<?xml version="1.0" encoding="UTF-8"?>
<alto xmlns="http://www.loc.gov/standards/alto/ns-v3#" xmlns:xlink="http://www.w3.org/1999/xlink" xmlns:xsi="http://www.w3.org/2001/XMLSchema-instance" xsi:schemaLocation="http://www.loc.gov/standards/alto/ns-v3# http://www.loc.gov/alto/v3/alto-3-0.xsd">
	<Description>
		<MeasurementUnit>pixel</MeasurementUnit>
		<sourceImageInformation>
			<fileName>/tmp/tess_i5dzpbvp_input.PNG</fileName>
		</sourceImageInformation>
		<OCRProcessing ID="OCR_0">
			<ocrProcessingStep>
				<processingSoftware>
					<softwareName>tesseract 5.3.4</softwareName>
				</processingSoftware>
			</ocrProcessingStep>
		</OCRProcessing>
	</Description>
	<Layout>
		<Page WIDTH="1095" HEIGHT="1773" PHYSICAL_IMG_NR="0" ID="page_0">
			<PrintSpace HPOS="0" VPOS="0" WIDTH="1095" HEIGHT="1773">
				<ComposedBlock ID="cblock_0" HPOS="375" VPOS="119" WIDTH="530" HEIGHT="31">
					<TextBlock ID="block_0" HPOS="375" VPOS="119" WIDTH="530" HEIGHT="31">
						<TextLine ID="line_0" HPOS="375" VPOS="119" WIDTH="530" HEIGHT="31">
							<String ID="string_0" HPOS="375" VPOS="119" WIDTH="241" HEIGHT="31" WC="0.89" CONTENT="Landtdagsarbetena."/><SP WIDTH="248" VPOS="119" HPOS="616"/>
							<String ID="string_1" HPOS="864" VPOS="121" WIDTH="41" HEIGHT="20" WC="0.96" CONTENT="407"/>
						</TextLine>
					</TextBlock>
				</ComposedBlock>
				<GraphicalElement ID="cblock_1" HPOS="79" VPOS="154" WIDTH="829" HEIGHT="4"></GraphicalElement >
				<ComposedBlock ID="cblock_2" HPOS="80" VPOS="194" WIDTH="827" HEIGHT="86">
					<TextBlock ID="block_1" HPOS="80" VPOS="194" WIDTH="827" HEIGHT="86">
						<TextLine ID="line_1" HPOS="81" VPOS="194" WIDTH="826" HEIGHT="28">
							<String ID="string_2" HPOS="81" VPOS="196" WIDTH="66" HEIGHT="26" WC="0.89" CONTENT="tigast"/><SP WIDTH="21" VPOS="196" HPOS="147"/>
							<String ID="string_3" HPOS="168" VPOS="196" WIDTH="32" HEIGHT="19" WC="0.95" CONTENT="att"/><SP WIDTH="22" VPOS="196" HPOS="200"/>
							<String ID="string_4" HPOS="222" VPOS="194" WIDTH="77" HEIGHT="22" WC="0.95" CONTENT="endast"/><SP WIDTH="20" VPOS="194" HPOS="299"/>
							<String ID="string_5" HPOS="319" VPOS="197" WIDTH="47" HEIGHT="18" WC="0.96" CONTENT="utse"/><SP WIDTH="22" VPOS="197" HPOS="366"/>
							<String ID="string_6" HPOS="388" VPOS="194" WIDTH="125" HEIGHT="28" WC="0.96" CONTENT="ytterligare"/><SP WIDTH="23" VPOS="194" HPOS="513"/>
							<String ID="string_7" HPOS="536" VPOS="194" WIDTH="144" HEIGHT="28" WC="0.96" CONTENT="suppleanter,"/><SP WIDTH="18" VPOS="194" HPOS="680"/>
							<String ID="string_8" HPOS="698" VPOS="194" WIDTH="24" HEIGHT="21" WC="0.93" CONTENT="så"/><SP WIDTH="15" VPOS="194" HPOS="722"/>
							<String ID="string_9" HPOS="737" VPOS="194" WIDTH="64" HEIGHT="21" WC="0.92" CONTENT="framt"/><SP WIDTH="16" VPOS="194" HPOS="801"/>
							<String ID="string_10" HPOS="817" VPOS="194" WIDTH="47" HEIGHT="22" WC="0.96" CONTENT="icke"/><SP WIDTH="16" VPOS="194" HPOS="864"/>
							<String ID="string_11" HPOS="880" VPOS="194" WIDTH="27" HEIGHT="21" WC="0.96" CONTENT="de"/>
						</TextLine>
						<TextLine ID="line_2" HPOS="80" VPOS="222" WIDTH="827" HEIGHT="29">
							<String ID="string_12" HPOS="80" VPOS="222" WIDTH="98" HEIGHT="22" WC="0.93" CONTENT="enskilda"/><SP WIDTH="15" VPOS="222" HPOS="178"/>
							<String ID="string_13" HPOS="193" VPOS="222" WIDTH="261" HEIGHT="22" WC="0.90" CONTENT="utskottsmedlemmarna"/><SP WIDTH="16" VPOS="222" HPOS="454"/>
							<String ID="string_14" HPOS="470" VPOS="223" WIDTH="107" HEIGHT="21" WC="0.96" CONTENT="bestämdt"/><SP WIDTH="9" VPOS="223" HPOS="577"/>
							<String ID="string_15" HPOS="586" VPOS="222" WIDTH="53" HEIGHT="29" WC="0.96" CONTENT="yrka"/><SP WIDTH="11" VPOS="222" HPOS="639"/>
							<String ID="string_16" HPOS="650" VPOS="222" WIDTH="28" HEIGHT="29" WC="0.96" CONTENT="på"/><SP WIDTH="11" VPOS="222" HPOS="678"/>
							<String ID="string_17" HPOS="689" VPOS="226" WIDTH="31" HEIGHT="18" WC="0.96" CONTENT="att"/><SP WIDTH="10" VPOS="226" HPOS="720"/>
							<String ID="string_18" HPOS="730" VPOS="222" WIDTH="67" HEIGHT="22" WC="0.96" CONTENT="blifva"/><SP WIDTH="12" VPOS="222" HPOS="797"/>
							<String ID="string_19" HPOS="809" VPOS="222" WIDTH="98" HEIGHT="22" WC="0.96" CONTENT="befriade"/>
						</TextLine>
						<TextLine ID="line_3" HPOS="80" VPOS="251" WIDTH="228" HEIGHT="29">
							<String ID="string_20" HPOS="80" VPOS="251" WIDTH="48" HEIGHT="21" WC="0.96" CONTENT="från"/><SP WIDTH="16" VPOS="251" HPOS="128"/>
							<String ID="string_21" HPOS="144" VPOS="252" WIDTH="47" HEIGHT="20" WC="0.96" CONTENT="sina"/><SP WIDTH="15" VPOS="252" HPOS="191"/>
							<String ID="string_22" HPOS="206" VPOS="251" WIDTH="102" HEIGHT="29" WC="0.96" CONTENT="uppdrag."/>
						</TextLine>
					</TextBlock>
				</ComposedBlock>
				<ComposedBlock ID="cblock_3" HPOS="78" VPOS="308" WIDTH="829" HEIGHT="773">
					<TextBlock ID="block_2" HPOS="78" VPOS="308" WIDTH="829" HEIGHT="773">
						<TextLine ID="line_4" HPOS="149" VPOS="308" WIDTH="758" HEIGHT="28">
							<String ID="string_23" HPOS="149" VPOS="308" WIDTH="33" HEIGHT="20" WC="0.95" CONTENT="Hr"/><SP WIDTH="23" VPOS="308" HPOS="182"/>
							<String ID="string_24" HPOS="205" VPOS="308" WIDTH="74" HEIGHT="28" WC="0.95" CONTENT="Georg"/><SP WIDTH="21" VPOS="308" HPOS="279"/>
							<String ID="string_25" HPOS="300" VPOS="315" WIDTH="55" HEIGHT="14" WC="0.96" CONTENT="von"/><SP WIDTH="24" VPOS="315" HPOS="355"/>
							<String ID="string_26" HPOS="379" VPOS="308" WIDTH="118" HEIGHT="21" WC="0.96" CONTENT="Wendt:"/><SP WIDTH="31" VPOS="308" HPOS="497"/>
							<String ID="string_27" HPOS="528" VPOS="308" WIDTH="42" HEIGHT="28" WC="0.96" CONTENT="Jag"/><SP WIDTH="24" VPOS="308" HPOS="570"/>
							<String ID="string_28" HPOS="594" VPOS="308" WIDTH="41" HEIGHT="21" WC="0.95" CONTENT="kan"/><SP WIDTH="16" VPOS="308" HPOS="635"/>
							<String ID="string_29" HPOS="651" VPOS="308" WIDTH="49" HEIGHT="22" WC="0.96" CONTENT="icke"/><SP WIDTH="14" VPOS="308" HPOS="700"/>
							<String ID="string_30" HPOS="714" VPOS="308" WIDTH="52" HEIGHT="28" WC="0.96" CONTENT="gilla"/><SP WIDTH="15" VPOS="308" HPOS="766"/>
							<String ID="string_31" HPOS="781" VPOS="308" WIDTH="36" HEIGHT="21" WC="0.96" CONTENT="det"/><SP WIDTH="16" VPOS="308" HPOS="817"/>
							<String ID="string_32" HPOS="833" VPOS="308" WIDTH="74" HEIGHT="25" WC="0.96" CONTENT="motiv,"/>
						</TextLine>
						<TextLine ID="line_5" HPOS="79" VPOS="336" WIDTH="827" HEIGHT="22">
							<String ID="string_33" HPOS="79" VPOS="344" WIDTH="46" HEIGHT="14" WC="0.95" CONTENT="som"/><SP WIDTH="24" VPOS="344" HPOS="125"/>
							<String ID="string_34" HPOS="149" VPOS="336" WIDTH="22" HEIGHT="21" WC="0.95" CONTENT="af"/><SP WIDTH="23" VPOS="336" HPOS="171"/>
							<String ID="string_35" HPOS="194" VPOS="344" WIDTH="25" HEIGHT="14" WC="0.95" CONTENT="en"/><SP WIDTH="24" VPOS="344" HPOS="219"/>
							<String ID="string_36" HPOS="243" VPOS="336" WIDTH="34" HEIGHT="21" WC="0.95" CONTENT="del"/><SP WIDTH="15" VPOS="336" HPOS="277"/>
							<String ID="string_37" HPOS="292" VPOS="336" WIDTH="67" HEIGHT="22" WC="0.96" CONTENT="talare"/><SP WIDTH="16" VPOS="336" HPOS="359"/>
							<String ID="string_38" HPOS="375" VPOS="336" WIDTH="38" HEIGHT="21" WC="0.96" CONTENT="har"/><SP WIDTH="15" VPOS="336" HPOS="413"/>
							<String ID="string_39" HPOS="428" VPOS="336" WIDTH="83" HEIGHT="22" WC="0.96" CONTENT="anförts"/><SP WIDTH="16" VPOS="336" HPOS="511"/>
							<String ID="string_40" HPOS="527" VPOS="336" WIDTH="34" HEIGHT="22" WC="0.96" CONTENT="för"/><SP WIDTH="16" VPOS="336" HPOS="561"/>
							<String ID="string_41" HPOS="577" VPOS="339" WIDTH="31" HEIGHT="19" WC="0.93" CONTENT="att"/><SP WIDTH="15" VPOS="339" HPOS="608"/>
							<String ID="string_42" HPOS="623" VPOS="336" WIDTH="25" HEIGHT="22" WC="0.89" CONTENT="R."/><SP WIDTH="16" VPOS="336" HPOS="648"/>
							<String ID="string_43" HPOS="664" VPOS="344" WIDTH="18" HEIGHT="14" WC="0.88" CONTENT="o."/><SP WIDTH="17" VPOS="344" HPOS="682"/>
							<String ID="string_44" HPOS="699" VPOS="337" WIDTH="25" HEIGHT="21" WC="0.89" CONTENT="A."/><SP WIDTH="16" VPOS="337" HPOS="724"/>
							<String ID="string_45" HPOS="740" VPOS="336" WIDTH="68" HEIGHT="22" WC="0.96" CONTENT="skulle"/><SP WIDTH="13" VPOS="336" HPOS="808"/>
							<String ID="string_46" HPOS="821" VPOS="336" WIDTH="85" HEIGHT="22" WC="0.96" CONTENT="besluta"/>
						</TextLine>
						<TextLine ID="line_6" HPOS="79" VPOS="364" WIDTH="828" HEIGHT="29">
							<String ID="string_47" HPOS="79" VPOS="366" WIDTH="34" HEIGHT="27" WC="0.95" CONTENT="sig"/><SP WIDTH="15" VPOS="366" HPOS="113"/>
							<String ID="string_48" HPOS="128" VPOS="365" WIDTH="31" HEIGHT="21" WC="0.95" CONTENT="till"/><SP WIDTH="16" VPOS="365" HPOS="159"/>
							<String ID="string_49" HPOS="175" VPOS="364" WIDTH="37" HEIGHT="22" WC="0.96" CONTENT="det"/><SP WIDTH="15" VPOS="364" HPOS="212"/>
							<String ID="string_50" HPOS="227" VPOS="365" WIDTH="156" HEIGHT="21" WC="0.95" CONTENT="förberedande"/><SP WIDTH="16" VPOS="365" HPOS="383"/>
							<String ID="string_51" HPOS="399" VPOS="365" WIDTH="80" HEIGHT="26" WC="0.96" CONTENT="arbete,"/><SP WIDTH="16" VPOS="365" HPOS="479"/>
							<String ID="string_52" HPOS="495" VPOS="372" WIDTH="45" HEIGHT="14" WC="0.96" CONTENT="som"/><SP WIDTH="16" VPOS="372" HPOS="540"/>
							<String ID="string_53" HPOS="556" VPOS="365" WIDTH="91" HEIGHT="21" WC="0.96" CONTENT="föreslås"/><SP WIDTH="16" VPOS="365" HPOS="647"/>
							<String ID="string_54" HPOS="663" VPOS="366" WIDTH="6" HEIGHT="20" WC="0.96" CONTENT="i"/><SP WIDTH="14" VPOS="366" HPOS="669"/>
							<String ID="string_55" HPOS="683" VPOS="364" WIDTH="147" HEIGHT="29" WC="0.93" CONTENT="föreliggande"/><SP WIDTH="11" VPOS="364" HPOS="830"/>
							<String ID="string_56" HPOS="841" VPOS="365" WIDTH="66" HEIGHT="21" WC="0.92" CONTENT="skrif-"/>
						</TextLine>
						<TextLine ID="line_7" HPOS="80" VPOS="393" WIDTH="826" HEIGHT="29">
							<String ID="string_57" HPOS="80" VPOS="394" WIDTH="67" HEIGHT="26" WC="0.92" CONTENT="velse;"/><SP WIDTH="24" VPOS="394" HPOS="147"/>
							<String ID="string_58" HPOS="171" VPOS="393" WIDTH="37" HEIGHT="21" WC="0.96" CONTENT="det"/><SP WIDTH="22" VPOS="393" HPOS="208"/>
							<String ID="string_59" HPOS="230" VPOS="394" WIDTH="66" HEIGHT="20" WC="0.96" CONTENT="motiv"/><SP WIDTH="24" VPOS="394" HPOS="296"/>
							<String ID="string_60" HPOS="320" VPOS="394" WIDTH="113" HEIGHT="27" WC="0.95" CONTENT="nämligen,"/><SP WIDTH="23" VPOS="394" HPOS="433"/>
							<String ID="string_61" HPOS="456" VPOS="397" WIDTH="31" HEIGHT="18" WC="0.96" CONTENT="att"/><SP WIDTH="22" VPOS="397" HPOS="487"/>
							<String ID="string_62" HPOS="509" VPOS="394" WIDTH="37" HEIGHT="21" WC="0.96" CONTENT="det"/><SP WIDTH="23" VPOS="394" HPOS="546"/>
							<String ID="string_63" HPOS="569" VPOS="401" WIDTH="51" HEIGHT="14" WC="0.96" CONTENT="vore"/><SP WIDTH="16" VPOS="401" HPOS="620"/>
							<String ID="string_64" HPOS="636" VPOS="394" WIDTH="41" HEIGHT="21" WC="0.97" CONTENT="den"/><SP WIDTH="16" VPOS="394" HPOS="677"/>
							<String ID="string_65" HPOS="693" VPOS="394" WIDTH="54" HEIGHT="20" WC="0.96" CONTENT="enda"/><SP WIDTH="15" VPOS="394" HPOS="747"/>
							<String ID="string_66" HPOS="762" VPOS="393" WIDTH="144" HEIGHT="29" WC="0.96" CONTENT="möjligheten,"/>
						</TextLine>
						<TextLine ID="line_8" HPOS="79" VPOS="422" WIDTH="827" HEIGHT="28">
							<String ID="string_67" HPOS="79" VPOS="422" WIDTH="69" HEIGHT="21" WC="0.96" CONTENT="under"/><SP WIDTH="21" VPOS="422" HPOS="148"/>
							<String ID="string_68" HPOS="169" VPOS="422" WIDTH="87" HEIGHT="22" WC="0.96" CONTENT="hvilken"/><SP WIDTH="24" VPOS="422" HPOS="256"/>
							<String ID="string_69" HPOS="280" VPOS="422" WIDTH="85" HEIGHT="28" WC="0.96" CONTENT="enighet"/><SP WIDTH="19" VPOS="422" HPOS="365"/>
							<String ID="string_70" HPOS="384" VPOS="422" WIDTH="91" HEIGHT="22" WC="0.96" CONTENT="stånden"/><SP WIDTH="24" VPOS="422" HPOS="475"/>
							<String ID="string_71" HPOS="499" VPOS="422" WIDTH="90" HEIGHT="22" WC="0.95" CONTENT="emellan"/><SP WIDTH="16" VPOS="422" HPOS="589"/>
							<String ID="string_72" HPOS="605" VPOS="422" WIDTH="69" HEIGHT="22" WC="0.96" CONTENT="skulle"/><SP WIDTH="16" VPOS="422" HPOS="674"/>
							<String ID="string_73" HPOS="690" VPOS="422" WIDTH="85" HEIGHT="21" WC="0.95" CONTENT="komma"/><SP WIDTH="14" VPOS="422" HPOS="775"/>
							<String ID="string_74" HPOS="789" VPOS="422" WIDTH="32" HEIGHT="21" WC="0.95" CONTENT="till"/><SP WIDTH="16" VPOS="422" HPOS="821"/>
							<String ID="string_75" HPOS="837" VPOS="422" WIDTH="69" HEIGHT="21" WC="0.96" CONTENT="stånd."/>
						</TextLine>
						<TextLine ID="line_9" HPOS="81" VPOS="450" WIDTH="825" HEIGHT="29">
							<String ID="string_76" HPOS="81" VPOS="450" WIDTH="30" HEIGHT="22" WC="0.96" CONTENT="Vi"/><SP WIDTH="23" VPOS="450" HPOS="111"/>
							<String ID="string_77" HPOS="134" VPOS="450" WIDTH="71" HEIGHT="22" WC="0.95" CONTENT="kunna"/><SP WIDTH="16" VPOS="450" HPOS="205"/>
							<String ID="string_78" HPOS="221" VPOS="451" WIDTH="47" HEIGHT="21" WC="0.95" CONTENT="icke"/><SP WIDTH="15" VPOS="451" HPOS="268"/>
							<String ID="string_79" HPOS="283" VPOS="459" WIDTH="65" HEIGHT="20" WC="0.96" CONTENT="gerna"/><SP WIDTH="15" VPOS="459" HPOS="348"/>
							<String ID="string_80" HPOS="363" VPOS="450" WIDTH="23" HEIGHT="23" WC="0.96" CONTENT="af"/><SP WIDTH="15" VPOS="450" HPOS="386"/>
							<String ID="string_81" HPOS="401" VPOS="451" WIDTH="138" HEIGHT="21" WC="0.96" CONTENT="medlemmar"/><SP WIDTH="14" VPOS="451" HPOS="539"/>
							<String ID="string_82" HPOS="553" VPOS="452" WIDTH="6" HEIGHT="20" WC="0.96" CONTENT="i"/><SP WIDTH="17" VPOS="452" HPOS="559"/>
							<String ID="string_83" HPOS="576" VPOS="451" WIDTH="58" HEIGHT="21" WC="0.96" CONTENT="detta"/><SP WIDTH="16" VPOS="451" HPOS="634"/>
							<String ID="string_84" HPOS="650" VPOS="451" WIDTH="62" HEIGHT="22" WC="0.96" CONTENT="stånd"/><SP WIDTH="17" VPOS="451" HPOS="712"/>
							<String ID="string_85" HPOS="729" VPOS="451" WIDTH="78" HEIGHT="27" WC="0.96" CONTENT="fordra,"/><SP WIDTH="15" VPOS="451" HPOS="807"/>
							<String ID="string_86" HPOS="822" VPOS="454" WIDTH="31" HEIGHT="18" WC="0.93" CONTENT="att"/><SP WIDTH="16" VPOS="454" HPOS="853"/>
							<String ID="string_87" HPOS="869" VPOS="450" WIDTH="37" HEIGHT="21" WC="0.92" CONTENT="de-"/>
						</TextLine>
						<TextLine ID="line_10" HPOS="79" VPOS="479" WIDTH="827" HEIGHT="29">
							<String ID="string_88" HPOS="79" VPOS="487" WIDTH="81" HEIGHT="14" WC="0.96" CONTENT="samma"/><SP WIDTH="16" VPOS="487" HPOS="160"/>
							<String ID="string_89" HPOS="176" VPOS="480" WIDTH="60" HEIGHT="21" WC="0.93" CONTENT="skola"/><SP WIDTH="16" VPOS="480" HPOS="236"/>
							<String ID="string_90" HPOS="252" VPOS="479" WIDTH="98" HEIGHT="22" WC="0.92" CONTENT="våldföra"/><SP WIDTH="17" VPOS="479" HPOS="350"/>
							<String ID="string_91" HPOS="367" VPOS="481" WIDTH="32" HEIGHT="26" WC="0.95" CONTENT="sig"/><SP WIDTH="17" VPOS="481" HPOS="399"/>
							<String ID="string_92" HPOS="416" VPOS="480" WIDTH="27" HEIGHT="28" WC="0.96" CONTENT="på"/><SP WIDTH="15" VPOS="480" HPOS="443"/>
							<String ID="string_93" HPOS="458" VPOS="481" WIDTH="32" HEIGHT="20" WC="0.93" CONTENT="sin"/><SP WIDTH="17" VPOS="481" HPOS="490"/>
							<String ID="string_94" HPOS="507" VPOS="480" WIDTH="144" HEIGHT="28" WC="0.91" CONTENT="öfvertygelse"/><SP WIDTH="16" VPOS="480" HPOS="651"/>
							<String ID="string_95" HPOS="667" VPOS="479" WIDTH="34" HEIGHT="22" WC="0.96" CONTENT="för"/><SP WIDTH="11" VPOS="479" HPOS="701"/>
							<String ID="string_96" HPOS="712" VPOS="479" WIDTH="95" HEIGHT="22" WC="0.96" CONTENT="enskilda"/><SP WIDTH="12" VPOS="479" HPOS="807"/>
							<String ID="string_97" HPOS="819" VPOS="479" WIDTH="87" HEIGHT="22" WC="0.96" CONTENT="orsaker"/>
						</TextLine>
						<TextLine ID="line_11" HPOS="79" VPOS="507" WIDTH="826" HEIGHT="30">
							<String ID="string_98" HPOS="79" VPOS="509" WIDTH="6" HEIGHT="20" WC="0.96" CONTENT="i"/><SP WIDTH="13" VPOS="509" HPOS="85"/>
							<String ID="string_99" HPOS="98" VPOS="516" WIDTH="25" HEIGHT="13" WC="0.96" CONTENT="en"/><SP WIDTH="17" VPOS="516" HPOS="123"/>
							<String ID="string_100" HPOS="140" VPOS="507" WIDTH="24" HEIGHT="22" WC="0.96" CONTENT="så"/><SP WIDTH="10" VPOS="507" HPOS="164"/>
							<String ID="string_101" HPOS="174" VPOS="508" WIDTH="96" HEIGHT="21" WC="0.96" CONTENT="kardinal"/><SP WIDTH="11" VPOS="508" HPOS="270"/>
							<String ID="string_102" HPOS="281" VPOS="509" WIDTH="38" HEIGHT="20" WC="0.96" CONTENT="sak"/><SP WIDTH="11" VPOS="509" HPOS="319"/>
							<String ID="string_103" HPOS="330" VPOS="516" WIDTH="45" HEIGHT="14" WC="0.96" CONTENT="som"/><SP WIDTH="12" VPOS="516" HPOS="375"/>
							<String ID="string_104" HPOS="387" VPOS="509" WIDTH="76" HEIGHT="20" WC="0.93" CONTENT="denna."/><SP WIDTH="28" VPOS="509" HPOS="463"/>
							<String ID="string_105" HPOS="491" VPOS="509" WIDTH="76" HEIGHT="21" WC="0.93" CONTENT="Sävidt"/><SP WIDTH="15" VPOS="509" HPOS="567"/>
							<String ID="string_106" HPOS="582" VPOS="509" WIDTH="35" HEIGHT="28" WC="0.96" CONTENT="jag"/><SP WIDTH="15" VPOS="509" HPOS="617"/>
							<String ID="string_107" HPOS="632" VPOS="509" WIDTH="109" HEIGHT="28" WC="0.96" CONTENT="uppfattat"/><SP WIDTH="15" VPOS="509" HPOS="741"/>
							<String ID="string_108" HPOS="756" VPOS="508" WIDTH="58" HEIGHT="21" WC="0.93" CONTENT="detta"/><SP WIDTH="16" VPOS="508" HPOS="814"/>
							<String ID="string_109" HPOS="830" VPOS="507" WIDTH="75" HEIGHT="22" WC="0.92" CONTENT="ständs"/>
						</TextLine>
						<TextLine ID="line_12" HPOS="81" VPOS="536" WIDTH="825" HEIGHT="29">
							<String ID="string_110" HPOS="81" VPOS="537" WIDTH="163" HEIGHT="28" WC="0.92" CONTENT="förbandlingar"/><SP WIDTH="14" VPOS="537" HPOS="244"/>
							<String ID="string_111" HPOS="258" VPOS="537" WIDTH="68" HEIGHT="21" WC="0.96" CONTENT="under"/><SP WIDTH="15" VPOS="537" HPOS="326"/>
							<String ID="string_112" HPOS="341" VPOS="537" WIDTH="41" HEIGHT="21" WC="0.96" CONTENT="den"/><SP WIDTH="17" VPOS="537" HPOS="382"/>
							<String ID="string_113" HPOS="399" VPOS="545" WIDTH="29" HEIGHT="13" WC="0.96" CONTENT="nu"/><SP WIDTH="16" VPOS="545" HPOS="428"/>
							<String ID="string_114" HPOS="444" VPOS="537" WIDTH="111" HEIGHT="28" WC="0.93" CONTENT="pågående"/><SP WIDTH="16" VPOS="537" HPOS="555"/>
							<String ID="string_115" HPOS="571" VPOS="537" WIDTH="136" HEIGHT="28" WC="0.91" CONTENT="landtdagen,"/><SP WIDTH="15" VPOS="537" HPOS="707"/>
							<String ID="string_116" HPOS="722" VPOS="537" WIDTH="24" HEIGHT="21" WC="0.96" CONTENT="så"/><SP WIDTH="15" VPOS="537" HPOS="746"/>
							<String ID="string_117" HPOS="761" VPOS="537" WIDTH="38" HEIGHT="21" WC="0.93" CONTENT="har"/><SP WIDTH="9" VPOS="537" HPOS="799"/>
							<String ID="string_118" HPOS="808" VPOS="536" WIDTH="98" HEIGHT="25" WC="0.91" CONTENT="Ståndet,"/>
						</TextLine>
						<TextLine ID="line_13" HPOS="79" VPOS="565" WIDTH="826" HEIGHT="28">
							<String ID="string_119" HPOS="79" VPOS="565" WIDTH="28" HEIGHT="21" WC="0.96" CONTENT="dä"/><SP WIDTH="16" VPOS="565" HPOS="107"/>
							<String ID="string_120" HPOS="123" VPOS="566" WIDTH="36" HEIGHT="21" WC="0.96" CONTENT="det"/><SP WIDTH="15" VPOS="566" HPOS="159"/>
							<String ID="string_121" HPOS="174" VPOS="573" WIDTH="26" HEIGHT="14" WC="0.96" CONTENT="en"/><SP WIDTH="16" VPOS="573" HPOS="200"/>
							<String ID="string_122" HPOS="216" VPOS="566" WIDTH="57" HEIGHT="27" WC="0.93" CONTENT="gång"/><SP WIDTH="15" VPOS="566" HPOS="273"/>
							<String ID="string_123" HPOS="288" VPOS="565" WIDTH="160" HEIGHT="27" WC="0.92" CONTENT="sammanträdt,"/><SP WIDTH="16" VPOS="565" HPOS="448"/>
							<String ID="string_124" HPOS="464" VPOS="565" WIDTH="87" HEIGHT="22" WC="0.92" CONTENT="beslutit"/><SP WIDTH="15" VPOS="565" HPOS="551"/>
							<String ID="string_125" HPOS="566" VPOS="569" WIDTH="32" HEIGHT="18" WC="0.96" CONTENT="att"/><SP WIDTH="15" VPOS="569" HPOS="598"/>
							<String ID="string_126" HPOS="613" VPOS="565" WIDTH="93" HEIGHT="22" WC="0.93" CONTENT="vidhålla"/><SP WIDTH="13" VPOS="565" HPOS="706"/>
							<String ID="string_127" HPOS="719" VPOS="565" WIDTH="24" HEIGHT="21" WC="0.96" CONTENT="L."/><SP WIDTH="11" VPOS="565" HPOS="743"/>
							<String ID="string_128" HPOS="754" VPOS="565" WIDTH="27" HEIGHT="22" WC="0.96" CONTENT="O."/><SP WIDTH="12" VPOS="565" HPOS="781"/>
							<String ID="string_129" HPOS="793" VPOS="565" WIDTH="40" HEIGHT="22" WC="0.96" CONTENT="och"/><SP WIDTH="11" VPOS="565" HPOS="833"/>
							<String ID="string_130" HPOS="844" VPOS="565" WIDTH="25" HEIGHT="22" WC="0.94" CONTENT="R."/><SP WIDTH="9" VPOS="565" HPOS="869"/>
							<String ID="string_131" HPOS="878" VPOS="565" WIDTH="27" HEIGHT="22" WC="0.94" CONTENT="O."/>
						</TextLine>
						<TextLine ID="line_14" HPOS="80" VPOS="594" WIDTH="825" HEIGHT="28">
							<String ID="string_132" HPOS="80" VPOS="595" WIDTH="6" HEIGHT="20" WC="0.96" CONTENT="i"/><SP WIDTH="17" VPOS="595" HPOS="86"/>
							<String ID="string_133" HPOS="103" VPOS="594" WIDTH="62" HEIGHT="21" WC="0.93" CONTENT="deras"/><SP WIDTH="16" VPOS="594" HPOS="165"/>
							<String ID="string_134" HPOS="181" VPOS="594" WIDTH="140" HEIGHT="21" WC="0.95" CONTENT="föreskrifter."/><SP WIDTH="30" VPOS="594" HPOS="321"/>
							<String ID="string_135" HPOS="351" VPOS="594" WIDTH="31" HEIGHT="23" WC="0.93" CONTENT="Vi"/><SP WIDTH="17" VPOS="594" HPOS="382"/>
							<String ID="string_136" HPOS="399" VPOS="594" WIDTH="65" HEIGHT="21" WC="0.96" CONTENT="hafva"/><SP WIDTH="19" VPOS="594" HPOS="464"/>
							<String ID="string_137" HPOS="483" VPOS="594" WIDTH="90" HEIGHT="21" WC="0.96" CONTENT="sålunda"/><SP WIDTH="16" VPOS="594" HPOS="573"/>
							<String ID="string_138" HPOS="589" VPOS="595" WIDTH="66" HEIGHT="27" WC="0.96" CONTENT="enligt"/><SP WIDTH="16" VPOS="595" HPOS="655"/>
							<String ID="string_139" HPOS="671" VPOS="596" WIDTH="27" HEIGHT="19" WC="0.92" CONTENT="53"/><SP WIDTH="16" VPOS="596" HPOS="698"/>
							<String ID="string_140" HPOS="714" VPOS="595" WIDTH="10" HEIGHT="25" WC="0.79" CONTENT="&amp;"/><SP WIDTH="17" VPOS="595" HPOS="724"/>
							<String ID="string_141" HPOS="741" VPOS="595" WIDTH="54" HEIGHT="20" WC="0.93" CONTENT="varit"/><SP WIDTH="14" VPOS="595" HPOS="795"/>
							<String ID="string_142" HPOS="809" VPOS="597" WIDTH="96" HEIGHT="25" WC="0.95" CONTENT="tvungna"/>
						</TextLine>
						<TextLine ID="line_15" HPOS="79" VPOS="623" WIDTH="826" HEIGHT="28">
							<String ID="string_143" HPOS="79" VPOS="626" WIDTH="32" HEIGHT="18" WC="0.92" CONTENT="att"/><SP WIDTH="22" VPOS="626" HPOS="111"/>
							<String ID="string_144" HPOS="133" VPOS="623" WIDTH="108" HEIGHT="21" WC="0.92" CONTENT="remittera"/><SP WIDTH="23" VPOS="623" HPOS="241"/>
							<String ID="string_145" HPOS="264" VPOS="623" WIDTH="77" HEIGHT="28" WC="0.91" CONTENT="nädiga"/><SP WIDTH="23" VPOS="623" HPOS="341"/>
							<String ID="string_146" HPOS="364" VPOS="624" WIDTH="158" HEIGHT="27" WC="0.91" CONTENT="propositioner"/><SP WIDTH="20" VPOS="624" HPOS="522"/>
							<String ID="string_147" HPOS="542" VPOS="623" WIDTH="33" HEIGHT="21" WC="0.93" CONTENT="till"/><SP WIDTH="23" VPOS="623" HPOS="575"/>
							<String ID="string_148" HPOS="598" VPOS="631" WIDTH="54" HEIGHT="20" WC="0.90" CONTENT="resp."/><SP WIDTH="19" VPOS="631" HPOS="652"/>
							<String ID="string_149" HPOS="671" VPOS="623" WIDTH="89" HEIGHT="26" WC="0.91" CONTENT="utskott,"/><SP WIDTH="22" VPOS="623" HPOS="760"/>
							<String ID="string_150" HPOS="782" VPOS="631" WIDTH="33" HEIGHT="13" WC="0.92" CONTENT="om"/><SP WIDTH="24" VPOS="631" HPOS="815"/>
							<String ID="string_151" HPOS="839" VPOS="623" WIDTH="66" HEIGHT="21" WC="0.92" CONTENT="ocksä"/>
						</TextLine>
						<TextLine ID="line_16" HPOS="80" VPOS="651" WIDTH="825" HEIGHT="26">
							<String ID="string_152" HPOS="80" VPOS="655" WIDTH="31" HEIGHT="18" WC="0.96" CONTENT="ett"/><SP WIDTH="18" VPOS="655" HPOS="111"/>
							<String ID="string_153" HPOS="129" VPOS="654" WIDTH="55" HEIGHT="18" WC="0.96" CONTENT="stort"/><SP WIDTH="22" VPOS="654" HPOS="184"/>
							<String ID="string_154" HPOS="206" VPOS="652" WIDTH="58" HEIGHT="21" WC="0.93" CONTENT="antal"/><SP WIDTH="16" VPOS="652" HPOS="264"/>
							<String ID="string_155" HPOS="280" VPOS="652" WIDTH="138" HEIGHT="21" WC="0.93" CONTENT="medlemmar"/><SP WIDTH="15" VPOS="652" HPOS="418"/>
							<String ID="string_156" HPOS="433" VPOS="653" WIDTH="6" HEIGHT="19" WC="0.94" CONTENT="i"/><SP WIDTH="17" VPOS="653" HPOS="439"/>
							<String ID="string_157" HPOS="456" VPOS="652" WIDTH="58" HEIGHT="21" WC="0.93" CONTENT="detta"/><SP WIDTH="16" VPOS="652" HPOS="514"/>
							<String ID="string_158" HPOS="530" VPOS="651" WIDTH="62" HEIGHT="22" WC="0.91" CONTENT="ständ"/><SP WIDTH="18" VPOS="651" HPOS="592"/>
							<String ID="string_159" HPOS="610" VPOS="652" WIDTH="33" HEIGHT="21" WC="0.93" CONTENT="väl"/><SP WIDTH="17" VPOS="652" HPOS="643"/>
							<String ID="string_160" HPOS="660" VPOS="651" WIDTH="65" HEIGHT="22" WC="0.91" CONTENT="hellre"/><SP WIDTH="16" VPOS="651" HPOS="725"/>
							<String ID="string_161" HPOS="741" VPOS="651" WIDTH="54" HEIGHT="22" WC="0.96" CONTENT="hade"/><SP WIDTH="16" VPOS="651" HPOS="795"/>
							<String ID="string_162" HPOS="811" VPOS="654" WIDTH="47" HEIGHT="23" WC="0.96" CONTENT="sett,"/><SP WIDTH="16" VPOS="654" HPOS="858"/>
							<String ID="string_163" HPOS="874" VPOS="654" WIDTH="31" HEIGHT="18" WC="0.96" CONTENT="att"/>
						</TextLine>
						<TextLine ID="line_17" HPOS="80" VPOS="679" WIDTH="825" HEIGHT="30">
							<String ID="string_164" HPOS="80" VPOS="688" WIDTH="26" HEIGHT="13" WC="0.93" CONTENT="en"/><SP WIDTH="17" VPOS="688" HPOS="106"/>
							<String ID="string_165" HPOS="123" VPOS="680" WIDTH="100" HEIGHT="21" WC="0.92" CONTENT="liknande"/><SP WIDTH="16" VPOS="680" HPOS="223"/>
							<String ID="string_166" HPOS="239" VPOS="681" WIDTH="74" HEIGHT="20" WC="0.90" CONTENT="remiss"/><SP WIDTH="16" VPOS="681" HPOS="313"/>
							<String ID="string_167" HPOS="329" VPOS="681" WIDTH="18" HEIGHT="28" WC="0.92" CONTENT="ej"/><SP WIDTH="17" VPOS="681" HPOS="347"/>
							<String ID="string_168" HPOS="364" VPOS="680" WIDTH="166" HEIGHT="28" WC="0.91" CONTENT="ifrägakommit."/><SP WIDTH="24" VPOS="680" HPOS="530"/>
							<String ID="string_169" HPOS="554" VPOS="680" WIDTH="29" HEIGHT="22" WC="0.93" CONTENT="Vi"/><SP WIDTH="17" VPOS="680" HPOS="583"/>
							<String ID="string_170" HPOS="600" VPOS="680" WIDTH="65" HEIGHT="21" WC="0.92" CONTENT="hafva"/><SP WIDTH="15" VPOS="680" HPOS="665"/>
							<String ID="string_171" HPOS="680" VPOS="687" WIDTH="76" HEIGHT="21" WC="0.92" CONTENT="genom"/><SP WIDTH="17" VPOS="687" HPOS="756"/>
							<String ID="string_172" HPOS="773" VPOS="679" WIDTH="46" HEIGHT="22" WC="0.92" CONTENT="värt"/><SP WIDTH="16" VPOS="679" HPOS="819"/>
							<String ID="string_173" HPOS="835" VPOS="679" WIDTH="70" HEIGHT="22" WC="0.96" CONTENT="beslut"/>
						</TextLine>
						<TextLine ID="line_18" HPOS="79" VPOS="708" WIDTH="826" HEIGHT="29">
							<String ID="string_174" HPOS="79" VPOS="708" WIDTH="111" HEIGHT="29" WC="0.92" CONTENT="angående"/><SP WIDTH="24" VPOS="708" HPOS="190"/>
							<String ID="string_175" HPOS="214" VPOS="709" WIDTH="117" HEIGHT="28" WC="0.86" CONTENT="bevillning"/><SP WIDTH="18" VPOS="709" HPOS="331"/>
							<String ID="string_176" HPOS="349" VPOS="709" WIDTH="66" HEIGHT="28" WC="0.93" CONTENT="gifvit"/><SP WIDTH="16" VPOS="709" HPOS="415"/>
							<String ID="string_177" HPOS="431" VPOS="709" WIDTH="35" HEIGHT="21" WC="0.93" CONTENT="vid"/><SP WIDTH="18" VPOS="709" HPOS="466"/>
							<String ID="string_178" HPOS="484" VPOS="709" WIDTH="83" HEIGHT="21" WC="0.96" CONTENT="handen"/><SP WIDTH="17" VPOS="709" HPOS="567"/>
							<String ID="string_179" HPOS="584" VPOS="712" WIDTH="31" HEIGHT="18" WC="0.96" CONTENT="att"/><SP WIDTH="15" VPOS="712" HPOS="615"/>
							<String ID="string_180" HPOS="630" VPOS="709" WIDTH="28" HEIGHT="26" WC="0.96" CONTENT="vi,"/><SP WIDTH="15" VPOS="709" HPOS="658"/>
							<String ID="string_181" HPOS="673" VPOS="711" WIDTH="38" HEIGHT="18" WC="0.93" CONTENT="när"/><SP WIDTH="15" VPOS="711" HPOS="711"/>
							<String ID="string_182" HPOS="726" VPOS="708" WIDTH="111" HEIGHT="28" WC="0.93" CONTENT="frägornas"/><SP WIDTH="15" VPOS="708" HPOS="837"/>
							<String ID="string_183" HPOS="852" VPOS="708" WIDTH="53" HEIGHT="21" WC="0.92" CONTENT="slut-"/>
						</TextLine>
						<TextLine ID="line_19" HPOS="80" VPOS="737" WIDTH="824" HEIGHT="29">
							<String ID="string_184" HPOS="80" VPOS="738" WIDTH="43" HEIGHT="27" WC="0.93" CONTENT="liga"/><SP WIDTH="20" VPOS="738" HPOS="123"/>
							<String ID="string_185" HPOS="143" VPOS="737" WIDTH="117" HEIGHT="28" WC="0.92" CONTENT="afgörande"/><SP WIDTH="16" VPOS="737" HPOS="260"/>
							<String ID="string_186" HPOS="276" VPOS="741" WIDTH="82" HEIGHT="18" WC="0.91" CONTENT="ensamt"/><SP WIDTH="16" VPOS="741" HPOS="358"/>
							<String ID="string_187" HPOS="374" VPOS="737" WIDTH="125" HEIGHT="22" WC="0.91" CONTENT="ankommer"/><SP WIDTH="15" VPOS="737" HPOS="499"/>
							<String ID="string_188" HPOS="514" VPOS="737" WIDTH="27" HEIGHT="28" WC="0.95" CONTENT="pä"/><SP WIDTH="15" VPOS="737" HPOS="541"/>
							<String ID="string_189" HPOS="556" VPOS="745" WIDTH="42" HEIGHT="16" WC="0.95" CONTENT="oss,"/><SP WIDTH="16" VPOS="745" HPOS="598"/>
							<String ID="string_190" HPOS="614" VPOS="737" WIDTH="50" HEIGHT="29" WC="0.93" CONTENT="vilja"/><SP WIDTH="15" VPOS="737" HPOS="664"/>
							<String ID="string_191" HPOS="679" VPOS="737" WIDTH="29" HEIGHT="28" WC="0.91" CONTENT="gä"/><SP WIDTH="14" VPOS="737" HPOS="708"/>
							<String ID="string_192" HPOS="722" VPOS="737" WIDTH="134" HEIGHT="28" WC="0.96" CONTENT="Regeringen"/><SP WIDTH="17" VPOS="737" HPOS="856"/>
							<String ID="string_193" HPOS="873" VPOS="737" WIDTH="31" HEIGHT="20" WC="0.95" CONTENT="till"/>
						</TextLine>
						<TextLine ID="line_20" HPOS="79" VPOS="765" WIDTH="825" HEIGHT="29">
							<String ID="string_194" HPOS="79" VPOS="767" WIDTH="74" HEIGHT="25" WC="0.92" CONTENT="mötes,"/><SP WIDTH="21" VPOS="767" HPOS="153"/>
							<String ID="string_195" HPOS="174" VPOS="773" WIDTH="48" HEIGHT="14" WC="0.96" CONTENT="men"/><SP WIDTH="16" VPOS="773" HPOS="222"/>
							<String ID="string_196" HPOS="238" VPOS="766" WIDTH="60" HEIGHT="21" WC="0.96" CONTENT="skola"/><SP WIDTH="16" VPOS="766" HPOS="298"/>
							<String ID="string_197" HPOS="314" VPOS="767" WIDTH="20" HEIGHT="20" WC="0.96" CONTENT="vi"/><SP WIDTH="17" VPOS="767" HPOS="334"/>
							<String ID="string_198" HPOS="351" VPOS="773" WIDTH="50" HEIGHT="14" WC="0.93" CONTENT="vara"/><SP WIDTH="17" VPOS="773" HPOS="401"/>
							<String ID="string_199" HPOS="418" VPOS="766" WIDTH="147" HEIGHT="28" WC="0.92" CONTENT="konsegventa"/><SP WIDTH="17" VPOS="766" HPOS="565"/>
							<String ID="string_200" HPOS="582" VPOS="767" WIDTH="4" HEIGHT="20" WC="0.93" CONTENT="i"/><SP WIDTH="18" VPOS="767" HPOS="586"/>
							<String ID="string_201" HPOS="604" VPOS="766" WIDTH="48" HEIGHT="21" WC="0.92" CONTENT="värt"/><SP WIDTH="15" VPOS="766" HPOS="652"/>
							<String ID="string_202" HPOS="667" VPOS="765" WIDTH="162" HEIGHT="28" WC="0.88" CONTENT="handlingssätt,"/><SP WIDTH="15" VPOS="765" HPOS="829"/>
							<String ID="string_203" HPOS="844" VPOS="765" WIDTH="23" HEIGHT="21" WC="0.92" CONTENT="fä"/><SP WIDTH="17" VPOS="765" HPOS="867"/>
							<String ID="string_204" HPOS="884" VPOS="767" WIDTH="20" HEIGHT="19" WC="0.96" CONTENT="vi"/>
						</TextLine>
						<TextLine ID="line_21" HPOS="80" VPOS="795" WIDTH="824" HEIGHT="28">
							<String ID="string_205" HPOS="80" VPOS="796" WIDTH="5" HEIGHT="19" WC="0.93" CONTENT="i"/><SP WIDTH="24" VPOS="796" HPOS="85"/>
							<String ID="string_206" HPOS="109" VPOS="795" WIDTH="53" HEIGHT="21" WC="0.96" CONTENT="intet"/><SP WIDTH="23" VPOS="795" HPOS="162"/>
							<String ID="string_207" HPOS="185" VPOS="795" WIDTH="38" HEIGHT="20" WC="0.93" CONTENT="fall"/><SP WIDTH="23" VPOS="795" HPOS="223"/>
							<String ID="string_208" HPOS="246" VPOS="795" WIDTH="27" HEIGHT="28" WC="0.96" CONTENT="gå"/><SP WIDTH="23" VPOS="795" HPOS="273"/>
							<String ID="string_209" HPOS="296" VPOS="795" WIDTH="72" HEIGHT="28" WC="0.96" CONTENT="längre"/><SP WIDTH="23" VPOS="795" HPOS="368"/>
							<String ID="string_210" HPOS="391" VPOS="797" WIDTH="27" HEIGHT="18" WC="0.93" CONTENT="än"/><SP WIDTH="24" VPOS="797" HPOS="418"/>
							<String ID="string_211" HPOS="442" VPOS="795" WIDTH="86" HEIGHT="21" WC="0.92" CONTENT="derhän."/><SP WIDTH="32" VPOS="795" HPOS="528"/>
							<String ID="string_212" HPOS="560" VPOS="795" WIDTH="23" HEIGHT="21" WC="0.91" CONTENT="L."/><SP WIDTH="16" VPOS="795" HPOS="583"/>
							<String ID="string_213" HPOS="599" VPOS="795" WIDTH="39" HEIGHT="21" WC="0.91" CONTENT="O:s"/><SP WIDTH="16" VPOS="795" HPOS="638"/>
							<String ID="string_214" HPOS="654" VPOS="795" WIDTH="28" HEIGHT="21" WC="0.93" CONTENT="39"/><SP WIDTH="16" VPOS="795" HPOS="682"/>
							<String ID="string_215" HPOS="698" VPOS="795" WIDTH="10" HEIGHT="28" WC="0.89" CONTENT="$"/><SP WIDTH="16" VPOS="795" HPOS="708"/>
							<String ID="string_216" HPOS="724" VPOS="795" WIDTH="38" HEIGHT="20" WC="0.96" CONTENT="har"/><SP WIDTH="14" VPOS="795" HPOS="762"/>
							<String ID="string_217" HPOS="776" VPOS="802" WIDTH="44" HEIGHT="13" WC="0.96" CONTENT="mer"/><SP WIDTH="15" VPOS="802" HPOS="820"/>
							<String ID="string_218" HPOS="835" VPOS="795" WIDTH="27" HEIGHT="20" WC="0.96" CONTENT="än"/><SP WIDTH="17" VPOS="795" HPOS="862"/>
							<String ID="string_219" HPOS="879" VPOS="802" WIDTH="25" HEIGHT="13" WC="0.96" CONTENT="en"/>
						</TextLine>
						<TextLine ID="line_22" HPOS="78" VPOS="823" WIDTH="828" HEIGHT="28">
							<String ID="string_220" HPOS="78" VPOS="823" WIDTH="58" HEIGHT="28" WC="0.96" CONTENT="gång"/><SP WIDTH="23" VPOS="823" HPOS="136"/>
							<String ID="string_221" HPOS="159" VPOS="823" WIDTH="73" HEIGHT="21" WC="0.95" CONTENT="blifvit"/><SP WIDTH="15" VPOS="823" HPOS="232"/>
							<String ID="string_222" HPOS="247" VPOS="823" WIDTH="86" HEIGHT="26" WC="0.95" CONTENT="citerad,"/><SP WIDTH="16" VPOS="823" HPOS="333"/>
							<String ID="string_223" HPOS="349" VPOS="831" WIDTH="48" HEIGHT="13" WC="0.96" CONTENT="men"/><SP WIDTH="17" VPOS="831" HPOS="397"/>
							<String ID="string_224" HPOS="414" VPOS="831" WIDTH="44" HEIGHT="13" WC="0.96" CONTENT="mer"/><SP WIDTH="15" VPOS="831" HPOS="458"/>
							<String ID="string_225" HPOS="473" VPOS="825" WIDTH="26" HEIGHT="19" WC="0.96" CONTENT="än"/><SP WIDTH="18" VPOS="825" HPOS="499"/>
							<String ID="string_226" HPOS="517" VPOS="831" WIDTH="24" HEIGHT="14" WC="0.93" CONTENT="en"/><SP WIDTH="16" VPOS="831" HPOS="541"/>
							<String ID="string_227" HPOS="557" VPOS="823" WIDTH="57" HEIGHT="28" WC="0.96" CONTENT="gång"/><SP WIDTH="15" VPOS="823" HPOS="614"/>
							<String ID="string_228" HPOS="629" VPOS="823" WIDTH="91" HEIGHT="28" WC="0.96" CONTENT="tidigare"/><SP WIDTH="16" VPOS="823" HPOS="720"/>
							<String ID="string_229" HPOS="736" VPOS="823" WIDTH="37" HEIGHT="21" WC="0.96" CONTENT="har"/><SP WIDTH="15" VPOS="823" HPOS="773"/>
							<String ID="string_230" HPOS="788" VPOS="823" WIDTH="36" HEIGHT="21" WC="0.93" CONTENT="det"/><SP WIDTH="15" VPOS="823" HPOS="824"/>
							<String ID="string_231" HPOS="839" VPOS="826" WIDTH="67" HEIGHT="24" WC="0.96" CONTENT="sagts,"/>
						</TextLine>
						<TextLine ID="line_23" HPOS="79" VPOS="851" WIDTH="826" HEIGHT="28">
							<String ID="string_232" HPOS="79" VPOS="855" WIDTH="31" HEIGHT="18" WC="0.88" CONTENT="att"/><SP WIDTH="23" VPOS="855" HPOS="110"/>
							<String ID="string_233" HPOS="133" VPOS="852" WIDTH="37" HEIGHT="21" WC="0.93" CONTENT="vid"/><SP WIDTH="20" VPOS="852" HPOS="170"/>
							<String ID="string_234" HPOS="190" VPOS="852" WIDTH="121" HEIGHT="27" WC="0.91" CONTENT="flerfaldiga"/><SP WIDTH="16" VPOS="852" HPOS="311"/>
							<String ID="string_235" HPOS="327" VPOS="852" WIDTH="91" HEIGHT="27" WC="0.93" CONTENT="tidigare"/><SP WIDTH="15" VPOS="852" HPOS="418"/>
							<String ID="string_236" HPOS="433" VPOS="852" WIDTH="99" HEIGHT="21" WC="0.88" CONTENT="tillfällen"/><SP WIDTH="17" VPOS="852" HPOS="532"/>
							<String ID="string_237" HPOS="549" VPOS="859" WIDTH="48" HEIGHT="14" WC="0.96" CONTENT="man"/><SP WIDTH="16" VPOS="859" HPOS="597"/>
							<String ID="string_238" HPOS="613" VPOS="851" WIDTH="38" HEIGHT="22" WC="0.93" CONTENT="har"/><SP WIDTH="16" VPOS="851" HPOS="651"/>
							<String ID="string_239" HPOS="667" VPOS="852" WIDTH="78" HEIGHT="21" WC="0.90" CONTENT="lemnat"/><SP WIDTH="15" VPOS="852" HPOS="745"/>
							<String ID="string_240" HPOS="760" VPOS="851" WIDTH="92" HEIGHT="21" WC="0.92" CONTENT="ärenden"/><SP WIDTH="17" VPOS="851" HPOS="852"/>
							<String ID="string_241" HPOS="869" VPOS="851" WIDTH="36" HEIGHT="21" WC="0.90" CONTENT="be-"/>
						</TextLine>
						<TextLine ID="line_24" HPOS="80" VPOS="879" WIDTH="825" HEIGHT="28">
							<String ID="string_242" HPOS="80" VPOS="880" WIDTH="79" HEIGHT="22" WC="0.91" CONTENT="roende"/><SP WIDTH="24" VPOS="880" HPOS="159"/>
							<String ID="string_243" HPOS="183" VPOS="881" WIDTH="43" HEIGHT="21" WC="0.94" CONTENT="tills"/><SP WIDTH="24" VPOS="881" HPOS="226"/>
							<String ID="string_244" HPOS="250" VPOS="881" WIDTH="65" HEIGHT="21" WC="0.93" CONTENT="andra"/><SP WIDTH="24" VPOS="881" HPOS="315"/>
							<String ID="string_245" HPOS="339" VPOS="880" WIDTH="100" HEIGHT="27" WC="0.90" CONTENT="ärenden,"/><SP WIDTH="24" VPOS="880" HPOS="439"/>
							<String ID="string_246" HPOS="463" VPOS="880" WIDTH="72" HEIGHT="22" WC="0.92" CONTENT="hvilka"/><SP WIDTH="19" VPOS="880" HPOS="535"/>
							<String ID="string_247" HPOS="554" VPOS="881" WIDTH="88" HEIGHT="21" WC="0.93" CONTENT="inverka"/><SP WIDTH="32" VPOS="881" HPOS="642"/>
							<String ID="string_248" HPOS="674" VPOS="881" WIDTH="12" HEIGHT="21" WC="0.96" CONTENT="pä"/><SP WIDTH="15" VPOS="881" HPOS="686"/>
							<String ID="string_249" HPOS="701" VPOS="880" WIDTH="69" HEIGHT="26" WC="0.93" CONTENT="dessa,"/><SP WIDTH="15" VPOS="880" HPOS="770"/>
							<String ID="string_250" HPOS="785" VPOS="879" WIDTH="72" HEIGHT="22" WC="0.93" CONTENT="blifvit"/><SP WIDTH="16" VPOS="879" HPOS="857"/>
							<String ID="string_251" HPOS="873" VPOS="880" WIDTH="32" HEIGHT="21" WC="0.92" CONTENT="af-"/>
						</TextLine>
						<TextLine ID="line_25" HPOS="78" VPOS="908" WIDTH="825" HEIGHT="30">
							<String ID="string_252" HPOS="78" VPOS="909" WIDTH="80" HEIGHT="29" WC="0.93" CONTENT="gjorda,"/><SP WIDTH="24" VPOS="909" HPOS="158"/>
							<String ID="string_253" HPOS="182" VPOS="909" WIDTH="41" HEIGHT="21" WC="0.96" CONTENT="och"/><SP WIDTH="22" VPOS="909" HPOS="223"/>
							<String ID="string_254" HPOS="245" VPOS="910" WIDTH="35" HEIGHT="28" WC="0.96" CONTENT="jag"/><SP WIDTH="15" VPOS="910" HPOS="280"/>
							<String ID="string_255" HPOS="295" VPOS="910" WIDTH="68" HEIGHT="21" WC="0.93" CONTENT="skulle"/><SP WIDTH="16" VPOS="910" HPOS="363"/>
							<String ID="string_256" HPOS="379" VPOS="910" WIDTH="85" HEIGHT="25" WC="0.93" CONTENT="föreslä,"/><SP WIDTH="16" VPOS="910" HPOS="464"/>
							<String ID="string_257" HPOS="480" VPOS="913" WIDTH="31" HEIGHT="17" WC="0.96" CONTENT="att"/><SP WIDTH="15" VPOS="913" HPOS="511"/>
							<String ID="string_258" HPOS="526" VPOS="910" WIDTH="59" HEIGHT="20" WC="0.93" CONTENT="detta"/><SP WIDTH="16" VPOS="910" HPOS="585"/>
							<String ID="string_259" HPOS="601" VPOS="910" WIDTH="47" HEIGHT="20" WC="0.92" CONTENT="ständ"/><SP WIDTH="32" VPOS="910" HPOS="648"/>
							<String ID="string_260" HPOS="680" VPOS="910" WIDTH="31" HEIGHT="20" WC="0.96" CONTENT="till"/><SP WIDTH="17" VPOS="910" HPOS="711"/>
							<String ID="string_261" HPOS="728" VPOS="909" WIDTH="85" HEIGHT="27" WC="0.96" CONTENT="ledning"/><SP WIDTH="13" VPOS="909" HPOS="813"/>
							<String ID="string_262" HPOS="826" VPOS="908" WIDTH="34" HEIGHT="21" WC="0.93" CONTENT="för"/><SP WIDTH="11" VPOS="908" HPOS="860"/>
							<String ID="string_263" HPOS="871" VPOS="913" WIDTH="32" HEIGHT="17" WC="0.92" CONTENT="ut-"/>
						</TextLine>
						<TextLine ID="line_26" HPOS="79" VPOS="937" WIDTH="824" HEIGHT="29">
							<String ID="string_264" HPOS="79" VPOS="938" WIDTH="98" HEIGHT="21" WC="0.46" CONTENT="skottens"/><SP WIDTH="29" VPOS="938" HPOS="177"/>
							<String ID="string_265" HPOS="206" VPOS="938" WIDTH="160" HEIGHT="28" WC="0.46" CONTENT=" handlingssätt"/><SP WIDTH="24" VPOS="938" HPOS="366"/>
							<String ID="string_266" HPOS="390" VPOS="938" WIDTH="69" HEIGHT="21" WC="0.93" CONTENT="skulle"/><SP WIDTH="27" VPOS="938" HPOS="459"/>
							<String ID="string_267" HPOS="486" VPOS="938" WIDTH="82" HEIGHT="21" WC="0.94" CONTENT="besluta"/><SP WIDTH="25" VPOS="938" HPOS="568"/>
							<String ID="string_268" HPOS="593" VPOS="941" WIDTH="31" HEIGHT="18" WC="0.92" CONTENT="att"/><SP WIDTH="26" VPOS="941" HPOS="624"/>
							<String ID="string_269" HPOS="650" VPOS="938" WIDTH="47" HEIGHT="21" WC="0.92" CONTENT="icke"/><SP WIDTH="26" VPOS="938" HPOS="697"/>
							<String ID="string_270" HPOS="723" VPOS="941" WIDTH="91" HEIGHT="25" WC="0.92" CONTENT="upptaga"/><SP WIDTH="26" VPOS="941" HPOS="814"/>
							<String ID="string_271" HPOS="840" VPOS="937" WIDTH="63" HEIGHT="28" WC="0.96" CONTENT="något"/>
						</TextLine>
						<TextLine ID="line_27" HPOS="80" VPOS="966" WIDTH="824" HEIGHT="29">
							<String ID="string_272" HPOS="80" VPOS="966" WIDTH="79" HEIGHT="21" WC="0.96" CONTENT="ärende"/><SP WIDTH="25" VPOS="966" HPOS="159"/>
							<String ID="string_273" HPOS="184" VPOS="966" WIDTH="32" HEIGHT="22" WC="0.94" CONTENT="till"/><SP WIDTH="16" VPOS="966" HPOS="216"/>
							<String ID="string_274" HPOS="232" VPOS="966" WIDTH="130" HEIGHT="29" WC="0.96" CONTENT="behandling"/><SP WIDTH="16" VPOS="966" HPOS="362"/>
							<String ID="string_275" HPOS="378" VPOS="966" WIDTH="52" HEIGHT="22" WC="0.93" CONTENT="eller"/><SP WIDTH="15" VPOS="966" HPOS="430"/>
							<String ID="string_276" HPOS="445" VPOS="966" WIDTH="118" HEIGHT="28" WC="0.92" CONTENT="afgörande"/><SP WIDTH="15" VPOS="966" HPOS="563"/>
							<String ID="string_277" HPOS="578" VPOS="966" WIDTH="72" HEIGHT="22" WC="0.96" CONTENT="förrän"/><SP WIDTH="16" VPOS="966" HPOS="650"/>
							<String ID="string_278" HPOS="666" VPOS="974" WIDTH="50" HEIGHT="14" WC="0.96" CONTENT="svar"/><SP WIDTH="16" VPOS="974" HPOS="716"/>
							<String ID="string_279" HPOS="732" VPOS="974" WIDTH="26" HEIGHT="20" WC="0.93" CONTENT="pä"/><SP WIDTH="16" VPOS="974" HPOS="758"/>
							<String ID="string_280" HPOS="774" VPOS="966" WIDTH="130" HEIGHT="21" WC="0.83" CONTENT="Ständernas"/>
						</TextLine>
						<TextLine ID="line_28" HPOS="79" VPOS="994" WIDTH="826" HEIGHT="29">
							<String ID="string_281" HPOS="79" VPOS="998" WIDTH="58" HEIGHT="18" WC="0.90" CONTENT="stora"/><SP WIDTH="22" VPOS="998" HPOS="137"/>
							<String ID="string_282" HPOS="159" VPOS="996" WIDTH="91" HEIGHT="27" WC="0.90" CONTENT="petition"/><SP WIDTH="24" VPOS="996" HPOS="250"/>
							<String ID="string_283" HPOS="274" VPOS="996" WIDTH="122" HEIGHT="21" WC="0.92" CONTENT="ankommit."/><SP WIDTH="30" VPOS="996" HPOS="396"/>
							<String ID="string_284" HPOS="426" VPOS="995" WIDTH="67" HEIGHT="21" WC="0.93" CONTENT="Detta"/><SP WIDTH="15" VPOS="995" HPOS="493"/>
							<String ID="string_285" HPOS="508" VPOS="1002" WIDTH="51" HEIGHT="14" WC="0.93" CONTENT="vore"/><SP WIDTH="16" VPOS="1002" HPOS="559"/>
							<String ID="string_286" HPOS="575" VPOS="995" WIDTH="67" HEIGHT="28" WC="0.96" CONTENT="enligt"/><SP WIDTH="15" VPOS="995" HPOS="642"/>
							<String ID="string_287" HPOS="657" VPOS="996" WIDTH="47" HEIGHT="20" WC="0.93" CONTENT="mitt"/><SP WIDTH="15" VPOS="996" HPOS="704"/>
							<String ID="string_288" HPOS="719" VPOS="994" WIDTH="139" HEIGHT="22" WC="0.92" CONTENT="förmenande"/><SP WIDTH="16" VPOS="994" HPOS="858"/>
							<String ID="string_289" HPOS="874" VPOS="997" WIDTH="31" HEIGHT="18" WC="0.96" CONTENT="ett"/>
						</TextLine>
						<TextLine ID="line_29" HPOS="79" VPOS="1023" WIDTH="825" HEIGHT="29">
							<String ID="string_290" HPOS="79" VPOS="1023" WIDTH="135" HEIGHT="28" WC="0.92" CONTENT="konsegvent"/><SP WIDTH="22" VPOS="1023" HPOS="214"/>
							<String ID="string_291" HPOS="236" VPOS="1024" WIDTH="158" HEIGHT="28" WC="0.91" CONTENT="handlingssätt"/><SP WIDTH="22" VPOS="1024" HPOS="394"/>
							<String ID="string_292" HPOS="416" VPOS="1024" WIDTH="41" HEIGHT="21" WC="0.93" CONTENT="och"/><SP WIDTH="24" VPOS="1024" HPOS="457"/>
							<String ID="string_293" HPOS="481" VPOS="1024" WIDTH="66" HEIGHT="20" WC="0.92" CONTENT="tillika"/><SP WIDTH="22" VPOS="1024" HPOS="547"/>
							<String ID="string_294" HPOS="569" VPOS="1023" WIDTH="68" HEIGHT="22" WC="0.96" CONTENT="skulle"/><SP WIDTH="24" VPOS="1023" HPOS="637"/>
							<String ID="string_295" HPOS="661" VPOS="1024" WIDTH="37" HEIGHT="20" WC="0.93" CONTENT="det"/><SP WIDTH="22" VPOS="1024" HPOS="698"/>
							<String ID="string_296" HPOS="720" VPOS="1024" WIDTH="59" HEIGHT="27" WC="0.92" CONTENT="gifva"/><SP WIDTH="15" VPOS="1024" HPOS="779"/>
							<String ID="string_297" HPOS="794" VPOS="1023" WIDTH="110" HEIGHT="21" WC="0.92" CONTENT="utskotten"/>
						</TextLine>
						<TextLine ID="line_30" HPOS="79" VPOS="1052" WIDTH="413" HEIGHT="29">
							<String ID="string_298" HPOS="79" VPOS="1052" WIDTH="66" HEIGHT="21" WC="0.96" CONTENT="frihet"/><SP WIDTH="11" VPOS="1052" HPOS="145"/>
							<String ID="string_299" HPOS="156" VPOS="1055" WIDTH="30" HEIGHT="18" WC="0.93" CONTENT="att"/><SP WIDTH="16" VPOS="1055" HPOS="186"/>
							<String ID="string_300" HPOS="202" VPOS="1052" WIDTH="132" HEIGHT="29" WC="0.91" CONTENT="preliminärt"/><SP WIDTH="14" VPOS="1052" HPOS="334"/>
							<String ID="string_301" HPOS="348" VPOS="1052" WIDTH="144" HEIGHT="21" WC="0.92" CONTENT="funktionera."/>
						</TextLine>
					</TextBlock>
				</ComposedBlock>
				<ComposedBlock ID="cblock_4" HPOS="77" VPOS="1108" WIDTH="829" HEIGHT="428">
					<TextBlock ID="block_3" HPOS="77" VPOS="1108" WIDTH="829" HEIGHT="428">
						<TextLine ID="line_31" HPOS="148" VPOS="1108" WIDTH="757" HEIGHT="22">
							<String ID="string_302" HPOS="148" VPOS="1108" WIDTH="58" HEIGHT="22" WC="0.91" CONTENT="Frih."/><SP WIDTH="15" VPOS="1108" HPOS="206"/>
							<String ID="string_303" HPOS="221" VPOS="1109" WIDTH="69" HEIGHT="21" WC="0.96" CONTENT="Adolf"/><SP WIDTH="15" VPOS="1109" HPOS="290"/>
							<String ID="string_304" HPOS="305" VPOS="1117" WIDTH="54" HEIGHT="13" WC="0.96" CONTENT="von"/><SP WIDTH="16" VPOS="1117" HPOS="359"/>
							<String ID="string_305" HPOS="375" VPOS="1109" WIDTH="178" HEIGHT="21" WC="0.96" CONTENT="Bonsdorff:"/><SP WIDTH="24" VPOS="1109" HPOS="553"/>
							<String ID="string_306" HPOS="577" VPOS="1109" WIDTH="44" HEIGHT="21" WC="0.96" CONTENT="Det"/><SP WIDTH="14" VPOS="1109" HPOS="621"/>
							<String ID="string_307" HPOS="635" VPOS="1109" WIDTH="61" HEIGHT="21" WC="0.96" CONTENT="torde"/><SP WIDTH="16" VPOS="1109" HPOS="696"/>
							<String ID="string_308" HPOS="712" VPOS="1109" WIDTH="33" HEIGHT="21" WC="0.93" CONTENT="väl"/><SP WIDTH="17" VPOS="1109" HPOS="745"/>
							<String ID="string_309" HPOS="762" VPOS="1109" WIDTH="46" HEIGHT="21" WC="0.91" CONTENT="icke"/><SP WIDTH="17" VPOS="1109" HPOS="808"/>
							<String ID="string_310" HPOS="825" VPOS="1110" WIDTH="5" HEIGHT="20" WC="0.96" CONTENT="i"/><SP WIDTH="17" VPOS="1110" HPOS="830"/>
							<String ID="string_311" HPOS="847" VPOS="1108" WIDTH="58" HEIGHT="22" WC="0.97" CONTENT="detta"/>
						</TextLine>
						<TextLine ID="line_32" HPOS="79" VPOS="1137" WIDTH="826" HEIGHT="29">
							<String ID="string_312" HPOS="79" VPOS="1137" WIDTH="63" HEIGHT="22" WC="0.93" CONTENT="ständ"/><SP WIDTH="23" VPOS="1137" HPOS="142"/>
							<String ID="string_313" HPOS="165" VPOS="1138" WIDTH="68" HEIGHT="21" WC="0.93" CONTENT="finnas"/><SP WIDTH="19" VPOS="1138" HPOS="233"/>
							<String ID="string_314" HPOS="252" VPOS="1137" WIDTH="75" HEIGHT="29" WC="0.92" CONTENT="mänga"/><SP WIDTH="24" VPOS="1137" HPOS="327"/>
							<String ID="string_315" HPOS="351" VPOS="1138" WIDTH="144" HEIGHT="26" WC="0.95" CONTENT="medlemmar,"/><SP WIDTH="14" VPOS="1138" HPOS="495"/>
							<String ID="string_316" HPOS="509" VPOS="1146" WIDTH="46" HEIGHT="13" WC="0.93" CONTENT="som"/><SP WIDTH="16" VPOS="1146" HPOS="555"/>
							<String ID="string_317" HPOS="571" VPOS="1138" WIDTH="48" HEIGHT="21" WC="0.89" CONTENT="icke"/><SP WIDTH="15" VPOS="1138" HPOS="619"/>
							<String ID="string_318" HPOS="634" VPOS="1140" WIDTH="38" HEIGHT="19" WC="0.92" CONTENT="äro"/><SP WIDTH="15" VPOS="1140" HPOS="672"/>
							<String ID="string_319" HPOS="687" VPOS="1138" WIDTH="23" HEIGHT="21" WC="0.93" CONTENT="af"/><SP WIDTH="14" VPOS="1138" HPOS="710"/>
							<String ID="string_320" HPOS="724" VPOS="1137" WIDTH="110" HEIGHT="22" WC="0.92" CONTENT="enahanda"/><SP WIDTH="15" VPOS="1137" HPOS="834"/>
							<String ID="string_321" HPOS="849" VPOS="1137" WIDTH="56" HEIGHT="28" WC="0.88" CONTENT="äsigt"/>
						</TextLine>
						<TextLine ID="line_33" HPOS="80" VPOS="1166" WIDTH="824" HEIGHT="28">
							<String ID="string_322" HPOS="80" VPOS="1166" WIDTH="132" HEIGHT="21" WC="0.92" CONTENT="heträffande"/><SP WIDTH="18" VPOS="1166" HPOS="212"/>
							<String ID="string_323" HPOS="230" VPOS="1166" WIDTH="27" HEIGHT="21" WC="0.96" CONTENT="de"/><SP WIDTH="16" VPOS="1166" HPOS="257"/>
							<String ID="string_324" HPOS="273" VPOS="1166" WIDTH="178" HEIGHT="28" WC="0.94" CONTENT="förutsättningar"/><SP WIDTH="16" VPOS="1166" HPOS="451"/>
							<String ID="string_325" HPOS="467" VPOS="1166" WIDTH="34" HEIGHT="22" WC="0.96" CONTENT="för"/><SP WIDTH="15" VPOS="1166" HPOS="501"/>
							<String ID="string_326" HPOS="516" VPOS="1170" WIDTH="31" HEIGHT="18" WC="0.93" CONTENT="ett"/><SP WIDTH="15" VPOS="1170" HPOS="547"/>
							<String ID="string_327" HPOS="562" VPOS="1166" WIDTH="74" HEIGHT="28" WC="0.89" CONTENT="lagligt"/><SP WIDTH="15" VPOS="1166" HPOS="636"/>
							<String ID="string_328" HPOS="651" VPOS="1166" WIDTH="192" HEIGHT="28" WC="0.93" CONTENT="landtdagsarbete,"/><SP WIDTH="16" VPOS="1166" HPOS="843"/>
							<String ID="string_329" HPOS="859" VPOS="1173" WIDTH="45" HEIGHT="14" WC="0.96" CONTENT="som"/>
						</TextLine>
						<TextLine ID="line_34" HPOS="79" VPOS="1194" WIDTH="826" HEIGHT="28">
							<String ID="string_330" HPOS="79" VPOS="1196" WIDTH="38" HEIGHT="20" WC="0.95" CONTENT="allt"/><SP WIDTH="22" VPOS="1196" HPOS="117"/>
							<String ID="string_331" HPOS="139" VPOS="1194" WIDTH="185" HEIGHT="28" WC="0.93" CONTENT="fortsättningsvis"/><SP WIDTH="22" VPOS="1194" HPOS="324"/>
							<String ID="string_332" HPOS="346" VPOS="1195" WIDTH="122" HEIGHT="21" WC="0.92" CONTENT="förefinnas."/><SP WIDTH="29" VPOS="1195" HPOS="468"/>
							<String ID="string_333" HPOS="497" VPOS="1196" WIDTH="42" HEIGHT="20" WC="0.96" CONTENT="Det"/><SP WIDTH="14" VPOS="1196" HPOS="539"/>
							<String ID="string_334" HPOS="553" VPOS="1196" WIDTH="24" HEIGHT="20" WC="0.93" CONTENT="är"/><SP WIDTH="15" VPOS="1196" HPOS="577"/>
							<String ID="string_335" HPOS="592" VPOS="1194" WIDTH="82" HEIGHT="22" WC="0.96" CONTENT="kanske"/><SP WIDTH="16" VPOS="1194" HPOS="674"/>
							<String ID="string_336" HPOS="690" VPOS="1195" WIDTH="87" HEIGHT="27" WC="0.96" CONTENT="onödigt"/><SP WIDTH="16" VPOS="1195" HPOS="777"/>
							<String ID="string_337" HPOS="793" VPOS="1196" WIDTH="30" HEIGHT="20" WC="0.93" CONTENT="att"/><SP WIDTH="14" VPOS="1196" HPOS="823"/>
							<String ID="string_338" HPOS="837" VPOS="1197" WIDTH="68" HEIGHT="25" WC="0.90" CONTENT="ytter-"/>
						</TextLine>
						<TextLine ID="line_35" HPOS="80" VPOS="1222" WIDTH="825" HEIGHT="29">
							<String ID="string_339" HPOS="80" VPOS="1224" WIDTH="65" HEIGHT="27" WC="0.88" CONTENT="ligare"/><SP WIDTH="23" VPOS="1224" HPOS="145"/>
							<String ID="string_340" HPOS="168" VPOS="1224" WIDTH="102" HEIGHT="27" WC="0.88" CONTENT="pointera,"/><SP WIDTH="23" VPOS="1224" HPOS="270"/>
							<String ID="string_341" HPOS="293" VPOS="1223" WIDTH="98" HEIGHT="22" WC="0.92" CONTENT="hurusom"/><SP WIDTH="24" VPOS="1223" HPOS="391"/>
							<String ID="string_342" HPOS="415" VPOS="1223" WIDTH="63" HEIGHT="22" WC="0.96" CONTENT="dessa"/><SP WIDTH="21" VPOS="1223" HPOS="478"/>
							<String ID="string_343" HPOS="499" VPOS="1223" WIDTH="183" HEIGHT="28" WC="0.96" CONTENT="förutsättningar,"/><SP WIDTH="24" VPOS="1223" HPOS="682"/>
							<String ID="string_344" HPOS="706" VPOS="1224" WIDTH="5" HEIGHT="20" WC="0.93" CONTENT="i"/><SP WIDTH="23" VPOS="1224" HPOS="711"/>
							<String ID="string_345" HPOS="734" VPOS="1223" WIDTH="71" HEIGHT="21" WC="0.89" CONTENT="stället"/><SP WIDTH="19" VPOS="1223" HPOS="805"/>
							<String ID="string_346" HPOS="824" VPOS="1222" WIDTH="35" HEIGHT="22" WC="0.96" CONTENT="för"/><SP WIDTH="14" VPOS="1222" HPOS="859"/>
							<String ID="string_347" HPOS="873" VPOS="1226" WIDTH="32" HEIGHT="18" WC="0.96" CONTENT="att"/>
						</TextLine>
						<TextLine ID="line_36" HPOS="78" VPOS="1252" WIDTH="827" HEIGHT="28">
							<String ID="string_348" HPOS="78" VPOS="1253" WIDTH="60" HEIGHT="25" WC="0.96" CONTENT="ökas,"/><SP WIDTH="22" VPOS="1253" HPOS="138"/>
							<String ID="string_349" HPOS="160" VPOS="1259" WIDTH="86" HEIGHT="14" WC="0.96" CONTENT="snarare"/><SP WIDTH="22" VPOS="1259" HPOS="246"/>
							<String ID="string_350" HPOS="268" VPOS="1252" WIDTH="103" HEIGHT="21" WC="0.96" CONTENT="minskats"/><SP WIDTH="24" VPOS="1252" HPOS="371"/>
							<String ID="string_351" HPOS="395" VPOS="1252" WIDTH="42" HEIGHT="28" WC="0.96" CONTENT="dag"/><SP WIDTH="23" VPOS="1252" HPOS="437"/>
							<String ID="string_352" HPOS="460" VPOS="1252" WIDTH="35" HEIGHT="21" WC="0.96" CONTENT="för"/><SP WIDTH="14" VPOS="1252" HPOS="495"/>
							<String ID="string_353" HPOS="509" VPOS="1252" WIDTH="48" HEIGHT="28" WC="0.96" CONTENT="dag."/><SP WIDTH="30" VPOS="1252" HPOS="557"/>
							<String ID="string_354" HPOS="587" VPOS="1252" WIDTH="54" HEIGHT="28" WC="0.93" CONTENT="Inga"/><SP WIDTH="16" VPOS="1252" HPOS="641"/>
							<String ID="string_355" HPOS="657" VPOS="1259" WIDTH="45" HEIGHT="14" WC="0.96" CONTENT="som"/><SP WIDTH="17" VPOS="1259" HPOS="702"/>
							<String ID="string_356" HPOS="719" VPOS="1252" WIDTH="55" HEIGHT="21" WC="0.96" CONTENT="helst"/><SP WIDTH="14" VPOS="1252" HPOS="774"/>
							<String ID="string_357" HPOS="788" VPOS="1252" WIDTH="78" HEIGHT="20" WC="0.96" CONTENT="tecken"/><SP WIDTH="16" VPOS="1252" HPOS="866"/>
							<String ID="string_358" HPOS="882" VPOS="1252" WIDTH="23" HEIGHT="20" WC="0.96" CONTENT="af"/>
						</TextLine>
						<TextLine ID="line_37" HPOS="80" VPOS="1280" WIDTH="825" HEIGHT="28">
							<String ID="string_359" HPOS="80" VPOS="1280" WIDTH="65" HEIGHT="22" WC="0.92" CONTENT="värde"/><SP WIDTH="23" VPOS="1280" HPOS="145"/>
							<String ID="string_360" HPOS="168" VPOS="1280" WIDTH="51" HEIGHT="28" WC="0.92" CONTENT="tyda"/><SP WIDTH="23" VPOS="1280" HPOS="219"/>
							<String ID="string_361" HPOS="242" VPOS="1280" WIDTH="33" HEIGHT="28" WC="0.96" CONTENT="pä,"/><SP WIDTH="23" VPOS="1280" HPOS="275"/>
							<String ID="string_362" HPOS="298" VPOS="1284" WIDTH="31" HEIGHT="18" WC="0.96" CONTENT="att"/><SP WIDTH="22" VPOS="1284" HPOS="329"/>
							<String ID="string_363" HPOS="351" VPOS="1288" WIDTH="26" HEIGHT="14" WC="0.93" CONTENT="en"/><SP WIDTH="21" VPOS="1288" HPOS="377"/>
							<String ID="string_364" HPOS="398" VPOS="1280" WIDTH="126" HEIGHT="28" WC="0.92" CONTENT="förändring"/><SP WIDTH="15" VPOS="1280" HPOS="524"/>
							<String ID="string_365" HPOS="539" VPOS="1281" WIDTH="32" HEIGHT="21" WC="0.96" CONTENT="till"/><SP WIDTH="16" VPOS="1281" HPOS="571"/>
							<String ID="string_366" HPOS="587" VPOS="1280" WIDTH="37" HEIGHT="22" WC="0.96" CONTENT="det"/><SP WIDTH="16" VPOS="1280" HPOS="624"/>
							<String ID="string_367" HPOS="640" VPOS="1280" WIDTH="75" HEIGHT="26" WC="0.96" CONTENT="bättre,"/><SP WIDTH="15" VPOS="1280" HPOS="715"/>
							<String ID="string_368" HPOS="730" VPOS="1283" WIDTH="31" HEIGHT="19" WC="0.93" CONTENT="ett"/><SP WIDTH="15" VPOS="1283" HPOS="761"/>
							<String ID="string_369" HPOS="776" VPOS="1280" WIDTH="129" HEIGHT="28" WC="0.93" CONTENT="ätergäende"/>
						</TextLine>
						<TextLine ID="line_38" HPOS="79" VPOS="1308" WIDTH="826" HEIGHT="22">
							<String ID="string_370" HPOS="79" VPOS="1310" WIDTH="32" HEIGHT="20" WC="0.91" CONTENT="till"/><SP WIDTH="20" VPOS="1310" HPOS="111"/>
							<String ID="string_371" HPOS="131" VPOS="1312" WIDTH="31" HEIGHT="18" WC="0.96" CONTENT="ett"/><SP WIDTH="16" VPOS="1312" HPOS="162"/>
							<String ID="string_372" HPOS="178" VPOS="1309" WIDTH="91" HEIGHT="21" WC="0.93" CONTENT="normalt"/><SP WIDTH="15" VPOS="1309" HPOS="269"/>
							<String ID="string_373" HPOS="284" VPOS="1309" WIDTH="125" HEIGHT="21" WC="0.92" CONTENT="samhällslif"/><SP WIDTH="16" VPOS="1309" HPOS="409"/>
							<String ID="string_374" HPOS="425" VPOS="1309" WIDTH="67" HEIGHT="21" WC="0.92" CONTENT="finnes"/><SP WIDTH="16" VPOS="1309" HPOS="492"/>
							<String ID="string_375" HPOS="508" VPOS="1309" WIDTH="34" HEIGHT="21" WC="0.93" CONTENT="för"/><SP WIDTH="15" VPOS="1309" HPOS="542"/>
							<String ID="string_376" HPOS="557" VPOS="1309" WIDTH="89" HEIGHT="21" WC="0.91" CONTENT="handen."/><SP WIDTH="30" VPOS="1309" HPOS="646"/>
							<String ID="string_377" HPOS="676" VPOS="1309" WIDTH="75" HEIGHT="21" WC="0.93" CONTENT="Under"/><SP WIDTH="15" VPOS="1309" HPOS="751"/>
							<String ID="string_378" HPOS="766" VPOS="1308" WIDTH="80" HEIGHT="22" WC="0.91" CONTENT="sädana"/><SP WIDTH="16" VPOS="1308" HPOS="846"/>
							<String ID="string_379" HPOS="862" VPOS="1308" WIDTH="43" HEIGHT="22" WC="0.93" CONTENT="för-"/>
						</TextLine>
						<TextLine ID="line_39" HPOS="79" VPOS="1337" WIDTH="826" HEIGHT="29">
							<String ID="string_380" HPOS="79" VPOS="1337" WIDTH="113" HEIGHT="22" WC="0.92" CONTENT="hällanden"/><SP WIDTH="16" VPOS="1337" HPOS="192"/>
							<String ID="string_381" HPOS="208" VPOS="1338" WIDTH="69" HEIGHT="21" WC="0.95" CONTENT="skulle"/><SP WIDTH="17" VPOS="1338" HPOS="277"/>
							<String ID="string_382" HPOS="294" VPOS="1345" WIDTH="47" HEIGHT="14" WC="0.93" CONTENT="man"/><SP WIDTH="17" VPOS="1345" HPOS="341"/>
							<String ID="string_383" HPOS="358" VPOS="1338" WIDTH="117" HEIGHT="27" WC="0.92" CONTENT="verkligen,"/><SP WIDTH="16" VPOS="1338" HPOS="475"/>
							<String ID="string_384" HPOS="491" VPOS="1345" WIDTH="34" HEIGHT="13" WC="0.96" CONTENT="om"/><SP WIDTH="16" VPOS="1345" HPOS="525"/>
							<String ID="string_385" HPOS="541" VPOS="1345" WIDTH="48" HEIGHT="13" WC="0.93" CONTENT="man"/><SP WIDTH="16" VPOS="1345" HPOS="589"/>
							<String ID="string_386" HPOS="605" VPOS="1337" WIDTH="69" HEIGHT="22" WC="0.92" CONTENT="stälde"/><SP WIDTH="16" VPOS="1337" HPOS="674"/>
							<String ID="string_387" HPOS="690" VPOS="1338" WIDTH="32" HEIGHT="27" WC="0.96" CONTENT="sig"/><SP WIDTH="16" VPOS="1338" HPOS="722"/>
							<String ID="string_388" HPOS="738" VPOS="1337" WIDTH="27" HEIGHT="29" WC="0.96" CONTENT="pä"/><SP WIDTH="16" VPOS="1337" HPOS="765"/>
							<String ID="string_389" HPOS="781" VPOS="1341" WIDTH="46" HEIGHT="17" WC="0.93" CONTENT="rent"/><SP WIDTH="21" VPOS="1341" HPOS="827"/>
							<String ID="string_390" HPOS="848" VPOS="1338" WIDTH="57" HEIGHT="28" WC="0.92" CONTENT="prin-"/>
						</TextLine>
						<TextLine ID="line_40" HPOS="79" VPOS="1366" WIDTH="826" HEIGHT="28">
							<String ID="string_391" HPOS="79" VPOS="1366" WIDTH="64" HEIGHT="28" WC="0.83" CONTENT="cipiel"/><SP WIDTH="23" VPOS="1366" HPOS="143"/>
							<String ID="string_392" HPOS="166" VPOS="1366" WIDTH="140" HEIGHT="28" WC="0.96" CONTENT="ståndpunkt,"/><SP WIDTH="23" VPOS="1366" HPOS="306"/>
							<String ID="string_393" HPOS="329" VPOS="1374" WIDTH="50" HEIGHT="14" WC="0.93" CONTENT="vara"/><SP WIDTH="22" VPOS="1374" HPOS="379"/>
							<String ID="string_394" HPOS="401" VPOS="1366" WIDTH="96" HEIGHT="28" WC="0.96" CONTENT="benägen"/><SP WIDTH="17" VPOS="1366" HPOS="497"/>
							<String ID="string_395" HPOS="514" VPOS="1370" WIDTH="31" HEIGHT="18" WC="0.96" CONTENT="att"/><SP WIDTH="16" VPOS="1370" HPOS="545"/>
							<String ID="string_396" HPOS="561" VPOS="1366" WIDTH="84" HEIGHT="22" WC="0.96" CONTENT="komma"/><SP WIDTH="15" VPOS="1366" HPOS="645"/>
							<String ID="string_397" HPOS="660" VPOS="1366" WIDTH="33" HEIGHT="21" WC="0.96" CONTENT="till"/><SP WIDTH="16" VPOS="1366" HPOS="693"/>
							<String ID="string_398" HPOS="709" VPOS="1366" WIDTH="40" HEIGHT="21" WC="0.93" CONTENT="den"/><SP WIDTH="17" VPOS="1366" HPOS="749"/>
							<String ID="string_399" HPOS="766" VPOS="1366" WIDTH="139" HEIGHT="28" WC="0.92" CONTENT="slutuppfatt-"/>
						</TextLine>
						<TextLine ID="line_41" HPOS="79" VPOS="1394" WIDTH="826" HEIGHT="28">
							<String ID="string_400" HPOS="79" VPOS="1396" WIDTH="50" HEIGHT="26" WC="0.96" CONTENT="ning"/><SP WIDTH="14" VPOS="1396" HPOS="129"/>
							<String ID="string_401" HPOS="143" VPOS="1402" WIDTH="46" HEIGHT="14" WC="0.96" CONTENT="som"/><SP WIDTH="16" VPOS="1402" HPOS="189"/>
							<String ID="string_402" HPOS="205" VPOS="1394" WIDTH="41" HEIGHT="22" WC="0.96" CONTENT="den"/><SP WIDTH="17" VPOS="1394" HPOS="246"/>
							<String ID="string_403" HPOS="263" VPOS="1396" WIDTH="51" HEIGHT="20" WC="0.93" CONTENT="sista"/><SP WIDTH="16" VPOS="1396" HPOS="314"/>
							<String ID="string_404" HPOS="330" VPOS="1395" WIDTH="64" HEIGHT="21" WC="0.92" CONTENT="ärade"/><SP WIDTH="15" VPOS="1395" HPOS="394"/>
							<String ID="string_405" HPOS="409" VPOS="1395" WIDTH="88" HEIGHT="21" WC="0.89" CONTENT="talaren."/><SP WIDTH="31" VPOS="1395" HPOS="497"/>
							<String ID="string_406" HPOS="528" VPOS="1394" WIDTH="52" HEIGHT="22" WC="0.96" CONTENT="Men"/><SP WIDTH="16" VPOS="1394" HPOS="580"/>
							<String ID="string_407" HPOS="596" VPOS="1394" WIDTH="36" HEIGHT="22" WC="0.93" CONTENT="det"/><SP WIDTH="16" VPOS="1394" HPOS="632"/>
							<String ID="string_408" HPOS="648" VPOS="1395" WIDTH="66" HEIGHT="21" WC="0.89" CONTENT="finnes"/><SP WIDTH="16" VPOS="1395" HPOS="714"/>
							<String ID="string_409" HPOS="730" VPOS="1402" WIDTH="26" HEIGHT="14" WC="0.96" CONTENT="en"/><SP WIDTH="14" VPOS="1402" HPOS="756"/>
							<String ID="string_410" HPOS="770" VPOS="1402" WIDTH="67" HEIGHT="14" WC="0.96" CONTENT="annan"/><SP WIDTH="14" VPOS="1402" HPOS="837"/>
							<String ID="string_411" HPOS="851" VPOS="1394" WIDTH="54" HEIGHT="25" WC="0.96" CONTENT="sida;"/>
						</TextLine>
						<TextLine ID="line_42" HPOS="78" VPOS="1422" WIDTH="828" HEIGHT="28">
							<String ID="string_412" HPOS="78" VPOS="1431" WIDTH="46" HEIGHT="13" WC="0.92" CONTENT="som"/><SP WIDTH="24" VPOS="1431" HPOS="124"/>
							<String ID="string_413" HPOS="148" VPOS="1423" WIDTH="66" HEIGHT="21" WC="0.91" CONTENT="ocksä"/><SP WIDTH="22" VPOS="1423" HPOS="214"/>
							<String ID="string_414" HPOS="236" VPOS="1423" WIDTH="67" HEIGHT="21" WC="0.92" CONTENT="mäste"/><SP WIDTH="24" VPOS="1423" HPOS="303"/>
							<String ID="string_415" HPOS="327" VPOS="1424" WIDTH="89" HEIGHT="20" WC="0.96" CONTENT="beaktas"/><SP WIDTH="19" VPOS="1424" HPOS="416"/>
							<String ID="string_416" HPOS="435" VPOS="1423" WIDTH="41" HEIGHT="21" WC="0.96" CONTENT="och"/><SP WIDTH="15" VPOS="1423" HPOS="476"/>
							<String ID="string_417" HPOS="491" VPOS="1431" WIDTH="45" HEIGHT="13" WC="0.96" CONTENT="som"/><SP WIDTH="16" VPOS="1431" HPOS="536"/>
							<String ID="string_418" HPOS="552" VPOS="1425" WIDTH="23" HEIGHT="19" WC="0.96" CONTENT="är"/><SP WIDTH="15" VPOS="1425" HPOS="575"/>
							<String ID="string_419" HPOS="590" VPOS="1424" WIDTH="23" HEIGHT="20" WC="0.96" CONTENT="af"/><SP WIDTH="15" VPOS="1424" HPOS="613"/>
							<String ID="string_420" HPOS="628" VPOS="1423" WIDTH="51" HEIGHT="21" WC="0.95" CONTENT="allra"/><SP WIDTH="17" VPOS="1423" HPOS="679"/>
							<String ID="string_421" HPOS="696" VPOS="1425" WIDTH="77" HEIGHT="19" WC="0.95" CONTENT="största"/><SP WIDTH="16" VPOS="1425" HPOS="773"/>
							<String ID="string_422" HPOS="789" VPOS="1422" WIDTH="117" HEIGHT="28" WC="0.96" CONTENT="betydelse."/>
						</TextLine>
						<TextLine ID="line_43" HPOS="80" VPOS="1451" WIDTH="825" HEIGHT="29">
							<String ID="string_423" HPOS="80" VPOS="1452" WIDTH="42" HEIGHT="21" WC="0.96" CONTENT="Det"/><SP WIDTH="11" VPOS="1452" HPOS="122"/>
							<String ID="string_424" HPOS="133" VPOS="1453" WIDTH="28" HEIGHT="25" WC="0.93" CONTENT="är,"/><SP WIDTH="10" VPOS="1453" HPOS="161"/>
							<String ID="string_425" HPOS="171" VPOS="1459" WIDTH="64" HEIGHT="21" WC="0.93" CONTENT="synes"/><SP WIDTH="13" VPOS="1459" HPOS="235"/>
							<String ID="string_426" HPOS="248" VPOS="1452" WIDTH="35" HEIGHT="20" WC="0.96" CONTENT="det"/><SP WIDTH="9" VPOS="1452" HPOS="283"/>
							<String ID="string_427" HPOS="292" VPOS="1452" WIDTH="49" HEIGHT="25" WC="0.95" CONTENT="mig,"/><SP WIDTH="10" VPOS="1452" HPOS="341"/>
							<String ID="string_428" HPOS="351" VPOS="1452" WIDTH="34" HEIGHT="20" WC="0.96" CONTENT="för"/><SP WIDTH="10" VPOS="1452" HPOS="385"/>
							<String ID="string_429" HPOS="395" VPOS="1452" WIDTH="42" HEIGHT="21" WC="0.96" CONTENT="den"/><SP WIDTH="12" VPOS="1452" HPOS="437"/>
							<String ID="string_430" HPOS="449" VPOS="1452" WIDTH="35" HEIGHT="21" WC="0.97" CONTENT="del"/><SP WIDTH="11" VPOS="1452" HPOS="484"/>
							<String ID="string_431" HPOS="495" VPOS="1452" WIDTH="23" HEIGHT="21" WC="0.93" CONTENT="af"/><SP WIDTH="11" VPOS="1452" HPOS="518"/>
							<String ID="string_432" HPOS="529" VPOS="1452" WIDTH="125" HEIGHT="26" WC="0.93" CONTENT="Ständerna,"/><SP WIDTH="9" VPOS="1452" HPOS="654"/>
							<String ID="string_433" HPOS="663" VPOS="1459" WIDTH="45" HEIGHT="14" WC="0.96" CONTENT="som"/><SP WIDTH="17" VPOS="1459" HPOS="708"/>
							<String ID="string_434" HPOS="725" VPOS="1453" WIDTH="5" HEIGHT="19" WC="0.96" CONTENT="i"/><SP WIDTH="16" VPOS="1453" HPOS="730"/>
							<String ID="string_435" HPOS="746" VPOS="1452" WIDTH="26" HEIGHT="21" WC="0.96" CONTENT="de"/><SP WIDTH="15" VPOS="1452" HPOS="772"/>
							<String ID="string_436" HPOS="787" VPOS="1454" WIDTH="58" HEIGHT="18" WC="0.93" CONTENT="stora"/><SP WIDTH="13" VPOS="1454" HPOS="845"/>
							<String ID="string_437" HPOS="858" VPOS="1451" WIDTH="47" HEIGHT="21" WC="0.92" CONTENT="lifs-"/>
						</TextLine>
						<TextLine ID="line_44" HPOS="77" VPOS="1479" WIDTH="828" HEIGHT="30">
							<String ID="string_438" HPOS="77" VPOS="1480" WIDTH="101" HEIGHT="28" WC="0.93" CONTENT="frägorna"/><SP WIDTH="22" VPOS="1480" HPOS="178"/>
							<String ID="string_439" HPOS="200" VPOS="1480" WIDTH="76" HEIGHT="22" WC="0.91" CONTENT="hittills"/><SP WIDTH="24" VPOS="1480" HPOS="276"/>
							<String ID="string_440" HPOS="300" VPOS="1483" WIDTH="53" HEIGHT="19" WC="0.93" CONTENT="stätt"/><SP WIDTH="19" VPOS="1483" HPOS="353"/>
							<String ID="string_441" HPOS="372" VPOS="1480" WIDTH="27" HEIGHT="28" WC="0.96" CONTENT="pä"/><SP WIDTH="15" VPOS="1480" HPOS="399"/>
							<String ID="string_442" HPOS="414" VPOS="1488" WIDTH="81" HEIGHT="14" WC="0.93" CONTENT="samma"/><SP WIDTH="15" VPOS="1488" HPOS="495"/>
							<String ID="string_443" HPOS="510" VPOS="1480" WIDTH="139" HEIGHT="29" WC="0.93" CONTENT="ständpunkt,"/><SP WIDTH="17" VPOS="1480" HPOS="649"/>
							<String ID="string_444" HPOS="666" VPOS="1484" WIDTH="31" HEIGHT="17" WC="0.93" CONTENT="ett"/><SP WIDTH="15" VPOS="1484" HPOS="697"/>
							<String ID="string_445" HPOS="712" VPOS="1480" WIDTH="87" HEIGHT="22" WC="0.92" CONTENT="främsta"/><SP WIDTH="17" VPOS="1480" HPOS="799"/>
							<String ID="string_446" HPOS="816" VPOS="1479" WIDTH="41" HEIGHT="21" WC="0.89" CONTENT="mäl"/><SP WIDTH="17" VPOS="1479" HPOS="857"/>
							<String ID="string_447" HPOS="874" VPOS="1483" WIDTH="31" HEIGHT="18" WC="0.96" CONTENT="att"/>
						</TextLine>
						<TextLine ID="line_45" HPOS="77" VPOS="1508" WIDTH="828" HEIGHT="28">
							<String ID="string_448" HPOS="77" VPOS="1510" WIDTH="53" HEIGHT="20" WC="0.96" CONTENT="söka"/><SP WIDTH="15" VPOS="1510" HPOS="130"/>
							<String ID="string_449" HPOS="145" VPOS="1508" WIDTH="38" HEIGHT="22" WC="0.93" CONTENT="allt"/><SP WIDTH="16" VPOS="1508" HPOS="183"/>
							<String ID="string_450" HPOS="199" VPOS="1508" WIDTH="105" HEIGHT="28" WC="0.91" CONTENT="framgent"/><SP WIDTH="18" VPOS="1508" HPOS="304"/>
							<String ID="string_451" HPOS="322" VPOS="1509" WIDTH="57" HEIGHT="21" WC="0.91" CONTENT="bilda"/><SP WIDTH="16" VPOS="1509" HPOS="379"/>
							<String ID="string_452" HPOS="395" VPOS="1512" WIDTH="31" HEIGHT="18" WC="0.93" CONTENT="ett"/><SP WIDTH="15" VPOS="1512" HPOS="426"/>
							<String ID="string_453" HPOS="441" VPOS="1508" WIDTH="61" HEIGHT="26" WC="0.91" CONTENT="enda,"/><SP WIDTH="17" VPOS="1508" HPOS="502"/>
							<String ID="string_454" HPOS="519" VPOS="1509" WIDTH="97" HEIGHT="21" WC="0.92" CONTENT="odelbart"/><SP WIDTH="16" VPOS="1509" HPOS="616"/>
							<String ID="string_455" HPOS="632" VPOS="1509" WIDTH="49" HEIGHT="21" WC="0.95" CONTENT="helt."/><SP WIDTH="23" VPOS="1509" HPOS="681"/>
							<String ID="string_456" HPOS="704" VPOS="1508" WIDTH="52" HEIGHT="22" WC="0.96" CONTENT="Med"/><SP WIDTH="16" VPOS="1508" HPOS="756"/>
							<String ID="string_457" HPOS="772" VPOS="1509" WIDTH="27" HEIGHT="21" WC="0.93" CONTENT="all"/><SP WIDTH="16" VPOS="1509" HPOS="799"/>
							<String ID="string_458" HPOS="815" VPOS="1508" WIDTH="90" HEIGHT="28" WC="0.92" CONTENT="aktning"/>
						</TextLine>
					</TextBlock>
				</ComposedBlock>
			</PrintSpace>
		</Page>
	</Layout>
</alto>
