<?xml version="1.0" encoding="UTF-8"?>
<alto xmlns="http://www.loc.gov/standards/alto/ns-v3#" xmlns:xlink="http://www.w3.org/1999/xlink" xmlns:xsi="http://www.w3.org/2001/XMLSchema-instance" xsi:schemaLocation="http://www.loc.gov/standards/alto/ns-v3# http://www.loc.gov/alto/v3/alto-3-0.xsd">
	<Description>
		<MeasurementUnit>pixel</MeasurementUnit>
		<sourceImageInformation>
			<fileName>/tmp/tess_a5btkkx__input.PNG</fileName>
		</sourceImageInformation>
		<OCRProcessing ID="OCR_0">
			<ocrProcessingStep>
				<processingSoftware>
					<softwareName>tesseract 5.3.4</softwareName>
				</processingSoftware>
			</ocrProcessingStep>
		</OCRProcessing>
	</Description>
	<Layout>
		<Page WIDTH="1095" HEIGHT="1773" PHYSICAL_IMG_NR="0" ID="page_0">
			<PrintSpace HPOS="0" VPOS="0" WIDTH="1095" HEIGHT="1773">
				<ComposedBlock ID="cblock_0" HPOS="258" VPOS="125" WIDTH="631" HEIGHT="27">
					<TextBlock ID="block_0" HPOS="258" VPOS="125" WIDTH="631" HEIGHT="27">
						<TextLine ID="line_0" HPOS="258" VPOS="125" WIDTH="631" HEIGHT="27">
							<String ID="string_0" HPOS="258" VPOS="131" WIDTH="135" HEIGHT="21" WC="0.92" CONTENT="Utvidgande"/><SP WIDTH="13" VPOS="131" HPOS="393"/>
							<String ID="string_1" HPOS="406" VPOS="131" WIDTH="24" HEIGHT="16" WC="0.93" CONTENT="af"/><SP WIDTH="9" VPOS="131" HPOS="430"/>
							<String ID="string_2" HPOS="439" VPOS="131" WIDTH="258" HEIGHT="20" WC="0.90" CONTENT="representationsrätten."/><SP WIDTH="152" VPOS="131" HPOS="697"/>
							<String ID="string_3" HPOS="849" VPOS="125" WIDTH="40" HEIGHT="20" WC="0.96" CONTENT="147"/>
						</TextLine>
					</TextBlock>
				</ComposedBlock>
				<ComposedBlock ID="cblock_1" HPOS="59" VPOS="198" WIDTH="830" HEIGHT="1346">
					<TextBlock ID="block_1" HPOS="61" VPOS="198" WIDTH="828" HEIGHT="79">
						<TextLine ID="line_1" HPOS="62" VPOS="198" WIDTH="827" HEIGHT="27">
							<String ID="string_4" HPOS="62" VPOS="198" WIDTH="65" HEIGHT="27" WC="0.96" CONTENT="fyllas"/><SP WIDTH="17" VPOS="198" HPOS="127"/>
							<String ID="string_5" HPOS="144" VPOS="198" WIDTH="55" HEIGHT="22" WC="0.96" CONTENT="blott"/><SP WIDTH="15" VPOS="198" HPOS="199"/>
							<String ID="string_6" HPOS="214" VPOS="198" WIDTH="24" HEIGHT="22" WC="0.96" CONTENT="af"/><SP WIDTH="15" VPOS="198" HPOS="238"/>
							<String ID="string_7" HPOS="253" VPOS="206" WIDTH="26" HEIGHT="14" WC="0.96" CONTENT="en"/><SP WIDTH="16" VPOS="206" HPOS="279"/>
							<String ID="string_8" HPOS="295" VPOS="199" WIDTH="66" HEIGHT="21" WC="0.96" CONTENT="första"/><SP WIDTH="16" VPOS="199" HPOS="361"/>
							<String ID="string_9" HPOS="377" VPOS="199" WIDTH="114" HEIGHT="26" WC="0.96" CONTENT="kammare,"/><SP WIDTH="16" VPOS="199" HPOS="491"/>
							<String ID="string_10" HPOS="507" VPOS="207" WIDTH="44" HEIGHT="13" WC="0.96" CONTENT="som"/><SP WIDTH="17" VPOS="207" HPOS="551"/>
							<String ID="string_11" HPOS="568" VPOS="200" WIDTH="69" HEIGHT="20" WC="0.93" CONTENT="skulle"/><SP WIDTH="15" VPOS="200" HPOS="637"/>
							<String ID="string_12" HPOS="652" VPOS="200" WIDTH="163" HEIGHT="20" WC="0.91" CONTENT="sammansättas"/><SP WIDTH="14" VPOS="200" HPOS="815"/>
							<String ID="string_13" HPOS="829" VPOS="198" WIDTH="23" HEIGHT="22" WC="0.96" CONTENT="af"/><SP WIDTH="10" VPOS="198" HPOS="852"/>
							<String ID="string_14" HPOS="862" VPOS="198" WIDTH="27" HEIGHT="22" WC="0.96" CONTENT="de"/>
						</TextLine>
						<TextLine ID="line_2" HPOS="62" VPOS="226" WIDTH="827" HEIGHT="30">
							<String ID="string_15" HPOS="62" VPOS="226" WIDTH="120" HEIGHT="22" WC="0.96" CONTENT="förnämsta"/><SP WIDTH="22" VPOS="226" HPOS="182"/>
							<String ID="string_16" HPOS="204" VPOS="227" WIDTH="41" HEIGHT="21" WC="0.96" CONTENT="och"/><SP WIDTH="21" VPOS="227" HPOS="245"/>
							<String ID="string_17" HPOS="266" VPOS="228" WIDTH="139" HEIGHT="28" WC="0.96" CONTENT="skickligaste"/><SP WIDTH="16" VPOS="228" HPOS="405"/>
							<String ID="string_18" HPOS="421" VPOS="228" WIDTH="119" HEIGHT="21" WC="0.96" CONTENT="elementen"/><SP WIDTH="17" VPOS="228" HPOS="540"/>
							<String ID="string_19" HPOS="557" VPOS="229" WIDTH="57" HEIGHT="20" WC="0.96" CONTENT="inom"/><SP WIDTH="15" VPOS="229" HPOS="614"/>
							<String ID="string_20" HPOS="629" VPOS="228" WIDTH="74" HEIGHT="28" WC="0.96" CONTENT="hvarje"/><SP WIDTH="15" VPOS="228" HPOS="703"/>
							<String ID="string_21" HPOS="718" VPOS="228" WIDTH="23" HEIGHT="20" WC="0.96" CONTENT="af"/><SP WIDTH="15" VPOS="228" HPOS="741"/>
							<String ID="string_22" HPOS="756" VPOS="228" WIDTH="51" HEIGHT="21" WC="0.93" CONTENT="våra"/><SP WIDTH="15" VPOS="228" HPOS="807"/>
							<String ID="string_23" HPOS="822" VPOS="234" WIDTH="67" HEIGHT="14" WC="0.91" CONTENT="nuva-"/>
						</TextLine>
						<TextLine ID="line_3" HPOS="61" VPOS="255" WIDTH="214" HEIGHT="22">
							<String ID="string_24" HPOS="61" VPOS="255" WIDTH="66" HEIGHT="21" WC="0.95" CONTENT="rande"/><SP WIDTH="16" VPOS="255" HPOS="127"/>
							<String ID="string_25" HPOS="143" VPOS="255" WIDTH="47" HEIGHT="21" WC="0.96" CONTENT="fyra"/><SP WIDTH="16" VPOS="255" HPOS="190"/>
							<String ID="string_26" HPOS="206" VPOS="256" WIDTH="69" HEIGHT="21" WC="0.96" CONTENT="stånd."/>
						</TextLine>
					</TextBlock>
					<TextBlock ID="block_2" HPOS="60" VPOS="283" WIDTH="829" HEIGHT="108">
						<TextLine ID="line_4" HPOS="131" VPOS="283" WIDTH="758" HEIGHT="30">
							<String ID="string_27" HPOS="131" VPOS="283" WIDTH="15" HEIGHT="21" WC="0.96" CONTENT="Så"/><SP WIDTH="30" VPOS="283" HPOS="146"/>
							<String ID="string_28" HPOS="176" VPOS="284" WIDTH="62" HEIGHT="28" WC="0.96" CONTENT="länge"/><SP WIDTH="16" VPOS="284" HPOS="238"/>
							<String ID="string_29" HPOS="254" VPOS="284" WIDTH="48" HEIGHT="22" WC="0.96" CONTENT="icke"/><SP WIDTH="17" VPOS="284" HPOS="302"/>
							<String ID="string_30" HPOS="319" VPOS="285" WIDTH="62" HEIGHT="21" WC="0.96" CONTENT="säkra"/><SP WIDTH="15" VPOS="285" HPOS="381"/>
							<String ID="string_31" HPOS="396" VPOS="286" WIDTH="108" HEIGHT="26" WC="0.96" CONTENT="garantier"/><SP WIDTH="15" VPOS="286" HPOS="504"/>
							<String ID="string_32" HPOS="519" VPOS="285" WIDTH="34" HEIGHT="21" WC="0.96" CONTENT="för"/><SP WIDTH="15" VPOS="285" HPOS="553"/>
							<String ID="string_33" HPOS="568" VPOS="285" WIDTH="27" HEIGHT="21" WC="0.96" CONTENT="de"/><SP WIDTH="17" VPOS="285" HPOS="595"/>
							<String ID="string_34" HPOS="612" VPOS="286" WIDTH="91" HEIGHT="27" WC="0.96" CONTENT="primära"/><SP WIDTH="15" VPOS="286" HPOS="703"/>
							<String ID="string_35" HPOS="718" VPOS="284" WIDTH="171" HEIGHT="28" WC="0.96" CONTENT="medborgerliga"/>
						</TextLine>
						<TextLine ID="line_5" HPOS="61" VPOS="312" WIDTH="828" HEIGHT="30">
							<String ID="string_36" HPOS="61" VPOS="312" WIDTH="118" HEIGHT="22" WC="0.96" CONTENT="friheterna"/><SP WIDTH="17" VPOS="312" HPOS="179"/>
							<String ID="string_37" HPOS="196" VPOS="314" WIDTH="87" HEIGHT="20" WC="0.96" CONTENT="vunnits"/><SP WIDTH="16" VPOS="314" HPOS="283"/>
							<String ID="string_38" HPOS="299" VPOS="314" WIDTH="40" HEIGHT="20" WC="0.95" CONTENT="och"/><SP WIDTH="16" VPOS="314" HPOS="339"/>
							<String ID="string_39" HPOS="355" VPOS="314" WIDTH="64" HEIGHT="20" WC="0.96" CONTENT="innan"/><SP WIDTH="17" VPOS="314" HPOS="419"/>
							<String ID="string_40" HPOS="436" VPOS="321" WIDTH="26" HEIGHT="13" WC="0.92" CONTENT="en"/><SP WIDTH="11" VPOS="321" HPOS="462"/>
							<String ID="string_41" HPOS="473" VPOS="313" WIDTH="262" HEIGHT="29" WC="0.91" CONTENT="representationsreform"/><SP WIDTH="11" VPOS="313" HPOS="735"/>
							<String ID="string_42" HPOS="746" VPOS="314" WIDTH="41" HEIGHT="20" WC="0.93" CONTENT="kan"/><SP WIDTH="13" VPOS="314" HPOS="787"/>
							<String ID="string_43" HPOS="800" VPOS="320" WIDTH="89" HEIGHT="21" WC="0.91" CONTENT="genom-"/>
						</TextLine>
						<TextLine ID="line_6" HPOS="61" VPOS="340" WIDTH="827" HEIGHT="30">
							<String ID="string_44" HPOS="61" VPOS="340" WIDTH="66" HEIGHT="27" WC="0.96" CONTENT="föras,"/><SP WIDTH="20" VPOS="340" HPOS="127"/>
							<String ID="string_45" HPOS="147" VPOS="348" WIDTH="63" HEIGHT="21" WC="0.96" CONTENT="synes"/><SP WIDTH="17" VPOS="348" HPOS="210"/>
							<String ID="string_46" HPOS="227" VPOS="342" WIDTH="42" HEIGHT="20" WC="0.96" CONTENT="den"/><SP WIDTH="15" VPOS="342" HPOS="269"/>
							<String ID="string_47" HPOS="284" VPOS="342" WIDTH="107" HEIGHT="21" WC="0.93" CONTENT="allmänna"/><SP WIDTH="16" VPOS="342" HPOS="391"/>
							<String ID="string_48" HPOS="407" VPOS="344" WIDTH="126" HEIGHT="19" WC="0.92" CONTENT="rösträttens"/><SP WIDTH="17" VPOS="344" HPOS="533"/>
							<String ID="string_49" HPOS="550" VPOS="343" WIDTH="84" HEIGHT="27" WC="0.96" CONTENT="princip"/><SP WIDTH="15" VPOS="343" HPOS="634"/>
							<String ID="string_50" HPOS="649" VPOS="342" WIDTH="48" HEIGHT="21" WC="0.96" CONTENT="icke"/><SP WIDTH="16" VPOS="342" HPOS="697"/>
							<String ID="string_51" HPOS="713" VPOS="342" WIDTH="71" HEIGHT="21" WC="0.92" CONTENT="kunna"/><SP WIDTH="15" VPOS="342" HPOS="784"/>
							<String ID="string_52" HPOS="799" VPOS="349" WIDTH="89" HEIGHT="21" WC="0.91" CONTENT="genom-"/>
						</TextLine>
						<TextLine ID="line_7" HPOS="60" VPOS="369" WIDTH="216" HEIGHT="22">
							<String ID="string_53" HPOS="60" VPOS="369" WIDTH="59" HEIGHT="21" WC="0.96" CONTENT="föras"/><SP WIDTH="15" VPOS="369" HPOS="119"/>
							<String ID="string_54" HPOS="134" VPOS="370" WIDTH="6" HEIGHT="20" WC="0.96" CONTENT="i"/><SP WIDTH="17" VPOS="370" HPOS="140"/>
							<String ID="string_55" HPOS="157" VPOS="370" WIDTH="48" HEIGHT="21" WC="0.96" CONTENT="vårt"/><SP WIDTH="15" VPOS="370" HPOS="205"/>
							<String ID="string_56" HPOS="220" VPOS="370" WIDTH="56" HEIGHT="21" WC="0.96" CONTENT="land."/>
						</TextLine>
					</TextBlock>
					<TextBlock ID="block_3" HPOS="61" VPOS="398" WIDTH="827" HEIGHT="87">
						<TextLine ID="line_8" HPOS="131" VPOS="398" WIDTH="756" HEIGHT="29">
							<String ID="string_57" HPOS="131" VPOS="399" WIDTH="41" HEIGHT="20" WC="0.95" CONTENT="Att"/><SP WIDTH="14" VPOS="399" HPOS="172"/>
							<String ID="string_58" HPOS="186" VPOS="398" WIDTH="46" HEIGHT="22" WC="0.96" CONTENT="lösa"/><SP WIDTH="15" VPOS="398" HPOS="232"/>
							<String ID="string_59" HPOS="247" VPOS="398" WIDTH="76" HEIGHT="28" WC="0.96" CONTENT="frågan"/><SP WIDTH="16" VPOS="398" HPOS="323"/>
							<String ID="string_60" HPOS="339" VPOS="406" WIDTH="34" HEIGHT="14" WC="0.96" CONTENT="om"/><SP WIDTH="16" VPOS="406" HPOS="373"/>
							<String ID="string_61" HPOS="389" VPOS="402" WIDTH="173" HEIGHT="25" WC="0.96" CONTENT="representanter"/><SP WIDTH="15" VPOS="402" HPOS="562"/>
							<String ID="string_62" HPOS="577" VPOS="399" WIDTH="34" HEIGHT="21" WC="0.96" CONTENT="för"/><SP WIDTH="15" VPOS="399" HPOS="611"/>
							<String ID="string_63" HPOS="626" VPOS="399" WIDTH="41" HEIGHT="21" WC="0.96" CONTENT="den"/><SP WIDTH="17" VPOS="399" HPOS="667"/>
							<String ID="string_64" HPOS="684" VPOS="399" WIDTH="34" HEIGHT="21" WC="0.96" CONTENT="del"/><SP WIDTH="16" VPOS="399" HPOS="718"/>
							<String ID="string_65" HPOS="734" VPOS="398" WIDTH="23" HEIGHT="22" WC="0.96" CONTENT="af"/><SP WIDTH="13" VPOS="398" HPOS="757"/>
							<String ID="string_66" HPOS="770" VPOS="398" WIDTH="46" HEIGHT="22" WC="0.96" CONTENT="vårt"/><SP WIDTH="9" VPOS="398" HPOS="816"/>
							<String ID="string_67" HPOS="825" VPOS="398" WIDTH="62" HEIGHT="22" WC="0.96" CONTENT="lands"/>
						</TextLine>
						<TextLine ID="line_9" HPOS="62" VPOS="426" WIDTH="826" HEIGHT="31">
							<String ID="string_68" HPOS="62" VPOS="426" WIDTH="127" HEIGHT="28" WC="0.96" CONTENT="befolkning"/><SP WIDTH="23" VPOS="426" HPOS="189"/>
							<String ID="string_69" HPOS="212" VPOS="434" WIDTH="44" HEIGHT="14" WC="0.94" CONTENT="som"/><SP WIDTH="24" VPOS="434" HPOS="256"/>
							<String ID="string_70" HPOS="280" VPOS="435" WIDTH="28" HEIGHT="13" WC="0.94" CONTENT="nu"/><SP WIDTH="19" VPOS="435" HPOS="308"/>
							<String ID="string_71" HPOS="327" VPOS="428" WIDTH="66" HEIGHT="20" WC="0.95" CONTENT="sakna"/><SP WIDTH="16" VPOS="428" HPOS="393"/>
							<String ID="string_72" HPOS="409" VPOS="428" WIDTH="81" HEIGHT="21" WC="0.96" CONTENT="sådana"/><SP WIDTH="16" VPOS="428" HPOS="490"/>
							<String ID="string_73" HPOS="506" VPOS="428" WIDTH="28" HEIGHT="29" WC="0.96" CONTENT="på"/><SP WIDTH="15" VPOS="428" HPOS="534"/>
							<String ID="string_74" HPOS="549" VPOS="428" WIDTH="67" HEIGHT="21" WC="0.96" CONTENT="basen"/><SP WIDTH="15" VPOS="428" HPOS="616"/>
							<String ID="string_75" HPOS="631" VPOS="428" WIDTH="23" HEIGHT="20" WC="0.96" CONTENT="af"/><SP WIDTH="16" VPOS="428" HPOS="654"/>
							<String ID="string_76" HPOS="670" VPOS="435" WIDTH="25" HEIGHT="13" WC="0.96" CONTENT="en"/><SP WIDTH="16" VPOS="435" HPOS="695"/>
							<String ID="string_77" HPOS="711" VPOS="428" WIDTH="78" HEIGHT="21" WC="0.96" CONTENT="reform"/><SP WIDTH="16" VPOS="428" HPOS="789"/>
							<String ID="string_78" HPOS="805" VPOS="427" WIDTH="22" HEIGHT="21" WC="0.93" CONTENT="af"/><SP WIDTH="16" VPOS="427" HPOS="827"/>
							<String ID="string_79" HPOS="843" VPOS="427" WIDTH="45" HEIGHT="21" WC="0.91" CONTENT="val-"/>
						</TextLine>
						<TextLine ID="line_10" HPOS="61" VPOS="456" WIDTH="345" HEIGHT="29">
							<String ID="string_80" HPOS="61" VPOS="463" WIDTH="78" HEIGHT="13" WC="0.96" CONTENT="census"/><SP WIDTH="16" VPOS="463" HPOS="139"/>
							<String ID="string_81" HPOS="155" VPOS="463" WIDTH="63" HEIGHT="20" WC="0.96" CONTENT="synes"/><SP WIDTH="16" VPOS="463" HPOS="218"/>
							<String ID="string_82" HPOS="234" VPOS="464" WIDTH="51" HEIGHT="13" WC="0.96" CONTENT="vara"/><SP WIDTH="15" VPOS="464" HPOS="285"/>
							<String ID="string_83" HPOS="300" VPOS="456" WIDTH="106" HEIGHT="29" WC="0.96" CONTENT="hopplöst."/>
						</TextLine>
					</TextBlock>
					<TextBlock ID="block_4" HPOS="60" VPOS="484" WIDTH="828" HEIGHT="279">
						<TextLine ID="line_11" HPOS="131" VPOS="484" WIDTH="756" HEIGHT="29">
							<String ID="string_84" HPOS="131" VPOS="484" WIDTH="48" HEIGHT="21" WC="0.95" CONTENT="Den"/><SP WIDTH="14" VPOS="484" HPOS="179"/>
							<String ID="string_85" HPOS="193" VPOS="485" WIDTH="23" HEIGHT="20" WC="0.96" CONTENT="af"/><SP WIDTH="9" VPOS="485" HPOS="216"/>
							<String ID="string_86" HPOS="225" VPOS="485" WIDTH="136" HEIGHT="28" WC="0.96" CONTENT="Regeringen"/><SP WIDTH="13" VPOS="485" HPOS="361"/>
							<String ID="string_87" HPOS="374" VPOS="486" WIDTH="7" HEIGHT="20" WC="0.93" CONTENT="i"/><SP WIDTH="10" VPOS="486" HPOS="381"/>
							<String ID="string_88" HPOS="391" VPOS="485" WIDTH="86" HEIGHT="28" WC="0.92" CONTENT="Nådiga"/><SP WIDTH="10" VPOS="485" HPOS="477"/>
							<String ID="string_89" HPOS="487" VPOS="486" WIDTH="165" HEIGHT="27" WC="0.96" CONTENT="Propositionen"/><SP WIDTH="16" VPOS="486" HPOS="652"/>
							<String ID="string_90" HPOS="668" VPOS="485" WIDTH="127" HEIGHT="28" WC="0.96" CONTENT="föreslagna,"/><SP WIDTH="15" VPOS="485" HPOS="795"/>
							<String ID="string_91" HPOS="810" VPOS="485" WIDTH="77" HEIGHT="20" WC="0.96" CONTENT="liksom"/>
						</TextLine>
						<TextLine ID="line_12" HPOS="61" VPOS="512" WIDTH="827" HEIGHT="29">
							<String ID="string_92" HPOS="61" VPOS="512" WIDTH="74" HEIGHT="29" WC="0.96" CONTENT="hvarje"/><SP WIDTH="16" VPOS="512" HPOS="135"/>
							<String ID="string_93" HPOS="151" VPOS="520" WIDTH="69" HEIGHT="14" WC="0.95" CONTENT="annan"/><SP WIDTH="17" VPOS="520" HPOS="220"/>
							<String ID="string_94" HPOS="237" VPOS="514" WIDTH="96" HEIGHT="21" WC="0.96" CONTENT="verksam"/><SP WIDTH="18" VPOS="514" HPOS="333"/>
							<String ID="string_95" HPOS="351" VPOS="515" WIDTH="125" HEIGHT="20" WC="0.96" CONTENT="ekonomisk"/><SP WIDTH="11" VPOS="515" HPOS="476"/>
							<String ID="string_96" HPOS="487" VPOS="521" WIDTH="84" HEIGHT="19" WC="0.96" CONTENT="census,"/><SP WIDTH="10" VPOS="521" HPOS="571"/>
							<String ID="string_97" HPOS="581" VPOS="513" WIDTH="69" HEIGHT="22" WC="0.96" CONTENT="skulle"/><SP WIDTH="10" VPOS="513" HPOS="650"/>
							<String ID="string_98" HPOS="660" VPOS="515" WIDTH="52" HEIGHT="26" WC="0.93" CONTENT="göra"/><SP WIDTH="10" VPOS="515" HPOS="712"/>
							<String ID="string_99" HPOS="722" VPOS="513" WIDTH="121" HEIGHT="21" WC="0.91" CONTENT="arbetarnes"/><SP WIDTH="11" VPOS="513" HPOS="843"/>
							<String ID="string_100" HPOS="854" VPOS="520" WIDTH="34" HEIGHT="14" WC="0.93" CONTENT="re-"/>
						</TextLine>
						<TextLine ID="line_13" HPOS="62" VPOS="541" WIDTH="825" HEIGHT="30">
							<String ID="string_101" HPOS="62" VPOS="543" WIDTH="145" HEIGHT="26" WC="0.93" CONTENT="presentation"/><SP WIDTH="18" VPOS="543" HPOS="207"/>
							<String ID="string_102" HPOS="225" VPOS="542" WIDTH="113" HEIGHT="26" WC="0.91" CONTENT="illusorisk,"/><SP WIDTH="23" VPOS="542" HPOS="338"/>
							<String ID="string_103" HPOS="361" VPOS="545" WIDTH="31" HEIGHT="18" WC="0.93" CONTENT="ett"/><SP WIDTH="22" VPOS="545" HPOS="392"/>
							<String ID="string_104" HPOS="414" VPOS="543" WIDTH="153" HEIGHT="28" WC="0.92" CONTENT="upphäfvande"/><SP WIDTH="16" VPOS="543" HPOS="567"/>
							<String ID="string_105" HPOS="583" VPOS="543" WIDTH="23" HEIGHT="20" WC="0.95" CONTENT="af"/><SP WIDTH="15" VPOS="543" HPOS="606"/>
							<String ID="string_106" HPOS="621" VPOS="542" WIDTH="27" HEIGHT="21" WC="0.95" CONTENT="all"/><SP WIDTH="16" VPOS="542" HPOS="648"/>
							<String ID="string_107" HPOS="664" VPOS="549" WIDTH="83" HEIGHT="19" WC="0.95" CONTENT="census,"/><SP WIDTH="16" VPOS="549" HPOS="747"/>
							<String ID="string_108" HPOS="763" VPOS="542" WIDTH="52" HEIGHT="21" WC="0.96" CONTENT="eller"/><SP WIDTH="14" VPOS="542" HPOS="815"/>
							<String ID="string_109" HPOS="829" VPOS="541" WIDTH="58" HEIGHT="22" WC="0.96" CONTENT="hvad"/>
						</TextLine>
						<TextLine ID="line_14" HPOS="62" VPOS="570" WIDTH="825" HEIGHT="29">
							<String ID="string_110" HPOS="62" VPOS="577" WIDTH="46" HEIGHT="14" WC="0.95" CONTENT="som"/><SP WIDTH="18" VPOS="577" HPOS="108"/>
							<String ID="string_111" HPOS="126" VPOS="578" WIDTH="50" HEIGHT="13" WC="0.95" CONTENT="vore"/><SP WIDTH="17" VPOS="578" HPOS="176"/>
							<String ID="string_112" HPOS="193" VPOS="570" WIDTH="87" HEIGHT="21" WC="0.96" CONTENT="därmed"/><SP WIDTH="16" VPOS="570" HPOS="280"/>
							<String ID="string_113" HPOS="296" VPOS="571" WIDTH="107" HEIGHT="28" WC="0.96" CONTENT="liktydigt,"/><SP WIDTH="17" VPOS="571" HPOS="403"/>
							<String ID="string_114" HPOS="420" VPOS="575" WIDTH="30" HEIGHT="17" WC="0.96" CONTENT="ett"/><SP WIDTH="16" VPOS="575" HPOS="450"/>
							<String ID="string_115" HPOS="466" VPOS="571" WIDTH="141" HEIGHT="22" WC="0.96" CONTENT="nedsättande"/><SP WIDTH="15" VPOS="571" HPOS="607"/>
							<String ID="string_116" HPOS="622" VPOS="571" WIDTH="22" HEIGHT="21" WC="0.96" CONTENT="af"/><SP WIDTH="15" VPOS="571" HPOS="644"/>
							<String ID="string_117" HPOS="659" VPOS="578" WIDTH="76" HEIGHT="14" WC="0.96" CONTENT="census"/><SP WIDTH="16" VPOS="578" HPOS="735"/>
							<String ID="string_118" HPOS="751" VPOS="571" WIDTH="32" HEIGHT="20" WC="0.96" CONTENT="till"/><SP WIDTH="10" VPOS="571" HPOS="783"/>
							<String ID="string_119" HPOS="793" VPOS="571" WIDTH="41" HEIGHT="21" WC="0.96" CONTENT="200"/><SP WIDTH="11" VPOS="571" HPOS="834"/>
							<String ID="string_120" HPOS="845" VPOS="570" WIDTH="42" HEIGHT="25" WC="0.96" CONTENT="mk,"/>
						</TextLine>
						<TextLine ID="line_15" HPOS="61" VPOS="598" WIDTH="826" HEIGHT="30">
							<String ID="string_121" HPOS="61" VPOS="598" WIDTH="69" HEIGHT="21" WC="0.96" CONTENT="skulle"/><SP WIDTH="24" VPOS="598" HPOS="130"/>
							<String ID="string_122" HPOS="154" VPOS="599" WIDTH="106" HEIGHT="21" WC="0.96" CONTENT="innefatta"/><SP WIDTH="22" VPOS="599" HPOS="260"/>
							<String ID="string_123" HPOS="282" VPOS="603" WIDTH="31" HEIGHT="18" WC="0.93" CONTENT="ett"/><SP WIDTH="22" VPOS="603" HPOS="313"/>
							<String ID="string_124" HPOS="335" VPOS="600" WIDTH="154" HEIGHT="28" WC="0.92" CONTENT="upphäfvande"/><SP WIDTH="24" VPOS="600" HPOS="489"/>
							<String ID="string_125" HPOS="513" VPOS="600" WIDTH="22" HEIGHT="21" WC="0.96" CONTENT="af"/><SP WIDTH="16" VPOS="600" HPOS="535"/>
							<String ID="string_126" HPOS="551" VPOS="600" WIDTH="26" HEIGHT="21" WC="0.96" CONTENT="de"/><SP WIDTH="16" VPOS="600" HPOS="577"/>
							<String ID="string_127" HPOS="593" VPOS="599" WIDTH="123" HEIGHT="22" WC="0.93" CONTENT="nuvarande"/><SP WIDTH="16" VPOS="599" HPOS="716"/>
							<String ID="string_128" HPOS="732" VPOS="599" WIDTH="99" HEIGHT="28" WC="0.92" CONTENT="borgare-"/><SP WIDTH="15" VPOS="599" HPOS="831"/>
							<String ID="string_129" HPOS="846" VPOS="599" WIDTH="41" HEIGHT="21" WC="0.96" CONTENT="och"/>
						</TextLine>
						<TextLine ID="line_16" HPOS="62" VPOS="627" WIDTH="824" HEIGHT="29">
							<String ID="string_130" HPOS="62" VPOS="627" WIDTH="164" HEIGHT="22" WC="0.90" CONTENT="bondestånden"/><SP WIDTH="22" VPOS="627" HPOS="226"/>
							<String ID="string_131" HPOS="248" VPOS="628" WIDTH="35" HEIGHT="21" WC="0.96" CONTENT="för"/><SP WIDTH="15" VPOS="628" HPOS="283"/>
							<String ID="string_132" HPOS="298" VPOS="631" WIDTH="31" HEIGHT="18" WC="0.96" CONTENT="att"/><SP WIDTH="16" VPOS="631" HPOS="329"/>
							<String ID="string_133" HPOS="345" VPOS="631" WIDTH="79" HEIGHT="18" WC="0.96" CONTENT="ersätta"/><SP WIDTH="16" VPOS="631" HPOS="424"/>
							<String ID="string_134" HPOS="440" VPOS="629" WIDTH="63" HEIGHT="21" WC="0.96" CONTENT="dessa"/><SP WIDTH="15" VPOS="629" HPOS="503"/>
							<String ID="string_135" HPOS="518" VPOS="636" WIDTH="77" HEIGHT="20" WC="0.96" CONTENT="genom"/><SP WIDTH="16" VPOS="636" HPOS="595"/>
							<String ID="string_136" HPOS="611" VPOS="628" WIDTH="37" HEIGHT="21" WC="0.93" CONTENT="två"/><SP WIDTH="16" VPOS="628" HPOS="648"/>
							<String ID="string_137" HPOS="664" VPOS="628" WIDTH="166" HEIGHT="26" WC="0.90" CONTENT="arbetarestånd,"/><SP WIDTH="15" VPOS="628" HPOS="830"/>
							<String ID="string_138" HPOS="845" VPOS="627" WIDTH="41" HEIGHT="22" WC="0.96" CONTENT="och"/>
						</TextLine>
						<TextLine ID="line_17" HPOS="62" VPOS="655" WIDTH="824" HEIGHT="30">
							<String ID="string_139" HPOS="62" VPOS="655" WIDTH="91" HEIGHT="22" WC="0.96" CONTENT="sålunda"/><SP WIDTH="18" VPOS="655" HPOS="153"/>
							<String ID="string_140" HPOS="171" VPOS="664" WIDTH="51" HEIGHT="13" WC="0.96" CONTENT="vara"/><SP WIDTH="16" VPOS="664" HPOS="222"/>
							<String ID="string_141" HPOS="238" VPOS="659" WIDTH="32" HEIGHT="18" WC="0.92" CONTENT="att"/><SP WIDTH="14" VPOS="659" HPOS="270"/>
							<String ID="string_142" HPOS="284" VPOS="657" WIDTH="104" HEIGHT="28" WC="0.92" CONTENT="godtgöra"/><SP WIDTH="17" VPOS="657" HPOS="388"/>
							<String ID="string_143" HPOS="405" VPOS="665" WIDTH="25" HEIGHT="13" WC="0.96" CONTENT="en"/><SP WIDTH="17" VPOS="665" HPOS="430"/>
							<String ID="string_144" HPOS="447" VPOS="659" WIDTH="103" HEIGHT="20" WC="0.96" CONTENT="orättvisa"/><SP WIDTH="15" VPOS="659" HPOS="550"/>
							<String ID="string_145" HPOS="565" VPOS="664" WIDTH="77" HEIGHT="21" WC="0.96" CONTENT="genom"/><SP WIDTH="16" VPOS="664" HPOS="642"/>
							<String ID="string_146" HPOS="658" VPOS="659" WIDTH="32" HEIGHT="18" WC="0.96" CONTENT="att"/><SP WIDTH="15" VPOS="659" HPOS="690"/>
							<String ID="string_147" HPOS="705" VPOS="656" WIDTH="55" HEIGHT="28" WC="0.96" CONTENT="begå"/><SP WIDTH="15" VPOS="656" HPOS="760"/>
							<String ID="string_148" HPOS="775" VPOS="664" WIDTH="25" HEIGHT="13" WC="0.96" CONTENT="en"/><SP WIDTH="16" VPOS="664" HPOS="800"/>
							<String ID="string_149" HPOS="816" VPOS="663" WIDTH="70" HEIGHT="14" WC="0.95" CONTENT="annan"/>
						</TextLine>
						<TextLine ID="line_18" HPOS="61" VPOS="685" WIDTH="825" HEIGHT="29">
							<String ID="string_150" HPOS="61" VPOS="685" WIDTH="109" HEIGHT="26" WC="0.96" CONTENT="orättvisa,"/><SP WIDTH="24" VPOS="685" HPOS="170"/>
							<String ID="string_151" HPOS="194" VPOS="685" WIDTH="106" HEIGHT="28" WC="0.96" CONTENT="nämligen"/><SP WIDTH="23" VPOS="685" HPOS="300"/>
							<String ID="string_152" HPOS="323" VPOS="689" WIDTH="32" HEIGHT="18" WC="0.95" CONTENT="att"/><SP WIDTH="20" VPOS="689" HPOS="355"/>
							<String ID="string_153" HPOS="375" VPOS="686" WIDTH="48" HEIGHT="21" WC="0.95" CONTENT="från"/><SP WIDTH="24" VPOS="686" HPOS="423"/>
							<String ID="string_154" HPOS="447" VPOS="686" WIDTH="198" HEIGHT="28" WC="0.96" CONTENT="representationen"/><SP WIDTH="26" VPOS="686" HPOS="645"/>
							<String ID="string_155" HPOS="671" VPOS="687" WIDTH="112" HEIGHT="26" WC="0.96" CONTENT="utestänga"/><SP WIDTH="24" VPOS="687" HPOS="783"/>
							<String ID="string_156" HPOS="807" VPOS="688" WIDTH="79" HEIGHT="18" WC="0.95" CONTENT="tvenne"/>
						</TextLine>
						<TextLine ID="line_19" HPOS="61" VPOS="712" WIDTH="825" HEIGHT="31">
							<String ID="string_157" HPOS="61" VPOS="712" WIDTH="134" HEIGHT="27" WC="0.92" CONTENT="folkklasser,"/><SP WIDTH="23" VPOS="712" HPOS="195"/>
							<String ID="string_158" HPOS="218" VPOS="721" WIDTH="46" HEIGHT="14" WC="0.93" CONTENT="som"/><SP WIDTH="23" VPOS="721" HPOS="264"/>
							<String ID="string_159" HPOS="287" VPOS="714" WIDTH="106" HEIGHT="21" WC="0.88" CONTENT="härintills"/><SP WIDTH="23" VPOS="714" HPOS="393"/>
							<String ID="string_160" HPOS="416" VPOS="715" WIDTH="28" HEIGHT="28" WC="0.96" CONTENT="på"/><SP WIDTH="23" VPOS="715" HPOS="444"/>
							<String ID="string_161" HPOS="467" VPOS="718" WIDTH="31" HEIGHT="18" WC="0.93" CONTENT="ett"/><SP WIDTH="19" VPOS="718" HPOS="498"/>
							<String ID="string_162" HPOS="517" VPOS="714" WIDTH="149" HEIGHT="29" WC="0.92" CONTENT="förtjenstfullt"/><SP WIDTH="16" VPOS="714" HPOS="666"/>
							<String ID="string_163" HPOS="682" VPOS="715" WIDTH="42" HEIGHT="20" WC="0.97" CONTENT="sätt"/><SP WIDTH="15" VPOS="715" HPOS="724"/>
							<String ID="string_164" HPOS="739" VPOS="714" WIDTH="75" HEIGHT="21" WC="0.96" CONTENT="verkat"/><SP WIDTH="15" VPOS="714" HPOS="814"/>
							<String ID="string_165" HPOS="829" VPOS="714" WIDTH="57" HEIGHT="20" WC="0.96" CONTENT="inom"/>
						</TextLine>
						<TextLine ID="line_20" HPOS="60" VPOS="741" WIDTH="130" HEIGHT="22">
							<String ID="string_166" HPOS="60" VPOS="741" WIDTH="130" HEIGHT="22" WC="0.91" CONTENT="densamma."/>
						</TextLine>
					</TextBlock>
					<TextBlock ID="block_5" HPOS="61" VPOS="770" WIDTH="826" HEIGHT="172">
						<TextLine ID="line_21" HPOS="131" VPOS="770" WIDTH="756" HEIGHT="29">
							<String ID="string_167" HPOS="131" VPOS="770" WIDTH="51" HEIGHT="21" WC="0.95" CONTENT="Med"/><SP WIDTH="22" VPOS="770" HPOS="182"/>
							<String ID="string_168" HPOS="204" VPOS="771" WIDTH="43" HEIGHT="28" WC="0.95" CONTENT="god"/><SP WIDTH="24" VPOS="771" HPOS="247"/>
							<String ID="string_169" HPOS="271" VPOS="771" WIDTH="50" HEIGHT="28" WC="0.96" CONTENT="vilja"/><SP WIDTH="21" VPOS="771" HPOS="321"/>
							<String ID="string_170" HPOS="342" VPOS="771" WIDTH="42" HEIGHT="22" WC="0.93" CONTENT="kan"/><SP WIDTH="23" VPOS="771" HPOS="384"/>
							<String ID="string_171" HPOS="407" VPOS="771" WIDTH="76" HEIGHT="28" WC="0.92" CONTENT="frägan"/><SP WIDTH="24" VPOS="771" HPOS="483"/>
							<String ID="string_172" HPOS="507" VPOS="771" WIDTH="117" HEIGHT="22" WC="0.92" CONTENT="emellertid"/><SP WIDTH="20" VPOS="771" HPOS="624"/>
							<String ID="string_173" HPOS="644" VPOS="772" WIDTH="56" HEIGHT="21" WC="0.93" CONTENT="lösas"/><SP WIDTH="16" VPOS="772" HPOS="700"/>
							<String ID="string_174" HPOS="716" VPOS="771" WIDTH="27" HEIGHT="28" WC="0.97" CONTENT="pä"/><SP WIDTH="16" VPOS="771" HPOS="743"/>
							<String ID="string_175" HPOS="759" VPOS="774" WIDTH="65" HEIGHT="17" WC="0.96" CONTENT="annat"/><SP WIDTH="15" VPOS="774" HPOS="824"/>
							<String ID="string_176" HPOS="839" VPOS="772" WIDTH="48" HEIGHT="24" WC="0.96" CONTENT="sätt,"/>
						</TextLine>
						<TextLine ID="line_22" HPOS="61" VPOS="799" WIDTH="825" HEIGHT="29">
							<String ID="string_177" HPOS="61" VPOS="799" WIDTH="107" HEIGHT="28" WC="0.94" CONTENT="nämligen"/><SP WIDTH="24" VPOS="799" HPOS="168"/>
							<String ID="string_178" HPOS="192" VPOS="799" WIDTH="29" HEIGHT="26" WC="0.94" CONTENT="sä,"/><SP WIDTH="17" VPOS="799" HPOS="221"/>
							<String ID="string_179" HPOS="238" VPOS="803" WIDTH="30" HEIGHT="18" WC="0.96" CONTENT="att"/><SP WIDTH="16" VPOS="803" HPOS="268"/>
							<String ID="string_180" HPOS="284" VPOS="800" WIDTH="27" HEIGHT="21" WC="0.96" CONTENT="de"/><SP WIDTH="16" VPOS="800" HPOS="311"/>
							<String ID="string_181" HPOS="327" VPOS="801" WIDTH="67" HEIGHT="27" WC="0.95" CONTENT="enligt"/><SP WIDTH="15" VPOS="801" HPOS="394"/>
							<String ID="string_182" HPOS="409" VPOS="808" WIDTH="29" HEIGHT="13" WC="0.96" CONTENT="nu"/><SP WIDTH="15" VPOS="808" HPOS="438"/>
							<String ID="string_183" HPOS="453" VPOS="800" WIDTH="100" HEIGHT="28" WC="0.93" CONTENT="gällande"/><SP WIDTH="17" VPOS="800" HPOS="553"/>
							<String ID="string_184" HPOS="570" VPOS="801" WIDTH="158" HEIGHT="27" WC="0.92" CONTENT="bestämningar"/><SP WIDTH="14" VPOS="801" HPOS="728"/>
							<String ID="string_185" HPOS="742" VPOS="799" WIDTH="144" HEIGHT="22" WC="0.89" CONTENT="rösträttslösa"/>
						</TextLine>
						<TextLine ID="line_23" HPOS="62" VPOS="828" WIDTH="825" HEIGHT="27">
							<String ID="string_186" HPOS="62" VPOS="835" WIDTH="129" HEIGHT="20" WC="0.91" CONTENT="personerna"/><SP WIDTH="16" VPOS="835" HPOS="191"/>
							<String ID="string_187" HPOS="207" VPOS="828" WIDTH="69" HEIGHT="21" WC="0.93" CONTENT="skulle"/><SP WIDTH="16" VPOS="828" HPOS="276"/>
							<String ID="string_188" HPOS="292" VPOS="829" WIDTH="139" HEIGHT="21" WC="0.91" CONTENT="sammansläs"/><SP WIDTH="16" VPOS="829" HPOS="431"/>
							<String ID="string_189" HPOS="447" VPOS="829" WIDTH="32" HEIGHT="20" WC="0.96" CONTENT="till"/><SP WIDTH="16" VPOS="829" HPOS="479"/>
							<String ID="string_190" HPOS="495" VPOS="837" WIDTH="26" HEIGHT="12" WC="0.93" CONTENT="en"/><SP WIDTH="17" VPOS="837" HPOS="521"/>
							<String ID="string_191" HPOS="538" VPOS="829" WIDTH="65" HEIGHT="26" WC="0.91" CONTENT="kurie,"/><SP WIDTH="16" VPOS="829" HPOS="603"/>
							<String ID="string_192" HPOS="619" VPOS="836" WIDTH="45" HEIGHT="14" WC="0.96" CONTENT="som"/><SP WIDTH="16" VPOS="836" HPOS="664"/>
							<String ID="string_193" HPOS="680" VPOS="829" WIDTH="54" HEIGHT="20" WC="0.96" CONTENT="efter"/><SP WIDTH="10" VPOS="829" HPOS="734"/>
							<String ID="string_194" HPOS="744" VPOS="829" WIDTH="76" HEIGHT="20" WC="0.93" CONTENT="allmän"/><SP WIDTH="12" VPOS="829" HPOS="820"/>
							<String ID="string_195" HPOS="832" VPOS="829" WIDTH="55" HEIGHT="20" WC="0.90" CONTENT="röst-"/>
						</TextLine>
						<TextLine ID="line_24" HPOS="61" VPOS="856" WIDTH="826" HEIGHT="29">
							<String ID="string_196" HPOS="61" VPOS="857" WIDTH="43" HEIGHT="19" WC="0.93" CONTENT="rätt"/><SP WIDTH="15" VPOS="857" HPOS="104"/>
							<String ID="string_197" HPOS="119" VPOS="856" WIDTH="55" HEIGHT="28" WC="0.96" CONTENT="finge"/><SP WIDTH="16" VPOS="856" HPOS="174"/>
							<String ID="string_198" HPOS="190" VPOS="857" WIDTH="56" HEIGHT="28" WC="0.96" CONTENT="välja"/><SP WIDTH="16" VPOS="857" HPOS="246"/>
							<String ID="string_199" HPOS="262" VPOS="859" WIDTH="30" HEIGHT="19" WC="0.94" CONTENT="ett"/><SP WIDTH="16" VPOS="859" HPOS="292"/>
							<String ID="string_200" HPOS="308" VPOS="858" WIDTH="54" HEIGHT="20" WC="0.96" CONTENT="visst"/><SP WIDTH="15" VPOS="858" HPOS="362"/>
							<String ID="string_201" HPOS="377" VPOS="858" WIDTH="58" HEIGHT="20" WC="0.95" CONTENT="antal"/><SP WIDTH="16" VPOS="858" HPOS="435"/>
							<String ID="string_202" HPOS="451" VPOS="860" WIDTH="177" HEIGHT="25" WC="0.93" CONTENT="representanter,"/><SP WIDTH="14" VPOS="860" HPOS="628"/>
							<String ID="string_203" HPOS="642" VPOS="857" WIDTH="112" HEIGHT="21" WC="0.96" CONTENT="arbetarna"/><SP WIDTH="16" VPOS="857" HPOS="754"/>
							<String ID="string_204" HPOS="770" VPOS="857" WIDTH="5" HEIGHT="20" WC="0.93" CONTENT="i"/><SP WIDTH="12" VPOS="857" HPOS="775"/>
							<String ID="string_205" HPOS="787" VPOS="857" WIDTH="100" HEIGHT="20" WC="0.96" CONTENT="städerna"/>
						</TextLine>
						<TextLine ID="line_25" HPOS="61" VPOS="884" WIDTH="825" HEIGHT="30">
							<String ID="string_206" HPOS="61" VPOS="884" WIDTH="32" HEIGHT="21" WC="0.93" CONTENT="till"/><SP WIDTH="25" VPOS="884" HPOS="93"/>
							<String ID="string_207" HPOS="118" VPOS="885" WIDTH="176" HEIGHT="27" WC="0.92" CONTENT="borgareständet"/><SP WIDTH="21" VPOS="885" HPOS="294"/>
							<String ID="string_208" HPOS="315" VPOS="886" WIDTH="41" HEIGHT="21" WC="0.93" CONTENT="och"/><SP WIDTH="16" VPOS="886" HPOS="356"/>
							<String ID="string_209" HPOS="372" VPOS="886" WIDTH="112" HEIGHT="21" WC="0.92" CONTENT="arbetarna"/><SP WIDTH="16" VPOS="886" HPOS="484"/>
							<String ID="string_210" HPOS="500" VPOS="889" WIDTH="55" HEIGHT="19" WC="0.93" CONTENT="samt"/><SP WIDTH="15" VPOS="889" HPOS="555"/>
							<String ID="string_211" HPOS="570" VPOS="886" WIDTH="69" HEIGHT="28" WC="0.92" CONTENT="öfriga"/><SP WIDTH="16" VPOS="886" HPOS="639"/>
							<String ID="string_212" HPOS="655" VPOS="894" WIDTH="27" HEIGHT="13" WC="0.93" CONTENT="nu"/><SP WIDTH="17" VPOS="894" HPOS="682"/>
							<String ID="string_213" HPOS="699" VPOS="885" WIDTH="187" HEIGHT="29" WC="0.92" CONTENT="orepresenterade"/>
						</TextLine>
						<TextLine ID="line_26" HPOS="61" VPOS="913" WIDTH="580" HEIGHT="29">
							<String ID="string_214" HPOS="61" VPOS="913" WIDTH="130" HEIGHT="22" WC="0.93" CONTENT="folkklasser"/><SP WIDTH="16" VPOS="913" HPOS="191"/>
							<String ID="string_215" HPOS="207" VPOS="914" WIDTH="27" HEIGHT="28" WC="0.93" CONTENT="pä"/><SP WIDTH="16" VPOS="914" HPOS="234"/>
							<String ID="string_216" HPOS="250" VPOS="914" WIDTH="162" HEIGHT="28" WC="0.92" CONTENT="landsbyggden"/><SP WIDTH="17" VPOS="914" HPOS="412"/>
							<String ID="string_217" HPOS="429" VPOS="915" WIDTH="32" HEIGHT="21" WC="0.93" CONTENT="till"/><SP WIDTH="16" VPOS="915" HPOS="461"/>
							<String ID="string_218" HPOS="477" VPOS="915" WIDTH="164" HEIGHT="21" WC="0.92" CONTENT="bondeständet."/>
						</TextLine>
					</TextBlock>
					<TextBlock ID="block_6" HPOS="61" VPOS="942" WIDTH="826" HEIGHT="144">
						<TextLine ID="line_27" HPOS="131" VPOS="942" WIDTH="755" HEIGHT="29">
							<String ID="string_219" HPOS="131" VPOS="942" WIDTH="33" HEIGHT="21" WC="0.92" CONTENT="En"/><SP WIDTH="24" VPOS="942" HPOS="164"/>
							<String ID="string_220" HPOS="188" VPOS="942" WIDTH="59" HEIGHT="29" WC="0.96" CONTENT="dylik"/><SP WIDTH="23" VPOS="942" HPOS="247"/>
							<String ID="string_221" HPOS="270" VPOS="943" WIDTH="85" HEIGHT="28" WC="0.96" CONTENT="reform,"/><SP WIDTH="23" VPOS="943" HPOS="355"/>
							<String ID="string_222" HPOS="378" VPOS="951" WIDTH="46" HEIGHT="13" WC="0.91" CONTENT="som"/><SP WIDTH="16" VPOS="951" HPOS="424"/>
							<String ID="string_223" HPOS="440" VPOS="944" WIDTH="61" HEIGHT="20" WC="0.76" CONTENT="stode"/><SP WIDTH="16" VPOS="944" HPOS="501"/>
							<String ID="string_224" HPOS="517" VPOS="944" WIDTH="6" HEIGHT="20" WC="0.76" CONTENT="i"/><SP WIDTH="16" VPOS="944" HPOS="523"/>
							<String ID="string_225" HPOS="539" VPOS="944" WIDTH="39" HEIGHT="20" WC="0.93" CONTENT="full"/><SP WIDTH="17" VPOS="944" HPOS="578"/>
							<String ID="string_226" HPOS="595" VPOS="944" WIDTH="141" HEIGHT="20" WC="0.92" CONTENT="konformität"/><SP WIDTH="14" VPOS="944" HPOS="736"/>
							<String ID="string_227" HPOS="750" VPOS="943" WIDTH="48" HEIGHT="21" WC="0.93" CONTENT="med"/><SP WIDTH="17" VPOS="943" HPOS="798"/>
							<String ID="string_228" HPOS="815" VPOS="942" WIDTH="71" HEIGHT="21" WC="0.96" CONTENT="andan"/>
						</TextLine>
						<TextLine ID="line_28" HPOS="61" VPOS="971" WIDTH="825" HEIGHT="29">
							<String ID="string_229" HPOS="61" VPOS="972" WIDTH="56" HEIGHT="19" WC="0.93" CONTENT="inom"/><SP WIDTH="21" VPOS="972" HPOS="117"/>
							<String ID="string_230" HPOS="138" VPOS="971" WIDTH="48" HEIGHT="21" WC="0.91" CONTENT="värt"/><SP WIDTH="15" VPOS="971" HPOS="186"/>
							<String ID="string_231" HPOS="201" VPOS="972" WIDTH="123" HEIGHT="21" WC="0.93" CONTENT="nuvarande"/><SP WIDTH="15" VPOS="972" HPOS="324"/>
							<String ID="string_232" HPOS="339" VPOS="972" WIDTH="251" HEIGHT="28" WC="0.92" CONTENT="representationsskick,"/><SP WIDTH="17" VPOS="972" HPOS="590"/>
							<String ID="string_233" HPOS="607" VPOS="972" WIDTH="68" HEIGHT="21" WC="0.96" CONTENT="skulle"/><SP WIDTH="16" VPOS="972" HPOS="675"/>
							<String ID="string_234" HPOS="691" VPOS="972" WIDTH="75" HEIGHT="21" WC="0.93" CONTENT="endast"/><SP WIDTH="15" VPOS="972" HPOS="766"/>
							<String ID="string_235" HPOS="781" VPOS="971" WIDTH="105" HEIGHT="21" WC="0.93" CONTENT="innefatta"/>
						</TextLine>
						<TextLine ID="line_29" HPOS="61" VPOS="999" WIDTH="826" HEIGHT="30">
							<String ID="string_236" HPOS="61" VPOS="1006" WIDTH="26" HEIGHT="14" WC="0.91" CONTENT="en"/><SP WIDTH="23" VPOS="1006" HPOS="87"/>
							<String ID="string_237" HPOS="110" VPOS="999" WIDTH="55" HEIGHT="21" WC="0.91" CONTENT="sund"/><SP WIDTH="23" VPOS="999" HPOS="165"/>
							<String ID="string_238" HPOS="188" VPOS="1000" WIDTH="125" HEIGHT="28" WC="0.96" CONTENT="utveckling"/><SP WIDTH="22" VPOS="1000" HPOS="313"/>
							<String ID="string_239" HPOS="335" VPOS="1004" WIDTH="51" HEIGHT="18" WC="0.96" CONTENT="utan"/><SP WIDTH="19" VPOS="1004" HPOS="386"/>
							<String ID="string_240" HPOS="405" VPOS="1004" WIDTH="31" HEIGHT="18" WC="0.96" CONTENT="att"/><SP WIDTH="15" VPOS="1004" HPOS="436"/>
							<String ID="string_241" HPOS="451" VPOS="1002" WIDTH="76" HEIGHT="27" WC="0.96" CONTENT="utgöra"/><SP WIDTH="16" VPOS="1002" HPOS="527"/>
							<String ID="string_242" HPOS="543" VPOS="1008" WIDTH="25" HEIGHT="14" WC="0.93" CONTENT="en"/><SP WIDTH="16" VPOS="1008" HPOS="568"/>
							<String ID="string_243" HPOS="584" VPOS="1001" WIDTH="145" HEIGHT="21" WC="0.92" CONTENT="revolutionär"/><SP WIDTH="15" VPOS="1001" HPOS="729"/>
							<String ID="string_244" HPOS="744" VPOS="1000" WIDTH="143" HEIGHT="27" WC="0.93" CONTENT="omstörtning"/>
						</TextLine>
						<TextLine ID="line_30" HPOS="61" VPOS="1028" WIDTH="824" HEIGHT="29">
							<String ID="string_245" HPOS="61" VPOS="1028" WIDTH="23" HEIGHT="20" WC="0.92" CONTENT="af"/><SP WIDTH="24" VPOS="1028" HPOS="84"/>
							<String ID="string_246" HPOS="108" VPOS="1028" WIDTH="124" HEIGHT="26" WC="0.91" CONTENT="detsamma,"/><SP WIDTH="24" VPOS="1028" HPOS="232"/>
							<String ID="string_247" HPOS="256" VPOS="1029" WIDTH="118" HEIGHT="28" WC="0.91" CONTENT="hvarjämte"/><SP WIDTH="24" VPOS="1029" HPOS="374"/>
							<String ID="string_248" HPOS="398" VPOS="1029" WIDTH="109" HEIGHT="21" WC="0.92" CONTENT="reformen"/><SP WIDTH="26" VPOS="1029" HPOS="507"/>
							<String ID="string_249" HPOS="533" VPOS="1029" WIDTH="72" HEIGHT="21" WC="0.96" CONTENT="kunde"/><SP WIDTH="24" VPOS="1029" HPOS="605"/>
							<String ID="string_250" HPOS="629" VPOS="1036" WIDTH="77" HEIGHT="21" WC="0.92" CONTENT="genom"/><SP WIDTH="24" VPOS="1036" HPOS="706"/>
							<String ID="string_251" HPOS="730" VPOS="1028" WIDTH="155" HEIGHT="29" WC="0.92" CONTENT="jämförelsevis"/>
						</TextLine>
						<TextLine ID="line_31" HPOS="61" VPOS="1056" WIDTH="751" HEIGHT="30">
							<String ID="string_252" HPOS="61" VPOS="1056" WIDTH="62" HEIGHT="22" WC="0.92" CONTENT="enkla"/><SP WIDTH="16" VPOS="1056" HPOS="123"/>
							<String ID="string_253" HPOS="139" VPOS="1057" WIDTH="75" HEIGHT="28" WC="0.92" CONTENT="tillägg"/><SP WIDTH="16" VPOS="1057" HPOS="214"/>
							<String ID="string_254" HPOS="230" VPOS="1058" WIDTH="31" HEIGHT="20" WC="0.94" CONTENT="till"/><SP WIDTH="17" VPOS="1058" HPOS="261"/>
							<String ID="string_255" HPOS="278" VPOS="1066" WIDTH="28" HEIGHT="12" WC="0.96" CONTENT="nu"/><SP WIDTH="15" VPOS="1066" HPOS="306"/>
							<String ID="string_256" HPOS="321" VPOS="1058" WIDTH="100" HEIGHT="27" WC="0.93" CONTENT="gällande"/><SP WIDTH="17" VPOS="1058" HPOS="421"/>
							<String ID="string_257" HPOS="438" VPOS="1058" WIDTH="217" HEIGHT="28" WC="0.92" CONTENT="Landtdagsordning"/><SP WIDTH="15" VPOS="1058" HPOS="655"/>
							<String ID="string_258" HPOS="670" VPOS="1058" WIDTH="142" HEIGHT="27" WC="0.96" CONTENT="genomföras."/>
						</TextLine>
					</TextBlock>
					<TextBlock ID="block_7" HPOS="61" VPOS="1085" WIDTH="825" HEIGHT="87">
						<TextLine ID="line_32" HPOS="131" VPOS="1085" WIDTH="755" HEIGHT="30">
							<String ID="string_259" HPOS="131" VPOS="1085" WIDTH="117" HEIGHT="21" WC="0.91" CONTENT="Gentemot"/><SP WIDTH="15" VPOS="1085" HPOS="248"/>
							<String ID="string_260" HPOS="263" VPOS="1086" WIDTH="131" HEIGHT="28" WC="0.92" CONTENT="tilläggande"/><SP WIDTH="15" VPOS="1086" HPOS="394"/>
							<String ID="string_261" HPOS="409" VPOS="1086" WIDTH="23" HEIGHT="21" WC="0.93" CONTENT="af"/><SP WIDTH="15" VPOS="1086" HPOS="432"/>
							<String ID="string_262" HPOS="447" VPOS="1087" WIDTH="87" HEIGHT="28" WC="0.92" CONTENT="politisk"/><SP WIDTH="16" VPOS="1087" HPOS="534"/>
							<String ID="string_263" HPOS="550" VPOS="1088" WIDTH="88" HEIGHT="19" WC="0.92" CONTENT="rösträtt"/><SP WIDTH="15" VPOS="1088" HPOS="638"/>
							<String ID="string_264" HPOS="653" VPOS="1086" WIDTH="21" HEIGHT="21" WC="0.96" CONTENT="ät"/><SP WIDTH="16" VPOS="1086" HPOS="674"/>
							<String ID="string_265" HPOS="690" VPOS="1086" WIDTH="26" HEIGHT="21" WC="0.95" CONTENT="de"/><SP WIDTH="24" VPOS="1086" HPOS="716"/>
							<String ID="string_266" HPOS="740" VPOS="1086" WIDTH="146" HEIGHT="27" WC="0.96" CONTENT="medborgare,"/>
						</TextLine>
						<TextLine ID="line_33" HPOS="61" VPOS="1114" WIDTH="825" HEIGHT="28">
							<String ID="string_267" HPOS="61" VPOS="1121" WIDTH="44" HEIGHT="13" WC="0.89" CONTENT="som"/><SP WIDTH="25" VPOS="1121" HPOS="105"/>
							<String ID="string_268" HPOS="130" VPOS="1114" WIDTH="48" HEIGHT="21" WC="0.89" CONTENT="icke"/><SP WIDTH="17" VPOS="1114" HPOS="178"/>
							<String ID="string_269" HPOS="195" VPOS="1114" WIDTH="69" HEIGHT="22" WC="0.93" CONTENT="betala"/><SP WIDTH="16" VPOS="1114" HPOS="264"/>
							<String ID="string_270" HPOS="280" VPOS="1114" WIDTH="71" HEIGHT="22" WC="0.93" CONTENT="direkt"/><SP WIDTH="15" VPOS="1114" HPOS="351"/>
							<String ID="string_271" HPOS="366" VPOS="1115" WIDTH="58" HEIGHT="21" WC="0.91" CONTENT="skatt"/><SP WIDTH="15" VPOS="1115" HPOS="424"/>
							<String ID="string_272" HPOS="439" VPOS="1116" WIDTH="32" HEIGHT="20" WC="0.93" CONTENT="till"/><SP WIDTH="17" VPOS="1116" HPOS="471"/>
							<String ID="string_273" HPOS="488" VPOS="1116" WIDTH="135" HEIGHT="25" WC="0.92" CONTENT="kommunen,"/><SP WIDTH="15" VPOS="1116" HPOS="623"/>
							<String ID="string_274" HPOS="638" VPOS="1115" WIDTH="38" HEIGHT="21" WC="0.96" CONTENT="har"/><SP WIDTH="15" VPOS="1115" HPOS="676"/>
							<String ID="string_275" HPOS="691" VPOS="1115" WIDTH="41" HEIGHT="21" WC="0.93" CONTENT="den"/><SP WIDTH="16" VPOS="1115" HPOS="732"/>
							<String ID="string_276" HPOS="748" VPOS="1114" WIDTH="56" HEIGHT="22" WC="0.93" CONTENT="äsikt"/><SP WIDTH="15" VPOS="1114" HPOS="804"/>
							<String ID="string_277" HPOS="819" VPOS="1115" WIDTH="67" HEIGHT="27" WC="0.96" CONTENT="gjorts"/>
						</TextLine>
						<TextLine ID="line_34" HPOS="61" VPOS="1142" WIDTH="802" HEIGHT="30">
							<String ID="string_278" HPOS="61" VPOS="1142" WIDTH="105" HEIGHT="28" WC="0.96" CONTENT="gällande,"/><SP WIDTH="16" VPOS="1142" HPOS="166"/>
							<String ID="string_279" HPOS="182" VPOS="1146" WIDTH="32" HEIGHT="17" WC="0.93" CONTENT="att"/><SP WIDTH="15" VPOS="1146" HPOS="214"/>
							<String ID="string_280" HPOS="229" VPOS="1143" WIDTH="182" HEIGHT="29" WC="0.93" CONTENT="skattebetalning"/><SP WIDTH="15" VPOS="1143" HPOS="411"/>
							<String ID="string_281" HPOS="426" VPOS="1146" WIDTH="23" HEIGHT="18" WC="0.96" CONTENT="är"/><SP WIDTH="16" VPOS="1146" HPOS="449"/>
							<String ID="string_282" HPOS="465" VPOS="1147" WIDTH="30" HEIGHT="17" WC="0.93" CONTENT="ett"/><SP WIDTH="16" VPOS="1147" HPOS="495"/>
							<String ID="string_283" HPOS="511" VPOS="1144" WIDTH="103" HEIGHT="27" WC="0.92" CONTENT="naturligt"/><SP WIDTH="15" VPOS="1144" HPOS="614"/>
							<String ID="string_284" HPOS="629" VPOS="1144" WIDTH="77" HEIGHT="20" WC="0.96" CONTENT="villkor"/><SP WIDTH="15" VPOS="1144" HPOS="706"/>
							<String ID="string_285" HPOS="721" VPOS="1143" WIDTH="34" HEIGHT="21" WC="0.93" CONTENT="för"/><SP WIDTH="14" VPOS="1143" HPOS="755"/>
							<String ID="string_286" HPOS="769" VPOS="1144" WIDTH="94" HEIGHT="20" WC="0.92" CONTENT="rösträtt."/>
						</TextLine>
					</TextBlock>
					<TextBlock ID="block_8" HPOS="60" VPOS="1170" WIDTH="827" HEIGHT="87">
						<TextLine ID="line_35" HPOS="130" VPOS="1170" WIDTH="756" HEIGHT="30">
							<String ID="string_287" HPOS="130" VPOS="1171" WIDTH="126" HEIGHT="21" WC="0.89" CONTENT="Emellertid"/><SP WIDTH="25" VPOS="1171" HPOS="256"/>
							<String ID="string_288" HPOS="281" VPOS="1172" WIDTH="68" HEIGHT="21" WC="0.89" CONTENT="betala"/><SP WIDTH="16" VPOS="1172" HPOS="349"/>
							<String ID="string_289" HPOS="365" VPOS="1172" WIDTH="41" HEIGHT="21" WC="0.96" CONTENT="alla"/><SP WIDTH="20" VPOS="1172" HPOS="406"/>
							<String ID="string_290" HPOS="426" VPOS="1172" WIDTH="139" HEIGHT="28" WC="0.93" CONTENT="medborgare"/><SP WIDTH="16" VPOS="1172" HPOS="565"/>
							<String ID="string_291" HPOS="581" VPOS="1173" WIDTH="59" HEIGHT="20" WC="0.93" CONTENT="skatt"/><SP WIDTH="15" VPOS="1173" HPOS="640"/>
							<String ID="string_292" HPOS="655" VPOS="1172" WIDTH="31" HEIGHT="20" WC="0.96" CONTENT="till"/><SP WIDTH="16" VPOS="1172" HPOS="686"/>
							<String ID="string_293" HPOS="702" VPOS="1175" WIDTH="76" HEIGHT="23" WC="0.96" CONTENT="staten,"/><SP WIDTH="15" VPOS="1175" HPOS="778"/>
							<String ID="string_294" HPOS="793" VPOS="1171" WIDTH="46" HEIGHT="21" WC="0.93" CONTENT="dels"/><SP WIDTH="16" VPOS="1171" HPOS="839"/>
							<String ID="string_295" HPOS="855" VPOS="1170" WIDTH="31" HEIGHT="22" WC="0.93" CONTENT="di-"/>
						</TextLine>
						<TextLine ID="line_36" HPOS="60" VPOS="1199" WIDTH="827" HEIGHT="30">
							<String ID="string_296" HPOS="60" VPOS="1199" WIDTH="48" HEIGHT="21" WC="0.73" CONTENT="rekt"/><SP WIDTH="13" VPOS="1199" HPOS="108"/>
							<String ID="string_297" HPOS="121" VPOS="1200" WIDTH="5" HEIGHT="20" WC="0.73" CONTENT="i"/><SP WIDTH="17" VPOS="1200" HPOS="126"/>
							<String ID="string_298" HPOS="143" VPOS="1200" WIDTH="54" HEIGHT="20" WC="0.96" CONTENT="form"/><SP WIDTH="17" VPOS="1200" HPOS="197"/>
							<String ID="string_299" HPOS="214" VPOS="1200" WIDTH="23" HEIGHT="21" WC="0.93" CONTENT="af"/><SP WIDTH="15" VPOS="1200" HPOS="237"/>
							<String ID="string_300" HPOS="252" VPOS="1201" WIDTH="220" HEIGHT="28" WC="0.92" CONTENT="mantalspenningen,"/><SP WIDTH="17" VPOS="1201" HPOS="472"/>
							<String ID="string_301" HPOS="489" VPOS="1201" WIDTH="46" HEIGHT="21" WC="0.97" CONTENT="dels"/><SP WIDTH="16" VPOS="1201" HPOS="535"/>
							<String ID="string_302" HPOS="551" VPOS="1202" WIDTH="5" HEIGHT="20" WC="0.96" CONTENT="i"/><SP WIDTH="17" VPOS="1202" HPOS="556"/>
							<String ID="string_303" HPOS="573" VPOS="1202" WIDTH="56" HEIGHT="20" WC="0.96" CONTENT="ännu"/><SP WIDTH="15" VPOS="1202" HPOS="629"/>
							<String ID="string_304" HPOS="644" VPOS="1200" WIDTH="66" HEIGHT="28" WC="0.96" CONTENT="högre"/><SP WIDTH="15" VPOS="1200" HPOS="710"/>
							<String ID="string_305" HPOS="725" VPOS="1200" WIDTH="51" HEIGHT="28" WC="0.93" CONTENT="grad"/><SP WIDTH="17" VPOS="1200" HPOS="776"/>
							<String ID="string_306" HPOS="793" VPOS="1200" WIDTH="94" HEIGHT="21" WC="0.96" CONTENT="indirekt"/>
						</TextLine>
						<TextLine ID="line_37" HPOS="61" VPOS="1228" WIDTH="650" HEIGHT="29">
							<String ID="string_307" HPOS="61" VPOS="1228" WIDTH="6" HEIGHT="20" WC="0.96" CONTENT="i"/><SP WIDTH="16" VPOS="1228" HPOS="67"/>
							<String ID="string_308" HPOS="83" VPOS="1228" WIDTH="54" HEIGHT="20" WC="0.96" CONTENT="form"/><SP WIDTH="17" VPOS="1228" HPOS="137"/>
							<String ID="string_309" HPOS="154" VPOS="1228" WIDTH="23" HEIGHT="21" WC="0.93" CONTENT="af"/><SP WIDTH="14" VPOS="1228" HPOS="177"/>
							<String ID="string_310" HPOS="191" VPOS="1229" WIDTH="105" HEIGHT="27" WC="0.91" CONTENT="tullafgift"/><SP WIDTH="15" VPOS="1229" HPOS="296"/>
							<String ID="string_311" HPOS="311" VPOS="1229" WIDTH="40" HEIGHT="21" WC="0.96" CONTENT="och"/><SP WIDTH="16" VPOS="1229" HPOS="351"/>
							<String ID="string_312" HPOS="367" VPOS="1230" WIDTH="106" HEIGHT="20" WC="0.93" CONTENT="särskilda"/><SP WIDTH="16" VPOS="1230" HPOS="473"/>
							<String ID="string_313" HPOS="489" VPOS="1229" WIDTH="222" HEIGHT="28" WC="0.91" CONTENT="bevillningsafgifter."/>
						</TextLine>
					</TextBlock>
					<TextBlock ID="block_9" HPOS="61" VPOS="1256" WIDTH="826" HEIGHT="80">
						<TextLine ID="line_38" HPOS="130" VPOS="1256" WIDTH="757" HEIGHT="30">
							<String ID="string_314" HPOS="130" VPOS="1256" WIDTH="67" HEIGHT="22" WC="0.92" CONTENT="Detta"/><SP WIDTH="22" VPOS="1256" HPOS="197"/>
							<String ID="string_315" HPOS="219" VPOS="1258" WIDTH="106" HEIGHT="28" WC="0.91" CONTENT="naturliga"/><SP WIDTH="24" VPOS="1258" HPOS="325"/>
							<String ID="string_316" HPOS="349" VPOS="1258" WIDTH="79" HEIGHT="21" WC="0.93" CONTENT="villkor"/><SP WIDTH="22" VPOS="1258" HPOS="428"/>
							<String ID="string_317" HPOS="450" VPOS="1258" WIDTH="109" HEIGHT="28" WC="0.92" CONTENT="uppfylles"/><SP WIDTH="20" VPOS="1258" HPOS="559"/>
							<String ID="string_318" HPOS="579" VPOS="1258" WIDTH="83" HEIGHT="21" WC="0.93" CONTENT="säledes"/><SP WIDTH="16" VPOS="1258" HPOS="662"/>
							<String ID="string_319" HPOS="678" VPOS="1257" WIDTH="90" HEIGHT="21" WC="0.93" CONTENT="faktiskt"/><SP WIDTH="15" VPOS="1257" HPOS="768"/>
							<String ID="string_320" HPOS="783" VPOS="1257" WIDTH="65" HEIGHT="21" WC="0.92" CONTENT="äfven"/><SP WIDTH="16" VPOS="1257" HPOS="848"/>
							<String ID="string_321" HPOS="864" VPOS="1256" WIDTH="23" HEIGHT="21" WC="0.97" CONTENT="af"/>
						</TextLine>
						<TextLine ID="line_39" HPOS="61" VPOS="1284" WIDTH="826" HEIGHT="30">
							<String ID="string_322" HPOS="61" VPOS="1284" WIDTH="55" HEIGHT="27" WC="0.96" CONTENT="dem,"/><SP WIDTH="23" VPOS="1284" HPOS="116"/>
							<String ID="string_323" HPOS="139" VPOS="1293" WIDTH="45" HEIGHT="13" WC="0.96" CONTENT="som"/><SP WIDTH="24" VPOS="1293" HPOS="184"/>
							<String ID="string_324" HPOS="208" VPOS="1286" WIDTH="28" HEIGHT="28" WC="0.96" CONTENT="pä"/><SP WIDTH="20" VPOS="1286" HPOS="236"/>
							<String ID="string_325" HPOS="256" VPOS="1286" WIDTH="68" HEIGHT="28" WC="0.96" CONTENT="grund"/><SP WIDTH="24" VPOS="1286" HPOS="324"/>
							<String ID="string_326" HPOS="348" VPOS="1286" WIDTH="23" HEIGHT="22" WC="0.93" CONTENT="af"/><SP WIDTH="22" VPOS="1286" HPOS="371"/>
							<String ID="string_327" HPOS="393" VPOS="1286" WIDTH="46" HEIGHT="22" WC="0.92" CONTENT="smä"/><SP WIDTH="17" VPOS="1286" HPOS="439"/>
							<String ID="string_328" HPOS="456" VPOS="1288" WIDTH="119" HEIGHT="20" WC="0.93" CONTENT="inkomster"/><SP WIDTH="14" VPOS="1288" HPOS="575"/>
							<String ID="string_329" HPOS="589" VPOS="1288" WIDTH="37" HEIGHT="19" WC="0.93" CONTENT="äro"/><SP WIDTH="17" VPOS="1288" HPOS="626"/>
							<String ID="string_330" HPOS="643" VPOS="1286" WIDTH="95" HEIGHT="22" WC="0.91" CONTENT="befriade"/><SP WIDTH="16" VPOS="1286" HPOS="738"/>
							<String ID="string_331" HPOS="754" VPOS="1286" WIDTH="46" HEIGHT="21" WC="0.93" CONTENT="frän"/><SP WIDTH="16" VPOS="1286" HPOS="800"/>
							<String ID="string_332" HPOS="816" VPOS="1285" WIDTH="71" HEIGHT="21" WC="0.96" CONTENT="direkt"/>
						</TextLine>
						<TextLine ID="line_40" HPOS="61" VPOS="1314" WIDTH="187" HEIGHT="22">
							<String ID="string_333" HPOS="61" VPOS="1314" WIDTH="187" HEIGHT="22" WC="0.90" CONTENT="kommunalskatt."/>
						</TextLine>
					</TextBlock>
					<TextBlock ID="block_10" HPOS="60" VPOS="1342" WIDTH="827" HEIGHT="80">
						<TextLine ID="line_41" HPOS="130" VPOS="1342" WIDTH="756" HEIGHT="30">
							<String ID="string_334" HPOS="130" VPOS="1342" WIDTH="138" HEIGHT="22" WC="0.91" CONTENT="Beträffande"/><SP WIDTH="23" VPOS="1342" HPOS="268"/>
							<String ID="string_335" HPOS="291" VPOS="1343" WIDTH="119" HEIGHT="29" WC="0.92" CONTENT="ordningen"/><SP WIDTH="16" VPOS="1343" HPOS="410"/>
							<String ID="string_336" HPOS="426" VPOS="1344" WIDTH="35" HEIGHT="21" WC="0.93" CONTENT="för"/><SP WIDTH="15" VPOS="1344" HPOS="461"/>
							<String ID="string_337" HPOS="476" VPOS="1344" WIDTH="63" HEIGHT="21" WC="0.92" CONTENT="valen"/><SP WIDTH="16" VPOS="1344" HPOS="539"/>
							<String ID="string_338" HPOS="555" VPOS="1344" WIDTH="42" HEIGHT="20" WC="0.93" CONTENT="kan"/><SP WIDTH="16" VPOS="1344" HPOS="597"/>
							<String ID="string_339" HPOS="613" VPOS="1344" WIDTH="122" HEIGHT="20" WC="0.92" CONTENT="densamma"/><SP WIDTH="15" VPOS="1344" HPOS="735"/>
							<String ID="string_340" HPOS="750" VPOS="1342" WIDTH="136" HEIGHT="29" WC="0.96" CONTENT="genomföras"/>
						</TextLine>
						<TextLine ID="line_42" HPOS="61" VPOS="1371" WIDTH="826" HEIGHT="28">
							<String ID="string_341" HPOS="61" VPOS="1371" WIDTH="28" HEIGHT="28" WC="0.96" CONTENT="pä"/><SP WIDTH="14" VPOS="1371" HPOS="89"/>
							<String ID="string_342" HPOS="103" VPOS="1371" WIDTH="57" HEIGHT="21" WC="0.96" CONTENT="olika"/><SP WIDTH="22" VPOS="1371" HPOS="160"/>
							<String ID="string_343" HPOS="182" VPOS="1373" WIDTH="48" HEIGHT="23" WC="0.93" CONTENT="sätt,"/><SP WIDTH="16" VPOS="1373" HPOS="230"/>
							<String ID="string_344" HPOS="246" VPOS="1372" WIDTH="90" HEIGHT="21" WC="0.90" CONTENT="hvarvid"/><SP WIDTH="17" VPOS="1372" HPOS="336"/>
							<String ID="string_345" HPOS="353" VPOS="1372" WIDTH="55" HEIGHT="21" WC="0.90" CONTENT="blott"/><SP WIDTH="15" VPOS="1372" HPOS="408"/>
							<String ID="string_346" HPOS="423" VPOS="1372" WIDTH="216" HEIGHT="22" WC="0.92" CONTENT="hufvudkonturerna"/><SP WIDTH="15" VPOS="1372" HPOS="639"/>
							<String ID="string_347" HPOS="654" VPOS="1372" WIDTH="72" HEIGHT="21" WC="0.96" CONTENT="kunna"/><SP WIDTH="15" VPOS="1372" HPOS="726"/>
							<String ID="string_348" HPOS="741" VPOS="1373" WIDTH="56" HEIGHT="20" WC="0.95" CONTENT="inom"/><SP WIDTH="16" VPOS="1373" HPOS="797"/>
							<String ID="string_349" HPOS="813" VPOS="1378" WIDTH="74" HEIGHT="14" WC="0.96" CONTENT="ramen"/>
						</TextLine>
						<TextLine ID="line_43" HPOS="60" VPOS="1400" WIDTH="483" HEIGHT="22">
							<String ID="string_350" HPOS="60" VPOS="1400" WIDTH="24" HEIGHT="20" WC="0.96" CONTENT="af"/><SP WIDTH="15" VPOS="1400" HPOS="84"/>
							<String ID="string_351" HPOS="99" VPOS="1400" WIDTH="59" HEIGHT="21" WC="0.93" CONTENT="detta"/><SP WIDTH="15" VPOS="1400" HPOS="158"/>
							<String ID="string_352" HPOS="173" VPOS="1400" WIDTH="135" HEIGHT="22" WC="0.92" CONTENT="vördsamma"/><SP WIDTH="15" VPOS="1400" HPOS="308"/>
							<String ID="string_353" HPOS="323" VPOS="1401" WIDTH="110" HEIGHT="21" WC="0.93" CONTENT="memorial"/><SP WIDTH="16" VPOS="1401" HPOS="433"/>
							<String ID="string_354" HPOS="449" VPOS="1401" WIDTH="94" HEIGHT="21" WC="0.93" CONTENT="anföras."/>
						</TextLine>
					</TextBlock>
					<TextBlock ID="block_11" HPOS="59" VPOS="1428" WIDTH="829" HEIGHT="116">
						<TextLine ID="line_44" HPOS="132" VPOS="1428" WIDTH="755" HEIGHT="30">
							<String ID="string_355" HPOS="132" VPOS="1428" WIDTH="70" HEIGHT="22" WC="0.96" CONTENT="Valen"/><SP WIDTH="22" VPOS="1428" HPOS="202"/>
							<String ID="string_356" HPOS="224" VPOS="1429" WIDTH="32" HEIGHT="21" WC="0.92" CONTENT="till"/><SP WIDTH="24" VPOS="1429" HPOS="256"/>
							<String ID="string_357" HPOS="280" VPOS="1429" WIDTH="177" HEIGHT="28" WC="0.91" CONTENT="borgareständet"/><SP WIDTH="23" VPOS="1429" HPOS="457"/>
							<String ID="string_358" HPOS="480" VPOS="1437" WIDTH="64" HEIGHT="21" WC="0.91" CONTENT="synas"/><SP WIDTH="23" VPOS="1437" HPOS="544"/>
							<String ID="string_359" HPOS="567" VPOS="1430" WIDTH="122" HEIGHT="28" WC="0.92" CONTENT="lämpligast"/><SP WIDTH="23" VPOS="1430" HPOS="689"/>
							<String ID="string_360" HPOS="712" VPOS="1429" WIDTH="71" HEIGHT="21" WC="0.91" CONTENT="kunna"/><SP WIDTH="15" VPOS="1429" HPOS="783"/>
							<String ID="string_361" HPOS="798" VPOS="1436" WIDTH="89" HEIGHT="21" WC="0.91" CONTENT="genom-"/>
						</TextLine>
						<TextLine ID="line_45" HPOS="60" VPOS="1456" WIDTH="828" HEIGHT="24">
							<String ID="string_362" HPOS="60" VPOS="1456" WIDTH="58" HEIGHT="22" WC="0.93" CONTENT="föras"/><SP WIDTH="16" VPOS="1456" HPOS="118"/>
							<String ID="string_363" HPOS="134" VPOS="1458" WIDTH="6" HEIGHT="20" WC="0.96" CONTENT="i"/><SP WIDTH="16" VPOS="1458" HPOS="140"/>
							<String ID="string_364" HPOS="156" VPOS="1458" WIDTH="55" HEIGHT="20" WC="0.96" CONTENT="form"/><SP WIDTH="16" VPOS="1458" HPOS="211"/>
							<String ID="string_365" HPOS="227" VPOS="1458" WIDTH="23" HEIGHT="20" WC="0.93" CONTENT="af"/><SP WIDTH="15" VPOS="1458" HPOS="250"/>
							<String ID="string_366" HPOS="265" VPOS="1458" WIDTH="72" HEIGHT="21" WC="0.92" CONTENT="listval"/><SP WIDTH="16" VPOS="1458" HPOS="337"/>
							<String ID="string_367" HPOS="353" VPOS="1458" WIDTH="48" HEIGHT="21" WC="0.93" CONTENT="med"/><SP WIDTH="17" VPOS="1458" HPOS="401"/>
							<String ID="string_368" HPOS="418" VPOS="1458" WIDTH="62" HEIGHT="21" WC="0.92" CONTENT="länen"/><SP WIDTH="17" VPOS="1458" HPOS="480"/>
							<String ID="string_369" HPOS="497" VPOS="1458" WIDTH="70" HEIGHT="22" WC="0.92" CONTENT="säsom"/><SP WIDTH="17" VPOS="1458" HPOS="567"/>
							<String ID="string_370" HPOS="584" VPOS="1458" WIDTH="124" HEIGHT="21" WC="0.92" CONTENT="valkretsar."/><SP WIDTH="30" VPOS="1458" HPOS="708"/>
							<String ID="string_371" HPOS="738" VPOS="1456" WIDTH="150" HEIGHT="24" WC="0.92" CONTENT="Stadsbefolk-"/>
						</TextLine>
						<TextLine ID="line_46" HPOS="60" VPOS="1486" WIDTH="826" HEIGHT="28">
							<String ID="string_372" HPOS="60" VPOS="1486" WIDTH="78" HEIGHT="27" WC="0.91" CONTENT="ningen"/><SP WIDTH="24" VPOS="1486" HPOS="138"/>
							<String ID="string_373" HPOS="162" VPOS="1486" WIDTH="95" HEIGHT="21" WC="0.92" CONTENT="fördelar"/><SP WIDTH="17" VPOS="1486" HPOS="257"/>
							<String ID="string_374" HPOS="274" VPOS="1487" WIDTH="34" HEIGHT="27" WC="0.96" CONTENT="sig"/><SP WIDTH="15" VPOS="1487" HPOS="308"/>
							<String ID="string_375" HPOS="323" VPOS="1487" WIDTH="67" HEIGHT="27" WC="0.96" CONTENT="enligt"/><SP WIDTH="15" VPOS="1487" HPOS="390"/>
							<String ID="string_376" HPOS="405" VPOS="1486" WIDTH="106" HEIGHT="22" WC="0.93" CONTENT="Finlands"/><SP WIDTH="16" VPOS="1486" HPOS="511"/>
							<String ID="string_377" HPOS="527" VPOS="1487" WIDTH="92" HEIGHT="21" WC="0.92" CONTENT="officiela"/><SP WIDTH="15" VPOS="1487" HPOS="619"/>
							<String ID="string_378" HPOS="634" VPOS="1487" WIDTH="94" HEIGHT="21" WC="0.92" CONTENT="statistik"/><SP WIDTH="16" VPOS="1487" HPOS="728"/>
							<String ID="string_379" HPOS="744" VPOS="1487" WIDTH="33" HEIGHT="21" WC="0.96" CONTENT="för"/><SP WIDTH="15" VPOS="1487" HPOS="777"/>
							<String ID="string_380" HPOS="792" VPOS="1486" WIDTH="23" HEIGHT="22" WC="0.96" CONTENT="är"/><SP WIDTH="16" VPOS="1486" HPOS="815"/>
							<String ID="string_381" HPOS="831" VPOS="1486" WIDTH="55" HEIGHT="22" WC="0.96" CONTENT="1902"/>
						</TextLine>
						<TextLine ID="line_47" HPOS="59" VPOS="1514" WIDTH="494" HEIGHT="30">
							<String ID="string_382" HPOS="59" VPOS="1514" WIDTH="28" HEIGHT="28" WC="0.96" CONTENT="pä"/><SP WIDTH="16" VPOS="1514" HPOS="87"/>
							<String ID="string_383" HPOS="103" VPOS="1514" WIDTH="26" HEIGHT="21" WC="0.95" CONTENT="de"/><SP WIDTH="17" VPOS="1514" HPOS="129"/>
							<String ID="string_384" HPOS="146" VPOS="1514" WIDTH="106" HEIGHT="22" WC="0.93" CONTENT="särskilda"/><SP WIDTH="16" VPOS="1514" HPOS="252"/>
							<String ID="string_385" HPOS="268" VPOS="1515" WIDTH="62" HEIGHT="21" WC="0.91" CONTENT="länen"/><SP WIDTH="17" VPOS="1515" HPOS="330"/>
							<String ID="string_386" HPOS="347" VPOS="1515" WIDTH="28" HEIGHT="28" WC="0.96" CONTENT="pä"/><SP WIDTH="14" VPOS="1515" HPOS="375"/>
							<String ID="string_387" HPOS="389" VPOS="1515" WIDTH="96" HEIGHT="29" WC="0.96" CONTENT="följande"/><SP WIDTH="16" VPOS="1515" HPOS="485"/>
							<String ID="string_388" HPOS="501" VPOS="1517" WIDTH="52" HEIGHT="20" WC="0.95" CONTENT="sätt:"/>
						</TextLine>
					</TextBlock>
				</ComposedBlock>
			</PrintSpace>
		</Page>
	</Layout>
</alto>
