1095 1773
187 132 41 21 166
464 138 24 16 R.
501 142 18 12 o.
531 138 25 17 A.
569 138 59 17 1904.
654 139 24 16 21
690 139 50 16 Dec.

233 234 153 34 Onsdagen
405 235 55 25 den
481 236 32 24 21
531 234 157 27 December
707 234 40 27 ki.
766 234 31 26 i2
817 234 36 34 pä
871 235 100 34 dagen.

256 303 198 28 Protokollsutdrag
477 303 60 21 öfver
560 304 26 20 R.
601 311 18 13 o.
636 304 38 20 A:s
690 304 36 21 vid
742 303 117 29 gårdagens
875 304 83 28 plenum
976 304 41 21 fat-

186 332 50 21 tade
251 332 69 21 beslut
335 332 108 28 upplästes
458 332 33 21 till
506 332 102 28 justering
624 332 40 21 och
679 332 128 28 godkändes.

257 451 35 22 Hr
313 452 251 21 Vicelandtmarskalken
584 452 126 21 meddelade
725 455 32 19 att
773 454 63 19 nästa
849 452 68 27 plena
933 452 84 21 komme

187 483 33 18 att
235 480 68 22 hällas
319 481 7 20 i
341 488 87 21 morgon
443 481 27 21 kl.
488 482 11 20 7
515 481 28 28 pä
559 481 86 21 aftonen
662 481 39 21 och
714 489 34 13 om
764 480 75 28 fredag
854 481 27 21 kl.
896 481 27 20 12
936 480 28 29 pä
978 481 39 21 da-

186 517 41 20 gen
250 512 56 18 samt
321 509 56 21 efter
391 509 106 29 julhelgen
512 509 109 28 onsdagen
636 510 41 21 den
696 511 28 20 28
735 509 78 22 dennes
829 509 28 21 kl.
873 511 12 19 2
901 517 18 13 e.
934 517 26 13 m.
976 509 40 21 och

186 538 115 27 torsdagen
316 538 41 21 den
373 539 27 20 29
416 538 27 21 kl.
460 539 25 20 12
502 538 27 28 pä
544 538 69 28 dagen
628 541 56 18 samt
700 538 27 21 kl.
743 539 13 20 8
772 537 27 29 pä
814 537 93 22 aftonen.
936 537 80 22 Tillika

188 567 50 20 ville
256 566 35 21 Hr
311 567 251 21 Vicelandtmarskalken
575 567 69 21 erinra
659 574 34 14 om
708 570 33 18 att
755 567 160 28 petitionstiden
931 567 85 27 utginge

187 595 176 21 nästkommande
385 595 84 28 fredag;
489 595 39 21 och
549 595 55 22 hade
620 595 241 22 Talmanskonferensen
877 595 91 21 bestämt
983 597 33 19 att

187 624 115 27 petitioner
323 623 40 22 och
389 625 101 20 motioner
510 624 70 21 kunde
603 624 32 21 till
652 624 101 21 ständens
769 623 130 22 sekreterare
915 623 102 21 inlemnas

187 654 55 19 ännu
259 652 66 28 sagda
339 652 42 28 dag
396 653 54 21 ända
465 653 32 20 till
514 653 27 20 kl.
558 654 10 19 7
586 660 17 13 e.
619 661 27 12 m.

259 765 43 22 Till
325 766 60 23 detta
401 766 84 28 plenum
501 766 54 21 hade
572 766 108 29 bordlagts
696 767 40 20 och
753 766 146 22 remitterades
914 766 32 21 till
962 766 57 27 Lag-

188 794 106 21 utskottet

259 851 41 22 den
318 851 35 22 vid
368 855 83 18 senaste
466 852 85 28 plenum
566 852 34 21 till
615 852 92 22 Ständet
722 852 158 22 öfverlemnade
897 851 47 22 näd.
959 859 60 22 prop-

189 880 41 21 N:o
247 881 34 26 13,
292 880 108 28 angående
411 881 153 28 godkännande
573 881 23 21 af
604 889 28 20 ny
643 881 62 22 finsk
716 882 56 22 text
781 881 32 21 till
824 881 97 28 gällande
929 881 89 28 kyrko-

190 909 40 27 lag
248 909 24 21 af
282 909 40 21 den
339 910 12 20 6
366 909 121 22 December
503 910 60 21 1869.

485 1046 242 28 Församlingsfriheten.

260 1103 31 21 Af
312 1103 34 21 Hr
361 1103 23 21 af
400 1104 85 21 Ursin
501 1104 55 20 hade
571 1104 113 21 inlemnats
699 1104 39 21 och
755 1103 109 29 föredrogs
880 1111 26 13 nu
917 1106 31 18 ett
978 1104 40 20 peti-

189 1132 137 28 tionsförslag
341 1132 109 28 angående
461 1132 149 22 återställande
621 1132 23 21 af
652 1132 232 28 församlingsfriheten.
907 1132 111 28 Förslaget

190 1168 38 13 var
242 1160 24 21 af
280 1160 93 29 följande
389 1160 89 29 lydelse:

349 1234 210 22 Korkea-arvoiselle
575 1236 132 21 Ritaristolle
722 1236 20 28 ja
759 1235 106 21 Aatelille.

261 1291 149 21 Ikivanhoista
433 1293 76 27 ajoista
532 1294 40 20 asii
597 1302 26 11 ou
648 1292 171 28 persoonallinen
844 1300 81 20 vapaus
949 1300 68 13 maas-

190 1327 80 13 samme
294 1320 52 21 ollut
369 1323 140 22 tunnustettu,
524 1322 21 27 ja
560 1323 56 19 tästä
631 1322 179 20 tunnustuksesta
826 1328 27 14 on
871 1322 60 27 myös
946 1320 71 28 johtu-

190 1351 38 18 nut
253 1356 23 14 se
299 1349 94 27 yleiseen
418 1349 166 28 mielipiteeseen
609 1351 110 27 painunut,
743 1350 88 27 joskaan
856 1350 18 20 ei
899 1350 118 27 kirjoitettu

189 1376 49 26 laki,
263 1379 44 19 että
322 1378 130 20 kansalaiset
467 1381 74 18 saavat
557 1379 95 27 vapaasti
669 1378 125 21 kokoontua
809 1378 101 28 yhteisiin
926 1381 91 18 neuvot-

189 1406 91 20 teluihin
296 1406 28 21 tai
341 1406 129 21 kokouksiin
486 1407 20 27 ja
522 1408 66 20 niissä
604 1408 96 27 vapaasti
712 1407 75 21 lausua
797 1407 54 27 julki
861 1406 157 28 mielipiteensä

189 1434 60 20 esillä
274 1434 89 22 olevista
387 1436 92 20 asioista.
509 1435 67 21 Tämä
600 1436 74 20 oikeus
698 1443 27 13 on
750 1436 53 20 ollut
826 1436 43 20 niin
887 1436 130 24 eittämätön,

189 1464 52 19 ettei
264 1470 24 14 se
307 1463 128 21 tavallisissa
451 1464 77 21 vivissu
544 1464 51 21 edes
611 1468 63 17 tapaa
690 1464 41 21 olla

189 1490 124 22 säädännön
335 1492 106 20 esineenä.
470 1492 134 22 Rikoslaissa
620 1495 72 18 olevat
707 1492 136 28 määräykset
857 1492 107 28 julkisista
980 1492 38 20 ko-

190 1519 113 22 kouksista
327 1520 156 21 enimmäkseen
503 1522 49 20 vain
567 1521 132 21 tarkottavat
716 1522 72 20 tämän
804 1520 113 28 vapauden
933 1523 84 18 turvaa-
