1095 1773
363 116 230 31 Landtdagsarbetena.
849 118 40 19 393

62 191 49 21 icke
133 190 67 22 heller
221 190 110 22 tilsvidare
354 190 108 21 inkomma
485 190 31 21 till
537 190 121 22 Ständerna
674 190 48 21 med
738 190 151 22 betänkanden

61 218 92 22 rörande
168 219 112 21 desamma.

132 247 98 21 Orsaken
254 250 32 18 att
307 248 35 28 jag
365 247 69 21 såsom
454 247 83 21 enskild
559 247 89 21 medlem
665 247 24 21 af
703 247 114 22 Utskottet
831 248 60 21 med-

61 276 62 21 delar
138 276 25 21 R.
179 284 18 13 o.
214 276 25 21 A.
255 276 59 21 detta
330 276 124 22 Utskottets
471 276 76 26 beslut,
564 276 62 21 beror
642 276 72 28 derpä,
724 279 32 18 att
772 276 118 26 Utskottet,

62 305 57 21 efter
133 304 109 22 verkstäld
268 306 137 26 omröstning,
422 304 100 22 omfattat
537 304 41 22 den
595 304 62 28 äsigt,
672 307 32 19 att
718 304 37 22 det
770 305 47 21 icke
833 305 58 21 före-

62 333 48 27 läge
131 333 46 21 skäl
200 336 32 18 att
246 333 89 21 officielt
350 333 96 28 delgifva
463 333 95 22 Ständen
572 333 124 22 Utskottets
711 332 71 22 beslut
798 333 91 21 rörande

63 362 156 28 behandlingen
235 362 23 21 af
273 362 27 21 de
315 362 32 21 till
364 362 112 21 Utskottet
492 362 129 28 hänskjutna
636 362 107 28 frägorna.

133 390 11 21 I
153 390 152 28 sammanhang
313 390 86 22 härmed
409 390 38 22 ber
454 391 35 27 jag
497 393 32 18 att
540 390 23 21 få
571 390 111 22 hemställa
688 390 31 21 till
724 390 37 22 det
767 390 122 28 Höglofliga

61 418 103 22 Ständets
188 419 153 28 bepröfvande,
356 418 106 22 huruvida
484 419 47 21 icke
555 419 91 21 Ständet
669 426 63 14 anser
747 419 96 28 lämpligt
858 423 31 17 att

62 455 108 21 uppmana
192 448 46 21 sina
258 448 105 21 elektorer
386 450 31 19 att
440 448 79 28 invälja
535 456 27 20 ny
579 448 90 21 medlem
686 448 5 21 i
703 448 114 21 Allmänna
832 447 57 22 Peti-

62 477 164 21 tionsutskottet
252 477 2 20 i
277 476 34 21 Hr
335 476 99 21 Wilhelm
456 477 104 21 Ramsays
583 477 67 26 ställe,
666 476 27 21 dä
709 476 50 28 eljes
775 476 114 22 Utskottet

63 505 100 28 möjligen
180 505 48 22 icke
244 506 6 20 i
266 505 73 28 hvarje
355 505 37 21 fall
410 505 72 21 blefve
499 505 119 21 beslutfört.

133 568 34 21 Hr
176 568 34 21 W.
251 576 109 20 Ramsay:
377 569 51 20 Med
441 569 116 26 anledning
568 568 23 21 af
601 568 41 21 den
654 575 50 21 nyss
716 569 98 27 upplästa
825 569 64 21 skrif-

63 597 74 21 velsen
153 597 47 21 frän
216 597 115 21 Allmänna
347 597 219 26 Petitionsutskottet,
581 597 38 21 der
635 598 5 19 i
652 599 78 19 största
746 597 85 22 korthet
845 605 44 14 om-

62 627 89 20 nämnes
166 628 32 19 att
212 626 36 27 jag
264 625 66 22 under
346 626 123 21 nuvarande
485 625 149 22 förhällanden
651 628 43 19 sett
705 626 42 27 mig
757 625 90 22 hindrad
859 629 31 18 att

64 654 86 28 deltaga
165 655 6 20 i
188 654 125 22 Utskottets
329 654 79 24 arbete,
425 659 60 22 tager
499 655 36 27 jag
551 655 43 26 mig
610 654 91 21 friheten
718 655 5 20 i
739 656 77 19 största
832 655 58 20 kort-

64 683 37 20 het
122 683 75 20 anföra
219 683 89 21 motivet
327 683 30 21 till
375 684 47 19 mitt
438 686 47 25 steg
500 683 41 21 och
556 682 95 22 anhäller
666 686 32 17 att
712 683 37 20 det
764 683 125 28 Höglofliga

63 711 92 22 Ständet
170 711 50 21 ville
236 712 5 20 i
258 711 94 28 enlighet
371 711 47 21 med
438 712 23 21 R.
476 711 39 22 O:s
533 713 10 19 7
561 712 16 27 &,
593 719 75 14 senare
684 711 68 26 delen,
767 711 70 22 säsom
849 712 41 27 gil-

63 741 41 26 tigt
126 740 76 21 hinder
224 739 113 28 godkänna
358 740 27 21 de
401 740 188 28 omständigheter,
605 747 44 14 som
674 739 106 22 föranledt
801 741 42 26 mig
859 743 31 18 att

63 769 119 20 tillsvidare
206 769 48 21 icke
277 769 84 27 deltaga
377 769 6 20 i
400 769 157 28 behandlingen
579 769 22 20 af
622 769 26 20 de
672 769 218 28 petitionsmemorial,

63 805 46 13 som
133 797 73 21 blifvit
228 797 135 22 remitterade
385 797 31 21 till
434 797 118 22 Utskottet.
582 797 10 21 I
609 797 122 21 hufvudsak
748 799 35 19 äro
799 797 90 21 hindren

64 825 74 22 fotade
154 826 27 27 på
197 825 41 22 den
254 825 144 29 uppfattning,
409 833 45 14 som
471 826 65 21 äfven
552 825 63 29 hyses
631 826 23 21 af
669 826 49 27 mig,
730 829 31 18 att
772 825 67 22 under
851 833 38 14 nu-

64 854 95 21 varande
175 854 148 21 förhållanden
339 855 77 21 endast
431 855 77 20 sådant
521 854 189 28 landtdagsarbete
723 855 41 20 kan
776 854 114 28 företagas,

64 890 45 14 som
126 883 57 21 afser
199 883 41 21 den
256 883 77 29 lagliga
345 883 130 28 ordningens
485 883 151 21 återställande
648 883 51 21 eller
709 885 23 19 är
742 883 81 21 riktadt
834 886 55 18 emot

65 920 28 13 nu
117 912 94 21 rådande
234 915 91 25 systems
347 912 99 28 skadliga
470 913 89 27 ingrepp
577 912 40 21 och
632 912 115 28 obehöriga
762 912 85 27 intrång
863 911 28 29 på

63 940 59 22 olika
138 940 101 22 områden
256 940 23 21 af
294 940 169 22 samhällslifvet.
492 920 43 48 Jag
550 940 104 22 behöfver
669 940 73 22 derför
757 941 46 21 icke
819 948 28 13 nu
860 941 31 20 vi-

63 969 52 21 dare
133 970 105 20 motivera
253 969 71 21 denna
339 969 140 28 ståndpunkt,
495 969 87 21 hvilken
599 969 64 21 redan
680 969 65 21 andra
760 969 65 21 talare
841 968 49 22 tidi-

63 1005 52 20 gare
139 997 110 21 utvecklat
272 998 40 21 och
335 1005 44 14 som
404 998 56 20 klart
481 998 41 21 och
537 998 78 28 tydligt
630 998 94 27 framgår
739 998 22 20 af
776 998 40 20 den
833 1000 58 18 stora

65 1026 125 28 petitionen.
219 1026 34 21 En
274 1026 35 21 del
332 1026 78 28 frågor,
426 1034 45 14 som
488 1026 47 21 från
551 1026 67 21 andra
633 1026 63 21 stånd
712 1026 71 21 blifvit
797 1026 94 21 remitte-

65 1054 52 22 rade
132 1054 31 21 till
183 1054 120 27 Utskottet,
317 1054 65 22 hafva
398 1055 117 21 emellertid
532 1055 67 21 också
614 1055 66 27 enligt
696 1056 42 20 min
754 1054 137 29 uppfattning

62 1083 44 21 den
122 1083 100 21 karaktär
236 1086 32 18 att
283 1083 27 21 de
322 1084 71 21 kunde
409 1084 86 20 komma
510 1084 68 20 under
595 1083 135 28 behandling,
741 1084 104 26 nämligen
857 1082 34 26 de,

64 1119 47 14 som
135 1112 75 21 beröra
232 1112 64 28 ryska
311 1112 98 28 språkets
428 1112 123 28 härjningar
566 1113 6 19 i
588 1112 106 26 skolorna,
710 1112 40 21 och
766 1112 66 20 andra
847 1112 44 20 för-

64 1140 91 28 derfliga
178 1141 90 28 ingrepp
284 1140 28 28 pä
334 1140 283 28 undervisningsväsendets
640 1140 92 22 område.
761 1140 42 21 Tre
828 1140 62 20 stånd

65 1169 65 21 hafva
145 1170 21 26 ju
183 1170 119 20 remitterat
323 1169 82 21 sådana
426 1169 74 28 frågor
522 1170 32 20 till
578 1169 211 21 Petitionsutskottet
804 1168 40 21 och
860 1172 31 17 ett

64 1197 70 27 stånd,
157 1197 186 28 Borgareståndet,
359 1198 85 28 nyligen
461 1198 38 21 vid
521 1198 103 20 remissen
646 1198 76 20 uttalat
744 1201 31 17 att
797 1197 26 21 de
839 1204 51 14 anse

63 1229 33 18 att
111 1226 62 21 dessa
189 1226 73 27 frågor
277 1226 52 22 höra
343 1226 33 21 till
388 1226 27 22 de
427 1226 100 28 politiska
543 1226 107 28 frågorna,
665 1226 72 21 hvilka
753 1226 26 20 de
790 1226 67 20 önska
869 1225 22 21 få

64 1254 68 22 under
146 1254 136 28 behandling.
305 1254 36 22 Då
355 1255 119 21 emellertid
486 1255 25 21 R.
523 1262 18 14 o.
553 1256 26 20 A.
589 1262 76 20 genom
682 1254 103 22 särskilda
801 1256 90 19 omröst-

64 1284 77 27 ningar
161 1283 111 28 angående
293 1284 213 27 petitionsmemorial
523 1284 5 20 i
545 1291 79 13 samma
646 1283 57 28 syfte
719 1283 94 28 tydligen
830 1283 61 25 visat,

65 1315 32 17 att
113 1312 36 20 det
164 1312 48 21 icke
223 1312 102 25 önskade,
336 1315 31 18 att
380 1312 116 21 Allmänna
507 1312 213 21 Petitionsutskottet
730 1311 54 22 skall
797 1314 93 26 upptaga

62 1347 41 14 ens
118 1340 80 22 sådana
213 1340 73 28 frågor
301 1340 32 21 till
347 1340 137 28 behandling,
496 1340 23 22 så
531 1340 38 22 har
584 1341 36 27 jag
631 1340 44 28 böjt
686 1341 43 27 mig
740 1340 34 21 för
783 1340 59 21 detta
855 1340 35 21 be-

61 1369 46 21 slut
122 1369 40 21 och
182 1369 47 21 icke
246 1369 57 21 velat
318 1370 6 20 i
340 1369 63 21 dessa
426 1369 85 28 frågors
535 1369 128 27 behandling
682 1369 89 27 deltaga.
799 1368 43 28 Jag
857 1368 34 21 får

64 1405 28 13 nu
108 1398 40 20 hos
163 1397 26 22 R.
205 1405 19 13 o.
235 1398 25 20 A.
271 1405 96 21 upprepa
382 1399 44 19 min
442 1398 99 21 anhållan
557 1400 32 18 att
604 1397 92 22 Ständet
706 1398 50 20 ville
772 1396 118 22 tillsvidare

64 1426 69 22 befria
149 1427 42 27 mig
206 1426 48 21 från
270 1426 139 28 deltagandet
425 1428 5 19 i
442 1426 115 21 Allmänna
573 1426 222 21 Petitionsutskottets
811 1425 80 25 arbete,

60 1454 43 22 och
120 1454 81 29 hoppas
216 1455 36 27 jag
266 1454 28 28 på
310 1455 60 21 bifall
385 1455 33 21 till
434 1454 71 22 denna
520 1454 106 27 anhållan,
636 1454 28 22 då
676 1455 35 28 jag
728 1462 61 14 anser
799 1456 32 19 att
842 1454 48 20 mitt

65 1482 123 22 förfarande
212 1483 44 21 står
271 1484 6 20 i
293 1483 225 21 öfverensstämmelse
541 1483 59 21 såväl
622 1483 47 21 med
685 1483 25 21 R.
726 1490 18 14 o.
760 1484 38 20 A:s
814 1489 77 21 uppre-

62 1511 57 28 pade
135 1512 71 21 beslut
220 1512 7 20 i
238 1512 61 27 fråga
315 1519 34 14 om
365 1512 44 21 Hrr
424 1512 113 21 Lindelöfs
549 1512 41 21 och
603 1511 159 22 Wallenskölds
776 1511 115 28 petitioner
