1095 1773
174 117 42 21 324
446 124 25 17 R.
485 128 17 12 o.
515 124 25 16 A.
552 124 61 17 1904.
636 124 24 17 31
672 124 50 17 Dec.

174 190 56 27 dem,
253 194 33 18 att
308 191 69 22 under
399 192 136 21 emotseende
555 192 24 21 af
593 194 31 19 att
639 192 42 21 den
697 192 78 28 lagliga
790 191 119 29 ordningen
926 191 76 22 varder

174 219 104 23 äterstälä
301 228 35 14 mä
358 222 58 20 ännu
438 228 27 14 do
487 228 68 14 under
577 223 86 19 sonaste
679 220 143 22 Anansperiod
838 221 112 21 uppburna
966 220 36 22 be-

175 248 214 28 villningsskatterna
411 248 24 22 fä
456 248 107 30 uppbäras
587 248 40 22 och
650 233 220 49 statshushällningen
889 248 29 29 pä
933 248 69 22 hithö-

173 276 67 22 rande
256 277 103 21 områden
374 277 135 22 handhafvas
525 279 6 19 i
547 277 95 29 enlighet
656 277 49 21 med
721 278 27 21 de
761 277 23 21 af
796 277 131 28 föregående
938 277 63 22 Stän-

173 305 40 21 der
236 306 115 21 faststälda
373 306 77 22 beslut.
479 306 44 22 Det
546 314 40 14 ena
608 306 45 22 stär
674 307 7 20 i
705 306 56 22 klart
781 306 104 21 samband
901 306 47 21 med
965 306 36 21 det

174 333 72 22 andra.
278 334 75 21 Skulle
368 334 48 22 icke
432 337 31 19 ett
477 334 78 22 sädant
569 336 143 27 provisorium
729 335 28 27 pä
772 334 38 21 det
824 334 116 22 finansiella
956 342 44 14 om-

173 362 63 21 rädet
258 362 70 22 tillika
348 363 100 27 beslutas,
464 363 47 28 läge
526 363 37 21 det
578 364 68 27 enligt
660 364 43 20 min
719 363 64 21 tanke
799 370 27 14 en
842 363 158 29 inkonsegvens

173 392 7 19 i
196 390 133 22 Ständernas
345 391 130 27 förfarande,
490 395 23 25 ty
528 392 28 21 dä
571 392 69 21 skulle
656 400 48 13 man
720 391 112 22 samtidigt
847 399 45 14 som
904 399 48 14 man
962 392 38 21 all-

174 419 79 28 varligt
268 420 66 28 yrkar
349 420 28 28 pä
393 420 41 22 den
450 420 77 28 lagliga
538 420 131 28 ordningens
680 395 153 58 återställande
844 420 69 21 lemna
924 423 75 26 porten

173 449 70 28 öppen
268 448 35 22 för
321 448 145 29 hvarjehanda
481 449 159 28 förvecklingar
655 449 42 22 och
712 448 226 29 oregelbundenheter,
953 457 45 14 som

173 477 39 21 lätt
227 477 73 22 kunna
315 477 113 22 undvikas.

244 505 45 22 Vid
313 506 78 21 sådant
413 506 134 21 förhållande
569 506 65 21 hafva
658 506 135 28 naturligtvis
816 509 49 18 rent
882 506 117 21 finansiella

174 533 98 22 kalkyler
293 535 48 21 icke
357 535 52 21 sista
425 535 66 21 ordet.
521 535 42 28 Jag
577 538 46 18 tror
637 538 32 18 att
684 535 58 21 Frih.
758 542 43 14 von
817 535 101 21 Alfthans
934 535 64 20 kritik

173 562 23 21 af
228 563 169 22 Statsutskottets
420 563 157 28 framställning
600 565 6 19 i
628 563 70 22 denna
714 563 34 22 del
764 563 23 21 af
803 565 71 19 ämnet
889 563 38 21 har
942 563 56 21 skett

173 591 69 21 under
257 591 185 29 förutsättningar,
458 592 73 21 hvilka
546 592 121 28 egentligen
683 592 49 21 icke
747 592 52 21 höra
814 592 33 21 till
858 591 37 22 det
905 599 93 14 momen-

172 622 51 19 tana
246 620 103 28 sakläget.
379 620 43 22 Om
445 621 120 21 Ständerna
588 621 69 20 blifva
678 621 6 20 i
700 620 84 21 tillfälle
800 623 32 18 att
847 621 99 20 fortsätta
961 621 37 20 sitt

172 648 74 21 arbete
270 649 41 22 och
335 649 84 21 således
442 649 65 22 också
529 649 32 21 till
584 649 131 28 behandling
735 652 96 25 upptaga
846 649 41 21 den
903 648 94 22 önskade

174 676 223 29 budgetregleringen,
416 678 200 27 finansregleringen
632 678 34 21 för
682 679 149 24 1905—1907,
846 677 90 22 erhålles
951 677 47 21 der-

172 705 36 21 vid
230 706 86 21 tillfälle
335 709 32 18 att
387 707 69 20 tillika
477 707 92 27 granska
591 706 37 21 det
644 707 149 28 provisorium,
808 714 45 13 som
869 714 28 13 nu
914 706 83 21 komme

172 736 32 19 att
227 734 95 22 beslutas
345 737 56 19 samt
423 735 140 28 komplettera
586 735 40 21 och
650 735 67 21 ändra
735 735 27 28 på
786 735 138 28 utgiftssidan
940 734 56 22 hvad

172 769 45 14 som
241 762 43 22 kan
307 771 52 14 vara
381 763 24 22 af
426 763 77 22 nöden.
532 763 48 22 Den
604 763 166 28 omständighet,
790 766 32 18 att
838 764 6 20 i
860 763 138 28 bevillnings-

172 791 81 22 fonden
270 799 29 14 nu
315 792 68 21 finnes
399 799 26 14 en
441 792 95 28 ovanligt
551 795 45 18 stor
612 792 127 27 behållning,
755 794 24 19 är
794 792 73 21 derför
877 792 67 27 enligt
954 792 42 21 min

170 819 66 22 tanke
252 820 49 21 icke
317 821 117 27 afgörande
450 821 33 21 för
498 821 82 28 frågan,
596 821 106 21 huruvida
717 800 60 42 iita
790 821 142 28 provisorium
943 820 54 21 skall

171 848 123 29 medgifvas
317 849 52 21 eller
384 850 25 27 ej.
439 849 73 22 Skulle
528 849 162 28 militärfrägan,
704 849 71 22 såsom
792 857 48 13 man
856 850 31 20 uti
901 849 42 21 den
960 856 37 21 po-

170 877 73 21 litiska
266 877 186 29 framställningen
473 885 33 15 om
529 878 42 22 den
593 878 79 28 lagliga
695 878 130 28 ordningens
846 877 150 22 äterställande

169 906 71 27 yrkat,
260 906 75 22 länkas
350 906 90 22 tillbaka
454 908 28 27 pä
496 907 102 28 regelrätt
613 907 55 28 spär,
684 906 24 22 sä
723 907 70 21 skulle
809 906 59 22 detta
883 906 61 28 gifva
960 914 36 14 an-

170 934 88 29 ledning
281 935 65 21 äfven
367 936 32 20 till
424 935 151 28 budgetbeslut
597 936 49 21 från
666 935 133 22 Ständernas
815 935 53 21 sida.
897 935 49 21 Men
962 942 34 14 om
1012 941 4 5 *

170 962 25 22 sä
216 963 49 22 icke
282 964 72 21 blefve
369 964 61 21 fallet
445 964 40 22 och
501 964 32 21 till
548 964 53 29 följd
618 964 62 22 deraf
696 964 201 28 bevillningsmedel
912 964 84 21 komme

170 994 33 18 att
218 993 47 20 visa
281 993 33 27 sig
329 993 115 21 förefinnas
460 993 31 21 till
507 994 68 20 större
591 993 79 29 belopp
686 994 26 20 än
726 992 108 22 erfordras
845 992 34 21 för
889 992 27 21 de
927 992 69 28 öfriga

170 1019 72 28 behof,
265 1021 86 21 hvartill
374 1021 27 21 de
424 1022 63 26 afses,
509 1022 66 20 hafva
595 1021 119 22 Ständerna
731 1022 20 20 ju
768 1022 31 20 uti
815 1022 32 20 sin
864 1020 131 22 omvärdnad

169 1056 34 13 om
226 1050 173 28 jernvägsnätets
423 1050 142 21 utvecklande
588 1053 31 18 ett
641 1030 155 41 statsändamål
819 1050 7 20 i
847 1050 47 20 sina
910 1049 86 27 händer,

169 1076 84 23 hvilket
276 1078 66 22 också
364 1078 88 22 kräfver
471 1079 120 28 tillgångar.
620 1079 53 21 Men
688 1079 36 28 jag
739 1078 64 22 berör
817 1078 60 21 detta
893 1078 55 21 blott
962 1078 34 21 för

169 1108 31 18 att
223 1106 92 29 påpeka,
337 1110 32 18 att
392 1108 22 20 vi
436 1108 7 20 i
461 1107 58 21 detta
535 1108 114 28 ögonblick
665 1108 48 21 icke
728 1108 73 28 bygga
817 1107 51 21 våra
884 1107 70 21 beslut
968 1106 28 29 på

169 1134 173 30 finanskalkyler,
359 1138 50 19 utan
425 1137 21 20 vi
463 1136 69 28 bygga
547 1136 52 21 våra
614 1136 70 21 beslut
700 1136 28 28 på
743 1136 106 21 särskilda
865 1135 131 28 omständig-

169 1162 67 28 heter,
258 1172 47 13 som
329 1164 84 28 påkalla
436 1168 32 18 att
489 1165 48 21 icke
555 1164 165 28 förvecklingar,
736 1164 139 28 rubbningar,
891 1165 105 27 störingar

168 1191 28 28 på
219 1192 38 22 det
280 1193 119 21 finansiella
415 1193 96 21 området
526 1193 34 21 må
575 1194 91 25 inträffa,
682 1194 65 20 innan
764 1192 121 22 Ständerna
901 1192 27 28 på
942 1192 53 22 håll-

169 1220 51 21 bara
243 1222 95 27 grunder
361 1222 72 20 kunna
454 1225 48 25 taga
518 1222 108 28 budgeten
643 1222 33 21 för
691 1224 62 19 nästa
769 1221 143 29 finansperiod
928 1221 67 21 under

168 1249 110 28 pröfning,
300 1250 41 21 och
364 1250 70 21 denna
450 1250 158 28 omständighet
623 1251 54 21 talar
692 1250 68 28 enligt
775 1251 43 20 min
835 1250 64 21 taoke
915 1250 34 20 för
964 1252 32 18 att

168 1284 49 14 man
240 1278 50 22 icke
310 1278 33 22 må
358 1278 58 22 vålla
431 1279 80 21 afbrott
525 1282 56 18 samt
595 1279 80 21 skador
690 1279 22 21 af
728 1278 68 22 sådan
813 1281 68 23 natur,
896 1286 45 13 som
957 1278 38 21 här

167 1307 37 20 äro
228 1307 6 20 i
255 1307 68 28 fråga.
353 1308 74 20 Annat
442 1315 49 14 vore
507 1308 150 26 förhållandet,
672 1315 34 14 om
722 1308 38 20 det
776 1314 51 14 vore
843 1307 61 28 fråga
919 1314 33 14 om
968 1314 26 14 en

167 1334 73 22 direkt
263 1336 219 28 inkomstbevillning,
504 1336 87 21 hvilken
615 1336 69 22 skulle
706 1336 74 21 kunna
795 1336 108 20 inhiberas
919 1335 34 21 för
968 1342 26 14 en

166 1363 33 21 tid
216 1364 41 21 och
273 1364 95 22 derefter
383 1364 46 22 åter
444 1365 79 21 införas
539 1365 49 21 med
604 1364 50 22 vida
670 1364 83 22 mindre
770 1364 134 28 svårigheter
919 1366 26 19 än
961 1363 34 22 så-

168 1392 56 21 dana
247 1393 82 21 skatter
357 1400 46 14 som
426 1394 27 20 de
475 1394 28 28 på
526 1394 89 21 bränvin
638 1394 42 20 och
701 1393 150 28 maltdrycker.
881 1392 52 22 Men
949 1400 45 14 som

167 1421 70 28 sagdt,
260 1423 43 19 min
327 1422 139 28 uppfattning
487 1424 24 19 är
533 1430 28 13 nu
577 1422 47 27 den,
639 1425 32 18 att
686 1425 30 18 ett
733 1422 144 28 provisorium
892 1421 28 28 på
935 1420 59 22 detta

167 1450 88 16 område
279 1450 44 22 står
346 1451 6 20 i
374 1452 106 20 närmaste
493 1450 102 20 samband
612 1451 48 19 med
676 1450 78 29 sielfva
770 1450 103 28 åtgärden
889 1450 35 21 för
939 1450 56 20 åter-

166 1478 122 22 vinnandet
302 1478 23 22 af
341 1478 42 22 den
399 1479 78 28 lagliga
493 1479 125 29 ordningen.
