1095 1773
190 115 28 21 74
466 123 25 16 R.
503 127 18 12 o.
534 123 25 17 A.
571 123 60 17 1904.
656 124 25 16 10
695 124 50 16 Dec.

261 188 35 22 Hr
310 188 29 22 K.
355 190 115 21 Antell:
496 190 43 28 Jag
553 190 70 22 skulle
639 190 113 23 hemställa
766 199 34 14 om
811 195 32 18 att
853 192 87 28 plenum
951 193 70 28 ajour-

190 217 92 21 morados
298 217 29 21 pä
342 225 25 14 en
382 218 46 21 half
442 220 79 25 timme,
536 220 7 16 i
559 219 146 29 förhoppning
720 223 32 18 att
761 220 258 22 Riddarhusdirektionen

190 246 33 20 till
239 245 50 22 dess
305 246 54 21 skall
375 246 65 22 hinna
455 248 80 28 justera
550 248 33 21 sin
599 248 121 22 skrifvelse.

261 302 33 22 På
309 303 34 21 Hr
361 304 264 22 Vicelandtmarskalkens
644 305 157 29 framställning
817 306 83 21 afbröts
915 314 108 14 samman-

191 331 72 21 trädet
278 331 28 29 pä
321 339 26 14 en
363 332 47 22 half
424 334 79 20 timme.

397 459 216 24 Landtmarskalkens
630 460 30 23 tal
676 459 13 24 ä
704 461 115 22 tronsalen.

261 515 35 22 Dä
311 516 92 21 Ständet
418 517 46 21 äter
479 517 179 27 sammanträdde,
674 518 71 21 anhöll

260 573 58 21 Frih.
334 573 73 22 Oskar
422 582 41 13 von
479 574 123 22 Hellens
618 583 34 13 om
668 575 62 21 ordet
745 575 40 22 och
800 575 99 28 yttrade:
915 575 59 22 Enär
986 577 35 27 jag

190 602 5 20 i
212 601 40 28 gär
267 601 56 22 hade
339 602 90 21 anhällit
444 610 33 14 om
493 603 67 26 ordet,
576 611 48 14 men
640 604 48 21 icke
704 604 72 21 kunde
791 604 23 21 fä
829 604 43 26 det,
885 607 55 18 samt
954 605 6 20 i
992 612 27 21 dag

189 630 93 27 tidigare
306 631 56 20 varit
377 631 124 22 förhindrad
523 635 32 18 att
569 634 91 19 närvara
676 633 36 20 vid
729 633 92 28 plenum,
838 633 37 21 ber
890 634 35 27 jag
943 641 28 13 nu
987 636 32 18 att

189 658 24 21 få
228 659 33 20 till
277 659 132 28 protokollet
424 661 137 26 antecknadt,
576 664 31 17 att
622 661 35 28 jag
668 661 86 21 förenar
765 662 43 27 mig
825 669 34 14 om
870 661 37 22 det
918 662 100 27 yttrande

189 687 35 21 Hr
240 687 141 29 Gripenberg,
397 689 81 26 Alexis,
493 690 6 19 i
515 689 38 28 gär
567 690 75 27 gjorde
658 690 48 21 med
722 690 116 28 anledning
853 690 24 21 af
887 690 34 21 Hr
936 690 84 21 Landt-

188 715 149 23 marskalkens
353 717 29 20 tal
399 718 5 19 i
421 718 113 21 tronsalen.

411 839 159 22 Landsförviste
586 838 221 24 Ständsmedlemmar.

259 896 35 21 Hr
313 896 328 22 Vicelandtmarskalken
665 897 128 21 meddelade
813 900 32 18 att
863 896 48 22 frän
927 896 94 22 Riddar-

188 924 179 22 husdirektionen
390 932 87 14 numera
500 926 88 20 anländt
608 926 36 20 det
660 926 94 21 väntade
770 925 153 26 betänkandet,
940 933 44 13 som
996 925 24 21 af

188 952 275 23 Riddarhussekreteraren
480 954 109 28 upplästes
606 954 41 22 och
663 962 39 14 var
717 954 23 21 af
755 954 95 28 följande
866 954 90 28 lydelse:

466 1022 270 22 Riddarhusdirektionens
760 1022 135 22 betänkande
917 1024 5 19 i
941 1022 75 21 anled-

397 1054 51 25 ning
464 1052 22 20 af
501 1052 39 20 hos
550 1052 26 20 R.
587 1059 18 13 o.
617 1052 25 20 A.
653 1051 60 29 gjord
726 1052 97 20 anmälan
834 1051 73 21 derom
920 1054 30 18 att
958 1051 58 21 förre

397 1080 104 21 Senatorn
519 1080 94 21 Lennart
629 1080 143 28 Gripenberg,
782 1080 58 21 förre
848 1080 168 28 Borgmästaren

396 1108 74 28 Georg
485 1109 114 21 Kuhlefelt
621 1109 40 21 och
681 1108 141 28 Godsegaren
839 1108 82 22 Grefve
935 1108 81 22 Gustaf

398 1137 71 29 Philip
485 1137 79 21 Creutz
580 1138 72 20 blifvit
666 1137 106 21 hindrade
787 1141 32 17 att
834 1137 85 21 inställa
935 1138 33 27 sig
983 1137 34 21 till

396 1166 137 28 landtdagen.

257 1216 67 22 Förre
341 1216 104 22 Senatorn
462 1217 95 21 Lennart
572 1217 136 28 Gripenberg
724 1217 38 21 har
778 1218 28 20 uti
823 1224 26 14 en
866 1216 32 21 till
914 1216 25 22 R.
954 1224 20 14 o.
990 1217 29 21 A.

186 1245 57 21 stäld
268 1246 64 20 skrift
353 1246 86 25 anmält,
454 1246 114 21 huruledes
584 1246 47 26 han,
647 1253 45 13 som
708 1246 69 20 under
792 1252 25 14 en
834 1246 74 26 längre
923 1245 53 29 följd
993 1245 23 21 af

186 1273 25 21 är
226 1273 71 21 säsom
320 1274 90 21 medlem
426 1274 23 21 af
463 1274 26 21 R.
504 1282 19 13 o.
538 1275 27 20 A.
581 1274 107 28 deltagit
687 1269 10 37 i
705 1274 132 22 Ständernas
853 1274 94 26 arbeten,
963 1274 54 20 känt

187 1302 39 21 det
241 1302 71 21 såsom
329 1310 25 14 en
370 1302 79 22 honom
465 1303 114 27 äliggande
595 1303 159 27 medborgerlig
770 1302 54 28 pligt
839 1305 32 18 att
887 1302 80 21 infinna
982 1303 34 27 sig

186 1331 34 21 till
239 1330 42 22 den
301 1331 109 28 landtdag,
426 1339 45 13 som
487 1339 50 21 nyss
552 1332 56 27 tagit
623 1332 31 20 sin
672 1332 80 28 början,
769 1331 88 21 hvarför
872 1330 35 22 Hr
922 1330 96 29 Gripen-

188 1359 60 29 berg,
264 1359 72 22 säsom
352 1361 18 27 ej
387 1360 94 21 varande
496 1360 133 21 hufvudman
653 1360 35 20 för
702 1362 32 19 sin
752 1362 37 24 ätt,
805 1360 93 28 vidtagit
915 1359 101 28 behöriga

186 1388 102 28 åtgärder
310 1388 35 22 för
365 1391 32 18 att
410 1388 131 22 tillförsäkra
557 1389 34 27 sig
605 1390 42 19 rätt
663 1388 32 21 till
711 1390 46 20 säte
773 1388 40 22 och
829 1390 91 19 stämma
935 1388 14 20 &
963 1388 54 21 Rid-

186 1416 114 27 darhuset;
324 1417 40 21 och
385 1417 55 21 hade
456 1417 34 21 Hr
505 1416 141 29 Gripenberg,
662 1424 45 14 som
724 1417 48 21 med
788 1416 138 29 äberopande
941 1416 24 21 af
979 1416 38 21 det

185 1452 17 13 s.
217 1445 21 21 k.
255 1445 196 22 diktaturdekretet
472 1446 115 26 förbjudits
603 1449 31 17 att
654 1447 68 20 vistas
737 1447 7 19 i
761 1446 80 26 landet,
856 1446 6 20 i
879 1444 138 22 förenämndt

186 1473 106 22 afseende
314 1474 49 22 från
387 1474 124 22 Stockholm
536 1475 93 27 begifvit
650 1482 34 21 sig
706 1474 93 28 sjöiedes
821 1474 34 21 till
869 1473 51 22 Abu
935 1474 35 20 för
984 1476 33 18 att

186 1502 97 21 derifrän
307 1503 100 21 fortsätta
430 1503 74 21 färden
528 1503 32 21 till
583 1503 145 28 Helsingfors.
758 1502 127 22 Emellertid
906 1501 55 22 hade
982 1501 35 22 Hr
