1095 1773
267 132 47 16 Den
327 132 78 20 lagliga
418 132 128 20 ordningens
559 131 158 17 återställande.
867 126 40 19 243

81 200 132 28 proposition
238 200 48 22 med
309 200 81 27 förslag
412 200 33 20 till
469 199 66 22 sådan
558 199 92 29 ändring
665 200 6 20 i
686 199 110 29 grundlag,
811 207 46 14 som
873 198 35 22 för

79 228 121 21 ändamålet
216 230 24 19 är
255 228 23 21 af
293 228 92 26 nöden»,
400 236 64 20 synes
479 228 99 28 grundad
593 228 116 28 anledning
724 228 67 21 finnas
806 231 32 19 att
851 228 56 21 1904

79 257 35 21 års
130 257 98 26 Ständer,
243 264 45 14 som
304 257 19 27 ej
339 256 62 22 torde
417 257 51 27 vilja
483 256 90 22 förneka
596 256 57 22 hvad
679 258 53 20 1899
756 256 33 22 års
813 256 94 22 Ständer

81 285 78 21 uttalat
174 285 52 21 eller
240 285 95 29 tillgjort,
349 285 61 21 skola
427 286 72 20 kunna
515 293 51 13 enas
582 293 34 13 om
632 288 31 18 ett
674 285 81 28 förslag
765 285 31 21 till
807 293 28 20 ny
845 292 62 20 rege-

78 314 115 28 ringsform
208 316 32 18 att
255 314 120 27 föreläggas
392 314 22 20 H
504 330 5 5 a

148 342 122 22 Utskottets
291 343 108 27 majoritet
422 342 123 22 framhåller
568 342 74 21 vidare
666 342 36 21 det
726 342 99 28 ovanliga
851 342 6 20 i
874 344 32 18 att

78 370 120 22 Ständerna
221 371 69 21 skulle
307 372 18 20 »i
342 372 118 27 petitionen
477 370 84 22 bebåda
576 370 143 22 insändandet
733 372 6 19 i
756 371 68 21 sinom
839 370 33 22 tid
882 370 24 21 af

79 402 31 18 ett
131 400 82 27 färdigt
235 400 80 27 förslag
337 400 33 20 till
391 400 174 28 regeringsform,
580 399 78 21 sådant
674 399 119 21 Ständerna
809 398 96 22 önskade

78 428 23 21 få
123 429 33 28 sig
180 428 127 28 förelagdt>
336 428 52 21 Men
412 432 59 17 utom
494 431 32 18 att
541 428 59 21 tiden
617 429 18 27 ej
653 428 113 28 medgifvit
785 428 120 21 Ständerna

78 460 32 18 att
132 458 6 20 i
155 457 152 28 sammanhang
329 457 49 21 med
402 457 42 21 den
467 457 76 28 gjorda
564 457 107 26 anbällan,
686 465 34 13 om
740 457 77 21 sådant
833 457 72 20 blefve

78 485 132 22 Ständernas
227 485 75 27 beslut,
318 485 118 28 framlägga
452 485 92 22 nämnda
560 485 88 28 förslag,
661 485 83 28 påkalla
755 485 98 28 ovanliga
864 485 41 21 och

79 514 102 22 abnorma
207 514 148 21 förhållanden
379 514 100 28 ovanliga
500 514 107 28 åtgärder,
623 514 39 21 och
678 517 44 18 mot
738 514 128 28 lagligheten
882 513 24 22 af

76 543 39 21 det
125 543 23 22 af
159 546 160 18 reservanterna
330 543 75 28 gjorda
414 543 104 28 förslaget
528 543 38 21 har
576 543 132 28 invändning
717 543 18 28 ej
747 543 80 21 kunnat
835 544 70 26 göras.

148 572 44 21 Det
214 571 38 22 har
276 571 72 21 vidare
367 572 83 21 anförts
466 575 31 18 att
513 571 207 22 tidsförhällandena
736 572 18 28 ej
770 573 36 20 äro
822 571 83 28 egnade

74 604 35 17 att
131 608 27 13 nu
181 601 140 20 framkomma
337 600 49 21 med
402 603 32 18 ett
448 601 7 20 i
471 601 41 20 den
529 600 68 21 finska
613 600 169 21 konstitutionen
798 600 24 21 så
843 599 62 29 djupt

79 629 127 28 ingripande
230 629 81 27 förslag
327 637 44 13 som
387 629 37 21 det
439 637 34 13 om
489 637 28 20 ny
533 629 173 28 regeringsform.
735 629 81 20 Härom
833 629 72 20 kunna

79 657 108 28 åsigterna
203 665 50 13 vara
270 657 81 21 delade.
377 657 53 22 Men
446 657 23 21 af
477 657 37 22 det
520 657 135 28 ofvansagda
665 657 61 21 torde
736 657 83 28 framgå
829 660 37 23 att,
877 656 28 21 dä

79 689 30 18 ett
132 685 45 22 folk
203 686 81 21 känner
306 687 33 26 sig
354 686 113 27 oafvisligt
482 689 92 25 tvunget
589 689 32 18 att
635 686 35 21 för
684 687 33 20 sin
733 686 92 21 Monark
841 685 64 28 ärligt

77 715 42 21 och
144 715 170 27 sanningsenligt
335 715 108 20 frambära
458 715 27 21 de
502 715 129 28 bekymmer,
646 722 46 14 som
707 715 58 20 hvila
780 714 61 21 öfver
856 714 48 21 hela

77 743 75 26 folket,
168 743 40 22 och
224 743 28 21 då
268 743 36 21 det
320 746 35 18 vet
371 744 32 27 sig
419 743 66 22 hafva
501 744 118 27 sanningen
636 743 40 22 och
691 745 69 19 rätten
777 743 26 28 på
813 743 32 21 sin
857 743 47 21 sida

77 775 56 18 samt
155 771 161 22 förhållandena
341 772 73 21 fordra
438 775 32 18 ett
493 772 139 28 upphörande
648 772 23 21 af
686 772 41 21 den
744 771 95 26 konflikt,
858 779 45 13 som

77 801 66 20 redan
165 801 74 20 alltför
260 801 62 27 länge
349 801 42 20 fått
414 801 99 26 existera,
528 800 208 22 tidsförhållandena
751 800 67 21 måste
834 800 70 28 lämpa

77 830 34 27 sig
127 829 55 21 efter
197 829 42 21 den
256 829 87 21 fordran
362 829 28 28 på
400 831 81 20 rättens
493 829 41 22 och
545 829 189 28 rättfärdighetens
747 829 157 26 återställande,

77 865 46 14 som
139 857 36 22 det
190 858 68 21 finska
274 858 68 21 folket
358 865 27 14 nu
403 859 66 26 begär
483 858 24 21 af
521 859 33 20 sin
575 858 99 21 Monark.

146 886 107 22 Anhällan
276 894 32 14 om
332 895 27 20 ny
383 887 174 28 regeringsform,
575 894 46 14 som
636 887 68 21 skulle
720 886 125 22 säkerställa
860 885 41 22 den

77 915 79 28 lagliga
175 915 130 28 ordningens
325 916 152 20 återställande
493 916 5 20 i
515 916 78 25 landet,
609 916 99 20 framstår
723 915 72 21 derför
809 915 35 21 för
859 915 44 27 mig

77 943 70 22 såsom
162 944 36 20 det
213 944 83 28 logiska
308 944 87 21 resultat
408 944 125 22 Utskottets
544 944 157 28 framställning
708 944 22 21 af
740 943 162 22 förhållandena

77 973 6 20 i
99 972 74 21 landet
188 972 40 21 och
244 972 49 22 dess
308 972 96 29 yrkande
418 972 28 28 på
456 976 31 17 ett
497 972 186 28 grundlagsenligt
693 973 143 27 styrelsesätts
847 972 56 21 åter-

77 1001 142 28 upprättande
235 1002 6 20 i
256 1001 92 21 Finland
366 1001 48 21 bort
430 1001 48 21 leda
493 1002 38 20 till.

145 1030 49 20 Den
221 1030 145 21 betänkandet
383 1030 101 28 bifogade
499 1031 161 20 reservationen
676 1037 64 21 synes
756 1031 43 26 mig
814 1030 65 20 äfven
896 1030 6 20 i

77 1061 31 18 ett
130 1061 66 18 annat
217 1058 102 22 afseende
343 1058 66 21 hafva
426 1062 31 17 ett
473 1062 54 18 stort
543 1058 107 22 företräde
666 1058 89 21 framför
771 1058 132 21 utskottsbe-

76 1086 124 27 tänkandet,
217 1087 105 27 nämligen
348 1087 53 24 deri,
421 1090 31 18 att
468 1087 124 21 densamma
607 1087 125 21 alternativt
747 1086 90 22 föreslår
847 1087 55 25 att,
894 1082 12 36 i

79 1115 102 21 händelse
205 1115 221 28 lagstiftningsätgärd
438 1123 35 13 om
485 1124 28 20 ny
524 1116 165 27 regeringsform
700 1116 23 20 af
734 1123 25 13 en
772 1116 50 20 eller
832 1122 71 14 annan

77 1143 116 29 anledning
208 1145 6 19 i
231 1146 104 19 närmaste
351 1144 87 21 framtid
450 1145 19 27 ej
481 1144 72 21 kunde
564 1144 85 21 komma
660 1144 31 21 till
702 1144 68 26 ständ,
783 1144 120 20 Ständerna

77 1172 28 21 dä
120 1172 86 28 utbedja
222 1174 34 26 sig
271 1176 32 18 att
317 1172 28 22 H.
361 1173 28 21 K.
409 1173 38 25 M.,
462 1174 65 27 jemte
538 1173 129 27 vidtagande
681 1173 22 21 af
715 1172 27 22 de
752 1172 105 28 åtgärder,
868 1180 35 13 om

77 1200 74 21 hvilka
173 1202 5 20 i
195 1202 172 21 reservationens
392 1202 56 20 kläm
473 1209 63 13 mem.
561 1209 11 13 e
589 1201 41 21 och
645 1202 14 20 d
674 1202 107 25 förmäles,
796 1201 84 21 täcktes
896 1201 7 20 i

77 1229 67 21 nåder
158 1229 25 21 sä
198 1233 60 18 snart
270 1230 77 21 sådant
361 1231 34 27 sig
410 1232 52 25 göra
479 1230 54 21 låter
548 1230 102 21 förordna
666 1238 33 13 om
717 1229 153 29 upphäfvande
881 1229 23 21 af

77 1259 8 19 i
100 1265 26 14 en
146 1258 76 28 åtföljd
248 1258 71 28 bilaga
341 1263 110 24 upptagna
474 1259 154 27 författningar
643 1262 55 18 samt
712 1266 34 14 om
762 1258 77 28 nådiga
855 1266 49 20 pro-

78 1287 118 28 positioner
210 1287 33 21 till
260 1287 119 21 Ständerna
395 1288 5 20 i
418 1287 27 21 de
460 1288 101 25 ärenden,
578 1287 84 22 hvilkas
674 1288 108 20 definitiva
793 1286 110 22 ordnande

77 1315 88 21 kräfver
188 1315 130 22 Ständernas
335 1316 138 21 medverkan.
503 1316 89 21 Säledes
608 1317 7 19 i
630 1316 122 21 hufvudsak
771 1323 80 14 samma
867 1323 37 13 an-

77 1344 72 21 hällan
165 1351 46 14 som
227 1344 254 22 utskottsbetänkandets
497 1345 108 26 slutkläm,
620 1352 47 13 men
684 1344 104 29 tydligare
807 1344 40 21 och
857 1343 46 21 kla-

77 1380 47 14 rare
133 1372 119 28 preciserad
266 1380 77 20 genom
352 1373 37 21 det
399 1373 131 28 uttryckliga
542 1373 120 21 uttalandet
672 1380 34 14 om
717 1373 78 28 nädiga
807 1372 97 29 proposi-

77 1402 79 20 tioners
180 1402 175 20 öfverlemnande
372 1402 32 20 till
420 1401 122 22 Ständerna
558 1402 35 20 för
608 1405 31 17 att
654 1402 23 20 af
692 1402 48 20 dem
756 1403 6 19 i
778 1400 126 30 grundlags-

77 1430 58 27 enlig
150 1430 91 28 ordning
257 1430 124 22 behandlas.

150 1458 133 28 Visserligen
299 1459 78 21 uttalas
393 1459 66 21 äfven
476 1459 59 21 detta
552 1460 5 20 i
574 1460 94 20 motiven
684 1458 31 22 till
735 1458 170 24 utskottsbetän-

77 1486 86 28 kandet,
179 1495 48 13 men
243 1487 78 21 saknas
337 1487 56 21 dock
410 1489 5 19 i
434 1488 112 20 klämmen.
576 1488 52 20 Man
647 1488 41 20 kan
706 1487 73 21 derför
795 1486 65 21 tänka
871 1487 34 27 sig

74 1515 142 28 möjligheten
232 1516 22 21 af
270 1518 36 24 att,
322 1516 46 21 ifall
384 1516 244 22 utskottsbetänkandet
647 1516 69 21 skulle
733 1516 64 21 vinna
807 1515 98 22 ständer-
