1095 1773
174 114 42 38 190
445 126 25 16 R.
483 130 18 12 o.
513 125 25 17 A.
551 125 61 16 1904.
636 125 28 16 22
676 125 51 17 Dec.

177 192 179 40 åskådningssätt
378 193 41 21 och
441 193 72 26 behof,
535 192 76 22 medan
634 193 117 28 jemnsides
773 192 86 22 härmed
876 192 128 28 rättigheten

178 223 32 9 ELA
240 223 42 9 dolla
299 222 27 10 45
329 223 95 9 mtam
404 218 23 22 an
441 222 34 10 LX
489 222 108 10 4100.
545 218 20 22 4.
569 222 28 10 f0]
616 222 62 10 NFenn
696 223 6 9 1
718 222 37 10 LÄN
796 229 21 3 or
833 222 59 10 anal
928 228 74 4 marann

178 234 34 8 att
226 234 58 8 åtala
300 234 125 9 tjonstemän
441 234 31 9 för
491 234 109 10 tjenstefel
614 234 66 9 äiven
696 234 7 9 i
719 234 45 14 fall,
779 234 36 9 der
832 234 85 8 enskild
942 234 62 9 person

178 248 75 22 blifvit
269 230 83 52 kränkt,
363 245 71 37 gjorts
447 234 106 38 beroende
572 250 23 21 af
610 250 162 22 vederbörande
787 249 95 22 förmans
898 234 106 44 pröfning,

178 281 56 18 samt
259 279 84 20 menige
365 286 48 13 man
430 279 89 21 sålunda
534 278 92 28 betagits
643 280 32 20 sin
691 279 95 27 urgamla
802 280 43 19 rätt
860 281 32 18 att
907 279 5 20 i
929 278 75 22 sådant

178 306 38 21 fall
232 306 70 22 väcka
317 286 43 42 åtal
376 307 127 28 offentligen
520 307 36 22 vid
573 308 77 21 allmän
667 308 92 21 domstol
775 307 41 21 och
831 306 48 22 med
891 307 82 21 biträde
983 307 22 21 af

178 334 78 22 allmän
280 335 106 28 åklagare.
416 336 75 21 Såsom
515 343 25 14 en
563 336 122 28 vänsentlig
700 336 54 28 följd
769 335 62 22 häraf
845 335 39 21 har
899 336 107 28 försports

178 370 26 14 en
221 364 89 27 ovanlig
325 364 40 21 och
386 364 149 22 skrämmande
550 365 81 27 ökning
648 365 23 21 af
686 364 80 22 antalet
781 364 225 28 tjensteförbrytelser,

179 392 68 21 också
262 393 7 19 i
285 392 38 21 fall
339 400 45 14 som
400 393 48 21 icke
463 393 46 21 haft
525 393 66 28 något
605 393 49 21 med
670 393 156 28 styrelsesättet
841 395 32 19 att
883 392 72 27 skaffa,
964 392 40 22 och

177 420 69 28 gäller
269 420 77 22 sådant
369 421 100 21 särskildt
491 422 27 20 de
541 422 155 28 myndigheter,
721 429 45 14 som
782 423 95 19 närmast
891 421 66 21 hafva
972 422 34 27 sig

178 448 114 23 inseendet
307 449 62 22 öfver
383 450 42 21 den
436 450 105 22 allmänna
552 450 120 29 ordningen
686 450 130 21 anförtrodt:
827 450 178 29 länestyrelserna

176 481 58 18 samt
250 478 81 28 polisen
348 479 6 20 i
370 479 99 21 städerna
484 479 41 21 och
541 479 28 28 på
584 479 79 21 landet.

247 507 52 20 Med
315 507 116 29 anledning
447 508 23 21 af
485 515 25 14 en
526 508 47 21 utaf
589 507 120 22 Ständerna
725 507 37 22 vid
779 508 54 21 1872
849 507 34 22 års
903 507 102 28 landtdag

176 535 115 21 framstäld
307 535 133 29 underdånig
460 537 89 28 petition
565 536 116 28 stadgades
696 544 78 21 genom
789 535 74 28 Nådig
877 536 127 27 förordning

176 564 24 21 af
222 563 43 22 den
288 565 13 20 8
324 565 41 28 maj
389 565 61 26 1876,
473 567 30 19 att
526 565 141 28 prokuratorn
684 565 54 28 egde
754 564 37 22 vid
807 564 73 29 hvarje
896 564 108 28 landtdag,

178 592 105 21 Finlands
307 592 92 22 Ständer
421 593 32 21 till
476 594 128 26 kännedom,
626 593 84 28 afgifva
732 593 113 21 berättelse
861 601 34 13 om
911 593 93 28 lagskip-

177 621 80 28 ningen
281 621 5 20 i
308 621 73 22 landet
403 622 40 21 och
465 622 98 28 lagarnas
587 622 168 22 handhafvande
776 623 6 19 i
799 621 66 28 öfrigt
880 622 67 21 under
962 621 41 21 den

175 649 67 22 sedan
259 649 132 28 föregående
407 651 144 21 ständermöte
567 651 101 21 förflutna
683 651 38 21 tid.
746 650 66 21 Detta
822 650 125 28 stadgande,
958 657 46 14 som

176 677 143 22 oförändradt
341 679 69 28 ingått
433 680 5 20 i
462 681 26 20 56
512 680 12 27 $
547 680 24 20 af
585 679 86 28 Nådiga
686 679 153 28 förordningen
855 679 42 21 den
914 679 26 20 13
956 685 49 22 sep-

175 707 85 21 tember
283 707 60 27 1892,
365 707 148 22 innefattande
528 708 130 28 reglemente
674 708 34 21 för
723 708 122 28 Kejserliga
861 707 93 22 Senaten
970 707 35 20 för

176 735 101 27 Finland,
292 735 39 22 har
345 735 57 22 dock
418 736 102 29 upphäfts
535 744 77 20 genom
628 737 87 27 Nådiga
731 736 153 28 förordningen
893 735 111 29 angående

175 763 93 29 ändring
284 765 5 20 i
306 765 105 20 särskilda
426 765 59 21 delar
500 765 22 21 af
545 765 66 28 sagda
626 765 137 28 reglemente,
778 765 75 28 gifven
870 764 41 21 den
928 765 12 20 8
956 771 49 21 sep-

172 793 85 20 tember
273 793 61 21 1902.

246 821 52 21 Med
323 821 103 22 afseende
448 822 51 21 härå
519 822 41 21 och
576 822 27 21 då
619 822 70 28 någon
706 822 115 21 berättelse
837 821 23 21 af
875 821 77 22 anförd
967 821 38 22 be-

176 849 128 22 skaffenhet
318 849 57 30 förty
391 851 48 21 icke
454 851 61 21 torde
531 851 72 21 kunna
620 851 22 21 af
658 851 120 22 Ständerna
793 853 51 18 utan
859 849 91 26 särskild
966 857 36 14 an-

176 877 72 23 hållan
266 881 98 24 emotses,
380 879 65 28 vågar
460 879 39 21 hos
514 879 161 29 Ridderskapet
690 879 41 22 och
746 879 72 21 Adeln
835 879 120 28 ödmjukast
968 879 37 28 jag

174 906 86 22 anhålla
276 915 33 13 om
326 907 102 22 Ståndets
444 908 129 21 medverkan
590 908 90 21 derhän:

451 968 33 19 att
508 966 126 21 Ständerna
656 966 52 20 ville
730 966 40 20 hos
793 964 67 22 Hans
881 964 123 28 Kejserliga

383 993 103 28 Majestät
506 995 10 20 i
537 994 177 28 underdänighet
736 994 117 21 hemställa
875 994 80 26 derom,
971 995 33 19 att

380 1023 149 27 prokuratorn
551 1023 10 21 i
582 1023 123 28 Kejserliga
729 1022 98 22 Senaten
849 1022 36 27 för
903 1022 103 20 Finland

383 1051 68 28 blefve
474 1052 105 27 anbefald
601 1054 33 18 att
649 1058 35 14 om
700 1051 88 28 möjligt
801 1051 70 21 redan
887 1050 36 21 till
936 1050 66 21 inne-

382 1081 97 21 varande
502 1080 112 28 landtdag,
637 1087 51 14 men
711 1080 9 21 i
742 1081 73 20 annat
835 1079 44 27 fall
894 1079 35 21 till
943 1080 62 20 näst-

383 1108 152 22 instundande
557 1109 147 21 ständermöte
723 1108 36 22 till
775 1108 126 27 Ständerna
917 1107 87 28 afgifva

385 1137 111 22 berättelse
519 1145 36 14 om
578 1138 170 27 lagskipningen
764 1137 10 21 i
789 1136 74 22 landet
878 1136 38 21 och
933 1136 72 28 lagar-

383 1172 42 15 nas
448 1166 172 28 handhafvande
642 1166 10 21 1
674 1166 68 28 öfrigt
762 1166 71 20 under
847 1165 42 21 den
905 1165 37 26 tid,
956 1172 48 14 som

383 1194 98 28 förflutit
502 1195 55 27 från
579 1195 35 21 det
635 1195 71 21 sådan
738 1194 112 22 berättelse
873 1195 74 19 senast
969 1193 37 21 till

384 1223 127 21 Ständerna
533 1224 124 27 aflemnats,
674 1224 9 20 i
698 1223 89 21 hvilken
803 1222 112 22 berättelse
931 1222 72 21 tillika

384 1252 59 21 torde
457 1252 54 28 ingå
526 1252 132 28 redogörelse
673 1252 37 28 för
724 1252 59 21 hvad
798 1251 158 25 Prokuratorn,
969 1250 35 21 så-

383 1287 46 14 som
452 1281 105 27 lagarnas
579 1281 76 27 högsta
674 1281 96 26 väktare,
787 1280 93 27 tillgjort
895 1279 35 21 till
944 1279 58 27 före-

383 1309 130 21 kommande
536 1310 38 20 och
598 1309 114 28 beifrande
732 1309 30 27 af
774 1308 67 28 ofvan
857 1307 147 28 omförmälda

382 1338 213 26 missförhållanden
610 1338 38 21 och
664 1338 50 21 med
724 1338 49 21 dem
783 1336 223 28 sammanhängande

383 1366 222 28 tjensteförbrytelser.

243 1422 142 29 Helsingfors
401 1423 42 21 den
460 1424 26 20 22
502 1423 113 22 december
631 1424 61 21 1904.

667 1482 25 20 A.
712 1480 24 22 L.
755 1488 42 14 von
814 1480 121 27 Knorring.
