1095 1773
183 132 47 39 442
459 143 24 17 R.
496 148 17 12 o.
525 143 25 17 A.
562 142 60 18 1905.
645 142 23 18 17
679 142 62 17 Febr.

188 210 59 21 tions
264 210 135 22 maktmedel.
429 210 44 22 Det
489 212 22 20 är
526 210 89 22 fastmer
629 212 92 19 tvärtom
738 210 77 21 endast
827 218 26 13 en
863 210 54 28 ytlig
927 210 90 22 bekant-

188 238 54 29 skap
258 239 22 21 vi
296 240 56 20 ännu
369 238 45 22 deri
430 246 45 21 ega.
505 238 74 22 Gäller
594 238 37 22 det
641 246 35 18 nu,
687 238 29 22 dä
729 239 54 21 det
776 234 12 37 i
796 240 118 27 anledning
924 242 22 18 af
956 238 61 22 detta

188 266 139 23 betänkande
343 269 24 19 är
382 268 76 28 frägan
474 275 33 14 om
523 267 70 21 denna
617 268 131 20 institutions
767 267 96 21 fortvaro
879 267 52 21 eller
945 267 48 22 icke
1009 268 7 20 i

188 295 61 22 detta
265 296 56 26 land,
337 299 32 18 att
383 296 53 21 söka
452 296 58 21 bilda
525 297 33 27 sig
573 303 27 14 en
616 296 150 28 föreställning
780 295 79 27 derom,
873 296 58 21 hvad
946 295 70 22 denna

188 324 122 22 institution
332 325 43 21 kan
396 325 108 27 innebära,
519 324 24 22 sä
557 324 82 28 nödgas
655 325 21 21 vi
691 324 28 28 gä
734 324 87 22 utöfver
837 324 38 22 vär
891 332 53 20 egen
960 324 57 22 erfa-

187 352 77 22 renhet
280 353 41 21 och
337 353 42 21 läta
394 353 79 21 tanken
496 353 27 21 ila
547 353 48 21 bort
617 352 38 28 dit,
672 352 110 22 hvarifrän
805 352 71 22 denna
894 353 121 21 institution

188 381 98 26 kommit,
300 382 33 20 till
349 381 37 22 det
400 382 64 28 ryska
480 382 117 21 samhället.

286 410 83 21 &hända
385 410 65 28 draga
466 412 33 26 sig
514 410 66 28 några
595 410 24 21 af
633 410 102 21 Ständets
751 409 64 21 ärade
831 410 137 21 medlemmar
983 410 33 21 till

188 439 86 21 minnes
291 446 25 15 en
333 439 50 28 rysk
406 438 272 29 tidningskorrespondent,
694 446 46 14 som
756 438 34 21 för
805 438 66 28 nägra
887 438 24 22 är
926 438 90 22 tillbaka

186 463 93 58 gästade
302 467 70 22 denna
387 467 54 22 stad.
471 468 42 27 Jag
534 468 42 21 kan
600 475 28 14 nu
649 468 47 21 icke
720 467 100 28 påminna
839 468 44 27 mig
897 467 56 22 hvad
970 475 45 14 som

203 495 41 22 ade
260 496 66 27 gifvit
341 496 116 29 anledning
472 497 31 20 till
519 497 52 20 hans
588 496 73 26 besök,
676 497 35 27 jag
726 495 112 29 påminner
853 497 44 26 mig
912 496 47 21 icke
970 495 45 22 hel-

188 524 32 21 ler
235 524 54 22 hans
305 533 70 13 namn.
391 525 43 21 Det
450 533 38 13 var
503 533 25 13 en
544 525 23 21 af
582 525 63 21 dessa
664 532 108 21 personer,
787 524 34 21 för
836 524 73 22 hvilka
925 525 29 20 alt
969 532 46 13 som

189 560 39 13 var
250 553 66 22 finskt
338 553 48 22 icke
402 553 71 22 kunde
489 553 40 22 och
546 553 48 22 icke
610 553 40 21 fick
667 560 51 14 vara
734 556 64 18 annat
813 555 26 19 än
856 552 159 22 motbjudande.

188 581 32 21 Af
236 581 38 22 det
288 582 68 21 första
371 581 54 28 bref,
441 582 40 21 han
497 582 94 21 härifrån
609 581 71 26 sände,
695 581 106 28 framgick
817 581 89 22 derför
924 582 19 21 idel
954 582 62 21 miss-

189 611 54 27 nöje.
274 611 39 20 Alt
333 610 39 21 här
391 618 38 13 var
445 611 27 28 på
484 611 36 21 tok
537 611 40 21 och
593 610 56 21 hvad
666 610 42 21 han
724 610 52 21 allra
791 611 66 20 minst
872 610 72 21 kunde
959 610 57 21 finna

188 639 34 27 sig
236 639 40 26 uti,
291 639 56 21 hvad
371 639 41 21 han
435 639 100 22 särskildt
557 639 52 21 fann
629 639 34 20 för
678 640 34 27 sig
727 638 130 27 kränkande,
873 647 38 13 var
926 639 41 25 det,
983 641 32 18 att

188 667 42 21 han
247 667 39 21 här
302 668 25 28 på
344 675 26 13 en
387 667 101 29 dagsresa
511 667 46 22 från
581 667 131 28 metropolen
734 667 70 21 kände
819 668 34 27 sig
867 675 46 14 som
929 668 7 20 i
951 667 65 21 främ-

188 695 79 22 mande
283 696 56 21 land.
369 696 12 21 1
396 696 95 29 följande
507 696 47 21 bref
569 704 38 13 var
622 699 64 18 tonen
704 695 66 28 något
785 703 76 14 annan.
879 696 137 28 Korrespon-

190 724 82 21 denten
288 724 55 21 hade
357 725 57 28 gjort
429 733 25 13 en
471 725 71 21 utfärd
559 725 30 20 till
606 724 111 28 Sveaborg
731 724 40 21 och
787 724 41 21 den
840 724 73 26 första,
925 724 42 21 han
978 724 36 21 vid

189 753 178 28 landstigningen
384 755 72 26 mötte,
472 761 37 14 var
524 761 25 13 en
566 753 50 28 rysk
631 753 108 28 gendarm.
760 752 58 23 »Vid
827 753 70 21 denna
909 753 108 25 anblick>,

188 781 25 21 så
230 781 93 28 ungefär
332 781 53 22 föllo
398 782 208 28 korrespondentens
618 781 44 26 ord,
674 781 119 29 »klappade
804 783 49 19 mitt
864 781 68 28 hjärta
943 781 73 28 högre.

187 809 43 28 Jag
246 810 77 26 kände,
338 813 31 18 att
383 811 36 27 jag
430 818 38 14 var
482 811 5 20 i
504 810 125 29 Ryssland.»
654 810 42 27 Jag
711 812 23 19 är
745 810 125 49 Visserligen
887 809 127 28 öfvertygad

188 845 34 14 om
238 841 34 18 att
287 839 29 26 få,
332 839 86 28 mycket
432 839 30 24 få,
475 840 21 27 ja
511 839 95 26 oändligt
621 839 23 20 få
659 846 71 20 ryssar
745 839 69 21 skulle
846 839 33 20 dela
888 839 129 28 korrespon-

188 866 93 22 dentens
297 867 38 21 här
349 867 109 29 uttryckta
479 867 86 22 känslor
579 867 24 22 af
617 867 186 21 tillfredsställelse
817 867 37 21 vid
865 867 113 22 anblicken
992 867 23 21 af

188 903 26 13 en
236 896 111 27 gendarm,
363 904 47 13 men
427 898 23 20 är
465 897 43 21 lika
529 896 127 28 öfvertygad
676 904 34 13 om
726 899 32 18 att
774 896 41 21 alla
830 896 69 21 skulle
915 896 47 21 dela
978 895 37 22 det

189 925 87 27 intryck
294 925 23 21 af
332 924 69 22 denna
416 925 93 26 anblick,
524 928 31 18 att
570 925 27 21 de
614 924 76 27 kände,
705 927 33 19 att
752 924 28 21 de
795 932 52 14 voro
870 925 57 21 inom
950 924 64 28 ryska

187 952 68 22 rikets
271 955 93 26 gränser.
393 953 33 29 Ty
441 954 159 28 gendarmeriet
614 954 63 20 hörer
691 954 6 20 i
714 953 78 29 sjelfva
808 953 75 21 verket
899 952 36 22 det
950 953 64 28 ryska

188 981 115 22 samhället
326 982 24 21 så
368 984 51 19 nära
437 982 38 26 till,
491 985 30 18 att
537 982 50 21 våra
603 982 77 28 dagars
695 982 107 32 Ryssland
819 982 45 21 helt
879 982 72 20 enkelt
966 981 49 22 icke

189 1022 53 14 vore
258 1016 57 21 hvad
332 1016 37 21 det
383 1018 29 24 är,
428 1024 34 14 om
478 1017 18 28 ej
507 1016 157 28 gendarmeriet
680 1016 83 21 funnes.
786 1016 110 21 Öfverallt
910 1016 56 21 inom
978 1015 36 22 det

187 1044 65 28 ryska
269 1044 112 22 samhället
396 1045 87 26 kännes,
497 1045 59 21 såväl
572 1046 6 20 i
594 1044 36 22 det
646 1044 113 28 offentliga
776 1052 45 14 som
837 1044 98 22 enskilda
946 1044 70 26 lifvet,

187 1072 129 29 inflytandet
331 1073 23 21 af
369 1073 69 21 denna
454 1073 181 28 hemlighetsfulla
651 1073 65 21 makt.
738 1073 50 21 Och
804 1080 48 14 man
868 1073 82 21 känner
960 1072 55 22 lika-

187 1101 35 21 väl
243 1101 108 27 öfverallt,
366 1104 31 19 att
418 1102 37 21 det
478 1102 47 21 icke
548 1104 23 19 är
587 1110 25 13 en
628 1102 23 20 af
666 1102 26 21 de
716 1102 54 28 ljusa
794 1102 116 20 makterna.
941 1101 75 21 Blotta

186 1130 132 21 nämnandet
333 1130 22 21 af
370 1130 50 22 dess
436 1138 62 14 namn
514 1132 23 20 är
552 1130 80 28 egnadt
646 1133 32 18 att
687 1130 113 21 framkalla
811 1138 26 13 en
849 1130 75 21 känsla
935 1130 23 21 af
968 1138 46 20 rys-

187 1159 57 27 ning.
275 1158 35 22 Ve
332 1159 48 26 den,
395 1159 65 21 hvars
481 1167 62 13 namn
567 1159 85 28 engäng
668 1159 90 21 kommit
772 1159 7 21 i
795 1158 70 22 denna
881 1159 134 21 institutions

186 1190 72 18 svarta
284 1187 52 27 bok;
358 1188 41 20 han
422 1190 40 25 gör
484 1188 85 21 klokast
584 1188 6 20 i
607 1190 31 18 att
652 1189 52 27 göra
719 1195 45 21 upp
779 1188 118 27 räkningen
914 1187 46 21 med
978 1187 36 21 det

186 1215 104 21 förflutna
306 1216 40 21 och
361 1219 32 18 att
408 1217 6 20 i
430 1216 73 28 hvarje
519 1216 63 21 stund
599 1224 50 13 vara
666 1216 78 21 beredd
761 1216 28 28 pä
804 1217 37 20 det
857 1217 78 19 värsta.
964 1216 50 21 Och

185 1244 6 20 i
205 1245 99 27 sanning,
320 1244 63 22 hvem
398 1244 42 22 kan
456 1245 49 28 tälja
520 1244 81 22 antalet
615 1244 23 22 af
653 1244 27 22 de
695 1244 108 22 förstörda
819 1245 123 27 existenser,
958 1244 57 28 pejla

186 1272 78 28 djupet
280 1273 22 21 af
317 1273 115 21 utständna
455 1273 106 26 lidanden,
576 1275 56 19 mäta
652 1273 106 28 mängden
775 1272 22 22 af
812 1274 74 27 gjutna
901 1272 57 22 tärar
973 1272 41 22 och

186 1301 23 20 af
224 1300 38 22 det
278 1301 57 27 blod,
345 1309 45 14 som
406 1302 62 26 flutit,
479 1302 40 21 och
534 1302 35 20 för
583 1302 83 21 hvilket
681 1302 39 21 allt
730 1301 71 21 denna
812 1302 121 20 institution
944 1300 71 22 direkt

186 1329 52 21 eller
253 1329 95 22 indirekt
363 1330 38 21 bär
416 1330 105 22 skulden?
539 1330 53 21 Men
608 1330 66 22 ocksä
690 1330 38 21 har
743 1330 47 21 med
807 1338 26 13 en
850 1329 164 29 enstämmighet

185 1357 41 21 och
242 1358 79 28 styrka,
332 1366 45 14 som
393 1359 65 21 söker
472 1360 37 20 sitt
524 1359 126 28 motstycke,
666 1359 61 27 kring
742 1358 71 22 denna
824 1359 120 21 institution
956 1366 57 13 sam-

184 1386 31 20 lat
230 1386 35 28 sig
280 1386 48 22 hela
343 1387 37 21 det
395 1388 64 27 ryska
474 1387 79 21 folkets
569 1387 37 21 hat
621 1387 40 21 och
677 1387 153 21 förbannelser.
857 1386 48 22 Den
921 1386 94 28 hemliga

184 1414 65 28 ryska
266 1415 101 28 politiska
382 1416 82 28 polisen
481 1418 22 18 är
519 1416 34 21 för
567 1416 38 21 det
620 1416 101 21 moderna
736 1415 109 29 Ryssland
857 1415 57 21 hvad
926 1416 89 27 ingvisi-

184 1444 73 20 tionen
274 1444 8 21 i
297 1444 32 21 sin
345 1444 32 21 tid
388 1452 39 13 var
442 1444 34 21 för
485 1444 42 22 den
539 1444 97 22 katolska
651 1444 95 22 verlden.
769 1444 102 28 Spionen,
881 1444 135 28 angifvaren,

184 1470 124 30 åklagaren,
322 1472 102 22 domaren
440 1472 41 22 och
495 1473 126 26 exekutorn,
635 1474 41 20 alla
692 1475 76 19 dessas
783 1472 126 22 funktioner
923 1474 37 19 äro
975 1472 40 21 här

184 1500 105 22 förenade
305 1502 6 20 i
327 1508 25 14 en
376 1500 63 27 hand,
462 1508 47 14 men
525 1502 6 20 i
548 1508 25 14 en
594 1502 120 27 oansvarig,
733 1500 166 27 okontrollerad,
915 1500 47 22 med
986 1508 28 14 en
