1095 1773
188 130 42 20 214
462 136 25 16 R.
499 140 18 12 o.
529 136 26 17 A.
567 136 60 17 1904.
651 136 27 17 23
690 136 50 16 Dec.

191 232 15 2 >
259 203 58 22 Frih
340 203 170 21 Indrenius
532 203 146 21 understödde
702 203 59 21 detta
784 202 94 28 förslag;
893 202 41 22 och
950 202 69 22 beslöt

190 236 27 17 K.
232 239 19 15 o.
266 233 28 21 A.
310 232 27 28 pä
351 232 36 22 Hr
401 232 267 22 Vicelandtmarskaikens
683 232 158 28 irumsiäiluiug
853 231 117 29 bordlägga
982 232 36 21 be-

190 260 65 22 rörda
268 260 212 29 petitionsmemorial
495 260 32 22 till
543 261 68 21 första
626 261 85 28 plenum
728 259 177 23 nästkommande
921 260 29 21 år.

391 392 89 27 Jernväg
495 390 48 24 frän
559 392 73 22 Lahtis
647 392 31 22 till
692 392 122 28 Jyväskylä.

260 449 123 28 Föredrogs
398 449 45 22 Hrr
458 457 55 14 von
534 448 190 23 Heidemans
740 449 41 22 och
797 448 59 22 Onni
872 448 147 23 Schildts

190 478 33 21 till
242 478 60 21 detta
316 478 86 29 plenum
419 478 115 27 bordlagda
551 478 213 28 petitionsmemorial
775 477 111 27 angående
897 477 122 29 byggandet

190 506 23 21 af
229 514 28 14 en
273 507 88 28 jernväg
377 507 47 20 frän
440 506 75 21 Lahtis
531 507 30 20 till
578 506 119 29 Jyväskylä
712 507 63 21 öfver
789 506 96 21 Heinola
900 507 46 26 (sid.
964 507 54 25 141).

260 563 57 22 Frih.
333 571 56 14 von
405 563 124 22 Kothen
545 563 126 27 hemstälde,
690 563 106 22 huruvida
812 563 55 27 icke,
882 565 51 19 enär
948 565 18 26 ej
982 564 36 21 nä-

190 593 96 49 gondera
303 592 24 21 af
342 593 165 27 petitionärerne
523 600 38 13 var
576 592 35 21 vid
628 592 86 29 plenum
731 592 140 26 närvarande,
885 600 79 13 samma
975 592 44 21 för-

200 622 118 27 aringssätt
332 621 47 20 med
397 621 70 21 denna
482 622 89 27 petition
588 621 71 21 kunde
675 629 39 20 ega
730 629 46 13 rum
791 629 46 13 som
854 621 48 21 med
918 621 26 21 de
962 620 56 22 före-

190 649 84 28 gäende
290 650 148 27 petitionerna.

260 707 239 21 Petitionsmemorialet
523 706 112 22 bordlades
657 706 52 21 derä
728 707 32 20 till
776 707 69 20 första
860 707 86 28 plenum
962 708 57 19 näst-

191 735 129 22 kommande
336 735 29 21 år.

260 832 58 21 Frib.
341 840 56 13 von
421 833 150 21 Alfthans
588 841 25 13 m.
628 833 33 21 fi:s
676 833 32 20 till
724 833 59 21 detta
800 833 86 28 plenum
903 832 117 28 bordlagda

193 861 220 28 petitionsmemoriai,
435 861 112 28 angående
571 861 117 29 utvidgad
705 861 263 29 representationsrätt
983 861 36 22 vid

192 890 155 28 landtdagarne
369 890 47 25 (sid.
433 891 56 27 145),
504 890 113 22 bordlades
634 890 27 28 pä
676 890 99 22 anhållan
792 890 23 21 af
830 890 141 28 petitionären
987 890 32 21 till

192 918 69 22 första
273 919 85 28 plenum
374 919 177 21 nästkommande
567 919 28 21 är.

262 1045 34 21 Hr
318 1045 57 21 Emil
397 1045 31 21 af
450 1045 194 22 Hällströms
666 1045 221 29 petitionsmemorial,
909 1044 111 28 angäende

192 1073 92 28 ändring
305 1074 22 20 af
350 1076 64 18 sättet
437 1074 34 21 för
494 1074 303 27 kommunalbeskattning
819 1073 32 28 pä
866 1074 84 22 landet
971 1073 49 27 (sid.

193 1103 55 25 160),
265 1102 112 22 bordlades
389 1102 28 29 pä
429 1102 81 28 förslag
520 1103 23 21 af
553 1102 58 22 Frih.
645 1111 12 13 In
689 1103 89 21 drenius
812 1102 32 20 till
855 1102 69 21 första
935 1102 84 28 plenum

191 1130 28 28 pä
233 1131 80 27 nyäret.

262 1252 43 20 Till
326 1259 79 14 samma
429 1252 85 28 plenum
538 1252 113 21 bordlades
674 1252 28 28 pä
725 1252 82 26 förslag
830 1251 23 21 af
869 1250 34 22 Hr
920 1250 26 22 V.
963 1258 57 14 von

191 1280 130 28 Wright,
343 1280 34 19 Hr
394 1280 54 20 Emil
472 1280 30 20 af
523 1280 195 21 Hällströms
741 1280 118 27 bordlagda
875 1280 146 28 petitionsme-

191 1309 76 21 morial
289 1309 111 27 angående
422 1310 105 27 jernväg
551 1309 46 21 från
621 1308 155 28 Helsingfors
798 1308 33 21 till
847 1308 173 28 Björneborgs-

192 1338 81 22 banan
289 1338 46 26 (sid.
352 1338 55 26 162).

516 1434 172 23 Tullrestitution.

262 1492 32 21 På
310 1492 90 28 begäran
417 1492 108 21 lemnades
541 1492 62 21 ordet
617 1492 22 21 ät
650 1492 34 21 Hr
694 1491 205 26 Sölfverarm,
910 1498 45 14 som
967 1498 55 22 upp-

191 1520 55 21 läste
263 1521 94 27 följande
373 1520 23 21 af
411 1520 78 22 honom
505 1521 119 21 inlemnade
640 1520 226 29 petitionsmemorial
856 1516 13 37 :
