1095 1773
176 125 43 21 440
445 132 25 16 R.
483 136 18 12 o.
513 132 25 16 A.
550 132 60 17 1905.
633 132 23 18 17
668 132 62 16 Febr.

177 206 23 27 se
226 199 21 21 vi
272 202 30 18 att
325 199 162 38 vederbörande
510 196 149 42 myndigheter
680 200 137 41 oupphörligt
837 200 84 21 komma
936 201 21 20 in
973 200 32 21 till

176 226 97 23 Senaien
294 228 49 21 med
364 228 100 22 aunallan
486 236 34 14 om
543 229 75 28 anslag
633 236 34 14 för
696 229 71 21 ökande
782 229 23 21 af
820 229 143 21 polisstyrkan
978 230 26 16 än

176 255 40 21 här
238 257 27 19 än
289 256 37 21 der
349 256 28 28 på
399 256 57 22 olika
475 256 81 22 ställen.
587 257 73 21 Skulle
676 265 28 13 nu
720 244 112 34 resultatet
847 258 47 20 visa
909 258 32 26 sig
956 257 6 21 i
978 264 26 14 en

177 284 71 22 bättre
264 284 97 28 ordning,
377 285 68 21 skulle
463 293 47 13 man
525 286 22 28 ju
563 286 71 21 kunna
650 286 50 28 foga
716 287 33 27 sig
765 286 76 26 deruti,
858 294 47 13 men
917 286 88 20 resulta-

176 315 32 19 tet
223 315 24 19 är
263 314 48 20 rakt
332 316 98 24 motsatt;
453 314 118 28 ordningen
594 300 100 46 minskas,
710 315 41 21 den
775 314 109 22 enskildes
907 314 98 21 säkerhet

177 341 55 21 både
256 342 58 21 inom
337 342 40 21 och
400 345 59 33 utom
483 343 38 21 hus
544 343 38 21 har
598 343 72 21 blifvit
686 343 82 21 mindre
784 345 26 19 än
827 343 104 28 någonsin
947 343 58 21 förut

176 370 42 22 och
234 371 103 27 naturligt
353 372 22 20 är
391 374 31 18 att
438 371 24 21 så
478 372 53 20 skall
548 379 57 19 vara,
621 372 27 20 då
664 380 48 12 man
728 375 34 18 tar
772 373 6 19 i
790 372 146 26 betraktande,
951 372 53 20 huru

176 399 124 28 poliskåren
316 407 29 13 nu
361 400 34 20 för
408 400 59 21 tiden
484 385 158 48 kompletteras,
658 400 152 28 kompletteras
834 400 48 21 med
899 407 105 21 personer,

176 435 46 13 som
239 428 112 28 uppträda,
365 429 36 28 jag
417 428 66 28 vågar
505 430 56 27 säga,
584 436 44 14 som
650 429 105 21 banditer.
785 429 50 21 Som
860 429 59 21 bevis
938 428 67 36 härpå

177 457 37 20 vill
230 457 36 28 jag
281 457 56 21 blott
352 459 77 20 nämna
445 457 170 29 tilldragelserna
631 458 37 21 här
684 458 41 21 den
742 459 26 20 25
783 458 88 21 Januari
889 457 40 22 och
939 457 66 28 några

177 486 67 33 dagar
268 493 74 14 senare
357 486 7 21 i
380 486 87 27 Lovisa,
491 487 96 21 enskilda
602 487 38 20 fall
656 488 5 19 i
678 487 130 25 landsorten,
831 486 174 29 polisundersök-

176 515 81 27 ningen
274 514 38 21 hos
328 515 34 20 fru
379 504 89 39 Sjödahl
484 516 5 19 i
505 515 64 21 slutet
585 515 27 28 på
627 523 125 18 sommaren,
768 504 40 32 för
817 519 32 17 att
860 515 47 21 icke
917 515 43 21 tala
970 523 34 13 om

176 543 189 28 undersökningen
390 543 38 22 hos
450 544 34 21 fru
500 544 146 21 Mexmontan.
676 544 44 21 Det
735 546 23 19 är
774 545 54 20 visst
843 547 48 18 sant
907 547 30 17 att
952 551 52 19 gen-

176 571 116 22 darmeriet
314 572 41 21 och
379 572 81 33 polisen
485 574 64 19 tvista
566 580 34 13 om
616 572 86 26 hedern,
719 573 61 20 hvem
797 573 37 20 det
849 572 53 21 skall
919 573 84 20 tillhöra

176 603 32 18 att
223 599 67 22 hafva
307 601 85 20 skickat
407 602 46 19 sina
465 604 91 31 agenter
571 601 32 21 till
619 601 34 20 fra
669 601 148 27 Mexmontan,
834 609 47 13 men
897 609 47 12 man
962 601 41 21 kan

176 628 44 21 lika
243 629 35 20 väl
302 633 33 17 tro
359 633 30 17 att
411 629 36 21 det
463 631 23 20 är
501 630 81 28 polisen
599 637 45 14 som
660 626 163 42 gendarmeriet.
854 629 43 21 Det
912 631 23 19 är
951 631 53 20 visst

176 660 49 18 sant
249 660 32 18 att
302 658 131 27 ransakning
456 659 51 20 eller
529 658 160 28 undersökning
704 660 23 19 är
742 658 108 26 anbefald,
866 666 47 13 men
929 658 37 21 det
981 660 23 19 är

176 689 47 18 rent
239 685 23 22 af
278 694 26 13 en
321 686 90 21 komedi.
443 687 45 21 När
511 695 46 13 man
583 687 55 21 läser
654 687 175 27 redogörelserna
845 688 6 19 i
867 687 136 26 tidningarna

176 722 33 13 om
232 714 72 22 denna
326 716 134 27 ransakning,
476 715 68 22 skulle
567 723 49 13 man
640 715 110 28 verkligen
773 716 70 20 kunna
860 719 33 17 tro
909 718 30 18 att
954 723 49 13 man

176 743 55 21 läser
248 751 26 13 en
290 743 195 22 fantasiberättelse
501 752 24 13 ur
540 744 117 33 Fliegende
673 744 84 21 Blätter
772 744 39 35 och
826 744 47 21 icke
884 751 25 14 en
921 744 83 28 verklig

175 772 183 35 undersökning
350 768 15 43 i
376 773 72 21 saken.
478 773 31 21 Vi
526 776 48 17 veta
589 773 22 28 ju
626 772 42 21 alla
684 773 53 20 huru
754 772 76 28 mänga
847 773 56 20 brott
922 772 80 28 polisen

175 800 39 21 har
236 801 28 28 pä
288 802 36 20 sitt
340 804 101 20 samvete,
457 809 47 14 men
519 802 42 33 jag
585 805 43 17 tror
644 801 66 28 knapt
726 801 66 34 nägot
807 801 55 21 enda
878 801 37 21 fall
931 801 72 26 finnes,

176 829 28 21 dä
220 829 83 34 polisen
325 830 69 21 skulle
418 830 77 35 blifvit,
517 831 35 27 jag
569 826 41 47 vill
633 830 47 21 icke
697 837 38 14 ens
751 831 51 26 säga
817 825 121 44 bestraffad,
954 837 48 14 men

175 857 57 22 heist
247 857 71 22 åtalad
334 859 35 20 för
384 858 118 29 begångua,
517 866 34 13 om
567 859 48 21 icke
631 858 63 25 brott,
710 858 24 21 sä
749 859 35 20 fel
811 858 45 21 När
867 858 69 27 någon
946 858 57 28 gång

175 886 163 36 undersökning
353 887 138 22 beträffande
507 888 92 27 polisens
615 875 99 40 åtgärder
730 884 72 36 blifvit
817 872 90 48 anstäld,
922 876 82 32 urartar

175 915 72 21 denna
263 916 28 28 på
307 916 36 21 det
359 917 61 26 viset,
434 920 31 17 att
480 916 81 28 polisen
577 916 50 27 sjelf
642 916 138 26 undersöker,
796 916 40 21 och
853 904 74 32 detta
921 918 23 18 är
954 916 48 21 icke

175 951 27 14 en
218 944 169 28 undersökning,
403 933 50 33 utan
471 947 22 19 är
509 952 57 14 mera
582 945 32 21 till
629 944 35 21 för
679 949 31 17 att
726 952 53 21 sopa
795 946 48 26 igen
859 944 42 21 alla
915 944 50 28 spår
980 945 23 21 af

176 973 137 27 brottslighet
337 973 46 21 från
408 973 93 28 polisens
525 974 52 25 sida,
593 973 89 21 likasom
706 973 28 21 då
758 973 243 28 polismästaradjointen

174 1001 113 22 härstädes
303 1002 88 28 Kapten
408 1002 119 28 Holmberg
543 1002 44 20 blef
602 1002 88 21 skickad
707 1002 31 20 till
756 1002 85 20 Lovisa.
861 1001 67 28 Ingen
945 1002 57 28 skyl-

175 1030 37 28 dig
236 1030 64 21 bland
319 1030 82 28 polisen
425 1031 55 26 fans,
495 1034 50 17 utan
569 1030 102 28 publiken
688 1038 38 13 var
741 1030 50 28 sjelf
805 1030 91 21 skulden
912 1030 31 21 till
959 1030 43 21 allt.

175 1059 53 21 Icke
244 1066 39 14 ens
299 1066 42 20 nog
357 1059 48 21 med
422 1062 30 18 att
468 1067 46 13 man
531 1060 18 27 ej
566 1059 65 21 hittar
652 1059 114 27 brottsliga
791 1059 63 21 bland
871 1059 88 28 polisen,
975 1058 28 22 då

175 1087 37 21 det
234 1088 111 27 verkligen
374 1088 67 21 finnes
468 1088 109 27 brottsliga
601 1087 64 21 bland
685 1088 55 26 dem,
755 1090 52 18 utan
822 1088 35 20 för
871 1088 38 20 sitt
924 1087 79 28 ådaga-

175 1116 64 28 lagda
256 1117 37 25 nit,
308 1116 20 22 d.
344 1124 19 14 v.
379 1124 16 13 s.
411 1116 34 21 för
461 1116 79 21 sådana
556 1116 132 28 handlingar,
699 1124 45 13 som
756 1116 47 21 hela
815 1116 41 21 den
867 1116 135 21 civiliserade

176 1144 88 22 verlden
288 1145 81 28 ogillar,
384 1145 80 21 erhålla
486 1145 26 21 de
535 1145 133 27 tacksägelse
692 1144 47 22 från
764 1145 56 27 höga
836 1144 166 22 vederbörande.

174 1173 54 21 Icke
244 1181 43 20 nog
302 1174 49 21 med
367 1174 47 21 det:
438 1174 26 20 de
487 1173 79 21 erhålla
589 1174 167 27 gratifikationer
771 1174 35 20 för
821 1173 129 27 ådagalagdt
966 1174 36 25 nit,

175 1204 38 19 när
226 1202 27 21 de
269 1202 106 28 uppträda
391 1210 45 13 som
448 1202 95 28 verkliga
555 1202 143 27 brottslingar,
720 1202 41 21 och
781 1202 48 21 icke
845 1209 44 13 som
905 1202 27 20 de
948 1202 54 20 hade

175 1230 49 21 bort
247 1230 35 22 för
306 1234 31 18 att
352 1231 144 29 upprätthålla
511 1230 124 34 ordningen.
665 1230 73 22 Afven
755 1230 70 21 denna
840 1230 57 28 gång
912 1230 38 21 har
964 1230 39 25 Se-

174 1262 72 23 naten,
270 1259 41 21 den
335 1259 112 21 inhemska
470 1260 131 27 regeringen,
624 1259 47 21 icke
693 1261 75 26 vägrat
785 1259 140 21 efterkomma
942 1253 60 27 Hans

175 1288 116 21 Excellens
308 1288 238 28 Generalguvernörens
562 1288 118 27 befallning
688 1291 31 17 att
726 1288 120 21 utanordna
862 1287 78 21 folkets
952 1294 50 21 pen-

174 1316 77 28 ningar
267 1316 22 21 åt
305 1317 143 27 brottslingar,
464 1319 49 18 utan
537 1320 76 24 genast
633 1316 150 28 tillmötesgått
798 1316 53 21 hans
866 1316 136 27 önskningar.

244 1344 33 22 På
292 1352 79 14 samma
387 1347 43 19 sätt
446 1345 47 21 med
508 1345 162 27 gendarmeriet.
700 1345 46 21 Der
761 1345 38 21 har
814 1352 48 13 man
874 1345 128 21 åtminstone

174 1374 48 20 icke
246 1373 90 22 officielt
357 1374 48 20 hört
428 1381 32 14 om
483 1374 174 27 gratifikationer,
672 1381 48 13 men
737 1374 7 20 i
760 1374 41 20 alla
817 1373 37 21 fall
871 1373 38 21 har
924 1380 76 20 genom

174 1402 88 28 tystnad
279 1402 62 21 deras
357 1402 172 28 tillvägagäende
551 1402 107 28 godkänts
674 1402 22 21 af
712 1402 57 28 höga
784 1402 161 21 vederbörande
961 1402 40 20 och

174 1430 82 39 följden
273 1431 38 21 har
327 1431 70 21 blifvit
414 1431 48 26 den,
476 1434 31 18 att
522 1430 55 22 både
595 1430 133 28 gendarmeri
752 1430 41 22 och
811 1430 60 28 polis,
891 1438 44 12 som
951 1430 51 21 höra

173 1459 33 21 till
230 1459 43 21 den
296 1467 83 14 sortens
402 1459 52 26 folk,
469 1466 45 15 som
534 1459 66 22 hafva
616 1459 176 28 utomardentligt
806 1458 53 29 godt
876 1458 125 24 väderkorn,

174 1487 57 22 hvad
248 1488 57 28 höga
321 1476 170 33 vederbörande
495 1488 50 35 gilla
561 1487 42 22 och
618 1488 47 21 icke
680 1488 70 28 gilla
741 1483 14 44 i
763 1481 62 27 deras
839 1486 164 28 handlingssätt,

173 1516 49 22 icke
238 1524 38 14 ens
293 1516 92 22 behöfva
402 1516 65 22 tänka
483 1516 26 28 på
525 1516 111 28 följderna,
651 1517 72 20 kunna
740 1516 54 28 begå
809 1516 74 21 hvilka
897 1516 104 20 våldsdåd
