1095 1773
373 135 75 21 Ryska
459 134 175 22 gendarmkåren.
878 130 41 21 439

92 204 23 20 af
130 210 26 14 en
172 203 35 21 del
223 203 23 21 af
260 203 103 22 Finlands
386 204 66 28 lagar,
467 203 72 27 hafva,
561 203 70 21 såsom
646 204 22 28 ju
684 204 24 20 är
722 203 74 26 kändt,
811 203 108 22 förmenat

92 234 32 19 att
139 231 26 22 de
180 232 22 28 ju
218 232 115 28 ingalunda
349 232 95 21 bestrida
459 232 104 21 Finlands
579 232 115 26 autonomi,
709 232 59 21 detta
783 232 56 22 dock
851 232 68 22 under

92 260 101 22 rubriken
211 260 59 21 >»inre
292 262 129 20 autonomi».
452 260 31 23 Vi
506 260 69 22 skulle
591 268 28 14 nu
636 260 70 22 kunna
722 260 68 28 fråga,
806 260 53 22 huru
876 261 41 21 kan

92 296 25 14 en
135 288 66 22 sådan
220 290 57 20 »inre
292 290 121 20 autonomi»
438 289 131 21 sammanstå
591 288 47 22 med
655 296 26 14 en
696 296 34 14 oss
747 289 124 29 påtvungen
887 290 32 20 in-

93 318 105 25 stitution,
212 324 46 14 som
274 318 41 20 kan
331 318 84 28 ingripa
431 318 30 21 uti
477 318 124 21 samhällets
622 318 93 21 innersta
732 318 185 28 angelägenheter,

92 346 27 28 på
135 353 81 15 samma
230 346 58 28 gång
303 346 68 22 denna
387 347 122 21 institution
525 348 24 19 är
563 346 119 28 oåtkomlig
697 346 33 21 för
745 346 122 22 samhällets
883 346 35 29 lag

92 374 41 22 och
149 374 77 22 fortfar
241 378 31 18 att
287 374 38 22 här
339 375 77 21 utöfva
431 382 27 14 en
474 375 142 26 verksamhet,
630 374 98 29 grundad
743 374 28 29 på
786 375 132 27 angifvelser

91 403 41 21 och
147 403 107 29 spioneri?
273 403 42 21 Det
331 411 51 14 vore
398 404 94 28 orimligt
505 406 32 19 att
551 404 65 20 tänka
632 404 33 27 sig
680 406 31 18 att
726 411 48 13 man
791 403 64 22 äfven
871 404 47 20 utåt

90 432 49 21 icke
154 432 69 21 skulle
239 432 84 21 komma
337 435 32 18 att
384 432 56 22 fatta
456 432 65 22 detta.
551 432 109 21 Måhända
676 432 53 21 skall
744 440 48 13 man
808 432 57 22 dock
881 432 36 21 nå-

89 468 43 21 gon
147 461 58 28 gång
220 461 93 22 erkänna
328 461 65 26 detta,
409 469 48 13 men
473 461 36 21 må
523 468 48 14 man
587 461 29 21 då
630 461 65 21 äfven
706 461 55 21 fatta
772 461 40 22 och
823 461 94 21 erkänna

90 492 32 18 att
145 489 73 29 hvarje
234 489 57 29 gång
306 489 70 22 denna
392 491 122 20 institution
537 489 87 22 utöfvar
639 490 33 21 sin
689 489 134 22 verksamhet
838 497 78 20 genom

90 521 31 18 att
136 519 84 28 ingripa
236 519 7 20 i
258 518 122 21 sambällets
396 519 52 20 eller
464 518 69 28 någon
550 518 49 21 dess
616 518 146 21 medlemmars
778 520 47 24 rätt,
841 518 24 21 så
880 518 36 21 be-

89 546 39 28 går
143 547 70 21 denna
229 547 118 21 institution
364 550 31 18 ett
410 547 58 21 brott
483 550 45 18 mot
542 547 105 21 Finlands
663 547 63 28 lagar.
746 547 38 21 Må
797 555 49 13 man
857 547 59 28 ihåg-

90 575 84 21 komma
193 578 32 19 att
247 575 73 29 hvarje
342 575 58 28 gång
423 576 70 27 någon
513 575 51 22 eller
585 575 65 28 några
665 576 23 21 af
703 575 49 22 dess
768 575 148 22 funktionärer

89 603 69 22 under
179 604 57 21 olika
258 604 152 28 benämningar
424 606 52 26 göra
492 604 107 22 våldsamt
613 603 86 29 intrång
714 605 6 20 i
735 604 69 21 finska
819 604 54 26 hem,
889 604 26 21 de

90 633 55 28 begå
159 632 127 29 handlingar
300 640 46 14 som
362 633 105 21 likställas
483 633 48 21 med
547 633 86 25 inbrott,
649 633 31 21 uti
696 633 71 21 hvilka
779 633 67 21 finska
857 633 58 21 med-

89 661 91 28 borgare
203 661 48 22 icke
267 669 40 20 ega
321 663 43 20 rätt
379 661 41 22 och
436 663 57 20 ännu
509 661 82 22 mindre
608 661 54 28 pligt
677 664 31 19 att
722 661 52 28 foga
789 662 38 27 sig,
843 664 73 19 natur-

88 690 72 27 ligtvis
177 689 55 22 dock
248 697 34 14 om
298 697 47 14 man
362 690 58 21 afser
435 690 46 21 från
498 690 77 21 sådant
591 689 116 29 nödtvång,
722 697 45 14 som
779 691 29 20 uti
823 690 92 21 civilise-

88 718 51 21 rade
163 718 74 21 länder
260 718 76 21 endast
357 719 28 21 då
405 719 91 28 uppstår
518 719 28 20 då
561 719 41 20 den
620 719 96 20 enskilde
732 719 67 21 måste
815 719 51 21 vika
881 718 34 21 för

88 747 122 21 öfvermakt
224 747 41 21 och
281 747 55 21 våld.
367 747 44 22 Det
433 755 59 19 vore,
507 755 46 14 som
568 748 35 27 jag
617 747 55 21 hade
688 749 50 19 äran
754 749 83 24 nämna,
852 748 63 20 orim-

88 776 39 27 ligt
149 783 34 14 om
207 783 48 14 man
279 776 47 21 icke
349 777 56 20 inom
429 775 100 27 Finland,
544 777 56 20 inom
624 776 40 21 alla
688 776 57 28 lager
760 776 23 21 af
797 775 118 27 samhället,

89 804 69 21 skulle
180 804 69 21 förstå
271 804 40 22 och
334 805 50 20 fullt
406 804 100 29 uppfatta
528 805 65 26 detta;
610 811 46 14 men
676 805 36 28 jag
728 805 37 21 ber
779 804 74 21 härvid
870 806 44 20 sär-

88 833 67 21 skildt
169 836 32 18 att
215 833 23 20 få
254 833 83 26 betona,
353 836 32 18 att
405 833 105 21 Finlands
526 833 93 22 Ständer
640 841 34 17 nu,
690 833 68 21 denna
774 833 61 28 gång,
851 833 64 28 vädja

88 861 31 21 till
135 861 85 22 landets
243 861 55 29 höge
317 862 101 26 Monark,
433 862 29 21 då
477 861 120 22 Ständerna
620 861 32 21 till
667 861 78 22 honom
761 861 106 22 frambära
883 864 31 19 att

88 890 70 21 denna
185 890 164 28 ifrågavarande
371 891 123 21 institution
517 890 116 28 ingalunda
655 892 23 20 är
700 890 69 29 egnad
784 893 31 19 att
830 890 85 28 skydda

87 918 42 22 den
152 919 97 28 statsliga
270 919 126 21 säkerheten
421 919 41 22 och
483 919 38 21 det
539 919 105 21 allmänna
659 920 79 27 lugnet,
754 922 50 18 utan
819 921 94 19 tvärtom

85 949 65 47 vigör
172 947 37 21 det
232 948 87 21 främsta
342 948 86 21 hindret
449 948 34 21 för
505 948 163 21 återställandet
682 948 24 21 af
720 948 65 28 laglig
800 948 113 28 ordning
899 943 18 38 i

106 976 78 21 inland.

155 1032 59 22 Frih.
256 1033 160 22 Indrenius:
446 1033 143 22 Omfattande
612 1034 6 20 i
641 1034 42 20 allo
709 1034 36 21 det
770 1033 142 27 betänkande,

87 1069 46 13 som
149 1062 116 27 föreligger
280 1069 34 14 oss
330 1062 48 21 frän
394 1062 111 22 Särskilda
521 1062 205 26 Besvärsutskottet,
741 1062 68 21 skulle
823 1062 36 28 jag
874 1062 38 28 pä-

86 1090 54 28 yrka
156 1093 31 18 att
202 1090 92 22 Ständet
309 1090 50 22 ville
375 1093 78 25 antaga
468 1091 37 21 det
520 1094 51 18 utan
587 1090 70 28 någon
673 1090 95 28 ändring.
786 1090 31 22 Vi
832 1090 79 22 förlora

90 1118 54 22 blott
159 1126 26 14 en
202 1118 79 29 dyrbar
295 1119 30 21 tid
346 1127 78 20 genom
448 1119 121 28 ändringar,
585 1119 40 21 och
641 1120 7 20 i
664 1119 121 22 hufvudsak
801 1121 36 19 äro
853 1120 20 20 vi
889 1120 22 28 ju

86 1147 40 21 alla
139 1154 51 14 ense
207 1147 132 22 beträffande
370 1148 153 21 gendarmeriets
539 1148 141 21 afskaffande.

155 1176 10 21 I
188 1176 102 21 samband
314 1184 33 13 med
385 1176 76 28 frägan
485 1184 34 14 om
535 1177 157 27 gendarmeriet
708 1176 68 22 skulle
791 1176 36 29 jag
841 1176 70 22 tilläta

85 1205 44 27 mig
145 1204 75 22 beröra
235 1212 26 14 en
277 1212 69 14 annan
370 1205 68 27 fråga,
454 1212 46 14 som
522 1205 45 21 står
581 1206 6 20 i
603 1207 51 19 nära
677 1205 102 21 samband
795 1204 48 22 med
858 1212 53 20 gen-

85 1232 119 28 darmeriet,
226 1234 35 27 jag
276 1240 73 14 menar
363 1234 101 20 nutidens
481 1233 105 29 poliskärs
602 1234 96 21 tillstånd
715 1234 40 21 och
771 1234 7 21 i
795 1233 115 29 synnerhet

85 1261 48 21 dess
149 1262 171 28 tillvägagäende
336 1262 69 21 under
420 1265 85 25 pretext
520 1262 23 21 af
557 1265 32 18 att
603 1262 144 28 upprätthälla
762 1262 92 28 ordning
869 1262 41 22 och

84 1290 109 28 upptäcka
208 1290 63 26 brott,
286 1298 45 14 som
347 1291 8 21 i
370 1290 148 28 verkligheten
535 1290 48 22 icke
599 1292 97 20 existera.
725 1290 53 22 Man
801 1290 72 22 kunde
887 1291 23 28 ju

83 1318 102 22 anmärka
207 1321 31 19 att
260 1319 157 27 gendarmeriet
437 1321 24 19 är
476 1326 26 15 en
518 1319 134 21 främmande
674 1320 120 20 institution
817 1319 36 21 för
874 1326 36 14 oss

83 1346 42 22 och
140 1347 82 29 polisen
238 1347 38 21 har
291 1348 59 20 alltid
367 1348 103 21 existerat
486 1348 40 21 och
542 1348 96 21 kommer
648 1351 31 18 att
690 1348 97 26 existera;
802 1355 48 14 men
867 1349 42 19 sät-

83 1378 37 24 tet,
135 1376 28 28 pä
177 1376 83 21 hvilket
275 1376 82 28 polisen
373 1376 130 28 tillvägagär
518 1384 34 19 nu,
567 1378 24 20 är
607 1376 107 22 bestämdt
724 1376 43 22 lika
775 1376 134 22 främmande

83 1404 33 21 för
131 1412 35 14 oss
182 1412 45 14 som
242 1404 169 28 gendarmeriets
433 1405 181 28 tillvägagäende.
643 1404 66 22 Hvad
729 1404 180 22 omkostnaderna

83 1432 106 25 beträffar,
202 1433 40 21 har
263 1440 48 14 man
333 1433 110 26 beräknat,
466 1436 31 19 att
519 1433 167 29 gendarmeriets
709 1433 110 22 underhäll
836 1434 73 20 kostar

82 1460 74 22 landet
172 1462 90 26 660,000
277 1462 59 20 mark
353 1462 40 21 och
409 1462 39 21 det
464 1462 117 27 underhäll,
597 1470 45 14 som
658 1462 155 28 polisstyrkans
823 1461 85 21 ökande

82 1489 57 22 bäde
153 1489 39 22 här
207 1491 7 20 i
228 1490 161 22 hufvudstaden
405 1490 41 22 och
463 1491 6 20 i
487 1490 123 22 landsorten
626 1490 74 22 kostar
714 1490 79 26 landet,
807 1490 102 22 öfversti-

80 1525 45 20 ger,
142 1518 66 28 vägar
219 1519 35 28 jag
269 1521 39 23 tro,
323 1518 42 22 den
381 1526 88 20 summa,
485 1519 157 28 gendarmeriet
658 1519 78 26 kostar,
746 1519 41 21 och
798 1518 109 22 dessutom
