1095 1773
248 137 48 16 Den
307 136 78 21 lagliga
397 136 129 21 ordningens
539 135 158 18 återställande.
845 130 40 20 307

58 205 71 27 någon
154 204 22 21 af
191 204 220 21 medicinalväsendet
426 204 125 21 understäld
567 212 84 20 person,
668 204 90 21 emedan
774 204 58 21 detta
849 212 36 14 an-

58 234 90 20 kommit
170 232 12 22 å
204 232 67 22 andra
294 232 154 29 myndigheter.
478 232 43 22 Om
546 232 37 21 det
603 232 47 22 åter
665 232 72 22 ställes
754 232 40 22 den
810 232 74 28 frågan

58 262 32 21 till
105 262 44 27 mig
165 261 142 28 personligen,
322 261 73 21 hvilka
410 261 39 21 råd
464 262 36 27 jag
515 261 65 28 gifvit
595 261 23 21 åt
633 261 27 21 de
676 261 77 26 läkare,
769 268 44 14 som
825 262 6 20 i
843 261 43 21 frå-

58 298 41 20 gan
124 290 66 21 vändt
214 290 32 27 sig
268 290 32 20 till
322 290 49 27 mig,
391 289 68 21 måste
474 290 35 28 jag
524 290 21 28 ju
562 290 110 28 verkligen
690 290 99 26 erkänna,
804 293 32 17 att
849 291 36 27 jag

59 318 68 28 aldrig
149 318 85 22 försökt
256 318 105 21 öfvertala
384 318 70 28 någon
477 318 94 21 hvarken
591 318 32 21 till
639 318 37 22 det
691 326 41 13 ena
746 318 52 21 eller
813 318 72 25 andra,

58 351 51 17 utan
133 348 43 20 min
199 347 123 28 skyidighet
344 354 45 14 som
414 347 51 21 chef
485 347 37 21 har
537 347 78 21 endast
630 347 80 21 bestått
726 348 5 20 i
748 350 32 18 att
793 347 91 28 upplysa

58 384 34 13 om
108 376 58 21 hvad
181 376 35 27 jag
231 376 51 28 sjelf
296 375 98 29 upplysts
411 383 41 20 om,
469 376 19 20 d.
505 384 18 12 v.
540 383 16 13 s.
572 376 27 20 de
615 375 113 29 påföljder,
743 383 44 14 som
804 378 31 19 ett
847 383 38 14 ne-

59 404 70 22 kande
145 405 6 20 i
167 404 141 21 förevarande
323 404 39 21 fall
377 404 69 21 skulle
463 404 84 21 komma
562 407 32 18 att
609 404 71 22 hafva.
710 404 118 28 Dervidlag
844 404 41 21 kan

59 434 37 20 det
116 432 77 27 hända,
212 432 40 22 och
275 433 35 28 jag
333 432 105 22 erkänner
461 433 36 21 det
519 440 70 21 gerna,
605 436 32 18 att
656 434 37 27 jag
708 433 113 21 kanhända
837 433 47 21 icke

60 463 81 20 kunnat
163 461 50 22 fullt
236 465 107 18 motsvara
359 461 27 21 de
401 461 178 29 förhoppningar,
594 469 46 14 som
659 461 106 22 särskilda
785 469 101 20 personer

59 491 51 21 stält
133 491 27 28 på
180 498 26 13 en
215 498 84 41 person
315 491 6 20 i
338 491 42 20 min
397 491 107 28 ställning,
520 491 40 20 och
577 497 45 15 som
638 491 50 20 sökt
704 491 34 27 sig
753 491 84 28 uttryck
854 491 30 20 uti

59 519 27 22 de
102 527 51 20 nyss
168 519 84 28 afgifna
266 519 133 35 yttrandena,
415 523 23 24 ty
453 520 36 27 jag
504 519 38 21 har
557 522 58 18 utom
632 519 35 28 lag
682 519 40 21 och
736 519 150 27 förordningar

59 548 47 21 haft
121 551 32 18 att
168 548 65 21 tänka
249 555 27 21 pä
292 547 47 21 hela
355 547 41 21 den
413 551 57 18 stora
487 548 65 25 krets,
569 555 46 14 som
631 551 45 18 stor
692 548 77 21 bakom
781 548 105 25 läkarene,

59 577 40 21 och
122 577 35 21 för
179 576 87 21 hvilken
290 577 62 20 dessa
375 576 68 21 finnas
466 577 39 20 till.
536 576 101 21 Derefter
656 576 39 21 har
709 577 35 27 jag
761 577 53 20 mäst
830 578 55 19 rätta

59 606 43 27 mig
125 605 40 22 och
188 605 38 21 har
242 608 70 18 ansett
327 605 43 27 mig
387 605 51 20 böra
454 607 54 19 rätta
524 606 48 20 mitt
586 605 95 28 görande
697 605 40 21 och
754 605 91 26 lätande,
860 605 25 21 sä

60 637 32 18 att
113 633 73 22 sävidt
201 634 83 27 möjligt
304 634 49 21 icke
369 633 67 28 nägra
451 635 105 26 störingar
572 634 6 20 i
594 633 37 22 det
646 637 56 18 stora
719 633 167 26 kulturomräde,

59 670 45 13 som
120 663 56 20 varit
191 663 43 26 mig
249 662 126 26 anförtrodt,
391 662 69 21 skulle
477 670 39 19 ega
532 670 52 19 rum,
599 662 41 21 och
656 669 34 14 om
702 662 58 21 detta
771 664 22 19 är
803 665 32 18 ett
847 662 37 27 fel,

58 691 84 21 hvilket
163 691 36 28 jag
222 691 79 28 begätt,
323 690 24 21 sä
370 694 44 17 tror
429 691 36 28 jag
482 692 3 20 i
503 691 41 21 alla
559 691 114 21 händelser
688 694 31 18 att
734 691 27 20 de
777 698 107 21 personer,

58 727 45 14 som
125 721 93 20 närmast
234 720 55 20 varit
305 719 106 22 beroende
428 720 23 20 af
466 720 100 21 läkarene
582 719 54 22 hvar
650 719 41 22 och
707 727 26 14 en
749 720 5 20 i
772 720 31 20 sin
820 720 64 25 krets,

59 748 48 21 icke
123 748 61 21 skola
199 748 66 21 räkna
282 749 43 26 mig
340 748 37 21 det
392 748 33 21 till
440 748 73 21 alltför
529 751 54 18 stort
599 748 36 21 fel.
664 748 42 28 Jag
722 750 22 19 är
760 748 79 28 lycklig
853 751 32 18 att

58 777 72 20 kunna
146 778 57 27 säga,
218 780 32 17 att
265 777 58 20 detta
339 776 86 21 omräde
441 777 38 21 har
491 777 47 28 gätt
552 777 156 28 jemförelsevis
719 776 100 22 oberördt
830 776 54 21 fram

58 813 25 13 ur
98 805 27 22 de
141 809 85 17 senaste
242 805 62 21 ärens
319 805 62 21 svära
398 805 155 26 förhällanden,
569 805 40 22 och
625 805 69 28 ligger
708 805 45 22 deri
768 805 65 28 nägot
848 805 37 25 fel,

59 837 32 18 att
113 841 47 14 man
184 834 98 21 försöker
303 833 70 22 sävidt
397 834 83 28 möjligt
502 836 23 19 är
541 835 58 27 värja
615 834 42 27 det,
673 841 45 14 som
735 841 47 14 man
798 834 39 21 har
851 834 33 27 sig

59 863 127 26 ombetrodt,
208 864 19 27 ja
252 862 28 21 dä
296 863 103 20 erkänner
414 863 41 28 jag,
471 866 30 18 att
517 864 35 27 jag
569 863 73 28 begätt
657 862 30 21 fel
703 863 40 21 och
761 862 72 28 begätt
847 861 37 22 det

59 891 47 21 med
123 892 49 20 fullt
188 891 147 21 medvetande.

128 943 33 21 Hr
184 943 141 21 Gadolin:
348 943 42 27 Jag
412 943 40 21 har
473 943 90 21 anhällit
585 950 34 14 om
635 943 62 21 ordet
712 943 76 21 endast
803 942 34 21 för
851 945 32 18 att

57 972 32 20 till
113 979 25 13 en
162 972 33 20 del
220 972 83 20 ansluta
323 972 44 26 mig
382 972 32 20 till
431 971 33 21 Hr
479 971 149 22 Svinhufvuds
645 972 116 21 uttalande.
790 971 42 28 Jag
847 979 38 13 an-

58 1000 38 28 såg
115 1000 36 21 det
166 1000 92 28 tidigare
270 1000 104 21 mähända
391 1000 145 28 öfverflödigt,
553 1008 46 13 men
616 1000 28 21 dä
659 1001 35 27 jag
709 1000 23 21 af
747 1000 33 21 Hr
795 1000 88 21 Meche-

57 1029 41 21 lins
114 1033 84 17 senaste
215 1028 109 22 uttalande
339 1028 41 22 fick
396 1028 43 22 den
455 1029 140 28 uppfattning
609 1032 32 18 att
656 1036 48 14 man
716 1028 105 22 mähända
832 1028 50 21 ville

58 1057 106 21 bibehålla
182 1058 64 20 verba
261 1057 97 21 formalia
375 1058 5 20 i
397 1057 41 21 den
456 1058 86 20 kursiva
558 1057 62 21 delen
636 1057 23 21 af
676 1057 148 26 betänkandet,
837 1064 46 14 som

57 1086 86 28 föregär
164 1086 41 20 den
228 1086 107 28 egentliga
358 1086 113 26 klämmen,
487 1086 68 21 skulle
577 1086 36 28 jag
631 1086 34 20 för
680 1088 42 19 min
738 1086 34 21 del
787 1086 54 28 yrka
855 1085 28 28 pä

57 1117 32 18 att
111 1114 101 21 särskildt
234 1114 61 22 ordet
312 1114 245 29 »värnepligtsuppbäd»
575 1114 69 22 skulle
660 1114 70 22 kunna
746 1116 6 19 i
769 1114 113 28 Expediti-

57 1143 145 21 onsutskottet
225 1143 77 21 ändras
322 1144 5 20 i
348 1143 39 21 full
411 1143 223 21 öfverensstämmelse
658 1143 48 21 med
730 1142 151 22 betänkandet.

55 1171 42 28 Jag
113 1174 89 25 antager
222 1172 34 21 väl
272 1174 33 18 att
320 1171 37 21 det
371 1173 24 19 är
410 1179 48 20 nog,
473 1180 33 13 om
522 1173 7 19 i
545 1172 91 20 Ständet
651 1173 62 27 göres
729 1175 31 18 ett
774 1171 109 21 uttalande

55 1201 6 19 i
77 1200 57 28 syfte
150 1203 31 18 att
196 1196 250 44 Expeditionsutskottet
462 1201 55 27 finge
533 1200 41 21 fria
589 1200 82 21 händer
689 1199 194 22 attiförevarande

55 1228 213 28 formuleringsfräga
284 1229 80 21 förfara
381 1229 55 21 efter
452 1229 61 21 bästa
529 1232 95 18 samvete
637 1229 41 21 och
694 1228 101 28 förmäga.

125 1280 32 21 Hr
173 1280 33 22 W.
218 1281 123 27 Ramsay:
354 1280 51 21 Med
415 1280 117 28 anledning
540 1281 23 20 af
571 1280 34 21 Hr
613 1288 42 13 von
664 1280 128 28 Wahlbergs
800 1283 82 25 yttran-

55 1309 27 21 de
98 1309 37 21 vill
147 1310 35 27 jag
197 1309 93 28 tillägga,
306 1312 31 18 att
347 1310 35 27 jag
395 1309 94 27 grundat
507 1310 47 20 mitt
563 1309 100 28 yttrande
674 1316 34 14 om
720 1308 163 22 medicinalehe-

55 1338 48 20 fens
120 1338 130 21 medverkan
266 1338 32 20 till
314 1340 31 18 att
360 1338 68 20 finske
444 1338 72 20 läkare
533 1338 68 21 skulle
618 1338 85 27 deltaga
717 1345 44 13 som
774 1337 108 28 uppbäds-

55 1366 72 21 läkare
143 1366 27 28 pä
186 1366 41 21 den
244 1366 90 28 vetskap
349 1367 36 27 jag
401 1366 38 21 har
453 1366 79 26 derom,
543 1370 32 17 att
591 1366 91 21 flertalet
694 1367 56 20 inom
762 1366 41 21 den
814 1366 68 20 finska

55 1395 139 21 läkarekären
218 1395 38 21 har
279 1402 25 14 en
328 1402 70 14 annan
421 1395 140 28 uppfattning
583 1397 27 19 än
634 1394 191 22 medicinalehefen
848 1402 34 13 om

55 1423 172 21 önskvärdheten
242 1426 30 18 att
284 1423 87 28 bidraga
382 1424 33 20 till
428 1423 41 21 den
482 1424 91 27 olagliga
585 1424 297 27 värnepligtstörordningens

55 1452 141 28 tillämpning.

124 1498 63 20 Efter
209 1498 87 20 härmed
313 1498 93 20 afslutad
423 1498 123 21 diskussion
563 1498 124 21 framstälde
706 1497 33 21 Hr
756 1496 126 23 Vicelandt-

55 1526 134 21 marskalken
206 1526 95 28 följande
