1095 1773
190 128 42 21 402
464 134 25 16 R.
502 138 17 12 o.
533 134 24 16 A.
570 134 59 16 1905.
654 134 14 17 2
679 134 62 16 Febr.

192 202 42 20 den
251 201 66 26 klara,
332 201 139 22 fördomsfria
487 201 166 39 uppfattningen
670 202 6 20 i
692 201 42 21 den
750 201 134 29 principiella
900 201 82 29 frågan,
998 203 24 19 är

190 230 50 26 den,
255 235 33 16 att
302 229 130 29 iandidagen
449 230 76 21 förviw
539 230 89 22 saimnlad.
650 230 12 21 I
678 230 42 22 alla
735 230 62 26 tider,
809 232 55 19 mest
879 230 81 22 kanske
976 231 6 20 i
994 230 28 18 de

191 258 63 26 onda,
270 258 67 22 måste
353 258 204 28 rättsåskådningen
572 258 68 22 hållas
656 258 77 22 vaken.
756 258 51 21 Men
823 258 43 21 kan
883 265 47 15 man
944 265 76 21 genom

192 290 32 18 att
246 286 71 22 lemna
332 295 26 13 en
374 287 51 21 liten
448 287 67 21 tribut
530 288 22 20 åt
567 288 38 20 sitt
627 291 49 24 eget
695 287 125 21 rätthafveri
838 287 57 28 köpa
910 287 110 28 möjlighet

192 316 32 21 till
246 318 32 19 ett
299 316 50 21 fullt
369 316 81 27 lagligt,
465 316 34 21 p
518 318 11 47 4
545 319 133 24 gemensamt
696 316 80 25 arbete,
791 315 24 21 sä
831 316 37 20 vill
883 316 35 28 jag
933 323 65 21 gerna
1015 316 5 20 i

192 345 44 20 min
254 345 60 27 ringa
330 344 47 21 män
395 344 88 28 bidraga
513 344 61 21 dertill.
597 344 41 28 Jag
655 344 37 21 vill
708 352 28 13 nu
753 345 6 20 i
775 344 65 28 nägra
857 344 60 21 korta
933 344 38 21 ord
984 352 38 13 an-

192 372 52 29 tyda
266 374 43 20 min
325 373 139 29 ståndpunkt.
493 372 88 22 Folkets
597 374 43 20 rätt
655 373 37 21 har
708 372 73 22 blifvit
796 372 83 26 kränkt,
895 372 72 22 derom
983 373 39 21 fin-

193 409 39 13 nas
248 402 50 27 inga
312 402 85 26 tvifvel,
414 409 46 13 men
477 401 69 21 folket
561 401 67 21 mäste
644 401 64 27 lefva,
719 401 40 21 och
776 401 73 21 derför
864 401 67 22 mäste
942 401 43 27 det,
997 401 24 21 sä

192 430 88 29 mycket
300 438 45 13 som
367 430 38 21 det
425 432 23 19 är
471 430 88 28 möjligt,
574 430 77 21 förläta
670 430 48 26 den,
735 437 45 14 som
797 430 117 21 förnärmat
929 430 42 27 det,
986 430 36 20 för

192 459 74 21 sävidt
281 459 36 21 det
333 467 39 17 ser,
387 462 33 18 att
434 467 48 13 man
499 459 36 21 vill
551 459 103 28 godtgöra
671 459 37 20 det
724 459 82 21 brutna.
835 459 49 21 Och
899 459 67 21 under
976 459 45 20 för-

193 488 120 27 utsättning
329 490 31 19 att
377 487 120 22 Ständerna
512 488 48 21 icke
575 487 75 28 frängä
661 487 162 28 författningen,
835 488 71 20 kunna
918 488 39 21 och
970 487 50 21 böra

195 516 33 25 de,
244 516 68 28 enligt
334 517 41 20 min
392 516 62 28 äsigt,
469 516 64 21 räcka
554 523 26 14 en
596 516 104 28 hjelpsam
716 516 64 27 hand,
797 523 47 14 men
866 516 76 21 endast
957 515 22 22 ät
994 523 26 14 en

192 545 60 27 ärlig,
268 545 77 21 redbar
366 545 41 21 och
428 545 197 28 författningsenlig
646 545 103 28 regering.
779 544 30 21 Sä
833 545 59 27 längt
913 545 71 20 kunna
1000 545 21 20 vi

193 573 33 28 gä,
243 580 48 14 men
309 574 46 21 icke
371 576 32 18 ett
418 576 47 25 steg
480 573 79 28 längre.

263 630 35 21 Hr
313 631 24 21 L.
352 631 159 20 Mechelin:
525 630 42 28 Jag
583 630 62 21 utber
661 631 43 26 mig
718 633 31 18 att
760 630 23 21 få
793 630 110 21 vördsamt
915 630 105 28 tillstyrka

194 662 30 18 att
240 659 27 21 R.
283 667 19 13 o.
317 660 26 20 A.
360 659 65 22 måtte
446 659 114 28 godkänna
583 659 40 20 den
646 659 145 28 uppfattning,
807 666 44 13 som
872 659 86 20 uttalats
971 659 6 20 i
993 658 28 21 de

194 695 51 20 nyss
262 687 127 28 föredragna
405 688 153 21 skrifvelserna
566 687 48 21 frän
626 687 237 28 Grundlagsutskottet,
878 687 143 22 Statsutekot-

194 719 31 18 tet
242 719 56 18 samt
313 716 56 28 Lag-
385 716 40 22 och
443 716 217 21 Ekonomiutskottet.
677 715 107 29 Vägande
799 716 47 21 skäl
861 719 32 18 att
907 716 115 27 godkänna

195 745 71 20 denna
283 745 138 28 uppfattning
436 745 66 21 hafva
517 745 88 20 uttalats
621 745 47 20 utaf
683 745 44 20 Hrr
743 744 102 21 Lindelöf
857 745 41 21 och
908 745 62 26 Rein,
980 744 41 21 och

194 774 36 27 jag
253 773 39 21 har
308 773 59 28 tyckt
384 774 42 27 mig
442 774 61 24 finna,
519 773 90 21 oaktadt
623 773 35 28 jag
674 774 48 20 icke
738 773 50 21 fullt
803 773 66 21 hörde
885 773 32 21 Hr
933 773 87 21 Frasers

194 801 110 28 yttrande,
319 805 30 18 att
364 802 41 21 han
417 803 6 20 i
434 801 123 22 hufvudsak
573 801 76 22 delade
665 809 80 14 samma
760 801 145 29 uppfattning.
927 801 41 28 Jag
979 801 41 21 kan

195 830 85 21 säledes
296 831 34 20 för
345 832 42 19 min
404 831 33 20 del
454 830 115 21 inskränka
585 831 43 27 mig
643 831 32 20 till
691 833 31 18 att
736 831 87 27 tillägga
835 838 38 21 par
883 830 139 29 synpunkter,

195 866 47 14 som
258 859 105 21 måhända
379 859 48 22 icke
444 859 81 21 berörts
540 859 23 21 af
578 859 27 21 de
621 859 130 28 föregående
768 859 63 21 ärade
847 859 99 21 talarene.

265 888 90 28 Frågan,
370 888 105 22 huruvida
491 890 30 19 ett
537 888 103 21 effektivt
654 888 135 28 fullgörande
805 888 23 21 af
843 887 130 22 Ständernas
989 896 34 12 ar-

196 917 48 21 bete
256 916 37 21 vid
309 916 145 22 innevarande
470 916 102 28 landtdag
583 918 22 19 är
617 917 106 21 beroende
739 916 62 21 deraf
815 916 56 21 hvad
889 916 69 21 beslut
969 916 53 28 Kej-

195 944 206 22 saren-Storfursten
418 946 94 20 kommer
527 948 31 18 att
580 945 54 21 fatta
649 946 6 20 i
672 945 116 28 anledning
811 945 22 21 af
854 946 116 27 petitionen
986 952 34 14 om

195 974 41 20 den
253 974 80 28 lagliga
347 974 124 28 ordningen,
487 975 22 19 är
524 974 48 21 icke
589 974 6 20 i
610 974 89 20 främsta
714 977 92 17 rummet
821 974 41 20 och
877 973 48 21 icke
941 973 80 21 uteslu-

194 1002 66 21 tande
277 1010 26 14 en
313 1003 101 27 juridisk
428 1002 66 28 fråga.
525 1002 44 21 Det
584 1004 23 19 är
625 1005 31 19 ett
673 1002 100 28 politiskt
793 1002 112 28 spörsmål,
926 1002 97 28 förknip-

196 1031 52 27 padt
264 1031 48 21 med
327 1031 27 21 de
370 1031 78 28 frågor,
463 1038 44 14 som
523 1030 34 22 stå
572 1031 52 21 allra
640 1031 76 21 främst
731 1031 28 28 på
774 1030 159 28 dagordningen
944 1031 7 20 i
962 1030 59 22 detta

195 1059 57 27 land,
269 1060 27 28 på
311 1062 31 19 ett
356 1060 83 21 aktuelt
454 1062 47 23 sätt,
516 1059 65 21 sedan
599 1060 129 27 landtdagen
746 1059 45 22 blef
801 1059 166 21 sammankallad
979 1058 41 22 och

195 1088 63 28 djupt
273 1089 6 20 i
296 1088 51 22 allas
369 1089 81 26 sinnen,
466 1088 104 21 alltsedan
594 1088 144 21 afvikelserna
760 1088 47 20 från
829 1096 25 13 en
871 1088 150 27 författnings-

195 1116 58 28 enlig
274 1117 89 28 styrelse
379 1117 93 27 vidtogo.
502 1116 154 28 Landtdagens
677 1117 90 21 främsta
789 1117 90 27 uppgift,
895 1116 36 21 det
946 1116 38 21 har
998 1117 23 27 ju

191 1145 50 25 ofta
265 1145 73 22 blifvit
361 1146 126 26 framhället,
503 1146 37 20 har
555 1146 54 20 varit
632 1145 41 21 den
693 1148 31 18 att
739 1147 52 26 göra
806 1145 69 28 tydlig
890 1145 58 21 front
964 1149 56 17 emot

195 1177 31 17 ett
242 1175 198 27 regeringssystem,
456 1182 43 13 som
516 1174 48 21 icke
580 1174 60 21 hållit
656 1175 32 27 sig
704 1174 32 21 till
753 1174 174 26 konstitutionen,
942 1174 40 20 och
990 1177 31 17 att

195 1204 5 18 i
226 1202 95 28 enlighet
343 1202 47 22 med
413 1202 126 28 erforderlig
562 1203 114 27 utredning
692 1210 34 14 om
742 1202 56 21 hvad
815 1210 45 13 som
877 1204 22 19 är
915 1202 35 21 det
965 1204 55 19 rätta

196 1231 40 21 och
253 1231 57 21 hvad
327 1239 45 13 som
388 1233 23 19 är
426 1233 56 19 orätt
497 1231 84 21 anhålla
597 1239 33 13 om
647 1231 41 21 den
704 1231 213 28 systemförändring,
928 1238 44 14 som
984 1238 38 13 en-

196 1263 55 17 samt
274 1260 41 20 kan
340 1260 129 21 äterskänka
489 1260 98 27 ordning,
603 1260 61 28 lycka
688 1260 41 21 och
747 1260 50 27 lugn
814 1260 22 20 ät
851 1259 102 21 Finlands
969 1259 54 21 folk.

195 1288 47 22 Vid
259 1288 61 21 sidan
336 1288 23 21 af
373 1288 71 22 denna
460 1291 57 19 stora
533 1289 86 27 uppgift
634 1288 72 21 kunna
722 1288 48 22 icke
786 1288 86 28 vanliga
883 1288 95 28 partiella
989 1295 34 13 re-

195 1318 81 20 former
299 1318 55 20 inom
379 1317 57 21 olika
452 1317 59 21 delar
527 1317 22 21 af
566 1317 164 27 lagstiftningen
746 1317 100 21 tillvinna
861 1318 34 26 sig
910 1316 112 21 enahanda

196 1347 51 26 vigt,
264 1353 45 13 som
325 1346 26 20 de
367 1346 66 21 hafva
445 1346 67 20 under
523 1346 94 20 normala
628 1345 155 22 förhällanden.
807 1346 43 20 Om
862 1345 83 21 landets
958 1344 64 22 Stän-

195 1374 38 21 der
244 1374 121 21 oberoende
381 1374 67 26 deraf,
464 1374 52 21 huru
533 1374 127 27 afgörandet
676 1375 5 20 i
698 1374 116 28 anledning
830 1374 23 20 af
868 1374 41 20 den
921 1374 99 28 politiska

195 1403 119 27 petitionen
335 1403 93 26 utfaller,
446 1403 68 21 skulle
539 1402 28 28 pä
583 1403 81 27 vanligt
680 1404 42 20 sätt
739 1402 105 21 behandla
860 1402 66 21 också
941 1402 80 21 sådana

195 1433 81 19 smärre
293 1431 76 27 frägor,
384 1432 89 20 oaktadt
489 1432 53 20 intet
559 1439 49 13 svar
624 1431 28 28 pä
664 1431 40 21 den
717 1434 57 18 stora
786 1432 117 27 petitionen
915 1430 108 25 afhördes,

195 1460 39 21 uch
255 1460 131 28 ländidägen
401 1460 92 21 sålunda
508 1460 54 26 finge
579 1463 30 18 ett
625 1459 71 21 enkelt
713 1460 86 28 förlopp
815 1461 57 19 inom
889 1459 84 24 vanliga
989 1467 33 13 ra-

195 1496 45 13 mar
256 1488 41 22 och
310 1488 119 22 Ständerna
445 1488 110 28 åtskiljdes
571 1488 40 22 och
627 1488 130 28 landtdagen
774 1488 118 21 afslutades
910 1488 48 21 med
970 1496 53 13 van-

195 1517 41 27 liga
258 1517 167 27 högtidligheter
440 1517 39 21 och
501 1517 37 22 sä.
549 1517 195 21 hufvudresultatet
760 1516 78 27 blefve,
853 1520 31 18 att
900 1516 65 28 några
980 1524 41 21 nya
