1095 1773
389 113 187 35 Tryckfrihetslag.
859 117 41 20 201

73 192 113 22 traktande
202 192 62 21 deraf
279 196 31 17 att
325 192 143 28 äktenskapet
483 192 68 20 mäste
567 199 63 14 anses
646 192 70 21 säsom
728 199 26 13 en
766 190 135 22 uteslutande

74 221 135 27 civilrättslig
224 221 42 22 akt,
282 220 66 22 infört
364 220 195 28 civiläktenskapet
575 221 101 27 antingen
689 220 150 28 obligatoriskt
849 219 53 21 eller

74 250 130 20 fakultativt.

143 278 73 21 Ehuru
240 281 31 17 ett
293 278 47 20 litet
359 278 53 26 folk,
429 279 65 19 räkna
517 279 66 20 äfven
605 278 20 20 vi
648 285 34 13 oss
698 278 32 20 till
747 277 155 27 kulturfolken,

75 306 40 22 och
134 306 64 22 hafva
220 306 64 21 äfven
305 306 39 21 hos
363 314 35 13 oss
415 306 76 28 mänga
507 308 69 20 röster
591 306 56 28 höjts
664 306 34 20 för
713 306 107 21 ernäende
836 305 23 21 af
874 313 26 13 en

75 336 61 27 länge
153 334 142 28 efterlängtad
312 335 40 21 och
368 334 102 28 tidsenlig
484 335 80 21 reform
582 336 6 20 i
605 335 66 21 ofvan
687 334 66 28 sagda
762 334 102 22 afseende
873 347 28 3 -—

75 372 25 12 en
117 364 84 27 reform,
216 364 58 20 hvars
290 363 162 28 nödvändighet
467 363 145 29 ädagalägges
628 371 77 20 genom
721 363 147 28 tillgripandet
878 363 25 21 af

75 394 95 26 utvägar,
185 392 90 21 hvarvid
299 392 140 28 medborgare
458 392 66 21 hellre
540 396 43 18 satt
599 393 37 20 sitt
652 392 81 28 sedliga
749 392 108 21 anseende
873 391 28 29 pä

75 421 45 28 spel
136 422 26 20 än
178 420 48 22 låtit
242 421 101 27 betvinga
359 422 31 19 sin
407 420 152 28 öfvertygelse.
588 421 78 21 Säkert
676 420 68 21 skulle
756 420 76 28 många
845 428 56 13 sam-

75 451 117 20 vetsömma
209 457 101 21 personer
325 450 6 20 i
347 450 48 21 vårt
411 449 49 21 land
477 450 70 21 känna
563 450 33 28 sig
613 449 98 29 lyckliga,
721 457 33 13 om
768 449 90 21 hindren
869 452 33 18 att

75 479 77 20 handla
169 479 4 20 i
190 479 224 20 öfverensstämmelse
438 479 46 20 med
501 482 124 22 samvetets,
640 479 41 20 den
698 478 40 21 fria
753 478 90 21 tankens
859 477 42 21 och

75 507 40 21 den
133 515 76 20 mogna
226 507 170 28 öfvertygelsens
419 509 72 25 röster,
507 515 76 20 genom
608 507 112 21 införande
736 507 23 20 af
774 507 128 21 civiläkten-

75 536 53 28 skap
145 536 71 21 blefve
232 535 126 28 aflägsnade.

143 565 52 20 Med
212 564 47 21 stöd
276 565 22 20 af
314 565 37 20 det
363 564 38 21 här
417 564 65 21 ofvan
498 564 91 21 anförda
605 564 65 28 vågar
680 563 161 22 undertecknad
853 563 48 21 här-

75 593 46 21 med
139 593 155 21 vördsammast
310 593 85 20 anhålla
411 596 29 17 att
458 593 36 21 det
510 593 124 28 Höglofliga
650 593 91 21 Ståndet
757 593 50 21 ville
817 592 84 22 skänka

75 623 31 20 sin
124 622 104 49 jankgun
250 621 130 22 medverkan
404 622 32 20 till
460 629 25 14 en
509 622 90 28 petition
623 629 33 13 om
677 621 223 28 lagstiftningsätgärd

77 658 5 12 1
99 654 62 24 syfte,

349 710 32 19 att
397 708 119 27 äktenskap
531 708 105 27 ingånget
646 707 62 28 inför
720 707 106 27 borgerlig
837 714 66 20 myn-

281 736 73 27 dighet
375 737 67 27 blefve
458 737 10 20 i
482 737 102 27 afseende
599 736 14 21 ä
628 737 46 20 dess
688 735 101 28 giltighet
804 735 99 21 likstäldt

284 765 47 20 med
345 765 125 28 äktenskap,
486 773 46 13 som
549 765 97 27 afslutas
662 765 48 20 med
725 764 85 28 kyrklig
825 764 74 27 vigsel.

385 822 139 28 Helsingfors
541 823 42 20 den
599 823 26 20 22
642 822 113 21 december
772 822 60 21 1904.

576 880 96 21 Mauritx
692 879 139 29 Gripenberg.

146 942 236 22 Petitionsmemorialet
404 942 113 22 bordlades
539 943 33 21 till
595 943 67 21 första
676 943 84 28 plenum
777 944 6 19 i
798 945 60 19 nästa
873 943 30 20 är.

393 1080 190 28 Tryckfrihetslag.

144 1137 30 21 Af
189 1137 35 21 Hr
239 1137 26 21 G.
281 1137 158 21 Schauman
456 1138 108 28 upplästes
575 1141 31 18 ett
616 1138 22 20 af
648 1138 75 20 honom
734 1137 170 22 undertecknadt

75 1162 210 56 Petitionsmemorial
306 1173 33 14 om
363 1166 276 28 pressangelägenheternas
662 1166 106 22 ordnande
788 1166 28 28 på
830 1165 74 29 tryck-

85 1194 91 21 rihetens
192 1194 109 28 grundval,
317 1194 92 22 varande
425 1194 60 22 detta
500 1195 108 21 memorial
624 1195 22 21 af
661 1195 93 27 följande
769 1194 89 29 lydelse:

282 1280 41 21 Till
340 1280 160 29 Ridderskapet
514 1281 40 21 och
571 1280 76 22 Adeln.

144 1337 46 21 Vår
204 1345 28 13 nu
247 1337 98 28 gällande
361 1338 195 28 presslagstiftning
571 1338 42 21 kan
629 1339 7 19 i
651 1338 85 21 korthet
746 1338 157 21 kännetecknas

75 1374 44 13 som
136 1374 25 12 cn
178 1366 78 21 väfnad
271 1366 23 21 af
308 1366 166 28 kulturfientligt
489 1366 112 29 godtycke.

145 1394 127 28 Hycklande
282 1394 134 28 tryckfrihet,
428 1395 117 21 innehåller
557 1395 148 29 förordningen
716 1394 107 29 angående
834 1402 70 20 press-

75 1423 204 28 angelägenheterna
301 1424 6 20 1
329 1423 93 21 Finland
445 1423 23 21 af
483 1424 40 21 den
541 1425 24 19 31
583 1424 45 28 Maj
646 1425 53 20 1867
715 1424 7 20 i
738 1424 75 28 sjelfva
827 1422 78 22 verket

77 1452 162 26 bestämmelser,
255 1459 44 13 som
315 1451 51 28 utgå
381 1452 47 20 från
444 1459 26 13 en
484 1452 49 21 med
543 1452 153 28 tryckfriheten
708 1452 102 27 oförenlig
820 1452 83 28 princip

75 1480 39 21 och
130 1488 44 13 som
190 1481 7 20 i
212 1480 42 28 hög
269 1480 52 28 grad
336 1480 97 22 försvåra
444 1481 82 21 litterär
536 1481 40 21 och
587 1481 100 21 särskildt
697 1480 132 29 publicistisk
841 1480 63 21 verk-

75 1508 83 22 samhet
172 1509 7 20 i
195 1509 77 20 landet.
303 1508 74 22 Denna
394 1510 85 27 princip
495 1511 22 19 är
532 1510 40 20 den
589 1510 123 28 preventiva
728 1516 100 14 censuren
843 1522 27 2 —
881 1508 24 22 af
