1095 1773
197 127 28 20 52
474 132 25 17 R.
512 137 17 11 o.
541 132 26 17 A.
579 132 60 17 1904.
663 132 25 17 10
700 132 52 17 Dec.

268 199 71 22 Sedan
356 199 40 22 här
408 200 132 26 antecknats,
550 203 33 18 att
597 200 119 22 emellertid
730 200 123 29 ytterligare
864 203 32 18 ett
906 202 54 20 stort
970 199 58 23 antal

196 229 25 21 af
242 230 28 20 R.
291 235 19 15 o.
331 228 40 22 A:s
392 228 139 22 mediemmar
577 229 77 29 uppsiigit
668 228 34 22 för
716 232 34 18 att
764 228 83 24 anmäla
862 229 33 28 sig
909 228 34 22 till
958 228 69 22 erhål-

197 256 64 22 lande
276 256 23 22 af
313 256 68 28 ordet,
395 257 134 29 uppmanade
540 233 39 58 Hr
593 256 207 23 Landtmarskalken
815 256 102 22 Ståndets
927 257 102 21 medlem-

197 293 47 14 mar
269 288 32 18 att
323 285 74 22 aftåga
417 286 33 21 till
473 286 89 28 kyrkan,
576 286 76 21 dervid
668 286 133 28 beklagande
816 289 33 18 att
863 286 42 21 han
922 285 23 22 af
959 286 69 21 helso-

197 314 48 21 skäl
262 321 49 14 vore
326 314 91 22 hindrad
432 318 32 18 att
479 314 52 29 följa
545 314 101 27 Ståndet;
662 314 55 22 dock
729 314 68 22 skulle
809 314 34 22 Hr
854 314 176 22 Landtmarskal-

197 343 43 21 ken
255 342 82 22 infinna
352 343 33 28 sig
399 342 29 30 på
442 343 79 21 slottet.

269 394 34 22 Hr
325 394 28 22 K.
376 395 107 25 Antell,
508 402 44 14 som
577 394 29 29 på
630 395 92 29 begäran
746 395 67 21 erhöll
839 394 68 26 ordet,
933 394 96 22 erinrade

196 423 82 27 derom,
297 426 32 18 att
350 424 66 28 enligt
431 424 25 21 21
473 424 12 27 $
501 423 25 21 R.
542 423 27 22 O.
585 424 34 20 val
634 423 24 21 af
672 424 106 21 elektorer
792 423 40 22 bör
847 423 38 21 ske
901 423 67 21 första
982 424 48 20 söc-

199 452 86 27 kendag
308 452 55 21 efter
384 452 140 29 landtdagens
546 452 118 29 högtidliga
683 452 118 29 öppnande,
816 452 7 21 i
838 452 55 28 följd
907 451 77 22 hvaraf
998 454 33 19 ett

198 481 87 28 plenum
312 481 66 21 borde
407 483 90 20 utsättas
523 481 32 21 till
577 481 162 28 morgondagen,
761 481 28 21 dä
813 481 60 21 detta
897 481 36 21 val
959 480 70 22 kunde

197 517 43 20 ega
255 517 51 14 rum.

270 561 71 21 Sedan
363 561 34 20 Hr
420 561 207 21 Landtmarskalken
643 565 116 25 uppmanat
775 561 101 22 Ständets
892 561 138 21 medlemmar

199 592 34 19 att
252 589 77 22 samlas
352 589 33 22 till
400 589 85 28 plenum
500 590 8 20 i
523 597 87 20 morgon
625 589 29 22 kl.
670 591 25 20 11
712 589 15 22 f.
743 598 33 18 ra.,
791 589 118 22 afslutades
924 597 106 14 samman-

198 617 73 22 trädet
286 618 28 21 kl.
338 619 27 26 !/,
375 619 25 20 11
417 618 15 21 f.
447 626 36 19 m.,
497 618 110 21 hvarefter
622 617 91 22 Ständet
728 618 100 29 aftägade
843 618 33 21 till
892 618 138 29 Nikolaikyr-

200 647 43 21 kan
259 647 35 20 för
308 650 33 18 att
356 646 113 22 öfvervara
484 647 266 28 landtdagsgudstjensten.

825 676 22 17 In
860 675 65 18 fidem:

772 705 50 21 Clas
837 712 20 14 v.
877 705 84 21 Collan.

296 836 146 34 Lördagen
461 836 56 26 den
535 835 32 28 10
587 836 155 27 December
761 836 39 26 kl.
818 837 28 26 11
866 836 17 26 f.
902 844 35 18 m.

271 894 90 21 Plenum
377 894 110 28 öppnades
503 894 22 21 af
540 894 34 21 Hr
589 894 256 22 Vicelandtmarskalken
856 894 48 21 med
916 894 115 22 tillkänna-

201 922 112 28 gifvande,
329 925 31 18 att
399 930 10 13 Hr
424 922 208 22 Landtmarskalken
649 930 51 14 vore
716 923 22 21 af
754 922 126 22 illamäende
896 922 90 22 hindrad
999 925 32 19 att

202 950 165 27 tillstädesvara,
383 952 5 20 i
405 951 54 28 följd
483 951 76 21 hvaraf
582 951 34 21 Hr
631 951 255 22 Vicelandtmarskalken
904 951 32 21 till
951 952 79 28 fullgö-

201 979 68 21 rande
284 979 24 21 af
322 980 26 20 R.
364 980 54 21 O:ns
434 980 111 21 föreskrift
560 980 76 21 trädde
652 981 6 20 i
674 980 54 22 hans
744 980 47 22 stad
808 980 41 21 och
864 980 68 21 ställe.

272 1030 35 22 Hr
329 1031 178 21 Wallensköld
533 1032 66 20 utbad
623 1033 33 26 sig
678 1032 62 20 ordet
762 1031 41 21 och
823 1032 96 28 yttrade:
950 1032 43 21 Det
1008 1034 24 19 är

202 1059 70 29 tredje
294 1060 84 27 gången
401 1060 36 28 jag
460 1060 39 21 hör
519 1060 34 21 Hr
567 1060 254 21 Vicelandtmarskalken
837 1060 45 21 tala
897 1060 47 21 från
960 1060 72 22 landt-

202 1088 226 27 marskalkstribunen,
444 1092 51 17 utan
511 1092 32 18 att
558 1088 37 22 det
611 1090 55 20 varit
681 1089 84 28 möjligt
780 1089 33 21 för
829 1090 44 26 mig
886 1092 31 18 att
928 1088 47 22 frän
987 1090 44 20 min

202 1117 58 27 plats
284 1117 99 28 uppfatta
407 1120 31 18 ett
462 1117 54 21 enda
539 1117 45 21 ord.
614 1117 42 28 Jag
674 1118 96 20 anhäller
785 1117 73 21 derför
875 1117 109 22 vördsamt
1000 1120 32 19 att

202 1145 36 21 Hr
252 1145 255 22 Vicelandtmarskalken
529 1146 50 21 ville
596 1146 43 21 tala
654 1146 48 21 med
718 1146 24 21 sä
757 1146 69 28 tydlig
841 1148 95 22 stämma,
952 1149 32 19 att
999 1146 33 21 äf-

202 1181 42 14 ven
267 1174 27 21 de
315 1174 70 28 längst
409 1174 47 21 bort
478 1174 92 22 sittande
595 1174 93 22 blefvei
705 1175 84 21 tillfälle
805 1177 32 19 att
851 1174 52 22 höra
924 1174 56 22 hvad
998 1175 34 21 Hr

206 1201 254 23 Vicelandtmarskalken
475 1204 68 26 säger.

274 1254 35 21 Hr
332 1254 253 22 Vicelandtmarskalken
608 1254 122 22 förklarade
746 1255 34 27 sig
795 1256 51 20 ärna
861 1254 89 22 försöka
966 1255 65 21 efter-

203 1282 86 21 komma
305 1282 41 22 den
362 1282 23 22 af
400 1282 34 22 Hr
449 1283 148 21 Wallensköld
614 1283 94 21 uttalade
725 1284 89 20 önskan.

387 1386 28 22 Hr
428 1386 216 23 Landtmarskalkens
658 1386 30 23 tal
704 1384 14 24 å
732 1386 118 23 tronsalen.

275 1437 31 21 Pä
322 1438 91 27 begäran
430 1437 107 22 lemnades
553 1438 62 21 ordet
630 1438 22 22 &t

274 1488 35 22 Hr
323 1490 59 20 Arne
398 1488 157 27 Cederholm,
574 1498 46 13 som
634 1489 95 29 yttrade:
748 1489 44 23 Vid
808 1489 121 29 gärdagens
944 1490 87 28 plenum

204 1517 72 21 anhöll
292 1518 35 28 jag
341 1524 34 14 om
392 1518 68 26 ordet,
475 1525 47 14 men
533 1518 121 22 tilldelades
662 1518 119 22 detsamma
793 1519 43 27 mig
845 1518 56 27 icke,
912 1519 64 21 innan
987 1519 45 29 ple-
