1095 1773
188 126 40 21 132
461 134 24 16 R.
499 138 16 12 o.
528 134 25 16 A.
566 134 60 16 1904.
650 134 29 16 20
692 134 50 16 Dec.

188 200 198 22 landtmarskalken
405 200 41 22 och
468 201 123 21 talmännen
608 201 34 21 för
657 201 27 22 de
700 201 70 29 öfriga
784 201 99 27 ständen,
899 202 69 21 skulle
982 201 36 21 för

188 228 75 23 vidare
288 228 115 22 befordran
427 230 144 22 öfveriemnas
589 230 34 22 till
637 230 64 22 Hans
716 230 116 22 Excellens
847 230 172 29 Generaiguver-

187 258 77 26 nören;
288 257 40 22 och
353 258 66 21 borde
441 258 148 28 telegrammet
607 258 115 28 innehälla,
741 262 32 18 att
790 258 105 22 Finlands
910 259 27 28 pä
952 258 66 28 nädig

188 286 89 21 kallelse
292 286 32 21 till
340 286 104 28 landtdag
458 287 130 21 församlade
607 287 93 21 Ständer
715 288 82 21 utbädo
812 288 34 27 sig
860 290 33 18 att
907 288 33 20 till
955 287 63 21 Hans

189 314 105 29 Majestät
309 316 6 20 i
331 315 172 29 underdänighet
525 316 108 21 frambära
656 317 48 20 sina
719 316 182 28 lyckönskningar
916 316 48 21 med
981 323 38 14 an-

188 342 90 29 ledning
293 344 24 20 af
332 343 61 21 Hans
411 344 112 28 Majestäts
539 344 64 28 Höga
618 344 124 28 namnsdag.

260 475 90 22 Plenum
366 476 117 21 afslutades
500 477 27 21 kl.
545 478 48 25 1'/,
609 484 17 14 e.
642 485 26 12 m.

801 528 23 17 In
836 527 65 18 fidem:

762 563 49 21 Clas
827 570 19 13 v.
866 562 84 22 Collan.

290 727 143 35 Tisdagen
452 728 52 27 den
525 728 38 27 20
582 729 156 26 December
756 728 39 27 kl.
813 729 15 25 7
847 736 22 19 e.
888 736 35 18 m.

553 797 107 23 Polletter.

261 859 73 22 Sedan
351 865 85 16 senaste
455 861 86 27 pienum
557 860 56 21 hade
628 861 42 20 den
686 860 127 28 förändring
828 861 7 20 i
850 859 102 22 Ständets
964 867 56 14 sam-

191 889 148 27 mansättning
355 892 36 24 egt
406 897 52 18 rum,
473 892 32 18 att
519 890 78 27 pollett
608 889 109 21 äterstälts
727 890 34 20 för
772 889 82 28 Adliga
864 891 61 19 ätten
934 888 42 22 N:o
987 890 34 20 92.

193 917 124 27 Tigerstedt,
344 917 22 21 af
389 917 57 21 Herr
471 918 54 21 Axel
551 918 92 21 Fredrik
670 918 124 28 Tigerstedt,
819 918 66 21 Filos.
911 918 110 28 Magister,

191 945 196 27 Ofverintendent
379 941 13 35 ;

262 978 55 18 samt
340 976 88 26 uttagits
449 974 34 22 för
498 975 81 27 Adliga
594 977 60 19 ätten
669 975 42 21 N:o
727 976 49 20 211.
791 975 28 27 af
837 975 74 27 Ursin,
927 975 23 21 af
965 974 57 22 Herr

191 1003 49 21 Nils
256 1003 83 21 Robert
355 1004 28 26 a/
401 1004 73 26 Ursin,
489 1004 65 21 Filos.
570 1004 91 26 Doktor,
676 1003 89 22 Lektor.

491 1124 229 28 Protokollsjustering.

261 1182 134 20 Protokollet
411 1181 62 21 öfver
487 1182 26 20 R.
527 1189 19 13 o.
557 1182 39 20 A:s
607 1182 36 20 vid
656 1182 86 28 plenum
754 1182 41 20 den
808 1182 25 20 17
845 1180 81 22 dennes
938 1180 84 22 fattade

191 1210 72 21 beslut
279 1210 110 28 upplästes
404 1210 33 21 till
452 1210 110 28 justering,
577 1210 110 21 hvarefter

261 1267 35 21 Hr
310 1267 27 21 A.
352 1266 24 22 F.
392 1266 90 29 Späre
498 1267 71 21 anhöll
585 1274 33 14 om
634 1267 62 21 ordet
708 1267 42 21 och
760 1266 94 29 yttrade:
880 1266 35 21 Då
925 1267 35 48 jag
970 1266 48 21 icke

191 1302 38 14 var
245 1296 7 20 i
268 1296 85 20 tillfälle
377 1298 32 18 att
431 1296 151 21 underskrifva
602 1296 237 28 petitionsmemorialet
854 1294 113 28 angående
982 1294 38 22 det

190 1324 190 28 grundlagsenliga
399 1324 166 28 styrelsesättets
588 1324 180 28 återupprättelse
783 1324 41 21 och
839 1331 39 14 var
893 1323 126 21 förhindrad

190 1355 33 19 att
242 1354 91 20 närvara
356 1352 37 22 vid
416 1353 26 21 R.
458 1360 18 14 o.
496 1353 37 21 A:s
549 1353 63 28 plena
634 1352 41 22 den
693 1354 25 20 15
739 1352 42 22 och
798 1354 24 20 17
840 1352 87 26 dennes,
942 1352 25 21 sä
982 1352 38 21 ber

188 1382 38 28 jag
248 1384 33 18 att
303 1381 23 21 fä
341 1381 101 27 förklara,
465 1384 31 18 att
517 1382 36 28 jag
573 1382 95 20 ansluter
682 1382 44 27 mig
741 1381 34 21 till
791 1381 36 21 det
842 1380 115 27 memorial,
973 1387 46 14 som

190 1410 42 21 den
254 1411 26 20 15
307 1410 72 21 blifvit
401 1410 85 28 uppläst
502 1410 35 21 vid
553 1410 93 28 plenum,
661 1410 41 21 och
718 1409 96 22 anhäller
828 1409 69 21 tillika
913 1411 31 19 att
960 1408 59 22 detta

189 1438 69 22 mätte
273 1442 106 25 upptagas
395 1439 33 21 till
444 1439 134 28 protokollet.

260 1490 35 21 Hr
309 1490 61 22 C.G.
382 1498 52 13 von
445 1490 176 22 Bonsdorff:
636 1490 42 28 Jag
690 1490 38 21 ber
738 1492 32 19 att
778 1489 23 21 få
809 1488 165 28 tillkännagifva
982 1490 38 26 att,

190 1518 68 21 ehuru
274 1519 35 28 jag
324 1519 49 21 icke
389 1519 88 21 kommit
493 1522 31 18 att
539 1519 147 21 underteckna
702 1518 37 22 det
749 1518 33 22 till
793 1518 26 22 R.
831 1526 18 13 o.
859 1519 28 20 A.
897 1517 123 23 inlemnade
