1095 1773
380 126 233 28 Landtdagsarbetena.
871 124 42 20 383

99 198 104 21 uolestani
227 201 88 18 suostua
337 198 76 25 siihen,
436 200 43 19 että
495 198 161 21 valiokunnissa
670 197 126 22 tahallisesti
811 197 100 28 viivytel-

91 228 40 19 ään
156 227 67 21 asiain
247 226 108 28 lopullista
372 226 120 28 käsittelyä.
522 226 78 21 Minun
616 226 118 21 mielestäni
750 226 46 21 olisi
812 226 100 21 Korkea-

83 255 99 21 arvoisen
202 254 86 29 Säädyn
305 255 175 28 puheenaolevan
497 255 109 28 esityksen
621 254 99 29 johdosta
736 254 175 22 huomautettava

84 284 152 21 asianomaista
259 284 144 26 valiokuntaa,
419 285 44 19 että
479 291 37 13 sen
531 284 59 20 tulee
606 283 117 21 noudattaa
739 283 172 28 valtiopäiväjär-

84 312 110 28 jestyksen
218 313 26 21 39
261 312 97 28 pykälää,
373 312 65 28 jonka
454 313 150 20 ensimäisessä
620 312 106 21 kohdassa
742 315 109 21 sanotaan,
866 312 46 20 että

85 340 113 22 kaikkien
215 340 148 22 valiokuntain
378 340 58 22 tulee
452 341 95 28 säätyjen
558 340 192 29 täysi-istuntoihin
763 340 91 22 lähettää
865 340 46 20 lau-

83 372 103 18 suntonsa
201 370 21 27 ja
239 369 164 27 ehdotuksensa,
419 370 42 20 sitä
476 371 86 27 myöten
579 370 51 20 kuin
641 370 55 20 asiat
706 370 127 20 ennätetään
845 368 66 22 saada

83 398 127 21 valmiiksi».

153 443 33 22 Hr
204 443 25 22 L.
245 443 173 22 Mechelin:
434 443 42 28 Jag
491 443 55 22 hade
562 443 116 28 ingalunda
694 443 78 22 önskat
782 443 127 50 piterligare

87 476 93 25 npptaga
202 472 26 21 R.
244 480 18 13 o.
277 473 39 20 A:s
332 472 31 21 tid
379 472 49 21 med
445 476 31 17 ett
491 475 48 26 nytt
553 472 107 29 yttrande,
675 480 47 13 men
739 472 29 21 dä
797 474 22 19 här
835 472 76 20 äbero-

83 504 49 25 pats
148 504 30 18 ett
194 500 119 29 stadgande
329 501 6 20 i
352 501 24 21 L.
392 501 28 21 O.
435 501 71 21 säsom
522 501 87 21 formelt
623 501 77 21 hinder
708 501 34 21 för
752 500 159 29 godkännande

83 529 23 21 af
129 529 241 29 Grundlagsutskottets
386 529 165 28 framställning,
563 529 24 22 sä
602 537 62 14 anser
678 530 36 28 jag
729 533 31 18 att
776 529 69 22 denna
859 536 52 21 gen-

83 565 51 21 saga
158 558 48 21 icke
230 559 38 20 bör
291 558 80 21 lemnas
393 561 53 18 utan
468 558 71 28 någon
559 558 113 29 belysning
687 559 65 20 äfven
768 566 25 13 ur
807 557 103 28 laglighe-

82 590 47 17 tens
145 587 115 28 synpunkt.
284 586 44 21 Det
343 586 38 21 har
396 587 101 20 inträffat
512 587 36 21 vid
564 587 27 21 de
607 587 70 24 flesta,
692 587 81 21 kanske
788 587 41 21 alla
839 585 72 22 landt-

83 615 72 28 dagar,
170 619 32 18 att
217 615 41 22 den
275 615 86 28 slutliga
377 615 159 28 behandlingen
553 615 23 21 af
591 618 32 18 ett
637 615 79 22 ärende
731 615 131 29 uppskjntits
877 615 33 20 till

85 644 49 21 dess
150 647 32 18 att
196 644 71 27 nägon
284 644 27 28 pä
326 644 130 27 afgörandet
471 644 23 21 af
509 645 59 20 detta
584 644 78 21 ärende
678 644 130 21 inverkande
816 645 94 20 omstän-

83 672 75 28 dighet
173 673 102 21 inträffar.
306 672 43 21 Det
362 672 84 21 händer
460 673 21 28 ju
498 673 47 21 icke
561 673 73 27 sällan,
649 676 32 18 att
696 673 57 21 vissa
769 673 72 27 frågor
856 672 34 21 stä
903 673 5 20 i

83 704 31 18 ett
137 701 84 22 kausalt
236 701 103 22 samband
355 701 48 21 med
420 701 121 22 hvarandra
556 701 29 29 pä
599 702 24 21 sä
638 703 48 25 sätt,
701 704 32 18 att
748 701 40 21 den
805 708 40 14 ena
861 701 48 20 icke

86 729 42 21 kan
152 729 136 28 fullständigt
303 729 40 22 och
359 730 83 27 slutligt
456 730 95 27 pröfvas,
565 731 66 20 innan
646 730 42 21 den
704 729 66 22 andra
785 730 76 21 vunnit
876 729 33 21 sin

83 759 90 27 lösning.
203 758 162 28 Bordläggning
388 759 58 20 inom
468 759 91 21 ständen
581 759 51 21 eller
646 759 96 28 uppskof
757 759 56 20 inom
825 757 84 22 utskot-

83 790 36 18 ten
143 787 47 21 med
216 787 42 21 den
274 787 86 28 slutliga
376 787 158 28 behandlingen
549 787 24 21 af
589 790 30 18 ett
634 787 79 22 ärende
729 787 38 21 har
781 786 90 22 sälunda
887 786 23 21 af

84 815 60 28 dylik
163 815 117 28 anledning
295 815 144 27 förekommit,
455 816 127 27 visserligen
599 816 54 21 blott
668 817 6 20 i
690 816 89 21 enstaka
794 815 44 26 fall,
853 823 57 13 eme-

82 844 42 21 dan
140 844 69 21 under
224 844 95 21 normala
334 844 149 22 förhällanden
499 845 81 21 sädana
595 845 107 27 generella
718 845 91 26 orsaker,
823 851 46 14 som
881 851 28 14 nu

83 874 36 20 äro
135 873 35 21 för
185 873 91 27 handen,
292 873 47 22 icke
356 873 76 21 behöft
446 875 53 26 göra
515 875 33 27 sig
562 873 106 28 gällande.
698 873 35 21 Nu
749 873 66 21 finnes
831 873 36 21 det
883 879 26 14 en

83 905 44 17 stor
142 902 117 28 anledning
274 905 32 18 att
321 902 50 21 bida
387 902 49 21 med
453 902 108 22 bindande
578 902 70 21 beslut
656 902 47 21 från
716 902 131 21 Ständernas
857 901 52 27 sida,

82 930 40 21 och
137 930 49 21 med
203 931 120 21 utskottens
339 930 71 22 beslut
425 930 74 27 likasä,
514 931 32 21 till
563 931 49 21 dess
628 934 31 18 att
675 930 101 22 bedömas
793 931 48 24 kan,
854 930 54 21 huru

83 958 37 22 det
135 959 106 21 allmänna
256 960 112 27 rättsläget
382 960 104 27 gestaltar
501 960 38 27 sig.
564 960 66 20 Detta
645 960 46 20 skäl
706 961 24 19 är
744 959 23 21 af
781 959 66 21 sädan
863 960 47 26 vigt

81 987 41 21 och
144 987 116 29 betydelse,
275 991 32 18 att
322 988 37 21 det
374 995 52 14 vore
442 991 59 18 snart
516 988 63 28 sagdt
595 988 97 28 omöjligt
706 990 32 19 att
752 996 12 13 a
782 988 64 28 priori
861 989 48 19 när-

81 1023 58 14 mare
161 1016 81 25 utreda,
267 1016 54 21 huru
345 1016 60 28 längt
426 1016 42 22 och
483 1016 28 29 pä
526 1016 57 22 hvad
599 1018 43 20 sätt
656 1016 38 22 det
708 1016 90 22 anförda
813 1016 98 27 sakläget

84 1044 76 22 verkar
176 1045 27 28 pä
218 1045 37 21 det
270 1052 40 14 ena
323 1045 51 21 eller
389 1045 68 21 andra
473 1046 94 20 ärendet.
583 1045 131 21 Ständernas
731 1045 94 27 hällning
840 1044 67 21 mäste

81 1072 89 22 sälunda
193 1081 51 13 vara
266 1074 134 28 exspectativ
423 1074 33 20 till
479 1074 49 21 dess
550 1077 31 18 att
598 1081 47 13 man
662 1074 41 21 kan
719 1081 23 13 se
757 1073 40 22 och
813 1072 97 26 bedöma,

81 1101 73 21 hvilka
177 1102 143 28 tillgöranden
344 1103 5 20 i
365 1102 118 28 anledning
498 1102 23 22 af
535 1102 27 22 de
578 1102 130 28 landtdagen
724 1101 109 28 förelagda
849 1102 61 20 ären-

81 1130 56 21 dena
153 1131 110 27 verkligen
279 1132 36 20 äro
331 1130 144 28 ovilkorligen
491 1131 114 28 päkallade
621 1131 40 21 och
676 1130 84 22 landets
775 1130 34 21 väl
821 1130 87 21 beford-

81 1158 72 22 rande.
182 1159 43 27 Jag
240 1159 38 21 har
294 1159 59 21 velat
367 1159 76 21 beröra
459 1160 64 25 detta,
539 1160 28 28 pä
582 1159 37 21 det
634 1162 32 18 att
681 1167 48 13 man
744 1160 48 20 icke
807 1158 50 22 med
872 1166 37 13 en-

82 1187 43 21 kelt
146 1187 150 22 formalistiskt
310 1188 137 28 äberopande
463 1188 22 21 af
501 1189 26 20 39
543 1190 12 24 $
571 1188 25 22 L.
612 1188 27 21 O.
655 1188 69 21 skulle
740 1188 70 20 kunna
825 1187 84 28 afgifva

81 1216 42 20 den
148 1216 152 28 förklaringen,
322 1220 32 18 att
376 1216 37 22 det
436 1216 87 28 förslag,
539 1224 44 14 som
601 1216 228 28 Grundlagsutskottet
845 1216 64 21 fram-

81 1244 56 26 stält,
151 1245 47 21 icke
215 1252 50 14 vore
281 1245 102 28 förenligt
399 1245 49 21 med
466 1245 23 21 L.
505 1246 27 20 O.

149 1296 58 22 Frih.
223 1297 265 28 Yrjö-Koskinen:
504 1298 111 28 Pyytäisin
628 1297 91 29 lyhyesti
736 1298 115 20 kannattaa
862 1296 47 22 Hra

81 1325 175 28 Tavaststjernan
281 1326 114 21 ehdotusta
419 1326 128 21 huolimatta
566 1327 64 20 niistä
646 1326 110 21 kauneista
772 1326 137 28 selityksistä,

81 1355 51 27 joita
155 1354 46 21 Hra
225 1354 108 21 Mechelin
359 1362 28 13 on
403 1356 82 20 asiassa
501 1358 94 18 antanut.
626 1355 35 21 On
693 1356 62 20 päivän
771 1355 78 25 selvää,
865 1356 44 18 että

79 1382 129 28 ylimalkain,
216 1383 124 28 puhumatta
349 1384 117 27 erityisesti
473 1383 316 27 Perustuslakivaliokunnasta,
794 1382 115 29 kysymyk-

81 1413 58 19 sessä
155 1419 27 13 on
198 1411 54 21 ollut
267 1412 20 28 ja
303 1419 27 13 on
345 1412 42 28 yhä
402 1411 132 29 täydellinen
550 1412 109 28 työlakko,
673 1412 21 28 ja
710 1413 40 20 sitä
765 1414 90 19 vastaan
863 1413 46 25 täy-

80 1442 37 25 tyy
133 1440 151 21 ehdottomasti
301 1440 172 28 perustuslakien
489 1440 94 28 pohjalla
599 1448 69 21 panna
684 1441 127 21 vastalause.

150 1485 33 21 Hr
198 1485 34 22 W.
248 1485 169 22 Hackman:
433 1486 54 20 Med
503 1486 116 28 anledning
634 1486 23 21 af
672 1486 45 21 dels
732 1486 56 21 hvad
797 1485 58 21 Frih.
866 1492 41 14 von

81 1513 56 21 Born
163 1514 117 21 framhållit
297 1514 40 21 och
353 1514 47 21 dels
416 1514 58 21 hvad
490 1514 27 21 de
533 1518 86 18 senaste
633 1515 93 21 talarene
742 1514 95 29 uttryckt
852 1514 55 21 tillä-
