1095 1773
180 118 42 20 296
460 124 26 17 R.
499 128 17 13 o.
528 124 25 17 A.
565 124 61 17 1904.
650 125 29 17 30
691 125 50 16 Dec.

251 192 33 20 Pä
300 192 92 27 begäran
409 192 108 21 lemnades
533 192 52 21 härä
601 192 62 21 ordet
678 192 22 21 ät

252 248 263 28 HrL.Mechelin,som
537 248 78 22 yttrade:
624 248 36 22 Då
667 248 106 22 måhända
780 249 47 21 icke
835 248 109 22 enhvar
923 244 21 36 af
949 248 64 22 Stän-

178 277 51 22 dets
241 277 119 21 ledamöter
373 278 55 20 varit
440 278 5 20 i
456 277 85 21 tillfälle
557 280 31 19 att
603 278 117 21 skärskäda
735 277 107 29 budgeten
854 277 40 22 och
905 278 108 21 statsbok-

183 306 67 22 slutet
266 306 67 28 enligt
349 306 36 21 det
400 313 41 21 nya
457 306 244 28 räkenskapssystemet,
711 307 25 21 sä
752 307 37 21 ber
798 307 36 27 jag
844 309 32 18 att
887 306 23 20 fä
921 306 73 28 bringa
1007 307 5 19 i

182 336 101 26 erinring,
294 334 115 22 huruledes
415 330 9 36 i
438 334 78 28 sjelfva
529 314 76 42 verket
620 335 60 21 detta
696 342 41 20 nya
752 335 212 28 räkenskapssystem
976 335 39 21 har

182 363 155 21 ästadkommit
357 363 132 28 enhetlighet
504 364 6 20 i
527 363 169 27 statsbudgeten.
726 364 110 20 Tillvaron
853 363 22 21 af
905 370 35 14 flere
956 363 57 21 olika

182 391 85 28 fonder,
278 392 23 20 af
313 392 74 21 hvilka
403 400 26 13 en
440 392 34 21 del
490 395 148 25 representera
653 392 107 22 ordinarie
776 392 69 21 medel
861 392 40 21 och
917 392 98 28 utgifter,

183 420 114 28 angående
319 420 74 21 hvilka
414 420 119 22 Monarken
554 420 69 22 allena
643 420 135 27 bestämmer,
794 420 76 22 medan
887 420 66 21 andra
968 420 47 21 åter

183 452 150 26 representera
349 448 41 22 den
407 449 35 22 del
452 449 23 22 af
487 449 113 28 budgeten,
613 457 45 14 som
674 449 121 28 förelägges
807 449 120 22 Ständerna
939 449 32 21 till
982 449 33 21 af-

183 478 104 27 görande,
301 491 28 2 —
344 478 100 21 tillvaron
461 477 22 22 af
498 477 63 22 dessa
582 478 78 21 fonder
675 478 38 21 har
728 479 49 20 icke
792 478 86 21 hindrat
894 477 121 29 budgetens

183 507 97 27 verkliga
304 506 123 28 enhetliget,
450 507 40 20 och
511 514 76 20 gencm
609 514 25 13 en
657 507 62 21 enkel
742 507 129 27 hänvisning
896 507 32 20 till
951 506 63 21 dessa

184 535 70 21 skilda
273 535 78 21 fonder
372 535 39 21 har
426 543 47 13 man
490 536 6 20 i
512 535 40 21 den
572 535 105 28 enhetligt
692 535 115 29 uppstälda
823 535 108 28 budgeten
947 535 68 26 enligt

184 563 111 22 bokslutet
310 564 82 20 kunnat
406 565 52 26 göra
478 564 55 21 klart
548 564 34 21 för
597 565 39 26 sig,
647 565 4 20 i
664 543 84 42 hvilket
763 564 134 21 förhållande
909 563 104 22 fonderna

184 592 53 21 stått
260 592 33 21 till
309 592 125 21 hvarandra.
464 592 93 21 Sålunda
576 593 37 20 har
628 593 37 20 det
680 593 65 20 äfven
763 592 72 21 blifvit
851 592 164 27 öfverskådligt,

184 622 6 19 i
206 620 58 22 hvad
281 621 47 20 mån
353 621 65 21 behof
432 621 23 21 af
471 621 117 28 bevillning
609 621 121 28 föreligger.
761 621 34 22 Nu
812 621 40 21 kan
871 629 49 13 man
936 621 79 21 visser-

185 650 57 27 ligen
265 651 52 26 säga
340 652 31 18 att
393 649 36 22 det
449 650 37 21 har
504 653 43 18 sett
562 653 29 22 ut,
606 657 46 14 som
668 650 69 21 skulle
754 650 41 21 den
812 649 34 22 del
863 650 22 21 af
901 649 115 28 budgeten,

185 678 65 21 hvars
270 678 105 27 reglering
392 678 70 21 berott
477 678 26 29 på
519 678 131 21 Ständernas
668 679 75 24 beslut,
759 678 64 21 hafva
841 678 67 21 bildat
924 685 25 14 en
965 677 50 21 full-

185 707 92 28 komligt
295 706 79 21 afskild
397 707 110 28 afdelning
522 707 47 20 från
586 707 40 20 den
639 707 107 21 ordinarie
759 707 114 28 budgeten,
883 710 32 17 att
926 706 26 21 de
963 707 53 20 stått

186 735 124 21 oberoende
326 735 23 20 af
364 735 125 26 hvarandra,
505 743 47 13 men
569 735 24 22 så
607 735 39 22 har
666 735 56 22 dock
739 736 47 21 icke
803 736 54 21 varit
873 735 65 21 fallet.
968 735 48 22 Un-

186 763 38 22 der
234 764 91 27 tidigare
337 764 105 27 perioder,
450 764 46 21 före
505 764 41 21 den
555 767 58 18 stora
621 764 111 21 tillväxten
743 765 5 20 i
758 764 141 21 statsverkets
908 763 107 22 ordinarie

187 793 125 26 inkomster,
332 792 55 21 hade
403 792 107 29 budgeten
527 793 47 21 icke
591 796 31 17 att
637 794 92 27 uppvisa
745 793 122 21 öfverskott
883 793 5 20 i
905 792 41 21 den
962 800 16 13 s.
995 792 19 21 k.

186 821 109 21 allmänna
318 821 142 22 statsfonden.
492 821 33 21 Då
548 801 136 42 arfordraden
708 822 75 27 anslag
804 821 47 21 från
877 821 139 27 bevillnings-

187 849 85 22 medlen
294 851 64 20 äfven
379 850 31 21 till
432 849 147 22 statsfondens
602 850 154 28 förstärkning,
772 851 6 20 i
793 849 122 27 allmänhet,
930 850 86 20 utöfver

186 877 28 23 de
230 878 208 28 bevillningsmedel,
453 886 44 14 som
520 878 113 22 anvisades
655 879 33 21 till
710 878 106 22 särskilda
832 877 134 29 preciserade
983 882 34 17 ut-

186 907 71 28 gifter.
288 907 45 21 När
354 906 162 22 förhållandena
532 907 139 21 förändrades
687 908 80 20 derhän
784 910 32 18 att
831 907 105 21 allmänna
952 910 65 17 stats-

186 936 94 21 fondens
297 936 118 21 inkomster
430 936 80 21 erhöllo
526 936 58 21 förut
599 936 124 21 oberäknad
739 936 92 26 tillväxt,
847 936 122 28 isynnerhet
979 943 37 20 ge-

187 972 49 13 nom
258 964 197 22 tullinkomsternas
471 965 101 27 stegring,
587 965 25 21 sä
627 965 81 27 inslogs
724 968 31 18 ett
770 968 66 18 annat
852 964 165 28 förfaringssätt,

186 992 92 22 sålunda
290 996 31 18 att
331 1000 48 14 man
396 993 47 21 från
460 993 104 21 allmänna
581 993 147 21 statsfondens
740 993 141 21 inkomstsida
892 992 125 22 öfverförde

188 1022 59 21 vissa
270 1022 85 28 belopp,
379 1022 135 28 naturligtvis
530 1022 5 20 i
552 1022 58 21 detta
632 1022 38 21 fall
693 1022 47 21 med
757 1022 62 21 Hans
835 1022 113 28 Majestäts
964 1021 53 28 god-

186 1050 121 26 kännande,
322 1050 31 21 till
365 1050 27 21 de
403 1050 77 22 fonder
495 1050 51 22 eller
562 1050 66 26 konti,
638 1052 5 19 i
655 1050 74 22 hvilka
744 1050 129 28 afgörandet
885 1049 132 22 beträftande

186 1079 119 27 utgifterna
329 1079 94 21 berodde
439 1078 28 29 på
481 1078 131 22 Ständernas
629 1079 75 21 beslut.
736 1079 45 21 Det
797 1086 37 14 var
849 1078 90 22 sålunda
955 1079 5 20 i
976 1078 42 21 alla

187 1107 38 21 fall
238 1110 31 18 ett
280 1107 24 21 så
314 1110 55 18 stort
380 1108 115 21 närmande
505 1115 46 14 som
564 1108 82 28 möjligt
658 1108 32 21 till
700 1107 151 29 grundtanken
863 1108 6 20 i
877 1107 51 21 våra
938 1106 79 28 grund-

187 1136 71 28 lagars
275 1136 141 28 stadganden,
427 1136 66 28 enligt
506 1136 73 21 hvilka
591 1136 118 28 bevillning
721 1137 38 20 bör
770 1136 155 28 ifrågakomma
936 1136 82 26 endast,

187 1164 29 22 då
232 1164 67 22 behof
314 1165 62 21 deraf
390 1166 63 26 göres
469 1165 40 21 och
522 1164 27 22 då
560 1165 140 21 statsverkets
718 1165 107 21 ordinarie
841 1164 117 22 inkomster
969 1164 47 21 icke

187 1193 64 21 räcka
275 1193 37 21 till.
343 1194 10 20 1
369 1193 37 21 det
421 1193 144 21 förordnande
581 1194 23 20 af
619 1194 41 20 den
677 1195 27 20 23
720 1194 50 21 Juni
794 1194 61 25 1904,
871 1200 45 14 som
937 1193 81 27 nödgat

186 1222 169 21 Statsutskottet
376 1225 32 18 att
429 1229 54 21 egna
498 1222 56 21 förra
566 1222 61 21 delen
644 1222 23 21 af
680 1223 38 20 sitt
733 1222 137 21 betänkande
880 1222 23 20 åt
913 1229 26 13 en
950 1221 68 28 fråga,

187 1258 46 13 som
250 1250 48 22 icke
314 1250 71 21 direkt
400 1250 139 22 sammanstår
555 1250 47 22 med
613 1250 37 22 det
660 1250 155 29 provisionella
827 1250 191 27 bevillningsären-

187 1278 43 28 det,
247 1278 39 22 har
307 1279 70 21 denna
396 1279 34 21 idé
444 1286 34 14 om
494 1287 26 13 en
537 1279 93 28 enhetlig
646 1279 139 28 statsbudget
799 1279 89 21 alldeles
904 1278 115 28 frångåtts.

186 1307 46 27 Det
254 1307 40 21 har
315 1308 113 27 uppstälts,
443 1308 68 21 såsom
527 1309 6 19 i
550 1308 146 21 betänkandet
716 1308 131 25 framhälles,
863 1314 26 14 en
909 1306 109 22 statsfond

187 1336 41 21 och
244 1344 26 13 en
288 1336 182 28 bevillningsfond
494 1336 69 22 såsom
587 1340 79 17 tvenne
685 1336 48 22 från
755 1336 121 22 hvarandra
896 1336 122 20 oberoende

186 1364 246 28 hushållningsenheter.
462 1364 49 22 Och
527 1366 18 27 ej
563 1372 42 21 nog
624 1365 99 27 dermed;
744 1365 39 21 det
804 1364 124 22 dekreteras
949 1364 69 21 tillika

186 1393 74 21 hvilka
287 1393 131 28 hufvudslag
440 1394 24 20 af
485 1393 88 28 utgifter
602 1394 50 20 böra
678 1393 50 29 lyda
752 1393 69 21 under
846 1393 41 21 den
914 1400 40 14 ena
977 1392 41 22 och

188 1422 75 21 hvilka
284 1422 132 28 hufvudslag
437 1422 68 21 under
519 1422 41 21 den
583 1422 65 21 andra
664 1422 88 21 fonden.
784 1422 51 21 Man
853 1421 66 21 måste
935 1424 84 24 antaga,

187 1453 33 18 att
235 1458 26 14 en
278 1450 190 29 missuppfattning
483 1450 22 20 af
520 1453 63 17 stats-
599 1450 38 19 och
656 1450 247 22 hevillningsfondernas
917 1450 102 28 ställning

186 1479 33 21 till
243 1479 122 21 hvarandra
387 1479 39 21 har
448 1479 82 21 kunnat
549 1479 60 28 gifva
628 1479 70 29 uppof
712 1479 22 21 åt
750 1469 49 31 idén
816 1481 32 19 att
862 1478 25 22 så
902 1478 117 21 förvanska

187 1507 49 21 vårt
261 1508 168 27 budgetsystem.
460 1508 50 21 Men
533 1507 55 21 hvad
604 1516 45 13 som
666 1510 25 19 än
709 1508 34 21 må
758 1507 67 22 hafva
842 1508 55 20 varit
913 1507 41 21 den
970 1509 48 19 när-
