1095 1773
276 134 271 17 Riddarhusdirektionens
559 134 121 17 berättelse.
867 128 27 20 13

65 202 59 22 olika
146 202 62 25 tider,
230 202 38 21 har
286 201 259 22 Riddarhusdirektionen
559 205 54 18 trott
627 202 34 28 sig
675 202 79 22 handla
770 203 6 20 i
791 202 102 22 Ståndets

65 232 91 20 intresse
171 238 77 20 genom
264 233 32 18 att
311 230 44 21 låta
371 233 111 18 remonten
498 231 6 20 i
520 230 301 22 landtmarskalkskabinettet
831 230 63 22 anstå

65 259 33 21 till
115 259 49 21 dess
180 258 45 22 ofta
240 258 141 22 omförmälda
396 259 73 21 arbete
485 259 50 21 med
553 259 186 27 fönsterbågarna,
754 259 67 28 enligt
835 259 58 21 hvad

66 288 141 21 Direktionen
231 287 89 28 hoppas,
341 287 35 21 får
397 288 24 20 af
442 287 141 22 Direktionen
600 288 137 28 ombesörjas.
768 288 31 21 Af
813 296 80 13 samma

66 316 116 28 anledning
200 316 40 21 har
262 316 143 21 Direktionen
421 316 33 21 till
469 316 90 21 berörda
575 316 102 28 tidpunkt
692 316 121 28 uppskjutit
827 318 66 27 juste-

66 346 75 27 ringen
165 345 23 21 af
209 348 58 18 stora
290 348 90 25 trappan
397 346 5 20 i
419 344 142 27 riddarhuset,
583 352 45 14 som
644 345 84 28 jemlikt
743 345 151 21 införskaffadt

67 373 187 28 kostnadsförslag
270 374 97 27 betingar
381 381 27 13 en
424 374 67 27 utgift
506 374 23 20 af
544 374 57 21 circa
617 374 62 25 2,400
695 374 67 21 mark.

137 402 97 22 Stolarne
249 402 7 20 i
272 402 118 28 plenisalen
405 402 66 22 hafva
487 402 72 22 blifvit
574 402 132 22 undersökta
722 402 40 22 och
774 404 6 19 i
792 402 40 22 den
843 402 49 21 mån

66 430 78 22 sådant
160 431 110 21 befunnits
286 430 76 29 nödigt
374 431 133 28 reparerade,
522 431 89 21 hvarför
626 431 27 21 de
669 439 29 13 nu
713 432 37 20 äro
765 432 8 20 i
788 432 105 28 nöjaktigt

65 459 70 22 skick.
164 459 47 22 Vid
230 459 77 22 sådant
321 459 136 22 förhållande
472 460 39 21 har
525 459 49 22 med
590 459 42 22 den
648 460 126 28 ifrågasatta
789 459 104 29 åtgärden

67 495 34 14 om
122 488 139 21 anskaffande
280 488 23 21 af
317 496 29 20 ny
361 489 120 27 möblering
496 489 32 20 till
544 489 118 28 plenisalen
678 492 82 18 ansetts
775 489 118 21 tillsvidare

67 517 73 21 kunna
156 517 55 21 bero.

137 546 10 21 I
170 546 37 21 det
229 550 58 17 stora
306 546 23 21 af
347 546 205 27 stenografkansliet
567 546 70 21 under
652 546 26 21 de
694 551 86 16 senasio
795 546 97 21 landtda-

66 582 68 19 garna
158 575 124 28 begagnade
306 578 92 17 rummet
413 575 6 20 i
436 574 65 21 nedre
524 575 108 28 våningen
653 575 39 20 har
706 574 41 21 den
764 575 23 20 af
801 575 93 21 Ridder-

68 603 77 28 skapet
160 603 40 21 och
216 603 71 21 Adeln
304 603 131 22 föreskrifna
450 603 113 28 grundliga
573 607 110 18 remonten
696 603 72 22 blifvit
777 603 116 22 verkstäld.

68 631 104 22 Deremot
194 632 39 21 har
255 631 260 22 Riddarhusdirektionen
538 635 70 18 ansett
624 640 25 13 en
666 634 95 19 närmare
777 632 116 21 undersök-

67 661 53 27 ning
135 660 41 21 och
192 661 107 20 eventuell
319 661 122 28 reparation
459 661 23 20 af
496 661 85 28 golfvet
595 662 6 19 i
619 661 36 20 det
670 661 106 20 mellersta
792 661 23 20 af
829 661 27 21 de
871 661 22 20 ät

68 689 192 28 Lagberedningen
277 689 92 28 uthyrda
383 697 96 13 rummen
496 691 5 19 i
518 689 46 21 öfre
580 689 108 28 våningen
704 689 72 21 kunna
791 689 60 21 anstå
861 690 33 20 in-

67 718 33 21 till
107 717 63 50 Jess
192 718 41 21 den
256 718 69 28 öfriga
340 722 111 17 remonten
467 719 6 20 i
489 725 80 14 samma
585 718 80 28 våning
680 719 95 20 kommer
789 718 32 21 till
837 718 57 21 utfö-

67 753 73 14 rande.

137 775 12 20 I
164 775 118 22 Städernas
298 775 116 21 Allmänna
428 775 212 28 Brandstodsbolags
655 775 57 21 lokal
728 779 54 17 samt
795 776 6 20 i
811 775 83 21 riddar-

68 803 212 22 husvaktmästarens
297 804 77 21 bostad
390 803 66 22 hafva
472 804 84 21 diverse
572 805 79 20 smärre
666 804 145 27 reparationer
822 803 72 22 blifvit

68 832 129 26 verkstälda,
219 833 116 28 hvarjemte
359 832 28 21 de
409 832 23 21 åt
454 832 165 29 hyresgästerna
641 832 102 29 upplåtna
763 833 131 20 klosetterna

68 861 88 21 försetts
173 861 48 21 med
237 861 125 28 rörledning
377 861 32 21 till
425 861 92 21 kloaken
533 865 56 17 samt
604 861 48 21 med
663 861 175 29 gasupplysning.
859 861 35 21 De

54 890 28 20 *&
97 890 137 21 riddarhuset
254 890 66 22 sedan
342 893 86 18 senaste
446 890 104 28 landtdag
564 890 88 21 utförda
667 890 189 26 remontarbetena,
871 890 24 21 af

68 918 74 22 hvilka
157 918 77 22 endast
249 919 27 21 de
291 920 68 20 större
375 919 39 21 här
428 919 67 21 ofvan
512 919 89 26 berörts,
616 919 66 21 hafva
693 918 27 29 på
730 920 44 20 sätt
783 926 24 14 ur
817 919 76 21 räken-

67 947 107 28 skaperna
195 947 94 29 framgår
305 948 97 27 betingat
417 955 26 13 en
461 948 91 20 kostnad
569 948 22 20 af
607 947 155 28 sammanlagdt
778 948 40 21 835
834 947 59 21 mark

67 976 28 20 33
126 976 54 20 penni.

111 984 14 20 P
137 1004 12 21 1
162 1004 60 22 detta
244 1005 153 28 sammanhang
415 1004 39 22 har
469 1004 142 22 Direktionen
626 1008 54 18 trott
694 1005 33 27 sig
744 1004 51 22 böra
811 1004 82 22 anmäla

67 1036 34 17 att
116 1032 147 27 Direktionen,
279 1034 27 27 pä
321 1034 134 28 uppfordran
471 1034 23 20 af
510 1034 146 28 Magistraten,
675 1033 47 21 lätit
738 1034 96 27 omlägga
849 1033 45 21 rid-

68 1061 113 22 darhusets
204 1062 140 28 gatuandelar
367 1063 23 20 ät
409 1062 202 27 Alexandersgatan
630 1062 48 21 med
694 1062 106 21 nubbsten
816 1062 40 21 och
871 1062 23 20 ät

68 1090 135 28 Mariegatan
219 1090 48 22 med
283 1090 95 22 fältsten.
407 1090 70 22 Dessa
493 1091 89 21 arbeten
598 1090 66 22 hafva
682 1090 72 22 kostat
768 1098 55 20 resp.
838 1090 55 21 Fmk

67 1120 70 25 3,404:
153 1120 27 20 10
195 1120 40 20 och
252 1120 47 20 575:
315 1120 33 20 05.

468 1171 29 21 11.

136 1228 126 22 Inkomsten
285 1230 32 20 för
337 1229 27 21 de
380 1230 6 20 i
403 1228 136 22 riddarhuset
559 1229 91 28 uthyrda
666 1229 115 26 lokalerna,
795 1236 45 14 som
857 1228 36 22 vid

68 1257 60 21 tiden
143 1257 35 21 för
193 1262 85 17 senaste
294 1257 104 28 landtdag
414 1260 47 25 steg
475 1258 32 20 till
524 1258 62 27 9,100
601 1258 59 20 mark
676 1265 34 14 om
726 1258 52 25 året,
793 1257 38 21 har
846 1257 47 21 icke

67 1286 116 28 undergätt
204 1286 71 28 nägon
291 1286 74 21 vidare
381 1286 126 28 förändring
522 1288 26 19 än
565 1290 31 17 att
613 1286 140 22 Direktionen
770 1286 125 21 derutöfver

67 1314 49 21 haft
131 1322 25 13 en
173 1318 60 18 extra
249 1315 93 21 inkomst
357 1315 24 21 af
395 1314 157 28 sammanlagdt
565 1316 41 20 100
623 1315 57 21 mark
696 1315 35 21 för
742 1315 38 21 det
790 1314 22 22 af
822 1318 72 18 steno-

68 1343 143 27 grafkansliet
232 1343 126 28 begagnade
377 1347 57 17 stora
457 1347 91 17 rummet
563 1344 6 20 i
585 1344 66 20 nedre
666 1344 115 28 väningen,
796 1351 44 14 som
857 1343 36 21 vid

67 1371 39 22 tvä
127 1372 105 20 särskilda
254 1372 99 21 tillfällen
377 1373 56 21 varit
455 1372 68 21 under
546 1380 25 13 en
593 1372 85 22 kortare
692 1372 32 22 tid
740 1372 34 21 för
788 1372 106 28 tillfälliga

68 1400 67 21 behof
149 1400 93 28 uthyrdt.

462 1435 40 21 111.

137 1491 160 30 Ridderskapet
319 1492 42 22 och
385 1493 82 21 Adelns
490 1492 37 22 vid
550 1496 85 18 senaste
652 1492 144 22 ständermöte
811 1492 82 21 fattade

69 1520 71 21 beslut
163 1528 34 14 om
220 1521 95 28 mälning
337 1521 41 21 och
399 1521 144 29 uppsättande
565 1522 8 20 i
588 1521 136 22 riddarhuset
739 1522 23 20 af
777 1522 18 27 ej
811 1520 82 22 mindre
