1095 1773
227 128 267 21 Helsningsdeputationer
505 126 49 18 från
565 126 146 18 medstånden.
861 121 30 22 45

60 196 176 28 fundsbyggnad,
259 196 38 21 allt
319 195 94 21 ordnadt
431 196 133 25 sambällslif,
579 197 23 19 är
617 196 41 20 och
674 195 76 21 förblir
766 196 65 28 pietet
846 195 42 22 och

59 225 84 29 lydnad
157 228 51 24 gent
224 228 57 18 emot
296 224 41 21 den
359 224 117 21 bestående
496 224 180 28 rättsordningen.
704 224 76 21 Denna
795 224 93 28 ordning

60 254 39 21 har
114 253 70 28 helgd.
214 253 48 21 Den
278 253 38 21 har
332 252 71 29 helgd,
419 253 88 21 emedan
525 252 41 22 den
583 253 47 21 icke
646 255 24 19 är
684 260 26 14 en
727 253 93 28 tillfällig
833 260 55 14 sam-

61 283 44 27 ling
116 282 23 21 af
150 282 138 28 godtyckliga
305 282 43 20 bud
371 282 41 20 och
432 281 93 28 stadgar,
544 284 50 18 utan
611 284 31 18 ett
656 282 86 28 uttryck
758 282 34 20 för
807 282 81 21 folkets

60 310 176 28 rättsåskådning
251 310 41 22 och
308 310 70 21 såsom
394 310 67 21 sådan
477 318 26 13 en
520 310 98 28 skapelse
629 310 23 21 af
663 310 49 21 dess
728 318 52 20 egen
793 312 95 20 innersta

61 340 65 26 ande;
137 339 41 21 den
189 339 38 21 har
238 339 62 27 helgd
311 338 71 22 såsom
394 342 31 18 ett
436 338 87 28 dyrbart
534 339 34 21 arf
578 339 22 21 af
611 338 67 27 fäder,
688 338 70 28 gifvet
769 342 31 18 att
810 338 78 22 vårdas

61 368 41 22 och
117 368 111 21 utvecklas
245 368 67 20 under
327 368 89 20 fortsatt
430 367 71 21 trohet
516 370 45 18 mot
576 368 41 20 den
633 367 62 26 ande,
710 374 46 14 som
769 368 120 28 frambragt

61 397 133 25 densamma;
210 396 40 21 den
264 404 49 20 eger
329 397 5 20 i
352 396 76 28 högsta
440 397 85 27 mening
536 396 70 28 helgd,
617 396 89 21 emedan
718 396 41 20 den
768 396 63 26 makt,
842 404 46 13 som

61 426 114 28 förpligtar
198 425 125 21 menniskan
340 426 5 20 i
362 426 82 20 hennes
466 429 103 21 samvete,
592 424 69 29 bjudit
682 424 40 22 och
747 424 74 28 bjuder
841 424 48 22 vårt

61 454 47 22 folk
127 458 31 17 att
177 454 26 28 på
222 454 41 21 den
286 454 55 28 plats
360 453 103 22 histerien
479 454 52 21 stält
546 453 118 22 detsamma
680 453 131 28 förverkliga
826 454 39 21 sin
881 454 6 20 i

61 483 59 21 dess”
135 483 94 21 innersta
250 484 64 19 väsen
334 482 112 28 grundade
462 482 139 29 uppfattning
616 482 23 21 af
654 484 42 19 rätt
711 482 41 21 och
768 483 121 20 mennisko-

62 511 73 22 värde.

132 540 43 21 Det
199 540 67 21 finska
285 540 68 21 folket
374 539 38 21 har
431 539 68 22 under
515 541 26 20 de
557 543 85 18 senaste
658 539 113 27 ödesdigra
787 539 50 21 åren
853 547 36 20 ge-

63 569 119 21 nomlefvat
206 569 73 20 mörka
302 568 61 26 tider,
386 569 56 20 tider
460 569 23 20 af
498 569 52 27 djup
566 568 149 26 samvetsnöd;
737 568 37 21 det
789 568 38 21 har
842 567 48 22 haft

61 601 33 18 att
110 598 76 28 kämpa
204 597 63 21 svåra
286 597 78 21 strider
382 597 28 28 på
429 597 92 28 pligtens
537 597 93 26 område,
645 597 84 26 strider,
743 597 74 21 hvilka
831 597 58 28 gälla

63 627 26 20 Kf
112 626 40 21 och
175 625 42 22 död
236 625 34 22 för
286 626 26 21 de
328 625 97 22 enskilda
442 626 40 21 och
498 626 35 21 för
547 625 79 22 folken.
657 625 37 21 Ett
711 625 45 21 folk
772 625 41 22 kan
829 625 59 22 lefva

61 655 42 21 och
125 654 56 22 dock
202 662 52 13 vara
276 654 58 21 dödt.
365 654 43 21 Det
429 654 44 27 dör,
493 662 34 14 om
548 655 37 20 det
600 654 72 21 sviker
687 654 97 21 troheten
801 657 44 18 mot
861 654 27 21 de

63 684 88 25 makter,
166 691 46 13 som
228 683 101 28 förpligta
345 683 38 21 det
398 684 30 20 uti
445 683 49 22 dess
511 686 100 18 samvete.

133 712 70 21 Dessa
218 711 56 22 tider
289 712 51 21 höra
355 713 58 20 ännu
429 712 47 21 icke
491 712 32 21 till
539 711 27 22 de
582 711 107 22 förflutna.
719 711 43 21 Det
778 713 23 19 är
815 711 74 21 derför

63 741 38 21 det
124 748 28 13 nu
175 740 129 21 församlade
325 740 167 22 ständermötets
515 741 76 27 högsta
613 740 40 21 och
669 740 103 28 heligaste
789 739 53 28 pligt
857 743 32 18 att

64 769 66 21 häfda
146 769 40 21 och
202 769 22 21 åt
240 769 47 21 vårt
302 769 47 21 folk
365 769 52 21 söka
433 769 113 21 återvinna
562 769 49 21 dess
627 769 23 21 af
666 769 51 21 Gud
733 769 23 20 åt
771 770 118 19 detsamma

63 798 61 28 gifna
139 799 42 20 rätt
197 801 31 18 att
244 805 50 14 vara
309 801 72 24 troget
396 800 44 19 mot
456 799 32 27 sig
503 797 66 29 sjelft,
585 801 44 18 mot
644 797 42 21 den
696 797 145 28 rättsordning
852 797 36 20 det

64 827 23 21 af
103 826 61 21 fäder
179 826 43 21 ärft
237 827 40 20 och
292 834 47 13 som
355 827 38 20 allt
408 826 134 21 fortfarande
558 827 107 28 uppbäres
680 826 24 21 af
716 827 49 20 dess
776 825 113 22 rättsmed-

64 855 98 26 vetande,
178 863 26 13 en
220 855 153 28 rättsordning,
388 855 87 21 hvilken
491 855 66 22 äfven
573 855 50 21 dess
638 855 87 21 domare
741 854 41 22 och
797 855 93 20 embets-

64 886 48 19 män
129 885 69 20 svurit
212 885 88 27 omutlig
315 883 86 29 lydnad.

136 912 123 28 Höglofliga
274 912 137 28 Ridderskap
428 912 40 22 och
484 912 67 22 Adel!
582 912 75 22 Såsom
674 920 25 13 en
717 912 76 21 broder
809 912 82 21 vänder

63 942 35 27 sig
113 942 31 20 till
160 949 26 13 en
204 941 82 26 broder,
304 941 83 21 vänder
401 942 33 26 sig
450 941 179 21 Presteståndet
621 936 13 38 i
640 941 70 21 denna
727 940 163 29 betydelsefulla

65 970 65 21 stund
152 970 31 20 till
207 970 160 28 Ridderskapet
382 970 41 20 och
439 970 77 24 Adeln,
533 970 105 28 bedjande
654 977 34 13 om
704 969 117 28 broderligt
835 977 56 13 sam-

65 998 98 22 förstånd
188 998 40 22 och
252 998 117 28 broderligt
387 999 126 21 samarbete.
544 998 39 21 Må
599 999 27 25 vi,
641 998 69 21 såsom
728 998 89 28 mången
833 998 58 27 gång

64 1028 65 25 förut,
145 1027 33 21 stä
193 1027 35 21 vid
245 1027 130 21 hvarandras
392 1026 52 27 sida,
460 1027 113 28 stödjande
585 1027 39 21 och
635 1026 116 29 styrkande
765 1026 126 26 hvarandra,

67 1056 118 28 kämpande
201 1056 35 20 för
251 1063 80 14 samma
347 1056 54 28 höga
418 1056 50 21 mäl:
485 1060 30 17 ett
531 1056 56 20 folks
604 1056 118 27 menskliga
737 1057 41 19 rätt
793 1058 31 18 att
840 1062 51 14 vara

65 1088 70 24 troget
157 1088 44 17 mot
224 1085 32 27 sig
278 1084 59 28 sjelft
360 1084 40 22 och
424 1084 42 22 den
482 1084 57 28 Gud,
555 1092 45 13 som
617 1084 113 28 förpligtar
744 1084 37 21 det
795 1084 30 20 uti
841 1083 50 21 dess

64 1116 102 18 samvete.

135 1141 163 21 Presteståndet
320 1142 37 20 ber
379 1149 78 20 genom
478 1149 41 18 oss,
541 1142 46 20 sina
603 1141 137 29 deputerade,
756 1144 31 18 att
801 1141 24 21 få
840 1148 51 14 vara

64 1170 115 21 inneslutet
203 1171 5 19 i
234 1170 123 28 Höglofliga
382 1169 161 29 Ridderskapet
568 1170 40 21 och
631 1170 83 21 Adelns
740 1170 87 28 välvilja
850 1170 41 20 och

64 1198 130 22 förtroende.

135 1284 71 21 Sedan
230 1284 33 21 Hr
278 1284 208 21 Landtmarskalken
503 1284 12 21 å
530 1284 26 22 R.
572 1292 18 13 o.
606 1285 38 20 A:s
661 1286 79 26 vägnar
755 1284 89 21 anhållit
859 1286 32 18 att

64 1313 154 28 deputationen
235 1313 49 21 ville
300 1313 31 21 till
347 1313 38 21 det
401 1312 141 28 Högvördiga
558 1312 91 22 Ståndet
664 1312 102 22 framföra
781 1312 26 22 R.
823 1320 18 13 o.
853 1313 38 20 A:s

64 1341 134 21 tacksamhet
213 1342 34 20 för
263 1342 49 20 dess
327 1342 106 27 helsning,
448 1349 46 13 som
510 1342 48 20 med
575 1342 36 20 det
626 1342 68 20 första
710 1341 68 21 skulle
791 1341 100 21 besvaras

64 1370 24 20 af
103 1370 25 21 R.
145 1378 17 13 o.
178 1371 38 20 A:s
233 1370 130 28 deputation,
379 1370 100 21 afträdde
495 1370 173 21 Presteständets
684 1370 131 28 deputation.

135 1427 33 21 En
184 1427 64 21 stund
265 1427 66 28 härpä
346 1427 110 21 anmäldes
472 1435 26 13 en
515 1427 124 28 deputation
660 1427 46 21 frän
724 1426 169 26 Bondeständet,

65 1464 52 18 som,
143 1456 76 21 anförd
236 1456 22 20 af
272 1456 101 21 Filosofie
392 1456 121 27 Magistern
539 1456 61 21 Antti
626 1456 219 25 Kaasalainen,
864 1455 29 29 pä

66 1484 174 22 Bondeständets
257 1486 80 26 vägnar
353 1484 117 22 framförde
487 1484 96 28 följande
599 1484 217 28 välkomsthelsning
808 1480 13 37 :
