1095 1773
240 148 32 16 Hr
284 147 221 17 Landtmarskalkens
518 147 30 17 tal
561 146 12 17 å
585 148 115 16 tronsalen.
857 141 27 20 67

56 215 69 21 lande.
155 215 43 27 Jag
219 215 37 21 ber
279 217 31 19 att
333 222 27 13 nu
386 214 23 22 få
430 215 32 21 till
485 215 132 28 protokollet
638 215 121 21 antecknad
783 216 43 21 min
847 222 38 14 an-

56 244 97 27 slutning
167 244 32 20 till
216 244 97 26 samtliga
328 244 7 20 i
351 243 75 28 frågan
442 244 76 28 gjorda
533 244 162 20 reservationer.

126 300 34 22 Hr
175 308 43 14 von
233 300 197 22 Nandelstadh
450 300 104 22 förenade
571 301 32 27 sig
619 301 5 20 i
640 300 34 22 Hr
690 300 147 29 Gripenbergs
853 308 32 14 re-

56 330 114 20 servation.

126 380 57 22 Frih.
205 381 26 21 A.
254 380 29 21 H.
306 380 105 22 Wrede:
437 380 42 28 Jag
502 381 38 21 ber
562 384 31 18 att
615 380 23 22 få
655 381 32 21 till
703 381 129 28 protokollet
848 388 37 14 an-

56 409 110 27 tecknadt,
187 412 31 18 att
240 410 35 27 jag
290 410 47 20 icke
353 410 6 20 i
375 410 39 27 går
430 417 38 13 var
484 409 133 21 närvarande
632 410 41 20 och
688 411 73 26 tyvärr
778 409 47 21 icke
848 417 38 13 var

58 440 5 19 i
79 438 85 21 tillfälle
180 441 31 18 att
227 438 75 21 förena
317 439 44 27 mig
377 446 33 13 om
427 438 28 21 de
476 438 133 26 uttalanden,
624 445 46 14 som
686 438 27 21 dä
728 438 75 22 fäldes.

127 495 34 22 Hr
182 495 74 28 Georg
278 503 41 13 von
341 495 108 22 Wendt:
479 497 11 20 I
505 496 39 27 går
560 496 45 20 blef
617 496 35 28 jag
667 496 48 21 icke
731 497 6 20 i
753 496 85 21 tillfälle
854 498 31 18 att

57 525 76 20 förena
155 525 43 26 mig
220 525 5 20 i
245 524 33 21 Hr
298 524 147 28 Gripenbergs
466 525 139 25 reservation,
621 524 27 28 på
663 524 41 21 den
720 524 68 28 grund
805 527 31 18 att
851 524 34 21 Hr

58 553 206 21 Landtmarskalken
288 553 97 22 lemnade
407 554 33 20 sin
464 554 56 27 plats
540 557 51 17 utan
607 557 31 17 att
654 554 110 27 ajournera
779 560 106 14 samman-

57 581 77 22 trädet.
163 581 12 22 I
194 581 42 28 dag
258 581 38 21 har
317 583 36 26 jag
367 582 121 27 flerfaldiga
503 581 82 28 gånger
600 582 89 21 anhållit
704 589 33 14 om
754 582 67 26 ordet,
835 589 49 13 men

58 610 23 21 af
102 610 71 21 okänd
198 610 62 21 orsak
279 610 38 21 har
331 611 36 27 jag
382 611 48 20 icke
448 611 85 20 erhållit
548 610 42 21 det.
619 610 43 28 Jag
677 611 86 20 förenar
777 611 43 27 mig
835 611 6 20 i
858 610 27 21 de

44 640 176 26 "reservationer,
243 646 45 14 som
312 639 56 21 inför
390 639 26 21 R.
439 647 19 13 o.
478 640 26 20 A.
520 640 67 27 gjorts
603 643 43 17 mot
662 639 34 21 Hr
711 639 175 21 Landtmarskal-

58 668 53 21 kens
130 668 34 21 tal.

127 719 33 21 Hr
176 719 56 21 Edv.
248 719 23 21 af
286 719 152 21 Enehjelm:
458 719 43 28 Jag
516 719 86 21 förenar
618 721 42 26 mig
675 727 33 13 om
720 719 26 22 de
755 719 131 28 uttalanden,

57 755 46 14 som
119 749 67 27 gjorts
202 749 6 20 i
224 748 38 27 gär
278 748 40 21 och
333 749 7 20 i
372 755 33 21 dag.

127 800 45 21 Hrr
186 800 26 21 E.
223 801 27 19 A.
262 807 42 13 von
321 799 171 22 Willebrand
509 800 42 21 och
566 799 175 28 Segercrantz
755 800 83 21 anslöto
854 801 33 26 sig

58 829 32 20 till
105 829 45 20 Hrr
165 828 154 29 Gripenbergs,
335 828 142 21 Cederholms
489 829 42 20 och
546 829 86 20 Antells
648 829 130 20 uttalanden.

127 886 34 21 Hr
178 885 95 22 Herman
297 893 41 13 von
355 885 174 22 Willebrand
545 885 101 22 förenade
662 887 33 27 sig
710 894 33 13 om
756 885 45 22 Hrr
811 886 75 21 Alexis

59 914 149 29 Gripenbergs
225 914 41 22 och
281 914 83 21 Kasten
380 914 86 21 Antells
481 914 132 22 uttalanden.

129 972 34 21 Hr
180 971 69 21 Gösta
266 972 193 27 Björkenheim:
476 972 74 20 Afven
566 972 36 28 jag
617 972 95 21 anhåller
728 980 33 12 om
778 976 31 17 att
824 972 23 20 få
855 972 32 20 till

60 1000 130 29 protokollet
213 1000 136 26 antecknadt,
372 1004 32 17 att
422 1001 36 27 jag
470 1000 87 21 förenar
573 1002 43 26 mig
631 1008 33 13 om
681 1000 26 21 de
723 1001 82 27 afgifna
819 1008 69 14 reser-

61 1030 131 20 vationerna.
217 1024 10 37 =
231 1028 115 28 Samtidigt
369 1028 96 22 anhåller
485 1030 37 27 jag
543 1037 34 13 om
606 1033 32 17 att
660 1029 33 21 Hr
714 1029 173 22 Vicelandtmar-

60 1058 95 25 skalken,
178 1058 29 20 dä
230 1065 108 20 personer,
360 1058 23 20 af
397 1057 74 22 hvilka
490 1058 51 20 flere
557 1058 50 20 bära
623 1061 31 17 ett
669 1058 39 20 och
723 1066 80 13 samma
818 1066 70 18 namn,

59 1086 85 22 anhälla
161 1094 35 13 om
212 1086 67 27 ordet,
295 1086 65 21 ocksä
376 1086 50 22 ville
443 1088 78 20 nämna
538 1086 132 22 förnamnen.

129 1144 34 20 Hr
174 1144 258 22 Vicelandtmarskalken
448 1144 133 25 meddelade,
598 1144 36 20 det
648 1144 42 20 han
706 1151 42 21 nog
763 1144 84 21 försökt
857 1146 32 18 att

60 1173 95 27 iakttaga
172 1172 64 21 detta.

130 1224 58 21 Frih.
210 1231 42 14 von
275 1224 117 20 Kothen:
418 1224 42 27 Jag
481 1232 39 13 var
535 1224 126 28 visserligen
677 1232 25 12 en
718 1224 23 20 af
756 1224 27 21 de
798 1224 29 26 fä,
843 1231 45 13 som

61 1254 7 19 i
85 1252 40 28 gär
140 1252 55 22 hade
210 1252 111 21 förmänen
338 1255 31 18 att
385 1252 22 20 fä
423 1253 44 20 min
484 1254 133 19 reservation
633 1253 119 21 antecknad
768 1252 33 22 till
817 1256 72 24 proto-

62 1282 71 20 kollet.
153 1281 36 21 Nu
204 1281 50 21 ville
270 1282 35 27 jag
320 1281 77 21 endast
411 1281 8 20 i
434 1281 43 27 dag
494 1281 84 21 ansluta
591 1282 43 27 mig
647 1282 32 20 till
690 1282 26 20 de
727 1282 162 25 reservationer,

61 1317 46 14 som
123 1310 98 28 afgifvits
237 1310 23 20 af
276 1310 45 20 Hrr
335 1309 131 21 Cederholm
483 1310 41 21 och
540 1310 80 21 Antell.

130 1367 34 21 Hr
186 1368 56 26 Aug.
264 1366 35 21 Fr.
322 1366 135 22 Granfelt:
488 1366 43 28 Jag
553 1366 95 22 anhäller
670 1370 32 18 att
722 1367 22 21 fä
759 1366 82 22 anmäla
857 1366 33 21 till

62 1396 134 27 protokollet,
220 1398 32 18 att
272 1396 36 27 jag
323 1395 47 21 icke
387 1403 38 13 var
430 1391 12 36 i
463 1396 86 20 tillfälle
565 1399 31 17 att
611 1397 90 19 närvara
717 1395 35 21 vid
768 1395 121 28 gårdagens

62 1424 86 29 plenum
157 1424 41 21 och
206 1424 85 21 säledes
300 1424 66 27 enligt
377 1424 93 28 gammal
478 1425 72 27 praxis
561 1425 48 20 icke
621 1424 37 21 har
668 1426 42 19 rätt
720 1428 32 17 att
763 1424 66 21 uttala
840 1424 49 28 mig.

131 1481 57 21 Frih.
205 1480 72 23 Valde
299 1488 41 14 von
362 1480 125 22 Hellens:
519 1481 280 28 Ritarihuonejärjestyksen
813 1481 76 21 65:nen

62 1509 93 28 pykälän
178 1509 93 21 mukaan
294 1509 86 28 pyydän
403 1510 213 20 kunnioittavimmin
638 1510 108 26 ilmoittaa,
763 1512 57 18 etten
837 1509 54 21 ollut

62 1538 60 21 läsnä
137 1538 118 21 Ritariston
272 1538 20 28 ja
307 1538 86 20 Aatelin
411 1538 97 21 eilisessä
523 1539 195 27 täysi-istunnossa.
