1095 1773
259 132 324 20 Landtdagsförhandlingarnas
596 132 138 20 offentlighet.
870 126 42 20 273

260 234 322 27 Landtdagsförhandlingarnas
598 234 139 27 offentlighet.

153 296 31 22 Pä
200 297 91 27 begäran
308 296 110 22 lemnades
434 296 62 22 ordet
511 297 51 21 härä
578 296 22 22 ät

154 359 32 21 Hr
202 360 80 20 Arne
298 359 193 26 Cederholm,
507 367 45 13 som
567 359 95 29 yttrade:
678 359 67 21 Innan
762 359 25 21 R.
804 366 18 14 o.
839 360 26 20 A.
879 358 33 22 öf-

84 388 78 28 vergär
184 388 32 20 till
240 388 129 28 behandling
393 388 23 20 af
432 388 26 21 de
475 388 77 28 frägor,
568 396 46 13 som
629 388 123 28 ytterligare
769 387 33 21 stä
817 388 27 28 pä
859 387 53 28 dag-

83 416 127 28 ordningen,
233 416 62 21 utber
314 417 36 27 jag
366 418 43 26 mig
425 420 32 17 att
474 416 20 21 fä
510 417 32 21 till
558 416 103 22 Ständets
678 416 146 28 bepröfvande
839 416 72 21 öfver-

83 446 71 21 lemna
172 453 25 13 en
214 445 66 28 fräga,
296 452 46 15 som
357 446 36 27 jag
408 453 63 14 anser
487 453 50 14 vara
554 445 23 22 af
591 445 56 22 bäde
663 445 113 21 allvarsam
791 445 41 21 och
849 444 62 22 bräd-

83 474 83 21 skande
190 474 153 27 beskaffenhet,
363 474 26 28 pä
406 482 80 13 samma
501 474 57 28 gång
573 475 36 28 jag
625 475 38 20 bör
678 474 98 21 meddela
791 477 31 18 att
837 475 35 27 jag
888 473 23 22 af

83 502 108 22 särskilda
206 503 181 26 omständigheter
404 503 56 20 varit
475 503 126 21 förhindrad
617 506 37 23 att,
670 503 70 20 säsom
756 502 111 28 rätteligen
879 509 32 14 re-

84 532 43 21 dan
150 532 6 20 i
174 531 40 36 gär
235 531 37 21 ske
295 531 53 26 bort,
364 531 131 21 underställa
512 531 69 21 denna
597 531 61 28 fråga
673 531 27 22 R.
716 539 19 13 o.
751 532 38 20 A:s
805 531 106 28 pröfning.

155 560 34 21 Då
211 560 25 21 R.
252 567 18 14 o.
285 561 27 20 A.
328 560 36 21 vid
380 561 38 20 sitt
433 560 86 28 plenum
536 560 41 21 den
594 561 27 20 23
637 560 81 21 dennes
735 560 32 21 till
783 559 128 28 behandling

83 589 105 21 förehade
211 589 117 28 petitionen
351 589 113 28 angäende
479 589 243 28 prokuratorsembetets
738 588 151 21 äterställande
905 589 6 20 i

84 621 30 18 ett
139 617 67 26 skick,
226 617 150 22 motsvarande
395 617 50 21 dess
462 617 150 28 ursprungliga
628 617 117 28 betydelse,
760 617 55 21 hade
829 617 36 28 jag
880 619 31 18 ett

83 645 110 22 uttalande
209 646 31 21 till
258 646 134 27 protokollet,
407 646 83 21 riktadt
505 648 94 19 närmast
615 649 57 18 emot
688 645 41 22 den
746 645 123 22 nuvarande
880 646 32 20 in-

84 675 132 20 nehafvaren
240 675 22 20 af
288 674 232 29 prokuratorsembetet
547 675 41 21 och
611 675 53 20 hans
683 674 226 21 embetsverksamhet.

84 703 74 28 Nägra
181 704 85 20 timmar
284 703 55 21 efter
349 703 37 21 det
401 703 61 21 detta
477 703 137 28 andragande
630 703 78 26 hällits,
723 703 136 21 meddelades
874 710 37 20 ge-

84 739 50 14 nom
160 731 143 22 ordföranden
319 733 7 20 i
341 732 230 28 pressöfverstyrelsen
594 732 32 21 till
650 732 97 27 samtliga
770 731 85 28 dagliga
870 731 42 21 tid-

85 761 76 27 ningar
182 761 6 20 i
209 760 160 22 hufvudstaden
389 763 31 18 ett
435 760 79 21 förbud
531 763 32 18 att
580 761 108 28 publicera
704 761 48 20 mitt
768 759 143 28 andragande.

85 789 44 21 Det
144 791 23 18 är
182 788 107 28 sjelffallet
304 792 31 18 att
351 789 87 27 enhvar,
454 796 46 14 som
516 790 6 20 i
539 789 65 28 något
619 789 23 21 af
657 789 140 28 landtdagens
809 788 62 21 stånd
878 791 34 18 tar

85 819 33 26 sig
135 817 57 21 talan
208 818 30 20 uti
254 825 26 13 en
297 818 112 21 allvarsam
426 817 40 22 och
482 818 117 27 grannlaga
614 818 68 27 fräga,
698 817 67 22 mäste
776 819 54 26 väga
838 817 73 28 hvarje

85 847 38 20 sitt
139 846 44 27 ord,
200 846 40 21 och
256 846 59 21 detta
329 847 68 27 gäller
412 847 6 20 i
435 848 26 19 än
478 846 65 28 högre
559 846 58 28 grad,
633 846 28 21 dä
675 847 61 27 fräga
751 848 23 19 är
789 853 34 14 om
835 849 30 18 ett
876 845 36 22 det

85 875 111 27 skarpaste
212 875 89 21 klander
316 878 45 18 mot
375 882 26 14 en
418 875 108 29 högtstäld
537 875 192 27 embetsman,
689 870 35 38 men
740 875 43 21 lika
792 874 120 28 otvetydigt

85 906 24 18 är
130 906 32 18 att
184 903 81 21 enhvar
286 904 89 20 medlem
398 905 5 19 i
428 905 198 27 representationen
650 904 66 21 måste
732 912 39 20 ega
787 905 41 19 rätt
843 906 32 18 att
890 903 23 21 få

85 932 38 21 det
148 939 45 14 som
217 932 41 21 han
284 932 39 21 här
345 933 79 21 uttalar
440 932 61 28 bragt
516 933 33 21 till
565 933 61 21 deras
642 932 128 26 kännedom,
786 932 27 28 pä
828 931 84 22 hvilkas

85 962 81 26 vägnar
182 960 41 21 han
239 961 59 25 talar,
314 961 27 28 pä
357 961 36 21 det
409 961 55 21 enda
481 963 42 19 sätt
538 968 44 14 som
594 961 108 21 sädantär
711 957 84 50 möjligt
800 973 27 3 -—
835 968 77 20 genom

86 996 94 22 pressen.
212 989 121 27 Sanningen
357 990 22 20 af
402 990 71 20 denna
490 993 43 18 sats
554 992 23 19 är
600 990 87 21 alldeles
703 991 92 25 evident,
811 997 48 13 men
876 988 37 22 det

87 1019 34 19 må
143 1020 87 18 nämnas
251 1021 31 18 att
298 1018 235 28 censurförfattningen
549 1018 23 22 af
588 1019 54 21 1891
660 1018 109 22 bekräftar
783 1018 129 28 riktigheten

85 1046 68 26 häraf,
176 1046 28 21 då
225 1046 45 21 deri
286 1046 87 28 stadgas
389 1050 32 18 att
433 1046 132 22 Ständernas
581 1047 127 28 handlingar
724 1046 41 22 och
779 1046 134 21 förhandlin-

85 1082 39 20 gar
147 1075 47 21 icke
210 1077 36 19 äro
263 1075 158 21 underkastade
437 1077 113 27 preventiv
567 1083 82 14 censur.
679 1076 35 20 Då
730 1076 183 27 tidningspressen

86 1103 97 29 förbjöds
207 1106 31 18 att
261 1104 149 28 offentliggöra
434 1105 49 20 mitt
505 1104 143 28 andragande,
672 1104 81 21 skedde
777 1103 90 22 sålunda
886 1110 26 14 en

87 1132 121 28 kränkning
228 1132 22 21 af
273 1134 42 19 min
338 1134 47 26 rätt,
401 1140 49 14 men
467 1133 108 28 samtidigt
591 1133 66 21 också
673 1140 25 14 en
715 1132 120 27 kränkning
849 1132 23 20 af
887 1132 26 21 R.

88 1168 19 13 0.
124 1161 38 20 A:s
185 1160 41 22 och
242 1161 131 22 Ständernas
390 1163 47 19 rätt.
468 1161 42 29 Jag
526 1162 37 20 ber
579 1164 30 18 att
624 1162 24 20 få
663 1162 68 20 erinra
747 1168 33 14 om
797 1160 26 21 de
840 1160 74 26 vådor,

87 1196 47 14 som
159 1189 71 21 kunna
256 1197 50 13 vara
321 1190 144 28 förknippade
481 1190 48 21 med
545 1198 34 13 om
595 1193 31 18 ett
641 1190 69 28 dylikt
725 1188 122 22 förfarande
863 1189 51 21 obe-

87 1217 102 21 hindradt
204 1218 34 20 fär
253 1218 78 28 fortgä,
346 1226 34 14 om
397 1219 100 28 möjligen
515 1218 227 28 pressöfverstyrelsen
753 1218 160 28 fortsättnings-

89 1247 33 20 vis
146 1246 63 21 söker
232 1246 111 22 förhindra
361 1247 127 21 uttalanden
504 1248 6 20 i
526 1247 105 21 mähända
644 1249 55 19 ännu
716 1248 103 27 vigtigare
835 1246 78 28 frägor.

87 1274 54 22 Med
164 1275 102 21 afseende
284 1275 13 21 å
318 1275 57 22 hvad
391 1276 35 28 jag
442 1276 49 20 haft
506 1278 49 19 äran
573 1284 27 13 nu
616 1276 112 21 framhålla
743 1276 62 20 utber
820 1275 35 28 jag
871 1276 43 27 mig

87 1303 111 21 vördsamt
220 1307 32 18 att
267 1304 23 21 fä
305 1304 32 21 till
353 1304 26 21 R.
399 1312 19 14 o.
435 1306 39 20 A:s
492 1304 146 29 bepröfvande
654 1304 139 26 öfverlemna,
808 1304 106 20 huruvida

88 1332 92 21 Ständet
196 1332 50 21 ville
263 1333 83 21 besluta
361 1336 32 18 att
404 1333 113 28 uppdraga
533 1333 21 21 åt
569 1333 35 21 Hr
621 1332 251 22 Vicelandtmarskalken
883 1335 32 18 att

87 1360 87 28 vidtaga
191 1361 27 21 de
233 1361 105 28 ätgärder,
354 1369 45 13 som
416 1362 71 20 kunna
504 1370 50 13 vara
570 1362 112 28 päkallade
698 1361 34 21 för
739 1365 31 17 ett
778 1360 136 28 aflägsnande

87 1389 24 21 af
133 1389 27 21 de
184 1389 83 28 hinder,
290 1398 46 13 som
355 1390 47 21 frän
420 1390 242 28 pressöfverstyrelsens
677 1390 46 21 sida
739 1390 66 28 gjorts
822 1392 44 18 mot
881 1389 34 21 of-

87 1418 183 28 fentliggörandet
286 1418 23 21 af
324 1418 102 22 Ständets
443 1418 167 29 förhandlingar.

156 1486 58 22 Frih,
240 1486 171 22 Indrenius
435 1488 41 20 och
500 1487 33 21 Hr
549 1488 64 28 Björn
630 1488 148 21 Schauman
818 1486 97 22 biträdde

87 1514 34 21 Hr
137 1514 139 22 Cederholms
292 1516 116 21 uttalande.

826 1555 21 18 18
