1095 1773
183 126 42 21 258
455 133 24 17 R.
493 138 18 12 o.
522 133 26 17 A.
560 134 61 16 1904.
646 134 28 16 28
686 134 50 16 Dec.

186 200 116 28 meningen
319 200 22 21 af
357 200 40 22 den
414 200 151 29 öfvertygelse,
581 208 45 14 som
643 201 68 28 ligger
721 202 31 20 uti
763 201 58 21 Frih.
832 201 184 29 Standertskjöld-

187 228 160 24 Bordenstams
363 229 85 29 försiag.
480 230 77 21 Denna
578 230 146 28 Ofvertygelse
741 230 96 29 beojälai,
853 230 73 22 derom
941 232 24 20 är
978 231 36 28 jag

184 257 52 21 fullt
257 257 115 27 förvissad,
387 259 75 20 nästan
479 258 41 22 alla
535 258 138 22 medlemmar
688 258 24 21 af
726 258 59 22 detta
801 258 70 26 stånd,
887 258 41 22 den
942 259 72 21 öfver-

183 286 84 28 tygelse
291 286 112 28 nämligen,
418 290 38 20 att
477 286 239 28 ständerförsamlingen
732 288 79 20 saknar
826 287 27 21 de
869 287 145 28 laglikmätiga

184 314 208 28 förutsättningarna
415 315 33 21 för
469 316 37 20 sitt
523 316 74 20 arbete
620 316 41 21 och
681 319 33 17 att
734 316 24 21 sä
773 316 62 27 länge
851 316 81 21 sädana
947 316 70 21 förut-

186 344 122 26 sättningar
331 344 78 20 saknas
431 348 31 17 ett
483 344 142 28 laglikmätigt
640 344 73 21 arbete
729 344 48 22 icke
794 344 42 21 kan
853 352 38 20 ega
907 352 52 19 rum,
974 344 41 22 och

188 373 64 26 ingen
270 371 23 21 af
308 371 68 21 denna
402 372 124 28 församling
544 372 61 22 torde
622 373 34 21 väl
671 372 53 29 yrka
741 372 27 29 pä
783 376 32 18 att
830 376 31 18 ett
877 373 47 21 icke
940 374 77 28 laglik-

184 401 78 27 mätigt
282 400 73 21 arbete
378 401 66 22 mätte
467 402 92 27 vidtaga.
589 401 42 28 Jag
647 401 69 21 skulle
732 402 28 28 pä
774 401 69 28 grund
859 402 23 20 af
897 402 36 21 det
949 402 66 27 sagda

184 429 59 28 förty
267 436 58 19 anse,
340 432 32 18 att
396 429 145 22 betänkandet
557 431 6 19 i
579 430 71 28 nägon
673 430 48 21 män
748 430 34 21 för
805 434 64 24 svagt
891 430 125 22 framhäller

186 457 72 22 denna
274 458 159 28 omständighet
449 459 28 21 dä
487 459 36 21 det
535 459 76 21 endast
622 461 130 24 omnämner,
763 462 30 18 att
804 459 27 21 de
843 459 94 21 normala
949 459 67 21 förut-

187 487 150 27 sättningarna
352 487 34 21 för
402 490 30 19 ett
448 487 188 28 landtdagsarbete
652 487 84 22 saknas.
766 487 66 22 Detta
848 488 90 21 attribut
955 495 62 14 »nor-

187 515 55 21 mal»
268 517 24 19 är
314 516 47 20 icke
383 515 37 22 det
440 517 77 26 riktiga
533 517 5 20 i
555 524 25 13 en
597 516 158 28 framställning
769 516 23 21 af
807 516 41 21 den
865 520 32 17 art
912 524 45 13 som
974 517 41 20 den

186 543 151 26 förevarande,
352 548 51 17 utan
421 545 65 21 borde
503 545 36 20 det
554 545 67 28 sagda
637 545 109 28 uttrycket
762 545 86 28 utbytas
865 549 57 17 emot
937 549 31 17 ett
983 545 33 20 sä-

186 572 60 26 dant,
262 579 45 14 som
324 572 53 21 hvar
393 573 40 21 och
449 581 25 13 en
490 573 23 21 af
529 573 156 21 betänkandets
704 581 94 20 gynnare
820 573 40 22 och
878 573 139 28 godkännare

185 601 114 21 sannolikt
322 601 49 21 ville
395 609 23 14 se
442 602 26 27 pä
486 602 58 21 detta
569 602 67 21 ställe.
666 601 38 22 Uti
726 602 66 28 sagda
811 603 97 27 uttrycks
925 601 89 28 svaghet

187 633 46 17 tror
248 630 36 27 jag
300 637 47 13 man
365 630 33 21 fär
413 631 44 21 läsa
473 634 31 17 ett
518 631 186 27 tillmötesgäende
720 631 34 20 för
765 631 56 21 vissa
832 631 115 21 tendenser
957 631 56 20 inom

186 658 250 29 ständerförsamlingen,
458 659 145 21 innebärande
619 662 31 18 att
674 667 47 13 man
741 659 106 21 måhända
863 659 72 21 kunde
950 659 27 28 gå
993 660 21 20 in

187 686 29 28 pä
231 689 33 18 att
280 690 31 17 ett
327 687 64 21 äfven
416 688 46 21 icke
486 688 142 27 laglikmätigt
649 687 73 22 arbete
746 688 72 21 kunde
839 695 38 20 ega
898 695 51 14 rum.
979 687 35 21 Dä

186 715 71 20 denna
280 715 35 21 del
331 715 24 21 af
370 716 75 28 frägan
462 716 89 21 sälunda
566 717 6 20 i
589 716 59 21 detta
670 716 62 21 ständ
754 717 71 20 blifvit
841 720 63 24 tagen
920 717 31 20 till
967 716 49 25 tals,

187 744 51 21 ville
254 744 36 27 jag
306 744 35 21 för
355 745 42 20 min
414 745 34 21 del
463 748 56 25 yttra
535 746 41 20 den
593 745 81 21 önskan
691 748 31 18 att
739 745 89 21 berörda
843 745 66 28 något
919 745 95 28 otydliga

188 772 62 21 ställe
269 773 3 20 i
289 773 153 28 motiveringen
460 774 71 21 blefve
547 773 114 28 behörigen
685 773 147 28 förtydligadt.
863 773 73 22 Skulle
952 773 63 22 emel-

187 801 63 20 lertid
267 802 48 20 mitt
331 801 81 28 förslag
428 803 31 20 till
475 803 120 20 äterremiss
612 803 4 20 i
633 802 77 28 antydt
724 803 57 28 syfte
797 803 48 20 icke
861 810 27 13 nu
901 803 64 20 vinna
976 809 40 14 un-

188 829 96 27 derstöd,
300 830 77 27 drager
391 832 36 27 jag
442 831 47 21 icke
505 832 6 19 i
528 831 136 21 betänkande
679 834 32 18 att
726 831 48 20 med
791 831 128 21 fränseende
938 831 22 21 af
978 831 36 20 det

187 858 137 28 ofvansagda
341 859 129 22 understöda
485 859 167 29 podkännandet
668 859 23 21 af
706 859 125 22 Utskottets
844 859 140 22 betänkande.

256 927 57 21 Frih.
329 928 69 20 Adolf
414 936 50 13 von
480 928 187 21 Bonsdorff:
693 928 45 21 Det
753 928 38 20 har
806 928 33 20 för
855 929 43 27 mig
913 928 41 21 och
969 928 45 20 helt

187 957 54 20 visst
266 956 66 21 ocksä
347 956 34 21 för
394 956 90 28 mängen
501 965 68 13 annan
586 956 23 22 af
624 957 60 21 detta
700 957 62 21 ständ
779 957 56 20 varit
851 964 24 13 en
893 956 122 21 öfverrask-

185 986 53 26 ning
258 988 32 17 att
305 984 59 22 detta
380 993 27 13 nu
424 985 147 28 föreliggande
580 984 234 22 utskottsbetänkande
830 985 48 21 icke
890 986 76 20 vunnit
978 993 35 13 en-

187 1013 76 28 hälligt
279 1013 122 21 understöd.
432 1014 43 21 Det
497 1016 22 19 är
540 1014 56 21 dock
610 1017 30 18 ett
657 1014 85 27 värdigt
757 1014 82 27 förslag
854 1014 32 20 till
902 1021 111 20 represen-

184 1043 110 20 tationens
310 1042 126 21 hemställan
453 1043 38 21 hos
507 1042 83 22 landets
607 1042 92 22 Monark
716 1050 32 13 om
766 1045 31 18 att
813 1042 35 28 lag
863 1042 39 21 och
914 1044 42 19 rätt
967 1042 48 21 äter

185 1070 66 22 mätte
268 1071 5 20 i
290 1070 73 22 landet
378 1071 81 21 införas
475 1071 40 21 och
531 1071 36 21 det
583 1073 23 19 är
621 1072 28 26 pä
664 1079 80 13 samma
767 1070 58 28 gäng
845 1078 26 14 en
885 1070 129 22 koncentre-

184 1099 38 21 rad
239 1099 105 28 skildring
360 1100 22 20 af
398 1100 28 20 all
442 1100 40 21 den
504 1100 63 21 bittra
589 1100 49 26 nöd,
654 1107 44 14 som
718 1099 111 28 öfvergätt
845 1099 48 21 värt
908 1100 49 20 land
974 1107 39 13 un-

185 1128 39 20 der
240 1128 27 20 de
283 1131 84 18 senaste
384 1128 43 21 fem
443 1128 57 22 åren,
530 1128 97 22 Oaktadt
648 1129 35 27 jag
705 1128 34 21 för
759 1129 42 19 min
818 1128 35 21 del
869 1128 97 21 förordar
983 1131 30 18 ett

184 1156 122 28 antagande
329 1156 23 21 af
375 1156 59 22 detta
458 1157 134 21 betänkande
615 1156 147 26 oförändradt,
779 1156 40 21 kan
841 1157 36 27 jag
893 1156 54 21 dock
964 1157 48 21 icke

184 1185 114 21 underläta
313 1189 31 17 att
360 1185 112 22 framhälla
487 1189 32 17 att
534 1186 146 20 betänkandet
696 1185 54 21 lider
761 1186 22 20 af
795 1193 25 13 en
832 1185 59 21 brist.
911 1185 41 28 Jag
963 1186 50 20 sak-

184 1221 40 13 nar
239 1214 39 20 der
294 1221 24 13 en
335 1214 97 21 bestämd
456 1215 93 27 antydan
573 1222 33 13 om
629 1218 31 17 ett
681 1214 141 26 förhållande,
837 1221 45 13 som
904 1214 37 20 har
958 1214 54 21 varit

185 1242 81 28 egnadt
282 1246 31 17 att
328 1242 68 21 under
411 1242 27 22 de
454 1244 51 20 sista
521 1242 50 22 ären
588 1244 5 19 i
610 1242 102 28 ofantligt
727 1242 42 28 hög
779 1242 52 28 grad
844 1242 41 21 öka
897 1242 47 21 värt
954 1242 58 21 folks

184 1270 108 22 lidanden.
322 1271 42 28 Jag
387 1272 76 20 tänker
485 1272 74 20 härvid
583 1271 28 29 pä
634 1271 40 21 den
698 1272 46 24 roll,
762 1278 46 14 som
829 1270 84 22 landets
935 1271 77 27 högsta

183 1299 172 21 administrativa
379 1300 135 22 embetsverk
531 1300 72 21 utfört.
633 1300 42 27 Jag
690 1300 79 21 saknar
785 1307 25 13 en
829 1299 92 29 antydan
938 1300 73 20 derom

184 1328 5 20 i
207 1328 146 21 betänkandet
368 1328 39 21 och
424 1336 33 14 om
474 1329 35 21 det
525 1330 48 24 sätt,
589 1328 28 28 pä
632 1328 83 21 hvilket
730 1328 84 21 landets
831 1328 75 28 högsta
920 1328 92 21 embets-

183 1359 49 19 män
256 1360 71 18 ansett
349 1358 32 26 sig
401 1357 52 21 böra
477 1357 82 21 bevaka
580 1358 37 20 sitt
638 1361 49 23 eget
702 1357 62 21 lands
780 1357 41 21 och
837 1358 38 20 sitt
890 1360 49 24 eget
954 1356 59 21 folks

183 1386 33 20 väl
234 1386 41 20 och
293 1385 148 21 lifsintressen.
473 1386 42 21 Det
531 1388 47 23 sätt,
596 1386 26 28 pä
638 1386 82 20 hvilket
736 1386 27 20 de
774 1386 75 20 härvid
861 1386 47 27 gätt
918 1385 94 27 tillväga.

182 1414 62 27 gillas
265 1414 47 21 icke
336 1414 22 21 af
382 1414 103 21 Finlands
509 1414 44 21 folk
575 1414 40 21 och
640 1414 100 26 kommer,
761 1418 54 16 trots
837 1414 27 20 all
886 1414 77 28 vädjan
979 1413 34 21 till

183 1443 115 21 historiens
321 1443 56 25 dom,
393 1443 67 27 aldrig
484 1444 23 20 af
530 1443 103 21 Finlands
655 1443 45 21 folk
720 1446 31 17 att
767 1443 65 20 vinna
847 1441 165 29 godkännande.

182 1471 66 21 Detta
271 1472 53 20 hade
345 1472 48 21 bort
413 1472 84 27 bringas
517 1472 32 20 till
568 1472 132 20 Monarkens
720 1471 127 21 kännedom.
881 1471 133 27 (Bravorop.)
