1095 1773
383 130 232 31 Landtdagsarbetena.
871 132 40 20 385

83 206 72 21 skulle
178 205 123 21 förhindras
323 208 32 18 att
376 204 74 22 skrida
472 205 32 21 till
527 204 159 22 verkställande
702 205 23 21 af
740 205 111 27 förelagda
866 205 45 28 lag-

83 234 209 28 stiftningsarbeten,
313 233 57 21 ändå
392 233 39 21 har
448 233 98 29 fullgjort
561 236 32 19 ett
608 233 50 22 vida
674 233 187 29 betydelsefullare
878 241 32 13 ar-

84 264 49 20 bete
149 264 26 20 än
191 262 158 28 behandlingen
366 262 48 21 utaf
429 262 41 21 alla
485 262 64 21 dessa
565 263 159 27 propositioner
738 264 42 20 och
795 263 116 27 petitioner

83 291 70 21 skulle
175 291 84 21 komma
283 294 31 18 att
332 292 83 26 utgöra,
430 292 6 20 i
452 290 37 22 det
505 291 41 21 den
562 291 35 21 för
611 290 121 22 Monarken
748 291 107 27 framlagt,
871 290 40 22 och

84 320 69 21 såsom
175 320 48 20 fyra
244 319 75 21 stånds
335 319 71 21 beslut
422 319 105 29 framlagt,
542 319 37 21 det
594 319 68 21 finska
678 319 80 22 folkets
777 319 134 21 rättsåskåd-

84 350 51 26 ning
150 349 6 20 i
188 356 26 14 den
231 351 57 18 stora
304 348 185 21 konstitutionella
505 348 82 28 frågan.
611 348 43 28 Jag
669 347 79 22 tillåter
763 349 43 27 mig
820 351 31 18 att
867 348 43 21 för-

83 377 52 21 orda
151 377 60 21 bifall
227 377 32 21 till
275 376 125 22 Utskottets
416 376 87 28 förslag.

152 440 59 22 Frih.
234 439 27 22 G.
284 447 41 14 von
349 439 88 22 Troil
458 439 71 22 anhöll
553 446 34 15 om
604 439 88 28 frågans
708 439 155 29 bordläggning
878 440 32 21 till

83 471 61 20 nästa
160 469 92 29 plenum.

153 531 33 22 Hr
208 531 30 22 af
254 531 185 21 Frosterus:
460 530 34 21 Då
509 530 165 29 Lagutskottets
690 531 113 22 skrifvelse
819 531 91 28 tidigare

84 561 35 21 vid
151 561 59 21 detta
232 559 84 23 tillfälle
339 559 113 28 föredrogs
475 559 42 22 och
539 559 123 22 sedermera
685 559 120 26 bordlades,
828 560 81 21 skedde

84 590 66 25 detta,
164 589 73 21 såvidt
251 589 36 28 jag
302 588 83 21 fattade
400 589 130 20 situationen
546 589 47 23 rätt,
610 588 68 21 under
692 588 41 21 den
750 589 161 28 förutsättning,

83 621 32 18 att
137 617 242 28 Grundlagsutskottets
394 617 117 21 skrifvelse
526 617 49 21 icke
590 617 69 21 skulle
676 617 36 21 vid
728 617 80 28 dagens
824 618 85 28 plenum

84 647 130 27 föredragas.
245 645 34 22 Då
295 645 24 22 så
334 645 119 22 emellertid
469 646 64 25 skett,
549 645 80 21 tillåter
643 646 36 27 jag
695 647 43 26 mig
753 646 117 27 hemställa,
879 649 31 18 att

84 675 96 25 Ståndet,
203 675 48 21 med
267 674 132 28 frångående
416 674 22 21 af
454 675 37 20 sitt
507 674 71 21 beslut
593 681 34 14 om
644 674 156 29 bordläggning
815 674 23 21 af
853 675 56 28 Lag-

83 704 117 21 utskottets
222 703 121 25 skrifvelse,
362 703 50 21 ville
428 704 6 19 i
451 703 59 21 detta
525 703 154 28 sammanhang
694 703 31 21 till
741 703 100 28 pröfning
855 711 55 20 upp-

84 736 51 18 taga
157 732 66 28 sagda
246 731 125 27 skrifvelse;
393 731 40 22 och
449 731 80 21 tillåter
544 733 35 27 jag
595 733 43 26 mig
653 731 87 22 förorda
755 735 30 18 ett
800 731 109 22 uttalande

84 762 48 21 från
155 761 26 22 R.
204 768 18 14 o.
245 761 39 21 A:s
302 760 47 21 sida
365 760 87 27 derhän,
468 763 31 18 att
514 760 49 21 icke
579 761 65 26 något
659 760 168 22 utskottsarbete
843 760 66 21 borde

84 790 69 21 under
167 789 125 22 nuvarande
308 789 149 21 förhållanden
475 788 93 29 vidtaga.

153 853 57 21 Frih.
257 860 34 13 von
308 852 93 21 Born:
424 851 43 28 Jag
482 853 24 20 är
521 852 82 21 kanske
619 851 85 29 skyldig
720 855 30 18 att
766 852 96 28 upplysa,
878 855 31 18 att

85 881 111 23 enahanda
220 880 140 26 förhållande,
383 888 45 14 som
452 888 51 20 eger
524 888 46 14 rum
587 881 6 21 i
609 880 153 28 Lagutskottet
778 881 131 21 beträffande

83 914 80 18 tvenne
178 910 50 21 dess
244 910 122 25 ledamöter,
382 909 66 21 också
464 910 6 20 i
487 909 231 28 Grundlagsutskottet
732 911 23 19 är
770 910 34 20 för
817 910 90 26 handen,

85 939 130 21 åtminstone
232 938 136 21 beträffande
384 946 25 12 en
426 938 23 20 af
464 938 50 21 dess
530 938 123 26 ledamöter,
669 938 51 21 eller
735 941 31 18 att
782 938 41 21 han
839 951 27 3 -—
874 939 36 27 jag

84 968 55 21 talar
153 975 34 14 om
204 968 43 27 mig
262 967 50 28 sjelf
327 980 27 2 —
370 966 44 22 står
430 967 28 27 pä
473 966 42 21 den
531 967 135 28 principiella
681 966 138 29 ståndpunkt,
830 970 31 18 att
875 967 33 21 han

84 997 48 21 icke
152 996 41 21 kan
210 996 67 27 enligt
292 996 33 20 sin
341 995 200 28 rättsöfvertygelse
557 995 85 28 deltaga
657 996 6 20 i
679 995 67 28 något
756 996 72 20 arbete
836 996 23 20 af
867 995 42 22 Ut-

85 1025 81 21 skottet
182 1032 45 14 som
243 1024 82 21 sådant.
355 1024 44 20 Det
415 1026 23 18 är
454 1024 48 21 med
519 1024 102 21 afseende
637 1024 51 21 derå
698 1031 44 14 som
750 1024 87 28 frågans
846 1024 63 21 bord-

84 1054 103 28 läggning
208 1053 140 27 ovilkorligen
365 1054 24 19 är
403 1052 122 21 förbunden
543 1052 48 21 med
607 1053 41 20 den
665 1052 117 29 påföljden,
797 1056 32 18 att
845 1052 65 28 något

85 1083 72 21 arbete
181 1082 47 22 icke
245 1082 47 26 kan,
308 1082 130 20 åtminstone
454 1082 6 19 i
477 1080 236 28 Grundlagsutskottet,
729 1081 92 28 vidtaga,
837 1081 72 21 förrän

85 1111 69 21 denna
176 1111 61 27 fråga
256 1112 23 19 är
298 1110 83 28 afgjord
398 1110 41 20 och
454 1110 38 21 det
507 1110 89 20 sålunda
612 1110 40 20 blir
667 1110 82 28 möjligt
764 1110 33 21 för
812 1110 41 20 den
870 1117 39 14 ena

85 1140 52 21 eller
151 1139 67 21 andra
234 1138 236 22 utskottsmedlemmen
487 1141 31 18 att
533 1138 24 21 så
573 1138 60 28 begå,
648 1141 32 18 att
695 1138 47 21 icke
758 1138 52 22 hans
821 1138 88 21 rättsöf-

85 1168 121 28 vertygelse
226 1168 66 20 måtte
308 1167 62 27 lägga
386 1166 77 22 hinder
480 1168 5 20 i
501 1168 70 26 vägen
582 1167 34 21 för
627 1166 123 22 Utskottets
759 1167 72 21 arbete
840 1166 68 22 såsom

84 1198 27 20 de
128 1197 66 21 andra
210 1197 68 20 önska
294 1196 61 21 ställa
371 1195 125 21 detsamma.

153 1260 34 21 Hr
210 1258 159 22 Blåfield:
394 1258 90 28 Pyydän
501 1258 64 21 saada
581 1258 117 21 kannattaa
712 1258 139 28 Vapaaherra
867 1265 42 14 von

84 1289 80 21 Troilia
188 1289 60 21 siinä,
271 1290 42 18 että
337 1289 56 19 tämä
416 1287 101 27 kysymys
538 1288 114 26 pantaisiin
668 1286 98 29 pöydälle
783 1287 44 21 ensi
843 1288 67 20 istun-

84 1321 58 17 toon.

153 1374 32 20 På
207 1373 34 21 Hr
262 1372 266 23 Vicelandtmarskalkens
552 1372 157 28 framställning
725 1372 68 21 beslöt
807 1372 26 21 R.
849 1379 18 14 o.
882 1373 27 19 A.

85 1402 117 28 bordlägga
232 1401 242 28 Grundlagsutskottets
501 1400 139 22 förenämnda
662 1400 113 22 skrifvelse
797 1401 31 21 till
848 1402 62 20 nästa

84 1432 92 28 plenum.
