1095 1773
181 122 33 34 48
466 132 24 17 R.
503 136 17 13 o.
533 132 25 16 A.
571 132 60 17 1904.
656 132 13 16 9
682 132 51 17 Dec.

289 228 147 34 Fredagen
456 228 54 28 den
529 228 18 26 9
566 228 156 27 December
740 230 38 25 kl.
795 230 34 25 10
847 230 18 25 f.
883 236 36 19 m.

256 296 71 22 Sedan
343 300 83 18 senaste
442 297 84 29 plenum
542 297 55 21 hade
613 298 99 28 polletter
727 298 88 28 uttagits
830 298 36 21 för

505 355 80 27 Adliga
600 356 100 20 ätterna:

185 406 41 21 N:o
258 406 33 21 35.
322 406 155 27 Stjerncreutx,
498 406 23 21 af
538 406 67 21 fullm.
621 406 58 21 Herr
694 407 72 20 Aarne
785 406 142 28 Gripenberg,
942 406 74 22 Forst-

354 434 129 27 konduktör;

202 473 9 10 >
259 464 33 21 50.
322 471 41 13 von
374 463 101 26 Numers,
487 463 23 21 af
520 463 58 21 Herr
588 463 80 22 Gustaf
678 463 78 22 Sigurd
767 463 84 22 Gideon
862 471 41 14 von
911 463 102 27 Numers,

354 491 58 22 Med.
428 492 40 21 och
483 492 46 21 Kir.
544 491 91 26 Doktor,
650 491 177 29 Sjukhusläkare;

202 529 9 10 »
247 521 46 20 104.
324 520 85 27 Ladauw,
424 521 23 21 af
461 521 66 20 fullm.
543 521 59 20 Herr
620 520 65 21 Ernst
700 520 80 22 Gustaf
795 521 102 21 Wilhelm
912 521 23 21 af
950 521 65 21 Häll-

353 551 74 25 ström,
444 549 57 21 Med.
518 549 115 26 Licentiat;

202 586 9 11 >
244 578 48 21 233.
323 578 79 27 Arppe,
419 578 23 21 af
464 578 66 21 fullm.
551 577 99 22 Friherre
673 577 51 22 Carl
745 577 79 22 Gustaf
843 577 111 22 Garibaldi
973 577 41 22 Fa-

355 607 47 20 bian
423 607 79 26 Wrede,
519 606 142 29 Bruksegare;
676 606 40 21 och

202 643 9 11 »
244 635 48 21 245.
325 635 103 26 Gadolin,
450 635 23 21 af
494 635 57 21 Herr
573 635 123 21 Alexander
711 635 102 21 Wilhelm
832 635 103 27 Gadolin,
951 634 20 21 J.
986 634 28 22 U.

354 663 118 28 Kandidat,
486 663 232 29 Vicehäradshöfding,
733 663 129 28 Godsegare.

255 777 198 29 Protokollsutdrag
469 778 61 21 öfver
545 778 26 21 R.
586 786 18 13 o.
620 779 38 20 A:s
674 779 35 20 vid
725 778 118 29 gårdagens
859 777 155 22 sammanträde

184 805 84 22 fattade
283 806 71 22 beslut
369 807 109 28 upplästes
493 807 32 21 till
540 808 103 27 justering
658 807 39 21 och
713 807 130 28 godkändes.

403 927 160 23 Landsförviste
578 926 220 24 ständsmedlemmar.

254 990 36 21 Hr
304 990 205 22 Landtmarskalken
525 990 98 22 anmälde
638 990 34 21 för
686 990 26 22 R.
727 998 19 14 o.
761 990 26 21 A.
803 993 32 19 att
850 989 164 22 vidkommande

184 1018 58 22 förre
266 1018 105 22 Senatorn
391 1018 136 30 Gripenberg
548 1019 40 21 och
604 1019 56 21 förre
676 1019 164 28 Borgmästaren
854 1018 114 22 Kuhlefelt
982 1018 32 21 ät-

179 1043 61 57 förd
259 1047 74 22 blifvit
356 1048 99 28 vidtagen
479 1048 34 21 för
534 1050 33 19 att
589 1047 27 22 de
638 1048 67 20 skulle
729 1048 71 20 kunna
821 1047 85 21 inställa
926 1048 32 28 sig
977 1046 37 22 vid

192 1076 127 28 andtdagen.

254 1186 163 21 Ordförandene
437 1186 34 20 för
485 1186 26 21 R.
526 1193 18 14 o.
559 1186 40 21 A:s
614 1185 276 28 helsningsdeputation
905 1184 32 22 till
954 1184 60 21 med-

183 1214 91 22 stånden
295 1214 45 22 Hrr
360 1214 69 22 Julius
455 1214 174 26 Grotenfelt,
654 1214 69 21 Gösta
748 1213 202 29 Björkenheim
972 1212 41 22 och

182 1242 59 22 Emil
257 1243 27 21 af
299 1243 159 21 Hällström
478 1243 97 21 anmälde
594 1246 32 18 att
641 1242 151 29 deputationen
806 1242 96 28 fullgjort
911 1242 38 21 sitt
959 1249 54 21 upp-

182 1271 54 29 drag
253 1272 40 21 och
311 1272 22 20 af
349 1272 138 21 medstånden
505 1272 42 21 fått
561 1274 108 26 emottaga
684 1271 72 21 dessas
772 1270 99 29 hjertliga
885 1270 129 28 helsningar.

367 1404 28 21 Hr
411 1403 215 22 Landtmarskalkens
641 1403 30 22 tal
687 1402 13 22 å
714 1402 117 23 tronsalen.

252 1461 36 21 Hr
308 1460 206 22 Landimarskaiken
536 1460 67 22 utbad
623 1461 33 27 sig
674 1463 32 18 att
721 1460 23 21 få
758 1460 35 21 för
807 1460 26 21 R.
849 1467 18 14 o.
883 1462 26 18 A.
925 1459 88 28 uppiäsa

182 1489 38 21 det
242 1489 31 21 tal
296 1490 41 21 han
359 1488 78 22 ärnade
459 1488 57 22 hälla
534 1490 7 20 i
556 1489 107 21 tronsalen
679 1488 36 22 vid
731 1488 141 28 landtdagens
888 1487 124 29 öppnande
1003 1483 14 39 ;

182 1518 40 21 och
238 1526 39 14 var
292 1519 60 21 detta
366 1518 31 21 tal
412 1518 23 20 af
450 1517 93 29 följande
559 1518 90 28 lydelse:
