1095 1773
195 130 42 20 242
464 136 23 16 R.
502 140 17 12 o.
532 136 24 16 A.
569 136 60 17 1904.
653 136 29 17 28
694 136 50 16 Dec.
758 146 2 2 :

196 206 106 25 upptager
324 211 46 14 som
394 204 41 21 ock
459 204 22 20 af
497 204 124 22 Utskottets
635 204 107 28 skildring
758 204 22 21 af
795 204 38 20 det
848 204 119 21 förvirrade
982 203 44 21 till-

196 232 88 21 ståndet
298 234 8 20 i
320 232 80 25 landet,
415 239 46 15 som
472 232 67 22 redan
553 232 29 29 pä
589 232 72 29 grund
672 233 23 21 af
706 232 93 22 nämnda
809 232 153 28 författningar
972 232 53 22 hun-

196 261 32 21 nit
249 261 114 27 etableras,
379 264 31 18 att
426 268 25 14 en
467 261 124 21 omedelbar
608 260 104 29 ätergäng
726 261 33 22 till
776 260 37 22 det
828 260 58 22 förra
900 260 125 28 lagbundna

196 289 120 21 tillständet
337 290 19 27 ej
376 289 62 21 torde
461 290 72 20 kunna
556 290 62 21 ernäs
640 290 28 28 pä
683 290 37 21 det
736 290 22 21 af
773 289 114 22 Utskottet
903 290 122 27 föreslagna

196 319 71 20 sättet.
298 318 124 22 Utskottets
442 318 158 28 framställning
623 318 40 22 och
686 318 141 28 slutyrkande
846 318 89 21 framstä
951 318 74 21 derför

197 353 57 14 mera
277 346 71 21 säsom
375 354 26 13 en
417 346 76 22 allmän
510 350 81 25 protest
606 350 58 18 emot
680 355 27 13 nu
723 347 95 21 rädande
833 347 191 28 regeringssystem

197 376 26 19 än
239 382 47 14 som
302 377 32 19 ett
349 375 108 28 allvarligt
471 376 74 20 försök
561 379 32 17 att
608 376 22 20 fä
645 376 32 20 till
688 376 64 21 ständ
768 376 41 20 den
826 375 23 21 af
859 375 48 21 hela
917 375 47 21 värt
979 375 45 21 folk

197 402 157 28 efterlängtade
370 404 78 27 lagliga
464 404 131 28 ordningens
614 404 160 21 äterställande.

267 432 92 21 Befaras
375 432 42 21 kan
440 432 64 22 äfven
527 436 37 22 att,
585 440 35 14 om
636 433 37 21 det
688 433 41 21 ock
745 440 28 14 nu
788 432 102 29 lyckades
903 432 121 21 Ständerna

198 463 32 18 att
250 461 67 21 vinna
342 461 131 22 Monarkens
497 461 59 22 bifall
578 462 32 21 till
626 461 42 22 den
684 462 23 21 af
722 461 114 22 Utskottet
851 461 121 28 föreslagna
988 469 37 13 an-

197 489 79 26 hällan,
297 497 80 14 samma
399 490 116 21 tendenser
536 490 40 21 och
598 497 80 14 samma
701 493 86 26 system,
803 497 45 14 som
864 497 28 14 nu
907 489 24 22 sä
946 490 79 21 förstö-

196 518 67 21 rande
286 519 89 28 ingripit
399 519 5 20 i
421 519 40 20 alla
484 519 251 21 samhällsförhällanden
754 519 41 21 och
811 518 78 21 rubbat
903 518 121 28 grunderna

197 546 35 21 för
246 547 105 21 Finlands
383 547 86 21 politiska
480 547 41 22 och
534 547 114 21 nationella
659 547 179 28 sjelfständighet,
848 547 69 21 under
927 554 26 13 en
965 547 59 20 kom-

198 575 77 21 mande
303 575 37 27 tid,
363 555 29 41 dä
414 575 125 22 reaktionen
554 576 46 21 äter
617 576 81 21 kunnat
713 576 23 21 fä
751 575 121 22 öfverhand
888 577 5 19 i
909 575 37 21 det
961 575 63 28 ryska

196 604 64 24 riket,
276 604 70 21 skulle
369 604 91 21 rörande
476 605 47 20 värt
539 605 50 20 land
604 605 57 27 änyo
678 605 59 28 börja
752 606 53 26 göra
820 605 33 27 sig
869 603 98 29 gällande
984 603 39 22 och

197 634 72 47 öppoa
292 632 27 21 de
341 632 40 26 sär,
397 633 78 21 hvaraf
489 633 37 21 det
541 633 68 21 finska
624 633 113 21 samhället
752 641 29 13 nu
797 633 24 21 sä
836 633 60 21 svärt
911 633 53 20 lidit.
986 632 38 21 Ett

198 661 56 21 blott
277 661 155 28 upphäfvande
454 661 23 22 af
498 662 40 21 alla
555 661 26 22 de
598 662 124 27 lagstridiga
738 661 107 28 åtgärder,
860 669 45 13 som
922 661 102 28 vidtagits

198 689 68 22 under
289 697 28 14 nu
340 689 96 22 rädande
458 691 73 27 regim,
546 692 63 26 utgör
624 691 74 20 derför
713 691 65 27 ingen
795 690 84 27 verklig
893 690 82 27 garanti
991 689 34 21 för

198 718 41 21 den
256 718 117 21 äterstälda
388 719 79 28 lagliga
482 719 130 28 ordningens
628 719 135 21 fortfarande
780 719 154 20 bibehällande.

268 747 85 21 Endast
361 754 25 14 en
395 747 23 21 af
426 747 85 28 Regent
521 747 40 22 och
571 747 93 22 Ständer
673 747 186 28 grundlagsenligt
869 747 73 21 stiftad
954 755 28 20 ny
992 754 33 13 re-

198 775 150 28 geringsform,
363 783 46 14 som
426 776 55 21 klart
505 776 41 21 och
571 776 78 28 tydligt
672 777 94 27 reglerar
780 775 41 22 och
837 775 86 22 fastslär
946 775 79 21 förhäl-

198 804 74 21 landet
295 804 77 21 mellan
395 804 41 21 den
461 804 110 28 offentliga
586 805 85 21 makten
688 805 41 21 och
745 805 76 25 folket,
836 806 63 26 utgör
913 804 42 21 den
970 803 55 22 enda

198 832 97 22 hållbara
311 833 42 21 och
374 833 97 28 verkliga
485 835 83 26 garanti
585 833 35 21 för
634 836 32 18 att
682 833 82 22 sådana
779 833 101 28 åtgärder
895 833 34 20 för
943 833 83 21 framti-

198 861 42 21 den
256 862 19 28 ej
292 863 35 19 mä
342 861 72 21 kunna
430 869 113 21 upprepas,
558 870 46 13 som
621 871 28 12 nu
664 862 155 21 ästadkommit
842 861 25 22 sä
889 864 45 19 stor
949 860 76 22 förvir-

198 891 49 27 ring
262 890 42 22 och
314 898 38 13 oro
365 891 5 20 i
384 890 46 21 hela
441 890 78 22 landet.
535 890 44 22 Det
591 892 24 20 är
624 891 107 28 yrkandet
744 890 74 29 härpä,
828 890 61 22 hvari
899 891 127 21 reservatio-

200 926 52 14 nens
276 918 142 22 hufvudkläm
442 919 72 28 ligger,
531 920 40 20 och
587 919 37 21 det
639 921 24 19 är
677 920 45 20 häri
738 927 47 14 som
802 919 90 21 orsaken
909 919 37 21 bör
962 919 63 21 sökas

199 947 32 21 till
247 950 32 18 att
294 951 170 23 reservanterna,
479 948 48 21 med
537 948 141 28 uppofirande
690 948 22 21 af
722 948 43 21 den
776 951 57 25 yttre
843 948 114 27 enigheten
968 948 57 20 inom

201 976 118 27 Utskottet,
343 976 146 21 framkommit
514 976 48 22 med
585 978 38 20 sitt
645 976 48 22 frän
714 977 241 27 utskottsmajoritetens
971 976 55 21 afvi-

200 1004 70 22 kande
296 1005 87 27 förslag.
413 1005 45 21 Det
479 1005 55 21 hade
552 1006 56 20 varit
623 1013 26 13 en
665 1006 102 20 moralisk
783 1005 74 28 feghet
873 1008 37 23 att,
923 1005 53 21 blott
991 1005 35 20 för

200 1033 133 21 bevarandet
348 1034 23 20 af
387 1033 37 21 det
438 1036 56 26 yttre
510 1034 75 21 skenet
601 1034 23 21 af
638 1034 94 28 enighet,
749 1033 112 21 underläta
871 1036 32 18 att
913 1033 112 21 framhälla

199 1062 57 21 hvad
284 1065 163 18 reservanterna
462 1070 50 13 anse
527 1070 45 14 som
589 1062 41 22 den
647 1062 55 22 enda
717 1064 68 26 utväg
800 1065 31 18 att
847 1062 34 21 för
896 1062 27 21 all
938 1062 87 21 framtid

199 1091 53 20 söka
268 1094 113 24 garantera
396 1090 104 22 Finlands
516 1091 46 21 folk
578 1091 49 21 dess
643 1093 43 19 rätt
701 1094 31 18 att
748 1091 112 21 historiskt
871 1090 40 22 och
923 1090 102 22 nationelt

199 1119 24 21 fä
239 1120 92 21 existera
347 1126 46 14 som
409 1122 31 18 ett
455 1120 66 20 skildt
540 1120 52 21 folk.

269 1148 66 21 Emot
350 1148 37 21 det
401 1148 24 21 af
440 1151 161 19 reservanterna
616 1148 114 22 förordade
747 1148 135 21 förfarandet
905 1148 62 20 anför
984 1148 42 21 Ut-

200 1176 93 22 skottets
310 1177 107 27 majoritet
432 1176 135 29 svårigheten
583 1177 35 21 för
633 1177 121 21 Ständerna
770 1179 32 18 att
818 1176 68 22 under
895 1184 28 13 nu
934 1176 92 28 pägäen-

200 1205 26 21 de
243 1204 104 28 landtdag
362 1205 65 21 hinna
443 1206 96 20 utarbeta
555 1208 30 18 ett
601 1206 81 28 förslag
697 1206 32 20 till
746 1213 28 20 ny
797 1205 172 27 regeringsform,
980 1212 46 14 som

200 1234 22 20 af
239 1233 122 22 Ständerna
377 1234 72 21 kunde
471 1234 126 28 godkännas
613 1234 41 22 och
669 1234 23 22 af
707 1234 122 21 Monarken
845 1235 6 19 i
868 1234 65 27 nädig
950 1241 77 21 propo-

200 1263 64 20 sition
284 1262 121 28 föreläggas
422 1270 28 14 nu
466 1262 129 22 församlade
611 1262 97 22 Ständer.
739 1262 53 21 Men
808 1262 71 21 denna
895 1262 132 28 invändning

200 1291 38 21 har
262 1291 23 21 af
299 1294 163 18 reservanterna
485 1291 65 21 redan
566 1291 27 28 pä
609 1291 90 21 förhand
716 1291 93 21 bemötts
826 1290 68 22 under
908 1290 119 22 anförande

200 1319 23 21 af
238 1322 32 18 att
285 1322 31 19 ett
331 1320 136 28 fyratioärigt
481 1320 108 21 förarbete
599 1320 32 21 till
646 1328 28 20 ny
685 1320 166 28 regeringsform
863 1319 113 21 förefinnes
986 1319 41 21 och

200 1351 32 18 att
243 1348 42 21 den
297 1356 41 20 nya
349 1348 199 28 regeringsformen,
558 1356 45 14 som
620 1348 121 22 Ständerna
752 1348 88 28 utbedja
851 1348 23 21 fä
882 1349 33 26 sig
924 1347 104 28 förelagd,

200 1376 40 22 bör
272 1384 50 14 vara
354 1376 57 29 bygd
441 1377 28 28 pä
497 1377 153 21 härintills
680 1376 141 29 gällande
849 1376 178 28 bepröfvade

200 1405 135 28 grunder.
351 1418 27 3 —
395 1405 35 21 Då
446 1405 118 22 Ständerna
581 1406 110 20 dessutom
704 1405 38 22 vid
760 1406 55 20 1899
825 1405 36 21 års
871 1406 77 20 urtima
958 1404 70 22 landt-

200 1434 43 28 dag
258 1434 77 21 uttalat
351 1437 32 18 att
401 1434 51 21 «där
466 1434 25 21 E.
506 1434 28 21 K.
551 1434 29 21 M.
596 1434 67 21 finner
678 1442 26 13 en
720 1434 93 21 särskild
829 1434 92 27 ordning
937 1433 33 21 för
980 1433 48 21 stif-

200 1462 67 22 tande
282 1463 24 21 ai
321 1463 60 28 iagar
395 1470 158 20 yemensamisä
575 1463 35 21 för
624 1463 169 29 Kejsaredömet
808 1462 40 20 och
864 1462 92 21 Finland
977 1469 51 14 vara

200 1491 23 21 af
240 1491 104 21 behofvet
368 1490 107 30 päkallad,
499 1491 120 21 Ständerna
641 1494 81 18 emotse
744 1493 32 19 att
791 1490 26 22 E.
833 1490 28 22 K.
876 1490 31 22 M.
922 1490 83 22 täcktes
1020 1492 7 20 i

200 1519 104 21 afseende
326 1520 13 21 &
360 1520 175 28 grundlagsenlig
554 1520 129 28 behandling
699 1520 112 28 förelägga
826 1519 122 21 Ständerna
964 1518 65 30 nådig
