1095 1773
184 124 28 21 82
456 131 23 15 R.
494 135 17 12 o.
525 131 24 16 A.
562 131 59 16 1904.
646 131 23 16 12
682 131 50 16 Dec.

254 198 35 21 Hr
297 197 60 22 C.G.
366 198 217 37 Standertskjöld
593 198 95 39 yttrade:
698 198 53 22 Med
760 198 117 44 anledning
885 198 24 21 af
916 198 37 21 det
946 205 68 42 Lä

184 227 57 21 lästa
255 226 137 29 protokoiiet,
401 226 47 22 deri
457 227 28 21 R.
496 235 19 13 o.
525 228 40 20 A:s
575 227 71 21 beslut
656 226 37 22 vid
704 230 85 18 sonaste
803 227 87 28 plenum
903 226 82 28 angäen

185 255 27 21 de
228 255 49 21 icke
292 254 126 22 äterkomna
432 254 99 23 utvisade
554 255 164 22 medlemmarne
734 256 7 20 i
757 254 92 23 Ständet
863 242 117 45 anmäldes,
990 254 24 22 så

185 284 39 21 ber
238 284 36 27 jag
289 286 31 18 att
335 284 23 20 af
373 284 34 21 Hr
416 284 254 22 Vicelandtmarskalken
678 284 22 21 få
711 284 129 28 upplysning
848 291 35 14 om
892 284 82 21 hvilket
982 291 32 14 re-

185 312 68 22 sultat
268 319 46 14 som
325 313 88 21 vunnits
430 320 77 26 genom
518 312 34 22 Hr
561 312 266 22 Vicelandtmarskalkens
840 312 93 28 åtgärd
926 308 11 42 i
944 312 70 22 denna

185 341 45 26 sak,
246 340 88 22 hvilken
358 341 75 28 åtgärd
447 342 36 27 jag
498 344 87 25 antager
600 341 34 21 för
649 341 71 28 gifvet
734 341 65 21 hafva
816 341 73 21 blifvit
912 340 102 29 vidtagen

185 358 49 32 från
250 369 34 21 Hr
303 369 263 23 Vicelandtmarskalkens
582 370 52 21 sida.

254 421 58 21 Frih.
328 421 212 28 Langenskiöld:
571 421 52 21 Med
639 422 135 28 tillämpning
789 421 23 21 af
827 422 13 27 &
857 422 27 20 65
900 422 24 20 L.
938 421 27 22 O.
976 423 38 19 ön-

187 450 51 21 skar
259 450 36 28 jag
317 450 24 21 fä
361 450 33 21 till
409 450 131 29 protokollet
557 450 101 26 anmäldt,
674 453 32 18 att
719 451 37 28 jag
770 450 35 21 för
820 451 82 27 vigtiga
918 450 97 22 enskilda

185 479 114 26 intressen,
313 479 86 21 hvilkas
414 479 131 21 omvärdnad
557 481 23 19 är
591 480 43 27 mig
644 479 133 26 anförtrodd,
792 479 42 33 säg
847 480 43 27 mig
903 479 111 21 nödsakad

185 510 33 18 att
232 511 86 18 senaste
334 507 89 28 torsdag
438 507 97 34 företaga
551 515 25 14 en
592 515 54 18 resa,
662 508 46 21 frän
724 508 88 21 hvilken
828 509 35 26 jag
879 508 55 21 först
949 509 6 20 i
972 508 42 27 dag

186 535 143 27 återkommit,
344 539 56 18 samt
415 539 31 18 att
460 537 36 28 jag
511 537 23 20 af
545 536 67 21 sådan
623 537 63 20 orsak
702 538 73 26 tyvärr
790 536 48 21 icke
854 544 39 13 var
908 537 7 20 i
930 536 84 21 tillfälle

186 567 31 18 att
233 565 79 21 bivista
323 553 108 33 Ståndets
446 565 172 21 sammanträden
634 568 84 18 senaste
735 565 76 28 fredag
826 565 41 21 och
883 565 75 28 lördag
973 565 41 21 och

186 593 87 28 deltaga
288 594 30 20 uti
335 593 28 21 de
379 593 22 21 af
416 593 90 22 flertalet
528 593 213 22 ståndsmedlemmar
763 593 28 22 då
813 593 83 28 afgifna
918 601 96 14 reserva-

185 622 99 21 tionerna
300 625 45 18 mot
359 622 34 21 Hr
408 622 218 21 Landtmarskalkens
642 622 36 21 tal.

255 673 35 21 Hr
305 673 26 22 A.
347 673 24 21 F.
392 673 162 28 Tigerstedt:
585 673 41 28 Jag
649 673 96 22 anhåller
767 676 32 18 att
822 673 24 21 få
861 674 8 20 i
885 674 129 27 protokollet

186 703 91 27 intaget,
292 705 32 18 att
339 703 35 27 jag
389 702 23 21 af
426 702 116 28 tvingande
558 703 47 20 skäl
621 703 55 20 varit
691 702 109 21 nödsakad
817 705 32 18 att
864 704 51 25 göra
931 710 24 13 en
968 710 46 13 resa

186 733 87 18 senaste
296 731 75 28 lördag
394 731 40 21 och
456 731 123 28 derigenom
602 731 48 21 icke
670 731 82 20 kunnat
768 731 78 21 bivista
862 731 102 21 Ståndets
980 738 33 14 se-

186 762 62 18 naste
264 759 93 28 plenum.

256 810 34 21 Hr
300 811 29 21 H.
340 819 48 13 von
397 811 175 22 Willebrand:
588 811 42 28 Jag
640 811 95 21 anhåller
746 811 67 21 också
823 813 32 19 att
865 811 24 21 få
899 811 32 21 till
943 814 71 25 proto-

186 839 68 22 kollet
270 839 137 27 antecknadt,
422 843 32 18 att
468 841 35 27 jag
517 840 48 21 icke
582 840 70 21 kunde
669 840 85 27 deltaga
770 841 15 20 i.
793 839 123 35 lördagens
922 840 92 37 plenum,

186 867 93 22 emedan
294 869 35 27 jag
346 861 60 28 varit
417 868 48 21 från
481 868 75 22 staden
573 868 99 22 bortrest.
700 869 43 27 Jag
758 868 68 28 ansåg
841 869 44 27 mig
895 868 24 22 så
929 869 86 27 mycket

186 896 67 22 hellre
270 897 72 21 kunna
358 904 51 14 vara
425 897 65 26 borta,
505 905 45 13 som
566 897 75 28 frågan
658 905 34 13 om
708 898 34 20 Hr
753 897 220 21 Landtmarskalkens
985 897 29 21 tal

187 925 67 21 redan
270 928 73 26 syntes
360 926 43 27 mig
418 926 164 21 slutbehandlad
599 926 35 21 vid
651 926 85 28 plenum
753 927 5 19 i
776 926 93 28 fredags.

255 977 59 21 Frih.
330 977 24 21 B.
371 985 48 13 von
434 978 86 20 Troil:
550 978 73 21 Afven
639 978 35 28 jag
690 978 38 20 ber
743 978 23 20 få
787 978 88 24 anmäla,
890 980 31 18 att
931 978 35 27 jag
981 981 33 24 ty-

186 1007 50 19 värr
258 1014 39 13 var
312 1006 125 21 förhindrad
454 1009 31 18 att
504 1006 85 28 deltaga
605 1007 6 20 i
626 1006 114 28 fredagens
758 1006 41 21 och
822 1006 113 28 lördagens
951 1006 63 28 plena

186 1034 41 21 och
243 1034 28 28 på
288 1034 41 21 den
352 1035 68 27 grund
444 1036 47 20 icke
511 1035 71 21 blifvit
597 1036 6 20 i
619 1035 84 21 tillfälle
720 1038 30 18 att
766 1035 85 21 ansluta
866 1036 43 26 mig
925 1035 31 20 till
972 1034 42 21 den

186 1064 140 25 reservation,
341 1071 46 13 som
402 1063 92 21 flertalet
509 1064 214 21 ståndsmedlemmar
738 1064 71 20 inlade
825 1067 44 17 mot
885 1064 34 20 Hr
934 1063 80 21 Landt-

186 1092 148 20 marskalkens
350 1092 35 21 tal.

255 1143 35 21 Hr
306 1143 186 21 Adlercreutz:
521 1144 42 27 Jag
587 1144 37 20 ber
646 1146 31 19 att
695 1144 23 20 få
733 1144 32 20 till
781 1144 131 28 protokollet
928 1144 86 20 anteck-

186 1172 42 20 nad
245 1173 43 19 min
305 1172 123 28 anslutning
443 1172 32 21 till
490 1172 34 21 Hr
539 1172 74 21 Alexis
625 1172 145 34 Gripenbergs
783 1172 110 21 uttalande
904 1173 35 20 vid
952 1172 62 22 Stån-

186 1200 48 21 dets
251 1200 86 28 plenum
353 1205 85 17 senaste
457 1201 78 33 fredag.
565 1201 79 21 Tillika
660 1201 34 21 får
708 1202 36 32 jag
759 1201 98 28 upplysa,
872 1204 32 18 att
919 1202 34 26 jag
967 1202 48 20 när-

186 1236 39 13 var
248 1229 36 20 vid
305 1229 93 28 plenum,
414 1230 65 20 ehuru
494 1230 35 27 jag
544 1230 28 28 på
588 1230 72 20 derom
677 1229 23 21 af
715 1230 44 27 mig
774 1230 61 27 gjord
851 1229 99 21 anhållan
966 1230 48 20 icke

186 1257 73 21 kunde
276 1258 79 20 erhålla
371 1258 66 21 ordet.

256 1309 34 21 Hr
306 1309 168 28 Hedenberg:
504 1310 41 27 Jag
569 1310 37 21 ber
628 1313 32 17 att
675 1311 6 19 i
697 1310 68 20 likhet
788 1310 47 20 med
860 1310 66 27 några
948 1309 67 21 andra

186 1338 67 21 talare
270 1338 23 20 få
308 1338 32 21 till
360 1338 129 28 protokollet
512 1338 137 26 antecknadt,
664 1341 32 18 att
710 1339 36 27 jag
761 1338 28 28 på
807 1338 69 28 grund
893 1338 22 21 af
931 1338 84 21 iråkadt

186 1366 149 28 sjukdomsfall]
353 1367 97 21 sistlidne
466 1367 73 27 lördag
556 1374 37 14 var
612 1366 89 22 hindrad
718 1367 41 21 och
776 1366 21 21 af
812 1367 73 21 läkare
901 1366 113 28 förbjuden

186 1398 32 18 att
234 1396 70 20 lemna
321 1396 47 20 mitt
383 1403 52 18 rum,
452 1395 39 21 och
508 1396 71 20 kunde
595 1395 73 21 derför
683 1396 48 20 icke
747 1396 38 20 här
796 1395 92 28 deltaga,
899 1396 69 20 såsom
979 1396 36 27 jag

186 1424 65 26 velat,
275 1425 6 20 i
304 1424 41 21 den
369 1425 136 25 reservation,
528 1432 45 13 som
597 1424 22 21 af
641 1424 91 21 flertalet
755 1424 213 21 ståndsmedlemmar
987 1423 28 22 då

186 1452 106 22 afgifviis.

210 1464 44 16 VN
799 1481 22 18 In
833 1481 66 18 fidem:

757 1516 50 20 Clas
825 1523 18 13 v.
863 1516 81 21 Collan.
