1095 1773
354 120 75 21 Ryska
440 119 175 21 gendarmkåren.
858 116 41 20 447

72 188 35 28 lag
129 188 40 21 och
192 188 208 22 administrationens
420 188 135 22 ansvarighet
570 188 56 22 inför
641 188 69 22 denna
725 189 41 28 lag,
781 189 12 21 å
808 189 41 21 den
865 197 36 13 an-

72 216 45 27 dra,
132 218 36 20 äro
184 216 63 22 dessa
261 216 95 22 faktorer
370 217 38 21 hos
424 224 34 14 oss
473 224 134 15 verksamma
617 217 40 22 och
668 217 114 22 lefvande?
797 217 50 22 Kan
862 218 38 21 hos

71 252 35 14 oss
122 258 26 2 —
164 245 70 21 såsom
254 245 38 21 det
312 246 75 21 höfves
409 248 33 19 ett
463 245 116 29 lagbundet
600 246 101 21 samhälle
717 258 26 3 —
760 253 26 14 en
805 246 96 28 hederlig

72 273 139 22 medborgare
227 281 51 14 vara
291 274 90 28 tryggad
397 274 34 21 för
446 277 32 19 att
493 275 18 27 ej
527 274 86 22 hvilken
629 274 63 22 stund
707 282 45 14 som
768 274 55 22 helst
833 274 68 22 blifva

73 302 87 22 beröfvad
190 303 33 20 sin
238 278 80 57 frihet?
348 278 149 57 Beklagligtvis
513 302 67 22 måste
596 303 22 21 vi
632 310 63 14 svara
709 304 39 27 nej.

140 359 92 21 Talaren
258 359 46 21 blef
325 360 38 20 här
385 360 100 21 afbruten
509 360 23 21 af
561 360 36 20 det
626 360 68 20 buller
714 360 40 21 och
780 360 49 26 sorl,
853 368 46 13 som

69 388 95 28 uppsted
188 388 32 21 till
236 388 52 28 följd
304 388 62 21 deraf
380 391 32 19 att
427 389 6 20 i
450 388 58 22 salen
519 388 93 22 utdelats
622 388 153 28 telegramblad
787 388 111 28 angående

69 416 57 22 det
120 412 15 37 i
142 416 43 28 dag
201 416 27 22 kl.
244 418 12 20 3
273 424 17 14 e.
306 424 26 14 m.
347 418 6 20 i
369 417 92 21 Moskva
478 417 116 21 inträffade
605 416 84 22 mordet
699 417 27 28 pä
736 417 62 21 Hans
809 417 90 28 Kejser-

72 445 42 28 liga
125 445 90 28 Höghet
230 444 133 23 Storfursten
380 445 73 29 Sergej
470 445 202 22 Alexandrovitsch.

141 502 70 22 Sedan
236 502 34 21 Hr
284 503 255 21 Vicelandtmarskalken
557 503 56 21 efter
628 511 25 13 en
669 503 75 21 stunds
760 503 86 28 förlopp
860 511 38 20 ge-

72 539 49 13 nom
137 531 66 28 några
220 531 113 28 klubbslag
349 532 79 21 erinrat
444 539 33 13 om
493 531 139 28 iakttagande
648 532 22 20 af
689 531 92 28 tystnad,
798 532 99 21 fortsatte

140 588 33 21 Hr
188 588 124 22 Fraser:
328 589 49 21 Och
385 596 26 14 en
419 589 23 20 af
452 589 26 21 de
493 589 116 21 förnämsta
617 589 114 21 orsakerna
740 589 33 21 till
783 589 60 21 detta
853 589 44 28 lag-

71 617 46 21 lösa
131 617 97 21 tillstånd
242 617 28 21 ha
282 618 21 20 vi
318 620 33 19 att
365 617 53 22 söka
432 618 7 20 i
459 617 40 22 den
513 619 75 20 nästan
603 617 151 27 envåldsmakt,
770 625 43 14 som
825 617 72 28 lagts
886 613 14 36 i

70 645 108 22 händerna
188 646 28 28 på
227 653 25 14 en
263 647 124 25 institution,
397 646 87 21 hvilken
493 646 26 21 så
529 646 105 28 aflägsnat
644 647 32 27 sig
687 645 46 22 från
742 647 33 20 sin
784 653 112 21 ursprung-

70 674 43 28 liga
128 674 153 27 bestämmelse,
298 677 44 19 »att
356 675 56 21 vaka
427 675 61 21 öfver
504 674 162 29 medborgarens
682 675 49 28 lugn
746 675 41 21 och
799 677 48 24 rätt,
862 677 33 19 att

70 703 71 28 lyssna
150 703 33 21 till
194 703 40 21 den
246 703 84 21 lidande
345 703 178 28 mensklighetens
539 705 44 19 röst
598 703 39 21 och
653 703 82 28 skydda
750 703 41 22 den
806 703 90 28 skydds-

70 731 57 22 löse»
144 731 76 27 (såsom
235 731 65 22 orden
315 732 7 21 i
337 731 41 22 den
394 732 147 28 ursprungliga
550 731 154 22 instruktionen
714 732 33 21 för
757 731 81 22 afdelta
845 739 50 21 gen-

69 759 127 22 darmkåren
207 760 62 28 lyda),
279 763 32 18 att
320 760 41 21 den
372 768 27 13 nu
407 768 58 13 mera
475 760 73 22 blifvit
558 763 31 18 ett
596 760 168 29 samhällsgissel,
772 761 35 20 för
814 760 82 21 hvilket

71 788 163 29 medborgarens
245 789 65 21 frihet
320 789 72 22 blifvit
402 792 32 18 ett
443 789 73 28 objekt
526 789 34 21 för
568 789 49 21 dess
627 789 128 28 eganderätt.
766 789 42 22 Om
816 789 79 28 någons

69 817 66 28 tjenst
148 817 38 22 hos
202 825 34 14 oss
250 819 24 19 är
288 817 119 29 opåkallad,
422 817 24 22 så
460 820 23 19 är
497 817 38 22 det
549 817 62 22 dessa
625 818 101 21 moderna
735 817 74 22 Harun
819 817 21 22 al
852 817 43 22 Ra-

71 845 107 27 schid”ars,
192 845 73 22 hvilka
274 853 75 21 genom
360 846 93 28 hemliga
463 846 219 29 hjerteransakningar
692 846 39 21 och
742 846 153 29 uppspäringar

71 874 50 28 vilja
136 874 62 29 åtaga
208 875 33 28 sig
251 883 80 13 samma
341 875 122 21 funktioner
472 883 46 13 som
528 875 136 21 annorstädes
674 875 118 21 tillkomma
802 875 93 21 domsto-

71 903 64 26 larne,
149 911 87 21 pressen
252 904 40 21 och
307 904 40 21 den
363 904 109 21 offentliga
482 904 118 28 meningen.
615 904 43 21 Om
668 904 63 28 något
743 904 152 21 samhällsondt

69 932 84 21 fordrar
162 932 138 22 aflägsnande
308 932 46 22 från
363 932 202 28 samhällskroppen,
571 932 24 21 så
601 934 23 19 är
631 932 37 22 det
675 932 68 22 denna
750 932 57 22 halft
814 932 80 22 verlds-

70 960 43 28 liga
127 960 72 27 orden,
228 960 40 22 halft
282 961 100 28 politiska
397 961 165 27 frimurareloge,
577 961 62 21 hvars
654 961 84 21 tillvaro
753 961 68 21 såsom
838 960 56 22 finsk

70 989 118 21 institution
204 989 78 21 strider
296 993 57 18 emot
368 989 50 22 våra
433 990 69 28 lagars
517 989 58 22 såväl
592 990 85 20 bokstaf
686 997 44 14 som
742 990 61 21 anda.
817 989 77 21 Denna

70 1017 138 27 främmande,
222 1018 98 27 onödiga,
336 1018 53 28 dyra
398 1018 40 22 och
450 1018 76 28 farliga
536 1019 125 27 inrättnings
672 1018 135 21 verksamhet
821 1018 8 20 i
843 1018 50 20 Fin-

70 1046 50 22 land
135 1048 23 19 är
173 1050 32 18 ett
220 1046 57 22 brott
292 1050 57 18 emot
363 1046 103 29 grundlag
481 1047 40 21 och
537 1054 25 14 en
579 1046 53 22 väda
648 1046 33 22 för
696 1047 115 21 samhället.

139 1074 159 22 Förordningen
309 1075 22 21 af
341 1075 20 21 d.
372 1076 27 20 28
410 1075 98 22 Oktober
516 1076 34 26 (10
558 1075 129 27 November)
697 1076 53 20 1903
758 1083 35 13 om
801 1075 93 21 faststäl-

70 1103 72 21 landet
156 1103 24 21 af
194 1104 126 21 instruktion
336 1104 33 21 för
384 1104 81 21 afdelta
480 1104 166 28 gendarmkåren
664 1104 8 20 i
684 1104 91 21 Finland
785 1104 108 21 äfvensom

69 1131 61 22 Hans
145 1132 112 28 Majestäts
272 1132 77 22 Senats
359 1132 70 22 beslut
444 1132 23 21 af
481 1140 80 14 samma
576 1132 42 28 dag
632 1132 108 28 angående
754 1132 139 28 gendarmkå-

69 1168 48 14 rens
127 1160 213 29 tjensteverksamhet
350 1161 40 21 och
401 1161 181 27 kommunicering
593 1161 75 21 mellan
676 1161 166 28 gendarmkåren
853 1161 39 20 och

68 1189 65 21 civila
152 1189 148 28 myndigheter
321 1190 104 28 prisgifva
446 1190 74 28 hvarje
536 1189 67 28 redlig
618 1189 147 29 medborgares
780 1190 7 20 i
802 1188 91 22 Finland

68 1218 120 28 personliga
208 1218 72 26 frihet,
295 1220 36 19 ära
346 1226 25 14 och
402 1218 103 28 egendom
520 1218 23 21 åt
557 1218 122 28 godtycket,
701 1218 92 21 särdeles
808 1217 28 22 då
850 1217 43 21 för-

69 1246 115 28 ordningen
195 1246 23 22 af
228 1246 40 22 den
280 1248 35 24 1/,,
327 1247 92 27 Augusti
431 1248 54 20 1902
497 1246 108 29 angående
615 1246 114 28 ordningen
740 1246 34 22 för
784 1246 109 22 väckande

67 1274 24 22 af
101 1275 93 28 rättsligt
208 1274 43 22 åtal
266 1275 125 28 omöjliggör
402 1275 74 29 hvarje
487 1283 44 13 som
542 1275 55 21 helst
609 1275 141 28 bestraffning
760 1275 22 21 åt
792 1274 101 22 medlem-

68 1311 45 13 mar
128 1303 23 21 af
165 1303 167 28 gendarmkåren
349 1304 34 21 för
397 1304 23 21 af
435 1304 48 21 dem
505 1304 66 21 under
592 1304 174 28 tjensteutöfning
781 1303 112 21 föröfvade

68 1331 58 22 brott
149 1335 57 19 emot
228 1332 96 22 enskilda
346 1332 149 28 medborgares
518 1332 40 22 och
580 1332 48 22 hela
650 1332 121 22 samhällets
789 1332 104 22 säkerhet.

67 1360 45 21 Det
134 1362 23 19 är
179 1364 31 18 ett
232 1362 66 27 öppet
320 1361 41 21 hån
382 1361 23 21 af
425 1361 103 28 grundlag
547 1361 41 21 och
603 1361 103 21 besvurna
721 1361 121 28 privilegier
863 1363 32 19 att

67 1389 70 21 tillåta
151 1389 38 21 hos
204 1397 34 13 oss
253 1390 119 21 existensen
393 1390 23 20 af
436 1389 69 22 denna
528 1392 43 19 mot
586 1390 48 21 hela
648 1389 69 21 andan
732 1389 22 21 af
769 1390 48 21 vårt
831 1392 63 18 stats-

67 1417 42 21 och
124 1418 162 21 samhällsskick
301 1418 131 22 främmande
448 1419 124 21 institution.

137 1446 77 28 Fjerde
231 1446 66 22 budet
311 1447 7 21 i
334 1446 37 22 vår
386 1447 52 21 kära
452 1446 157 22 barndomsbok
624 1446 68 29 lyder:
708 1447 36 21 Du
758 1446 54 22 skall
828 1446 66 21 hedra

66 1474 37 22 din
119 1474 61 22 fader
198 1475 39 21 och
253 1474 36 22 din
305 1475 78 27 moder,
398 1475 28 29 på
441 1475 38 22 det
493 1476 37 28 dig
545 1476 34 20 må
594 1475 34 21 väl
643 1475 33 29 gå,
686 1475 40 21 och
740 1475 63 22 hvem
819 1477 23 19 är
857 1474 37 22 vår

67 1502 61 22 fader
143 1503 40 21 och
199 1504 73 21 moder
286 1511 33 14 om
336 1504 18 28 ej
371 1504 47 21 vårt
433 1504 132 22 fosterland?
579 1504 49 21 Och
639 1504 50 21 våra
699 1507 82 25 prester
790 1504 28 21 ha
828 1502 66 22 också
