1095 1795
219 114 54 22 1062
444 119 158 18 Presteståndet
614 120 53 17 1877.
691 121 26 16 29
729 121 47 20 maj.

191 188 45 24 ord,
251 188 18 27 ej
285 195 37 15 ens
344 189 91 27 antydde
451 195 33 15 om
500 189 41 22 min
558 189 125 26 erfarenhet,
698 189 67 20 ehuru
778 189 36 26 jag
828 189 99 26 möjligen
941 189 68 22 skulle

191 217 62 21 hafva
274 217 82 22 kunnat
378 217 35 21 det
434 219 58 24 göra.
521 217 42 22 Det
585 217 92 22 faktiska
699 219 29 24 är,
750 220 31 18 att
799 217 42 27 jag,
857 218 69 21 såsom
941 218 67 26 sagdt,

191 245 72 22 derom
286 245 18 27 ej
327 245 39 22 har
387 246 54 21 talat
456 248 32 20 ett
502 245 44 22 ord.
563 258 26 3 —
604 245 61 22 Hvad
680 246 63 21 sedan
760 246 76 21 doktor
851 245 107 23 Lindelöfs
973 252 36 15 an-

192 273 107 27 dragande
319 274 136 26 vidkommer,
478 275 73 26 fägnar
573 274 35 22 det
627 275 42 26 mig
685 274 58 25 visst,
758 277 32 18 att
805 275 42 20 han
862 275 147 26 understödjer

192 302 145 27 petitionerna,
360 309 47 16 men
427 303 37 27 jag
483 303 35 21 vill
534 303 94 22 deremot
642 305 52 25 göra
709 309 25 15 en
750 303 143 27 anmärkning.
924 303 38 22 Ett
976 303 35 22 så-

193 331 51 21 dant
267 331 103 28 vidlyftigt
391 332 69 26 tvång,
476 338 44 15 som
536 331 77 22 doktor
627 331 99 22 Lindelöf
739 331 98 27 föreslog,
852 331 112 27 nämligen,
980 334 32 19 att

192 360 6 21 i
221 359 71 27 hvarje
313 360 99 21 kommun
434 360 76 26 skulle,
531 360 44 21 ifall
597 359 147 27 folkmängden
767 360 82 27 uppgår
870 360 33 21 till
918 366 50 21 mer,
984 363 27 18 än

193 389 63 25 2,000
281 394 107 21 personer,
413 389 67 21 måsta
505 389 88 21 inrättas
618 389 35 21 två
674 388 122 23 folkskolor,
819 389 67 21 skulle
909 389 46 22 icke
969 389 42 26 jag,

193 417 127 21 åtminstone
335 417 34 21 för
383 417 97 25 tillfället,
492 417 48 27 vilja
552 417 91 21 förorda.
652 429 28 3 —
691 417 90 21 Prosten
791 418 57 20 Roos
859 417 38 21 har
907 417 104 25 anmärkt,

193 445 69 21 såsom
285 445 36 21 det
342 446 72 25 tyckes
436 446 48 21 med
504 448 68 19 större
587 445 51 26 skäl,
655 447 31 20 att
702 445 35 21 det
752 451 34 15 ser
801 448 30 23 ut,
846 446 69 21 såsom
930 451 34 16 om
979 447 33 19 ut-

194 473 80 22 skottet
295 473 56 22 velat
365 473 79 22 inrätta
460 474 71 21 skolor
545 473 33 22 för
592 476 32 19 att
639 473 78 22 bereda
732 474 56 26 plats
802 475 23 20 åt
839 473 75 22 lärare.
944 473 70 22 Fallet

194 504 25 19 är
239 501 105 28 nämligen
366 502 42 26 det,
430 504 33 20 att
484 504 31 19 ett
535 502 21 22 af
568 502 172 22 hufvadmotiven
755 515 27 3 —
798 503 69 21 såsom
882 509 42 20 nog
938 502 76 28 tydligt

193 530 122 22 framhålles
332 542 25 5 —
374 530 96 22 hvarföre
486 531 104 21 utskottet
604 531 38 22 har
657 533 77 22 ansett,
749 533 32 19 att
796 531 63 21 redan
876 537 29 15 nu
913 537 26 15 en
947 531 67 22 sådan

194 558 89 28 petition
299 559 39 21 bör
353 559 44 25 ske,
412 559 67 22 ehuru
494 559 145 22 folkskolorna
654 561 56 20 ännu
725 560 18 26 ej
760 560 83 21 komme
858 560 32 21 till
906 560 68 23 stånd,
990 561 24 20 är

194 587 108 27 verkligen
326 589 44 24 det,
394 590 39 22 att,
458 589 36 20 vill
519 595 48 14 man
588 589 62 20 hafva
672 589 69 21 elever
756 588 32 21 till
804 589 25 20 de
845 595 27 14 nu
887 588 128 27 förefintliga

195 617 150 21 seminarierna
360 617 40 20 och
415 617 32 21 till
463 617 25 22 de
503 617 127 27 seminarier,
646 623 46 16 som
707 619 57 19 ännu
778 617 85 21 komma
877 619 32 20 att
919 617 95 26 inrättas,

196 645 39 21 har
257 651 48 15 man
326 645 61 22 bästa
410 647 82 25 garanti
515 646 70 21 derför
605 646 6 21 i
633 645 39 22 den
695 646 188 26 omständigheten,
907 647 32 20 att
954 646 61 21 dessa

195 673 107 22 blifvande
324 674 70 21 elever
415 674 61 21 hafva
499 674 68 27 någon
589 675 64 26 utsigt
668 676 32 20 att
715 675 65 20 sedan
796 674 21 21 få
832 681 26 14 en
873 675 70 26 tjenst.
973 675 42 21 Det

196 704 25 19 är
242 702 56 22 klart
320 705 39 24 att,
382 709 34 15 om
432 703 79 22 bristen
527 704 26 25 på
568 703 71 22 skolor
653 705 38 25 gör
707 703 36 22 det
758 703 31 22 till
805 703 162 26 problematiskt
982 703 33 22 för

196 731 55 26 dem,
273 737 45 16 som
334 737 53 21 egna
402 732 31 26 sig
448 733 22 20 ät
486 731 229 26 folkskollärarekallet,
732 732 103 21 huruvida
850 732 26 21 de
892 733 71 20 kunna
977 732 39 21 nä-

195 759 74 27 gonsin
294 759 20 23 få
339 761 128 26 anställning
488 762 68 20 såsom
578 760 167 27 folkskollärare,
770 761 58 21 detta
849 760 42 22 kan
907 760 61 22 hafva
983 761 32 22 till

195 788 85 27 påföljd,
305 790 33 21 att
357 789 151 22 seminarierna
529 789 63 22 blifva
614 789 102 22 obesökta
738 801 28 4 —
787 789 81 22 hvilket
883 789 132 28 sannerligen

197 823 49 16 vore
267 824 26 15 en
308 819 45 20 stor
368 817 44 22 fara
427 818 33 21 för
474 819 195 27 folkupplysningen
685 818 6 21 i
707 819 59 21 detta
780 819 56 20 land.
853 830 28 4 —
895 819 43 21 För
953 819 63 26 öfrigt

196 846 36 21 vill
254 845 37 28 jag
314 846 62 27 lugna
401 847 43 22 alla
466 848 54 25 dem,
540 853 45 16 som
601 847 70 22 frukta
686 847 32 22 för
732 847 24 22 så
772 847 65 22 bråda
852 847 164 28 omstörtningar

197 874 39 22 och
254 875 175 27 tvångsåtgärder
444 876 86 21 dermed
546 876 38 21 och
600 875 87 22 hänvisa
701 875 38 27 till,
756 878 32 19 att
803 876 60 21 detta
877 876 48 21 icke
940 878 24 19 är
978 877 38 21 nå-

196 905 43 24 got,
255 908 45 16 som
315 904 63 27 yrkas
394 910 27 15 nu
436 906 80 24 genast.
539 904 37 27 Ty,
592 904 87 22 emedan
695 904 73 28 frågan
783 904 60 22 äfven
858 904 39 22 har
909 905 31 21 sin
950 904 66 22 finan-

197 931 53 22 ciela
271 932 47 22 sida
340 932 40 22 och
395 934 24 20 är
434 939 26 16 en
475 932 188 28 bevillningsfråga,
679 932 38 22 har
730 933 24 27 ju
769 933 104 21 utskottet
888 933 76 21 endast
979 940 38 15 an-

197 960 66 26 hållit,
286 962 32 20 att
340 961 113 22 ständerna
477 962 65 21 måtte
564 962 38 22 hos
617 962 59 21 Hans
691 962 102 27 Majestät
805 962 89 24 anhålla,
911 964 32 19 att
957 962 59 22 Hans

196 989 118 27 Kejserliga
336 990 99 26 Majestät
450 991 52 21 först
517 990 32 22 till
564 990 174 22 nästkommande
753 990 100 27 landtdag
869 991 65 21 måtte
950 991 66 24 ,före-

196 1018 62 26 lägga
280 1018 113 22 ständerna
413 1019 79 26 förslag
511 1019 31 21 till
558 1020 65 20 sådan
637 1018 224 28 lagstiftningsåtgärd,
877 1021 32 19 att
924 1026 25 14 en
965 1019 51 22 hvar

197 1046 21 22 af
239 1046 81 22 landets
340 1046 185 23 landskommuner
540 1048 56 21 inom
612 1048 41 21 viss
667 1048 95 26 förelagd
777 1048 30 21 tid
822 1048 70 21 kunde
907 1047 109 28 förpligtas

197 1077 32 19 att
244 1075 58 21 inom
314 1076 38 21 sitt
362 1076 86 22 område
461 1078 78 20 inrätta
549 1076 126 22 åtminstone
686 1083 24 14 en
719 1076 65 27 högre
792 1076 124 22 folkskola."
938 1076 79 22 Finner

197 1109 48 16 man
268 1104 53 22 efter
343 1110 75 21 mogen
440 1105 115 27 besinning,
576 1105 69 21 denna
665 1105 38 22 sak
720 1105 24 21 så
759 1105 82 27 orimlig
856 1106 39 20 och
911 1106 23 21 så
946 1106 70 26 vådlig

197 1132 32 21 för
244 1133 47 21 vårt
310 1133 55 25 land,
381 1140 45 14 som
442 1140 28 15 nu
486 1134 73 26 månge
574 1134 66 21 talare
655 1133 62 22 hafva
732 1134 74 26 funnit,
821 1136 24 19 är
861 1134 35 21 det
911 1136 56 20 ännu
982 1135 34 21 vid

197 1162 61 20 nästa
279 1161 99 27 landtdag
396 1162 30 21 tid
442 1165 32 19 att
488 1164 100 20 motsätta
604 1163 31 26 sig
650 1162 47 22 hela
712 1162 40 22 den
768 1163 77 27 nådiga
859 1163 157 26 propositionen

196 1190 7 20 i
219 1191 76 20 ämnet.
324 1190 41 26 Jag
380 1197 67 17 anser,
463 1193 31 19 att
510 1197 25 15 en
551 1193 44 19 stor
610 1190 67 22 fördel
692 1190 66 28 ligger
773 1191 50 26 deri,
839 1193 32 19 att
883 1192 69 20 denna
964 1191 52 27 peti-

196 1218 44 21 tion
262 1224 28 16 nu
310 1221 61 25 göres
386 1219 23 21 af
421 1220 120 26 ständerna,
557 1220 40 20 den
612 1220 67 21 fördel
694 1220 111 26 nämligen,
821 1222 32 19 att
867 1220 149 21 seminarierna

196 1246 139 22 tillförsäkras
350 1248 70 21 elever
435 1248 40 21 och
490 1248 60 22 äfven
567 1248 46 24 den,
628 1250 33 19 att
675 1249 130 26 småningom
818 1248 66 22 folket
900 1248 70 26 vänjer
985 1248 31 27 sig

196 1275 35 21 vid
247 1276 40 21 den
301 1276 85 26 tanken,
400 1278 31 20 att
446 1283 26 15 en
487 1276 40 22 fast
540 1276 105 22 folkskola
657 1276 47 22 med
712 1276 59 22 tiden
779 1276 56 22 inom
843 1276 174 27 församlingarna

197 1304 54 21 ändå
267 1304 66 22 måste
348 1305 85 21 komma
448 1305 32 21 till
495 1306 68 21 stånd.
588 1306 65 21 Detta
669 1307 24 19 är
707 1305 78 27 nyttigt
800 1306 39 20 och
855 1305 40 27 väl,
911 1307 32 19 att
951 1304 65 22 folket

196 1332 41 20 blir
251 1332 104 26 förtroget
370 1334 48 19 med
433 1334 41 24 det,
492 1334 38 19 och
544 1334 36 25 jag
592 1339 61 14 anser
666 1334 88 24 derföre,
765 1336 31 17 att
805 1334 83 25 mycket
896 1333 46 20 skäl
949 1333 67 20 finnes

196 1359 33 22 för
250 1362 31 19 att
302 1360 64 21 redan
387 1366 27 15 nu
429 1367 26 14 en
470 1361 65 20 sådan
550 1361 88 26 petition
654 1359 79 26 aflåtes,
750 1361 67 20 ehuru
831 1360 46 21 icke
892 1361 68 26 någon
976 1360 41 21 för-

196 1387 90 28 fattning
308 1388 42 21 kan
371 1388 84 21 komma
477 1389 31 20 till
528 1388 69 26 stånd,
612 1389 44 21 förr
668 1390 27 19 än
710 1388 52 22 först
778 1388 52 22 efter
842 1389 174 22 nästkommande

195 1416 108 28 landtdag.
319 1429 27 4 —
362 1417 32 22 En
418 1417 143 27 hufvudfräga,
584 1423 44 16 som
648 1417 37 27 jag
707 1419 38 25 gör
766 1417 32 22 till
819 1417 42 22 alla
875 1417 55 26 dem,
945 1417 72 22 hvilka

196 1447 101 20 motsätta
312 1446 31 27 sig
359 1447 64 24 detta,
438 1448 35 19 är:
490 1447 54 21 huru
558 1446 22 22 fä
590 1447 19 20 vi
620 1446 69 22 lärare
697 1446 30 22 till
737 1446 50 22 vära
794 1446 132 22 smäskolor?
950 1447 66 27 Ingen

196 1474 22 21 af
239 1474 26 22 de
287 1475 77 22 aktade
383 1475 75 26 talare,
481 1481 44 16 som
541 1475 39 22 här
595 1475 60 22 hafva
670 1475 115 22 framhällit
799 1475 182 27 nödvändigheten
996 1475 22 22 af

197 1503 117 23 smäskolor
329 1504 39 22 och
381 1506 44 20 mot
440 1504 70 22 hvilka
523 1504 36 27 jag
574 1503 18 29 ej
609 1504 38 22 har
662 1505 65 26 nägot
742 1506 32 20 att
789 1506 56 25 säga,
861 1505 63 21 hafva
935 1505 28 26 pä
975 1505 42 22 rin-
