1092 1781
320 111 160 18 Presteståndet
492 113 54 18 1877.
571 113 22 16 31
606 113 47 20 maj.
818 107 52 21 1121

79 179 54 22 fallit
152 186 26 15 ur
196 179 80 22 minnet
292 180 38 21 hos
345 179 42 28 mig
402 180 39 21 och
456 181 73 21 andra.
559 181 42 21 Det
617 183 24 19 är
656 181 71 20 derför
739 181 37 26 jag
791 181 54 27 tagit
860 180 42 26 mig

80 208 91 22 friheten
193 208 72 21 derom
281 208 67 21 väcka
362 208 66 27 fräga,
443 209 33 20 för
491 211 37 22 att,
544 209 7 21 i
566 209 101 22 händelse
682 209 45 22 icke
744 209 69 22 beslut
829 209 72 21 derom

80 236 82 25 fattats,
178 237 66 21 saken
260 237 66 21 mätte
341 239 104 24 upptagas
460 237 32 21 till
507 237 133 26 behandling.

148 304 142 26 Domprosten
311 304 139 21 Renvall:
475 305 72 26 Enligt
569 304 57 21 hvad
646 304 37 26 jag
704 305 80 20 erinrar
799 305 49 26 mig,
863 304 40 21 har

79 332 36 21 det
139 332 99 21 beslutits
260 332 46 21 icke
326 333 62 26 blott,
403 334 32 19 att
450 333 163 26 expediditions-
629 333 39 21 och
682 332 221 27 justeringsutskottet

80 367 38 20 ega
141 363 32 19 att
195 361 48 22 med
265 361 125 22 ständernas
414 363 42 19 rätt
479 363 67 20 under
561 361 206 27 landtdagsferierna
782 361 121 27 handlägga

80 390 98 26 ärenden,
200 396 45 15 som
268 389 33 22 till
318 390 61 21 dessa
401 390 83 21 utskott
508 390 125 26 hänskjutas
656 392 26 19 än
701 390 61 21 äfven
777 392 33 19 att
825 391 78 20 arvode

79 418 55 21 skall
155 419 62 20 deras
232 418 138 21 medlemmar
384 418 138 22 tillerkännas
538 420 6 20 i
560 419 67 21 likhet
642 419 48 21 med
706 419 54 21 hvad
776 419 58 21 förut
849 419 54 21 varit

79 447 60 25 fallet
154 447 54 22 efter
223 447 140 27 landtdagens
378 447 126 27 afbläsning.

149 509 110 23 Professor
280 511 161 21 Forsman:
466 510 42 22 Det
529 513 24 19 är
568 511 87 21 alldeles
671 510 74 27 riktigt
760 511 70 21 säsom
846 511 58 21 dom-

80 540 85 26 prosten
180 539 89 21 Renvall
284 540 105 24 anmärkt,
404 541 32 19 att
451 540 86 21 ständet
552 539 93 26 beslutit,
659 540 36 21 det
706 539 163 21 medlemmarne
882 540 23 20 af

80 567 140 27 expeditions-
236 568 39 20 och
289 567 221 27 justeringsutskottet
525 568 60 21 skola
600 568 87 26 fungera
701 568 68 20 under
784 574 120 15 sommaren

79 596 40 21 och
142 596 83 27 ätnjuta
240 596 78 22 arvode
334 596 33 21 för
382 596 37 22 sitt
434 596 78 26 arbete,
529 603 54 19 men,
599 597 23 21 sä
639 596 43 22 vidt
695 596 38 27 jag
747 596 42 21 kan
805 597 99 26 päminna

80 625 48 26 mig,
152 624 39 22 har
214 625 37 21 det
266 625 46 21 icke
328 625 106 25 beslutits,
450 625 80 22 hvilket
546 625 59 22 detta
620 626 77 20 arvode
713 625 68 21 skulle
797 625 34 21 bli.
862 625 43 21 Det

80 653 67 21 måste
167 654 33 20 väl
216 654 128 21 bestämmas
360 654 54 21 hvad
430 654 62 21 dessa
507 654 137 22 medlemmar
659 654 60 21 skola
734 654 83 27 åtnjuta
832 654 6 20 i
854 654 51 26 dag-

80 682 144 22 traktamente
241 683 39 21 och
295 683 55 21 huru
366 683 62 21 deras
444 683 163 21 resekostnader
621 683 62 21 skola
698 683 111 26 beräknas,
826 682 26 22 dä
868 683 36 21 det

79 713 25 19 är
119 711 81 27 troligt,
216 713 32 19 att
263 712 26 21 de
304 711 61 22 flesta
380 712 23 20 af
417 712 54 25 dem,
488 712 59 21 äfven
564 712 31 26 de,
612 718 45 14 som
672 717 78 16 annars
765 714 37 18 äro
819 711 84 21 bosatta

79 740 6 21 i
103 740 137 27 Helsingfors,
262 740 47 22 icke
330 746 33 16 om
384 746 119 16 sommaren
519 740 65 22 vistas
599 740 44 27 här,
659 740 98 21 hvarföre
773 740 26 21 de
814 740 53 21 böra
881 740 22 21 fä

79 769 47 21 sina
144 769 31 21 in-
192 769 38 21 och
246 771 84 19 utresor
345 771 87 19 ersatta.
461 770 41 26 Jag
517 770 68 21 skulle
601 769 71 21 derför
687 769 111 21 hemställa
813 768 90 22 tillstän-

80 798 37 21 det
132 810 27 3 —
175 798 34 27 jag
224 798 38 21 hör
286 798 33 21 för
341 799 131 21 närvarande
488 798 45 22 icke
549 798 32 22 till
597 798 116 26 nägotdera
729 798 111 26 utskottet,
856 803 47 15 men

79 826 101 22 tillhörde
196 827 33 21 vid
246 829 83 19 senaste
344 827 102 27 landtdag
458 826 221 28 justeringsutskottet
696 838 24 3 —
734 826 105 22 huruvida
849 826 54 25 icke,

79 856 7 20 i
103 855 67 21 likhet
192 856 48 21 med
262 855 56 21 hvad
334 856 27 20 dä
375 862 38 14 var
428 856 68 24 fallet,
511 856 164 21 medlemmarne
690 856 7 20 i
713 856 61 20 dessa
789 855 66 27 begge
870 856 34 20 ut-

80 884 59 28 skott
153 883 56 28 finge
223 884 84 28 åtnjuta
323 885 25 20 16
361 884 60 21 mark
434 885 5 20 i
454 885 183 26 dagtraktamente
648 884 33 20 för
692 884 25 21 de
729 884 66 26 dagar
806 884 25 21 de
841 883 62 21 suttit

79 913 7 21 i
102 913 83 21 utskott
207 916 66 18 samt.
283 914 62 20 deras
360 913 164 22 resekostnader
538 913 105 21 beräknas
659 913 53 21 efter
727 912 66 21 andra
808 912 95 22 klassens

78 941 171 27 jernvägsbiljett
264 941 38 22 och
319 942 13 21 2
347 941 84 22 hästars
446 942 68 26 skjuts
530 942 33 21 för
577 942 53 21 fram
647 941 39 21 och
701 941 116 21 äterresan.

148 1005 110 22 Professor
278 1005 175 22 Ehrström:
479 1006 142 26 Domprosten
643 1005 89 21 Renvall
755 1004 94 27 anförde,
872 1005 31 20 att

80 1034 70 22 beslut
173 1035 67 21 skulle
264 1035 63 20 hafva
346 1034 69 21 blifvit
429 1034 79 21 fattadt
523 1041 33 15 om
572 1034 159 27 ifrägavarande
745 1034 98 23 arvoden.
875 1032 28 22 Sä

80 1063 46 22 vidt
145 1063 37 27 jag
202 1064 42 21 kan
260 1063 69 21 erinra
344 1063 43 26 mig
401 1063 75 22 väckte
492 1064 49 21 herr
556 1063 172 21 talmannen
744 1062 34 21 vid
793 1062 60 27 fräga
869 1068 34 15 om

81 1092 62 21 dessa
161 1092 93 21 utskotts
269 1092 88 21 arbeten
372 1093 67 20 under
454 1098 119 15 sommaren
588 1092 60 21 äfven
664 1091 74 26 frägan
754 1097 34 14 om
804 1091 99 26 arvoden,

81 1127 47 15 men
151 1120 55 21 blott
221 1121 7 20 i
243 1120 117 21 allmänhet
378 1127 34 15 om
427 1121 103 21 arvodens
546 1120 167 21 tillerkännande
730 1119 23 20 ät
767 1119 62 21 deras
845 1119 58 21 med-

80 1149 94 26 lemmar,
190 1149 46 21 icke
251 1155 32 15 om
295 1149 104 21 arvodens
413 1149 82 26 belopp.
518 1144 133 26 Ätminstone
665 1148 38 21 har
715 1148 46 20 icke
772 1148 65 26 nägot
847 1148 56 20 med-

55 1199 4 4 .
80 1177 91 22 delande
186 1178 6 21 i
208 1177 64 22 saken
288 1177 90 22 kommit
393 1177 237 27 expeditionsutskottet
646 1176 32 22 till
695 1176 74 21 handa.

150 1239 89 22 Prosten
262 1240 168 21 Johnsson:
453 1239 40 28 Jag
514 1242 51 24 tror,
588 1241 32 20 att
643 1239 84 21 ståndet
747 1238 46 22 icke
809 1238 94 27 beslutit,

82 1268 70 22 hvilka
168 1269 68 21 medel
252 1269 60 21 skola
327 1269 107 21 användas
449 1269 32 21 till
496 1269 92 26 atlöning
603 1268 23 21 af
638 1268 145 21 ledamöterne
797 1267 8 20 i
820 1267 83 27 expedi-

81 1298 66 21 tions-
166 1297 38 22 och
218 1297 232 27 justeringsutskotten.
481 1297 84 27 Frägan
579 1297 40 21 har
634 1296 51 22 visst
699 1296 103 21 förevarit
816 1295 7 21 i
839 1298 65 19 stats-

81 1326 106 21 utskottet
209 1326 39 21 och
271 1327 37 21 der
324 1327 120 20 bestämdes
459 1333 75 20 genom
550 1325 137 27 omröstning,
703 1327 32 19 att
750 1325 106 21 arvodena
871 1325 33 21 för

81 1355 62 21 dessa
158 1355 212 21 utskottsledamöter
385 1355 45 21 icke
446 1355 68 21 skulle
529 1355 51 26 utgå
592 1361 25 14 ur
630 1354 105 21 allmänna
745 1353 76 22 medel.
842 1353 62 21 Stän-

82 1384 36 21 det
133 1384 68 21 måste
216 1384 55 21 altså
286 1389 50 16 vara
351 1383 87 22 betänkt
454 1383 27 27 pä
496 1385 32 20 att
542 1383 49 22 med
606 1383 67 21 andra
685 1382 68 22 medel
763 1381 70 22 aflöna
843 1382 62 21 dessa

82 1412 124 21 ledamöter.
237 1412 68 21 Förut
326 1412 28 21 ha
376 1412 144 20 arkivmedlen
535 1411 104 21 användts
655 1411 76 22 härtill,
747 1417 48 13 men
809 1410 8 20 i
832 1410 72 20 anled-

82 1440 50 26 ning
146 1440 24 21 af
182 1440 118 26 gärdagens
315 1440 119 21 diskussion
450 1440 80 20 tilläter
540 1440 37 26 jag
586 1438 43 26 mig
642 1439 67 20 väcka
718 1438 60 26 fräga
789 1444 40 19 om,
841 1438 63 20 huru-

82 1468 50 21 vida
147 1468 62 21 dessa
224 1468 69 22 medel
308 1468 72 22 härför
395 1468 69 21 skolla
475 1471 59 23 tagas
544 1468 7 21 i
561 1466 100 27 anspräk.
686 1466 42 22 För
742 1466 43 22 min
798 1466 33 22 del
842 1472 63 15 anser

80 1497 44 27 jag,
147 1498 33 20 att
202 1496 84 23 ständet
302 1498 56 20 ännu
373 1496 45 22 icke
434 1496 63 22 fattat
512 1496 65 28 nägot
592 1495 103 22 definitivt
710 1495 71 22 beslut
795 1494 109 28 angäende
