1086 1803
202 124 44 32 1798
427 132 160 17 Presteståndet
599 132 54 17 1877.
677 132 24 16 18
713 132 47 20 maj.

177 200 49 21 linie
248 200 95 26 begagna
365 206 81 15 samma
468 199 175 27 beräkningssätt,
660 206 43 14 som
719 200 111 26 utskottet,
846 206 47 14 men
908 199 88 21 kommit

179 228 30 21 till
225 228 44 22 helt
284 228 66 21 andra
365 228 94 21 resultat.
484 228 11 21 I
510 228 69 21 stället
595 228 32 22 för
641 230 32 20 att
689 228 27 27 på
729 228 73 26 hvarje
817 229 57 20 verst
886 227 21 21 af
916 228 81 21 banans

177 257 64 27 längd
256 257 6 21 i
279 256 97 22 medeltal
399 256 66 22 borde
487 257 84 21 komma
593 258 56 20 inom
665 256 92 27 Viborgs
773 257 33 21 län
824 257 52 21 1021
894 256 101 22 tunnland

177 286 52 21 åker
248 285 39 22 och
302 286 104 26 åkerjord,
423 286 84 23 hvilket,
524 286 25 21 då
565 292 48 15 man
629 286 110 21 reducerar
755 286 35 21 det
805 286 48 21 med
871 286 30 25 10,
917 286 32 20 för
965 288 31 18 att

178 314 21 22 få
218 314 71 22 siffran
308 314 31 21 för
355 320 25 16 en
396 314 151 27 qvadratverst,
563 314 68 22 skulle
645 314 56 27 gifva
717 315 26 20 10
759 314 102 22 tunnland
876 315 27 25 på
919 314 76 26 hvarje,

178 344 23 21 så
211 349 37 20 ger
260 344 34 20 det
305 343 74 21 endast
390 343 11 19 7
412 344 68 20 såsom
493 343 98 22 medeltal
602 344 38 20 och
652 344 67 20 denna
729 343 57 21 siffra
797 344 12 19 7
820 344 68 20 såsom
898 342 98 22 medeltal

178 374 24 19 är
224 373 31 20 ett
270 371 36 27 tal,
322 377 52 20 som,
390 377 34 15 om
440 371 35 22 det
488 371 98 27 jemföres
602 372 46 21 med
665 371 121 22 medeltalet
800 371 33 21 för
848 371 66 22 andra
929 371 66 25 linier,

179 403 23 19 är
217 402 130 25 gemensamt
362 400 32 21 för
408 400 63 21 linien
487 400 214 26 Davidstad—Wasa,
717 401 75 21 medan
808 400 70 21 siffran
889 400 32 21 för
932 399 64 22 andra

179 429 61 21 linier
255 430 6 20 i
276 431 83 19 vestern
382 429 65 26 gifver
470 431 30 19 ett
521 429 94 26 resultat,
638 435 45 15 som
706 431 23 18 är
747 428 47 22 vida
810 429 64 26 högre
890 431 25 19 än
932 430 64 20 detta.

178 458 41 26 Jag
234 458 35 21 vill
284 457 45 22 icke
345 457 111 27 uppehålla
471 457 43 26 mig
529 458 33 20 vid
575 459 61 20 dessa
647 457 103 22 olikheter
761 457 39 22 och
811 457 90 21 faktiska
911 457 85 27 origtig-

179 486 67 25 heter,
261 492 45 15 som
322 485 87 22 sålunda
425 487 26 25 på
466 485 68 27 grund
546 486 23 21 af
579 487 35 21 det
625 485 123 27 bristfälliga
759 485 118 22 materialet
888 486 39 21 och
938 485 60 22 äfven

179 514 31 22 till
226 521 26 14 en
268 515 33 21 del
316 515 27 26 på
357 514 68 27 grund
440 515 22 20 af
476 515 217 26 uppställningssättet
711 514 85 27 framgå.
823 515 42 21 Det
877 514 60 21 torde
949 521 49 14 vara

179 549 43 22 nog
244 545 31 20 att
298 543 61 22 dessa
379 543 145 21 förhållanden
545 543 102 27 påpekats
667 543 32 21 för
714 545 30 19 att
760 543 135 26 ådagalägga,
911 545 32 19 att
958 543 40 22 den

179 572 109 27 grundval,
311 578 45 14 som
378 578 48 14 man
447 572 104 27 begagnat
567 572 32 21 för
613 572 141 27 upprättande
770 571 22 21 af
805 572 73 26 sjelfva
892 571 105 27 jernvägs-

180 603 100 25 systemet
295 600 50 22 eller
361 600 73 26 planen
451 600 32 21 för
498 600 47 21 hela
557 601 164 26 jernvägsnätet,
732 602 24 18 är
766 600 128 26 otillräcklig
904 600 39 21 och
953 600 47 22 icke

180 629 65 27 gifver
260 630 64 26 något
336 628 108 24 bestämdt
459 636 48 14 svar
522 629 33 27 på,
573 629 82 21 hvilken
671 629 48 21 linie
735 628 67 22 skulle
818 628 60 22 hafva
894 629 104 21 företräde

180 658 86 21 framför
282 658 71 20 andra.
379 657 68 21 Häraf
460 658 58 21 ledes
531 658 36 26 jag
583 658 31 21 till
630 664 80 14 samma
725 657 94 25 resultat,
830 664 45 14 som
884 657 50 21 flere
945 657 53 22 före-

180 686 82 27 gående
277 686 72 24 talare,
366 688 32 18 att
413 686 112 22 ständerna
540 692 27 15 nu
583 687 45 21 icke
641 686 64 21 borde
721 686 52 20 fatta
789 687 63 25 något
868 686 69 21 beslut
953 686 47 22 med

181 715 97 21 afseende
293 716 13 19 å
322 714 46 21 hela
381 714 158 26 jernvägsnätet
553 717 50 18 utan
620 715 127 21 öfverlämna
763 714 58 21 detta
836 715 22 20 åt
873 721 25 14 en
909 714 22 21 af
940 721 59 20 rege-

180 743 72 27 ringen
264 743 82 21 nedsatt
357 743 135 20 kommission
504 743 113 21 bestående
628 743 44 21 dels
683 743 22 21 af
715 743 76 20 teknici
803 743 44 21 dels
858 743 23 20 af
888 742 110 22 affärsmän

180 778 45 15 som
245 771 70 21 kunde
329 770 123 27 utförligare
468 771 38 21 och
521 771 46 21 med
584 777 57 16 mera
656 771 56 26 lugn,
728 773 25 19 än
770 771 35 21 det
821 777 36 15 var
873 771 80 26 möjligt
969 771 31 21 för

178 800 209 27 jernvägsutskottet,
404 799 66 22 under
486 800 67 21 denna
568 799 62 22 korta
645 800 30 21 tid
691 802 51 24 göra
757 799 43 22 alla
809 799 142 27 beräkningar
961 800 38 21 och

180 828 88 22 sålunda
283 828 33 21 för
330 828 112 21 ständerna
458 828 114 27 framlägga
588 831 31 18 ett
634 829 104 27 praktiskt
754 829 107 26 underlag,
877 835 44 14 som
933 828 67 22 skulle

181 857 47 22 leda
244 858 46 21 dem
306 857 32 21 till
353 859 31 18 ett
399 857 86 21 säkrare
500 857 94 26 resultat,
611 859 26 20 än
653 863 27 15 nu
695 859 24 20 är
734 857 64 21 fallet.
824 857 39 27 Jag
879 857 34 21 vill
926 863 74 16 senare

180 885 118 22 förbehålla
313 886 42 26 mig
370 887 42 20 rätt
428 887 32 20 att
474 888 57 24 yttra
546 886 41 26 mig
603 892 33 15 om
653 885 40 22 den
709 886 59 21 delen
784 885 22 22 af
820 888 30 19 ett
865 885 33 22 för
910 885 90 22 Finland

181 915 131 27 uppkastadt
326 916 77 25 system
419 914 32 21 för
464 914 117 27 jernvägar,
597 921 45 15 som
657 921 29 14 nu
700 914 88 22 föreslås
803 914 32 21 till
850 915 117 21 utförande.

249 971 111 22 Professor
401 978 130 15 Forsman:
556 972 42 21 Det
613 972 38 21 har
667 973 64 20 redan
747 972 68 21 blifvit
830 972 126 27 framhållet,
969 974 32 19 att

182 1000 202 27 meningsolikheten
399 1001 55 20 inom
471 1001 103 21 utskottet
589 1000 38 21 har
642 1000 53 22 varit
710 1001 24 20 så
748 1003 51 24 stor,
815 1003 31 19 att
862 1002 36 19 det
913 1000 89 23 resultat

181 1029 32 22 till
236 1029 80 21 hvilket
337 1030 105 21 utskottet
464 1029 88 21 kommit
573 1029 48 21 med
644 1029 98 22 afseende
756 1031 13 19 å
785 1029 215 27 bansträckningarna

181 1058 67 20 måste
272 1057 31 21 till
325 1064 26 14 en
375 1057 33 21 del
424 1063 60 15 anses
500 1058 68 20 såsom
584 1063 25 15 en
625 1064 36 14 ren
678 1057 132 26 tillfällighet.
841 1058 82 21 Endast
938 1057 63 21 linien

181 1085 117 22 Davidstad
321 1085 57 22 öfver
393 1085 31 21 S:t
440 1085 75 21 Michel
532 1085 37 22 och
585 1085 113 28 Jyväskylä
713 1085 31 22 till
760 1085 133 22 Nikolaistad
908 1086 71 27 tyckes
994 1086 6 20 i

182 1114 117 21 allmänhet
320 1115 54 20 varit
397 1115 98 26 temligen
518 1113 87 22 allmänt
627 1117 89 24 antagen
736 1114 105 21 äfvensom
857 1117 31 19 ett
903 1115 98 25 temligen

182 1142 101 28 enhälligt
305 1143 108 21 uttalande
435 1143 89 26 afgifvits
547 1149 32 15 om
603 1149 26 15 en
647 1143 49 21 linie
711 1143 45 21 från
772 1143 140 22 Tammerfors
928 1146 73 19 norrut

182 1173 100 26 antingen
298 1173 57 20 öster
370 1172 50 21 eller
435 1174 70 19 vester
520 1178 33 15 om
569 1171 103 27 Näsijärvi
688 1171 36 27 sjö.
751 1172 48 21 Men
812 1172 27 21 då
849 1172 58 27 fråga
918 1171 44 22 blef
971 1174 31 19 att

182 1200 119 21 sedermera
316 1200 98 21 fortsätta
427 1200 157 26 jernvägsnätet
599 1199 32 22 för
644 1202 32 19 att
689 1201 83 20 komma
782 1200 32 21 till
824 1201 107 26 Uleåborg
941 1201 61 20 hafva

182 1229 112 26 åsigterna,
316 1228 68 21 såsom
407 1229 108 26 naturligt,
537 1229 54 21 varit
613 1229 82 27 mycket
710 1229 149 27 divergerande
875 1229 39 22 och
929 1229 73 22 betän-

182 1257 90 22 kandets
294 1257 78 26 förslag
393 1258 72 27 tyckes
487 1257 62 22 hafva
571 1257 124 22 tillkommit
710 1264 57 14 mera
781 1264 75 21 genom
872 1265 25 14 en
913 1258 89 27 tillfällig

182 1285 195 27 sammanställning
399 1285 21 22 af
442 1286 56 21 olika
520 1285 83 27 förslag.
633 1286 10 21 I
657 1287 95 26 grunden
775 1289 23 18 är
822 1287 34 20 det
878 1287 33 21 väl
927 1289 75 19 tvänne

182 1314 171 27 åskådningssätt
375 1321 45 14 som
443 1315 38 20 här
503 1314 61 21 hafva
583 1315 49 21 sökt
652 1317 51 24 göra
725 1315 32 26 sig
778 1315 105 26 gällande,
906 1315 36 21 det
964 1321 38 16 ena

182 1345 32 18 att
230 1343 69 20 banan
314 1343 65 20 borde
395 1344 75 23 dragas
485 1343 72 20 utmed
572 1343 82 25 kusten,
671 1343 36 20 der
722 1343 148 25 befolkningen
885 1344 6 19 i
906 1344 96 20 afseende

182 1371 14 20 å
210 1370 27 21 de
251 1369 57 22 förut
324 1370 131 21 existerande
471 1370 70 21 bättre
556 1370 206 21 kommunikationer
784 1373 37 18 äro
844 1371 107 26 talrikare,
968 1371 35 21 det

183 1398 66 21 andra
271 1399 52 26 åter,
347 1400 31 19 att
400 1404 48 15 man
469 1399 17 26 ej
504 1397 63 22 borde
583 1398 121 22 konkurera
719 1399 47 21 med
782 1399 147 22 förutvarande
945 1399 57 22 kom-

182 1427 209 27 munikationslinier,
413 1430 51 18 utan
486 1427 52 27 söka
559 1427 31 26 sig
611 1427 68 26 någon
696 1433 68 15 annan
780 1430 39 24 väg
834 1427 31 21 till
882 1428 74 21 målets
971 1434 31 15 er-

182 1455 88 22 nående.
300 1450 88 33 Åsigten
410 1462 34 15 om
464 1456 38 21 den
519 1456 170 21 Österbottniska
704 1456 119 22 kustbanan
840 1457 70 27 tyckes
926 1456 6 22 i
945 1457 58 27 jern-

183 1484 155 27 vägsutskottet
360 1484 62 22 hafva
442 1484 88 22 kommit
552 1484 32 22 till
606 1484 73 26 korta;
710 1485 40 21 den
773 1485 113 22 återfinnes
908 1486 95 28 endast
991 1480 15 38 i

182 1514 70 26 någon
274 1513 22 22 af
313 1514 185 21 reservationerne.
528 1514 8 21 I
553 1513 47 22 dess
622 1513 61 22 ställe
706 1514 38 22 har
767 1520 25 15 en
815 1521 68 15 annan
899 1514 104 23 kustbana

182 1542 55 21 varit
259 1542 121 27 lyckligare,
402 1542 104 27 nämligen
530 1542 118 21 kustbanan
671 1542 46 21 från
734 1543 30 22 S:t
780 1543 76 22 Michel
872 1544 31 21 till
919 1544 83 27 Kuopio
