1084 1806
223 122 41 20 704
439 126 159 18 Presteständet
611 128 54 16 1877.
688 128 13 16 4
712 126 47 22 maj.

193 194 108 27 härflyter.
331 195 40 25 Jag
394 195 120 21 hemställer
532 195 75 27 derför,
623 201 33 15 om
671 195 46 21 icke
733 195 38 21 här
787 194 51 22 eller
853 195 27 26 pä
894 194 65 27 nägot
975 201 35 14 an-

194 225 37 19 nat
253 222 96 27 lämpligt
371 223 61 21 ställe
456 224 66 20 borde
541 224 49 26 ingå
610 230 25 15 en
652 224 136 26 bestämning,
804 226 32 18 att
850 223 160 27 presterskapet

194 251 69 21 blefve
284 252 150 20 underrättadt
456 258 32 15 om
510 252 23 21 af
551 253 161 25 guvernörens
705 247 12 36 i
729 252 161 21 lösdrifverimä]
906 251 57 22 fälda
978 254 32 19 ut-

194 281 51 26 slag,
261 286 44 15 som
328 280 133 26 naturligtvis
477 281 68 21 skulle
559 281 28 26 gä
601 281 31 21 till
648 281 40 21 den
703 280 129 28 församling,
848 281 38 21 der
901 281 109 21 lösdrifva-

194 315 36 15 ren
253 310 24 20 är
298 309 153 27 kyrkskrifven.
482 309 58 22 Bäde
562 310 52 21 hans
629 310 104 26 själavärd
749 310 38 21 och
803 309 88 21 framför
906 310 38 20 allt
958 310 53 20 hans

193 338 79 21 sociala
294 338 100 24 ställning
415 338 88 27 fordrar,
524 340 32 19 att
571 338 156 28 presterskapet
742 338 39 21 har
795 338 119 22 kännedom
930 345 33 15 om
979 339 32 21 sä-

194 367 55 19 dana
270 366 152 21 förhållanden.
452 366 32 22 De
506 367 65 21 verka
592 367 132 26 naturligtvis
748 367 64 21 också
833 367 28 27 pä
883 367 53 21 hans
951 367 59 27 frejd.

193 394 125 27 Isynnerhet
333 401 34 15 om
383 401 25 15 en
423 395 92 27 följande
531 396 131 26 bestämning
677 398 32 19 att
724 396 42 20 han
781 396 45 21 icke
842 396 32 21 får
889 396 61 27 flytta
964 396 46 21 från

193 424 150 26 församlingen
366 424 56 21 inom
445 426 31 20 tre
499 425 25 21 är
544 424 53 22 efter
619 425 108 21 utständet
749 424 60 22 straff
826 425 128 26 godkännes,
971 425 40 21 kan

193 453 159 26 presterskapet
376 453 46 20 icke
446 453 75 21 hindra
547 459 24 15 en
594 453 65 22 sådan
681 453 98 27 flyttning
800 459 76 21 genom
898 455 77 25 vägran
991 454 23 21 af

193 481 179 27 flyttningsbetyg,
395 487 32 16 om
450 482 36 21 det
508 482 46 21 icke
577 482 38 21 har
634 483 117 20 kännedom
767 488 33 15 om
817 483 53 20 hans
885 482 126 27 föregående

193 510 153 21 förhållanden.
371 510 41 21 Det
427 511 70 21 kunde
512 511 51 20 visst
577 511 108 26 invändas,
699 513 33 19 att
747 511 36 21 det
797 511 61 21 faller
872 511 23 21 af
908 512 32 26 sig
949 511 62 27 sjelft,

194 541 32 18 att
241 539 157 26 presterskapet
418 539 71 21 derom
505 539 54 22 skall
575 540 21 21 få
611 540 160 23 underrättelse,
786 546 46 15 men
847 540 37 27 jag
898 542 46 19 tror
959 540 52 25 icke,

194 569 33 19 att
242 567 35 21 det
291 567 62 22 faller
369 567 21 21 af
404 568 31 26 sig
450 568 62 27 sjelft,
528 569 87 20 emedan
631 569 32 20 för
679 569 131 20 närvarande
826 571 32 18 ett
872 571 54 19 stort
937 569 75 21 trassel

195 595 38 22 och
255 598 58 19 stora
336 597 75 20 oredor
434 603 39 20 ega
495 603 45 14 rum
564 597 47 21 med
636 597 112 27 anledning
764 597 22 21 af
799 599 32 19 att
846 604 48 15 man
910 598 45 21 icke
970 600 41 23 vet,

193 625 72 20 hvilka
287 625 23 20 af
330 627 131 24 guvernören
483 625 67 22 blifvit
565 626 99 21 skickade
679 629 15 18 t.
710 633 30 14 ex.
758 627 31 20 till
805 626 108 27 spinnhus.
945 627 67 20 Hvart

195 653 25 21 de
243 653 62 21 hafva
327 655 53 25 tagit
401 656 65 24 vägen
490 654 45 21 från
558 655 149 26 församlingen
725 657 24 19 är
765 655 44 20 ofta
824 655 86 21 alldeles
926 655 85 23 okändt,

195 681 28 22 Så
244 682 83 21 skickas
349 683 26 20 de
399 683 90 21 derifrån
511 683 89 21 tillbaka
623 683 38 21 och
681 683 61 22 deras
757 683 134 27 förpassning
906 683 107 22 drunknar

195 711 110 26 vanligtvis
321 711 38 21 hos
377 712 209 25 guvernörsembetet
601 712 51 21 eller
667 712 38 21 hos
720 712 144 24 länsmannen,
880 713 24 20 så
919 715 32 18 att
966 719 45 20 pre-

196 740 124 27 sterskapet,
337 740 121 27 isynnerhet
472 741 7 20 i
494 743 59 19 stora
568 741 153 26 församlingar,
736 741 47 21 icke
799 741 39 21 har
852 741 52 22 reda
914 742 27 26 på
951 741 62 22 dessa

197 769 151 26 spinnhushjon
365 769 38 20 och
420 769 61 21 deras
496 769 153 22 förhållanden.
671 769 42 22 Det
728 769 66 22 finnes
810 770 63 21 också
888 770 42 27 mig
945 773 67 18 veter-

195 797 55 26 ligen
273 797 46 21 icke
343 797 68 26 någon
434 798 129 27 författning,
587 805 45 14 som
647 798 135 21 föreskrifver
796 801 131 24 guvernören
944 799 68 21 såsom

196 825 91 22 domstol
309 827 32 20 att
363 826 68 21 lemna
453 827 83 26 uppgift
558 833 33 15 om
611 827 79 21 sådana
705 827 96 21 sakfälda
816 833 100 21 personer
932 827 38 22 och
986 827 27 21 då

196 854 68 21 denna
285 854 125 27 författning
432 856 60 20 torde
514 855 86 22 komma
621 857 32 20 att
675 855 64 22 verka
761 856 125 27 alvarligare
908 858 26 19 än
949 856 63 26 förut,

195 882 65 22 borde
275 883 157 27 presterskapet
451 884 23 21 så
489 884 83 27 mycket
588 890 44 15 mer
647 884 62 21 hafva
724 885 118 21 kännedom
858 891 33 14 om
908 885 105 27 utgången

195 911 22 22 af
230 911 136 22 lösdrifvares
381 912 127 27 behandling
523 913 35 20 vid
573 913 214 27 guvernörsembetet.
869 915 3 2 |

263 969 83 21 Doktor
369 969 177 27 Hornborg:
575 970 40 26 Jag
637 970 40 21 har
698 970 46 21 icke
767 977 81 14 samma
869 971 120 20 erfarenhet
1007 971 6 20 i

195 997 60 21 detta
269 997 36 21 fall
321 1004 45 14 som
382 997 76 22 doktor
472 998 85 26 Bergh
551 993 9 36 ;
571 998 36 27 jag
623 998 38 21 har
676 998 5 21 i
698 998 104 21 hvardera
817 999 23 20 af
854 999 25 21 de
895 999 118 21 församlin-

194 1032 44 20 gar,
253 1032 44 15 som
311 1026 36 27 jag
363 1026 99 27 betjenat,
473 1026 74 22 erfarit
557 1029 32 19 att
599 1027 46 21 frän
655 1027 266 22 korrektionsanstalterna
930 1028 83 27 mycket

195 1054 77 22 snabbt
294 1055 95 21 kommer
410 1055 59 21 säväl
492 1056 155 21 underrättelse
665 1062 33 15 om
714 1058 32 19 att
762 1056 82 21 straffet
859 1058 23 19 är
898 1056 115 28 utständet,

194 1089 45 15 som
261 1083 61 22 äfven
338 1084 124 26 prestbevis,
478 1085 116 21 utredande
609 1085 55 21 huru
679 1085 179 21 korrektionisten
873 1086 68 20 under
955 1086 57 21 tiden

195 1112 94 22 förhällit
309 1114 37 25 sig.
376 1112 84 22 Sådana
474 1113 58 21 bevis
547 1114 64 20 hafva
625 1114 67 26 aldrig
708 1113 112 25 uteblifvit,
836 1114 18 26 ej
870 1114 66 21 heller
951 1114 62 22 hafva

195 1141 26 20 de
243 1141 62 27 dröjt.
335 1141 39 21 Om
399 1142 141 21 förhällandet
563 1142 70 22 derför
656 1144 24 19 är
698 1143 133 21 annorlunda
845 1144 7 20 i
868 1142 107 28 Uleäborg
989 1145 24 19 är

195 1169 59 21 detta
268 1170 71 26 nägot,
355 1176 45 15 som
412 1170 37 27 jag
464 1170 46 22 icke
525 1170 45 22 haft
585 1171 117 21 kännedom
719 1177 41 15 om.

263 1227 141 27 Domprosten
419 1228 89 26 Borg:
529 1228 41 27 Jag
585 1228 35 21 vill
635 1228 33 22 för
682 1228 62 27 ingen
760 1228 34 22 del
810 1229 94 21 bestrida
918 1229 95 27 betydel-

195 1262 36 14 sen
246 1256 23 21 af
282 1256 55 21 hvad
353 1256 77 22 doktor
444 1256 69 27 Bergh
528 1256 39 22 har
583 1258 79 20 erinrat
677 1263 41 21 om,
734 1264 48 14 men
796 1258 68 21 skulle
880 1264 51 15 anse
945 1260 32 18 att
992 1258 21 21 vi

193 1285 28 25 gå
242 1284 83 22 utöfver
347 1285 73 27 sjelfva
442 1285 80 27 frågan,
546 1286 26 21 dä
594 1286 20 21 vi
636 1286 85 21 komma
736 1286 31 21 till
783 1286 80 22 sådana
878 1287 74 26 tillägg
967 1292 45 16 som

194 1316 14 18 t.
232 1320 31 15 ex.
286 1314 73 26 frägan
382 1320 33 14 om
438 1314 154 22 underrättelse
615 1314 31 21 till
669 1315 158 26 presterskapet
841 1316 7 20 i
863 1315 149 26 församlingen

193 1342 46 20 frän
261 1343 208 25 guvernörsembetet
490 1343 8 19 i
520 1343 139 21 förevarande
679 1343 41 20 fall.
750 1344 174 25 Propositionens
939 1344 73 20 rubrik

193 1370 59 26 lyder
275 1370 122 26 ,,angäende
418 1370 123 21 lösdrifvare
563 1371 39 20 och
618 1370 61 22 deras
694 1370 140 27 behandling"
851 1371 39 21 och
906 1371 31 21 till
953 1372 59 20 detta

193 1399 61 19 ämne
275 1398 68 21 häller
364 1398 40 21 den
419 1398 31 26 sig
465 1399 7 19 i
487 1398 73 26 hvarje
575 1399 32 20 sin
623 1399 103 26 paragraf.
756 1399 59 21 Mera
829 1399 47 21 skäl
891 1400 70 20 kunde
976 1400 36 20 det

190 1426 25 27 ju
236 1432 51 16 vara
309 1428 32 20 att
363 1433 26 15 en
413 1426 133 27 bestämning
561 1426 74 22 funnes
650 1434 33 14 om
698 1427 120 27 skyldighet
833 1428 33 21 för
881 1430 130 24 guvernören

193 1457 32 19 att
247 1456 125 21 underrätta
393 1456 226 21 kommunalnämnden
643 1462 33 16 om
698 1456 106 27 utgången
826 1457 22 21 af
862 1457 40 21 den
917 1457 94 27 angifnes

192 1484 39 21 sak
252 1484 39 22 hos
309 1486 137 26 guvernören.
476 1484 54 28 Men,
546 1484 69 22 säsom
631 1485 67 27 sagdt,
711 1485 37 27 jag
763 1486 67 21 mäste
845 1492 50 16 anse
910 1486 36 22 det
960 1492 51 16 vara

192 1513 123 27 tillräckligt
329 1515 33 19 att
377 1513 148 22 lösdrifvarens
540 1514 117 26 prestbevis
673 1514 60 27 följer
748 1515 54 25 med,
817 1515 27 21 dä
859 1515 42 21 han
912 1516 98 21 insändes
