1089 1786
205 110 41 21 926
416 114 158 19 Presteståndet
587 115 53 17 1877.
665 115 27 16 24
703 115 47 18 mai.

176 183 23 21 af
219 183 66 21 andra
307 182 152 26 förhållanden,
474 185 27 18 än
516 183 83 26 kursen,
616 183 19 21 d.
652 189 17 14 v.
686 189 16 14 s.
718 183 22 20 af
754 182 185 27 konjunkturerna,
956 182 38 21 och

176 217 34 15 om
226 217 47 14 man
289 211 68 21 skulle
373 211 47 25 vilja
435 211 98 21 fasthålla
549 211 38 20 den
602 211 118 26 grundsats,
734 217 44 15 som
792 210 21 21 af
824 213 85 24 prosten
919 210 76 21 Johns-

175 245 39 15 son
229 239 131 26 framhållits,
376 241 32 19 att
422 240 104 25 nämligen
541 239 127 26 gäldenären
684 239 58 21 alltid
758 239 66 21 borde
835 239 71 21 betala
916 245 80 15 samma

176 268 71 26 värde,
263 274 44 15 som
324 268 41 21 han
376 267 90 26 erhållit,
480 267 66 22 skulle
558 268 57 21 detta
627 267 63 22 blifva
700 274 26 15 en
740 267 122 27 omöjlighet
872 270 32 19 att
914 267 81 26 utreda,

176 297 89 21 emedan
280 302 47 15 man
343 299 31 18 ett
389 297 23 20 år
428 297 66 25 köper
508 297 32 21 för
554 299 61 19 tusen
631 297 59 20 mark
706 297 23 20 så
745 297 39 20 och
796 297 24 20 så
832 297 82 26 mycket
927 302 69 20 varor,

175 331 48 15 men
239 327 29 19 ett
284 324 92 27 följande
391 325 23 21 år
430 325 40 21 kan
486 326 36 20 det
537 325 75 26 hända,
628 327 32 19 att
670 331 48 15 man
730 324 33 22 för
773 331 80 15 samma
864 327 60 19 tusen
936 324 60 22 mark

176 353 18 26 ej
216 354 43 21 kan
280 353 57 27 köpa
359 360 79 15 samma
460 356 100 24 qvantum
576 360 67 15 varor.
674 353 86 22 Således
775 356 23 18 är
813 353 7 21 i
835 353 72 27 sjelfva
922 353 75 21 verket

177 382 35 20 det
234 382 94 26 omöjligt
350 384 32 19 att
403 383 145 21 åstadkomma
570 388 25 15 en
618 382 82 21 absolut
720 383 88 21 rättvisa
824 382 50 21 eller
890 388 24 16 en
930 382 66 22 sådan

175 411 96 23 rättvisa,
294 412 32 19 att
349 411 17 25 ej
389 410 127 26 gäldenären
538 410 51 22 eller
610 410 128 27 långifvaren
754 411 60 21 alltid
830 410 66 22 skulle
912 411 85 21 komma

177 441 31 19 att
230 439 62 21 vinna
307 438 51 22 eller
373 439 42 21 lida
431 440 70 24 något,
517 440 39 20 och
572 439 27 21 då
614 440 23 20 så
652 438 100 22 förhåller
766 440 37 26 sig,
820 445 61 21 synes
897 439 35 21 det
947 438 49 27 mig,

176 468 70 20 såsom
265 467 60 22 äfven
347 470 86 24 prosten
455 467 105 22 Johnsson
583 468 67 21 skulle
672 468 71 20 kunna
766 468 47 21 med
835 468 51 26 godt
901 470 94 19 samvete

175 495 74 22 förena
263 496 32 26 sig
310 496 47 21 med
373 496 35 21 det
424 496 66 26 öfriga
504 496 84 22 ståndet
602 496 7 21 i
624 496 98 22 afseende
732 497 12 20 å
757 496 168 27 propositionens
936 498 61 20 anta-

175 525 69 26 gande
259 527 51 19 utan
325 526 69 25 någon
408 525 128 27 förändring.

244 582 90 21 Prosten
349 582 154 21 Johnsson:
527 583 32 20 Då
573 582 35 27 jag
624 588 40 20 ser,
680 584 31 19 att
724 582 36 26 jag
776 582 17 27 ej
810 582 39 21 har
859 582 64 27 något
937 582 60 21 med-

176 610 43 22 håll
244 611 6 20 i
273 610 35 22 det
330 610 130 28 högvördiga
482 611 83 22 ståndet
586 611 35 20 vill
641 611 36 27 jag
700 611 18 27 ej
734 611 66 21 heller
816 611 66 22 envist
898 611 56 21 hålla
969 611 28 27 på

175 639 56 22 hvad
244 640 36 26 jag
295 639 78 26 anfört;
390 646 46 15 men
452 639 36 22 vill
503 642 55 19 ännu
573 646 93 21 upprepa
682 642 36 25 att,
735 640 26 21 då
776 640 42 21 alla
828 640 67 22 talare
906 642 89 19 enstäm-

176 669 53 25 migt
244 668 63 21 hafva
322 668 280 27 medgifvit,
452 664 35 35 att
498 664 27 35 en
539 664 67 35 sådan
618 669 216 26 konvertering,
790 664 42 35 som
850 669 47 25 den,
913 668 83 22 hvilken

176 697 39 21 här
231 699 23 19 är
269 697 58 26 fråga
343 703 40 18 om,
400 697 16 26 ej
433 698 41 20 kan
489 698 91 26 försiggå
596 699 49 20 utan
661 698 99 21 förluster
776 697 38 22 och
830 700 31 19 att
877 697 16 26 ej
908 698 88 21 rättvisa

176 725 7 21 i
205 725 42 21 alla
269 726 59 21 delar
348 726 41 20 kan
408 726 43 25 ske,
475 726 72 27 tycker
559 727 42 26 jag,
618 728 31 19 att
664 733 47 14 man
728 726 54 21 hade
798 726 47 21 bort
860 732 58 15 mera
933 726 63 21 hafva

176 754 98 21 afseende
297 755 27 26 på
347 754 40 21 den
410 755 188 26 omständigheten,
621 757 31 18 att
675 755 17 26 ej
718 755 134 26 gäldenären,
868 758 50 17 utan
934 754 62 21 äfven

176 783 132 25 borgenären
331 783 66 20 skulle
419 782 63 22 blifva
504 783 89 21 lidande.
624 783 49 21 Man
694 783 38 21 har
748 783 121 26 framhållit,
885 784 55 20 huru
956 784 40 19 för-

177 811 114 27 skräckligt
305 811 61 21 svåra
381 811 103 26 följderna
499 811 66 21 skulle
582 812 68 27 blifva,
666 818 34 14 om
710 811 131 27 borgenären
851 811 68 22 skulle
933 811 64 22 blifva

176 839 91 22 lidande.
298 839 48 22 Men
366 839 37 27 jag
427 843 51 23 tror,
501 843 31 18 att
554 847 80 14 samma
656 839 150 28 förskräckliga
822 840 74 27 följder
912 840 84 21 komma

176 871 33 19 att
224 874 38 20 ega
277 875 53 19 rum,
347 875 33 15 om
397 868 127 26 gäldenären
540 869 66 21 blefve
622 869 88 22 lidande.
742 869 49 22 Men
807 869 25 21 de
848 871 36 19 äro
900 875 52 15 vane
964 871 33 19 att

175 896 50 22 lida.
254 896 40 27 Jag
316 896 94 26 menade,
434 897 26 21 då
472 898 38 26 jag
524 898 90 21 nämnde
629 904 41 18 om,
686 899 31 19 att
730 898 36 26 jag
781 903 62 15 anser
858 897 140 27 gäldenärens

177 926 38 21 sak
238 925 63 21 också
320 926 51 21 böra
387 925 111 27 behjertas,
514 926 17 26 ej
548 926 78 21 sådane
641 926 130 26 gäldenärer,
787 932 46 15 som
848 926 48 21 låna
912 926 5 21 i
933 925 63 27 afsigt

177 956 32 20 att
231 954 64 21 vinna
317 954 38 21 och
379 954 117 26 spekulera,
518 957 51 18 utan
584 955 54 21 hade
654 961 58 15 mera
728 954 98 22 afseende
841 955 27 26 på
884 954 39 22 den
939 957 57 19 stora

176 982 148 22 allmänheten.
353 983 41 25 Jag
408 984 46 19 tror
469 983 59 25 dock,
546 986 30 18 att
592 984 100 20 förlusten
709 984 73 20 härvid
795 983 17 26 ej
826 982 41 22 blir
877 984 23 20 så
912 989 84 21 synner-

176 1011 56 26 ligen
247 1013 50 23 stor,
313 1014 23 24 ty
351 1011 77 21 silfrets
443 1012 137 26 köpförmåga
595 1012 44 25 har,
656 1015 45 18 tror
713 1012 42 26 jag,
771 1012 67 21 under
848 1014 84 19 senaste
942 1012 55 20 tider

177 1039 17 27 ej
217 1039 133 27 synnerligen
365 1039 141 22 förminskats.
522 1053 28 2 —
564 1040 33 21 Då
610 1040 36 27 jag
662 1040 17 27 ej
696 1040 38 21 har
749 1040 39 21 fått
804 1040 64 26 något
883 1040 92 21 medhåll
990 1040 7 20 i

177 1068 91 26 ståndet,
284 1068 67 21 måste
363 1068 37 26 jag
416 1068 33 20 väl
464 1068 54 22 afstå
533 1068 46 22 från
595 1069 46 21 mitt
656 1068 99 28 yrkande.

246 1124 70 22 Sedan
338 1124 145 22 diskussionen
505 1125 87 21 härmed
615 1125 112 21 förklarats
751 1125 97 26 afslutad,
864 1125 44 21 blef
922 1126 74 21 betän-

176 1152 79 22 kandet
279 1154 27 26 på
331 1152 153 28 framställning
508 1154 22 22 af
549 1154 50 22 herr
620 1154 162 22 talmannen
805 1154 21 22 af
840 1154 158 27 presteståndet

177 1182 101 26 enhälligt
293 1182 117 25 godkändt;

246 1238 86 21 hvarom
347 1239 154 21 underrättelse
516 1239 90 22 medelst
620 1239 195 28 protokollsutdrag
830 1239 67 22 skulle
908 1239 46 27 afgå
965 1239 32 22 till

177 1267 17 27 ej
211 1267 80 21 mindre
306 1267 144 24 medstånden,
465 1269 27 20 än
507 1268 109 21 utskottet.

244 1385 41 21 Vid
307 1385 50 21 derå
379 1385 66 21 skedd
467 1385 149 28 föredragning
637 1386 122 26 godkändes
775 1386 101 27 enhälligt
891 1386 39 21 och
945 1389 51 19 utan

176 1413 119 22 diskussion
317 1413 144 22 betänkandet
480 1413 41 22 N:o
537 1415 18 25 2,
577 1414 85 27 afgifvet
684 1414 22 22 af
729 1416 35 20 det
784 1415 104 22 särskilda
907 1415 89 27 utskott,

175 1449 45 15 som
242 1442 21 22 af
282 1443 115 21 ständerna
412 1443 85 22 tillsatts
512 1443 32 21 för
560 1443 114 26 beredning
690 1443 21 22 af
726 1444 58 21 Hans
799 1444 117 27 Kejserliga
931 1444 66 25 Maje-

175 1473 55 20 stäts
245 1471 76 27 nådiga
336 1471 136 27 proposition,
489 1473 108 25 angående
613 1472 39 22 den
668 1473 119 21 metalliska
803 1473 85 21 rubelns
899 1473 39 21 och
949 1473 47 22 dess

175 1500 120 27 fullhaltiga
311 1500 206 28 underafdelningars
532 1500 132 28 gångbarhet
678 1501 6 21 i
700 1501 96 23 Finland.
