1086 1820
209 134 43 20 674
426 138 160 18 Presteståndet
599 139 54 16 1877.
678 139 13 16 4
703 138 47 21 maj.

181 207 54 22 skall
257 207 85 26 afgöras
367 206 58 22 öfver
447 213 26 14 en
494 206 168 22 medmenniskas
677 206 64 21 frihet
756 208 52 19 utan
823 207 32 20 att
869 206 42 20 hon
926 212 76 21 genom

181 235 65 27 något
267 235 59 22 brott
345 236 51 21 eller
410 235 69 27 någon
495 235 110 27 lagstridig
620 235 101 26 handling
736 235 39 20 har
789 234 101 27 förtjenat
905 234 96 21 densam-

181 271 46 14 mas
246 264 134 21 beröfvande.
410 264 40 26 Jag
464 264 42 21 kan
522 264 64 21 likväl
602 263 19 28 ej
637 265 71 22 annat,
724 265 26 20 än
765 263 52 27 gilla
831 263 147 27 grundtanken
994 263 7 21 i

180 293 167 28 propositionen,
363 293 112 26 nämligen,
491 295 31 19 att
539 299 24 15 en
579 298 84 21 person,
679 298 44 15 som
739 294 51 19 utan
806 292 134 22 verksamhet
950 292 52 21 eller

180 322 161 27 sysselsättning
356 322 40 21 och
410 323 51 20 utan
477 321 94 26 förmåga
586 323 32 20 att
634 321 113 26 uppehålla
761 321 38 26 sig,
816 321 65 22 vistas
896 321 27 26 på
938 320 64 22 frem-

167 359 2 2 *
181 351 77 21 mande
283 353 34 18 ort
335 353 50 18 utan
402 350 64 26 något
480 350 109 27 uppgifvet
604 349 105 27 ändamål,
725 350 66 21 måste
807 356 61 15 anses
884 349 70 22 såsom
970 355 32 20 en,

181 385 46 16 som
249 379 42 21 kan
313 378 65 22 blifva
393 379 70 26 vådlig
477 379 33 20 för
525 379 118 21 samhället.
674 378 48 21 Men
739 378 117 22 emellertid
871 378 74 27 tycker
958 378 43 27 jag,

182 410 32 19 att
230 408 35 20 det
280 409 23 20 är
318 407 64 27 något
398 407 83 27 mycket
496 407 63 21 hårdt
573 408 7 20 i
596 408 36 21 det
647 409 39 22 att,
702 413 33 14 om
752 414 26 14 en
790 407 67 21 sådan
869 413 76 20 person
955 407 47 21 icke

181 437 43 21 kan
240 438 95 24 prestera
350 438 31 19 ett
396 436 97 26 behörigt
508 436 58 26 intyg
582 449 27 2 —
624 436 81 21 hvilket
714 436 86 26 uttryck
812 452 11 8 ,
825 436 97 26 behörigt
932 435 70 27 intyg”

181 464 109 22 förefaller
304 470 42 21 nog
361 465 112 26 tvetydigt;
489 466 22 24 ty
527 464 39 21 den
582 471 40 15 ena
637 464 203 27 kronobetjeningen
855 464 42 21 kan
910 470 50 15 anse
971 466 33 19 ett

181 494 77 21 sådant
279 493 59 26 intvg
359 493 47 21 icke
427 500 52 14 vara
494 493 104 27 behörigt,
615 500 45 14 som
676 500 26 14 en
718 499 69 15 annan
803 493 68 21 skulle
886 499 50 15 anse
952 499 52 14 vara

179 529 42 20 nog
239 522 95 26 behörigt
348 534 28 2 —
390 522 52 21 eller
457 522 130 21 annorlunda
603 522 152 21 dokumentera
770 522 37 26 sig,
824 528 25 14 en
865 522 135 26 kronobetje-

181 552 50 26 ning
253 556 49 21 eger
323 552 45 19 rätt
390 552 31 19 att
443 551 61 26 gripa
526 557 25 14 en
571 550 65 21 sådan
652 557 81 20 person,
750 550 66 21 ehuru
832 550 41 21 han
889 550 114 27 möjligtvis

181 580 56 20 ändå
259 579 17 27 ej
301 579 71 26 borde,
394 579 65 26 enligt
475 586 25 14 en
516 579 100 26 förnuftig
632 580 54 25 åsigt
701 582 51 18 utan
767 579 72 21 vidare
853 579 77 26 gripas.
961 578 42 22 Det

182 610 24 19 är
229 614 25 15 en
271 607 48 21 ädel
333 608 140 26 grundtanke,
490 614 43 15 som
550 608 66 20 finnes
632 608 6 20 i
654 608 36 20 vår
705 608 40 26 lag,
761 609 32 19 att
808 607 63 21 ställa
886 608 43 20 alla
944 613 58 16 men-

181 637 73 21 niskor
276 635 43 22 lika
341 636 54 20 inför
418 636 66 26 lagen.
516 636 47 21 Men
587 642 48 15 man
654 636 67 21 måste
737 636 110 26 medgifva,
863 638 33 20 att
911 636 39 21 här
965 638 37 18 äro

181 665 47 21 icke
244 665 41 21 alla
304 664 105 21 likstälda.
439 664 29 27 Ty
484 665 36 21 det
535 666 23 19 är
573 664 59 27 fråga
649 671 33 15 om
698 667 31 19 att
744 665 61 26 gripa
820 664 46 21 icke
881 671 26 15 en
923 665 79 21 brotts-

181 694 50 26 ling,
247 695 51 19 utan
313 699 26 14 en
354 699 82 20 person,
453 699 51 21 som,
520 693 79 21 kanske
616 694 90 23 derföre,
721 695 32 19 att
764 693 41 21 han
816 695 25 18 är
850 695 69 19 sämre
930 694 71 24 klädd,

182 722 51 21 eller
255 727 83 21 annars,
361 722 107 20 förefaller
485 728 26 14 en
525 722 179 26 polismyndighet
719 721 119 25 misstänkt,
855 722 51 20 eller
922 728 45 15 som
983 722 18 27 ej

180 751 40 21 har
236 750 96 27 behörigt
347 750 63 26 intyg.
433 750 40 26 Jag
488 750 68 22 skulle
571 750 89 26 derföre,
676 751 28 26 på
720 751 34 21 det
769 752 32 19 att
817 750 18 27 ej
851 751 68 25 någon
935 752 67 20 orätt-

180 780 46 20 visa
249 779 64 21 måtte
337 779 37 21 ske
397 779 38 21 och
452 779 17 26 ej
486 780 67 26 någon
570 779 90 21 hårdhet
675 779 90 25 utöfvas,
781 785 50 15 anse
847 780 42 26 mig
906 779 51 21 böra
973 779 30 21 bi-

181 808 62 21 träda
263 808 49 21 herr
333 807 101 22 Janssons
458 808 136 26 reservation,
618 810 25 25 ty
665 808 36 21 der
719 809 127 20 åtminstone
862 808 80 21 lemnas
956 814 48 21 per-

181 842 66 16 sonen
269 839 76 19 tvenne
366 836 61 26 dygn,
444 836 56 21 inom
516 836 70 22 hvilka
602 836 42 21 han
660 837 41 20 kan
717 837 48 27 laga
781 837 31 26 sig
827 836 58 26 bort;
902 836 43 22 ifall
961 837 41 21 han

181 868 24 18 är
221 865 96 27 oskyldig
332 872 48 19 eger
395 865 18 26 ej
430 865 201 27 kronobetjeningen
646 868 75 24 genast
736 868 44 18 rätt
795 867 33 19 att
841 865 61 27 gripa
917 865 86 27 honom,

182 894 23 21 så
228 894 64 21 framt
315 894 41 21 han
378 893 18 26 ej
419 894 39 20 har
480 894 72 25 begått
568 895 64 26 något
648 894 90 26 osedligt
753 894 51 21 eller
819 894 113 26 vanartigt.
962 894 41 26 Jag

182 929 67 17 anser,
265 924 32 19 att
313 923 6 20 i
335 923 39 20 den
390 923 156 20 reservationen
562 923 66 21 finnes
644 929 26 14 en
686 923 87 26 behörig
788 922 94 25 mildhet,
899 929 44 14 som
955 929 48 14 man

182 951 18 26 ej
224 951 39 20 bör
284 951 86 21 beröfva
391 951 69 20 denna
481 951 131 27 författning.
643 951 49 20 Man
716 951 38 20 har
772 951 122 26 visserligen
910 953 50 22 rätt,
976 951 27 20 då

181 985 49 15 man
245 981 67 24 säger,
328 981 32 19 att
375 979 54 21 1865
446 979 34 21 års
496 979 124 27 författning
635 980 47 21 med
699 980 24 21 de
736 979 77 28 många
823 979 122 27 omgångar,
956 986 45 14 som

182 1008 37 21 der
241 1008 142 26 föreskrifvas,
405 1008 27 26 på
455 1009 51 20 visst
528 1010 42 19 sätt
592 1009 43 20 helt
658 1008 38 21 och
719 1008 65 21 hållet
800 1009 150 20 neutraliserar
964 1009 38 20 sitt

182 1037 61 26 syfte,
265 1037 97 20 hvarföre
385 1037 63 21 också
470 1037 24 20 så
516 1037 82 27 mycket
613 1037 105 27 sjelfsvåld
735 1037 81 21 kunnat
832 1037 63 21 öfvas.
927 1037 48 21 Men
990 1037 14 21 å

182 1065 67 21 andra
271 1065 59 21 sidan
346 1065 37 21 bör
398 1071 48 15 man
463 1066 17 25 ej
496 1066 61 21 kasta
573 1067 31 25 sig
619 1066 22 21 åt
657 1072 24 15 en
698 1073 67 13 annan
782 1066 53 25 sida,
850 1066 23 21 så
889 1067 31 20 att
936 1067 65 20 orätt-

182 1095 45 20 visa
248 1094 38 21 och
310 1094 90 21 hårdhet
415 1094 61 21 deraf
490 1094 67 21 skulle
574 1095 82 26 uppstå.
685 1094 40 27 Jag
740 1101 69 17 anser,
825 1097 32 19 att
872 1101 75 20 genom
963 1094 40 21 den

183 1124 7 20 i
205 1123 50 21 herr
269 1122 102 21 Janssons
387 1123 129 20 reservation
531 1123 85 27 inlagda
632 1123 159 26 bestämningen
807 1123 140 22 förekommes
961 1123 42 26 det,

182 1154 33 19 att
230 1151 45 22 icke
291 1151 68 26 någon
375 1152 103 21 orättvisa
493 1152 41 21 kan
549 1152 85 21 komma
650 1153 6 20 i
671 1152 65 26 fråga,
753 1152 38 21 och
808 1152 83 21 derföre
904 1151 99 22 förordar

178 1181 37 26 jag
238 1180 39 21 och
298 1186 62 15 anser
382 1180 36 21 det
433 1187 50 14 vara
498 1181 130 26 välbetänkt,
644 1183 32 19 att
691 1181 130 26 högvördiga
835 1181 85 21 ståndet
934 1181 69 20 skulle

180 1209 57 21 fästa
251 1209 32 26 sig
298 1209 34 20 vid
347 1209 69 20 denna
432 1210 137 20 reservation.

249 1266 90 21 Prosten
362 1266 162 21 Hackzell:
554 1267 41 25 Jag
609 1273 63 14 anser
688 1267 6 20 i
710 1267 122 25 allmänhet,
848 1269 33 18 att
896 1267 108 20 utskottet

181 1294 88 27 lyckligt
291 1294 38 21 har
351 1294 41 21 löst
414 1295 32 20 sin
469 1294 82 27 uppgift
571 1297 32 19 att
620 1295 104 21 behandla
739 1295 74 26 frågan
829 1301 34 15 om
878 1295 126 21 lösdrifvare

182 1323 39 21 och
243 1323 38 21 har
304 1323 18 26 ej
345 1323 83 26 mycket
450 1325 33 19 att
505 1325 50 24 säga
575 1324 6 20 i
600 1324 72 21 saken.
702 1324 45 21 Mot
764 1325 9 18 1
791 1325 10 25 8
818 1324 68 21 skulle
899 1324 36 26 jag
950 1323 54 22 dock

182 1351 50 25 vilja
247 1351 107 24 anmärka,
370 1353 32 17 att
417 1352 121 20 densamma
554 1354 23 18 är
593 1352 33 20 för
642 1352 83 25 mycket
740 1352 88 20 allmänt
843 1352 77 20 hållen.
951 1353 51 19 Pro-

181 1381 47 19 sten
250 1379 122 25 Rosengren
388 1378 38 20 har
440 1379 44 25 just
500 1386 27 14 nu
542 1379 57 26 gjort
613 1385 81 15 samma
710 1380 139 25 anmärkning
865 1380 19 20 d.
899 1386 17 14 v.
934 1386 16 14 s.
967 1380 37 20 be-

181 1406 104 22 träffande
307 1407 65 20 orden
396 1423 4 8 ,
401 1406 107 27 behörigt
522 1408 75 26 intyg”.
628 1408 65 20 Detta
709 1408 84 26 uttryck
809 1409 24 19 är
848 1408 38 20 allt
901 1408 33 21 för
949 1408 55 20 sväf-

181 1435 75 26 vande,
278 1434 98 22 hvarföre
398 1442 48 14 man
469 1436 42 20 kan
535 1436 95 26 begagna
651 1436 31 26 sig
698 1436 21 21 af
732 1436 138 27 frejdebetyg,
887 1436 117 28 flyttnings-

181 1464 71 27 betyg,
268 1464 59 27 intyg
342 1463 22 21 af
376 1464 104 26 länsman,
497 1465 137 27 kronofogde,
647 1464 126 22 ordförande
785 1466 6 20 i
802 1465 201 21 kommunalnämnd

182 1495 52 24 etc.;
255 1493 81 21 hvilket
357 1492 22 22 af
393 1493 60 21 dessa
468 1494 60 26 intyg
542 1496 24 19 är
581 1496 32 18 att
628 1500 50 15 anse
694 1495 69 21 såsom
780 1494 114 26 behörigt?
923 1494 82 22 Sådant

182 1522 67 21 borde
264 1528 51 15 vara
330 1522 112 21 bestämdt.
