1084 1814
202 117 41 21 862
421 122 159 18 Presteständet
592 123 53 17 1877.
669 123 26 16 22
707 123 47 20 maj.

173 192 27 25 på
215 191 25 21 de
256 193 73 19 vestra.
360 191 68 27 Tager
443 191 33 26 jag
491 191 6 21 i
513 191 138 21 betraktande
668 191 39 21 den
722 190 92 26 raskhet,
826 190 99 21 hvarmed
936 189 53 22 folk-

174 219 103 27 mängden
292 219 93 26 tilltager
399 219 24 21 så
437 219 67 22 finner
519 225 47 15 man
582 222 31 18 att
628 219 66 21 under
709 219 27 21 de
750 219 52 21 sista
817 219 26 20 35
859 219 51 20 åren
925 218 64 21 Uleå-

173 248 63 26 borgs
258 249 39 20 och
319 247 64 22 Wasa
405 248 34 21 län
463 248 38 21 har
515 249 45 25 gått
575 248 52 21 fram
643 248 47 21 med
705 248 63 26 509,
784 247 38 22 och
838 247 97 27 Wiborgs
951 247 38 21 och

174 276 32 22 S:t
228 276 86 21 Michels
337 276 47 21 med
408 277 67 26 17"/,.
505 277 75 21 Fäster
600 277 36 26 jag
658 276 41 27 mig
720 276 47 21 åter
782 276 34 21 vid
831 276 158 27 krono-utskyl-

174 305 70 26 derna,
265 306 69 26 uppgä
350 305 59 22 dessa
424 305 32 21 för
472 305 25 22 de
513 306 12 21 3
541 307 57 19 östra
613 305 60 22 länen
688 305 32 21 till
736 305 112 26 1,775,000
864 305 38 21 och
917 305 33 21 för
965 305 25 21 de

174 336 69 19 vestra
258 333 31 22 till
305 334 118 26 2,535,000,
439 333 82 22 således
536 333 31 22 till
583 334 25 22 de
624 336 68 19 vestra
708 334 72 21 länens
790 333 73 22 fördel.
893 333 38 22 Ser
942 340 48 15 man

174 363 27 21 dä
223 363 52 20 huru
297 364 76 25 mänga
397 365 55 19 verst
465 362 92 27 jernväg,
574 369 45 15 som
634 362 21 21 af
669 363 104 21 utskottet
789 362 68 21 blifvit
872 362 118 27 föreslagna

174 392 21 21 ät
210 391 67 27 begge
292 391 92 27 delarna,
399 393 24 20 sä
438 391 59 22 faller
512 392 27 26 pä
555 391 25 22 de
596 393 57 20 östra
668 392 40 21 765
724 392 40 21 och
779 393 28 25 pä
823 392 25 21 de
864 394 70 19 vestra
950 392 41 21 830

174 422 64 23 verst;
252 420 36 27 jag
303 420 73 27 tycker
391 421 80 21 säledes
487 423 32 18 att
534 421 149 26 proportionen
698 422 23 19 är
736 421 101 26 temligen
852 419 49 22 lika.
931 420 59 21 Dock

174 448 60 23 skola
256 449 19 20 vi
297 449 85 22 komma
403 449 48 26 ihäg
474 451 31 20 att
527 449 97 26 Wiborgs
646 449 36 21 län
706 449 55 22 förut
781 449 38 22 har
835 450 41 20 210
891 451 57 20 verst
963 449 27 22 dä

174 477 129 22 Tavastehus
325 478 34 21 län
382 478 38 22 har
439 478 73 21 endast
528 479 40 20 160
584 478 39 21 och
638 478 63 21 Wasa
716 478 39 22 och
769 478 118 27 Uleäborgs
902 478 35 21 län
952 478 39 22 har

173 507 55 26 inga.
257 507 11 21 I
282 507 76 21 sådant
373 507 34 21 fall
423 508 72 26 tycker
508 507 36 27 jag
560 508 38 21 och
614 513 33 15 ser
662 513 47 15 man
725 507 68 22 tillika
806 508 27 25 pä
843 507 56 22 hvad
910 507 81 22 utskot-

174 537 31 20 tet
226 536 27 26 pä
275 536 58 21 sidan
355 537 27 20 42
405 542 124 15 resonnerar
552 542 32 15 om
607 536 57 21 tiden
685 535 31 22 för
732 536 24 21 de
772 536 68 21 skilda
856 536 135 21 sträckornas

175 564 114 27 byggande,
311 565 24 20 sä
357 567 34 18 vet
411 565 36 26 jag
469 565 46 21 icke
538 565 26 26 pä
587 565 55 20 hvad
661 564 45 22 skäl
722 565 41 21 den
778 564 159 27 beskyllningen
953 565 39 21 har

174 592 68 22 blifvit
262 593 55 21 stäld
341 593 31 22 till
388 593 109 25 utskottet,
513 595 32 19 att
560 593 36 22 det
611 593 67 21 skulle
694 593 61 21 hafva
771 593 97 22 förbisett
883 593 36 21 det
935 596 57 19 östra

174 621 95 27 Finland,
290 622 101 26 jemfördt
412 622 48 21 med
480 622 35 21 det
529 625 75 18 vestra.
634 622 42 21 Det
692 622 38 21 har
745 622 22 21 af
781 623 64 25 nägra
860 624 84 24 yttrats,
961 625 31 18 att

175 656 47 15 man
246 650 45 21 med
307 650 105 27 synnerlig
428 650 181 22 tillfredsställelse
623 650 39 21 har
676 652 43 20 sett
734 650 39 22 den
789 650 111 27 kejserliga
916 657 77 20 propo-

174 678 100 22 sitionens
289 678 78 28 förslag
382 678 31 22 till
429 678 153 30 stambanenät.
613 678 43 22 För
671 680 41 20 min
729 679 32 21 del
778 680 38 20 har
829 680 36 26 jag
880 680 47 20 icke
941 680 53 20 kun-

174 709 37 19 nat
234 707 45 22 dela
301 708 79 25 denna;
402 708 62 26 tycke
485 708 38 21 och
546 708 59 21 smak
628 710 23 19 är
673 708 6 20 i
702 708 58 21 detta
784 708 75 21 liksom
875 708 38 20 allt
929 710 65 20 annat

175 736 82 27 mycket
272 736 62 22 olika.
366 736 45 22 Den
428 740 57 18 stora
501 737 97 21 sträckan
614 736 22 22 af
649 736 96 27 Finland,
761 743 45 16 som
822 737 67 27 ligger
904 737 89 21 emellan

174 765 111 21 Bottniska
300 765 61 21 viken
377 765 6 21 i
398 768 70 19 vester
483 765 38 22 och
536 765 105 21 Kallavesi
658 765 37 21 och
712 765 71 22 Saima
798 765 102 22 tillflöden
915 765 6 21 i
938 768 56 20 öster

175 793 39 21 och
236 794 6 20 i
264 800 50 15 norr
337 794 46 21 frän
405 794 106 26 Uleäborg
537 794 37 21 och
597 794 113 22 Uleäträsk
732 794 32 22 till
779 794 114 27 Jyväskylä
908 794 39 22 och
962 794 33 22 St

175 822 76 22 Michel
267 829 36 15 var
319 822 92 28 aljdeles
426 823 83 21 lemnad
524 826 49 18 utan
585 824 67 25 nägon
661 823 230 27 jernvägsförbindelse,
903 824 92 21 hvarken

174 851 8 21 i
197 852 57 20 öster
269 851 50 22 eller
333 853 82 25 vester,
432 852 51 21 eller
497 858 55 17 norr,
569 852 51 21 eller
634 852 68 20 söder.
724 852 82 28 Största
821 852 61 21 delen
898 852 21 21 af
929 852 68 21 denna

176 881 146 21 landssträcka.
336 880 61 21 faller
411 881 27 26 pä
454 880 35 21 det
504 880 55 25 land,
576 887 43 15 som
636 886 48 15 man
699 881 67 21 kallar
778 880 141 22 Österbotten.
940 881 53 21 Dess

178 910 40 21 öde
241 909 38 21 har
299 916 28 14 nu
350 910 26 25 pä
395 915 74 15 senare
484 909 55 21 tider
554 910 54 20 varit
623 911 32 19 att
670 908 63 22 blifva
748 909 129 26 bortglömdt
893 911 58 25 utom
968 910 26 20 dä

178 944 74 21 genom
275 938 22 21 af
317 937 170 27 klimatologiska
509 937 143 22 förhållanden
676 937 136 22 framkallade
835 938 66 21 nödär
924 937 69 22 Oster-

177 967 73 27 botten
273 967 38 21 har
333 966 82 27 ädragit
435 967 32 26 sig
489 966 190 27 uppmärksamhet.
710 966 32 22 Dä
758 966 38 22 har
811 973 47 15 man
874 967 41 21 fäit
930 966 63 22 höra:

178 995 137 22 Österbotten
337 995 36 21 det
395 997 24 19 är
440 995 101 21 Finlands
562 995 75 21 kräfta.
668 995 42 21 För
731 998 31 18 att
778 996 26 21 dä
821 995 76 22 bereda
913 995 82 21 arbets-

177 1024 96 27 förtjenst
295 1024 22 21 ät
340 1024 39 21 den
402 1024 122 26 hungrande
545 1023 145 27 befolkningen
707 1024 39 21 har
761 1030 47 15 man
824 1024 91 27 anslagit
929 1025 64 25 nägra

177 1054 92 20 tiotusen
284 1053 30 21 tal
328 1053 67 24 mark,
411 1058 47 16 men
470 1052 25 22 dä
506 1052 26 22 de
543 1052 92 26 arbeten,
646 1058 45 16 som
703 1053 47 21 med
762 1052 60 22 dessa
833 1053 67 21 medel
912 1052 82 26 utförts,

178 1081 61 22 hafva
261 1082 107 21 bedrifvits
387 1083 50 19 utan
453 1082 96 20 bestämd
564 1082 56 26 plan,
635 1082 23 20 sä
674 1084 30 18 att
720 1081 6 21 i
742 1082 132 26 hastigheten
890 1082 104 21 länsman-

177 1117 47 20 nen,
240 1110 143 28 kronofogden
399 1110 51 21 eller
465 1110 223 27 kommunalstyrelsen
703 1110 126 22 framkastat
843 1111 69 27 nägon
925 1110 69 22 lands-

177 1139 151 28 vägabyggnad
349 1139 51 21 eller
422 1140 65 26 nägot
510 1139 72 27 dylikt,
603 1139 23 21 sä
641 1138 39 22 har
695 1140 50 20 visst
760 1140 22 20 ät
797 1139 67 22 folket
879 1139 114 22 arbetsför-

177 1168 64 26 tjenst
257 1168 64 21 blifvit
338 1168 84 24 beredd,
438 1174 47 15 men
500 1170 74 25 nyttan
590 1167 21 22 af
625 1168 61 21 dessa
700 1168 86 21 arbeten
804 1168 36 21 har
851 1169 53 21 varit
913 1168 80 28 ganska

176 1197 67 27 ringa.
273 1197 133 21 Deremellan
421 1196 38 21 har
474 1203 48 15 man
537 1197 46 21 icke
598 1197 42 25 just
655 1197 84 26 mycket
754 1197 88 21 kommit
857 1197 49 27 ihåg
923 1197 71 21 Öster-

177 1225 80 21 botten.
287 1227 64 19 Läser
374 1231 47 15 man
445 1225 39 21 den
500 1224 96 27 relation,
611 1231 45 15 som
672 1224 67 22 blifvit
754 1226 112 21 ständerna
882 1225 111 22 meddelad

177 1253 32 22 för
232 1254 25 21 de
279 1260 73 15 senare
374 1254 50 21 ären
447 1254 40 21 och
509 1254 26 21 de
550 1254 103 21 särskilda
668 1254 78 26 anslag,
763 1260 44 15 som
823 1254 68 21 blifvit
907 1254 86 27 utgifna,

177 1282 67 22 finner
259 1289 53 20 man,
328 1284 32 20 att
375 1282 96 27 omkring
488 1283 108 27 1,600,000
607 1282 59 22 mark
674 1283 46 26 gätt
730 1282 32 22 till
773 1282 86 28 kanaler
870 1283 39 21 och
919 1285 75 19 ström-

176 1312 123 26 rensningar
319 1311 39 21 och
374 1311 71 27 dylikt,
462 1311 84 21 derutaf
559 1311 60 21 faller
635 1312 76 25 37,000
726 1312 28 26 pä
769 1311 137 22 Österbotten
921 1311 32 21 för
968 1318 26 14 en

176 1340 101 26 landsväg
299 1340 31 21 till
349 1340 132 24 Rovaniemi;
504 1342 78 18 största
603 1340 60 21 delen
679 1339 21 21 af
715 1340 35 20 det
766 1340 65 24 öfriga
846 1340 95 26 anslaget
956 1340 38 20 har

176 1368 88 20 kommit
287 1369 57 19 östra
366 1367 88 21 Finland
477 1366 93 28 tillgodo,
594 1368 68 24 nägon
684 1367 52 21 liten
757 1367 34 21 del
806 1368 131 26 Tavastehus
952 1368 41 20 län.

176 1396 33 20 Då
231 1395 59 27 fråga
311 1395 66 21 sedan
399 1394 67 22 blifvit
487 1401 34 15 om
544 1397 31 19 att
596 1395 54 27 gifva
663 1396 88 26 jernväg
766 1396 22 20 ät
804 1396 136 21 Österbotten
956 1396 38 20 har

176 1429 49 16 man
247 1425 52 26 sagt,
323 1425 32 19 att
377 1423 40 21 han
441 1423 38 21 bör
501 1423 22 21 fä
535 1423 93 27 jernväg,
644 1424 86 21 emedan
746 1424 42 21 han
804 1424 65 21 förtär
885 1424 86 21 bränvin
987 1424 6 21 i

176 1452 43 21 lika
234 1454 44 19 stor
293 1452 83 27 mängd,
390 1452 21 27 ja
427 1453 86 21 raskare
528 1454 26 19 än
570 1453 68 26 nägon
654 1459 76 19 annan,
744 1453 22 27 ja
781 1453 41 21 han
835 1453 85 21 mördar
931 1453 63 22 ocksä

174 1481 8 22 i
206 1483 59 20 ruset
286 1481 87 22 raskare
395 1483 26 20 än
444 1481 68 27 nägon
536 1487 74 16 annan.
642 1481 78 28 Tyvärr
740 1484 24 19 är
779 1482 68 21 denna
862 1481 131 29 beskyllning

177 1510 63 22 också
256 1517 49 15 sann
322 1510 38 21 och
376 1510 79 21 kanske
471 1511 36 21 det
522 1510 70 22 derför
607 1516 49 15 vore
672 1511 47 21 bäst
734 1512 32 20 att
781 1511 45 22 icke
841 1511 69 22 lemna
921 1511 72 22 Oster-
