1092 1745
213 117 54 20 1072
424 123 160 18 Presteständet
599 125 53 16 1877.
676 125 27 16 80
715 125 48 20 maj.

183 193 35 19 ten
242 191 51 26 egde
316 191 67 21 under
406 191 134 21 mellantiden
562 192 88 26 fungera
672 192 27 26 pä
721 198 81 15 samma
824 193 43 20 sätt
882 191 39 21 och
936 192 67 20 under

183 225 81 15 samma
280 219 67 21 vilkor
360 225 43 15 som
420 219 32 21 för
464 219 100 22 händelse
577 220 23 21 af
610 220 138 26 landtdagens
759 219 118 27 afbläsning
889 220 113 25 faststälts;

184 247 22 21 af
230 247 38 20 den
291 248 27 20 26
341 247 78 22 dennes
442 248 46 21 med
512 248 206 26 tillkännagifvande,
735 250 31 19 att
781 247 85 22 ständet
881 248 22 24 d)
918 247 34 22 vid
968 247 35 22 be-

183 275 127 27 handlingen
333 275 23 22 af
370 276 169 21 statsutskottets
554 276 133 22 betänkande
703 283 33 14 om
752 276 117 27 beviljande
885 276 22 21 af
920 279 32 18 ett
967 283 36 14 an-

184 304 45 27 slag
251 304 32 21 för
298 305 78 20 värden
393 304 22 22 af
428 305 60 27 sjuke
504 305 38 22 och
558 305 75 22 särade
648 306 6 20 i
671 306 35 20 det
722 312 27 14 nu
765 305 102 22 utbrutna
882 305 69 26 kriget
967 305 36 21 be-

184 333 60 21 slutit
266 335 32 18 att
312 333 126 27 bemyndiga
453 333 189 27 bankfullmäktige
658 336 38 23 att,
712 335 70 20 derest
797 333 68 22 finska
880 334 122 27 föreningen

183 362 33 21 för
231 362 75 21 särade
321 362 38 21 och
371 362 59 26 sjuke
445 363 95 26 krigares
555 363 52 21 värd
622 363 32 27 sig
669 363 68 21 dertill
749 363 99 22 anmäler,
861 363 82 21 tilldela
953 363 48 20 den-

184 397 80 14 samma
285 393 31 18 ett
334 391 107 22 räntefritt
456 391 90 22 kreditiv
565 392 3 21 i
584 391 101 22 Finlands
699 392 57 21 bank
771 393 12 20 å
799 392 54 21 ända
869 391 31 22 till
916 397 25 15 en
957 391 46 21 mil-

181 419 37 26 jon
234 420 59 20 mark
309 421 51 19 utan
376 426 68 14 annan
460 420 99 21 säkerhet
574 422 27 19 än
617 422 31 19 att
663 420 54 20 hvad
733 421 50 20 derä
798 422 84 24 uttages
893 420 109 20 efterhand

183 447 73 27 gäldas
277 447 79 22 medels
379 448 25 21 de
427 448 80 25 bidrag,
528 454 45 15 som
588 448 31 21 till
634 448 121 27 föreningen
771 448 85 27 inflyta;
872 450 22 23 c)
909 448 94 26 godkänt

184 478 152 19 sammansatta
358 477 41 26 lag-
424 477 38 20 och
483 477 212 21 ekonomiutskottets
710 476 293 27 sammanjemkningsförslag

183 504 108 27 angäende
306 505 126 21 lösdrifvare
448 505 38 21 och
502 506 61 21 deras
579 505 127 27 behandling
721 506 39 21 och
775 506 14 26 f)
804 505 95 27 godkänt
909 505 94 21 ständer-

183 533 156 21 husutskottets
361 533 134 22 betänkande
518 540 33 15 om
573 534 131 27 uppförande
725 535 22 20 af
769 537 31 18 ett
814 534 127 21 ständerhus
955 533 48 21 med

184 561 39 21 den
239 561 95 27 ändring,
350 564 32 19 att
397 561 5 21 i
418 562 67 21 första
500 563 83 26 stycket
597 563 23 20 af
636 563 35 20 det
687 563 12 20 &
714 563 51 20 sidd.
787 563 22 20 12
825 569 19 14 o.
862 564 25 19 13
899 562 104 21 förekom-

184 591 79 20 mande
274 592 116 19 momentet
404 591 23 20 af
440 591 40 20 den
494 597 45 17 ,,om
553 591 145 26 delegationen
709 593 24 20 sä
744 591 69 27 nödigt
825 591 93 26 pröfvar*
935 590 68 21 skulle

184 618 102 21 uteslutas
310 619 38 20 och
371 619 60 21 ordet
453 620 58 26 ,mä*
534 620 37 21 der
590 620 86 21 framför
692 620 85 27 utbytas
792 622 45 19 mot
852 620 80 24 ,skall*
949 622 55 18 samt

184 647 65 21 orden
265 647 76 24 ,,innan
357 649 61 19 nästa
433 648 111 27 landtdag*
561 648 110 21 förändras
686 649 31 20 till
734 649 76 25 ,innan
821 649 23 20 är
857 649 74 26 1882*,
943 648 60 21 hvar-

182 675 64 27 jemte
262 676 31 21 till
309 676 91 21 nämnda
414 677 67 20 första
496 677 72 26 stycke
584 677 67 21 skulle
666 677 59 26 fogas
741 678 36 20 det
792 677 79 27 tillägg,
883 679 38 24 att,
933 677 70 20 derest

184 704 22 21 af
227 711 24 14 en
270 704 52 21 eller
337 711 68 14 annan
422 705 122 22 oförutsedd
560 706 99 21 händelse
674 706 63 21 innan
753 708 62 19 nästa
831 706 87 27 lagtima
933 705 70 21 landt-

185 733 41 26 dag
248 733 82 20 tillfälie
354 733 68 21 skulle
444 739 66 21 yppas
530 736 32 19 att
578 734 80 21 erhålla
671 734 79 26 gården
767 734 39 21 och
822 736 80 19 tomten
919 740 33 15 n:o
969 735 12 20 5
997 734 7 20 i

185 763 106 24 gvarteret
307 761 99 21 Servalen
422 765 50 18 utan
488 763 156 25 nödvändighet
659 765 32 18 att
706 763 67 20 inlösa
784 763 12 20 ä
807 765 80 18 tomten
898 762 106 27 uppförda

184 789 92 26 dyrbara
298 789 126 27 byggnader,
444 791 100 26 ätgärder
559 791 71 21 dertill
645 791 66 21 mätte
726 791 32 21 för
774 791 125 21 ständernas
915 791 88 26 räkning

184 817 106 27 vidtagas;

253 874 42 28 2:0)
311 874 46 22 frän
373 875 105 27 vällofliga
493 875 175 27 borgareständet
683 876 21 20 af
719 876 40 21 den
775 876 26 21 26
817 876 79 21 dennes
908 876 48 21 med
967 882 36 14 an-

183 903 77 24 mälar,
276 905 32 19 att
324 904 84 21 ståndet
422 905 21 24 a)
458 904 95 26 godkänt
568 904 170 22 statsutskottets
751 904 134 22 betänkande
895 905 108 26 angående

183 932 93 20 ändrade
297 932 93 26 grunder
410 932 32 21 för
456 933 314 27 räntepersedleomsättningen
786 934 7 20 i
808 934 79 24 landet,
903 934 22 26 b)
942 935 61 19 anta-

183 960 30 26 git
235 963 153 19 sammansatta
403 961 43 27 lag-
462 961 38 21 och
516 962 215 21 ekonomiutskottets
746 962 257 27 sammanjemkningsför-

183 988 45 27 slag
250 989 7 20 i
278 989 74 27 frägan
375 996 33 14 om
431 990 124 21 lösdrifvare
577 990 39 22 och
639 991 60 21 deras
723 991 127 27 behandling
865 991 39 21 och
919 992 20 25 c)
955 991 48 21 med

182 1017 179 22 underkännande
376 1018 24 21 af
412 1018 106 21 allmänna
534 1019 203 21 besvärsutskottets
747 1019 132 21 betänkande
891 1026 32 14 om
935 1020 68 20 finska

183 1046 97 26 språkets
302 1046 78 27 lagliga
402 1047 125 26 rättigheter
549 1048 167 21 äterremitterat
739 1048 88 21 ärendet
849 1048 32 21 till
897 1048 106 21 utskottet

182 1074 33 20 för
236 1074 88 27 förnyad
348 1075 126 27 behandling
496 1076 95 26 grundad
614 1076 27 27 på
664 1076 48 21 herr
730 1076 120 27 Chydenius
865 1076 137 26 reservation,

181 1104 56 20 samt

250 1160 42 26 3:0)
308 1160 46 21 från
370 1160 131 25 hedervärda
516 1160 155 22 bondeståndet
685 1161 23 21 af
721 1162 40 20 den
777 1162 26 20 29
820 1162 78 21 dennes
913 1161 23 21 af
946 1162 57 21 inne-

182 1188 44 21 håll
248 1190 32 18 att
303 1188 85 22 ståndet
403 1188 104 22 förkastat
521 1189 215 27 jernvägsutskottets
751 1190 155 26 framställning
922 1196 33 15 om
970 1190 33 20 in-

182 1217 138 21 strumentala
340 1218 182 26 undersökningar
541 1218 22 21 af
578 1218 105 21 banlinien
706 1213 154 36 Tammerfors—
869 1213 134 36 Nikolaistad

182 1247 58 19 öster
262 1246 51 20 eller
332 1248 70 19 vester
423 1252 34 16 om
472 1246 106 27 Näsijärvi
593 1247 31 27 sjö
641 1249 54 19 samt
707 1248 140 20 nedsättande
862 1247 22 21 af
897 1254 26 14 en
944 1248 59 20 kom-

182 1274 85 20 mission
289 1274 33 20 för
344 1274 117 26 afgifvande
484 1275 22 20 af
519 1275 109 21 utlåtande
644 1282 34 14 om
694 1276 35 20 det
745 1276 193 26 byggnadssystem,
957 1282 44 14 som

181 1308 50 14 vore
247 1302 35 20 det
296 1302 34 21 för
345 1302 101 21 Finlands
460 1303 72 20 vidare
545 1303 220 26 jernvägsbyggnader
779 1304 7 19 i
802 1304 133 20 ekonomiskt
951 1304 51 20 hän-

181 1330 76 20 seende
280 1332 54 18 mest
355 1330 147 27 fördelaktiga,
526 1331 21 26 b)
570 1331 95 26 godkänt
686 1331 170 21 statsutskottets
875 1331 80 27 förslag
969 1333 33 20 att

182 1358 238 26 expeditionsutskottet
435 1359 67 20 skulle
518 1359 67 22 under
598 1359 139 27 landtdagens
749 1359 64 22 ferier
824 1359 87 28 fungera
921 1360 6 21 i
939 1362 62 19 stats-

180 1386 116 22 utskottets
317 1387 61 21 ställe
399 1387 7 21 i
420 1388 98 21 afseende
534 1389 12 20 å
561 1388 139 27 granskande,
715 1389 154 26 godkännande
885 1389 39 21 och
939 1391 63 19 utan-

182 1416 107 21 ordnande
310 1416 22 21 af
345 1416 229 27 landtdagskostnader
589 1417 39 21 och
644 1419 19 23 c)
677 1417 94 27 godkänt
787 1417 214 22 ekonomiutskottets

181 1444 135 21 betänkande
337 1445 109 26 angående
467 1445 153 27 inskränkning
642 1447 6 20 i
665 1446 130 22 handlandes
809 1449 43 19 rätt
867 1449 32 19 att
914 1447 87 26 försälja

181 1473 55 21 vissa
257 1474 56 26 slags
336 1474 142 27 spritdrycker
499 1475 47 20 med
562 1475 92 26 följande
669 1475 23 21 af
705 1475 49 22 herr
769 1475 98 22 Duncker
883 1475 118 27 föreslagna

182 1502 182 27 omformulering:
388 1505 34 19 att
443 1503 83 21 landets
549 1503 113 27 höglofliga
682 1505 87 20 ständer
784 1504 48 21 ville
847 1505 7 21 i
870 1505 131 27 underdånig
