1086 1834
214 126 42 22 680
434 130 158 18 Presteståndet
605 132 54 16 1877.
683 131 13 17 4
707 131 47 20 maj.

186 199 108 22 befordras
312 200 31 21 till
359 200 68 26 någon
442 198 143 26 straffanstalt,
601 201 24 19 är
640 205 26 15 en
681 198 22 22 af
716 198 58 22 ålder
790 204 33 16 oss
838 198 104 21 förunnad
957 200 44 19 rät-

186 228 72 27 tighet,
282 234 44 15 som
349 228 17 27 ej
388 228 27 26 på
430 228 64 25 något
510 228 66 20 vilkor
591 227 42 21 kan
647 227 22 22 af
684 227 39 21 den
738 233 39 15 ena
792 226 52 22 eller
858 226 67 22 andra
939 228 63 19 stats-

186 258 84 25 magten
286 263 34 14 oss
335 256 102 22 beröfvas,
462 255 40 28 Jag
516 255 67 22 skulle
599 256 82 21 derföre
696 255 54 22 hvad
765 255 74 27 frågan
854 261 34 16 om
903 254 99 22 försvars-

186 285 56 22 lösas
266 285 51 22 eller
338 284 134 23 lösdrifvares
488 284 125 27 behandling
628 285 66 26 angär
708 284 52 27 yrka
775 285 27 26 pä
817 285 32 20 att
864 283 64 22 ocksä
943 283 59 22 desse

186 313 68 22 skulle
276 314 72 22 ställas
370 313 67 22 under
459 313 47 27 laga
522 313 100 22 domstols
639 313 47 22 dom
702 313 39 21 och
756 313 128 27 ransakning
898 312 63 22 innan
977 312 25 22 de

186 342 108 23 befordras
307 342 32 22 till
351 343 69 27 nägon
430 342 72 21 vidare
513 341 118 28 disciplinär
643 341 127 27 behandling
780 342 7 21 i
799 343 49 20 vära
860 341 142 22 korrektions-

187 371 107 22 anstalter.
324 371 48 22 Men
394 371 24 22 de
434 371 61 21 svära
510 371 139 27 olägenheter,
665 377 44 15 som
725 371 109 26 onekligen
850 377 75 20 genom
941 370 39 22 den
996 371 6 20 i

186 399 142 29 filantropiskt
350 400 52 28 syfte
424 399 126 22 utarbetade
572 399 38 22 och
632 399 112 22 tillkomna
767 400 97 21 1865-ärs
880 399 123 27 författning

187 435 35 15 om
244 429 48 27 laga
314 429 80 22 försvar
408 428 38 21 har
461 429 148 21 ästadkommit
623 429 7 21 i
645 429 51 21 vära
710 428 147 27 landsbygder,
873 428 23 21 sä
911 430 32 19 att
958 428 44 21 fara

187 459 24 20 är
233 457 121 26 förhanden,
378 459 32 20 att
432 457 135 22 försvarslösa
589 463 101 21 personer
714 457 50 22 eller
786 456 122 23 lösdrifvare
924 457 44 26 just
982 457 22 21 af

187 486 137 27 missaktning
339 486 31 21 för
386 485 183 28 myndigheternas
591 485 126 28 magtlöshet
731 485 7 22 i
753 487 32 20 att
799 485 62 27 stäfja
876 486 36 21 det
926 486 76 21 skänd-

187 515 42 26 liga
250 515 54 27 ofog,
333 521 45 16 som
400 521 75 20 genom
498 515 60 21 dessa
580 514 121 22 samhällets
724 514 124 28 olycksbarn
871 514 103 22 bedrifves
997 515 5 20 i

188 543 106 29 bygderna
317 543 38 22 och
378 544 39 21 den
440 543 187 27 omständigheten,
650 545 31 19 att
704 543 202 22 domstolsväsendet
928 543 6 21 i
957 543 46 22 värt

187 573 49 22 land
251 575 56 19 ännu
322 575 23 20 är
359 573 23 21 sä
398 572 140 26 outveckladt,
553 574 31 20 att
600 572 39 21 den
655 572 109 27 procedur,
779 578 45 15 som
839 572 68 21 skulle
921 571 82 22 fordras

186 601 33 22 för
241 604 31 19 att
294 603 28 26 pä
341 602 48 27 laga
404 603 39 24 väg
458 601 98 22 befordra
572 601 59 22 desse
645 601 123 22 lösdrifvare
783 601 32 21 till
830 601 40 22 den
886 600 117 22 korrektio-

187 630 48 22 nela
257 630 133 27 behandling,
405 631 25 20 de
446 630 6 21 i
468 631 40 21 den
523 630 104 22 allmänna
642 629 142 27 sedlighetens
799 629 39 22 och
854 630 103 21 moralens
973 629 29 22 in-

188 662 66 19 tresse
269 662 96 24 nogsamt
380 659 95 24 behöfva,
491 661 36 20 äro
543 659 172 27 betänkligheter,
730 665 45 15 som
786 659 74 21 härvid
870 665 55 21 noga
936 659 66 21 mäste

187 690 60 25 tagas
262 688 6 21 i
283 688 146 22 betraktande.
454 688 49 21 Men
516 688 35 27 jag
566 694 67 21 anser,
649 688 5 20 i
670 687 66 22 likhet
751 687 48 22 med
814 687 105 28 professor
935 687 67 27 Cleve,

187 717 70 27 nägon
279 717 121 22 restriktion
423 717 52 21 böra
494 718 61 25 göras
571 717 46 21 med
633 716 97 22 afseende
745 717 13 21 &
774 716 40 22 den
829 716 125 28 föregäende
969 716 34 22 be-

188 746 107 26 handling,
318 752 44 16 som
385 745 59 22 desse
466 745 123 22 lösdrifvare
611 748 36 19 äro
671 745 161 27 underkastade,
848 745 63 22 innan
927 746 26 20 de
968 745 35 21 be-

187 774 81 22 fordras
284 774 32 22 till
331 775 67 26 någon
414 774 142 22 korrektionel
571 774 133 27 behandling,
720 774 45 22 icke
780 774 74 22 endast
869 774 7 21 i
892 774 39 21 den
947 774 56 21 med-

188 803 118 27 borgerliga
328 803 100 21 frihetens
450 803 95 26 intresse,
567 805 51 19 utan
641 803 63 21 ocksä
723 809 25 15 ur
764 803 40 21 den
819 802 138 28 synpunkten,
972 805 32 19 att

188 832 50 22 vära
253 831 235 23 korrektionsanstalter
504 832 17 27 ej
537 832 31 21 för
584 832 129 22 närvarande
728 832 60 22 torde
804 838 50 15 vara
869 832 6 20 i
888 833 30 20 ett
929 832 75 21 sädant

188 861 58 22 skick
270 861 38 21 och
325 861 105 22 inrättade
445 861 6 21 i
467 863 31 19 ett
512 860 75 22 sädant
602 860 89 28 omfäng,
707 862 31 20 att
752 860 134 22 lösdrifvares
901 860 102 27 införpas-

188 890 64 22 sande
271 890 7 21 i
294 890 60 22 dessa
368 890 102 21 anstalter
485 889 66 22 skulle
567 889 98 22 befordra
680 890 35 21 det
730 889 104 26 ändamål,
850 896 45 15 som
910 889 93 22 otvifvel-

188 919 68 27 aktigt
278 919 39 21 bör
331 925 50 16 vara
396 919 47 22 med
458 919 97 22 afseende
571 919 12 21 &
599 919 60 21 deras
675 918 131 27 behandling,
823 919 104 26 nämligen
943 919 60 21 deras

188 948 79 27 sedliga
284 947 131 28 förbättring.
444 947 73 22 Under
532 947 68 22 denna
615 947 117 22 diskussion
747 947 38 22 har
800 947 18 27 ej
834 948 69 26 nägon
919 947 22 22 af
954 947 49 22 eko-

188 976 171 22 nomiutskottets
375 976 135 22 medlemmar
524 975 114 23 framhällit
653 977 64 26 nägot
731 976 96 27 genmäle
842 978 57 20 emot
914 976 26 21 de
952 982 50 21 upp-

188 1005 69 27 gifter,
281 1011 45 16 som
350 1005 7 22 i
380 1005 156 22 reservationen
559 1005 22 22 af
601 1005 73 22 herrar
695 1005 77 27 Bergh,
794 1005 148 28 Björkenheim
965 1004 39 23 och

188 1034 101 22 Törnudd
312 1033 118 28 uppgifvits,
453 1034 110 27 nämligen,
585 1036 32 20 att
639 1035 26 20 de
687 1034 117 21 statistiska
825 1034 111 27 uppgifter,
959 1040 45 15 som

189 1063 60 22 desse
271 1063 73 21 herrar
361 1063 79 27 lyckats
456 1063 79 21 erhålla
549 1063 74 26 utvisa,
638 1064 47 24 ,att
699 1062 60 22 äfven
774 1063 48 21 med
839 1063 98 22 1865-ärs
953 1062 50 25 För-

189 1091 94 28 ordning,
298 1091 159 22 Guvernörerne
472 1091 53 21 varit
540 1091 6 20 i
562 1091 80 22 tillfälle
657 1093 32 19 att
699 1091 32 21 till
740 1091 265 22 korrektionsanstalterna

188 1121 94 26 förpassa
305 1122 30 19 ett
351 1120 47 21 vida
412 1121 68 20 större
495 1120 57 21 antal
567 1126 106 20 personer,
689 1122 27 19 än
731 1119 61 22 dessa
807 1119 102 22 anstalter
924 1119 80 22 kunnat

188 1149 108 27 inrymma,
319 1150 54 19 samt
395 1150 32 19 att
448 1148 128 22 fördenskull
598 1154 26 15 en
645 1148 34 22 del
693 1149 24 21 sä
732 1147 82 22 kallade
830 1148 174 22 korrektionister

188 1177 68 22 mäste
278 1176 66 22 hällas
366 1176 7 22 i
395 1176 139 22 länehäktena
555 1177 67 21 under
642 1176 47 22 hela
705 1176 51 22 eller
770 1178 68 20 större
854 1176 60 22 delen
929 1176 22 22 af
965 1176 39 22 den

189 1207 47 21 dem
259 1206 100 22 tillmätta
379 1205 172 27 fängelsetiden".
581 1206 67 21 Innan
666 1206 47 21 vårt
728 1205 185 27 fängelseväsende
928 1205 77 22 ordnas

188 1235 28 27 pä
234 1236 30 20 ett
280 1234 75 22 sädant
369 1235 49 25 sätt,
434 1236 32 19 att
481 1234 68 27 rimlig
563 1234 40 22 och
617 1234 72 27 möjlig
704 1234 112 26 anledning
831 1236 24 19 är
870 1236 32 20 att
917 1234 87 26 hoppas,

189 1265 32 20 att
243 1262 201 22 korrektionisterne
459 1262 81 22 erhälla
555 1269 25 15 en
596 1262 165 27 ändamälsenlig
776 1262 133 27 behandling,
924 1262 81 27 gäende

190 1294 23 20 ut
235 1292 71 26 derpä,
326 1293 33 20 att
374 1292 58 21 desse
448 1292 18 26 ej
482 1292 23 21 af
518 1291 109 22 samhället
643 1291 170 27 söndertrampas
829 1291 39 21 och
882 1290 122 26 förderfvas,

190 1322 51 20 utan
262 1320 120 26 förbättras,
398 1326 62 16 anser
472 1320 42 27 jag,
529 1322 31 19 att
575 1320 48 22 med
639 1322 68 19 större
721 1320 121 21 varsamhet
856 1320 149 26 författningen

190 1356 34 14 om
246 1348 118 22 lösdrifveri
386 1349 66 21 mäste
474 1348 111 27 tillämpas.
615 1348 46 22 Den
685 1349 55 21 25:te
763 1348 159 27 domareregeln
944 1348 7 21 i
968 1349 37 21 vär

189 1377 98 25 gällande
302 1378 35 24 lag
351 1377 79 19 uttalar
443 1377 24 25 ju
482 1377 40 20 den
537 1377 94 24 mildhet,
646 1383 45 14 som
702 1379 24 17 är
736 1377 36 20 det
782 1377 138 20 utmärkande
931 1377 75 25 draget

189 1405 7 20 i
218 1404 48 21 hela
287 1404 38 20 vär
347 1404 136 26 lagstiftning.
514 1404 79 21 Genom
616 1404 40 21 den
671 1404 44 21 deri
730 1404 107 27 uttryckta
852 1404 97 26 högsinta
963 1404 42 20 för-

189 1432 116 27 klaringen,
328 1434 32 19 att
382 1432 28 21 all
431 1434 63 19 tanke
515 1432 27 27 pä
562 1432 79 21 hämnd
655 1434 24 19 är
694 1431 106 22 utesluten
815 1438 25 15 ur
854 1432 152 27 lagstiftnings-

190 1461 96 22 området
308 1460 39 22 och
369 1462 32 20 att
423 1460 138 28 brottslingen
583 1460 117 28 uppställes
722 1460 17 28 ej
758 1461 69 21 såsom
842 1462 32 20 ett
888 1460 118 28 skadedjur,

189 1490 81 22 hvilket
292 1489 22 23 af
335 1489 111 23 samhället
468 1489 54 22 skall
536 1489 117 22 förderfvas
668 1489 39 22 och
722 1489 134 29 förtrampas,
870 1492 52 20 utan
937 1490 69 22 säsom

190 1525 26 16 en
238 1518 48 23 med
309 1518 85 28 odödlig
408 1518 38 28 själ
462 1518 103 28 begäfvad
579 1518 100 28 förnuftig
694 1518 86 28 varelse,
796 1518 84 23 hvilken
896 1518 53 23 skall
963 1518 43 23 för-
