1092 1836
348 134 159 19 Presteståndet
519 136 53 16 1877.
598 137 8 15 1
619 136 47 20 maj.
840 127 40 21 637

164 203 89 22 Prosten
289 203 146 22 Johnsson:
457 204 83 22 Tvenne
562 204 22 22 af
598 205 25 22 de
638 204 64 22 ärade
716 203 128 28 föregående
859 203 51 22 tala-

93 238 51 16 rene
168 232 61 22 hafva
251 232 116 22 framhållit
387 232 53 21 huru
455 234 36 20 det
506 234 53 21 hade
574 234 53 21 varit
643 234 168 20 statsutskottets
826 232 38 21 sak
879 234 31 19 att

94 261 87 21 komma
195 261 22 21 in
233 261 48 21 med
296 263 31 19 ett
341 261 78 26 förslag
434 262 6 19 i
456 264 76 20 ämnet.
562 262 40 27 Jag
617 262 41 21 kan
668 262 46 20 icke
724 262 53 20 fatta
784 260 54 21 huru
851 260 60 22 dessa

94 289 68 21 talare
184 290 61 21 tänkt
260 290 31 26 sig
306 290 65 21 saken
386 289 38 21 och
440 289 54 22 huru
509 292 26 20 de
549 291 8 20 i
572 291 67 21 denna
654 290 58 26 fråga
726 289 95 22 förordat
836 290 31 20 ett
881 288 30 21 af-

94 317 91 22 vikande
200 317 47 22 från
263 318 26 21 de
304 318 83 27 vanliga
402 317 112 23 formerna.
544 319 162 22 Statsutskottet
720 318 55 21 hade
790 317 88 21 kommit
889 317 21 20 in

93 346 32 21 till
148 347 114 21 ständerna
278 347 46 21 med
341 349 30 19 ett
385 346 138 29 betänkande,
539 348 36 21 der
590 348 36 21 det
640 347 96 26 föreslog,
751 348 31 19 att
797 346 114 21 ständerna

92 375 68 22 skulle
176 377 56 25 yttra
247 375 37 27 sig,
300 375 103 21 huruvida
418 375 261 28 diskussionsprotokollen
689 375 65 22 borde
765 374 84 28 tryckas
860 374 51 21 eller

93 403 18 27 ej
137 405 55 20 samt
217 404 48 21 med
287 404 71 21 hvilka
380 404 68 21 medel
470 405 75 21 sådant
567 405 67 21 skulle
649 404 43 26 ske,
709 411 33 14 om
758 403 70 22 dertill
842 402 67 22 skulle

93 433 108 20 användas
222 432 199 27 bevillningsmedel.
451 433 133 22 Beträffande
606 435 71 23 sättet,
702 434 27 25 på
746 432 80 21 hvilket
841 431 68 28 tryck-

93 461 76 27 ningen
184 461 68 21 skulle
267 461 131 25 verkställas,
419 461 54 22 hade
488 463 158 20 statsutskottet
661 461 115 26 föreslagit,
792 462 31 19 att
837 460 72 26 hvarje

92 489 62 22 stånd
169 489 120 22 sedermera
304 489 68 22 skulle
387 489 82 22 besluta
485 491 76 21 derom.
591 491 33 20 Då
640 490 86 21 ärendet
741 491 71 20 senast
827 489 83 21 förevar

91 518 7 20 i
113 519 156 26 presteståndet
285 518 43 21 blef
342 518 92 22 beslutet
449 519 81 26 sådant,
546 521 31 20 att
592 519 36 21 det
642 518 46 21 icke
703 518 88 21 svarade
800 519 44 20 mot
854 517 55 21 hvad

92 547 160 22 statsutskottet
274 547 93 22 önskade
389 547 21 22 få
426 547 31 22 till
473 554 52 15 svar.
556 547 163 23 Statsutskottet
735 546 93 22 önskade
842 548 32 19 att
888 545 21 22 få

92 578 54 23 veta,
162 575 103 22 huruvida
280 576 85 21 ståndet
380 578 75 24 ansett,
471 579 32 19 att
518 575 264 27 diskussionsprotokollen
792 575 52 21 böra
854 577 55 25 tryc-

92 604 44 21 kas.
166 604 76 21 Dertill
265 604 38 21 har
325 605 156 26 presteståndet
503 608 75 23 svarat,
599 606 32 20 att
646 604 36 21 det
697 610 68 20 anser,
781 606 32 19 att
828 603 81 21 diskus-

92 633 191 27 sionsprotokollen
309 633 51 21 böra
383 633 90 28 tryckas.
503 634 47 22 Men
573 634 27 27 på
623 633 40 21 den
685 633 65 21 andra
764 632 80 27 frågan,
860 631 49 22 med

91 661 71 22 hvilka
184 662 69 21 medel
275 663 68 20 denna
364 663 111 26 tryckning
497 663 38 21 bör
558 663 130 24 verkställas,
710 662 39 21 har
764 661 84 22 ståndet
862 660 46 22 icke

93 691 59 26 gifvit
167 691 64 26 något
246 697 53 15 svar.
330 691 33 20 Då
377 692 159 21 statsutskottet
550 691 40 22 fick
606 691 31 26 sig
652 690 120 22 meddeladt
787 691 35 20 det
833 689 74 26 beslut,

94 725 44 15 som
161 719 55 21 hade
231 719 72 21 fattats
319 719 22 21 af
354 720 161 26 presteståndet,
531 727 36 15 var
582 720 36 21 det
633 720 65 26 enligt
714 719 40 21 den
768 719 83 26 vanliga
865 718 43 21 for-

92 754 47 15 men
160 748 159 21 statsutskottet
338 749 48 20 sökt
408 751 32 18 att
461 749 78 26 pröfva,
560 749 54 20 huru
629 755 26 14 en
670 747 202 28 sammanjemkning
886 747 23 21 af

91 776 95 21 besluten
208 776 70 22 kunde
301 777 43 21 ske.
374 777 33 21 Då
430 784 47 14 man
498 778 102 27 jemförde
621 777 25 22 de
661 777 74 25 beslut,
750 783 45 15 som
811 776 25 21 de
852 775 55 22 olika

91 805 88 21 stånden
202 805 54 21 hade
278 805 68 27 fattat,
363 806 48 21 fann
427 813 48 14 man
491 809 32 19 att
537 809 32 18 tre
585 807 69 25 stånd,
670 805 104 26 nämligen
790 804 117 22 ridderska-

91 836 35 25 pet
149 834 38 21 och
211 834 68 25 adeln,
301 834 175 27 borgareståndet
491 835 38 22 och
545 835 155 27 presteståndet
714 834 109 21 förordnat
838 833 69 27 tryck-

90 863 50 27 ning
162 863 22 21 af
204 863 137 27 protokollen.
373 863 84 22 Tvenne
479 864 21 21 af
521 865 87 20 stånden
623 864 54 21 hade
692 865 47 24 sagt
754 863 70 21 hvilka
839 863 68 20 medel

92 891 69 22 dertill
176 892 59 21 skola
251 893 111 23 användas,
379 893 102 26 nämligen
498 892 197 28 bevillningsmedel.
721 892 41 22 Det
773 891 67 28 tredje
851 891 56 21 stån-

91 921 42 26 det,
151 921 160 26 presteståndet,
326 921 54 22 hade
395 922 79 21 lemnat
489 922 67 21 denna
572 923 37 20 sak
624 921 122 21 obesvarad.
774 921 11 21 TI
795 920 111 27 anledning

90 949 62 22 häraf
179 951 63 25 ansåg
266 951 164 26 statsutskottet,
447 951 32 21 för
494 954 32 18 att
540 951 70 21 kunna
626 950 164 28 sammanjemka
804 948 101 27 besluten,

90 979 31 27 sig
141 978 52 22 böra
208 981 51 25 göra
274 986 25 14 en
315 980 104 26 förfrågan
435 980 38 22 hos
489 980 153 27 presteståndet
658 980 52 20 huru
727 980 35 20 det
777 978 53 22 hade
846 978 60 21 tänkt

91 1008 31 26 sig
144 1008 71 21 saken.
245 1008 69 21 Saken
337 1008 41 21 kan
401 1015 86 15 numera
503 1009 44 21 icke
562 1008 91 26 förfalla;
671 1010 21 25 ty
708 1008 36 22 det
759 1010 23 19 är
797 1010 32 18 tre
844 1007 62 22 stånd

90 1042 44 15 som
151 1036 61 22 hafva
228 1037 92 26 beslutit,
336 1039 32 19 att
383 1038 132 26 protokollen
531 1038 59 21 skola
605 1037 89 27 tryckas.
720 1037 70 26 Fråga
800 1036 44 21 blef
852 1036 53 22 såle-

91 1065 42 25 des,
156 1068 32 18 att
210 1066 159 21 statsutskottet
389 1067 67 20 måste
480 1066 84 21 förorda
578 1066 189 25 sammansättning
782 1065 22 20 af
818 1066 30 19 ett
862 1065 43 20 för-

90 1094 68 21 stärkt
180 1094 81 21 utskott
283 1094 32 21 för
337 1096 31 19 att
383 1094 20 21 få
418 1095 66 21 saken
499 1095 87 26 afgjord.
616 1095 42 20 Det
673 1096 23 19 är
711 1094 40 21 den
767 1093 83 27 vanliga
864 1093 41 21 for-

90 1129 54 15 men.
174 1123 49 21 Icke
246 1123 40 20 kan
307 1123 159 22 statsutskottet
481 1124 59 26 börja
555 1126 31 19 att
601 1125 94 25 uppgöra
710 1123 77 26 förslag
803 1121 52 22 efter
870 1122 36 21 det

91 1157 39 15 ena
154 1152 39 21 och
216 1151 35 22 det
266 1152 66 21 andra
347 1152 95 22 ståndets
458 1153 85 24 önskan,
560 1155 50 19 utan
625 1152 159 21 statsutskottet
800 1151 38 21 bör
853 1157 53 21 upp-

88 1182 52 25 göra
160 1183 29 18 ett
213 1181 295 27 sammanjemkningsförslag,
531 1181 38 22 och
585 1181 41 21 kan
641 1181 75 21 sådant
732 1181 46 20 icke
793 1181 111 26 uppgöras,

89 1209 67 21 måste
180 1209 64 21 saken
266 1210 6 19 i
289 1209 70 27 dylika
375 1209 42 25 fall,
433 1216 44 15 som
494 1211 64 24 detta,
574 1211 26 25 gå
615 1209 31 21 till
662 1209 102 21 förstärkt
778 1209 88 21 utskott.
894 1208 11 21 I

88 1238 132 20 närvarande
241 1237 36 22 fall
300 1244 61 15 anser
375 1238 42 27 jag,
433 1240 31 19 att
479 1238 155 27 presteståndet
650 1238 88 21 handlar
753 1237 83 21 klokast
851 1237 8 20 i
874 1238 32 19 att

88 1266 73 21 förena
181 1266 31 27 sig
234 1267 47 21 med
303 1266 146 28 ridderskapet
471 1267 38 21 och
533 1268 60 20 adeln
610 1266 38 22 och
664 1266 180 27 borgareståndet.
874 1265 31 25 Ty

88 1295 93 21 besluter
195 1295 155 26 presteståndet
365 1296 32 26 sig
411 1296 32 20 till
459 1296 34 21 det
509 1302 52 18 svar,
571 1298 31 19 att
612 1296 132 26 protokollen
757 1295 46 21 icke
817 1294 88 22 behöfva

88 1324 90 26 tryckas,
194 1324 95 20 kommer
305 1324 36 20 det
356 1326 32 18 att
402 1324 95 26 upprifva
513 1327 30 18 ett
552 1324 57 20 förut
616 1324 77 20 fattadt
704 1323 68 21 beslut
782 1336 23 3 —
818 1323 86 20 hvarom

88 1352 36 21 det
148 1352 65 20 redan
238 1352 132 21 underrättat
395 1352 157 22 statsutskottet
576 1365 28 2 —
626 1354 51 19 utan
702 1354 32 19 att
753 1352 64 26 nägot
840 1352 64 20 annat

88 1380 61 21 ständ
165 1380 51 21 eller
231 1380 157 22 statsutskottet
403 1381 37 21 har
455 1380 90 27 inbjudit
555 1381 153 26 presteständet
718 1382 32 19 att
761 1380 74 26 frängä
846 1379 58 21 detta

88 1409 75 21 beslut.
193 1408 94 26 Derföre,
309 1409 69 21 såsom
399 1410 36 26 jag
454 1409 54 22 hade
524 1412 50 18 äran
589 1412 82 22 nämna,
687 1415 61 15 anser
761 1409 42 26 jag,
819 1410 31 19 att
866 1408 38 20 här

87 1438 46 20 icke
156 1439 23 19 är
201 1438 64 26 nägot
287 1440 65 19 annat
374 1438 87 26 möjligt,
484 1440 25 19 än
532 1440 31 19 att
577 1438 155 27 presteständet
746 1437 110 24 förklarar,
872 1438 32 20 att

88 1465 59 20 äfven
171 1465 35 19 det
229 1466 82 24 önskar,
332 1469 31 17 att
385 1466 105 20 allmänna
509 1466 66 20 medel
590 1466 60 20 skola
665 1466 105 20 användas
786 1466 31 19 till
832 1467 71 23 proto-

88 1493 80 21 kollens
183 1493 116 27 tryckning.
329 1493 152 27 Kyrkoherden
497 1493 110 25 Stenbäck,
623 1500 45 14 som
687 1493 102 21 framkom
806 1492 46 21 med
868 1492 36 21 det

88 1521 84 26 förslag,
197 1521 80 22 hvilket
291 1522 156 26 presteständet
461 1522 120 21 sedermera
596 1522 117 26 godkände,
729 1522 50 21 sade
795 1521 30 26 sig
841 1520 62 22 ocksä
