1092 1742
307 108 161 18 Presteståndet
479 109 54 17 1877.
556 110 28 16 80
596 109 45 21 maj.
822 104 53 21 1071

156 177 32 22 På
211 177 72 22 derom
301 177 61 27 gjord
375 158 100 50 anhållan
490 178 58 22 lades
563 178 54 22 dock
633 178 86 22 ärendet
733 178 14 22 å
762 178 76 22 bordet
852 177 53 22 intill

87 206 64 22 slutet
166 206 23 22 af
202 206 57 22 detta
274 206 92 27 plenum.

155 347 119 27 Föredrogs
290 347 215 22 ekonomiutskottets
516 347 148 23 betänkande
655 343 14 36 i
676 348 112 27 anledning
799 347 22 23 af
829 350 77 19 tvänne

87 376 56 21 inom
159 375 175 28 borgareståndet
345 376 74 22 väckta
430 376 177 28 petitionsförslag
619 377 90 22 rörande
721 377 91 27 lindring
823 377 6 21 i
841 377 66 27 några

86 404 194 22 stadskommuners
295 405 226 28 inqvarteringstunga.

154 461 116 22 Bordlades
282 462 33 22 till
329 462 82 23 hösten.

155 605 119 27 Föredrogs
285 608 151 20 sammansatta
446 606 44 27 lag-
499 606 38 21 och
549 606 214 21 ekonomiutskottets
773 605 133 22 betänkande

87 634 6 21 i
116 633 112 26 anledning
243 635 21 20 af
279 635 57 20 Hans
352 634 116 27 Kejserliga
484 635 109 26 Majestäts
608 635 76 26 nådiga
699 634 130 28 proposition
845 635 62 26 angå-

88 662 53 21 ende
156 663 147 27 gästgifverien
319 662 38 23 och
370 663 193 27 skjutshållningen.

156 720 33 21 Då
212 719 36 22 det
270 720 66 21 finska
359 720 130 27 exemplaret
511 720 23 21 af
555 721 58 21 detta
635 720 132 22 betänkande
790 719 46 22 icke
851 722 54 19 ännu

88 747 67 23 blifvit
171 749 6 20 i
193 749 85 21 ståndet
292 748 102 26 utdeladt,
410 749 70 22 kunde
496 749 143 22 betänkandet
653 749 46 21 icke
715 749 126 26 bordläggas
857 750 50 19 utan

88 776 80 22 beslöts
183 776 56 22 blott
254 777 32 21 till
301 777 126 26 anteckning
442 779 5 20 i
464 778 127 27 protokollet
604 784 33 15 om
649 780 32 19 att
691 777 36 22 det
739 777 88 22 svenska
839 783 69 16 exem-

88 805 68 28 plaret
172 805 67 22 blifvit
252 806 7 21 i
274 806 85 21 ståndet
375 806 101 22 utdeladt.

157 947 89 22 Ståndet
268 948 32 21 till
322 948 118 22 kännedom
463 948 122 28 föredrogos
601 948 93 27 följande
709 948 47 21 från
770 948 138 21 medstånden

88 976 100 22 inkomna
202 976 208 28 protokollsutdrag:

158 1033 42 28 1:0)
216 1034 46 22 från
277 1034 114 27 höglofliga
405 1034 146 27 ridderskapet
566 1034 38 22 och
620 1034 63 22 adeln
697 1034 23 21 af
731 1034 41 21 den
785 1034 26 22 25
822 1034 7 21 i
840 1034 69 21 denna

89 1062 77 22 månad
188 1063 48 21 med
259 1062 161 26 underrättelse,
436 1064 32 20 att
484 1063 98 21 bemälda
596 1063 62 21 stånd
673 1063 22 27 a)
711 1063 95 26 godkänt
821 1064 87 20 statsut-

88 1091 92 22 skottets
202 1092 135 20 betänkande
360 1092 108 26 angående
490 1092 126 21 förändrade
638 1092 92 26 grunder
752 1092 33 20 för
801 1093 107 24 ränteper-

89 1120 220 26 sedleomsättningen,
325 1120 22 23 b)
364 1120 131 22 beträffande
506 1121 106 20 allmänna
622 1120 203 21 besvärsutskottets
836 1120 72 20 betän-

90 1148 69 22 kande
174 1148 7 21 i
196 1148 114 27 anledning
324 1148 23 22 af
360 1149 104 21 särskilda
476 1150 112 26 petitioner
599 1155 32 15 om
644 1148 68 22 finska
722 1148 98 27 språkets
832 1148 77 27 lagliga
928 1156 2 2 '

89 1176 127 27 rättigheter
231 1179 85 19 stannat
331 1176 8 21 i
354 1177 36 21 det
405 1177 69 21 beslut
489 1178 48 20 att
530 1172 12 36 i
548 1178 67 20 likhet
625 1178 47 20 med
683 1178 54 20 hvad
751 1177 49 21 herr
811 1177 97 26 Pipping-

89 1205 61 22 sköld
172 1206 114 26 föreslagit,
309 1205 93 22 förklara
424 1208 33 18 att
479 1206 146 26 ridderskapet
645 1206 39 21 och
707 1206 61 20 adeln
791 1205 67 21 finner
873 1206 36 20 det

90 1240 51 15 vara
156 1234 78 26 utredt,
250 1236 32 20 att
296 1234 110 22 frukterna
416 1234 24 21 af
448 1234 76 26 nådiga
535 1234 174 26 förordningarna
719 1234 23 20 af
751 1234 40 21 den
804 1235 6 20 1
825 1234 84 26 augusti

91 1262 55 22 1863
168 1263 40 21 och
231 1262 39 22 den
292 1263 28 21 20
341 1262 94 22 februari
459 1264 53 20 1865
528 1263 45 21 icke
589 1262 90 27 uppnått
694 1263 41 20 den
750 1262 97 26 mognad,
863 1268 46 16 som

90 1290 92 28 önskligt
203 1291 61 27 varit,
287 1297 47 15 men
356 1291 7 21 i
387 1291 39 21 den
449 1292 63 20 säkra
534 1291 138 27 öfvertygelse
689 1293 34 19 att
737 1291 103 27 styrelsen
855 1290 54 22 skall

90 1320 86 26 vidtaga
191 1320 79 21 sådana
285 1320 100 26 åtgärder
400 1320 136 26 hvarigenom
551 1320 26 21 de
592 1320 7 21 i
615 1320 39 21 den
668 1320 52 20 först
732 1320 91 20 nämnda
833 1320 77 26 nådiga

89 1348 151 26 förordningen
256 1348 95 22 uttalade
366 1348 136 26 grundsatser
517 1349 6 21 i
539 1349 39 21 den
589 1354 48 16 mon
649 1348 186 26 undervisningens
845 1348 66 21 admi-

90 1376 151 21 nistrationens
256 1376 39 21 och
310 1376 146 21 rättsvårdens
468 1377 103 20 intressen
582 1377 36 20 det
629 1376 109 26 medgifva,
751 1376 38 21 allt
799 1378 111 24 strängare

90 1405 62 21 skola
174 1404 106 27 tillämpas
301 1404 56 22 icke-
369 1410 63 15 anser
453 1405 74 25 nödigt
547 1411 52 15 vara
621 1407 32 19 att
667 1405 7 20 i
689 1404 98 22 afseende
802 1404 13 21 å
829 1405 7 21 i
851 1404 60 26 fråga

90 1433 93 21 varande
204 1433 114 26 petitioner
336 1432 69 27 någon
421 1432 27 27 på
463 1433 147 26 ridderskapet
625 1432 39 22 och
679 1432 62 22 adeln
757 1432 154 22 ankommande

90 1461 76 27 åtgärd
182 1461 100 28 vidtages,
298 1461 20 26 c)
334 1461 87 22 beslutit
436 1463 31 19 att
477 1461 48 22 med
538 1461 111 27 anledning
659 1461 24 21 af
689 1461 140 27 landtdagens
839 1461 72 26 ajour-

91 1490 73 28 nering
179 1490 46 22 från
242 1493 10 19 1
267 1490 46 27 juni
330 1490 30 22 till
378 1491 9 20 1
406 1489 90 23 oktober
511 1489 138 29 expeditions-
665 1490 39 21 och
713 1489 198 28 justeringsutskot-
