1095 1731
208 114 41 20 990
429 118 160 18 Presteständet
602 119 53 16 1877.
680 118 25 16 26
717 119 48 20 maj.

179 187 120 21 kostnaden
314 187 32 21 för
362 187 36 21 det
411 186 47 26 hus,
474 192 44 15 som
533 186 88 21 föresläs
633 187 32 20 att
677 186 78 26 byggas
765 185 48 27 plus
822 186 175 26 inköpssumman

180 215 32 21 för
232 215 140 21 riddarhuset.
403 215 41 20 Det
466 215 66 21 finnes
555 221 25 14 en
597 214 86 27 tillgäng
699 215 38 20 och
753 215 35 21 det
804 216 23 19 är
842 214 26 21 de
883 214 114 28 inflytande

180 244 121 21 intraderna
323 243 46 21 frän
391 243 141 25 riddarhuset,
554 250 45 14 som
622 243 64 23 enligt
705 243 83 27 uppgift
802 243 69 27 uppgä
888 244 31 20 till
935 244 62 23 9,000

180 273 60 21 mark
255 278 34 16 om
305 272 46 22 året
366 272 40 22 och
421 278 45 15 som
482 272 127 21 åtminstone
623 272 26 21 de
660 271 66 22 första
735 272 51 21 åren
799 272 71 21 kunna
883 272 113 25 användas,

179 302 65 20 innan
266 302 36 20 det
317 301 99 27 päbörjas
431 301 47 21 med
495 302 24 20 de
535 301 152 26 förändringar,
703 307 44 15 som
763 303 37 19 äro
815 300 135 27 nödvändiga
965 301 33 21 för

180 332 33 19 att
227 330 20 21 fä
263 329 26 22 de
303 330 8 20 i
325 330 66 20 nedra
401 329 102 27 väningen
516 329 106 26 befintliga
631 329 109 22 lokalerna
753 330 88 20 inredda
852 330 32 20 till
895 330 103 21 utskotts-

180 358 87 22 lokaler.
298 358 48 22 Men
369 358 27 21 dä
416 358 105 21 utskottet
543 358 109 26 föreslagit
667 360 31 19 att
713 358 74 26 frägan
803 358 54 21 skall
874 358 125 27 hänskjutas

181 387 32 21 till
235 387 165 25 statsutskottet,
423 388 60 24 tager
497 387 36 27 jag
548 386 32 22 för
595 386 69 26 gifvet,
681 388 31 20 att
727 387 161 21 statsutskottet
903 387 97 21 kommer

180 417 33 19 att
234 415 77 22 föreslä
334 416 46 20 icke
399 415 90 21 allenast
505 416 34 20 det
554 415 83 23 arvode,
653 421 44 15 som
713 416 129 21 tillkommer
857 416 41 20 den
914 416 84 26 delega-

180 444 52 25 tion,
248 450 45 16 som
308 444 114 21 ständerna
437 445 52 25 utse,
506 446 50 19 utan
572 443 63 21 ocksä
650 444 93 21 beräkna
758 444 144 22 kostnaderna
916 444 34 21 för
963 444 36 21 det

181 473 87 26 inköpta
283 473 73 21 husets
371 472 116 25 underhäll,
502 472 121 27 reparation
639 478 26 15 m.
682 479 26 16 m.
724 472 77 22 sädant
811 475 55 19 samt
878 472 53 22 huru
942 473 57 21 med-

181 501 34 21 len
233 501 60 21 skola
307 500 111 26 anskaffas,
434 500 79 22 hvilket
529 502 39 20 allt
583 500 73 22 blifver
671 501 77 27 frågor,
764 507 45 15 som
825 501 53 22 efter
888 502 69 26 någon
967 501 32 22 tid

181 530 85 21 komma
281 530 67 21 under
362 530 102 21 ständens
479 530 137 26 behandling.

250 592 76 22 Pastor
350 593 87 26 Lyra:
467 592 40 26 Jag
529 598 106 22 upprepar
657 594 54 20 ännu
729 594 32 20 att
774 592 36 28 jag
826 595 47 20 tror
888 595 32 19 att
935 593 66 21 saken

181 620 33 22 får
239 628 25 14 en
287 622 66 20 sådan
378 621 85 26 utgång,
489 627 44 15 som
558 623 25 19 de
608 620 58 22 flesta
682 622 84 23 önskat,
782 628 34 14 om
832 622 86 20 ståndet
933 622 69 20 skulle

181 650 74 20 förena
277 650 32 26 sig
329 656 34 14 om
386 650 40 20 den
448 650 145 26 formulering,
614 656 43 14 som
681 650 82 26 nyligen
784 650 141 26 presterades.
955 650 47 21 Den

182 678 80 21 lemnar
285 678 22 21 ät
328 678 25 21 de
376 678 125 26 delegerade
523 678 40 20 den
586 678 92 21 önskade
699 678 90 22 friheten
810 678 38 22 och
865 679 74 21 binder
954 678 48 22 dem

180 706 67 27 jemat
269 706 24 21 sä
316 706 89 27 mycket,
428 712 44 16 som
495 708 24 19 är
541 707 22 20 af
582 706 74 21 nöden.
687 706 28 22 Sä
729 709 94 19 tacksam
837 707 37 27 jag
888 708 27 20 än
931 709 24 19 är
970 707 33 21 för

183 736 40 20 den
247 734 21 22 af
289 738 86 24 prosten
396 734 58 27 Hjelt
475 735 95 21 lemnade
592 735 157 27 upplysningen,
766 735 68 21 mäste
847 736 36 26 jag
898 738 57 23 säga,
971 737 32 19 att

181 764 36 26 jag
237 764 121 24 visserligen
374 763 147 27 beklagligtvis
536 764 77 20 lemnat
629 769 100 20 passaren
744 765 7 19 i
766 764 42 20 min
824 764 179 26 hemförsamling,

183 792 37 21 der
235 792 36 21 det
286 792 99 26 uppföres
405 794 31 19 ett
450 792 145 21 folkskolehus
611 792 46 21 med
673 793 84 26 mycket
771 794 69 19 större
856 793 103 21 skolsalar
975 794 27 19 än

183 820 38 22 här
243 826 28 15 nu
293 820 109 26 behöfvas,
425 820 39 22 och
487 822 53 20 trots
563 821 48 21 herr
631 823 97 25 prostens
743 821 133 27 upplysning,
892 823 33 20 att
940 822 63 21 dessa

182 849 81 27 platser
278 850 37 20 äro
334 851 64 25 tagna
412 849 94 26 dubbelt,
522 850 42 20 kan
577 850 36 26 jag
627 850 47 21 icke
689 850 74 26 frängä
778 850 36 21 det
829 852 33 19 att
877 850 39 21 här
931 852 72 24 träng-

184 878 43 21 seln
250 878 95 21 kommer
367 880 31 18 att
421 878 64 21 blifva
506 880 45 20 stor
565 884 47 21 nog.
643 878 60 22 Efter
718 879 44 20 min
777 879 118 27 beräkning
911 879 40 21 blir
967 878 36 22 det

183 906 33 22 för
238 907 72 27 hvarje
332 907 163 21 ständsmedlem
520 907 48 27 11/,
590 907 34 21 aln
640 907 28 27 pä
683 906 99 22 bredden.
812 907 42 21 Det
870 910 24 18 är
909 914 41 20 nog
964 907 39 21 bra

183 936 46 20 litet
245 935 38 21 och
298 935 42 21 kan
355 941 63 21 passa
433 935 33 21 för
482 936 71 26 nägra,
569 942 47 14 men
631 936 45 21 icke
692 936 33 21 för
741 936 49 21 alla.

252 992 89 22 Prosten
356 992 168 27 Dahlberg:
555 993 42 21 För
613 994 41 20 min
670 993 34 21 del
719 995 113 19 motsätter
845 993 37 27 jag
898 994 42 26 mig
956 993 49 21 hela

185 1020 220 28 byggnadsföretaget,
428 1021 87 21 emedan
537 1022 117 20 kostnaden
669 1022 33 21 för
717 1028 27 15 en
759 1021 66 22 sådan
841 1022 96 26 byggnad
953 1028 52 21 upp-

184 1051 38 25 går
237 1050 32 21 till
285 1049 24 21 så
324 1052 58 18 stora
397 1056 99 20 summor,
513 1053 31 18 att
559 1050 26 21 de
599 1050 49 21 vida
663 1050 114 27 öfverväga
791 1050 97 22 fördelen
904 1052 23 20 af
940 1051 65 27 bygg-

184 1078 75 25 naden,
274 1078 24 22 så
312 1078 62 27 länge
389 1079 19 21 vi
424 1078 62 22 hafva
502 1079 125 26 landtdagar
643 1079 75 21 endast
733 1080 62 20 hvart
810 1080 65 21 femte
892 1080 29 20 år.

253 1135 83 22 Doktor
380 1136 145 27 Hornborg:
554 1137 41 25 Jag
609 1135 67 23 finner
691 1136 105 28 professor
813 1137 98 21 Donners
927 1136 78 28 förslag

185 1164 88 26 erbjuda
293 1164 111 27 tillräcklig
419 1164 64 22 frihet
497 1165 32 21 för
545 1165 145 26 delegationen
705 1166 40 20 och
761 1166 111 26 möjlighet
888 1168 32 19 att
936 1166 70 21 åstad-

184 1194 85 20 komma
291 1194 30 20 ett
340 1193 24 21 så
380 1194 195 21 tillfredsställande
590 1194 131 25 ständerhus,
737 1200 45 15 som
798 1201 48 15 man
863 1194 42 22 kan
921 1194 85 28 begära.

184 1221 41 27 Jag
240 1222 68 21 skulle
324 1222 72 20 derför
410 1222 65 21 också
490 1222 26 21 be
531 1224 32 19 att
578 1222 21 21 få
614 1222 83 21 biträda
713 1223 42 21 det.

255 1278 60 20 Efter
337 1278 93 20 afslutad
448 1278 119 20 diskussion
582 1278 121 27 godkändes
719 1279 27 27 på
761 1279 49 21 herr
825 1280 182 21 talmannens

185 1305 156 27 framställning
363 1306 25 20 de
409 1306 28 26 på
460 1306 37 21 sid.
520 1308 22 19 11
561 1307 6 20 i
583 1306 237 22 utskottsbetänkandet
836 1309 107 25 upptagna
959 1308 18 25 1,
993 1308 14 20 2

186 1333 39 22 och
243 1334 12 22 3
271 1336 125 20 momenten.

254 1390 114 22 Hvarefter
391 1391 46 21 med
460 1391 85 27 ledning
567 1392 22 21 af
609 1392 39 22 den
670 1392 5 21 i
696 1394 71 20 ämnet
782 1392 62 22 förda
859 1393 148 21 diskussionen

186 1419 39 23 och
248 1420 64 21 sedan
333 1420 107 27 professor
455 1421 86 21 Donner
555 1421 80 21 biträdt
651 1421 72 21 rektor
738 1422 111 22 Kihlmans
864 1422 80 26 förslag
959 1423 47 21 med

186 1448 98 22 afseende
306 1450 13 20 å
341 1450 36 20 det
399 1449 27 27 på
448 1450 86 21 sidorna
557 1451 26 20 12
605 1450 39 22 och
661 1452 26 19 13
702 1450 173 23 förekommande
891 1453 117 20 momentet

185 1478 92 26 följande
293 1478 272 27 omröstningsproposition
580 1478 140 28 uppställdes:
