1086 1820
327 118 159 19 Presteståndet
498 120 53 16 1877.
577 120 22 17 15
611 120 48 21 maj.
832 114 41 21 T15

86 188 37 21 sitt
147 187 135 22 betänkande
307 189 87 20 nämner
415 188 44 21 lilla
480 188 113 22 katekesen
614 190 45 20 före
681 189 92 22 bibliska
794 189 108 21 historien.

86 216 65 21 Detta
167 216 39 21 har
222 217 77 20 doktor
313 217 99 21 Lindelöf
424 217 65 21 redan
505 217 47 21 sökt
567 217 101 25 förklara,
684 224 46 15 men
744 218 37 26 jag
796 218 39 20 har
845 219 57 19 ännu

85 251 25 14 en
134 251 69 15 annan
225 245 193 28 förklaringsgrund
434 245 77 22 härför.
541 246 42 21 För
598 246 43 21 min
657 246 33 21 del
705 247 65 26 ansåg
786 246 39 21 och
840 252 62 15 anser

83 273 44 27 jag,
143 276 32 19 att
190 273 56 22 båda
260 274 66 21 borde
341 274 56 21 läsas
412 274 88 27 ungefär
515 275 6 20 i
537 274 67 21 bredd
619 275 48 21 med
683 275 119 21 hvarandra
818 274 38 22 och
865 275 37 26 jag

85 305 45 18 tror
150 302 40 26 väl,
214 305 32 18 att
261 303 26 20 de
302 303 66 21 andra
383 303 116 21 utskottets
514 303 137 22 medlemmar
666 303 55 21 hade
736 309 80 16 samma
831 304 71 21 tanke.

85 331 48 22 Men
157 330 27 23 då
200 331 36 21 det
251 331 19 28 ej
286 338 37 15 var
337 331 87 28 passligt
440 331 51 22 eller
505 332 98 27 skickligt
619 334 31 19 att
665 331 80 22 skrifva
759 332 89 21 katekes
864 332 38 21 och

85 360 89 22 historia
189 361 27 26 på
231 361 126 26 hvarandra,
372 360 67 22 skrefs
455 361 114 21 katekesen
584 361 54 22 först
653 361 40 21 och
708 361 131 22 omedelbart
854 361 48 21 der-

86 389 53 22 efter
161 389 90 22 bibliska
266 390 109 21 historien.
391 402 27 2 —
433 390 43 21 För
491 390 63 27 öfrigt
569 390 67 21 måste
649 390 37 27 jag
701 390 104 26 bekänna,
821 392 32 19 att
866 390 36 27 jag

85 419 68 21 under
168 419 136 26 domprosten
320 419 66 26 Borgs
402 419 62 26 långa
479 419 134 26 andragande
628 419 92 27 tappade
735 419 49 22 bort
796 420 42 26 mig
850 419 52 28 sjelf,

85 447 24 21 så
131 449 32 20 att
183 448 36 26 jag
243 448 18 26 ej
282 450 34 18 vet
330 448 62 20 bvart
407 447 49 21 herr
472 448 89 21 doktorn
577 448 39 21 och
632 449 135 25 domprosten
784 448 118 26 egentligen

85 476 48 21 ville
149 476 91 21 komma.

154 534 140 26 Domprosten
318 534 86 26 Borg:
428 534 40 26 Jag
483 534 80 27 hoppas
578 534 33 21 för
625 534 43 21 min
683 534 41 26 del,
740 536 32 20 att
788 535 114 21 diskussio-

85 570 46 19 nen,
147 562 24 22 så
185 562 105 27 underligt
307 563 39 21 den
361 562 39 22 har
415 562 78 22 utfallit
511 563 3 21 i
530 563 68 21 denna
612 563 66 26 fråga,
694 564 56 20 ändå
764 564 53 21 skall
832 570 70 21 gagna

85 592 65 22 saken
166 592 39 21 och
221 592 122 26 sanningen.
372 591 40 25 Jag
426 592 37 20 vill
478 591 60 27 fråga
553 592 76 20 doktor
645 592 69 26 Bergh
730 592 38 22 och
784 592 42 22 alla
846 593 55 26 dem,

86 628 44 14 som
146 620 105 22 måhända
266 620 65 21 tänka
346 620 42 21 lika
403 621 48 20 med
466 620 83 26 honom,
566 622 38 19 när
616 621 37 27 jag
668 621 39 21 har
722 624 52 24 sagt,
791 623 32 20 att
833 622 69 21 finska

85 650 77 22 folkets
184 650 193 27 religionsbildning
400 652 24 19 är
446 649 72 26 sådan,
541 656 44 15 som
604 650 37 27 jag
661 650 39 21 har
715 650 82 25 önskat,
813 653 33 19 att
861 651 40 22 den

85 679 66 22 måtte
174 679 71 21 blifva.
275 679 74 26 Aldrig
370 679 39 21 har
429 679 37 26 jag
481 679 23 21 så
519 679 65 21 lefvat
598 679 49 21 med
662 681 80 24 ögonen
758 680 42 21 fast
815 680 48 21 mitt
878 680 25 21 lif

85 709 89 26 igenom,
198 710 31 19 att
250 708 36 27 jag
308 708 18 27 ej
342 707 67 22 skulle
424 710 54 24 veta,
493 708 54 21 huru
563 708 35 21 det
613 708 45 21 står
673 708 31 21 till
720 709 48 21 med
784 709 36 21 det
834 709 68 22 finska

85 737 78 22 folkets
185 737 101 26 bildning.
316 737 48 20 Men
387 737 35 21 det
444 739 24 18 är
484 743 25 15 en
525 743 68 15 annan
609 737 44 26 sak,
667 737 36 26 jag
719 737 39 21 har
773 737 56 22 velat
844 739 57 26 säga,

85 768 33 19 att
140 765 104 27 nämligen
266 765 156 22 förbättrandet
444 766 22 20 af
487 765 276 28 religionsundervisningen
785 766 45 22 icke
853 767 49 22 sker

85 801 75 21 genom
183 797 32 19 att
231 795 116 20 bestämma
361 800 66 21 pensa
442 795 32 20 för
489 795 71 20 innan-
577 795 39 21 och
632 795 140 27 utanläsning,
788 797 50 19 utan
854 795 6 21 i
876 802 25 15 en

85 824 91 27 verkligt
200 823 177 27 genomgripande
393 823 76 21 reform
485 823 23 21 af
522 823 73 27 sjelfva
609 823 182 28 undervisningen.
822 824 41 21 Det
878 827 24 19 är

85 854 6 20 i
115 853 58 21 detta
188 852 98 21 afseende
299 852 36 27 jag
350 852 67 21 skulle
433 853 73 24 önska,
522 854 31 19 att
569 852 76 21 doktor
660 852 69 26 Bergh
745 853 39 21 och
800 853 60 21 äfven
876 854 26 21 de

85 882 66 21 andra
166 882 66 21 måtte
246 881 131 26 allvarligare
393 881 86 21 besinna
494 881 56 21 mina
565 881 44 21 ord.
635 881 40 26 Jag
685 881 38 21 har
735 881 69 22 blifvit
815 881 87 28 beskyld

85 911 32 21 för
140 910 118 22 idealistisk
280 910 160 26 framställning,
463 910 32 20 för
516 910 48 26 lögn
587 916 26 14 m.
637 916 34 18 m.,
687 911 51 20 utan
754 912 31 20 att
802 912 30 20 ett
848 912 54 20 enda

87 940 37 21 ord
139 940 22 21 af
175 940 42 26 mig
232 939 39 21 har
286 938 141 25 förekommit,
443 939 37 21 der
493 938 37 28 jag
541 938 68 22 skulle
625 938 62 22 hafva
703 941 52 25 sagt,
771 941 32 19 att
818 946 26 14 en
859 940 43 21 för-

85 969 88 27 samling
195 969 73 24 finnes,
291 968 37 21 der
349 968 274 26 religionsundervisningen
645 969 24 19 är
684 968 112 22 utvecklad
811 969 33 21 till
860 970 42 26 det,

85 1004 45 15 som
151 998 35 27 jag
210 998 53 20 ville.
292 997 49 21 Men
363 997 40 21 den
428 999 58 24 prest
500 996 7 22 i
522 996 100 22 Finlands
637 996 146 28 församlingar
798 1010 27 2 —
840 998 62 22 hvem

86 1027 54 21 helst
163 1027 41 21 han
227 1032 51 15 vara
300 1026 35 21 må
351 1038 21 2 —
388 1032 46 15 som
449 1026 60 26 nöjer
524 1026 31 26 sig
571 1026 47 20 med
634 1032 37 14 ren
685 1026 71 20 innan:
774 1026 52 22 eller
841 1029 61 19 utan-

85 1056 82 26 läsning
182 1058 51 18 utan
248 1055 66 26 något
328 1054 95 22 förstånd
438 1054 38 21 har
492 1055 18 27 ej
526 1067 27 3 —
569 1054 35 22 det
619 1056 24 19 är
659 1055 58 21 detta
730 1055 36 27 jag
781 1056 55 20 velat
852 1058 51 25 säga

85 1098 26 2 —
128 1084 94 27 fullgjort
238 1084 31 21 sin
284 1083 126 27 skyldighet,
426 1084 39 21 och
482 1083 26 21 då
523 1085 86 25 prosten
624 1084 56 20 Roos
695 1085 68 25 säger,
774 1086 33 19 att
814 1084 37 27 jag
862 1085 40 21 läst

85 1114 89 22 emellan
190 1114 96 24 raderna,
302 1112 37 22 ber
352 1112 41 27 jag,
410 1114 31 19 att
456 1114 86 24 prosten
557 1112 48 21 ville
621 1112 87 21 besinna
718 1114 32 20 att
760 1112 38 22 här
809 1114 24 20 är
842 1114 61 26 fråga

86 1150 32 14 om
142 1141 214 27 minimi-fordringar.
386 1142 45 20 När
453 1148 49 14 man
525 1141 54 21 talar
597 1148 32 14 om
646 1142 209 27 minimi-fordringar
869 1143 34 21 för

85 1172 109 26 intagning
218 1171 5 19 i
247 1170 122 22 skriftskola
392 1170 38 21 och
446 1172 68 24 säger,
530 1172 31 19 att
577 1170 61 21 dessa
653 1170 60 22 bestå
727 1171 7 20 i
750 1171 152 27 innanläsning,

85 1201 91 21 Luthers
200 1200 44 21 lilla
266 1199 87 21 katekes
368 1199 40 21 och
423 1199 91 21 bibliska
528 1198 111 22 historiens
654 1200 140 26 utanläsning,
809 1200 23 20 så
848 1200 55 22 hade

83 1230 38 26 jag
136 1229 82 25 önskat,
236 1230 31 20 att
282 1234 47 15 man
346 1228 68 21 tillika
428 1228 55 21 hade
498 1230 47 25 sagt
559 1228 65 26 något
640 1234 33 16 om
684 1228 118 22 förståndet
812 1228 23 22 af
844 1229 59 21 detta

85 1259 93 21 läsande.
208 1257 47 27 Nog
270 1259 35 19 vet
317 1257 42 27 jag,
375 1257 56 21 hvad
447 1258 77 20 doktor
538 1256 69 27 Bergh
623 1257 72 27 tyckes
710 1257 50 27 vilja
775 1259 40 25 tro,
826 1259 32 20 att
866 1258 37 27 jag

86 1288 19 26 ej
130 1288 68 20 skulle
219 1287 77 26 känna,
316 1286 54 21 huru
393 1286 36 22 det
450 1286 44 21 står
514 1286 31 21 till
561 1286 48 21 med
623 1286 225 27 hemundervisningen
863 1287 40 21 och

85 1316 48 22 med
150 1316 25 21 de
190 1322 58 14 arma
263 1315 108 21 stackares
386 1315 154 27 undervisning,
556 1321 44 15 som
616 1314 18 27 ej
651 1321 36 15 ens
702 1315 62 21 hafva
782 1321 53 21 egna
847 1316 55 21 hem.

87 1346 48 20 Men
148 1344 36 27 jag
199 1344 39 21 har
253 1344 57 21 velat
325 1345 56 25 säga,
396 1346 33 19 att
444 1344 36 21 det
495 1343 99 21 behöfves
610 1344 83 26 mycket
708 1350 57 15 mera
781 1346 32 18 att
826 1344 19 21 vi
856 1351 47 19 pre-

86 1376 43 19 ster
151 1373 65 21 tänka
238 1373 33 26 på,
294 1372 54 21 huru
371 1372 19 21 vi
404 1373 8 20 i
427 1373 51 20 våra
492 1372 147 27 församlingar
655 1372 59 21 skola
728 1372 22 21 få
766 1372 35 21 det
816 1373 86 26 derhän,

87 1404 32 19 att
141 1402 36 21 det
201 1402 40 21 blir
257 1408 25 15 en
298 1401 246 26 religionsundervisning
559 1401 6 20 i
581 1400 58 21 Guds
654 1401 70 26 heliga
739 1401 88 26 sanning
842 1401 39 21 och
896 1402 7 20 i

86 1431 53 21 hans
155 1430 69 26 heliga
236 1430 45 21 ord.
310 1430 66 21 Detta
390 1430 49 21 sker
454 1430 46 21 icke
515 1431 50 19 utan
581 1429 50 21 våra
647 1429 122 26 småskolor,
784 1429 59 21 detta
855 1430 49 21 sker

86 1459 47 21 icke
149 1460 51 18 utan
216 1458 50 20 våra
281 1458 171 25 ambulatoriska,
468 1458 163 25 söndagsskolor
646 1458 39 19 och
701 1458 63 20 också
778 1458 52 20 våra
848 1458 56 20 folk-

87 1487 77 21 skolor.
194 1486 33 21 Då
247 1486 36 26 jag
307 1485 82 21 derföre
411 1486 39 20 har
471 1486 54 20 talat
545 1491 33 14 om
600 1487 33 18 att
654 1491 48 14 man
723 1485 19 26 ej
765 1491 58 15 mera
838 1486 65 20 borde

86 1516 86 21 komma
194 1514 53 22 fram
270 1515 47 21 med
341 1514 39 21 den
400 1514 71 27 gamla
492 1516 70 19 satsen
578 1519 33 15 om
627 1514 72 20 innan-
715 1513 39 21 och
769 1514 135 26 utanläsning

813 1554 22 18 50
