1086 1814
331 135 159 18 Presteståndet
502 137 53 17 1877.
578 137 14 16 4
603 136 47 21 maj.
831 130 40 21 695

85 204 139 27 utskylderna
247 206 36 20 äro
307 205 94 26 betalda;
416 206 66 26 gifver
496 206 46 21 åter
557 212 26 15 en
599 206 178 26 polismyndighet
791 207 24 19 ut
830 205 71 26 betyg,

84 232 73 27 frågar
171 232 40 22 den
226 233 47 21 icke
288 233 53 21 efter
357 240 33 15 om
400 234 260 26 kommunalutskylderna
671 236 37 18 äro
720 233 93 22 betalda.
829 233 72 21 Skulle

85 261 25 21 de
126 261 166 21 arbetssökande
312 262 62 20 hafva
390 264 31 19 att
436 263 70 20 vända
520 263 30 26 sig
565 262 56 21 blott
635 261 32 22 till
682 268 26 14 en
724 261 122 27 myndighet
861 261 40 21 och

85 289 68 21 denna
175 290 45 20 icke
243 290 63 21 hafva
328 292 44 19 rätt
394 292 31 20 att
446 290 80 27 utgifva
548 291 63 26 betyg
625 290 23 21 åt
662 291 67 20 andra
743 292 26 19 än
786 290 53 25 dem,
856 295 44 15 som

83 320 97 24 prestera
194 318 60 27 intyg
269 317 58 22 öfver
342 320 32 20 att
388 319 42 21 alla
445 319 108 27 utskylder
569 320 36 20 äro
621 318 91 26 betalda,
728 318 69 21 skulle
811 318 47 21 icke
869 318 32 20 så-

84 346 55 22 dana
161 346 145 22 förhållanden
328 347 84 21 komma
434 349 32 20 att
486 348 91 25 inträffa,
599 353 46 15 som
667 353 28 15 nu
718 346 136 24 förekomma,
869 348 32 20 att

83 380 101 22 personer
206 375 73 27 finnas,
301 381 44 15 som
367 376 46 21 icke
434 376 28 27 på
484 376 32 26 sju
538 377 12 19 å
564 377 45 21 åtta
623 376 24 21 år
662 375 68 27 erlagt
744 376 157 20 kommunalut-

83 403 90 27 skylder.
204 404 32 21 De
251 404 90 22 behöfva
357 404 69 22 derför
435 405 47 21 icke
494 405 118 21 rubriceras
623 405 69 21 såsom
704 404 87 27 specielt
801 404 101 22 oordent-

83 433 42 27 liga
148 439 101 21 personer
263 433 90 22 likasom
368 434 25 21 de
410 433 64 22 oftast
488 434 71 21 kunna
573 440 52 15 vara
641 434 83 26 mycket
740 432 160 27 arbetssamma,

84 468 46 15 men
151 462 167 25 förhållandena,
334 462 79 21 sådana
428 463 25 21 de
469 463 99 27 gestaltat
583 462 37 26 sig,
635 464 52 24 göra
702 464 31 19 att
749 462 26 21 de
790 462 68 26 slippa
873 462 28 21 all

84 491 108 26 betalning
214 490 23 22 af
251 491 46 21 sina
311 491 115 27 utskylder.
457 492 37 20 Att
509 492 46 20 åter
571 490 83 27 angifva
670 491 46 21 dem
731 490 42 22 blir
787 490 58 21 svårt
861 490 40 22 och

84 519 77 23 odiöst,
177 519 58 21 såväl
250 520 33 20 för
297 520 164 27 presterskapet,
478 526 45 16 som
538 519 225 27 kommunalstyrelsen
774 519 39 21 och
824 519 77 21 krono-

83 548 140 27 betjeningen.
253 548 65 22 Detta
339 548 131 22 förhållande
489 550 32 20 att
543 549 61 21 dessa
625 550 33 19 tre
673 548 146 27 myndigheter
833 548 68 21 icke
889 544 15 36 i

84 577 58 21 detta
157 577 98 21 afseende
272 577 66 26 draga
353 579 36 25 ett,
404 578 39 20 har
456 578 51 26 just,
524 578 63 26 enligt
602 577 43 21 min
661 577 138 26 öfvertygelse
814 576 7 21 i
831 578 69 20 större

83 606 53 26 grad
159 606 58 26 gifvit
240 606 81 27 upphof
339 606 31 21 till
385 606 123 26 lösdrifveri,
525 608 26 19 än
567 606 54 22 1865
637 606 35 21 ärs
687 606 131 26 författning,
833 611 46 15 som
893 606 8 21 i

83 635 32 27 sig
130 635 49 26 sjelf
192 637 24 19 är
230 635 81 26 gauska
330 635 46 26 god.
407 636 41 20 Det
463 637 24 19 är
502 635 121 27 isynnerhet
637 634 54 22 efter
708 635 53 21 1867
777 634 35 21 ärs
827 634 73 27 nödär,

83 670 46 14 som
145 663 124 21 lösdrifvare
284 664 7 20 i
306 665 68 19 större
390 664 58 21 antal
463 664 96 27 uppstått
574 664 39 21 och
628 663 71 21 dertill
712 663 39 21 har
761 663 92 27 bidragit
865 664 36 21 det

84 692 53 22 lätta
160 692 82 21 tillfälle
266 692 33 22 till
321 692 103 27 förtjenst,
440 698 45 16 som
501 693 7 21 i
522 693 51 21 vära
587 692 100 26 fabriker,
703 692 107 21 äfvensom
825 698 76 21 genom

85 722 40 20 den
140 721 27 27 pä
182 727 75 15 senare
273 721 54 21 tider
342 722 6 20 i
363 721 65 27 högre
443 722 52 26 grad
508 722 65 21 ökade
583 721 232 23 affärsverksamheten,
823 721 77 27 gifvits.

84 750 46 21 Den
153 750 77 27 mängd
252 756 106 21 personer,
382 756 44 16 som
445 750 27 27 pä
487 751 32 21 sin
534 750 82 22 hemort
632 750 63 21 lefver
710 751 7 21 i
732 750 108 27 knappare
856 756 45 15 om-

83 779 145 27 ständigheter
250 779 39 21 och
311 779 67 21 finner
400 780 58 21 detta
480 780 25 21 lif
525 782 66 24 tungt,
614 779 90 21 vandrar
722 782 23 18 ut
761 779 38 21 och
815 779 86 21 arbetar

83 811 46 19 mot
154 808 143 27 dagspenning
318 808 33 21 vid
375 808 25 22 de
422 808 123 22 industriela
567 808 166 26 inrättningarne
756 808 39 21 och
818 808 41 21 kan
875 808 27 27 pä

84 837 59 21 detta
159 838 42 20 sätt
216 837 7 21 i
238 837 69 21 äratal
322 836 56 22 lefva
392 838 39 20 och
447 837 26 21 bo
489 837 54 21 blott
557 837 28 27 pä
600 838 37 20 sitt
652 837 122 25 prestbevis.

151 866 41 26 Jag
214 865 97 22 förordar
333 866 69 21 derför
417 866 47 21 med
481 866 48 21 mitt
543 868 72 18 votum
631 865 114 22 utskottets
760 865 140 27 betänkande,

83 894 68 21 ehuru
172 894 36 26 jag
228 894 115 26 medgifver
364 896 32 19 att
412 895 34 21 det
461 894 46 22 icke
520 895 44 26 just
579 895 58 21 leder
651 894 32 20 till
699 894 64 22 mälet
778 894 22 21 af
814 894 40 21 den
869 900 33 15 or-

83 923 38 21 sak
137 925 32 19 att
184 922 51 22 våra
250 923 121 21 nuvarande
387 923 274 27 korrektionsinrättningar
673 923 47 21 icke
730 925 36 19 äro
777 923 7 21 i
796 923 35 21 det
842 923 59 21 skick

83 954 33 18 att
132 952 25 20 de
173 952 67 20 skulle
256 952 65 21 verka
335 959 26 14 en
376 952 126 27 förbättring
518 953 6 20 i
540 953 57 20 detta
612 952 104 21 afseende.

152 1010 142 26 Domprosten
316 1009 91 27 Borg:
436 1010 41 27 Jag
499 1010 91 26 begärde
609 1010 60 21 ordet
685 1010 74 21 endast
773 1009 34 21 för
822 1011 32 19 att
869 1011 31 19 ut-

84 1038 43 21 tala
149 1040 52 20 nära
216 1044 41 21 nog
272 1038 122 26 detsamma,
410 1045 44 15 som
470 1038 77 22 doktor
561 1038 76 27 Bergh,
654 1038 104 27 nämligen
774 1040 37 25 att,
830 1039 3 20 i
848 1039 53 21 hän-

84 1067 57 21 delse
159 1070 8 18 1
185 1067 11 27 $
212 1067 167 24 omformuleras,
395 1067 69 21 såsom
479 1068 7 20 i
502 1067 145 26 ridderskapet
663 1067 39 21 och
717 1067 61 21 adeln
788 1067 39 21 har
837 1068 64 26 skett,

85 1096 68 21 denna
167 1095 125 27 författning
307 1096 68 21 blefve
390 1096 87 21 alldeles
493 1096 135 21 oanvändbar
643 1096 39 21 och
697 1096 83 26 mycket
795 1098 69 19 sämre
875 1098 26 19 än

86 1124 53 21 1865
156 1124 33 22 års
204 1124 130 27 författnmg.
357 1125 39 21 Om
412 1131 47 15 man
475 1127 97 19 närmare
587 1125 99 21 besinnar
700 1124 146 27 ridderskapet
862 1125 39 21 och

84 1153 73 21 adelns
172 1153 85 27 förslag,
278 1153 67 21 skulle
361 1154 35 20 det
411 1153 64 22 blifva
489 1153 212 27 kronobetjeningens
717 1153 38 21 och
770 1154 131 20 kommunal-

84 1181 114 28 styrelsens
214 1182 98 22 absoluta
327 1182 118 27 skyldighet
460 1184 32 20 att
508 1182 129 26 ädagalägga
648 1182 89 26 osedligt
748 1182 39 21 och
795 1184 107 25 vanartigt

84 1210 126 22 lefnadssätt
233 1211 69 21 säsom
325 1211 131 21 existerande
478 1211 39 21 hos
540 1211 39 21 den
600 1216 77 21 person
699 1211 26 20 de
740 1210 54 28 väga
809 1210 92 22 anhälla.

85 1240 41 20 För
149 1241 31 19 att
202 1238 65 28 nägot
289 1239 75 22 sädant
386 1239 67 22 skulle
475 1240 71 21 kunna
567 1240 90 25 bevisas,
680 1240 67 20 mäste
762 1245 103 20 personen
877 1240 25 26 ju

85 1267 63 22 hafva
163 1268 74 21 vistats
252 1268 57 21 inom
325 1268 61 21 deras
401 1268 85 22 omräde
502 1275 26 15 en
543 1268 72 28 längre
630 1268 37 25 tid,
683 1268 127 21 ätminstone
826 1270 31 19 ett
872 1269 29 26 är,

85 1297 51 21 eller
152 1303 44 20 par,
213 1299 22 24 ty
249 1297 28 26 pä
292 1297 69 26 nägon
376 1297 41 26 dag
432 1297 41 21 kan
489 1303 48 16 man
553 1298 32 20 väl
601 1297 45 21 icke
662 1297 48 20 med
725 1296 135 22 bestämdhet
870 1297 31 21 af-

85 1327 52 25 göra
158 1325 103 21 huruvida
282 1325 42 22 han
346 1327 23 19 är
392 1325 78 27 osedlig
493 1326 39 21 och
553 1326 97 26 vanartig
664 1326 52 21 eller
730 1325 53 22 icke.
813 1325 42 21 För
869 1328 33 19 att

85 1357 50 24 taga
157 1356 31 19 ett
210 1355 101 26 exempel,
334 1354 80 21 hvilket
426 1354 36 27 jag
478 1355 45 26 och,
539 1354 68 21 säsom
620 1354 37 27 jag
671 1356 52 24 tror,
737 1354 43 21 min
795 1355 106 20 närmaste

85 1389 80 20 granne
187 1383 6 20 i
217 1383 90 26 ståndet,
331 1386 72 23 pastor
427 1383 138 24 Westerlund,
587 1383 80 22 känner
689 1383 38 25 till,
751 1382 78 21 infinna
848 1383 54 26 sig
888 1378 18 36 i

86 1412 83 26 Kuopio
192 1412 39 21 och
254 1413 56 19 ännu
332 1417 45 16 mer
392 1412 33 21 vid
440 1411 104 22 Warkaus
560 1411 60 26 bruk,
636 1412 88 21 emedan
743 1411 37 21 der
795 1411 65 21 finnes
876 1418 26 15 en

87 1442 68 19 större
171 1440 77 25 mängd
263 1440 52 25 ogift
330 1440 225 25 arbetarebefolkning,
571 1441 94 24 gvinnor,
682 1446 44 14 som
742 1439 55 20 lefva
812 1440 23 19 af
843 1440 58 20 skör-

86 1467 77 26 lefnad,
187 1467 63 22 hafva
272 1468 59 21 detta
353 1467 32 21 till
408 1468 37 21 sitt
462 1468 57 26 yrke.
550 1467 63 21 Skall
624 1467 35 21 det
675 1467 63 21 blifva
753 1467 148 21 länsmannens

87 1496 38 21 sak
140 1497 32 20 att
188 1496 71 21 bevisa
274 1502 25 15 en
315 1496 65 21 sädan
395 1501 87 21 persons
498 1495 122 27 osedlighet,
636 1495 109 22 ähvälfver
760 1501 49 15 man
823 1496 78 21 honom

86 1526 33 20 ett
133 1525 6 21 i
156 1524 88 27 sanning
259 1524 68 22 odiöst
343 1524 39 22 och
398 1524 56 21 svärt
470 1523 117 29 äliggande,
602 1525 7 20 i
623 1524 80 22 hvilket
718 1524 36 22 fall
770 1524 35 22 det
821 1524 33 21 väl
869 1525 33 20 för

811 1565 22 17 45
