1084 1834
329 125 159 18 Presteståndet
501 116 53 27 1877.
577 127 26 17 22
614 126 47 21 maj.
832 120 41 21 859

82 194 7 22 i
113 195 108 27 professor
243 194 97 22 Donners
362 195 27 27 på
411 195 143 26 förmiddagen
577 195 74 27 gjorda
673 194 84 26 förslag,
782 196 32 19 att
830 195 69 21 denna

81 224 65 26 fråga,
170 224 105 26 nämligen
298 224 108 26 angående
428 226 65 19 sättet
515 226 32 19 att
569 224 67 26 bygga
659 223 50 21 våra
724 223 106 21 blifvande
843 223 57 26 jern-

82 254 64 25 vägar
169 252 67 21 måtte
251 252 90 26 afgöras,
355 253 64 20 innan
435 258 48 15 man
499 252 70 27 börjar
589 252 27 27 på
637 252 48 20 med
700 252 73 20 alltför
788 251 112 27 vidlyftiga

80 280 227 28 jernvägsbyggnader.

149 337 90 21 Prosten
253 336 159 22 Bäckvall:
437 336 40 28 Jag
492 337 92 27 begärde
600 336 27 27 på
641 336 143 27 förmiddagen
797 338 60 19 ordet
867 336 35 21 för

81 367 32 20 att
135 366 86 20 bemöta
235 365 67 27 några
316 366 71 20 inkast
402 367 46 19 mot
462 366 109 21 utskottet.
603 365 40 21 Vid
659 367 82 19 senaste
756 365 85 27 plenum
856 367 43 24 ytt-

80 395 51 21 rade
156 400 25 15 en
196 394 53 21 värd
264 394 66 21 talare
346 396 44 19 mot
405 394 105 21 utskottet
526 395 46 24 den,
587 394 35 20 må
634 394 37 26 jag
685 396 57 24 säga,
759 394 143 26 beskyllning,

81 425 32 19 att
128 423 112 25 utskottet,
256 429 44 15 som
315 423 46 21 icke
377 423 37 20 har
430 422 62 22 bland
509 423 45 21 sina
570 422 136 22 medlemmar
721 422 66 27 några
799 428 101 20 personer

80 452 46 21 från
150 454 58 19 östra
230 451 97 27 Finland,
352 452 40 20 har
406 451 89 22 medelst
510 452 31 21 sin
555 451 147 27 jernvägslinie
718 453 133 25 presenterat
867 450 33 22 för

80 481 115 21 ständerna
210 483 31 19 ett
256 481 111 21 vestfinskt
381 481 96 21 intresse.
509 481 45 20 Mot
569 487 25 14 en
610 480 65 21 sådan
690 481 107 20 tillvitelse
813 480 35 20 vill
864 480 37 26 jag

80 511 69 20 såsom
170 510 91 21 medlem
276 510 6 20 i
298 510 105 21 utskottet
418 509 83 27 inlägga
516 511 87 26 protest.
635 509 38 21 Om
688 509 20 20 vi
724 509 62 21 kasta
802 515 25 14 en
843 509 56 21 blick

79 539 28 27 på
129 539 183 26 jernvägskartan,
337 538 56 21 finna
418 539 19 20 vi
463 539 36 20 der
519 538 160 27 jernvägslinier
702 538 53 21 både
771 538 6 20 i
793 543 50 14 norr
858 537 39 21 och

80 568 62 21 söder
157 568 6 20 i
180 569 56 19 öster
252 567 39 21 och
306 569 70 19 vester
392 567 38 20 och
446 569 32 18 att
493 568 25 19 de
533 568 7 19 i
555 569 71 18 vestra
640 566 89 21 Finiand
749 566 148 27 projekterade

77 596 141 27 jernvägarna
238 596 45 26 just
305 595 68 22 skulle
396 595 41 21 öka
462 596 89 20 trafiken
566 595 27 27 på
609 595 24 21 de
649 597 80 19 österut
744 595 95 20 ledande.
871 595 28 21 Sä

80 627 15 19 t.
111 631 31 14 ex.
158 625 41 20 kan
221 625 113 26 jernvägen
350 624 46 21 från
412 625 64 20 Wasa
491 625 38 20 och
545 624 114 27 Jyväskylä
675 624 38 21 och
729 623 31 22 S:t
776 623 74 21 Michel
868 623 31 22 till

80 653 128 21 Davidsstad
224 653 104 26 svårligen
344 653 52 20 bära
411 659 36 15 ens
463 654 30 20 sin
509 653 165 21 trafik-kostnad
686 659 33 14 om
732 653 39 20 den
783 653 116 21 vestfinska

80 682 63 21 linien
166 683 32 20 till
222 681 107 27 Uleåborg
343 682 47 20 icke
404 681 80 22 utföres
498 682 44 26 just
557 681 31 22 till
604 681 69 22 denna
688 682 55 23 linie,
761 681 23 21 så
799 683 32 19 att
848 682 48 21 dess

80 710 63 22 trafik
167 711 32 20 får
223 710 59 27 flytta
304 711 31 26 sig
358 711 58 20 öfver
437 711 27 26 på
487 710 68 21 banan
570 710 271 27 Jyväskylä—Davidsstad
857 710 40 21 och

78 739 136 28 Petersburg,
232 739 87 22 emedan
336 739 40 21 den
391 739 114 21 vestfinska
521 739 63 21 linien
600 740 51 21 eller
666 745 33 15 om
713 739 36 26 jag
759 739 71 28 skulle
843 739 57 28 kalla

79 769 40 21 den
142 768 172 22 Österbottniska
336 768 64 21 linien
416 781 27 2 —
458 768 66 21 ehuru
540 768 40 21 den
595 768 46 21 icke
657 769 74 20 endast
746 768 63 21 berör
824 769 71 21 Öster-

79 797 74 22 botten
175 799 52 19 utan
250 797 60 21 äfven
334 803 62 15 norra
416 797 127 21 Tavastland
559 797 38 21 och
613 803 62 15 norra
691 797 102 20 Savolaks
809 797 88 21 emedan

79 826 68 22 denna
162 827 50 20 linie
227 826 77 21 samlar
320 827 40 20 den
375 826 33 21 till
423 826 127 26 Petersburg
561 827 80 26 gående
651 825 95 28 trafiken,
758 825 80 22 hvilket
853 827 47 20 äter

80 855 38 22 den
144 856 32 21 till
191 855 107 26 Uleåborg
313 855 47 22 från
375 855 128 21 Davidsstad
517 855 80 27 gående
613 855 89 21 trafiken
717 855 68 26 aldrig
800 855 97 21 kommer

80 887 31 19 att
126 887 58 24 göra.
208 885 49 20 Icke
268 886 158 24 representerar
437 884 39 21 den
488 884 165 21 österbottniska
666 884 63 20 linien
743 885 75 20 endast
829 885 70 20 denna

80 914 106 21 landsorts
207 914 110 26 intressen,
340 915 50 19 utan
416 913 48 21 hela
486 913 83 21 landets
591 914 110 22 intressen,
725 913 44 21 deri
785 913 61 21 äfven
863 913 35 21 det

80 944 58 20 östra
153 942 89 21 Finland
258 944 23 19 är
296 942 123 26 inbegripet.
449 942 49 20 Man
514 942 39 21 bör
568 942 65 21 ordna
646 942 115 26 jernvägen
777 942 24 20 så
812 944 31 19 att
856 942 43 21 alla

80 974 68 18 orters
170 972 104 20 intressen
295 971 65 21 blifva
382 972 179 25 representerade.
593 970 48 22 Man
657 970 38 21 har
710 970 138 27 projekterat,
865 972 34 20 att

79 1000 70 21 banan
165 999 336 27 Nikolaistad—Jyväskylä—S:t
517 999 232 22 Michel—Davidsstad
764 999 68 21 skulle
847 1000 52 27 byg-

78 1035 38 20 gas
139 1035 78 15 ensam.
248 1028 46 22 Den
317 1029 69 21 banan
406 1029 94 20 kommer
516 1029 67 26 aldrig
598 1030 32 19 att
645 1028 52 20 bära
712 1028 37 26 sig,
767 1028 40 21 den
819 1028 40 26 går
873 1028 23 27 ju

80 1057 64 22 också
165 1064 76 20 genom
264 1058 88 21 oodlade
374 1057 83 21 trakter
472 1059 58 20 tvärs
545 1058 58 20 öfver
618 1056 151 22 Suomenselkä
785 1057 40 21 och
836 1059 57 19 tvärs

79 1092 75 21 genom
170 1086 162 26 Hämeenselkä,
347 1086 85 21 hvarest
444 1086 37 26 jag
496 1087 46 20 icke
558 1086 80 21 känner
653 1088 32 18 att
700 1092 35 15 ens
746 1085 69 27 någon
825 1086 69 21 lands-

79 1117 40 25 väg
139 1115 44 27 går.
214 1114 39 22 Om
269 1122 48 14 man
333 1114 71 22 derför
419 1114 53 22 först
488 1116 77 26 bygger
581 1116 39 19 den
637 1114 168 22 österbottniska
820 1115 77 24 banan,

80 1144 23 21 så
125 1144 42 21 kan
183 1144 63 21 också
261 1144 69 21 banan
346 1143 337 27 Nikolaistad—Jyväskylä—S:t
698 1143 197 21 Michel—Davids-

79 1173 49 21 stad
150 1173 62 21 hafva
234 1172 62 22 trafik
312 1172 40 22 och
366 1172 80 22 kanske
462 1173 51 20 bära
529 1173 37 25 sig.
596 1172 155 26 Ridderskapet
766 1172 39 21 och
821 1172 74 21 adelns

79 1201 202 26 tillkännagifvande
302 1201 108 26 angående
432 1201 210 27 undersökningarna
664 1200 21 22 af
705 1200 64 21 linien
785 1202 56 19 öster
858 1200 39 22 och

79 1232 70 19 vester
164 1236 34 15 om
213 1230 111 26 Näsijärvi,
340 1230 107 21 äfvensom
463 1236 32 14 om
512 1230 173 26 byggnadssättet
701 1229 80 21 lemnar
795 1229 35 26 jag
847 1230 48 20 der-

79 1258 42 21 hän
143 1258 39 21 och
205 1259 98 21 hänvisar
325 1258 81 24 endast,
429 1258 32 21 till
476 1258 81 21 försvar
572 1258 33 21 för
621 1258 67 21 denna
703 1258 56 26 linie,
774 1258 123 26 ytterligare

79 1287 34 21 till
128 1288 42 25 det,
186 1294 44 14 som
243 1288 37 26 jag
295 1286 46 22 haft
356 1288 51 20 äran
423 1287 57 21 inför
494 1287 85 21 ståndet
594 1286 79 22 anföra.

148 1344 83 21 Doktor
245 1343 158 22 Lindelöf:
429 1344 32 21 De
476 1343 59 22 flesta
550 1343 22 21 af
585 1343 26 21 de
626 1343 125 27 föregående
765 1343 63 21 värde
845 1344 53 21 tala-

80 1378 50 16 rene
146 1373 38 22 och
200 1372 64 22 bland
280 1372 46 22 dem
342 1375 70 19 senast
428 1372 105 28 professor
548 1373 101 21 Forsman
665 1372 39 21 och
719 1374 86 25 prosten
819 1372 79 22 Helan-

80 1401 37 22 der
138 1401 62 22 hafva
221 1401 94 22 förordat
336 1401 92 28 uppskof
448 1402 48 20 med
516 1401 40 22 alla
570 1401 240 27 jernvägsbyggnader
802 1397 12 36 i
827 1401 72 22 landet

79 1430 67 22 under
161 1430 142 21 instundande
318 1430 76 21 femårs
409 1430 73 27 period
498 1430 38 21 och
557 1430 144 21 mellantidens
717 1429 131 27 användning
866 1429 31 22 till

80 1459 85 20 fortsatt
185 1458 157 25 undersökning
356 1459 32 19 för
404 1461 30 18 ett
450 1459 86 19 allmänt
549 1459 134 25 jernvägsnät
699 1458 38 20 och
753 1459 26 19 de
794 1458 101 19 bandelar

80 1486 117 22 detsamma
218 1486 66 21 borde
308 1487 94 20 omfatta.
432 1486 50 20 Man
497 1486 39 20 har
550 1486 32 21 för
597 1486 67 21 denna
679 1486 21 20 af
714 1487 31 19 ett
760 1488 55 18 stort
829 1485 68 21 flertal

80 1515 115 21 omfattade
218 1515 83 26 mening
322 1514 70 21 anfört
411 1515 76 25 många
505 1513 186 27 behjertansvärda
706 1513 52 26 skäl,
774 1513 72 21 endels
862 1513 36 21 det
