<?xml version="1.0" encoding="UTF-8"?>
<alto xmlns="http://www.loc.gov/standards/alto/ns-v3#" xmlns:xlink="http://www.w3.org/1999/xlink" xmlns:xsi="http://www.w3.org/2001/XMLSchema-instance" xsi:schemaLocation="http://www.loc.gov/standards/alto/ns-v3# http://www.loc.gov/alto/v3/alto-3-0.xsd">
	<Description>
		<MeasurementUnit>pixel</MeasurementUnit>
		<sourceImageInformation>
			<fileName>/tmp/tess_qw0ao0gm_input.PNG</fileName>
		</sourceImageInformation>
		<OCRProcessing ID="OCR_0">
			<ocrProcessingStep>
				<processingSoftware>
					<softwareName>tesseract 5.3.4</softwareName>
				</processingSoftware>
			</ocrProcessingStep>
		</OCRProcessing>
	</Description>
	<Layout>
		<Page WIDTH="1095" HEIGHT="1795" PHYSICAL_IMG_NR="0" ID="page_0">
			<PrintSpace HPOS="0" VPOS="0" WIDTH="1095" HEIGHT="1795">
				<ComposedBlock ID="cblock_0" HPOS="324" VPOS="113" WIDTH="545" HEIGHT="27">
					<TextBlock ID="block_0" HPOS="324" VPOS="113" WIDTH="545" HEIGHT="27">
						<TextLine ID="line_0" HPOS="324" VPOS="113" WIDTH="545" HEIGHT="27">
							<String ID="string_0" HPOS="324" VPOS="118" WIDTH="160" HEIGHT="18" WC="0.91" CONTENT="Presteståndet"/><SP WIDTH="12" VPOS="118" HPOS="484"/>
							<String ID="string_1" HPOS="496" VPOS="119" WIDTH="56" HEIGHT="17" WC="0.96" CONTENT="1877."/><SP WIDTH="24" VPOS="119" HPOS="552"/>
							<String ID="string_2" HPOS="576" VPOS="120" WIDTH="28" HEIGHT="16" WC="0.96" CONTENT="28"/><SP WIDTH="12" VPOS="120" HPOS="604"/>
							<String ID="string_3" HPOS="616" VPOS="118" WIDTH="46" HEIGHT="22" WC="0.96" CONTENT="maj."/><SP WIDTH="154" VPOS="118" HPOS="662"/>
							<String ID="string_4" HPOS="816" VPOS="113" WIDTH="53" HEIGHT="20" WC="0.96" CONTENT="1029"/>
						</TextLine>
					</TextBlock>
				</ComposedBlock>
				<GraphicalElement ID="cblock_1" HPOS="81" VPOS="148" WIDTH="815" HEIGHT="2"></GraphicalElement >
				<ComposedBlock ID="cblock_2" HPOS="75" VPOS="186" WIDTH="826" HEIGHT="628">
					<TextBlock ID="block_1" HPOS="75" VPOS="186" WIDTH="826" HEIGHT="628">
						<TextLine ID="line_1" HPOS="79" VPOS="186" WIDTH="818" HEIGHT="28">
							<String ID="string_5" HPOS="79" VPOS="186" WIDTH="77" HEIGHT="23" WC="0.92" CONTENT="utfästa"/><SP WIDTH="14" VPOS="186" HPOS="156"/>
							<String ID="string_6" HPOS="170" VPOS="186" WIDTH="133" HEIGHT="27" WC="0.92" CONTENT="jordskatten"/><SP WIDTH="15" VPOS="186" HPOS="303"/>
							<String ID="string_7" HPOS="318" VPOS="187" WIDTH="6" HEIGHT="21" WC="0.96" CONTENT="i"/><SP WIDTH="13" VPOS="187" HPOS="324"/>
							<String ID="string_8" HPOS="337" VPOS="187" WIDTH="115" HEIGHT="27" WC="0.96" CONTENT="penningar"/><SP WIDTH="10" VPOS="187" HPOS="452"/>
							<String ID="string_9" HPOS="462" VPOS="187" WIDTH="133" HEIGHT="22" WC="0.95" CONTENT="förekommit"/><SP WIDTH="12" VPOS="187" HPOS="595"/>
							<String ID="string_10" HPOS="607" VPOS="188" WIDTH="40" HEIGHT="24" WC="0.96" CONTENT="det,"/><SP WIDTH="11" VPOS="188" HPOS="647"/>
							<String ID="string_11" HPOS="658" VPOS="189" WIDTH="32" HEIGHT="19" WC="0.96" CONTENT="att"/><SP WIDTH="11" VPOS="189" HPOS="690"/>
							<String ID="string_12" HPOS="701" VPOS="187" WIDTH="39" HEIGHT="21" WC="0.96" CONTENT="den"/><SP WIDTH="11" VPOS="187" HPOS="740"/>
							<String ID="string_13" HPOS="751" VPOS="187" WIDTH="18" HEIGHT="27" WC="0.96" CONTENT="ej"/><SP WIDTH="11" VPOS="187" HPOS="769"/>
							<String ID="string_14" HPOS="780" VPOS="187" WIDTH="39" HEIGHT="21" WC="0.96" CONTENT="har"/><SP WIDTH="10" VPOS="187" HPOS="819"/>
							<String ID="string_15" HPOS="829" VPOS="187" WIDTH="68" HEIGHT="27" WC="0.96" CONTENT="stigit;"/>
						</TextLine>
						<TextLine ID="line_2" HPOS="78" VPOS="215" WIDTH="821" HEIGHT="27">
							<String ID="string_16" HPOS="78" VPOS="216" WIDTH="7" HEIGHT="21" WC="0.96" CONTENT="i"/><SP WIDTH="16" VPOS="216" HPOS="85"/>
							<String ID="string_17" HPOS="101" VPOS="216" WIDTH="132" HEIGHT="21" WC="0.96" CONTENT="förhållande"/><SP WIDTH="15" VPOS="216" HPOS="233"/>
							<String ID="string_18" HPOS="248" VPOS="215" WIDTH="32" HEIGHT="22" WC="0.96" CONTENT="till"/><SP WIDTH="16" VPOS="215" HPOS="280"/>
							<String ID="string_19" HPOS="296" VPOS="215" WIDTH="65" HEIGHT="27" WC="0.96" CONTENT="öfriga"/><SP WIDTH="16" VPOS="215" HPOS="361"/>
							<String ID="string_20" HPOS="377" VPOS="222" WIDTH="51" HEIGHT="15" WC="0.96" CONTENT="varu"/><SP WIDTH="16" VPOS="222" HPOS="428"/>
							<String ID="string_21" HPOS="444" VPOS="217" WIDTH="78" HEIGHT="21" WC="0.96" CONTENT="värden"/><SP WIDTH="14" VPOS="217" HPOS="522"/>
							<String ID="string_22" HPOS="536" VPOS="216" WIDTH="40" HEIGHT="21" WC="0.96" CONTENT="har"/><SP WIDTH="15" VPOS="216" HPOS="576"/>
							<String ID="string_23" HPOS="591" VPOS="217" WIDTH="39" HEIGHT="21" WC="0.96" CONTENT="den"/><SP WIDTH="16" VPOS="217" HPOS="630"/>
							<String ID="string_24" HPOS="646" VPOS="216" WIDTH="60" HEIGHT="25" WC="0.95" CONTENT="fallit,"/><SP WIDTH="16" VPOS="216" HPOS="706"/>
							<String ID="string_25" HPOS="722" VPOS="216" WIDTH="39" HEIGHT="22" WC="0.96" CONTENT="och"/><SP WIDTH="16" VPOS="216" HPOS="761"/>
							<String ID="string_26" HPOS="777" VPOS="216" WIDTH="34" HEIGHT="21" WC="0.96" CONTENT="det"/><SP WIDTH="16" VPOS="216" HPOS="811"/>
							<String ID="string_27" HPOS="827" VPOS="216" WIDTH="72" HEIGHT="26" WC="0.96" CONTENT="tyckes"/>
						</TextLine>
						<TextLine ID="line_3" HPOS="79" VPOS="244" WIDTH="820" HEIGHT="28">
							<String ID="string_28" HPOS="79" VPOS="244" WIDTH="101" HEIGHT="27" WC="0.96" CONTENT="styrelsen"/><SP WIDTH="17" VPOS="244" HPOS="180"/>
							<String ID="string_29" HPOS="197" VPOS="244" WIDTH="17" HEIGHT="26" WC="0.96" CONTENT="ej"/><SP WIDTH="17" VPOS="244" HPOS="214"/>
							<String ID="string_30" HPOS="231" VPOS="244" WIDTH="61" HEIGHT="21" WC="0.95" CONTENT="hafva"/><SP WIDTH="15" VPOS="244" HPOS="292"/>
							<String ID="string_31" HPOS="307" VPOS="245" WIDTH="64" HEIGHT="25" WC="0.96" CONTENT="något"/><SP WIDTH="15" VPOS="245" HPOS="371"/>
							<String ID="string_32" HPOS="386" VPOS="246" WIDTH="63" HEIGHT="25" WC="0.96" CONTENT="emot,"/><SP WIDTH="16" VPOS="246" HPOS="449"/>
							<String ID="string_33" HPOS="465" VPOS="245" WIDTH="39" HEIGHT="21" WC="0.96" CONTENT="och"/><SP WIDTH="15" VPOS="245" HPOS="504"/>
							<String ID="string_34" HPOS="519" VPOS="246" WIDTH="69" HEIGHT="20" WC="0.93" CONTENT="såsom"/><SP WIDTH="12" VPOS="246" HPOS="588"/>
							<String ID="string_35" HPOS="600" VPOS="245" WIDTH="66" HEIGHT="27" WC="0.92" CONTENT="sagdt,"/><SP WIDTH="11" VPOS="245" HPOS="666"/>
							<String ID="string_36" HPOS="677" VPOS="244" WIDTH="98" HEIGHT="22" WC="0.93" CONTENT="behöfves"/><SP WIDTH="10" VPOS="244" HPOS="775"/>
							<String ID="string_37" HPOS="785" VPOS="244" WIDTH="36" HEIGHT="21" WC="0.96" CONTENT="det"/><SP WIDTH="9" VPOS="244" HPOS="821"/>
							<String ID="string_38" HPOS="830" VPOS="244" WIDTH="69" HEIGHT="22" WC="0.95" CONTENT="medel"/>
						</TextLine>
						<TextLine ID="line_4" HPOS="79" VPOS="272" WIDTH="812" HEIGHT="28">
							<String ID="string_39" HPOS="79" VPOS="272" WIDTH="33" HEIGHT="22" WC="0.93" CONTENT="till"/><SP WIDTH="15" VPOS="272" HPOS="112"/>
							<String ID="string_40" HPOS="127" VPOS="272" WIDTH="102" HEIGHT="25" WC="0.90" CONTENT="statsmål,"/><SP WIDTH="15" VPOS="272" HPOS="229"/>
							<String ID="string_41" HPOS="244" VPOS="272" WIDTH="66" HEIGHT="22" WC="0.95" CONTENT="finnes"/><SP WIDTH="16" VPOS="272" HPOS="310"/>
							<String ID="string_42" HPOS="326" VPOS="273" WIDTH="36" HEIGHT="21" WC="0.96" CONTENT="det"/><SP WIDTH="15" VPOS="273" HPOS="362"/>
							<String ID="string_43" HPOS="377" VPOS="273" WIDTH="63" HEIGHT="21" WC="0.96" CONTENT="också"/><SP WIDTH="15" VPOS="273" HPOS="440"/>
							<String ID="string_44" HPOS="455" VPOS="274" WIDTH="66" HEIGHT="20" WC="0.96" CONTENT="andra"/><SP WIDTH="15" VPOS="274" HPOS="521"/>
							<String ID="string_45" HPOS="536" VPOS="274" WIDTH="146" HEIGHT="26" WC="0.96" CONTENT="beskattnings"/><SP WIDTH="15" VPOS="274" HPOS="682"/>
							<String ID="string_46" HPOS="697" VPOS="273" WIDTH="97" HEIGHT="26" WC="0.96" CONTENT="grunder,"/><SP WIDTH="11" VPOS="273" HPOS="794"/>
							<String ID="string_47" HPOS="805" VPOS="275" WIDTH="26" HEIGHT="19" WC="0.96" CONTENT="än"/><SP WIDTH="11" VPOS="275" HPOS="831"/>
							<String ID="string_48" HPOS="842" VPOS="272" WIDTH="49" HEIGHT="28" WC="0.96" CONTENT="jord"/>
						</TextLine>
						<TextLine ID="line_5" HPOS="79" VPOS="301" WIDTH="820" HEIGHT="27">
							<String ID="string_49" HPOS="79" VPOS="301" WIDTH="90" HEIGHT="21" WC="0.94" CONTENT="skatten."/><SP WIDTH="31" VPOS="301" HPOS="169"/>
							<String ID="string_50" HPOS="200" VPOS="301" WIDTH="106" HEIGHT="27" WC="0.93" CONTENT="Styrelsen"/><SP WIDTH="22" VPOS="301" HPOS="306"/>
							<String ID="string_51" HPOS="328" VPOS="302" WIDTH="73" HEIGHT="26" WC="0.96" CONTENT="tyckes"/><SP WIDTH="22" VPOS="302" HPOS="401"/>
							<String ID="string_52" HPOS="423" VPOS="302" WIDTH="63" HEIGHT="21" WC="0.96" CONTENT="också"/><SP WIDTH="15" VPOS="302" HPOS="486"/>
							<String ID="string_53" HPOS="501" VPOS="301" WIDTH="65" HEIGHT="21" WC="0.96" CONTENT="hellre"/><SP WIDTH="17" VPOS="301" HPOS="566"/>
							<String ID="string_54" HPOS="583" VPOS="302" WIDTH="47" HEIGHT="26" WC="0.96" CONTENT="vilja"/><SP WIDTH="16" VPOS="302" HPOS="630"/>
							<String ID="string_55" HPOS="646" VPOS="302" WIDTH="65" HEIGHT="21" WC="0.95" CONTENT="anlita"/><SP WIDTH="15" VPOS="302" HPOS="711"/>
							<String ID="string_56" HPOS="726" VPOS="302" WIDTH="66" HEIGHT="21" WC="0.93" CONTENT="andra"/><SP WIDTH="15" VPOS="302" HPOS="792"/>
							<String ID="string_57" HPOS="807" VPOS="301" WIDTH="92" HEIGHT="21" WC="0.92" CONTENT="beskatt-"/>
						</TextLine>
						<TextLine ID="line_6" HPOS="79" VPOS="329" WIDTH="820" HEIGHT="27">
							<String ID="string_58" HPOS="79" VPOS="330" WIDTH="109" HEIGHT="26" WC="0.93" CONTENT="ningssätt,"/><SP WIDTH="17" VPOS="330" HPOS="188"/>
							<String ID="string_59" HPOS="205" VPOS="331" WIDTH="26" HEIGHT="19" WC="0.96" CONTENT="än"/><SP WIDTH="17" VPOS="331" HPOS="231"/>
							<String ID="string_60" HPOS="248" VPOS="329" WIDTH="64" HEIGHT="22" WC="0.93" CONTENT="detta."/><SP WIDTH="17" VPOS="329" HPOS="312"/>
							<String ID="string_61" HPOS="329" VPOS="342" WIDTH="25" HEIGHT="2" WC="0.93" CONTENT="—"/><SP WIDTH="16" VPOS="342" HPOS="354"/>
							<String ID="string_62" HPOS="370" VPOS="330" WIDTH="40" HEIGHT="26" WC="0.96" CONTENT="Jag"/><SP WIDTH="15" VPOS="330" HPOS="410"/>
							<String ID="string_63" HPOS="425" VPOS="331" WIDTH="51" HEIGHT="25" WC="0.96" CONTENT="tror,"/><SP WIDTH="16" VPOS="331" HPOS="476"/>
							<String ID="string_64" HPOS="492" VPOS="332" WIDTH="32" HEIGHT="19" WC="0.96" CONTENT="att"/><SP WIDTH="15" VPOS="332" HPOS="524"/>
							<String ID="string_65" HPOS="539" VPOS="330" WIDTH="77" HEIGHT="22" WC="0.96" CONTENT="doktor"/><SP WIDTH="13" VPOS="330" HPOS="616"/>
							<String ID="string_66" HPOS="629" VPOS="329" WIDTH="70" HEIGHT="27" WC="0.96" CONTENT="Bergh"/><SP WIDTH="16" VPOS="329" HPOS="699"/>
							<String ID="string_67" HPOS="715" VPOS="330" WIDTH="38" HEIGHT="21" WC="0.96" CONTENT="har"/><SP WIDTH="12" VPOS="330" HPOS="753"/>
							<String ID="string_68" HPOS="765" VPOS="329" WIDTH="134" HEIGHT="22" WC="0.96" CONTENT="missförstått"/>
						</TextLine>
						<TextLine ID="line_7" HPOS="78" VPOS="358" WIDTH="821" HEIGHT="27">
							<String ID="string_69" HPOS="78" VPOS="360" WIDTH="86" HEIGHT="25" WC="0.92" CONTENT="prosten"/><SP WIDTH="16" VPOS="360" HPOS="164"/>
							<String ID="string_70" HPOS="180" VPOS="358" WIDTH="69" HEIGHT="27" WC="0.91" CONTENT="Hjelts"/><SP WIDTH="16" VPOS="358" HPOS="249"/>
							<String ID="string_71" HPOS="265" VPOS="358" WIDTH="39" HEIGHT="22" WC="0.96" CONTENT="och"/><SP WIDTH="14" VPOS="358" HPOS="304"/>
							<String ID="string_72" HPOS="318" VPOS="358" WIDTH="106" HEIGHT="27" WC="0.93" CONTENT="professor"/><SP WIDTH="15" VPOS="358" HPOS="424"/>
							<String ID="string_73" HPOS="439" VPOS="359" WIDTH="96" HEIGHT="21" WC="0.92" CONTENT="Donners"/><SP WIDTH="10" VPOS="359" HPOS="535"/>
							<String ID="string_74" HPOS="545" VPOS="358" WIDTH="83" HEIGHT="27" WC="0.96" CONTENT="förslag,"/><SP WIDTH="14" VPOS="358" HPOS="628"/>
							<String ID="string_75" HPOS="642" VPOS="358" WIDTH="27" HEIGHT="21" WC="0.93" CONTENT="dä"/><SP WIDTH="10" VPOS="358" HPOS="669"/>
							<String ID="string_76" HPOS="679" VPOS="358" WIDTH="48" HEIGHT="22" WC="0.92" CONTENT="herr"/><SP WIDTH="12" VPOS="358" HPOS="727"/>
							<String ID="string_77" HPOS="739" VPOS="358" WIDTH="89" HEIGHT="22" WC="0.93" CONTENT="doktorn"/><SP WIDTH="11" VPOS="358" HPOS="828"/>
							<String ID="string_78" HPOS="839" VPOS="360" WIDTH="60" HEIGHT="22" WC="0.93" CONTENT="trott,"/>
						</TextLine>
						<TextLine ID="line_8" HPOS="79" VPOS="386" WIDTH="820" HEIGHT="27">
							<String ID="string_79" HPOS="79" VPOS="389" WIDTH="32" HEIGHT="19" WC="0.93" CONTENT="att"/><SP WIDTH="16" VPOS="389" HPOS="111"/>
							<String ID="string_80" HPOS="127" VPOS="387" WIDTH="60" HEIGHT="21" WC="0.91" CONTENT="desse"/><SP WIDTH="14" VPOS="387" HPOS="187"/>
							<String ID="string_81" HPOS="201" VPOS="387" WIDTH="74" HEIGHT="21" WC="0.92" CONTENT="herrar"/><SP WIDTH="15" VPOS="387" HPOS="275"/>
							<String ID="string_82" HPOS="290" VPOS="387" WIDTH="60" HEIGHT="21" WC="0.93" CONTENT="hafva"/><SP WIDTH="16" VPOS="387" HPOS="350"/>
							<String ID="string_83" HPOS="366" VPOS="387" WIDTH="94" HEIGHT="21" WC="0.92" CONTENT="förordat"/><SP WIDTH="15" VPOS="387" HPOS="460"/>
							<String ID="string_84" HPOS="475" VPOS="388" WIDTH="156" HEIGHT="21" WC="0.92" CONTENT="bestämmande"/><SP WIDTH="16" VPOS="388" HPOS="631"/>
							<String ID="string_85" HPOS="647" VPOS="386" WIDTH="22" HEIGHT="22" WC="0.93" CONTENT="af"/><SP WIDTH="11" VPOS="386" HPOS="669"/>
							<String ID="string_86" HPOS="680" VPOS="387" WIDTH="132" HEIGHT="26" WC="0.93" CONTENT="jordskatten"/><SP WIDTH="15" VPOS="387" HPOS="812"/>
							<String ID="string_87" HPOS="827" VPOS="387" WIDTH="7" HEIGHT="21" WC="0.93" CONTENT="i"/><SP WIDTH="15" VPOS="387" HPOS="834"/>
							<String ID="string_88" HPOS="849" VPOS="393" WIDTH="50" HEIGHT="20" WC="0.92" CONTENT="pen-"/>
						</TextLine>
						<TextLine ID="line_9" HPOS="79" VPOS="415" WIDTH="821" HEIGHT="27">
							<String ID="string_89" HPOS="79" VPOS="415" WIDTH="74" HEIGHT="27" WC="0.91" CONTENT="ningar"/><SP WIDTH="22" VPOS="415" HPOS="153"/>
							<String ID="string_90" HPOS="175" VPOS="416" WIDTH="33" HEIGHT="20" WC="0.96" CONTENT="för"/><SP WIDTH="22" VPOS="416" HPOS="208"/>
							<String ID="string_91" HPOS="230" VPOS="421" WIDTH="26" HEIGHT="15" WC="0.96" CONTENT="en"/><SP WIDTH="22" VPOS="421" HPOS="256"/>
							<String ID="string_92" HPOS="278" VPOS="415" WIDTH="41" HEIGHT="21" WC="0.96" CONTENT="viss"/><SP WIDTH="22" VPOS="415" HPOS="319"/>
							<String ID="string_93" HPOS="341" VPOS="416" WIDTH="36" HEIGHT="20" WC="0.96" CONTENT="tid."/><SP WIDTH="30" VPOS="416" HPOS="377"/>
							<String ID="string_94" HPOS="407" VPOS="415" WIDTH="41" HEIGHT="27" WC="0.96" CONTENT="Jag"/><SP WIDTH="15" VPOS="415" HPOS="448"/>
							<String ID="string_95" HPOS="463" VPOS="416" WIDTH="37" HEIGHT="21" WC="0.93" CONTENT="har"/><SP WIDTH="15" VPOS="416" HPOS="500"/>
							<String ID="string_96" HPOS="515" VPOS="416" WIDTH="106" HEIGHT="26" WC="0.92" CONTENT="uppfattat"/><SP WIDTH="14" VPOS="416" HPOS="621"/>
							<String ID="string_97" HPOS="635" VPOS="416" WIDTH="62" HEIGHT="21" WC="0.93" CONTENT="deras"/><SP WIDTH="15" VPOS="416" HPOS="697"/>
							<String ID="string_98" HPOS="712" VPOS="416" WIDTH="55" HEIGHT="26" WC="0.93" CONTENT="äsigt"/><SP WIDTH="15" VPOS="416" HPOS="767"/>
							<String ID="string_99" HPOS="782" VPOS="416" WIDTH="29" HEIGHT="24" WC="0.96" CONTENT="sä,"/><SP WIDTH="16" VPOS="416" HPOS="811"/>
							<String ID="string_100" HPOS="827" VPOS="417" WIDTH="31" HEIGHT="19" WC="0.96" CONTENT="att"/><SP WIDTH="16" VPOS="417" HPOS="858"/>
							<String ID="string_101" HPOS="874" VPOS="415" WIDTH="26" HEIGHT="21" WC="0.96" CONTENT="de"/>
						</TextLine>
						<TextLine ID="line_10" HPOS="79" VPOS="444" WIDTH="820" HEIGHT="27">
							<String ID="string_102" HPOS="79" VPOS="446" WIDTH="77" HEIGHT="23" WC="0.92" CONTENT="menat,"/><SP WIDTH="16" VPOS="446" HPOS="156"/>
							<String ID="string_103" HPOS="172" VPOS="446" WIDTH="32" HEIGHT="19" WC="0.96" CONTENT="att"/><SP WIDTH="15" VPOS="446" HPOS="204"/>
							<String ID="string_104" HPOS="219" VPOS="444" WIDTH="35" HEIGHT="21" WC="0.96" CONTENT="det"/><SP WIDTH="15" VPOS="444" HPOS="254"/>
							<String ID="string_105" HPOS="269" VPOS="444" WIDTH="7" HEIGHT="21" WC="0.93" CONTENT="i"/><SP WIDTH="15" VPOS="444" HPOS="276"/>
							<String ID="string_106" HPOS="291" VPOS="444" WIDTH="117" HEIGHT="26" WC="0.92" CONTENT="Kejserliga"/><SP WIDTH="17" VPOS="444" HPOS="408"/>
							<String ID="string_107" HPOS="425" VPOS="444" WIDTH="156" HEIGHT="27" WC="0.96" CONTENT="propositionen"/><SP WIDTH="16" VPOS="444" HPOS="581"/>
							<String ID="string_108" HPOS="597" VPOS="444" WIDTH="117" HEIGHT="26" WC="0.93" CONTENT="föreslagna"/><SP WIDTH="15" VPOS="444" HPOS="714"/>
							<String ID="string_109" HPOS="729" VPOS="444" WIDTH="170" HEIGHT="26" WC="0.90" CONTENT="beräkningssät-"/>
						</TextLine>
						<TextLine ID="line_11" HPOS="75" VPOS="472" WIDTH="824" HEIGHT="27">
							<String ID="string_110" HPOS="75" VPOS="474" WIDTH="33" HEIGHT="19" WC="0.96" CONTENT="tet"/><SP WIDTH="15" VPOS="474" HPOS="108"/>
							<String ID="string_111" HPOS="123" VPOS="472" WIDTH="33" HEIGHT="21" WC="0.93" CONTENT="för"/><SP WIDTH="12" VPOS="472" HPOS="156"/>
							<String ID="string_112" HPOS="168" VPOS="472" WIDTH="134" HEIGHT="27" WC="0.93" CONTENT="jordskatten"/><SP WIDTH="16" VPOS="472" HPOS="302"/>
							<String ID="string_113" HPOS="318" VPOS="472" WIDTH="67" HEIGHT="21" WC="0.93" CONTENT="skulle"/><SP WIDTH="15" VPOS="472" HPOS="385"/>
							<String ID="string_114" HPOS="400" VPOS="472" WIDTH="55" HEIGHT="27" WC="0.93" CONTENT="gälla"/><SP WIDTH="16" VPOS="472" HPOS="455"/>
							<String ID="string_115" HPOS="471" VPOS="474" WIDTH="31" HEIGHT="19" WC="0.96" CONTENT="ett"/><SP WIDTH="15" VPOS="474" HPOS="502"/>
							<String ID="string_116" HPOS="517" VPOS="473" WIDTH="51" HEIGHT="21" WC="0.96" CONTENT="visst"/><SP WIDTH="14" VPOS="473" HPOS="568"/>
							<String ID="string_117" HPOS="582" VPOS="472" WIDTH="57" HEIGHT="22" WC="0.87" CONTENT="antal"/><SP WIDTH="11" VPOS="472" HPOS="639"/>
							<String ID="string_118" HPOS="650" VPOS="473" WIDTH="24" HEIGHT="20" WC="0.87" CONTENT="är"/><SP WIDTH="11" VPOS="473" HPOS="674"/>
							<String ID="string_119" HPOS="685" VPOS="473" WIDTH="38" HEIGHT="20" WC="0.96" CONTENT="och"/><SP WIDTH="12" VPOS="473" HPOS="723"/>
							<String ID="string_120" HPOS="735" VPOS="474" WIDTH="30" HEIGHT="19" WC="0.96" CONTENT="att"/><SP WIDTH="12" VPOS="474" HPOS="765"/>
							<String ID="string_121" HPOS="777" VPOS="478" WIDTH="47" HEIGHT="15" WC="0.96" CONTENT="man"/><SP WIDTH="10" VPOS="478" HPOS="824"/>
							<String ID="string_122" HPOS="834" VPOS="472" WIDTH="65" HEIGHT="21" WC="0.96" CONTENT="sedan"/>
						</TextLine>
						<TextLine ID="line_12" HPOS="77" VPOS="500" WIDTH="822" HEIGHT="28">
							<String ID="string_123" HPOS="77" VPOS="501" WIDTH="46" HEIGHT="21" WC="0.91" CONTENT="äter"/><SP WIDTH="21" VPOS="501" HPOS="123"/>
							<String ID="string_124" HPOS="144" VPOS="501" WIDTH="67" HEIGHT="22" WC="0.96" CONTENT="skulle"/><SP WIDTH="21" VPOS="501" HPOS="211"/>
							<String ID="string_125" HPOS="232" VPOS="501" WIDTH="71" HEIGHT="21" WC="0.93" CONTENT="kunna"/><SP WIDTH="15" VPOS="501" HPOS="303"/>
							<String ID="string_126" HPOS="318" VPOS="507" WIDTH="77" HEIGHT="20" WC="0.92" CONTENT="nogare"/><SP WIDTH="16" VPOS="507" HPOS="395"/>
							<String ID="string_127" HPOS="411" VPOS="501" WIDTH="97" HEIGHT="27" WC="0.92" CONTENT="granska,"/><SP WIDTH="16" VPOS="501" HPOS="508"/>
							<String ID="string_128" HPOS="524" VPOS="501" WIDTH="102" HEIGHT="21" WC="0.93" CONTENT="huruvida"/><SP WIDTH="13" VPOS="501" HPOS="626"/>
							<String ID="string_129" HPOS="639" VPOS="501" WIDTH="133" HEIGHT="26" WC="0.92" CONTENT="jordskatten"/><SP WIDTH="16" VPOS="501" HPOS="772"/>
							<String ID="string_130" HPOS="788" VPOS="500" WIDTH="39" HEIGHT="21" WC="0.93" CONTENT="har"/><SP WIDTH="14" VPOS="500" HPOS="827"/>
							<String ID="string_131" HPOS="841" VPOS="500" WIDTH="58" HEIGHT="27" WC="0.92" CONTENT="stigit"/>
						</TextLine>
						<TextLine ID="line_13" HPOS="77" VPOS="528" WIDTH="823" HEIGHT="28">
							<String ID="string_132" HPOS="77" VPOS="528" WIDTH="52" HEIGHT="23" WC="0.91" CONTENT="eller"/><SP WIDTH="21" VPOS="528" HPOS="129"/>
							<String ID="string_133" HPOS="150" VPOS="529" WIDTH="60" HEIGHT="22" WC="0.96" CONTENT="fallit."/><SP WIDTH="29" VPOS="529" HPOS="210"/>
							<String ID="string_134" HPOS="239" VPOS="529" WIDTH="41" HEIGHT="27" WC="0.95" CONTENT="Jag"/><SP WIDTH="22" VPOS="529" HPOS="280"/>
							<String ID="string_135" HPOS="302" VPOS="531" WIDTH="35" HEIGHT="19" WC="0.93" CONTENT="vet"/><SP WIDTH="22" VPOS="531" HPOS="337"/>
							<String ID="string_136" HPOS="359" VPOS="529" WIDTH="47" HEIGHT="22" WC="0.92" CONTENT="icke"/><SP WIDTH="23" VPOS="529" HPOS="406"/>
							<String ID="string_137" HPOS="429" VPOS="529" WIDTH="97" HEIGHT="22" WC="0.91" CONTENT="hvarföre"/><SP WIDTH="16" VPOS="529" HPOS="526"/>
							<String ID="string_138" HPOS="542" VPOS="530" WIDTH="36" HEIGHT="21" WC="0.96" CONTENT="det"/><SP WIDTH="15" VPOS="530" HPOS="578"/>
							<String ID="string_139" HPOS="593" VPOS="535" WIDTH="28" HEIGHT="15" WC="0.96" CONTENT="nu"/><SP WIDTH="15" VPOS="535" HPOS="621"/>
							<String ID="string_140" HPOS="636" VPOS="531" WIDTH="23" HEIGHT="19" WC="0.96" CONTENT="är"/><SP WIDTH="16" VPOS="531" HPOS="659"/>
							<String ID="string_141" HPOS="675" VPOS="529" WIDTH="69" HEIGHT="21" WC="0.96" CONTENT="bättre"/><SP WIDTH="16" VPOS="529" HPOS="744"/>
							<String ID="string_142" HPOS="760" VPOS="530" WIDTH="32" HEIGHT="20" WC="0.93" CONTENT="att"/><SP WIDTH="15" VPOS="530" HPOS="792"/>
							<String ID="string_143" HPOS="807" VPOS="529" WIDTH="93" HEIGHT="21" WC="0.96" CONTENT="beräkna"/>
						</TextLine>
						<TextLine ID="line_14" HPOS="77" VPOS="557" WIDTH="823" HEIGHT="28">
							<String ID="string_144" HPOS="77" VPOS="557" WIDTH="58" HEIGHT="22" WC="0.93" CONTENT="arvio"/><SP WIDTH="21" VPOS="557" HPOS="135"/>
							<String ID="string_145" HPOS="156" VPOS="557" WIDTH="85" HEIGHT="22" WC="0.92" CONTENT="rubelns"/><SP WIDTH="15" VPOS="557" HPOS="241"/>
							<String ID="string_146" HPOS="256" VPOS="557" WIDTH="63" HEIGHT="22" WC="0.96" CONTENT="värde"/><SP WIDTH="16" VPOS="557" HPOS="319"/>
							<String ID="string_147" HPOS="335" VPOS="557" WIDTH="52" HEIGHT="22" WC="0.96" CONTENT="efter"/><SP WIDTH="16" VPOS="557" HPOS="387"/>
							<String ID="string_148" HPOS="403" VPOS="558" WIDTH="25" HEIGHT="21" WC="0.93" CONTENT="de"/><SP WIDTH="16" VPOS="558" HPOS="428"/>
							<String ID="string_149" HPOS="444" VPOS="557" WIDTH="118" HEIGHT="28" WC="0.93" CONTENT="föreslagne"/><SP WIDTH="15" VPOS="557" HPOS="562"/>
							<String ID="string_150" HPOS="577" VPOS="557" WIDTH="140" HEIGHT="28" WC="0.92" CONTENT="persedlarne,"/><SP WIDTH="18" VPOS="557" HPOS="717"/>
							<String ID="string_151" HPOS="735" VPOS="558" WIDTH="18" HEIGHT="21" WC="0.91" CONTENT="d."/><SP WIDTH="16" VPOS="558" HPOS="753"/>
							<String ID="string_152" HPOS="769" VPOS="563" WIDTH="18" HEIGHT="15" WC="0.96" CONTENT="v."/><SP WIDTH="17" VPOS="563" HPOS="787"/>
							<String ID="string_153" HPOS="804" VPOS="564" WIDTH="16" HEIGHT="15" WC="0.93" CONTENT="s."/><SP WIDTH="16" VPOS="564" HPOS="820"/>
							<String ID="string_154" HPOS="836" VPOS="563" WIDTH="64" HEIGHT="21" WC="0.92" CONTENT="span-"/>
						</TextLine>
						<TextLine ID="line_15" HPOS="77" VPOS="586" WIDTH="822" HEIGHT="27">
							<String ID="string_155" HPOS="77" VPOS="586" WIDTH="48" HEIGHT="27" WC="0.91" CONTENT="mäl,"/><SP WIDTH="15" VPOS="586" HPOS="125"/>
							<String ID="string_156" HPOS="140" VPOS="589" WIDTH="58" HEIGHT="19" WC="0.92" CONTENT="smör"/><SP WIDTH="14" VPOS="589" HPOS="198"/>
							<String ID="string_157" HPOS="212" VPOS="586" WIDTH="40" HEIGHT="21" WC="0.93" CONTENT="och"/><SP WIDTH="15" VPOS="586" HPOS="252"/>
							<String ID="string_158" HPOS="267" VPOS="586" WIDTH="121" HEIGHT="27" WC="0.92" CONTENT="penningar,"/><SP WIDTH="17" VPOS="586" HPOS="388"/>
							<String ID="string_159" HPOS="405" VPOS="589" WIDTH="26" HEIGHT="19" WC="0.96" CONTENT="än"/><SP WIDTH="16" VPOS="589" HPOS="431"/>
							<String ID="string_160" HPOS="447" VPOS="588" WIDTH="31" HEIGHT="19" WC="0.93" CONTENT="att"/><SP WIDTH="15" VPOS="588" HPOS="478"/>
							<String ID="string_161" HPOS="493" VPOS="586" WIDTH="93" HEIGHT="22" WC="0.92" CONTENT="beräkna"/><SP WIDTH="16" VPOS="586" HPOS="586"/>
							<String ID="string_162" HPOS="602" VPOS="587" WIDTH="57" HEIGHT="20" WC="0.96" CONTENT="detta"/><SP WIDTH="16" VPOS="587" HPOS="659"/>
							<String ID="string_163" HPOS="675" VPOS="586" WIDTH="53" HEIGHT="21" WC="0.96" CONTENT="efter"/><SP WIDTH="15" VPOS="586" HPOS="728"/>
							<String ID="string_164" HPOS="743" VPOS="586" WIDTH="26" HEIGHT="21" WC="0.93" CONTENT="de"/><SP WIDTH="15" VPOS="586" HPOS="769"/>
							<String ID="string_165" HPOS="784" VPOS="586" WIDTH="115" HEIGHT="27" WC="0.91" CONTENT="persedlar,"/>
						</TextLine>
						<TextLine ID="line_16" HPOS="77" VPOS="614" WIDTH="822" HEIGHT="27">
							<String ID="string_166" HPOS="77" VPOS="621" WIDTH="45" HEIGHT="15" WC="0.96" CONTENT="som"/><SP WIDTH="25" VPOS="621" HPOS="122"/>
							<String ID="string_167" HPOS="147" VPOS="621" WIDTH="27" HEIGHT="15" WC="0.93" CONTENT="nu"/><SP WIDTH="23" VPOS="621" HPOS="174"/>
							<String ID="string_168" HPOS="197" VPOS="615" WIDTH="61" HEIGHT="26" WC="0.92" CONTENT="gälla,"/><SP WIDTH="24" VPOS="615" HPOS="258"/>
							<String ID="string_169" HPOS="282" VPOS="615" WIDTH="32" HEIGHT="21" WC="0.96" CONTENT="till"/><SP WIDTH="24" VPOS="615" HPOS="314"/>
							<String ID="string_170" HPOS="338" VPOS="615" WIDTH="47" HEIGHT="22" WC="0.96" CONTENT="dess"/><SP WIDTH="22" VPOS="615" HPOS="385"/>
							<String ID="string_171" HPOS="407" VPOS="621" WIDTH="48" HEIGHT="16" WC="0.93" CONTENT="man"/><SP WIDTH="15" VPOS="621" HPOS="455"/>
							<String ID="string_172" HPOS="470" VPOS="615" WIDTH="106" HEIGHT="22" WC="0.91" CONTENT="bestämdt"/><SP WIDTH="14" VPOS="615" HPOS="576"/>
							<String ID="string_173" HPOS="590" VPOS="615" WIDTH="67" HEIGHT="22" WC="0.93" CONTENT="skulle"/><SP WIDTH="16" VPOS="615" HPOS="657"/>
							<String ID="string_174" HPOS="673" VPOS="615" WIDTH="20" HEIGHT="21" WC="0.93" CONTENT="fä"/><SP WIDTH="15" VPOS="615" HPOS="693"/>
							<String ID="string_175" HPOS="708" VPOS="617" WIDTH="48" HEIGHT="19" WC="0.91" CONTENT="veta"/><SP WIDTH="15" VPOS="617" HPOS="756"/>
							<String ID="string_176" HPOS="771" VPOS="614" WIDTH="55" HEIGHT="22" WC="0.91" CONTENT="hvad"/><SP WIDTH="15" VPOS="614" HPOS="826"/>
							<String ID="string_177" HPOS="841" VPOS="615" WIDTH="58" HEIGHT="20" WC="0.96" CONTENT="arvio"/>
						</TextLine>
						<TextLine ID="line_17" HPOS="77" VPOS="643" WIDTH="824" HEIGHT="27">
							<String ID="string_178" HPOS="77" VPOS="643" WIDTH="85" HEIGHT="22" WC="0.92" CONTENT="rubelns"/><SP WIDTH="22" VPOS="643" HPOS="162"/>
							<String ID="string_179" HPOS="184" VPOS="644" WIDTH="64" HEIGHT="21" WC="0.96" CONTENT="värde"/><SP WIDTH="23" VPOS="644" HPOS="248"/>
							<String ID="string_180" HPOS="271" VPOS="643" WIDTH="52" HEIGHT="22" WC="0.96" CONTENT="efter"/><SP WIDTH="23" VPOS="643" HPOS="323"/>
							<String ID="string_181" HPOS="346" VPOS="643" WIDTH="25" HEIGHT="22" WC="0.96" CONTENT="de"/><SP WIDTH="22" VPOS="643" HPOS="371"/>
							<String ID="string_182" HPOS="393" VPOS="643" WIDTH="69" HEIGHT="27" WC="0.93" CONTENT="gamla"/><SP WIDTH="15" VPOS="643" HPOS="462"/>
							<String ID="string_183" HPOS="477" VPOS="644" WIDTH="135" HEIGHT="26" WC="0.92" CONTENT="persedlarne"/><SP WIDTH="15" VPOS="644" HPOS="612"/>
							<String ID="string_184" HPOS="627" VPOS="645" WIDTH="28" HEIGHT="20" WC="0.96" CONTENT="är."/><SP WIDTH="30" VPOS="645" HPOS="655"/>
							<String ID="string_185" HPOS="685" VPOS="643" WIDTH="39" HEIGHT="21" WC="0.96" CONTENT="Att"/><SP WIDTH="14" VPOS="643" HPOS="724"/>
							<String ID="string_186" HPOS="738" VPOS="649" WIDTH="28" HEIGHT="15" WC="0.96" CONTENT="nu"/><SP WIDTH="15" VPOS="649" HPOS="766"/>
							<String ID="string_187" HPOS="781" VPOS="643" WIDTH="32" HEIGHT="21" WC="0.96" CONTENT="för"/><SP WIDTH="15" VPOS="643" HPOS="813"/>
							<String ID="string_188" HPOS="828" VPOS="649" WIDTH="25" HEIGHT="15" WC="0.96" CONTENT="en"/><SP WIDTH="16" VPOS="649" HPOS="853"/>
							<String ID="string_189" HPOS="869" VPOS="643" WIDTH="32" HEIGHT="20" WC="0.97" CONTENT="tid"/>
						</TextLine>
						<TextLine ID="line_18" HPOS="79" VPOS="671" WIDTH="822" HEIGHT="28">
							<String ID="string_190" HPOS="79" VPOS="672" WIDTH="83" HEIGHT="27" WC="0.81" CONTENT="Ofvergä"/><SP WIDTH="21" VPOS="672" HPOS="162"/>
							<String ID="string_191" HPOS="183" VPOS="672" WIDTH="32" HEIGHT="21" WC="0.96" CONTENT="till"/><SP WIDTH="16" VPOS="672" HPOS="215"/>
							<String ID="string_192" HPOS="231" VPOS="674" WIDTH="30" HEIGHT="19" WC="0.96" CONTENT="ett"/><SP WIDTH="15" VPOS="674" HPOS="261"/>
							<String ID="string_193" HPOS="276" VPOS="674" WIDTH="47" HEIGHT="25" WC="0.96" CONTENT="nytt"/><SP WIDTH="14" VPOS="674" HPOS="323"/>
							<String ID="string_194" HPOS="337" VPOS="675" WIDTH="78" HEIGHT="24" WC="0.96" CONTENT="system"/><SP WIDTH="16" VPOS="675" HPOS="415"/>
							<String ID="string_195" HPOS="431" VPOS="672" WIDTH="47" HEIGHT="21" WC="0.93" CONTENT="med"/><SP WIDTH="16" VPOS="672" HPOS="478"/>
							<String ID="string_196" HPOS="494" VPOS="672" WIDTH="62" HEIGHT="26" WC="0.92" CONTENT="afsigt"/><SP WIDTH="14" VPOS="672" HPOS="556"/>
							<String ID="string_197" HPOS="570" VPOS="674" WIDTH="32" HEIGHT="19" WC="0.93" CONTENT="att"/><SP WIDTH="15" VPOS="674" HPOS="602"/>
							<String ID="string_198" HPOS="617" VPOS="671" WIDTH="110" HEIGHT="22" WC="0.92" CONTENT="framdeles"/><SP WIDTH="16" VPOS="671" HPOS="727"/>
							<String ID="string_199" HPOS="743" VPOS="671" WIDTH="97" HEIGHT="22" WC="0.93" CONTENT="förändra"/><SP WIDTH="16" VPOS="671" HPOS="840"/>
							<String ID="string_200" HPOS="856" VPOS="671" WIDTH="45" HEIGHT="22" WC="0.93" CONTENT="det-"/>
						</TextLine>
						<TextLine ID="line_19" HPOS="78" VPOS="699" WIDTH="823" HEIGHT="28">
							<String ID="string_201" HPOS="78" VPOS="706" WIDTH="86" HEIGHT="21" WC="0.95" CONTENT="samma,"/><SP WIDTH="15" VPOS="706" HPOS="164"/>
							<String ID="string_202" HPOS="179" VPOS="701" WIDTH="73" HEIGHT="26" WC="0.95" CONTENT="tycker"/><SP WIDTH="12" VPOS="701" HPOS="252"/>
							<String ID="string_203" HPOS="264" VPOS="701" WIDTH="37" HEIGHT="26" WC="0.96" CONTENT="jag"/><SP WIDTH="15" VPOS="701" HPOS="301"/>
							<String ID="string_204" HPOS="316" VPOS="703" WIDTH="23" HEIGHT="18" WC="0.93" CONTENT="är"/><SP WIDTH="15" VPOS="703" HPOS="339"/>
							<String ID="string_205" HPOS="354" VPOS="701" WIDTH="126" HEIGHT="23" WC="0.77" CONTENT="förhastadt:"/><SP WIDTH="28" VPOS="701" HPOS="480"/>
							<String ID="string_206" HPOS="508" VPOS="701" WIDTH="35" HEIGHT="21" WC="0.93" CONTENT="det"/><SP WIDTH="15" VPOS="701" HPOS="543"/>
							<String ID="string_207" HPOS="558" VPOS="707" WIDTH="49" HEIGHT="15" WC="0.96" CONTENT="vore"/><SP WIDTH="16" VPOS="707" HPOS="607"/>
							<String ID="string_208" HPOS="623" VPOS="700" WIDTH="69" HEIGHT="22" WC="0.96" CONTENT="bättre"/><SP WIDTH="16" VPOS="700" HPOS="692"/>
							<String ID="string_209" HPOS="708" VPOS="700" WIDTH="26" HEIGHT="21" WC="0.96" CONTENT="dä"/><SP WIDTH="15" VPOS="700" HPOS="734"/>
							<String ID="string_210" HPOS="749" VPOS="702" WIDTH="32" HEIGHT="19" WC="0.93" CONTENT="att"/><SP WIDTH="15" VPOS="702" HPOS="781"/>
							<String ID="string_211" HPOS="796" VPOS="699" WIDTH="105" HEIGHT="22" WC="0.96" CONTENT="bibehålla"/>
						</TextLine>
						<TextLine ID="line_20" HPOS="79" VPOS="729" WIDTH="821" HEIGHT="27">
							<String ID="string_212" HPOS="79" VPOS="729" WIDTH="35" HEIGHT="22" WC="0.96" CONTENT="det"/><SP WIDTH="22" VPOS="729" HPOS="114"/>
							<String ID="string_213" HPOS="136" VPOS="729" WIDTH="69" HEIGHT="27" WC="0.96" CONTENT="gamla"/><SP WIDTH="24" VPOS="729" HPOS="205"/>
							<String ID="string_214" HPOS="229" VPOS="729" WIDTH="39" HEIGHT="22" WC="0.93" CONTENT="och"/><SP WIDTH="22" VPOS="729" HPOS="268"/>
							<String ID="string_215" HPOS="290" VPOS="729" WIDTH="94" HEIGHT="27" WC="0.92" CONTENT="begagna"/><SP WIDTH="22" VPOS="729" HPOS="384"/>
							<String ID="string_216" HPOS="406" VPOS="730" WIDTH="57" HEIGHT="21" WC="0.96" CONTENT="tiden"/><SP WIDTH="22" VPOS="730" HPOS="463"/>
							<String ID="string_217" HPOS="485" VPOS="729" WIDTH="33" HEIGHT="22" WC="0.96" CONTENT="till"/><SP WIDTH="22" VPOS="729" HPOS="518"/>
							<String ID="string_218" HPOS="540" VPOS="731" WIDTH="31" HEIGHT="20" WC="0.92" CONTENT="att"/><SP WIDTH="22" VPOS="731" HPOS="571"/>
							<String ID="string_219" HPOS="593" VPOS="729" WIDTH="119" HEIGHT="22" WC="0.92" CONTENT="undersöka"/><SP WIDTH="15" VPOS="729" HPOS="712"/>
							<String ID="string_220" HPOS="727" VPOS="729" WIDTH="80" HEIGHT="21" WC="0.92" CONTENT="hvilket"/><SP WIDTH="15" VPOS="729" HPOS="807"/>
							<String ID="string_221" HPOS="822" VPOS="731" WIDTH="78" HEIGHT="24" WC="0.96" CONTENT="system"/>
						</TextLine>
						<TextLine ID="line_21" HPOS="78" VPOS="756" WIDTH="823" HEIGHT="29">
							<String ID="string_222" HPOS="78" VPOS="764" WIDTH="51" HEIGHT="15" WC="0.92" CONTENT="vore"/><SP WIDTH="22" VPOS="764" HPOS="129"/>
							<String ID="string_223" HPOS="151" VPOS="758" WIDTH="35" HEIGHT="21" WC="0.93" CONTENT="det"/><SP WIDTH="22" VPOS="758" HPOS="186"/>
							<String ID="string_224" HPOS="208" VPOS="758" WIDTH="139" HEIGHT="27" WC="0.92" CONTENT="lämpligaste,"/><SP WIDTH="23" VPOS="758" HPOS="347"/>
							<String ID="string_225" HPOS="370" VPOS="758" WIDTH="33" HEIGHT="21" WC="0.96" CONTENT="för"/><SP WIDTH="21" VPOS="758" HPOS="403"/>
							<String ID="string_226" HPOS="424" VPOS="760" WIDTH="31" HEIGHT="19" WC="0.93" CONTENT="att"/><SP WIDTH="15" VPOS="760" HPOS="455"/>
							<String ID="string_227" HPOS="470" VPOS="757" WIDTH="129" HEIGHT="22" WC="0.91" CONTENT="förekomma"/><SP WIDTH="16" VPOS="757" HPOS="599"/>
							<String ID="string_228" HPOS="615" VPOS="758" WIDTH="35" HEIGHT="21" WC="0.93" CONTENT="det"/><SP WIDTH="15" VPOS="758" HPOS="650"/>
							<String ID="string_229" HPOS="665" VPOS="757" WIDTH="60" HEIGHT="27" WC="0.92" CONTENT="onda,"/><SP WIDTH="16" VPOS="757" HPOS="725"/>
							<String ID="string_230" HPOS="741" VPOS="763" WIDTH="45" HEIGHT="16" WC="0.96" CONTENT="som"/><SP WIDTH="16" VPOS="763" HPOS="786"/>
							<String ID="string_231" HPOS="802" VPOS="763" WIDTH="48" HEIGHT="15" WC="0.96" CONTENT="man"/><SP WIDTH="15" VPOS="763" HPOS="850"/>
							<String ID="string_232" HPOS="865" VPOS="756" WIDTH="36" HEIGHT="22" WC="0.96" CONTENT="vill"/>
						</TextLine>
						<TextLine ID="line_22" HPOS="78" VPOS="786" WIDTH="513" HEIGHT="28">
							<String ID="string_233" HPOS="78" VPOS="786" WIDTH="138" HEIGHT="28" WC="0.90" CONTENT="förekomma,"/><SP WIDTH="16" VPOS="786" HPOS="216"/>
							<String ID="string_234" HPOS="232" VPOS="786" WIDTH="19" HEIGHT="22" WC="0.93" CONTENT="d."/><SP WIDTH="16" VPOS="786" HPOS="251"/>
							<String ID="string_235" HPOS="267" VPOS="793" WIDTH="17" HEIGHT="15" WC="0.96" CONTENT="v."/><SP WIDTH="16" VPOS="793" HPOS="284"/>
							<String ID="string_236" HPOS="300" VPOS="792" WIDTH="16" HEIGHT="16" WC="0.93" CONTENT="s."/><SP WIDTH="13" VPOS="792" HPOS="316"/>
							<String ID="string_237" HPOS="329" VPOS="786" WIDTH="145" HEIGHT="27" WC="0.93" CONTENT="jordskattens"/><SP WIDTH="16" VPOS="786" HPOS="474"/>
							<String ID="string_238" HPOS="490" VPOS="787" WIDTH="101" HEIGHT="26" WC="0.92" CONTENT="stigande."/>
						</TextLine>
					</TextBlock>
				</ComposedBlock>
				<ComposedBlock ID="cblock_3" HPOS="78" VPOS="853" WIDTH="823" HEIGHT="288">
					<TextBlock ID="block_2" HPOS="78" VPOS="853" WIDTH="823" HEIGHT="288">
						<TextLine ID="line_23" HPOS="148" VPOS="853" WIDTH="753" HEIGHT="29">
							<String ID="string_239" HPOS="148" VPOS="855" WIDTH="90" HEIGHT="21" WC="0.92" CONTENT="Prosten"/><SP WIDTH="22" VPOS="855" HPOS="238"/>
							<String ID="string_240" HPOS="260" VPOS="854" WIDTH="99" HEIGHT="28" WC="0.96" CONTENT="Hjelt:"/><SP WIDTH="24" VPOS="854" HPOS="359"/>
							<String ID="string_241" HPOS="383" VPOS="855" WIDTH="40" HEIGHT="27" WC="0.93" CONTENT="Jag"/><SP WIDTH="22" VPOS="855" HPOS="423"/>
							<String ID="string_242" HPOS="445" VPOS="854" WIDTH="90" HEIGHT="27" WC="0.88" CONTENT="begärde"/><SP WIDTH="23" VPOS="854" HPOS="535"/>
							<String ID="string_243" HPOS="558" VPOS="854" WIDTH="60" HEIGHT="22" WC="0.91" CONTENT="ordet"/><SP WIDTH="22" VPOS="854" HPOS="618"/>
							<String ID="string_244" HPOS="640" VPOS="855" WIDTH="47" HEIGHT="21" WC="0.93" CONTENT="med"/><SP WIDTH="16" VPOS="855" HPOS="687"/>
							<String ID="string_245" HPOS="703" VPOS="854" WIDTH="112" HEIGHT="26" WC="0.92" CONTENT="anledning"/><SP WIDTH="14" VPOS="854" HPOS="815"/>
							<String ID="string_246" HPOS="829" VPOS="853" WIDTH="23" HEIGHT="22" WC="0.96" CONTENT="af"/><SP WIDTH="13" VPOS="853" HPOS="852"/>
							<String ID="string_247" HPOS="865" VPOS="854" WIDTH="36" HEIGHT="21" WC="0.96" CONTENT="det"/>
						</TextLine>
						<TextLine ID="line_24" HPOS="80" VPOS="883" WIDTH="820" HEIGHT="27">
							<String ID="string_248" HPOS="80" VPOS="884" WIDTH="150" HEIGHT="25" WC="0.92" CONTENT="missförständ,"/><SP WIDTH="23" VPOS="884" HPOS="230"/>
							<String ID="string_249" HPOS="253" VPOS="890" WIDTH="45" HEIGHT="15" WC="0.92" CONTENT="som"/><SP WIDTH="22" VPOS="890" HPOS="298"/>
							<String ID="string_250" HPOS="320" VPOS="884" WIDTH="90" HEIGHT="21" WC="0.92" CONTENT="rörande"/><SP WIDTH="21" VPOS="884" HPOS="410"/>
							<String ID="string_251" HPOS="431" VPOS="884" WIDTH="106" HEIGHT="26" WC="0.92" CONTENT="professor"/><SP WIDTH="21" VPOS="884" HPOS="537"/>
							<String ID="string_252" HPOS="558" VPOS="884" WIDTH="96" HEIGHT="20" WC="0.92" CONTENT="Donners"/><SP WIDTH="23" VPOS="884" HPOS="654"/>
							<String ID="string_253" HPOS="677" VPOS="883" WIDTH="38" HEIGHT="21" WC="0.96" CONTENT="och"/><SP WIDTH="20" VPOS="883" HPOS="715"/>
							<String ID="string_254" HPOS="735" VPOS="883" WIDTH="48" HEIGHT="21" WC="0.93" CONTENT="mitt"/><SP WIDTH="19" VPOS="883" HPOS="783"/>
							<String ID="string_255" HPOS="802" VPOS="883" WIDTH="98" HEIGHT="26" WC="0.92" CONTENT="yttrande"/>
						</TextLine>
						<TextLine ID="line_25" HPOS="80" VPOS="911" WIDTH="821" HEIGHT="28">
							<String ID="string_256" HPOS="80" VPOS="912" WIDTH="71" HEIGHT="22" WC="0.92" CONTENT="visade"/><SP WIDTH="21" VPOS="912" HPOS="151"/>
							<String ID="string_257" HPOS="172" VPOS="913" WIDTH="32" HEIGHT="26" WC="0.95" CONTENT="sig"/><SP WIDTH="14" VPOS="913" HPOS="204"/>
							<String ID="string_258" HPOS="218" VPOS="912" WIDTH="7" HEIGHT="21" WC="0.95" CONTENT="i"/><SP WIDTH="17" VPOS="912" HPOS="225"/>
							<String ID="string_259" HPOS="242" VPOS="912" WIDTH="75" HEIGHT="21" WC="0.93" CONTENT="doktor"/><SP WIDTH="14" VPOS="912" HPOS="317"/>
							<String ID="string_260" HPOS="331" VPOS="912" WIDTH="81" HEIGHT="27" WC="0.92" CONTENT="Berghs"/><SP WIDTH="16" VPOS="912" HPOS="412"/>
							<String ID="string_261" HPOS="428" VPOS="914" WIDTH="83" HEIGHT="19" WC="0.92" CONTENT="senaste"/><SP WIDTH="17" VPOS="914" HPOS="511"/>
							<String ID="string_262" HPOS="528" VPOS="912" WIDTH="139" HEIGHT="27" WC="0.92" CONTENT="andragande."/><SP WIDTH="30" VPOS="912" HPOS="667"/>
							<String ID="string_263" HPOS="697" VPOS="911" WIDTH="40" HEIGHT="28" WC="0.96" CONTENT="Jag"/><SP WIDTH="15" VPOS="911" HPOS="737"/>
							<String ID="string_264" HPOS="752" VPOS="911" WIDTH="38" HEIGHT="21" WC="0.92" CONTENT="har"/><SP WIDTH="16" VPOS="911" HPOS="790"/>
							<String ID="string_265" HPOS="806" VPOS="911" WIDTH="16" HEIGHT="26" WC="0.90" CONTENT="ej"/><SP WIDTH="17" VPOS="911" HPOS="822"/>
							<String ID="string_266" HPOS="839" VPOS="912" WIDTH="62" HEIGHT="25" WC="0.93" CONTENT="yrkat"/>
						</TextLine>
						<TextLine ID="line_26" HPOS="80" VPOS="939" WIDTH="819" HEIGHT="28">
							<String ID="string_267" HPOS="80" VPOS="942" WIDTH="69" HEIGHT="25" WC="0.96" CONTENT="annat,"/><SP WIDTH="16" VPOS="942" HPOS="149"/>
							<String ID="string_268" HPOS="165" VPOS="943" WIDTH="27" HEIGHT="19" WC="0.96" CONTENT="än"/><SP WIDTH="16" VPOS="943" HPOS="192"/>
							<String ID="string_269" HPOS="208" VPOS="941" WIDTH="117" HEIGHT="26" WC="0.96" CONTENT="antagande"/><SP WIDTH="15" VPOS="941" HPOS="325"/>
							<String ID="string_270" HPOS="340" VPOS="941" WIDTH="21" HEIGHT="21" WC="0.97" CONTENT="af"/><SP WIDTH="15" VPOS="941" HPOS="361"/>
							<String ID="string_271" HPOS="376" VPOS="941" WIDTH="39" HEIGHT="21" WC="0.93" CONTENT="den"/><SP WIDTH="16" VPOS="941" HPOS="415"/>
							<String ID="string_272" HPOS="431" VPOS="940" WIDTH="116" HEIGHT="27" WC="0.92" CONTENT="Kejserliga"/><SP WIDTH="15" VPOS="940" HPOS="547"/>
							<String ID="string_273" HPOS="562" VPOS="940" WIDTH="157" HEIGHT="27" WC="0.96" CONTENT="propositionen"/><SP WIDTH="16" VPOS="940" HPOS="719"/>
							<String ID="string_274" HPOS="735" VPOS="941" WIDTH="26" HEIGHT="26" WC="0.96" CONTENT="pä"/><SP WIDTH="12" VPOS="941" HPOS="761"/>
							<String ID="string_275" HPOS="773" VPOS="946" WIDTH="24" HEIGHT="15" WC="0.93" CONTENT="en"/><SP WIDTH="11" VPOS="946" HPOS="797"/>
							<String ID="string_276" HPOS="808" VPOS="939" WIDTH="91" HEIGHT="25" WC="0.91" CONTENT="kortare,"/>
						</TextLine>
						<TextLine ID="line_27" HPOS="79" VPOS="968" WIDTH="822" HEIGHT="27">
							<String ID="string_277" HPOS="79" VPOS="969" WIDTH="97" HEIGHT="22" WC="0.95" CONTENT="bestämd"/><SP WIDTH="22" VPOS="969" HPOS="176"/>
							<String ID="string_278" HPOS="198" VPOS="969" WIDTH="31" HEIGHT="21" WC="0.92" CONTENT="tid"/><SP WIDTH="23" VPOS="969" HPOS="229"/>
							<String ID="string_279" HPOS="252" VPOS="972" WIDTH="14" HEIGHT="18" WC="0.91" CONTENT="t."/><SP WIDTH="24" VPOS="972" HPOS="266"/>
							<String ID="string_280" HPOS="290" VPOS="976" WIDTH="30" HEIGHT="14" WC="0.94" CONTENT="ex."/><SP WIDTH="17" VPOS="976" HPOS="320"/>
							<String ID="string_281" HPOS="337" VPOS="970" WIDTH="26" HEIGHT="21" WC="0.95" CONTENT="25"/><SP WIDTH="16" VPOS="970" HPOS="363"/>
							<String ID="string_282" HPOS="379" VPOS="970" WIDTH="24" HEIGHT="20" WC="0.89" CONTENT="år"/><SP WIDTH="22" VPOS="970" HPOS="403"/>
							<String ID="string_283" HPOS="425" VPOS="969" WIDTH="84" HEIGHT="22" WC="0.86" CONTENT="hvartill"/><SP WIDTH="15" VPOS="969" HPOS="509"/>
							<String ID="string_284" HPOS="524" VPOS="969" WIDTH="64" HEIGHT="22" WC="0.96" CONTENT="sedan"/><SP WIDTH="16" VPOS="969" HPOS="588"/>
							<String ID="string_285" HPOS="604" VPOS="969" WIDTH="107" HEIGHT="26" WC="0.95" CONTENT="professor"/><SP WIDTH="14" VPOS="969" HPOS="711"/>
							<String ID="string_286" HPOS="725" VPOS="969" WIDTH="86" HEIGHT="21" WC="0.93" CONTENT="Donner"/><SP WIDTH="14" VPOS="969" HPOS="811"/>
							<String ID="string_287" HPOS="825" VPOS="968" WIDTH="76" HEIGHT="26" WC="0.96" CONTENT="fogade"/>
						</TextLine>
						<TextLine ID="line_28" HPOS="79" VPOS="997" WIDTH="822" HEIGHT="28">
							<String ID="string_288" HPOS="79" VPOS="998" WIDTH="40" HEIGHT="21" WC="0.89" CONTENT="den"/><SP WIDTH="23" VPOS="998" HPOS="119"/>
							<String ID="string_289" HPOS="142" VPOS="998" WIDTH="87" HEIGHT="26" WC="0.89" CONTENT="önskan,"/><SP WIDTH="23" VPOS="998" HPOS="229"/>
							<String ID="string_290" HPOS="252" VPOS="1000" WIDTH="32" HEIGHT="19" WC="0.95" CONTENT="att"/><SP WIDTH="22" VPOS="1000" HPOS="284"/>
							<String ID="string_291" HPOS="306" VPOS="1005" WIDTH="48" HEIGHT="14" WC="0.92" CONTENT="man"/><SP WIDTH="23" VPOS="1005" HPOS="354"/>
							<String ID="string_292" HPOS="377" VPOS="997" WIDTH="100" HEIGHT="28" WC="0.91" CONTENT="derjemte"/><SP WIDTH="22" VPOS="997" HPOS="477"/>
							<String ID="string_293" HPOS="499" VPOS="997" WIDTH="68" HEIGHT="22" WC="0.93" CONTENT="skulle"/><SP WIDTH="22" VPOS="997" HPOS="567"/>
							<String ID="string_294" HPOS="589" VPOS="997" WIDTH="84" HEIGHT="22" WC="0.91" CONTENT="anhälla"/><SP WIDTH="19" VPOS="997" HPOS="673"/>
							<String ID="string_295" HPOS="692" VPOS="999" WIDTH="33" HEIGHT="20" WC="0.96" CONTENT="att"/><SP WIDTH="20" VPOS="999" HPOS="725"/>
							<String ID="string_296" HPOS="745" VPOS="997" WIDTH="33" HEIGHT="21" WC="0.96" CONTENT="vid"/><SP WIDTH="16" VPOS="997" HPOS="778"/>
							<String ID="string_297" HPOS="794" VPOS="997" WIDTH="25" HEIGHT="20" WC="0.96" CONTENT="de"/><SP WIDTH="16" VPOS="997" HPOS="819"/>
							<String ID="string_298" HPOS="835" VPOS="997" WIDTH="66" HEIGHT="26" WC="0.96" CONTENT="ärliga"/>
						</TextLine>
						<TextLine ID="line_29" HPOS="79" VPOS="1026" WIDTH="821" HEIGHT="28">
							<String ID="string_299" HPOS="79" VPOS="1027" WIDTH="286" HEIGHT="27" WC="0.90" CONTENT="markegängssättningarna"/><SP WIDTH="15" VPOS="1027" HPOS="365"/>
							<String ID="string_300" HPOS="380" VPOS="1027" WIDTH="60" HEIGHT="21" WC="0.90" CONTENT="äfven"/><SP WIDTH="16" VPOS="1027" HPOS="440"/>
							<String ID="string_301" HPOS="456" VPOS="1027" WIDTH="67" HEIGHT="20" WC="0.93" CONTENT="skulle"/><SP WIDTH="15" VPOS="1027" HPOS="523"/>
							<String ID="string_302" HPOS="538" VPOS="1029" WIDTH="103" HEIGHT="25" WC="0.92" CONTENT="upptagas"/><SP WIDTH="15" VPOS="1029" HPOS="641"/>
							<String ID="string_303" HPOS="656" VPOS="1027" WIDTH="25" HEIGHT="20" WC="0.96" CONTENT="de"/><SP WIDTH="15" VPOS="1027" HPOS="681"/>
							<String ID="string_304" HPOS="696" VPOS="1026" WIDTH="7" HEIGHT="21" WC="0.96" CONTENT="i"/><SP WIDTH="15" VPOS="1026" HPOS="703"/>
							<String ID="string_305" HPOS="718" VPOS="1026" WIDTH="26" HEIGHT="21" WC="0.93" CONTENT="de"/><SP WIDTH="13" VPOS="1026" HPOS="744"/>
							<String ID="string_306" HPOS="757" VPOS="1026" WIDTH="57" HEIGHT="21" WC="0.92" CONTENT="äldre"/><SP WIDTH="11" VPOS="1026" HPOS="814"/>
							<String ID="string_307" HPOS="825" VPOS="1026" WIDTH="75" HEIGHT="20" WC="0.91" CONTENT="under-"/>
						</TextLine>
						<TextLine ID="line_30" HPOS="78" VPOS="1054" WIDTH="823" HEIGHT="28">
							<String ID="string_308" HPOS="78" VPOS="1055" WIDTH="133" HEIGHT="27" WC="0.92" CONTENT="visningarna"/><SP WIDTH="22" VPOS="1055" HPOS="211"/>
							<String ID="string_309" HPOS="233" VPOS="1055" WIDTH="101" HEIGHT="27" WC="0.92" CONTENT="ingäende"/><SP WIDTH="23" VPOS="1055" HPOS="334"/>
							<String ID="string_310" HPOS="357" VPOS="1055" WIDTH="113" HEIGHT="27" WC="0.91" CONTENT="persedlar,"/><SP WIDTH="24" VPOS="1055" HPOS="470"/>
							<String ID="string_311" HPOS="494" VPOS="1061" WIDTH="46" HEIGHT="16" WC="0.95" CONTENT="som"/><SP WIDTH="22" VPOS="1061" HPOS="540"/>
							<String ID="string_312" HPOS="562" VPOS="1055" WIDTH="33" HEIGHT="21" WC="0.95" CONTENT="vid"/><SP WIDTH="23" VPOS="1055" HPOS="595"/>
							<String ID="string_313" HPOS="618" VPOS="1055" WIDTH="39" HEIGHT="21" WC="0.93" CONTENT="den"/><SP WIDTH="16" VPOS="1055" HPOS="657"/>
							<String ID="string_314" HPOS="673" VPOS="1055" WIDTH="56" HEIGHT="20" WC="0.92" CONTENT="förra"/><SP WIDTH="15" VPOS="1055" HPOS="729"/>
							<String ID="string_315" HPOS="744" VPOS="1054" WIDTH="157" HEIGHT="27" WC="0.90" CONTENT="räntepersedel"/>
						</TextLine>
						<TextLine ID="line_31" HPOS="79" VPOS="1082" WIDTH="821" HEIGHT="29">
							<String ID="string_316" HPOS="79" VPOS="1085" WIDTH="154" HEIGHT="26" WC="0.92" CONTENT="omsättningen"/><SP WIDTH="16" VPOS="1085" HPOS="233"/>
							<String ID="string_317" HPOS="249" VPOS="1084" WIDTH="108" HEIGHT="25" WC="0.92" CONTENT="uteslötos,"/><SP WIDTH="16" VPOS="1084" HPOS="357"/>
							<String ID="string_318" HPOS="373" VPOS="1084" WIDTH="31" HEIGHT="21" WC="0.96" CONTENT="för"/><SP WIDTH="15" VPOS="1084" HPOS="404"/>
							<String ID="string_319" HPOS="419" VPOS="1085" WIDTH="32" HEIGHT="20" WC="0.93" CONTENT="att"/><SP WIDTH="15" VPOS="1085" HPOS="451"/>
							<String ID="string_320" HPOS="466" VPOS="1084" WIDTH="119" HEIGHT="26" WC="0.92" CONTENT="derigenom"/><SP WIDTH="16" VPOS="1084" HPOS="585"/>
							<String ID="string_321" HPOS="601" VPOS="1083" WIDTH="84" HEIGHT="22" WC="0.96" CONTENT="komma"/><SP WIDTH="16" VPOS="1083" HPOS="685"/>
							<String ID="string_322" HPOS="701" VPOS="1083" WIDTH="31" HEIGHT="22" WC="0.96" CONTENT="till"/><SP WIDTH="15" VPOS="1083" HPOS="732"/>
							<String ID="string_323" HPOS="747" VPOS="1083" WIDTH="58" HEIGHT="21" WC="0.93" CONTENT="arvio"/><SP WIDTH="11" VPOS="1083" HPOS="805"/>
							<String ID="string_324" HPOS="816" VPOS="1082" WIDTH="84" HEIGHT="22" WC="0.91" CONTENT="rubelns"/>
						</TextLine>
						<TextLine ID="line_32" HPOS="78" VPOS="1113" WIDTH="161" HEIGHT="28">
							<String ID="string_325" HPOS="78" VPOS="1113" WIDTH="77" HEIGHT="28" WC="0.92" CONTENT="riktiga"/><SP WIDTH="15" VPOS="1113" HPOS="155"/>
							<String ID="string_326" HPOS="170" VPOS="1113" WIDTH="69" HEIGHT="21" WC="0.96" CONTENT="värde."/>
						</TextLine>
					</TextBlock>
				</ComposedBlock>
				<ComposedBlock ID="cblock_4" HPOS="77" VPOS="1179" WIDTH="824" HEIGHT="228">
					<TextBlock ID="block_3" HPOS="77" VPOS="1179" WIDTH="824" HEIGHT="228">
						<TextLine ID="line_33" HPOS="145" VPOS="1179" WIDTH="754" HEIGHT="28">
							<String ID="string_327" HPOS="145" VPOS="1181" WIDTH="110" HEIGHT="21" WC="0.95" CONTENT="Professor"/><SP WIDTH="43" VPOS="1181" HPOS="255"/>
							<String ID="string_328" HPOS="298" VPOS="1187" WIDTH="105" HEIGHT="15" WC="0.96" CONTENT="Donner:"/><SP WIDTH="25" VPOS="1187" HPOS="403"/>
							<String ID="string_329" HPOS="428" VPOS="1181" WIDTH="40" HEIGHT="26" WC="0.96" CONTENT="Jag"/><SP WIDTH="15" VPOS="1181" HPOS="468"/>
							<String ID="string_330" HPOS="483" VPOS="1181" WIDTH="34" HEIGHT="20" WC="0.93" CONTENT="vill"/><SP WIDTH="16" VPOS="1181" HPOS="517"/>
							<String ID="string_331" HPOS="533" VPOS="1181" WIDTH="54" HEIGHT="21" WC="0.93" CONTENT="blott"/><SP WIDTH="12" VPOS="1181" HPOS="587"/>
							<String ID="string_332" HPOS="599" VPOS="1182" WIDTH="53" HEIGHT="22" WC="0.96" CONTENT="göra"/><SP WIDTH="11" VPOS="1182" HPOS="652"/>
							<String ID="string_333" HPOS="663" VPOS="1187" WIDTH="25" HEIGHT="14" WC="0.96" CONTENT="en"/><SP WIDTH="11" VPOS="1187" HPOS="688"/>
							<String ID="string_334" HPOS="699" VPOS="1180" WIDTH="51" HEIGHT="21" WC="0.93" CONTENT="liten"/><SP WIDTH="11" VPOS="1180" HPOS="750"/>
							<String ID="string_335" HPOS="761" VPOS="1179" WIDTH="138" HEIGHT="27" WC="0.92" CONTENT="anmärkning"/>
						</TextLine>
						<TextLine ID="line_34" HPOS="78" VPOS="1208" WIDTH="823" HEIGHT="28">
							<String ID="string_336" HPOS="78" VPOS="1209" WIDTH="7" HEIGHT="21" WC="0.93" CONTENT="i"/><SP WIDTH="15" VPOS="1209" HPOS="85"/>
							<String ID="string_337" HPOS="100" VPOS="1209" WIDTH="98" HEIGHT="22" WC="0.92" CONTENT="afseende"/><SP WIDTH="16" VPOS="1209" HPOS="198"/>
							<String ID="string_338" HPOS="214" VPOS="1209" WIDTH="12" HEIGHT="21" WC="0.92" CONTENT="&amp;"/><SP WIDTH="15" VPOS="1209" HPOS="226"/>
							<String ID="string_339" HPOS="241" VPOS="1211" WIDTH="84" HEIGHT="25" WC="0.92" CONTENT="prosten"/><SP WIDTH="16" VPOS="1211" HPOS="325"/>
							<String ID="string_340" HPOS="341" VPOS="1209" WIDTH="117" HEIGHT="22" WC="0.92" CONTENT="Johnssons"/><SP WIDTH="16" VPOS="1209" HPOS="458"/>
							<String ID="string_341" HPOS="474" VPOS="1209" WIDTH="105" HEIGHT="27" WC="0.90" CONTENT="yttrande."/><SP WIDTH="26" VPOS="1209" HPOS="579"/>
							<String ID="string_342" HPOS="605" VPOS="1209" WIDTH="47" HEIGHT="21" WC="0.93" CONTENT="Han"/><SP WIDTH="16" VPOS="1209" HPOS="652"/>
							<String ID="string_343" HPOS="668" VPOS="1215" WIDTH="60" HEIGHT="21" WC="0.91" CONTENT="synes"/><SP WIDTH="15" VPOS="1215" HPOS="728"/>
							<String ID="string_344" HPOS="743" VPOS="1208" WIDTH="46" HEIGHT="21" WC="0.90" CONTENT="icke"/><SP WIDTH="12" VPOS="1208" HPOS="789"/>
							<String ID="string_345" HPOS="801" VPOS="1215" WIDTH="50" HEIGHT="14" WC="0.96" CONTENT="vara"/><SP WIDTH="11" VPOS="1215" HPOS="851"/>
							<String ID="string_346" HPOS="862" VPOS="1208" WIDTH="39" HEIGHT="21" WC="0.96" CONTENT="här"/>
						</TextLine>
						<TextLine ID="line_35" HPOS="79" VPOS="1236" WIDTH="822" HEIGHT="29">
							<String ID="string_347" HPOS="79" VPOS="1244" WIDTH="71" HEIGHT="20" WC="0.76" CONTENT="mera;"/><SP WIDTH="26" VPOS="1244" HPOS="150"/>
							<String ID="string_348" HPOS="176" VPOS="1244" WIDTH="46" HEIGHT="15" WC="0.96" CONTENT="men"/><SP WIDTH="14" VPOS="1244" HPOS="222"/>
							<String ID="string_349" HPOS="236" VPOS="1238" WIDTH="36" HEIGHT="27" WC="0.96" CONTENT="jag"/><SP WIDTH="14" VPOS="1238" HPOS="272"/>
							<String ID="string_350" HPOS="286" VPOS="1238" WIDTH="35" HEIGHT="21" WC="0.93" CONTENT="vill"/><SP WIDTH="16" VPOS="1238" HPOS="321"/>
							<String ID="string_351" HPOS="337" VPOS="1239" WIDTH="98" HEIGHT="26" WC="0.96" CONTENT="påminna"/><SP WIDTH="17" VPOS="1239" HPOS="435"/>
							<String ID="string_352" HPOS="452" VPOS="1238" WIDTH="78" HEIGHT="26" WC="0.95" CONTENT="derom,"/><SP WIDTH="16" VPOS="1238" HPOS="530"/>
							<String ID="string_353" HPOS="546" VPOS="1240" WIDTH="32" HEIGHT="19" WC="0.96" CONTENT="att"/><SP WIDTH="12" VPOS="1240" HPOS="578"/>
							<String ID="string_354" HPOS="590" VPOS="1237" WIDTH="122" HEIGHT="26" WC="0.93" CONTENT="regeringen"/><SP WIDTH="11" VPOS="1237" HPOS="712"/>
							<String ID="string_355" HPOS="723" VPOS="1236" WIDTH="112" HEIGHT="27" WC="0.96" CONTENT="ingalunda"/><SP WIDTH="11" VPOS="1236" HPOS="835"/>
							<String ID="string_356" HPOS="846" VPOS="1237" WIDTH="55" HEIGHT="20" WC="0.96" CONTENT="hade"/>
						</TextLine>
						<TextLine ID="line_36" HPOS="77" VPOS="1265" WIDTH="823" HEIGHT="29">
							<String ID="string_357" HPOS="77" VPOS="1269" WIDTH="54" HEIGHT="25" WC="0.92" CONTENT="sagt,"/><SP WIDTH="16" VPOS="1269" HPOS="131"/>
							<String ID="string_358" HPOS="147" VPOS="1269" WIDTH="33" HEIGHT="19" WC="0.96" CONTENT="att"/><SP WIDTH="15" VPOS="1269" HPOS="180"/>
							<String ID="string_359" HPOS="195" VPOS="1267" WIDTH="40" HEIGHT="20" WC="0.93" CONTENT="den"/><SP WIDTH="15" VPOS="1267" HPOS="235"/>
							<String ID="string_360" HPOS="250" VPOS="1267" WIDTH="46" HEIGHT="21" WC="0.92" CONTENT="icke"/><SP WIDTH="16" VPOS="1267" HPOS="296"/>
							<String ID="string_361" HPOS="312" VPOS="1267" WIDTH="91" HEIGHT="21" WC="0.91" CONTENT="önskade"/><SP WIDTH="16" VPOS="1267" HPOS="403"/>
							<String ID="string_362" HPOS="419" VPOS="1273" WIDTH="26" HEIGHT="15" WC="0.93" CONTENT="en"/><SP WIDTH="16" VPOS="1273" HPOS="445"/>
							<String ID="string_363" HPOS="461" VPOS="1266" WIDTH="117" HEIGHT="27" WC="0.92" CONTENT="förhöjning"/><SP WIDTH="14" VPOS="1266" HPOS="578"/>
							<String ID="string_364" HPOS="592" VPOS="1266" WIDTH="7" HEIGHT="21" WC="0.93" CONTENT="i"/><SP WIDTH="13" VPOS="1266" HPOS="599"/>
							<String ID="string_365" HPOS="612" VPOS="1266" WIDTH="140" HEIGHT="25" WC="0.90" CONTENT="jordskatten."/><SP WIDTH="24" VPOS="1266" HPOS="752"/>
							<String ID="string_366" HPOS="776" VPOS="1265" WIDTH="42" HEIGHT="21" WC="0.93" CONTENT="Det"/><SP WIDTH="15" VPOS="1265" HPOS="818"/>
							<String ID="string_367" HPOS="833" VPOS="1266" WIDTH="67" HEIGHT="20" WC="0.93" CONTENT="mäste"/>
						</TextLine>
						<TextLine ID="line_37" HPOS="78" VPOS="1294" WIDTH="822" HEIGHT="28">
							<String ID="string_368" HPOS="78" VPOS="1295" WIDTH="132" HEIGHT="27" WC="0.92" CONTENT="naturligtvis"/><SP WIDTH="22" VPOS="1295" HPOS="210"/>
							<String ID="string_369" HPOS="232" VPOS="1295" WIDTH="77" HEIGHT="22" WC="0.92" CONTENT="förstäs"/><SP WIDTH="22" VPOS="1295" HPOS="309"/>
							<String ID="string_370" HPOS="331" VPOS="1295" WIDTH="69" HEIGHT="22" WC="0.92" CONTENT="säsom"/><SP WIDTH="24" VPOS="1295" HPOS="400"/>
							<String ID="string_371" HPOS="424" VPOS="1295" WIDTH="35" HEIGHT="22" WC="0.92" CONTENT="det"/><SP WIDTH="22" VPOS="1295" HPOS="459"/>
							<String ID="string_372" HPOS="481" VPOS="1295" WIDTH="92" HEIGHT="27" WC="0.92" CONTENT="tydligen"/><SP WIDTH="19" VPOS="1295" HPOS="573"/>
							<String ID="string_373" HPOS="592" VPOS="1296" WIDTH="66" HEIGHT="26" WC="0.92" CONTENT="yttras"/><SP WIDTH="16" VPOS="1296" HPOS="658"/>
							<String ID="string_374" HPOS="674" VPOS="1294" WIDTH="6" HEIGHT="21" WC="0.95" CONTENT="i"/><SP WIDTH="16" VPOS="1294" HPOS="680"/>
							<String ID="string_375" HPOS="696" VPOS="1294" WIDTH="161" HEIGHT="27" WC="0.96" CONTENT="propositionen,"/><SP WIDTH="17" VPOS="1294" HPOS="857"/>
							<String ID="string_376" HPOS="874" VPOS="1299" WIDTH="26" HEIGHT="15" WC="0.94" CONTENT="en"/>
						</TextLine>
						<TextLine ID="line_38" HPOS="77" VPOS="1322" WIDTH="822" HEIGHT="28">
							<String ID="string_377" HPOS="77" VPOS="1323" WIDTH="119" HEIGHT="27" WC="0.93" CONTENT="förhöjning"/><SP WIDTH="15" VPOS="1323" HPOS="196"/>
							<String ID="string_378" HPOS="211" VPOS="1323" WIDTH="81" HEIGHT="22" WC="0.91" CONTENT="utöfver"/><SP WIDTH="16" VPOS="1323" HPOS="292"/>
							<String ID="string_379" HPOS="308" VPOS="1323" WIDTH="41" HEIGHT="26" WC="0.96" CONTENT="det,"/><SP WIDTH="16" VPOS="1323" HPOS="349"/>
							<String ID="string_380" HPOS="365" VPOS="1330" WIDTH="44" HEIGHT="15" WC="0.93" CONTENT="som"/><SP WIDTH="16" VPOS="1330" HPOS="409"/>
							<String ID="string_381" HPOS="425" VPOS="1323" WIDTH="72" HEIGHT="27" WC="0.93" CONTENT="sjelfva"/><SP WIDTH="15" VPOS="1323" HPOS="497"/>
							<String ID="string_382" HPOS="512" VPOS="1323" WIDTH="152" HEIGHT="27" WC="0.92" CONTENT="produkternes"/><SP WIDTH="11" VPOS="1323" HPOS="664"/>
							<String ID="string_383" HPOS="675" VPOS="1323" WIDTH="95" HEIGHT="25" WC="0.95" CONTENT="stigande"/><SP WIDTH="10" VPOS="1323" HPOS="770"/>
							<String ID="string_384" HPOS="780" VPOS="1323" WIDTH="6" HEIGHT="20" WC="0.93" CONTENT="i"/><SP WIDTH="11" VPOS="1323" HPOS="786"/>
							<String ID="string_385" HPOS="797" VPOS="1322" WIDTH="102" HEIGHT="26" WC="0.92" CONTENT="penninge"/>
						</TextLine>
						<TextLine ID="line_39" HPOS="78" VPOS="1350" WIDTH="821" HEIGHT="28">
							<String ID="string_386" HPOS="78" VPOS="1352" WIDTH="64" HEIGHT="21" WC="0.96" CONTENT="värde"/><SP WIDTH="22" VPOS="1352" HPOS="142"/>
							<String ID="string_387" HPOS="164" VPOS="1352" WIDTH="93" HEIGHT="26" WC="0.93" CONTENT="medför;"/><SP WIDTH="26" VPOS="1352" HPOS="257"/>
							<String ID="string_388" HPOS="283" VPOS="1352" WIDTH="61" HEIGHT="21" WC="0.92" CONTENT="alltsä"/><SP WIDTH="19" VPOS="1352" HPOS="344"/>
							<String ID="string_389" HPOS="363" VPOS="1352" WIDTH="123" HEIGHT="26" WC="0.96" CONTENT="regeringen"/><SP WIDTH="16" VPOS="1352" HPOS="486"/>
							<String ID="string_390" HPOS="502" VPOS="1353" WIDTH="112" HEIGHT="20" WC="0.96" CONTENT="motsätter"/><SP WIDTH="14" VPOS="1353" HPOS="614"/>
							<String ID="string_391" HPOS="628" VPOS="1352" WIDTH="31" HEIGHT="26" WC="0.93" CONTENT="sig"/><SP WIDTH="15" VPOS="1352" HPOS="659"/>
							<String ID="string_392" HPOS="674" VPOS="1350" WIDTH="112" HEIGHT="27" WC="0.91" CONTENT="ingalunda"/><SP WIDTH="16" VPOS="1350" HPOS="786"/>
							<String ID="string_393" HPOS="802" VPOS="1351" WIDTH="39" HEIGHT="21" WC="0.93" CONTENT="den"/><SP WIDTH="16" VPOS="1351" HPOS="841"/>
							<String ID="string_394" HPOS="857" VPOS="1350" WIDTH="42" HEIGHT="21" WC="0.92" CONTENT="för-"/>
						</TextLine>
						<TextLine ID="line_40" HPOS="78" VPOS="1378" WIDTH="821" HEIGHT="29">
							<String ID="string_395" HPOS="78" VPOS="1380" WIDTH="92" HEIGHT="27" WC="0.91" CONTENT="höjning,"/><SP WIDTH="16" VPOS="1380" HPOS="170"/>
							<String ID="string_396" HPOS="186" VPOS="1386" WIDTH="45" HEIGHT="16" WC="0.96" CONTENT="som"/><SP WIDTH="15" VPOS="1386" HPOS="231"/>
							<String ID="string_397" HPOS="246" VPOS="1380" WIDTH="60" HEIGHT="27" WC="0.96" CONTENT="följer"/><SP WIDTH="15" VPOS="1380" HPOS="306"/>
							<String ID="string_398" HPOS="321" VPOS="1381" WIDTH="47" HEIGHT="21" WC="0.96" CONTENT="med"/><SP WIDTH="16" VPOS="1381" HPOS="368"/>
							<String ID="string_399" HPOS="384" VPOS="1381" WIDTH="60" HEIGHT="21" WC="0.93" CONTENT="dessa"/><SP WIDTH="13" VPOS="1381" HPOS="444"/>
							<String ID="string_400" HPOS="457" VPOS="1380" WIDTH="126" HEIGHT="27" WC="0.93" CONTENT="produkters"/><SP WIDTH="11" VPOS="1380" HPOS="583"/>
							<String ID="string_401" HPOS="594" VPOS="1379" WIDTH="94" HEIGHT="27" WC="0.93" CONTENT="stigande"/><SP WIDTH="12" VPOS="1379" HPOS="688"/>
							<String ID="string_402" HPOS="700" VPOS="1380" WIDTH="5" HEIGHT="20" WC="0.93" CONTENT="i"/><SP WIDTH="11" VPOS="1380" HPOS="705"/>
							<String ID="string_403" HPOS="716" VPOS="1379" WIDTH="103" HEIGHT="27" WC="0.93" CONTENT="penninge"/><SP WIDTH="11" VPOS="1379" HPOS="819"/>
							<String ID="string_404" HPOS="830" VPOS="1378" WIDTH="69" HEIGHT="22" WC="0.94" CONTENT="värde."/>
						</TextLine>
					</TextBlock>
				</ComposedBlock>
				<ComposedBlock ID="cblock_5" HPOS="78" VPOS="1440" WIDTH="822" HEIGHT="57">
					<TextBlock ID="block_4" HPOS="78" VPOS="1440" WIDTH="822" HEIGHT="57">
						<TextLine ID="line_41" HPOS="147" VPOS="1440" WIDTH="753" HEIGHT="27">
							<String ID="string_405" HPOS="147" VPOS="1442" WIDTH="69" HEIGHT="21" WC="0.93" CONTENT="Sedan"/><SP WIDTH="16" VPOS="1442" HPOS="216"/>
							<String ID="string_406" HPOS="232" VPOS="1442" WIDTH="146" HEIGHT="21" WC="0.92" CONTENT="diskussionen"/><SP WIDTH="13" VPOS="1442" HPOS="378"/>
							<String ID="string_407" HPOS="391" VPOS="1442" WIDTH="87" HEIGHT="21" WC="0.92" CONTENT="härmed"/><SP WIDTH="12" VPOS="1442" HPOS="478"/>
							<String ID="string_408" HPOS="490" VPOS="1442" WIDTH="112" HEIGHT="21" WC="0.92" CONTENT="förklarats"/><SP WIDTH="10" VPOS="1442" HPOS="602"/>
							<String ID="string_409" HPOS="612" VPOS="1441" WIDTH="96" HEIGHT="26" WC="0.93" CONTENT="afslutad,"/><SP WIDTH="11" VPOS="1441" HPOS="708"/>
							<String ID="string_410" HPOS="719" VPOS="1441" WIDTH="122" HEIGHT="21" WC="0.92" CONTENT="framstälde"/><SP WIDTH="10" VPOS="1441" HPOS="841"/>
							<String ID="string_411" HPOS="851" VPOS="1440" WIDTH="49" HEIGHT="21" WC="0.93" CONTENT="herr"/>
						</TextLine>
						<TextLine ID="line_42" HPOS="78" VPOS="1469" WIDTH="464" HEIGHT="28">
							<String ID="string_412" HPOS="78" VPOS="1469" WIDTH="154" HEIGHT="23" WC="0.89" CONTENT="talmannen"/><SP WIDTH="36" VPOS="1469" HPOS="232"/>
							<String ID="string_413" HPOS="268" VPOS="1469" WIDTH="91" HEIGHT="27" WC="0.93" CONTENT="följande"/><SP WIDTH="15" VPOS="1469" HPOS="359"/>
							<String ID="string_414" HPOS="374" VPOS="1469" WIDTH="155" HEIGHT="28" WC="0.90" CONTENT="propositioner"/><SP WIDTH="9" VPOS="1469" HPOS="529"/>
							<String ID="string_415" HPOS="538" VPOS="1476" WIDTH="4" HEIGHT="13" WC="0.90" CONTENT=":"/>
						</TextLine>
					</TextBlock>
				</ComposedBlock>
				<GraphicalElement ID="cblock_6" HPOS="1090" VPOS="1333" WIDTH="3" HEIGHT="462"></GraphicalElement >
			</PrintSpace>
		</Page>
	</Layout>
</alto>
