1089 1811
205 125 42 20 980
421 129 158 17 Presteständet
592 129 54 17 1877.
670 129 26 16 26
708 128 47 21 maj.

177 197 46 22 stod
246 199 33 20 att
295 197 37 27 jag
353 197 67 21 skulle
443 196 62 22 hafva
519 199 71 24 yttrat,
607 199 32 19 att
654 196 105 27 professor
774 196 62 22 Cleve
850 195 69 22 skulle
934 195 63 22 hafva

178 225 101 27 uppträdt
301 226 23 21 af
342 225 73 22 kärlek
431 225 30 21 till
477 225 155 21 lösdrifvarena.
657 224 40 27 Jag
712 227 46 19 tror
772 225 53 24 icke,
841 226 32 20 att
887 224 56 21 mina
958 224 38 21 ord

177 253 50 22 föllo
242 255 29 25 sä,
288 254 26 21 dä
327 253 36 27 jag
377 253 89 27 yttrade,
482 255 32 19 att
529 253 41 21 han
585 253 56 21 inom
657 253 104 22 utskottet
773 253 101 21 förfäktat
884 253 40 21 den
935 252 61 27 äsigt,

177 288 46 15 som
239 282 37 21 der
291 282 95 21 förekom
402 281 31 22 till
448 281 81 22 förmån
544 281 32 22 för
591 281 157 22 lösdrifvarena.

245 338 109 22 Professor
395 337 148 22 Ehrström:
569 337 69 22 afstod
654 337 45 21 frän
716 338 67 21 ordet.

245 394 69 22 Sedan
337 394 143 22 diskussionen
496 394 87 22 härmed
598 394 112 26 afstannat,
726 394 131 22 framställde
872 393 50 22 herr
936 393 62 23 tal-

181 429 104 16 mannen
321 422 90 27 följande
427 423 139 27 proposition:

246 480 128 22 Godkänues
396 479 137 23 förevarande
555 479 291 27 sammanjemkningsförslag
867 479 131 22 beträffande

178 510 39 20 den
241 509 43 21 deri
306 508 117 27 föreslagna
444 508 160 27 formuleringen
627 508 22 22 af
670 508 12 28 &
706 510 9 19 1
738 508 52 22 eller
811 508 37 27 ej?
877 508 53 26 Den,
953 514 45 16 som

177 537 122 27 godkänner
319 538 47 25 &:en
387 537 87 21 sålunda
496 536 133 28 formulerad,
650 543 73 15 svarar
742 537 29 27 ja,
787 537 39 21 den
842 538 36 20 det
892 536 46 22 icke
953 539 45 25 gör,

178 572 71 16 svarar
264 566 44 26 nej,
328 566 72 21 vinner
415 565 40 27 nej,
470 565 39 22 har
524 566 84 21 ståndet
622 565 56 22 velat
693 565 111 28 föredraga
818 567 56 25 $:ens
888 565 110 22 redaktion

178 594 67 26 enligt
259 594 243 21 utskottsbetänkandet.

245 650 130 22 Besvarades
391 650 46 21 med
454 651 25 20 16
493 650 23 27 ja
530 650 39 21 och
586 651 26 20 16
628 649 40 28 nej.

247 707 33 22 Då
295 707 88 22 sålunda
398 707 108 27 pluralitet
521 707 45 22 icke
581 707 81 21 kunnat
677 707 73 21 vinnas
764 707 32 21 för
811 707 117 26 någotdera
940 707 22 21 af
972 707 28 22 de

178 737 6 20 i
201 736 299 27 omröstningspropositionen
523 736 120 27 uppställda
666 735 170 26 alternativerna,
851 738 91 25 upptogs
958 735 40 22 den

179 765 82 27 aflagda
275 765 73 22 sedeln
365 765 39 21 och
418 764 87 22 befanns
520 765 104 21 innehålla
637 764 29 27 ja,
680 764 57 27 iföljd
748 764 74 22 hvaraf
831 764 81 22 således
923 770 75 21 genom

179 794 79 21 dennas
276 794 70 26 utslag
368 793 312 27 sammanjemkningsförslaget
695 793 130 22 beträffande
840 794 11 25 $
869 794 9 19 1
895 799 38 16 var
947 793 52 26 god-

179 823 72 21 kändt.

248 879 44 21 Den
309 878 66 27 öfriga
391 878 60 22 delen
466 877 22 22 af
501 877 313 28 sammanjemkningsförslaget
828 877 122 28 godkändes
963 884 35 15 en-

179 907 73 27 hälligt
267 909 50 19 utan
333 906 123 22 diskussion.

248 964 63 22 Emot
325 964 56 21 hvad
395 964 85 21 ståndet
494 963 88 22 sålunda
592 962 130 23 beträffande
736 963 12 27 $
765 964 8 20 1
792 962 87 22 beslutit
890 963 108 22 anmäldes

179 992 129 22 reservation
321 993 21 21 af
351 992 127 22 doktorerne
520 992 124 27 Hornborg
659 992 38 22 och
712 992 134 21 Lindelöf
860 994 56 19 samt
926 994 74 25 pastor

179 1021 185 22 Westerlund.

248 1078 45 22 Och
315 1078 67 22 skulle
403 1078 152 22 underrättelse
577 1078 73 21 härom
666 1078 7 21 i
687 1077 195 28 protokollsutdrag
904 1078 48 27 afgä
966 1078 32 21 till

179 1106 118 28 respektive
312 1106 137 22 medständen
465 1106 38 22 och
518 1108 150 20 sammansatta
680 1106 45 26 lag-
738 1106 40 22 och
788 1106 210 22 ekonomiutskottet.

247 1248 118 26 Föredrogs
380 1248 6 20 i
402 1248 97 22 afseende
513 1249 14 19 ä
542 1248 71 21 vidare
627 1248 75 26 åtgärd
713 1248 107 21 allmänna
831 1248 168 22 besvärsutskot-

179 1279 42 19 tets
236 1277 33 21 vid
286 1279 30 19 ett
331 1276 124 26 föregäende
468 1277 162 23 sammanträde,
641 1276 125 22 förevordna
777 1276 132 22 betänkande
919 1276 41 22 N:o
972 1278 26 20 18

179 1306 6 20 i
201 1304 112 28 anledning
335 1305 22 21 af
377 1305 103 21 särskilda
502 1306 55 20 inom
580 1306 80 26 preste-
682 1305 40 21 och
744 1305 159 21 bondeständen
924 1305 75 22 väckta

179 1334 112 26 petitioner
306 1333 130 22 beträffande
452 1333 67 21 finska
533 1334 97 26 spräkets
645 1333 77 27 lagliga
736 1334 132 26 rättigheter.

247 1389 31 21 Pä
293 1390 72 20 derom
380 1388 107 22 framstäld
502 1388 98 22 anhällan
616 1388 78 22 erhölls
710 1389 60 21 ordet
785 1389 33 21 af:

247 1446 88 22 Prosten
358 1445 164 27 Bergroth:
548 1452 44 15 som
609 1446 129 26 meddelade,
755 1448 32 20 att
801 1446 41 22 han
858 1446 22 22 af
893 1446 107 28 professor

179 1475 109 24 Forsman,
305 1481 44 15 som
364 1474 33 22 för
411 1474 144 27 sjukdomsfall
570 1481 37 15 var
622 1475 137 21 fränvarande
770 1475 45 22 frän
826 1476 174 28 sammanträdet,

179 1504 40 21 fätt
234 1504 7 21 i
256 1504 95 27 uppdrag
373 1506 32 18 att
426 1503 92 22 inlemna
540 1503 36 21 det
597 1503 22 22 af
633 1504 47 21 herr
695 1504 121 27 professorn
830 1504 7 21 i
852 1505 84 22 samräd
952 1506 46 21 med
