1086 1806
311 115 160 18 Presteståndet
484 116 55 18 1877.
562 116 22 18 15
597 116 47 21 maj.
826 110 41 23 785

79 184 125 21 hemställan
220 184 5 20 i
241 184 59 21 detta
322 184 105 26 afseende,
450 184 85 22 hvilken
556 184 127 23 hemställan
698 184 79 28 åsyftar
793 185 16 27 ej
827 186 68 26 någon

79 212 138 27 påtryckning
239 214 27 25 på
281 213 150 27 domkapitlen,
447 216 56 18 ännu
517 214 82 21 mindre
614 216 33 18 att
661 214 57 26 gifva
732 214 69 26 någon
817 213 78 22 förma-

79 241 49 26 ning
150 241 52 21 eller
224 242 128 26 uppmaning
377 241 22 21 åt
421 242 107 21 desamma
550 254 24 3 —
592 241 39 22 och
647 242 59 20 detta
721 242 35 21 vill
770 242 36 26 jag
822 242 74 21 anföra

77 269 44 27 just
141 269 131 21 beträffande
294 272 86 24 prosten
403 270 68 26 Hjelts
493 271 105 26 yttrande,
622 272 32 18 att
677 270 35 21 det
733 270 19 26 ej
768 270 129 21 tillkommer

79 298 144 26 domkapitlen
240 300 30 19 att
285 299 56 26 gifva
355 298 132 22 föreskrifter
502 298 116 26 härvidlag,
632 300 52 19 utan
696 300 32 19 att
738 299 159 26 presterskapet

79 327 6 21 i
101 326 175 28 församlingarna
292 333 48 20 eger
355 327 68 21 denna
439 327 105 27 rättighet.
567 326 40 22 Om
618 327 164 26 presterskapet,
793 328 32 20 ett
834 327 63 21 hvart

79 356 6 20 i
101 356 31 20 sin
147 355 123 27 församling
285 362 49 20 eger
350 356 67 21 denna
432 356 108 26 rättighet,
556 358 23 19 är
594 356 36 20 det
647 356 32 20 väl
694 358 57 18 ännu
766 362 58 15 mera
839 356 58 21 dom-

79 384 100 27 kapitlen,
194 390 44 15 som
255 390 39 20 ega
309 386 43 20 rätt
367 386 32 20 att
414 384 66 21 ordna
495 384 65 22 saken
574 384 30 26 så,
620 386 33 20 att
666 384 61 21 enhet
738 384 39 22 och
786 384 111 27 jemlikhet

81 412 66 22 skulle
163 412 64 22 blifva
240 413 100 25 rådande,
350 412 99 22 hvarföre
459 413 36 27 jag
505 414 110 26 erkänner,
628 415 32 19 att
671 413 58 21 detta
739 412 39 22 hör
789 413 31 21 till
830 415 67 25 prest-

81 442 38 21 och
128 442 158 27 kyrkomötena.
296 442 48 21 Men
351 442 55 21 hvad
413 442 101 21 beträffar
521 442 159 27 kyrkomötena,
687 442 72 21 hvilka
766 442 133 21 återkomma

81 470 74 22 endast
170 470 71 27 hvarje
257 470 72 22 tionde
344 470 29 26 år,
390 470 62 22 hafva
467 471 20 20 vi
498 471 41 21 fått
550 477 25 15 en
586 471 66 21 sådan
663 471 133 26 uppfattning
805 471 22 21 af
837 471 62 21 dessa

81 499 147 27 kyrkomöten,
240 501 31 19 att
282 500 37 20 der
329 499 41 21 kan
381 500 108 26 ingenting
499 502 87 24 antagas
598 499 67 21 under
675 499 81 21 mindre
764 499 31 21 tid
805 501 25 19 än
839 500 60 26 tjugu

81 528 51 22 eller
147 528 80 21 kanske
242 528 73 21 trettio
331 528 30 22 år.
391 528 62 21 Hvad
469 528 46 21 åter
525 530 144 24 prestmötena
680 528 137 27 vidkommer,
829 530 23 19 är
864 528 35 21 det

81 557 65 21 redan
169 556 126 26 framhållet,
318 559 32 19 att
372 558 125 25 prestmötet
515 557 3 21 i
533 556 70 28 Borgå
618 557 66 21 redan
700 557 95 26 uppstält
810 557 89 21 minimi-

81 586 120 26 fordringar
223 586 6 20 i
252 586 60 20 detta
329 585 104 22 afseende.
464 586 74 20 Denna
553 585 60 27 fråga
627 585 133 21 föranleddes
773 585 46 27 just
833 586 66 25 deraf,

83 616 31 19 att
135 614 36 21 det
187 620 50 15 vore
253 614 109 28 högeligen
379 614 92 26 önskligt
487 616 31 19 att
533 614 109 26 härvidlag
657 614 62 20 vinna
734 614 70 26 enhet,
819 614 80 22 hvilket

82 643 71 21 kunde
179 644 36 20 ske
243 649 33 15 om
303 644 165 26 presterskapet,
498 642 122 22 församladt
642 642 33 22 till
699 642 107 28 landtdag,
831 642 69 22 skulle

82 675 130 23 gemensamt
236 672 112 21 hemställa
373 672 64 21 saken
465 672 32 21 till
523 671 142 27 domkapitlen
692 671 38 22 och
756 672 143 26 domkapitlen

84 701 83 21 komma
183 701 95 21 öfverens
293 707 33 15 om
342 706 79 16 samma
432 700 208 27 minimi-fordringar
649 700 33 21 för
693 701 108 27 intagning
811 700 6 22 i
827 700 74 22 skrift-

83 729 66 22 skola.
173 742 26 2 —
222 730 60 21 Hvad
299 729 100 22 beträffar
413 732 73 24 pastor
501 730 67 26 Lyras
583 730 83 21 erinran
682 736 33 14 om
731 731 32 19 att
777 729 65 22 saken
857 730 42 20 kan

83 758 85 22 komma
188 758 32 22 till
236 759 41 21 tals
292 758 35 22 vid
342 760 31 20 ett
388 761 64 19 annat
467 758 89 26 tillfälle,
572 758 105 26 nämligen
692 758 27 22 dä
734 758 36 22 det
785 758 40 22 blir
841 758 60 27 fräga

83 794 33 15 om
132 787 111 27 skoltväng
258 788 6 20 i
280 786 97 23 afseende
393 788 12 20 ä
421 788 177 26 smäbarnskolor,
614 789 24 19 är
652 788 43 20 min
711 787 138 27 öfvertygelse
859 788 41 20 den

83 816 39 22 och
143 816 81 27 hoppas
244 817 42 26 jag,
309 818 33 19 att
363 816 19 27 ej
400 816 65 26 nägot
480 816 111 27 skoltväng
606 816 66 21 mätte
687 816 65 21 blifva
767 818 94 24 antaget;
877 818 23 24 ty

83 845 35 22 det
141 845 68 21 skulle
231 851 51 15 vara
304 844 109 28 högeligen
436 845 108 27 olämpligt
566 844 39 22 och
621 850 25 16 en
661 844 124 27 fullständig
800 845 101 23 neutrali-

83 874 69 26 sering
173 874 22 21 af
209 873 224 28 hemundervisningen
450 876 31 18 att
496 876 56 18 sätta
567 880 25 15 en
608 873 23 21 sä
646 873 84 27 oändlig
745 873 44 27 vigt
803 873 28 27 pä
846 873 55 21 smä-

83 902 158 24 barnskolorna,
264 904 32 20 att
319 902 36 22 det
376 902 68 22 skulle
467 902 66 22 blifva
554 904 30 20 ett
600 902 118 27 skoltväng,
733 901 40 22 och
785 902 45 27 just
845 904 57 20 emot

83 934 30 19 ett
129 931 75 22 sädant
218 931 113 27 skoltväng
347 932 23 20 är
386 932 41 26 det,
443 938 44 14 som
501 932 36 26 jag
552 931 68 21 skulle
636 931 66 21 önska
717 932 31 20 ett
761 931 76 21 sädant
847 931 54 21 läro-

83 960 70 27 tväng,
168 966 45 16 som
229 961 65 21 detta.
310 972 28 4 —
352 960 151 27 Hufvudsyftet
520 960 44 21 med
582 960 68 21 denna
665 960 42 21 min
723 960 125 21 hemställan
864 960 38 20 har

81 989 56 21 varit
157 991 33 19 att
213 989 78 21 bereda
312 989 157 27 presterskapet
491 991 63 25 utväg
576 990 32 20 att
630 989 71 21 kunna
723 989 47 21 med
793 988 110 27 framgäng

83 1018 52 28 yrka
157 1018 27 26 pä
206 1020 32 19 att
260 1018 78 21 bereda
352 1018 8 21 i
375 1018 72 27 hvarje
461 1018 123 27 församling
599 1017 83 21 tillfälle
697 1017 33 21 för
745 1018 42 20 alla
802 1017 53 21 barn
870 1019 33 19 att

83 1047 21 21 fä
125 1047 63 26 nödig
210 1047 239 27 kristendomskunskap
472 1047 39 21 och
531 1048 38 20 när
591 1046 148 26 befolkningen
759 1046 96 22 kommer
870 1046 32 21 tili

83 1076 63 26 insigt
168 1075 22 21 af
211 1078 31 18 att
265 1076 35 21 det
320 1076 45 26 just
386 1076 34 20 för
434 1075 274 27 religionsundervisningen
723 1074 100 22 behöfves
837 1081 65 21 mera,

83 1107 26 18 än
125 1110 44 15 som
185 1104 75 21 hittills
275 1104 39 21 har
330 1104 97 26 fordrats,
443 1104 90 21 inrättar
548 1104 40 21 den
604 1104 64 21 ocksä
683 1110 65 20 gerna
763 1103 76 22 skolor.

152 1161 89 20 Prosten
264 1161 82 26 Hjelt:
377 1161 32 20 Då
429 1161 37 26 jag
488 1161 80 20 erinrar
590 1162 73 25 pastor
687 1160 56 27 Lyra
765 1166 41 19 om,
821 1161 32 20 att
867 1159 36 27 jag

84 1189 81 21 känner
186 1189 116 21 innehållet
318 1189 22 21 af
353 1189 38 21 391
410 1189 12 27 &
438 1189 22 20 af
474 1189 135 26 kyrkolagen,
625 1190 45 19 tror
685 1189 34 26 jag
734 1188 71 25 också,
821 1191 32 18 att
866 1189 36 26 jag

84 1217 120 28 derigenom
226 1217 40 21 har
288 1218 60 25 visat,
371 1219 32 20 att
420 1217 36 27 jag
472 1218 17 25 ej
505 1217 39 21 har
559 1217 81 21 kunnat
654 1217 78 21 förbise
748 1217 155 26 domkapitlens

85 1247 101 26 rättighet
208 1248 32 19 att
261 1246 113 22 öfvervaka
396 1245 277 27 religionsundervisningen
696 1246 6 21 i
721 1245 181 26 församlingarna.

83 1275 50 21 Men
149 1275 85 21 dermed
249 1277 25 18 är
288 1275 47 21 icke
350 1275 68 26 sagdt,
433 1277 32 18 att
481 1274 143 27 domkapitlen
635 1274 128 22 tillkommer
774 1274 129 27 rättigheten

84 1305 32 20 att
131 1303 117 22 bestämma
264 1305 31 20 ett
310 1303 37 22 fixt
362 1309 94 21 pensum,
472 1310 44 14 som
533 1303 38 21 bör
587 1303 106 21 erfordras
708 1302 23 21 af
744 1309 26 16 en
785 1302 58 27 hvar,
858 1308 45 16 som

84 1332 95 21 anmäler
201 1333 31 26 sig
254 1332 32 21 till
308 1332 83 21 inträde
413 1332 6 21 i
443 1332 128 21 skriftskola.
601 1331 41 21 Det
662 1333 23 19 är
700 1331 70 28 nägot,
786 1337 45 16 som
846 1331 58 22 förut

85 1360 46 22 fans
147 1361 75 27 antydt
237 1361 7 20 i
262 1361 52 21 1686
330 1361 34 21 års
379 1361 109 26 kyrkolag,
504 1367 48 15 men
567 1366 45 15 som
628 1360 18 27 ej
662 1361 38 20 har
715 1359 68 28 ingått
793 1361 7 20 i
812 1361 40 20 den
863 1366 41 21 nya

85 1389 129 27 kyrkolagen
238 1390 39 21 och
292 1389 82 22 säledes
389 1389 68 22 mäste
472 1389 69 22 denna
556 1388 154 27 domkapitlens
725 1389 102 26 rättighet
841 1395 63 14 anses

84 1418 63 21 hafva
162 1418 88 21 förfallit
265 1418 39 21 och
320 1424 25 15 en
361 1418 141 20 vidsträktare
517 1417 108 26 rättighet,
641 1419 27 19 än
678 1417 64 26 förut,
755 1417 149 22 öfverlemnats

84 1445 23 22 ät
122 1446 36 21 det
173 1447 6 20 i
195 1445 176 27 församlingarna
385 1446 157 25 tjenstgörande
557 1445 176 26 presterskapet
725 1440 9 36 i
744 1444 160 22 öfverensstäm-

84 1474 65 21 melse
171 1474 48 21 med
241 1475 27 20 46
283 1473 13 28 &
311 1474 6 21 i
332 1479 29 15 nu
383 1473 96 28 gällande
499 1473 107 27 kyrkolag.
638 1473 38 21 Att
688 1473 37 26 jag
740 1473 101 26 derjemte
855 1473 50 20 äbe-
