1092 1820
320 111 157 18 Presteständet
489 113 53 17 1877.
564 113 27 16 30
603 113 47 20 maj.
818 107 54 21 1107

83 181 79 27 tycker,
178 180 152 28 ovedersäglig,
347 181 39 21 den
402 180 79 22 uttalas
496 180 23 22 af
533 182 43 25 mig
591 180 87 22 alldeles
694 180 109 26 objektivt,
816 181 37 26 jag
864 181 36 21 vill

82 210 76 21 endast
180 210 83 26 påpeka
284 210 59 20 detta
358 209 81 21 faktum
455 210 38 20 och
510 210 19 26 ej
545 210 61 20 deraf
621 210 65 26 draga
701 210 66 26 några
782 210 118 20 slutsatser.

81 238 41 26 Jag
137 238 35 20 vill
188 238 46 21 icke
249 238 45 21 från
311 238 69 20 denna
395 238 107 26 landtdag,
518 238 6 20 i
539 237 84 21 hvilken
637 238 37 26 jag
688 238 38 20 har
742 238 44 20 haft
802 239 51 19 äran
869 240 32 18 att

82 267 68 21 första
172 267 39 21 och
233 266 81 22 kanske
335 266 52 21 sista
409 266 82 26 gången
511 266 90 26 deltaga,
624 265 96 22 medföra
743 266 39 21 den
798 268 54 24 tron,
869 267 33 20 att

81 295 57 21 inom
162 295 84 21 ståndet
267 295 67 26 gäller
355 296 46 20 icke
423 295 24 20 så
467 295 82 26 mycket
564 295 61 25 hvad,
641 301 45 14 som
701 296 68 24 säges,
785 296 51 19 utan
851 294 51 22 fast-

83 330 58 14 mera
164 323 67 25 hvem,
254 330 45 14 som
322 325 68 25 säger,
413 325 32 19 att
467 323 70 26 vigten
558 323 40 21 här
613 322 23 21 af
650 323 66 26 några
731 324 66 20 sättes
813 323 45 21 icke
874 322 28 27 på

82 352 57 27 gvid,
155 354 51 19 utan
222 352 27 26 pä
265 353 51 26 gvis,
333 352 68 21 ehuru
416 352 122 26 visserligen
554 358 25 14 en
595 352 65 20 sådan
676 351 88 21 slutsats
779 351 39 21 här
833 352 68 20 skulle

83 381 55 26 ligga
154 381 83 27 mycket
252 383 58 19 nära.

150 410 40 26 Jag
212 410 79 20 vänder
312 410 43 26 mig
375 410 64 20 sedan
460 409 33 21 till
509 409 35 22 det
559 410 61 26 långa
636 409 141 27 andragande,
792 415 45 15 som
853 415 48 21 pro-

82 438 68 21 fessor
172 438 61 21 Cleve
256 439 6 20 i
284 440 38 25 går
345 438 48 21 höll.
424 438 63 27 (Herr
507 438 119 27 professorn
642 440 25 19 är
682 439 33 20 väl
730 438 46 21 icke
792 438 48 26 sjelf
853 440 47 19 när-

83 467 98 24 varande,
202 473 46 15 men
272 467 53 21 hans
347 468 113 26 yttranden
477 468 36 19 äro
529 467 89 25 troligen
634 467 6 20 i
655 467 68 20 färskt
738 468 69 20 minne
822 467 7 20 i
844 467 57 20 stån-

83 496 50 26 det).
163 495 41 21 Det
219 496 73 26 gläder
306 496 42 26 mig
363 497 33 19 att
411 495 62 21 hafva
489 495 67 21 funnit
571 496 7 21 i
593 495 50 21 herr
658 495 126 26 professorn,
795 495 55 21 hvad
861 496 40 20 den

83 525 65 26 högre
160 524 119 21 folkskolan
295 525 137 24 vidkommer,
449 531 25 14 en
491 531 53 19 man,
560 531 44 14 som
620 524 67 21 ehuru
703 524 40 21 han
759 524 80 21 kanske
854 523 50 28 sjelf

84 553 36 21 det
141 553 47 20 icke
207 553 90 24 märker,
318 552 7 22 i
348 553 35 20 det
404 553 48 20 hela
474 553 44 21 står
533 553 27 26 på
575 553 87 21 alldeles
678 559 80 15 samma
773 553 73 21 botten
862 553 40 20 och

82 582 76 25 grund,
181 588 45 15 som
249 583 26 25 vi,
295 582 71 21 hvilka
381 582 53 26 yrka
448 582 56 21 fasta
520 582 63 26 högre
598 581 122 22 folkskolor.
750 582 30 26 Ty
796 582 106 26 professor

83 610 64 21 Cleve
162 610 39 21 har
216 613 57 24 sagt:
289 611 18 27 ,i
323 611 98 21 städerne
437 612 23 19 är
475 610 36 21 det
526 611 43 21 helt
585 613 64 18 annat
662 611 38 20 och
712 611 68 20 skulle
791 611 36 20 det
838 611 64 26 yrkas

84 638 32 21 för
138 639 213 21 landskommunerne
375 639 122 26 detsamma,
521 646 44 14 som
581 639 33 20 för
629 640 105 24 städerne,
749 640 106 25 nämligen
870 641 33 19 att

83 667 55 21 efter
153 668 80 21 antalet
247 667 271 27 församlingsmedlemmar
534 667 136 27 ovilkorligen
685 674 24 14 en
721 668 41 20 fast
773 667 65 26 högre
849 668 54 21 folk-

82 696 62 21 skola
165 696 68 21 måste
255 697 90 20 inrättas
367 697 68 20 skulle
449 697 36 26 jag
500 697 82 20 biträda
597 699 31 18 ett
643 696 76 21 sådant
733 697 99 26 förslag".
862 697 41 26 Jag

83 724 88 27 hoppas,
195 727 32 19 att
249 725 48 21 herr
319 725 128 26 professorn,
471 725 26 21 då
513 725 48 21 herr
576 725 121 27 professorn
714 727 97 19 närmare
828 725 75 21 tänker

84 753 60 26 efter,
168 755 32 18 att
215 753 20 21 vi
250 754 53 26 yrka
318 753 65 26 något
398 754 83 26 mycket
496 754 87 25 mindre,
598 755 26 19 än
640 753 66 24 detta,
721 754 98 26 möjligen
835 753 67 21 skulle

84 782 45 21 låta
149 782 82 26 justera
253 789 26 14 en
299 782 66 21 sådan
380 783 32 20 sin
427 783 61 26 åsigt.
504 794 27 3 —
547 783 54 25 Men,
616 783 69 20 såsom
701 789 48 14 man
766 782 38 21 har
820 788 24 15 en
861 781 42 22 viss

84 813 44 18 rätt
143 813 33 18 att
191 811 22 21 af
227 811 117 27 pedagogie
359 811 120 26 professorn
495 811 36 20 det
546 813 70 24 vänta,
633 811 37 20 har
686 811 39 20 den
743 811 62 21 värde
821 811 81 20 talaren

84 839 69 21 tillika
172 839 59 26 gifvit
247 846 33 15 oss
295 846 26 14 en
337 840 49 20 kort
401 839 78 27 exposé
494 839 23 22 af
530 840 39 21 den
585 839 67 21 finska
667 839 155 27 pedagogikens
838 839 65 21 histo-

84 869 31 20 ria
130 869 47 20 med
193 869 119 26 uppenbart
327 868 54 27 syfte
396 870 32 19 att
442 868 122 27 paralysera
579 869 41 25 det,
635 868 37 27 jag
686 868 54 21 hade
756 869 39 20 den
809 870 51 19 äran
871 869 33 20 att

84 897 46 20 från
146 903 80 14 samma
241 897 97 21 material
354 897 79 21 anföra.
464 897 40 26 Jag
516 897 86 26 började
612 897 48 20 mitt
670 897 153 25 andragande
812 893 14 35 i
836 897 68 20 denna

84 925 60 27 fråga
160 938 26 2 —
200 926 35 26 jag
251 928 46 18 tror
312 926 35 20 det
363 932 38 14 var
415 926 68 20 första
499 926 65 20 orden
577 926 37 26 jag
628 926 51 20 sade
694 937 27 3 —
737 926 47 20 med
800 928 30 18 ett
840 924 63 28 påpe-

84 954 70 21 kande
169 954 22 21 af
206 955 35 20 det
256 954 114 22 historiska
385 954 89 26 faktum,
490 956 31 19 att
537 961 25 14 en
577 954 41 21 fast
633 954 61 21 skola
709 955 6 20 i
728 954 176 26 församlingarna

84 984 24 19 är
131 984 109 25 ingenting
255 985 46 25 nytt
317 983 39 21 och
371 983 88 21 anförde
475 983 70 21 såsom
560 983 58 21 bevis
634 982 66 27 derpå
715 982 79 22 Gezelii
810 982 93 26 ,Metho-

86 1011 35 21 dis
144 1014 23 18 in
179 1012 130 27 formandi*
327 1012 38 20 och
382 1012 117 21 refererade
514 1011 116 22 innehållet
645 1012 22 20 af
681 1012 127 20 densamma.
839 1012 65 20 Detta

85 1040 38 27 gaf
144 1040 48 21 herr
214 1041 119 26 professorn
357 1041 114 26 anledning
493 1042 31 20 att
543 1041 51 24 visa,
609 1040 55 21 huru
680 1040 59 21 detta
754 1040 88 22 alldeles
856 1040 47 21 icke

86 1069 68 21 skulle
177 1070 70 20 bevisa
270 1070 41 25 det,
331 1076 45 14 som
391 1069 35 27 jag
442 1070 85 20 dermed
542 1069 48 21 ville
606 1069 77 25 bevisa,
699 1070 6 20 i
721 1071 22 25 ty
758 1071 32 19 att
806 1069 98 21 Gezelius

86 1098 97 27 upplyste
205 1098 50 21 herr
276 1098 121 27 professorn
421 1111 27 2 —
470 1098 55 22 blott
540 1098 52 21 talat
608 1104 33 15 om
657 1098 83 26 kyrklig
756 1098 148 26 undervisning

86 1127 40 21 och
141 1128 39 20 här
195 1129 24 19 är
233 1128 60 26 fråga
309 1134 33 14 om
361 1127 155 27 medborgerlig
531 1127 154 25 undervisning.
715 1127 111 21 Professor
841 1126 63 22 Cleve

86 1156 48 21 ville
157 1156 45 21 icke
218 1156 85 21 komma
317 1156 8 21 i
341 1156 46 27 håg,
404 1158 32 19 att
449 1156 36 26 jag
501 1156 45 21 icke
562 1156 87 20 anförde
665 1155 104 22 Gezelius”
785 1156 55 20 fasta
856 1156 47 20 sko-

86 1185 39 25 lor,
142 1191 44 15 som
202 1185 41 21 han
259 1186 6 20 i
280 1186 127 20 kommunen
423 1185 48 21 ville
486 1191 21 14 se
522 1185 112 25 inrättade,
650 1185 47 21 med
708 1185 98 21 afseende
816 1184 13 21 å
840 1185 64 25 något

86 1215 71 25 annat,
180 1216 26 18 än
229 1216 32 19 att
281 1215 36 20 det
333 1220 37 14 var
385 1220 24 14 en
426 1213 60 21 skola
501 1213 32 21 för
547 1213 154 26 församlingen.
731 1213 41 21 Det
788 1215 23 19 är
826 1213 7 21 i
848 1213 55 21 före-

87 1242 91 21 varande
200 1242 36 22 fall
259 1242 86 22 alldeles
366 1242 100 27 likgiltigt
488 1242 54 21 hvad
565 1243 37 20 der
617 1242 81 25 lärdes;
714 1242 63 20 likväl
794 1242 38 21 bör
844 1242 38 26 jag
897 1241 6 21 i

86 1271 43 21 min
151 1273 35 18 tur
201 1271 88 26 upplysa
305 1271 48 21 herr
368 1271 121 26 professorn
505 1277 40 20 om,
561 1273 31 19 att
607 1271 74 20 skolan
696 1270 114 27 ingalunda
826 1276 36 15 var
878 1276 25 14 en

86 1299 66 21 sådan
170 1299 56 21 blott
241 1300 84 25 kyrklig
341 1299 66 26 skola,
422 1299 69 21 såsom
507 1300 49 20 herr
568 1299 120 26 professorn
701 1299 89 26 påstått;
802 1300 5 19 i
819 1299 85 20 skolans

87 1328 144 27 läroprogram
254 1329 70 26 ingick
346 1328 93 21 förutom
455 1328 291 26 kristendomsundervisning
761 1327 69 21 såsom
847 1327 57 20 läro-

88 1359 76 18 ämnen
185 1357 85 23 skrifva,
293 1357 68 21 räkna
383 1357 40 20 och
446 1357 57 25 sång,
527 1356 83 21 således
625 1356 87 20 alldeles
728 1363 80 14 samma
823 1357 81 24 ämnen,

87 1392 45 14 som
158 1385 75 27 många
251 1385 186 21 folkskolevänner
451 1385 67 21 under
533 1386 51 20 våra
599 1385 65 25 dagar
680 1384 44 22 helt
738 1384 95 27 plötsligt
848 1390 34 19 nu,
897 1384 7 20 i

87 1414 66 22 slutet
164 1414 32 21 af
212 1414 59 21 19:de
287 1414 74 26 seklet,
377 1414 106 27 uppställa
498 1414 68 20 såsom
582 1420 98 20 program
696 1413 33 21 för
744 1413 39 21 den
800 1413 105 26 egentliga

86 1443 119 19 folkskolan
221 1444 6 18 i
243 1443 95 19 Finland.
369 1442 69 20 Alltså
453 1443 39 19 den
509 1442 164 24 anmärkningen
688 1442 68 20 håller
770 1442 46 20 icke
827 1442 77 20 streck.

89 1482 27 4 —
139 1470 31 21 En
193 1476 69 15 annan
284 1470 139 25 anmärkning
443 1470 22 20 af
480 1469 106 27 professor
601 1468 70 26 Cleve,
686 1471 31 19 ett
733 1472 111 22 argument
859 1475 46 14 som

87 1498 55 22 både
157 1499 49 21 herr
221 1498 120 28 professorn
357 1498 39 21 och
412 1498 76 26 många
503 1498 65 21 andra
584 1498 66 20 talare
663 1497 71 21 anfört
744 1500 57 18 emot
811 1500 31 18 att
852 1499 52 24 göra
