1089 1770
338 124 158 18 Presteståndet
509 125 53 17 1877.
586 126 27 16 24
624 125 48 21 maj.
838 119 41 21 923

89 191 117 25 utlåtande,
221 198 46 16 som
281 193 93 26 grundar
389 194 31 26 sig
434 194 28 27 på
472 194 23 21 så
506 194 95 21 utmärkt
610 193 34 22 väl
656 193 90 26 utförda,
756 193 152 27 genomtänkta

89 221 106 26 principer
218 221 39 21 och
280 228 44 14 som
344 222 95 21 kommer
454 225 32 18 att
500 223 96 20 medföra
610 229 26 14 en
651 223 23 20 så
689 222 136 26 oberäknelig
840 222 68 21 fördel

89 249 32 21 för
136 249 73 21 landet
225 250 50 21 eller
291 250 126 21 åtminstone
433 250 81 27 skydda
530 251 35 20 det
580 251 33 20 för
623 251 150 26 oberäkneliga
784 251 72 20 vidare
866 250 42 21 för-

89 277 73 26 luster,
179 284 50 15 vore
244 278 36 21 det
297 278 111 26 högeligen
423 279 36 20 illa
474 279 88 21 betänkt
577 281 32 19 att
624 279 72 21 vidare
712 279 64 26 ghata
792 279 57 20 öfver
864 284 44 15 om-

89 306 152 26 ständigheter,
265 313 45 14 som
330 307 6 20 i
359 307 42 20 alla
422 307 36 21 fall
482 307 17 27 ej
516 307 62 21 hafva
594 307 47 21 dess
656 307 70 21 bättre
742 307 98 26 grunder,
856 308 49 20 utar

89 334 70 21 såsom
183 334 20 21 vi
226 333 62 22 hafva
309 335 56 26 hört,
387 335 41 21 kan
445 335 38 22 och
500 335 66 22 måste
581 335 124 27 grundligen
721 334 143 27 vederläggas.
880 347 28 2 —

88 362 41 27 Jag
150 363 123 26 godkänner
296 364 7 20 i
325 363 42 22 allo
390 364 116 21 utskottets
528 364 134 22 betänkande
684 364 40 21 och
740 364 40 21 den
795 363 114 28 kejserliga

88 391 164 27 propositionen.

160 448 81 22 Rektor
256 449 157 21 Hallstén:
437 450 49 21 Med
501 449 112 27 anledning
631 449 22 21 af
666 433 63 48 hvad)
744 455 45 15 som
804 449 65 21 redan
884 450 24 20 är

89 478 62 27 sagdt
174 478 39 20 och
236 477 55 21 hvad
313 478 105 26 professor
442 478 103 21 Forsman
564 478 114 21 framhällit
692 478 42 20 kan
747 478 36 26 jag
798 477 53 21 fatta
866 477 42 26 mig

88 506 87 22 alldeles
191 506 49 21 kort
255 506 39 21 och
309 506 140 22 summariskt.
479 506 40 26 Jag
530 513 66 19 anser,
608 508 31 19 att
650 502 140 31 guldmyntfot
800 506 39 20 bör
849 508 59 18 anta-

88 541 44 21 gas.
162 535 61 21 Hvad
245 534 237 28 konverteringskursen
505 536 71 26 angår,
599 534 73 28 tycker
684 534 36 27 jag
735 534 127 26 visserligen,
877 536 31 19 att

89 563 36 21 det
140 563 139 25 förhällande,
294 570 45 15 som
355 566 24 18 är
393 564 120 21 framstäldt
530 565 78 25 1:15,5
623 563 17 27 ej
656 564 78 26 precist
748 563 39 21 har
803 563 53 21 varit
866 563 42 21 rik-

88 592 47 27 tigt,
157 594 51 19 utan
232 598 69 21 anser,
322 594 32 20 att
376 592 34 22 det
432 592 79 22 kanske
532 592 64 22 borde
612 598 49 15 vara
679 590 67 28 1:17,
761 591 97 22 hvarföre
872 592 36 26 jag

87 620 57 22 helst
159 620 49 21 ville
223 621 56 21 sluta
294 621 43 26 mig
351 621 32 21 till
399 621 39 21 den
454 622 60 26 äsigt,
530 628 44 14 som
589 621 49 21 herr
653 620 157 22 Nordenskiöld
824 620 6 21 i
842 620 66 21 komi-

88 650 35 20 ten
139 650 39 20 har
194 649 110 21 framstält.
336 650 49 20 Men
403 650 27 21 dä
445 650 35 21 det
495 652 84 25 system,
595 656 45 15 som
656 648 100 22 Finlands
771 649 56 21 bank
842 649 67 21 under

88 684 75 15 senare
184 678 55 21 tider
261 678 38 21 har
321 678 52 26 följt,
397 678 38 22 har
452 679 128 26 möjliggjort
594 685 26 14 en
635 678 23 21 sä
674 678 39 21 lätt
728 678 118 26 öfvergäng,
863 684 45 14 som

89 712 28 15 nu
133 707 54 25 sker,
203 706 38 22 har
253 706 38 27 jag
305 707 54 21 intet
374 710 31 18 att
420 708 101 20 anmärka
536 707 100 21 deremot.
652 719 28 3 —
695 707 33 20 En
743 706 81 27 ätgärd,
836 706 71 26 sädan,

88 741 45 15 som
150 735 39 21 den
205 738 86 23 prosten
305 735 106 22 Johnsson
428 736 39 20 har
482 736 106 26 föreslagit
603 736 73 26 tycker
689 736 44 26 jag,
747 737 31 19 att
793 735 115 21 klokheten

88 763 88 22 alldeles
201 764 112 26 förbjuder.
329 776 29 3 —
370 764 61 22 Hvad
446 764 98 27 slutligen
560 765 35 20 det
610 764 100 26 förslaget
738 764 123 25 vidkommer,
876 765 33 20 att

88 792 95 22 bankens
199 793 118 21 metalliska
332 792 71 22 valuta
418 793 68 21 skulle
501 799 50 15 vara
566 793 126 25 20,000,000
708 798 61 19 anser
782 792 37 27 jag
834 792 75 21 sådant

87 827 52 15 vara
154 827 25 15 en
194 821 185 27 misshushållning
394 821 38 21 och
448 822 79 26 tycker,
543 823 32 19 att
590 821 42 21 tills
648 821 49 21 dato
710 820 96 27 gällande
817 820 91 22 bestäm-

88 849 75 26 ningar
179 852 36 19 äro
231 849 127 26 fullkomligt
373 850 132 27 tillräckliga.
535 850 49 21 Men
599 850 18 26 ej
634 856 37 15 ens
686 850 6 20 i
708 849 58 21 detta
782 849 35 21 fall
829 849 35 22 vill
872 849 37 27 jag

87 880 53 24 göra
155 879 69 26 någon
240 878 145 27 anmärkning,
400 881 50 19 utan
466 879 123 26 godkänner
604 878 142 21 betänkandet
762 878 6 21 i
784 878 48 21 allo.

734 907 1 15 |

157 935 90 21 Prosten
269 935 163 22 Borenius:
453 935 40 28 Jag
515 942 67 20 anser,
605 937 32 20 att
651 935 20 21 vi
686 942 75 20 genom
777 937 31 20 att
824 935 17 27 ej
858 935 51 26 god-

87 963 71 22 känna
181 964 115 21 utskottets
319 964 133 21 betänkande
475 965 67 21 skulle
557 965 85 21 komma
656 965 27 26 pä
698 970 26 15 en
735 960 88 31 mycket
838 963 70 22 äfven-

88 993 64 26 tyrlig
167 992 67 26 bana;
250 993 18 21 vi
284 993 68 21 skulle
368 993 80 22 inledas
466 993 3 21 i
488 994 76 26 mänga
579 993 39 22 och
633 995 57 19 stora
706 993 109 26 praktiska
830 993 78 26 svärig-

87 1021 67 21 heter.
184 1021 41 26 Jag
247 1027 61 16 anser
330 1022 115 21 utskottets
467 1022 132 21 betänkande
615 1028 49 15 vara
679 1022 23 21 sä
717 1021 34 22 väl
766 1021 88 22 betänkt
869 1021 39 22 och

87 1050 24 21 sä
134 1049 32 21 väl
182 1050 132 26 motiveradt,
331 1052 31 19 att
378 1050 35 21 det
428 1050 66 22 borde
510 1057 50 15 vara
574 1050 122 27 tillräckligt
712 1050 149 29 öfvertygande
876 1050 33 21 för

88 1077 83 26 enhvar,
189 1081 31 18 att
235 1080 37 19 vär
287 1085 65 15 sanna
367 1079 66 22 fördel
449 1079 73 26 bjuder
538 1081 31 20 att
584 1080 6 21 i
606 1079 40 22 allo
662 1079 112 26 godkänna
786 1079 121 21 detsamma.

87 1119 28 2 —
129 1107 11 20 I
156 1107 63 26 öfrigt
233 1107 62 21 hafva
311 1107 155 27 professorerne
482 1108 100 21 Forsman
599 1108 39 21 och
653 1108 111 22 Ehrström
780 1108 23 20 sä
814 1107 94 21 fullstän-

87 1135 45 27 digt
146 1137 67 25 yttrat
229 1135 37 22 allt
281 1136 54 21 hvad
349 1136 36 27 jag
400 1136 31 21 till
446 1136 48 21 mitt
509 1137 125 26 föregäende
649 1136 98 27 yttrande
762 1136 89 21 ämnade
866 1136 43 21 till-

87 1163 68 28 lägga,
171 1166 32 19 att
215 1164 37 27 jag
267 1165 66 20 afstär
348 1165 46 21 frän
408 1167 32 19 att
454 1165 72 21 vidare
542 1165 51 22 orda
608 1165 8 21 i
630 1165 71 22 saken.

156 1221 110 22 Professor
282 1221 104 22 Cleve:
406 1222 47 21 Den
468 1222 74 24 fördel,
557 1228 45 15 som
622 1222 39 21 den
678 1217 110 26 tillerhade
803 1223 103 21 reformen

87 1249 6 21 i
109 1249 47 21 värt
179 1250 149 27 myntväsende
343 1250 95 21 kommer
453 1253 32 18 att
500 1250 93 21 medföra
608 1250 32 21 för
655 1251 47 20 värt
717 1251 49 20 land
782 1251 40 21 kan
839 1251 32 21 väl
887 1251 23 21 af

87 1279 62 26 ingen
166 1278 76 26 dragas
257 1278 6 21 i
279 1278 77 21 tvifvel.
386 1279 74 20 Denna
475 1279 66 21 fördel
557 1279 63 21 beror
634 1279 18 26 ej
669 1279 55 21 blott
739 1279 65 26 deraf,
819 1282 32 19 att
861 1279 45 27 gul-

87 1307 36 20 det
138 1319 28 2 —
188 1306 69 21 sävidt
279 1307 146 20 erfarenheten
447 1307 41 20 kan
511 1307 7 20 i
534 1307 57 21 detta
606 1307 36 21 fall
658 1307 68 21 lemna
741 1309 65 25 mägot
820 1308 86 21 vittnes-

86 1334 55 21 börd
156 1346 27 3 —
199 1334 39 21 har
253 1334 54 21 visat
322 1336 31 25 sig
369 1341 50 14 vara
434 1341 25 15 en
476 1335 136 21 konstantare
626 1336 152 24 värdemätare,
794 1338 26 19 än
832 1336 74 26 silfret,

87 1364 51 20 utan
161 1362 100 22 fastmera
285 1363 64 25 deraf,
373 1365 31 19 att
418 1363 73 26 guldet
506 1366 24 18 är
545 1364 145 21 värdemätare
706 1363 6 21 i
728 1364 41 21 alla
785 1364 25 22 de
826 1364 79 27 länder,

87 1391 48 21 med
156 1391 71 21 hvilka
246 1391 89 21 Finland
358 1391 39 21 har
418 1392 26 20 de
465 1391 61 21 flesta
548 1392 188 20 handelsrelationer
770 1392 39 21 och
824 1392 83 21 säledes

86 1419 96 20 kommer
201 1420 32 19 att
253 1418 92 21 likställa
368 1419 46 20 vårt
436 1418 60 22 lands
518 1419 143 21 förhållanden
677 1420 47 20 med
740 1420 61 24 dessa
816 1420 91 24 länders,

86 1446 135 26 hvarigenom
241 1446 45 26 just
306 1447 26 21 de
352 1446 129 26 rubbningar
498 1447 8 20 i
522 1447 39 21 den
576 1447 113 21 utländska
704 1447 97 27 handeln,
817 1454 45 15 som
877 1453 29 16 nu

86 1481 26 15 en
127 1474 31 22 tid
173 1474 72 22 bortåt
259 1474 140 26 förekommit,
413 1475 71 21 kunna
499 1474 129 28 förebyggas.
658 1476 49 21 Men
723 1476 54 22 huru
792 1479 58 19 stora
862 1478 43 20 för-

86 1504 59 22 delar
167 1506 26 20 än
219 1503 121 28 härigenom
363 1504 69 22 kunde
447 1504 89 22 beredas
551 1505 46 21 vårt
612 1504 56 28 land,
684 1505 68 22 skulle
764 1506 36 27 jag
816 1506 31 21 för
862 1506 42 22 min
