1089 1814
323 116 160 21 Presteståndet
495 119 52 16 1877.
571 120 27 16 24
610 120 46 20 maj.
729 114 1 16 |
834 115 40 21 917

85 184 38 22 och
147 185 22 33 d)
181 185 104 33 godkänt
307 185 149 28 lagutskottets
477 187 147 22 betänkanden
642 189 6 20 i
665 188 112 27 anledning
792 189 21 21 af
827 189 76 27 nädiga

84 216 158 24 propositionen
257 221 34 14 om
307 215 126 26 utvidgande
449 216 22 21 af
484 216 75 21 valrätt
570 217 38 21 och
619 217 110 21 valbarhet
739 217 31 21 till
781 218 123 26 landtdags-

83 248 49 15 man
154 243 7 20 i
183 242 174 27 borgareständet
372 247 55 18 samt
441 245 200 26 petitionsförslaget
656 245 6 20 i
678 251 79 16 samma
773 246 59 27 syfte,
848 249 55 18 samt

83 271 20 26 €)
126 271 95 32 godkänt
244 271 212 23 ekonomiutskottets
479 273 132 21 belänkande
632 273 7 21 i
663 273 112 28 anledning
791 274 21 21 af
826 274 77 26 nädiga

82 301 158 24 propositionen
269 301 109 26 angående
408 301 98 22 framtida
532 301 153 27 förvaltningen
709 301 23 22 af
754 303 148 26 Längmanska

82 327 209 23 testamentsfonden.

93 413 3 4 +
151 384 106 23 Skolande
267 386 98 27 samtliga
375 386 60 21 dessa
446 387 157 26 meddelanden,
614 387 69 22 såsom
693 387 46 23 icke
751 387 151 22 föranledande

82 413 31 21 till
129 414 69 26 någon
213 414 75 27 åtgärd
303 415 46 21 från
364 415 95 22 ständets
474 416 51 26 sida,
539 417 73 26 läggas
628 415 31 22 till
675 416 157 28 handlingarna.

733 445 1 17 |

734 537 1 19 |

150 557 118 28 Föredrogs
283 557 144 23 betänkandet
443 565 32 15 n:o
494 561 8 19 1
520 559 85 27 afgifvet
620 558 21 22 af
651 559 35 21 det
697 559 103 22 särskilda
813 559 87 27 utskott,

82 592 43 15 som
150 585 21 22 af
186 587 113 21 ständerna
315 587 86 21 tillsatts
416 587 33 22 för
464 588 115 27 beredning
594 587 21 22 af
629 587 58 22 Hans
703 588 116 27 Kejserliga
834 588 68 27 Maje-

81 617 52 19 stäts
146 615 77 27 nädiga
236 615 130 27 proposition
377 617 107 26 angäende
494 617 109 21 införande
614 617 20 21 af
641 616 140 34 guldmyntfot
789 617 6 21 i
804 617 96 21 Finland.

150 671 72 22 Under
238 672 39 21 den
293 672 124 28 diskussion,
433 679 44 15 som
488 674 90 20 rörande
589 673 58 23 detta
658 673 131 25 betänkande
802 674 98 27 uppstod,

79 700 85 27 yttrade
179 701 32 27 sig
225 700 90 28 följande
332 701 75 22 talare:

148 758 90 22 Prosten
270 759 152 22 Borenius
443 758 96 28 föreslog,
569 762 32 20 att
623 760 84 22 ständet
729 759 67 22 skulle
824 762 76 25 antaga

81 786 148 22 slutklämmen
245 788 22 20 af
280 788 145 21 betänkandet
441 788 132 25 oförändrad,
589 789 19 21 d.
624 795 18 15 v.
659 795 16 15 s.
691 788 32 22 till
737 788 42 22 alla
795 789 57 21 delar
864 796 37 14 an-

79 818 50 25 taga
145 816 40 22 den
200 816 76 27 nädiga
291 817 163 27 propositionen.
737 822 1 19 |

148 875 90 21 Prosten
260 874 163 22 Johnsson:
458 874 45 22 Här
525 874 140 22 förekommer
687 872 106 30 ätskilliga
815 874 83 27 förslag,

79 910 45 14 som
140 904 164 26 myntutskottet
319 904 38 21 har
372 904 61 26 gjort.
460 904 60 20 Fivad
536 904 39 21 den
591 904 66 21 första
672 904 105 20 klämmen
793 903 105 27 beträffar,

79 932 123 26 godkänner
222 932 35 27 jag
279 932 32 22 för
331 932 42 22 min
389 932 33 21 del
439 932 126 22 densamma.
595 932 49 22 Men
659 932 6 21 i
681 932 97 22 afseende
793 933 13 21 &
821 932 79 26 förslag

79 961 32 21 till
127 961 135 27 förordning
277 962 90 21 rörande
383 960 139 28 öfvergängen
537 961 31 22 till
583 961 140 27 guldmyntfot
738 962 7 21 i
761 960 139 23 Storfursten-

79 990 71 21 dömet
165 990 102 21 Finland*
284 990 62 28 hyser
358 990 36 26 jag
409 990 175 28 betänkligheter.
614 990 39 26 Jag
669 990 58 21 delar
742 990 104 26 nämligen
863 990 35 20 de-

78 1025 34 15 ras
128 1019 61 26 äsigt,
205 1025 44 15 som
265 1020 62 20 hafva
342 1020 69 20 ansett
428 1019 35 21 det
479 1019 86 26 obilligt,
581 1021 32 19 att
629 1020 31 24 de,
676 1025 44 15 som
736 1017 67 23 under
815 1021 83 19 senaste

78 1048 25 20 år
124 1047 61 21 hafva
208 1049 95 25 upptagit
326 1048 34 21 län
383 1048 7 20 i
410 1047 77 27 silfver,
509 1048 59 22 skola
590 1047 109 27 återgälda
714 1048 116 20 detsamma
845 1048 6 20 i
868 1049 30 19 ett

79 1076 74 27 dyrare
176 1077 109 26 myntslag,
305 1076 8 22 i
327 1076 56 27 guld.
413 1076 40 26 Jag
468 1083 68 20 anser,
552 1078 31 20 att
599 1076 129 26 borgenären
744 1076 72 21 härvid
832 1075 66 21 borde

79 1104 46 22 dela
147 1105 80 21 skadan
251 1106 46 20 med
319 1105 132 27 gäldenären.
481 1106 40 20 Till
542 1106 38 20 och
596 1105 46 21 med
659 1107 45 19 tror
717 1105 42 26 jag,
775 1106 32 20 att
824 1104 73 26 borge-

78 1136 73 23 nären,
174 1134 93 21 hvilkens
289 1140 51 15 vara
363 1134 36 20 det
417 1135 30 24 är,
463 1140 45 15 som
523 1134 39 21 har
576 1134 53 20 fallit
647 1133 3 21 i
666 1134 68 26 värde,
751 1133 66 21 hellre
832 1132 66 22 borde

77 1162 42 22 lida
138 1163 69 21 denna
221 1163 72 25 skada,
309 1165 26 19 än
351 1162 132 26 gäldenären,
515 1163 48 21 Man
579 1162 42 21 kan
635 1162 97 26 invända,
749 1164 30 19 att
794 1161 103 21 förlusten

77 1192 12 20 å
111 1191 139 27 gäldenärens
265 1192 45 20 sida
326 1191 17 27 ej
360 1190 73 22 blifver
448 1191 130 27 synnerligen
595 1193 50 23 stor,
662 1192 26 20 då
703 1190 121 29 varuprisen
840 1190 56 21 inom

77 1220 72 21 landet
171 1220 45 22 icke
239 1220 85 22 komma
347 1222 32 18 att
403 1220 68 21 erfara
486 1226 25 15 en
527 1220 104 27 synnerlig
647 1219 104 27 rubbning
766 1219 130 26 härigenom.

77 1249 42 21 Det
141 1251 24 19 är
187 1249 51 21 visst
255 1252 54 22 sant,
325 1250 32 20 att
371 1248 132 26 rubbningen
519 1249 54 21 hvad
588 1249 121 25 varuprisen
724 1247 101 22 beträffar
840 1247 56 21 inom

77 1277 72 21 landet
171 1278 89 26 troligen
283 1278 46 20 icke
351 1276 95 22 kommer
468 1280 31 18 att
522 1277 62 21 blifva
607 1276 132 27 synnerligen
754 1279 56 22 stor;
828 1276 68 20 men
880 1272 18 36 i

77 1305 41 22 alla
133 1306 36 21 fall
185 1312 62 16 anser
259 1306 36 26 jag
311 1306 34 21 det
361 1312 50 15 vara
426 1312 25 14 en
467 1305 74 22 förlust
556 1306 32 20 för
603 1305 126 26 gäldenären
745 1307 32 19 att
787 1304 110 26 ätergälda

76 1334 7 21 i
98 1334 57 27 guld,
172 1335 35 21 det
223 1334 74 27 dyrare
313 1334 131 27 myntslaget,
460 1336 31 19 ett
505 1334 41 25 län,
562 1340 45 15 som
623 1334 40 21 han
681 1334 38 20 har
734 1332 83 32 erhällit
833 1332 7 21 i
854 1332 43 22 silf-

77 1369 42 15 ver.
144 1363 40 27 Jag
200 1369 67 19 anser,
282 1365 31 19 att
329 1362 120 27 billigheten
465 1362 67 22 skulle
547 1362 77 26 fordra,
640 1364 32 19 att
686 1362 110 21 skilnaden
807 1362 89 20 emellan

76 1391 82 21 silfver-
181 1391 39 21 och
235 1391 124 26 guldvärdet
374 1391 67 21 skulle
457 1390 102 22 beräknas
575 1391 52 21 efter
643 1391 41 21 viss
699 1390 50 22 kurs
764 1390 39 21 och
819 1390 77 20 kursen

76 1420 128 21 bestämmas
219 1420 33 20 för
267 1420 29 20 tio
311 1420 30 25 är,
357 1420 35 20 det
407 1422 24 17 är
445 1420 67 20 under
527 1420 40 20 den
582 1420 37 25 tid,
635 1425 44 15 som
695 1418 201 21 skuldförbindelser

76 1448 7 19 i
98 1449 47 20 värt
161 1448 48 20 land
225 1454 38 19 ega
278 1447 97 26 gällande
390 1447 62 20 kraft.
478 1448 126 24 Derigenom
620 1447 69 20 kunde
705 1447 25 20 den
757 1446 82 24 förlust,
850 1451 45 15 som

76 1476 54 24 sker,
147 1475 58 22 delas
221 1475 88 21 emellan
326 1475 129 26 borgenären
469 1475 38 20 och
519 1474 132 26 gäldenären.
675 1473 110 22 Utskottet
795 1474 39 21 har
844 1473 51 21 visst

76 1504 69 22 anfört
168 1505 31 20 ett
221 1503 52 26 skäl,
288 1503 97 22 hvarföre
400 1503 114 21 ständerna
529 1503 45 22 icke
590 1503 65 21 borde
669 1502 85 22 förorda
768 1503 70 26 nägon
852 1501 44 22 för-
