1095 1798
320 118 159 18 Presteståndet
492 119 53 17 1877.
569 119 26 16 28
606 119 47 20 maj.
811 112 51 21 1041

78 193 82 21 person,
182 193 45 15 som
249 187 93 21 hvarken
364 187 39 21 har
425 187 46 26 gått
492 193 75 21 genom
591 187 132 21 seminarium
743 186 51 21 eller
810 186 84 22 erhållit

79 216 104 21 direktors
205 215 159 27 godkännande,
386 216 41 21 kan
452 223 49 14 vara
523 215 46 22 fullt
593 218 22 19 ut
637 215 42 21 lika
694 215 86 26 lämplig
796 215 38 21 och
850 215 44 21 ofta

77 244 123 27 lämpligare
215 243 32 22 till
262 243 166 27 folkskollärare,
445 246 25 19 än
487 244 75 27 många
577 244 152 25 seminarister;
745 245 22 26 ty
782 243 63 22 också
867 244 27 26 på

75 273 78 25 många
168 273 65 20 andra
248 272 66 21 banor
328 274 24 19 är
368 273 34 20 det
416 273 48 20 icke
478 273 77 26 precist
571 272 35 21 det
621 272 168 26 nödvändigaste,
804 274 32 19 att
846 278 48 15 man

78 300 54 22 skall
147 301 62 21 hafva
223 301 46 26 gått
284 307 75 20 genom
374 301 109 26 graderna.
513 301 25 21 Vi
554 300 61 21 hafva
630 300 31 21 till
677 300 38 21 och
730 300 57 21 medi
797 295 97 37 afseende

74 330 17 20 å
106 329 26 20 de
147 329 64 26 högre
227 329 184 26 läraretjensterna
426 329 39 21 och
479 329 6 20 i
497 330 74 26 många
583 329 65 21 andra
658 328 145 21 förhållanden
814 328 81 21 undan-

78 360 47 24 tag;
149 358 18 20 vi
190 357 61 22 hafva
274 357 35 22 det
332 357 77 27 vigtiga
434 358 107 26 undantag
555 369 24 4 —
595 357 62 21 hvars
672 357 97 26 giltighet
784 357 33 20 väl
832 357 62 26 ingen

78 387 61 20 torde
161 386 92 21 bestrida
275 399 27 2 —
318 388 31 19 att
365 392 25 15 en
405 392 82 21 person,
503 392 45 15 som
563 386 46 21 icke
624 385 39 22 har
677 385 53 27 tagit
745 385 149 21 kandidatexa-

78 421 53 19 men,
154 421 46 14 men
223 414 38 21 har
284 414 83 27 utgifvit
389 415 157 26 vetenskapliga
567 414 83 22 skrifter
666 414 38 21 och
719 414 73 21 vunnit
808 414 87 21 allmänt

76 443 141 25 erkännande,
240 443 38 21 bör
301 443 115 26 berättigas
439 443 31 20 till
493 443 122 25 detsamma,
638 449 45 14 som
699 443 32 24 de,
746 442 71 21 hvilka
832 441 62 22 hafva

74 471 49 26 gått
137 478 75 19 genom
229 471 24 22 de
269 471 87 21 formela
371 472 109 25 graderna.
497 483 26 3 —
537 471 40 28 Jag
593 471 72 26 skulle,
681 471 70 21 såsom
766 471 67 26 sagdt,
844 470 50 27 vilja

75 500 73 21 förena
171 501 41 25 mig
234 500 6 20 i
255 502 86 25 prosten
357 500 68 26 Hjelts
440 499 85 28 förslag,
541 506 34 15 om
588 500 36 27 jag
638 499 67 22 skulle
720 499 71 21 kunna
806 499 87 26 hoppas,

74 531 35 19 att
131 529 36 21 det
182 529 66 21 skulle
263 530 26 26 gå
305 529 91 26 igenom;
412 536 48 14 men
476 531 79 19 tröstar
569 530 42 26 mig
625 528 49 22 med
689 528 42 24 det,
747 530 31 19 att
792 527 102 22 folkskol-

75 557 70 22 lärare
161 557 38 22 och
214 557 123 26 lärarinnor,
353 564 45 14 som
413 558 62 20 hafva
490 557 73 22 vunnit
575 557 104 22 ordinarie
689 557 70 27 tjenst,
771 556 38 22 och
820 556 74 21 befun-

77 586 42 21 nits
141 586 106 26 verkligen
269 586 101 26 skickliga
390 586 38 22 och
451 586 98 27 lämpliga
571 586 33 22 för
625 586 37 21 sitt
683 586 49 26 kall,
751 585 61 22 hafva
828 587 66 25 vägen

73 617 72 25 öppen
161 615 30 21 till
207 616 102 26 styrelsen
324 614 32 22 för
371 617 31 19 att
418 615 51 21 söka
484 622 79 14 samma
578 615 131 26 rättigheter,
725 620 46 16 som
786 614 26 21 de
827 614 67 26 öfriga

77 643 160 21 folkskollärare
251 650 75 20 genom
342 644 90 26 dispens.

145 706 68 21 Sedan
237 705 143 21 diskussionen
404 706 86 20 härmed
512 705 103 26 afslutats,
638 704 43 22 blef
695 705 59 21 detta
770 707 92 19 moment
878 711 16 19 c,

75 734 29 26 på
125 733 152 27 framställning
300 734 22 21 af
342 733 48 21 herr
411 734 188 27 talmannen,
621 733 22 21 af
663 733 84 21 ståndet
765 733 48 21 med
828 732 66 22 öfver-

77 762 94 26 vägande
186 746 108 47 pluralitet
309 762 113 26 godkändt.

145 824 64 22 Mom.
225 824 12 22 d
253 824 121 27 godkändes
390 826 51 20 utan
456 824 116 22 diskussion
589 824 37 22 och
643 824 106 26 enhälligt.

147 886 38 23 Om
202 890 92 19 moment
309 893 11 16 e
336 887 95 21 uttalade
446 887 31 26 sig
493 886 92 28 följande
600 886 75 22 talare:

146 950 89 21 Prosten
271 950 144 21 Johnsson:
438 950 41 27 Jag
494 949 71 22 anhöll
581 956 33 15 om
629 949 61 22 ordet
705 949 33 22 för
753 951 31 20 att
794 949 21 21 få
826 949 70 21 erinra

78 979 127 26 högvördiga
227 979 84 21 ståndet
333 979 79 26 derom,
434 981 33 19 att
489 979 54 21 hvad
565 978 106 22 allmänna
685 977 211 23 besvärsutskottet
886 973 14 36 i

78 1008 59 21 detta
156 1010 93 18 moment
264 1007 88 22 föreslår
366 1009 36 19 rör
418 1014 25 14 en
458 1008 45 24 sak,
518 1007 87 21 hvarom
620 1007 35 21 det
671 1006 66 22 finnes
752 1013 25 15 en
792 1006 104 27 Kejserlig

79 1036 136 27 proposition,
233 1042 44 15 som
293 1038 23 19 är
332 1036 120 21 behandlad
467 1036 22 21 af
502 1037 151 20 sammansatta
663 1037 62 19 stats-
739 1035 39 21 och
788 1035 107 21 ekonomi-

79 1064 111 22 utskottet.
220 1064 49 22 Mitt
291 1064 79 26 förslag
386 1070 50 15 vore
451 1064 88 25 derföre,
555 1067 32 18 att
603 1063 123 27 afgörandet
741 1063 21 21 af
777 1064 58 20 detta
851 1069 45 15 mo-

80 1095 58 19 ment
160 1093 67 21 skulle
242 1093 124 27 uppskjutas
381 1093 32 21 till
429 1093 46 21 dess
491 1094 150 20 sammansatta
657 1095 63 18 stats-
736 1092 39 21 och
790 1092 107 21 ekonomi-

78 1122 105 21 utskottet
198 1122 68 21 varit
256 1116 10 37 i
278 1122 82 21 tillfälle
370 1124 32 18 att
412 1122 93 21 inlemna
515 1123 37 20 sitt
564 1121 133 22 betänkande
708 1120 57 22 öfver
774 1121 67 21 denna
851 1120 43 22 sak.

147 1184 76 22 Pastor
238 1185 77 27 Lyra
330 1184 99 22 förenade
444 1184 31 27 sig
490 1184 48 22 med
552 1186 87 25 prosten
653 1184 111 21 Johnsson.

147 1242 89 21 Prosten
252 1242 86 27 Hjelt
352 1241 100 22 förenade
466 1242 32 26 sig
513 1241 102 22 likaledes
631 1240 46 22 med
688 1242 87 26 prosten
784 1240 111 22 Johnsson.

148 1298 110 22 Professor
273 1298 99 22 Cleve:
395 1298 41 26 Jag
445 1298 32 21 för
489 1298 42 21 min
544 1298 33 21 del
590 1298 40 20 kan
640 1297 108 26 ingenting
761 1298 63 20 annat
834 1296 62 27 finna,

80 1329 28 19 än
123 1328 32 20 att
169 1326 106 21 allmänna
290 1326 191 22 besvärsutskottet
496 1326 54 21 hade
565 1326 49 21 bort
629 1326 69 20 lemna
713 1325 48 21 bort
771 1325 47 21 hela
829 1326 69 20 denna

80 1355 63 21 kläm.
173 1355 42 21 Det
237 1355 54 21 hade
312 1355 46 21 icke
380 1354 49 21 bort
451 1361 50 15 vara
523 1354 105 22 allmänna
643 1354 191 21 besvärsutskottet
849 1352 49 22 obe-

80 1384 58 25 kant,
161 1385 32 19 att
207 1389 26 15 en
249 1383 97 27 kejserlig
360 1383 130 27 proposition
505 1383 116 21 innehåller
633 1382 44 27 just
692 1382 55 21 hvad
762 1382 38 21 här
815 1382 82 26 petitio-

79 1414 72 19 nerats
174 1418 39 19 om,
236 1411 39 22 och
297 1412 6 21 i
326 1412 75 21 sådant
422 1411 38 22 fall
480 1411 54 22 hade
556 1411 111 25 utskottet,
681 1411 70 20 såsom
766 1410 67 26 sagdt,
850 1410 48 21 bort

80 1440 69 21 lemna
171 1440 48 21 hela
235 1439 68 22 denna
317 1439 38 22 sak
370 1439 87 21 alldeles
471 1445 26 14 ur
511 1439 148 21 betänkandet.
689 1439 42 20 Det
746 1438 54 21 hade
814 1437 32 21 till
859 1437 39 21 och

79 1468 49 21 med
143 1468 55 21 varit
213 1468 46 21 dess
274 1467 119 28 skyldighet
408 1469 32 20 att
454 1469 51 30 göra
519 1468 30 21 så.
574 1467 65 21 Deraf
651 1473 61 20 synes
722 1467 43 25 mig
775 1466 49 26 följa
834 1465 64 22 också

78 1499 35 19 att
128 1503 33 15 om
177 1496 64 23 saken
257 1496 46 22 icke
318 1496 72 22 vidare
405 1495 39 22 här
459 1496 7 21 i
481 1496 84 21 ståndet
580 1495 39 22 bör
634 1494 63 23 blifva
707 1494 66 27 fråga,
785 1497 51 19 utan
849 1493 49 22 den-
