1089 1775
206 116 42 22 944
421 121 157 18 Presteståndet
591 123 53 16 1877.
669 122 26 16 24
707 122 47 20 maj.

177 190 32 21 till
232 190 54 21 hade
300 189 70 22 blifvit
384 190 28 26 på
426 192 43 18 sätt
484 189 39 21 och
538 190 29 20 vis
583 189 135 27 uppfordrad.
749 189 42 21 Det
805 191 24 19 är
844 189 104 27 nämligen
964 192 30 18 ett

178 218 90 21 enskildt
282 218 106 27 yttrande,
404 224 44 14 som
464 218 139 20 förekommer
617 218 27 26 på
659 218 76 26 pagina
750 218 27 20 20
793 217 22 21 af
829 217 115 21 utskottets
959 217 35 21 be-

178 247 106 21 tänkande
306 246 39 22 och
368 246 79 21 hvilket
470 246 85 21 citerats
575 246 23 21 af
619 246 72 21 rektor
709 245 105 26 Kihlman,
830 252 45 15 som
890 246 104 21 föranledt

178 275 77 21 honom
278 277 32 19 att
324 280 106 21 uppmana
445 274 41 26 mig
501 274 5 20 i
522 274 71 22 saken.
624 274 43 22 För
681 274 42 21 min
739 274 33 21 del
788 280 60 16 anser
860 274 38 27 jag
913 280 34 20 uu,
963 277 31 19 att

178 304 68 21 denna
261 304 38 20 sak
314 303 118 26 egentligen
447 303 45 21 icke
507 302 39 21 hör
560 303 37 23 hit,
614 305 50 19 utan
680 303 99 26 möjligen
794 303 39 21 har
846 302 82 22 kunnat
943 309 51 21 upp-

178 334 60 24 tagas
252 332 33 21 för
300 332 69 21 bättre
384 331 161 27 sammanhangs
560 331 61 25 skull,
637 332 27 20 dä
679 330 72 27 frägan
768 337 33 15 om
817 332 130 26 läroverken,
962 332 32 20 sä-

178 367 44 15 som
245 361 85 26 sådana,
353 360 49 20 kom
424 360 32 20 till
475 360 46 21 tals.
551 360 48 22 Men
616 360 26 21 dä
657 360 72 24 frågan
746 359 67 22 blifvit
829 360 61 20 väckt
906 360 40 21 och
959 360 35 27 jag

178 391 45 19 tror
238 390 42 25 mig
295 390 71 20 kunna
381 388 118 26 förutsätta,
515 390 31 19 att
562 389 39 21 den
617 388 6 21 i
638 389 41 21 viss
695 388 52 26 grad
762 388 123 22 intresserar
899 388 36 22 det
946 388 48 27 hög-

178 418 86 26 vördiga
286 417 91 24 ständet,
401 416 35 22 vill
450 417 34 26 jag
499 417 32 21 för
545 417 62 26 ingen
623 416 33 22 del
671 417 137 26 undandraga
823 418 42 26 mig
880 419 32 19 att
927 418 67 21 uttala

178 446 54 21 hvad
253 447 36 26 jag
310 446 8 20 i
340 446 64 21 saken
424 448 44 18 tror
484 446 41 26 mig
540 445 62 22 hafva
618 445 119 22 erfarenhet
752 445 26 21 af.
809 445 109 22 Utskottet
933 448 62 24 säger

178 474 104 26 nämligen
305 474 53 25 ,den
379 474 33 20 vid
428 474 237 22 elementarläroverken
681 474 124 21 meddelade
820 474 174 26 undervisningen

178 504 6 20 i
200 502 66 22 finska
288 503 87 26 språket
396 502 80 22 lemnar
498 504 56 20 ännu
577 502 82 28 mycket
674 502 63 26 öfrigt
751 505 32 19 att
799 503 85 21 önska".
914 503 81 21 Rektor

177 531 100 22 Kihlman
298 532 44 23 har,
362 531 68 21 sävidt
448 531 36 21 det
498 532 65 26 angär
578 532 36 21 det
629 531 102 25 läroverk,
747 530 79 22 hvilket
842 531 41 21 han
899 531 95 26 förestär,

178 560 18 26 ej
219 560 55 21 velat
295 560 93 21 erkänna
410 560 113 26 sanningen
546 560 64 26 häraf,
632 562 50 18 utan
701 562 92 19 tvärtom
809 562 52 19 trott
877 560 31 26 sig
923 560 72 21 kunna

178 588 113 22 formulera
314 589 64 21 saken
401 590 28 24 sä,
447 591 31 18 att
494 589 67 20 denna
577 588 148 27 undervisning
741 588 36 21 der
793 588 79 22 lemnar
887 589 107 26 ingenting

178 617 62 26 öfrigt
259 619 32 20 att
306 618 71 21 önska.
408 617 33 21 Nu
456 617 99 21 förhåller
571 618 36 21 det
621 617 32 26 sig
668 617 132 26 naturligtvis
815 617 86 22 härmed
918 619 30 23 sä,
964 620 32 19 att

178 652 48 15 man
248 646 41 21 kan
311 646 66 21 önska
400 646 82 26 mycket
497 645 38 22 här
550 645 6 21 i
572 646 90 21 verlden.
693 646 46 26 Nog
755 646 41 21 kan
813 652 46 15 man
875 647 7 20 i
898 646 97 21 afseende

177 676 13 20 å
214 674 134 22 läroverkens
371 674 149 27 undervisning
542 674 23 21 sä
587 675 5 20 i
616 675 35 20 det
675 681 45 19 ena,
743 681 45 14 som
805 674 35 21 det
855 675 65 21 andra
936 675 59 20 fallet

178 703 66 21 önska
258 703 39 21 och
314 703 62 21 också
391 703 32 20 för
438 703 31 20 sin
486 703 78 20 önskan
581 709 49 15 anse
645 703 32 26 sig
692 702 60 21 hafva
768 709 25 14 en
809 703 40 26 god
862 703 74 26 grund.
958 703 38 21 Sä-

177 732 57 21 ledes
256 731 65 22 beror
344 732 35 20 det
402 733 48 24 sätt,
470 731 79 27 hvarpä
571 731 124 22 läroverken
718 732 38 21 har
778 731 46 28 fyllt
840 732 38 21 och
894 731 50 28 fylla
959 732 37 21 sitt

177 760 117 27 äliggande,
318 759 134 26 naturligtvis
475 759 27 27 pä
522 761 78 25 graden
623 759 22 22 af
659 761 84 20 önskan.
775 761 40 26 Jag
830 761 108 26 uttrycker
954 761 42 25 mig

177 790 30 24 sä,
231 789 87 20 emedan
340 789 36 26 jag
399 789 37 20 har
459 791 52 18 trott
527 789 41 26 mig
583 789 62 25 finna,
662 791 32 18 att
709 795 48 14 man
773 789 107 26 verkligen
896 789 78 21 önskar
988 789 7 20 i

178 817 58 21 detta
256 817 37 21 fall
308 817 64 21 också
388 817 35 21 det
438 817 103 26 omöjliga.
572 817 49 21 Man
636 817 116 26 uppställer
767 818 69 21 såsom
852 819 31 20 ett
898 823 98 21 program

177 846 33 21 för
224 846 134 21 läroverkens
374 846 153 26 undervisning,
542 848 31 19 att
589 847 36 20 det
643 846 65 21 andra
726 845 108 22 inhemska
845 847 86 26 språket
942 846 53 21 skall

178 874 109 27 bibringas
302 874 29 26 sä,
348 876 32 20 att
394 874 60 26 ingen
470 875 81 21 skilnad
567 873 66 23 finnes
649 875 87 21 emellan
752 875 59 21 detta
822 875 38 21 och
868 875 128 22 modersmä-

178 903 35 23 let,
244 903 48 21 Man
315 903 88 27 fordrar,
418 906 32 18 att
465 903 99 21 skolorna
579 903 60 21 skola
655 904 96 26 bibringa
766 904 45 21 sina
827 904 69 21 elever
912 910 25 15 en
953 904 43 21 lika

177 932 105 27 färdighet
297 932 6 21 i
319 932 112 21 hvartdera
447 932 91 26 spräket.
569 932 30 21 En
616 933 59 25 ringa
691 932 118 22 eftertanke
825 932 60 27 visar,
893 934 37 26 att
942 939 54 19 man,

178 961 69 21 såsom
269 961 68 26 sagdt,
361 960 5 21 i
389 961 23 21 sä
435 960 35 21 fall
487 960 105 27 verkligen
607 961 83 21 fordrar
705 961 36 21 det
756 961 103 27 omöjliga.
889 962 30 20 Är
935 961 61 21 önsk-

179 990 125 26 ningsmälet
319 989 81 24 sädant,
416 990 67 21 mäste
495 989 36 27 jag
547 990 32 21 för
593 990 42 20 min
653 989 33 21 del
702 990 109 26 medgifva,
826 992 32 19 att
872 990 124 21 läroverken

179 1018 17 26 ej
213 1018 75 21 hittills
304 1018 61 21 hafva
381 1018 46 27 fyllt
443 1018 35 21 det
493 1018 38 21 och
547 1021 31 18 att
594 1018 25 21 de
634 1018 81 22 således
731 1018 72 22 dervid
814 1019 68 21 lemna
892 1018 103 27 åtskilligt

179 1047 63 25 öfrigt
258 1048 32 19 att
304 1046 73 22 önska.
407 1046 49 22 Men
472 1047 64 26 begär
551 1053 47 15 man
614 1046 22 22 af
647 1047 123 21 läroverken
787 1048 17 25 ej
820 1049 72 23 annat,
902 1049 27 19 än
939 1047 57 21 hvad

179 1074 25 22 de
226 1081 76 21 genom
324 1074 62 27 ärligt
402 1075 72 21 arbete
489 1076 38 20 och
543 1075 110 21 allvarsam
669 1075 92 21 sträfvan
776 1076 46 20 från
837 1076 56 21 såväl
909 1076 86 24 lärares,

178 1109 45 15 som
245 1104 117 26 lärjungars
385 1104 51 25 sida,
453 1104 40 20 kan
509 1104 76 26 uppnå,
601 1104 40 20 kan
655 1104 36 26 jag
707 1105 47 20 med
769 1104 69 27 glädje
854 1104 38 21 och
908 1104 87 22 tillfred-

178 1131 92 22 ställelse
284 1132 68 21 uttala
368 1132 39 21 den
423 1133 116 25 meningen,
555 1135 32 19 att
603 1132 173 28 undervisningen
792 1133 6 20 i
809 1132 81 22 finskan
900 1133 35 21 vid
945 1133 51 21 våra

178 1160 97 21 läroverk
298 1160 106 27 verkligen
420 1161 100 26 törtjenar
535 1160 38 22 allt
588 1161 141 21 erkännande.
757 1162 46 20 Den
818 1161 38 21 har
872 1161 24 21 år
911 1162 45 20 från
971 1162 25 20 är

178 1189 46 26 gått
245 1189 83 25 framåt,
344 1190 39 20 och
399 1189 35 22 det
450 1189 38 21 har
503 1190 54 20 visat
571 1190 38 27 sig,
625 1192 32 19 att
673 1190 25 21 de
714 1190 101 25 metoder,
831 1196 45 15 som
892 1190 56 27 gjort
962 1191 33 26 sig

177 1217 98 26 gällande
290 1218 35 21 vid
340 1217 154 26 behandlingen
510 1217 22 22 af
546 1218 58 21 detta
619 1218 71 27 språk,
707 1219 119 25 verkeligen
837 1218 43 21 ledt
893 1219 39 20 och
948 1218 48 21 leda

178 1245 31 21 till
229 1245 95 26 resultat,
344 1246 47 21 med
406 1246 70 21 hvilka
492 1253 47 14 man
555 1247 66 21 måste
637 1253 50 14 anse
701 1247 32 26 sig
749 1247 66 21 under
829 1247 116 21 förhanden
961 1253 34 15 va-

178 1274 66 21 rande
266 1274 145 21 förhållanden
427 1274 140 22 tillfredstäld.
598 1275 41 26 Jag
654 1275 38 21 har
707 1275 79 21 lemnat
801 1275 58 21 detta
873 1275 59 27 intyg
947 1275 47 21 med

177 1302 75 26 glädje.
283 1302 49 21 Men
344 1303 38 26 jag
397 1303 41 20 kan
454 1303 53 21 dock
522 1303 17 26 ej
556 1303 39 21 här
609 1309 28 15 nu
652 1303 48 26 ingå
715 1303 6 20 i
737 1309 26 15 en
774 1303 222 26 detaljundersökning

178 1331 21 20 af
220 1330 80 25 frågan,
323 1330 88 21 emedan
427 1331 35 20 det
477 1330 68 21 skulle
560 1330 47 21 leda
623 1330 42 26 mig
680 1331 32 20 för
727 1331 59 26 långt
801 1331 21 20 in
838 1331 26 26 på
880 1331 116 21 skolområ-

178 1358 40 21 det.
249 1358 40 26 Jag
310 1357 34 21 vill
360 1358 53 21 dock
428 1358 85 27 antyda,
528 1359 32 20 att
575 1359 26 20 de
616 1358 75 26 elever,
706 1365 45 15 som
766 1359 62 21 hafva
843 1359 68 21 blifvit
926 1358 69 22 dimit-

177 1385 73 22 terade
265 1386 26 21 de
306 1388 84 19 senaste
405 1388 32 19 tre
452 1387 57 25 åren,
525 1385 60 23 hafva
601 1386 6 22 i
622 1386 73 23 skolan
712 1387 54 21 varit
779 1387 151 27 jemförelsevis
944 1393 51 22 gyn-

177 1415 55 21 nade
247 1415 47 22 med
309 1414 99 22 afseende
422 1415 14 21 å
450 1415 175 27 undervisningen
643 1415 40 22 just
697 1416 8 21 i
719 1415 68 22 finska
802 1417 92 26 språket,
908 1416 87 22 emedan

178 1443 26 22 de
219 1443 61 22 hafva
295 1444 27 27 på
338 1443 26 22 de
378 1444 58 27 lägre
449 1444 108 22 klasserna
572 1444 47 22 haft
633 1422 49 44 dere
697 1445 245 27 undervisningstimmar
956 1445 39 22 och

176 1472 68 22 likaså
265 1473 28 27 på
314 1472 25 22 de
361 1473 71 26 högre.
462 1473 33 22 De
517 1473 62 22 hafva
601 1473 104 27 nämligen
724 1474 53 21 varit
792 1474 66 22 under
874 1481 26 15 en
915 1473 79 28 period,

176 1501 68 22 under
258 1501 85 22 hvilken
358 1507 48 16 man
421 1501 86 28 började
522 1501 48 23 med
585 1501 50 23 flere
650 1501 131 24 lärotimmar
795 1503 27 28 på
836 1503 26 22 de
872 1503 58 28 lägre
940 1503 55 22 klas-
