1086 1820
200 134 40 21 776
409 139 159 17 Presteständet
581 139 54 17 1877.
661 139 22 17 15
695 139 47 20 maj.

174 211 48 19 rent
237 208 38 22 och
290 208 47 21 icke
351 210 54 23 rent,
420 208 40 21 har
472 208 37 27 jag
524 209 42 20 satt
581 208 43 27 mig
639 210 56 19 emot
711 214 25 15 en
752 208 173 27 minimifordran,
943 214 44 15 som

173 237 39 21 har
227 236 101 23 förefallit
342 237 42 26 mig
400 237 108 27 verkligen
524 237 73 27 vidrig.
626 237 41 27 Jag
682 237 66 21 mäste
764 239 51 25 säga
830 237 60 22 detta
905 237 39 22 och
952 237 36 27 jag

172 266 36 21 vill
224 265 64 22 blifva
303 266 34 21 vid
353 266 68 21 denna
436 266 145 27 öfvertygelse,
596 272 33 15 om
646 265 64 22 ocksä
722 266 37 27 jag
773 266 68 21 skulle
856 272 51 16 vara
917 272 71 16 ensam

173 295 78 22 derom.
272 307 25 4 —
314 294 69 22 Ocksä
396 295 36 26 jag
447 295 39 21 har
501 295 53 22 varit
569 295 7 22 i
591 295 160 27 församlingens
766 295 65 27 tjenst
846 302 25 14 en
887 295 49 28 läng
951 295 37 22 tid.

172 324 86 21 Enhvar
283 326 41 23 vet,
340 325 32 20 att
385 323 36 28 jag
436 323 64 22 ocksä
516 324 87 27 deltagit
618 324 6 21 i
640 324 137 21 skriftskolan
792 325 7 20 i
814 324 174 22 barnaundervis-

173 353 76 26 ningen
264 353 6 21 i
286 353 26 21 de
327 352 152 27 församlingar,
496 353 36 21 der
545 353 36 27 jag
597 353 59 26 varit,
673 353 38 22 och
727 353 77 21 doktor
814 353 70 26 Bergh
895 355 34 20 vet
941 353 48 22 bäst

173 382 71 27 intyga
260 384 31 19 att
306 381 73 22 innan-
394 381 38 22 och
449 382 160 27 utanläsningen
630 381 18 28 ej
665 382 22 21 sä
703 382 83 27 mycket
800 388 38 15 var
852 384 33 19 att
899 382 89 21 klandra

173 411 6 20 i
203 410 103 27 Limingo,
326 416 44 15 som
390 410 45 27 just
458 411 36 20 det
514 411 152 26 förskräckliga
686 411 115 26 oförständ,
824 411 101 21 hvarmed
940 417 48 15 man

173 439 59 21 läste.
264 439 27 21 Sä
314 439 48 21 stod
386 441 36 19 det
437 439 32 21 till
484 439 60 21 äfven
560 440 7 20 i
582 439 91 27 Kuopio,
688 440 38 20 och
742 439 54 21 hvad
810 439 36 27 jag
862 439 126 22 ätminstone

173 468 55 25 sökt,
250 468 67 21 under
339 468 26 20 de
386 468 61 26 tjugu
469 468 30 26 är,
520 468 35 27 jag
578 468 54 21 varit
648 468 37 21 der
699 470 83 19 uträtta
796 468 40 21 har
851 468 54 22 varit
920 470 32 20 att
967 468 21 22 fä

173 496 242 27 barnaundervisningen
437 496 28 27 pä
487 503 26 15 en
538 497 117 27 förständig
669 497 73 27 grund.
773 497 40 26 Jag
828 499 40 24 vet,
882 499 33 19 att
930 496 60 22 bibli-

173 525 39 21 ska
231 525 101 22 historien
348 525 66 21 finnes
429 538 28 2 —
470 526 36 26 jag
521 528 44 19 tror
580 526 43 27 mig
638 526 70 21 kunna
723 528 50 24 säga
789 526 35 21 det
839 538 27 3 —
882 528 51 20 nära
949 532 41 21 nog

173 554 6 21 i
202 554 72 27 hvarje
296 554 54 21 hem.
380 554 41 27 Jag
443 556 35 20 vet
499 554 69 26 ocksä,
591 557 31 19 att
637 554 79 22 barnen
732 555 122 21 undervisas
868 556 8 20 i
891 555 99 27 söndags-

174 583 77 26 skolor,
276 583 83 21 hvilkas
374 584 58 20 antal
447 585 63 25 utgör
525 590 44 15 mer
583 586 27 19 än
625 584 83 21 hundra
722 586 82 20 ensamt
818 585 7 20 i
840 584 149 22 landsförsam-

173 612 102 27 lingarna,
290 612 7 21 i
312 612 146 27 innanläsning
474 612 39 22 och
528 613 27 26 pä
569 619 80 15 samma
664 613 55 27 gäng
733 614 7 20 i
755 616 33 18 att
802 613 67 22 förstä
882 613 35 22 det
928 614 61 26 lästa,

174 642 64 26 enligt
254 641 26 22 de
296 641 44 22 smä
356 641 130 27 läroböcker,
502 648 44 15 som
562 642 63 22 ocksä
637 642 35 27 jag
683 642 38 21 har
731 642 114 26 utarbetat,
858 642 47 22 icke
916 642 74 22 endast

173 670 33 21 för
228 670 60 22 dessa
311 670 155 27 församlingar,
489 673 51 18 utan
559 671 60 22 äfven
634 671 33 21 för
682 672 72 21 andra.
784 671 83 22 Doktor
882 671 55 27 Berg
952 671 38 21 har

174 699 79 22 erinrat
268 699 42 26 mig
325 705 39 21 om,
380 701 32 19 att
427 700 56 20 mina
500 699 177 22 visitationsresor
692 700 63 21 hafva
770 700 74 27 aflupit
859 702 50 19 utan
925 700 64 21 frukt.

173 728 65 21 Detta
260 728 42 21 kan
322 734 51 15 vara
396 728 83 27 mycket
500 728 89 27 möjligt.
620 729 48 21 Men
682 729 37 27 jag
730 729 41 21 kan
787 729 89 26 uppvisa
890 731 59 19 svart
963 729 27 27 pä

173 757 55 21 hvitt
244 756 71 27 derpä,
331 759 33 19 att
380 757 25 20 de
421 757 17 26 ej
455 757 60 21 alltid
530 757 73 27 aflupit
619 758 31 25 sä;
667 758 164 27 söndagsskolor
845 758 62 21 hafva
923 758 67 21 blifvit

173 786 105 21 inrättade
294 785 7 21 i
316 785 76 28 många
407 786 148 26 församlingar
570 786 65 21 också
649 787 6 20 i
669 787 142 21 Österbotten.
828 799 27 3 —
870 787 40 26 Jag
925 787 36 21 rår
971 787 18 26 ej

173 814 33 21 för
232 815 35 20 det
291 814 92 27 sorgliga
405 814 132 23 förhållande
557 815 6 21 i
588 815 114 26 Ylivieska,
724 821 46 16 som
791 815 77 22 doktor
882 816 55 26 Berg
952 815 38 22 har

173 843 122 22 framhållit.
325 843 38 21 Om
385 844 65 21 under
465 843 79 22 sådana
559 844 123 25 sekteriska,
698 845 79 21 sådana
792 845 106 21 fanatiska
912 845 78 21 förhäl-

174 873 82 26 landen,
279 879 44 14 som
347 872 37 21 der
406 873 97 25 existera,
519 880 25 15 en
560 873 136 22 barnalärare
711 873 67 22 finner
793 874 31 27 sig
839 873 90 28 olycklig
944 880 46 21 nog,

173 903 32 19 att
220 901 20 27 ej
255 901 71 21 kunna
341 901 62 21 hafva
418 902 102 26 rättighet
535 904 32 19 att
582 902 105 21 handleda
702 903 79 21 barnen
796 903 8 21 i
819 903 90 21 bibliska
924 903 65 21 histo-

174 930 50 27 rien,
239 932 35 19 vet
287 930 36 27 jag
339 930 19 27 ej
374 930 53 21 huru
442 936 49 15 man
506 931 42 21 kan
563 931 67 28 skylla
646 937 25 15 en
687 931 96 22 visitatör
798 932 80 24 derför;
888 932 46 21 icke
945 937 45 16 om-

173 958 78 28 skapar
270 959 36 27 jag
322 959 26 21 de
363 958 97 28 religiösa
476 959 123 22 rörelserna.
629 960 49 21 Men
693 966 65 21 gerna
773 960 34 22 må
823 961 36 21 det
874 967 49 15 vara
938 963 52 19 utan

173 994 49 15 svar
244 988 6 20 i
270 988 43 21 alla
327 988 26 21 de
368 988 120 25 afseenden,
504 988 77 22 doktor
595 989 56 27 Berg
666 989 39 21 har
719 990 57 21 velat
790 990 62 21 kasta
868 990 80 26 skugga
963 989 27 27 på

174 1016 42 27 mig
231 1017 7 21 i
253 1017 42 21 min
311 1017 303 26 tjenstemanna-verksamhet.
643 1017 30 28 Ty
689 1018 40 21 den
744 1020 35 20 vet
792 1018 36 28 jag
843 1020 23 20 är
881 1019 65 26 ringa.
963 1031 25 3 -—

173 1045 49 22 Men
245 1046 46 21 icke
315 1046 106 26 ätertager
443 1046 37 27 jag
502 1047 47 21 mitt
565 1047 45 25 ord,
626 1049 31 19 att
673 1047 35 21 det
723 1049 24 19 är
762 1049 32 19 ett
809 1047 146 21 vanställande
970 1047 22 21 af

173 1074 49 22 hela
248 1074 49 22 mitt
322 1075 134 26 andragande
478 1077 32 19 att
532 1075 49 27 vilja
602 1076 67 26 pästä,
691 1077 31 20 att
734 1076 37 27 jag
786 1076 38 21 har
839 1076 56 22 velat
911 1076 79 21 skildra

174 1103 90 21 barnens
287 1103 98 27 religiösa
407 1104 148 28 undervisning
576 1104 7 21 i
605 1104 89 22 Finland
716 1106 69 20 säsom
800 1106 92 20 varande
907 1105 28 27 pä
950 1105 40 21 den

173 1132 137 27 ständpunkt,
330 1132 37 28 jag
389 1132 101 27 uttalade,
512 1135 32 19 att
566 1133 40 21 den
629 1133 66 22 borde
717 1134 79 21 ställas.
826 1134 40 27 Jag
881 1134 39 21 har
936 1134 54 21 blott

173 1161 57 21 velat
253 1162 57 26 säga,
333 1164 32 19 att
387 1168 47 14 man
458 1162 18 27 ej
500 1162 81 27 hjelper
603 1162 64 22 saken
683 1162 53 22 fram
752 1163 48 21 med
815 1164 32 20 sin
862 1162 128 22 tumstock
976 1157 17 37 i

173 1190 73 21 innan-
262 1190 40 22 och
317 1190 139 27 utanläsning,
472 1191 56 21 huru
543 1191 54 22 helst
612 1198 49 14 man
676 1192 34 21 mä
726 1192 65 26 draga
804 1192 40 22 den
859 1192 72 27 längre
940 1191 50 22 eller

174 1219 91 25 kortare,
288 1221 51 19 utan
362 1220 36 20 det
420 1221 24 19 är
465 1220 28 26 pä
516 1222 30 19 ett
561 1220 44 21 helt
620 1223 65 19 annat
701 1222 43 20 sätt
759 1221 59 21 detta
832 1221 55 21 skall
903 1221 42 21 ske.
965 1232 24 3 —

173 1247 84 21 Doktor
280 1248 55 26 Berg
357 1248 39 21 har
418 1248 98 27 slutligen
538 1248 91 27 behagat
645 1249 69 21 erinra
728 1250 43 26 mig
786 1256 33 14 om
835 1250 53 21 hans
904 1248 87 28 ungefär

174 1276 110 21 enahanda
306 1276 51 22 eller
376 1276 127 22 ätminstone
525 1278 46 20 icke
593 1278 58 26 längt
671 1278 53 21 ifrän
740 1279 68 20 denna
822 1278 62 27 fräga
898 1278 92 26 aflägsna

173 1304 127 22 hemställan
322 1305 32 21 till
369 1305 129 27 landtdagen
514 1306 49 21 ären
580 1306 146 22 1863—1864.
756 1307 40 27 Jag
811 1307 81 21 minnes
907 1306 84 28 mycket

173 1333 35 21 väl
230 1334 59 20 detta
311 1333 137 22 förhällande.
479 1334 40 26 Jag
541 1341 38 15 var
603 1334 27 22 dä
645 1335 89 21 medlem
750 1336 22 20 af
786 1336 95 21 enskilda
896 1336 93 21 besvärs-

173 1362 111 23 utskottet,
307 1362 7 19 i
336 1362 79 19 hvilket
437 1362 74 25 biskop
534 1362 117 21 Schauman
673 1369 38 14 var
726 1364 133 24 ordförande,
875 1364 38 20 och
930 1364 25 19 de
971 1363 22 20 af

175 1388 58 21 detta
254 1389 72 20 ständs
348 1389 141 26 medlemmar,
512 1395 44 15 som
579 1389 23 22 af
621 1391 54 25 dem,
697 1390 71 21 hvilka
790 1391 28 20 dä
838 1393 56 19 sutto
909 1391 7 20 i
933 1391 58 20 detta

174 1416 88 27 utskott,
278 1416 68 22 finnas
360 1417 38 21 här
414 1423 57 21 gvar,
486 1419 48 20 veta
549 1418 39 22 och
604 1418 65 22 borde
686 1419 87 26 minnas,
784 1421 32 19 att
828 1419 75 27 biskop
912 1419 78 22 Schau-

173 1451 49 15 man
238 1451 33 16 om
288 1446 68 21 denna
370 1446 126 21 hemställan
512 1447 51 21 sade
574 1447 69 25 ,hvad
653 1447 36 21 vill
699 1448 41 21 han
751 1448 88 28 (Bergh)
850 1449 47 21 med
908 1448 81 25 sådant,

174 1480 45 16 som
231 1474 73 22 detta?
318 1474 40 22 hör
373 1481 27 15 en
414 1475 66 21 sädan
496 1475 59 27 fräga
565 1476 33 21 till
609 1476 141 27 landtdagen?
760 1478 24 20 är
792 1478 36 20 det
838 1477 111 27 meningen
959 1479 32 19 att

174 1502 32 22 till
222 1503 122 27 regeringen
359 1503 49 27 ingä
422 1504 48 21 med
486 1510 24 15 en
526 1504 90 27 petition
631 1506 6 20 i
653 1505 59 22 detta
726 1505 106 27 afseende,
844 1508 33 20 att
886 1506 21 22 fä
920 1506 70 22 skrift-

173 1531 99 23 skolorna
288 1532 39 22 och
342 1532 131 22 läsförhören
488 1534 130 21 omstälda?*
640 1534 43 21 För
694 1534 42 28 mig
747 1534 56 28 ligga
813 1535 39 21 här
862 1536 61 21 dessa
933 1535 57 25 blad,
