1086 1823
321 123 159 19 Presteståndet
492 126 52 16 1877,
569 125 23 17 18
603 125 47 21 maj.
831 119 41 21 803

79 191 40 23 sitt
144 191 101 27 Päijänne
267 192 38 22 och
321 193 84 22 dermed
420 194 6 20 i
442 194 124 22 förbindelse
581 194 87 22 stående
683 195 157 26 vattensystem,
856 200 45 15 som

79 221 177 27 sammanhänger
276 222 48 21 med
339 222 75 21 hafvet.
439 223 38 21 Att
489 222 44 28 just
547 222 128 28 lyckliggöra
686 223 61 21 dessa
763 222 80 22 trakter
853 222 48 22 med

80 250 112 26 jernvägar
207 249 7 21 i
228 250 51 21 kors
294 250 39 21 och
348 253 57 19 tvärs
420 251 41 21 kan
477 251 45 21 icke
537 251 101 21 innebära
649 250 94 27 billighet
757 250 38 22 och
807 250 93 22 rättvisa.

82 278 49 21 Men
154 280 32 20 att
200 278 27 26 gå
242 278 6 20 i
263 278 73 27 förväg
354 279 32 21 för
400 279 126 21 kommande
541 280 86 20 ständer
641 279 6 21 i
663 279 124 26 afgörandet
801 279 22 21 af
836 279 65 21 saken

81 313 51 15 voro
156 307 146 27 oförständigt.
330 307 137 26 Naturligtvis
486 308 65 21 måste
563 308 39 20 den
614 310 57 19 östra
682 308 123 20 stambanan
816 308 85 20 komma

82 335 5 21 i
103 336 60 26 fråga
177 335 6 21 i
199 342 25 14 en
248 335 93 27 framtid,
364 343 47 14 men
435 336 47 22 dess
504 336 45 27 läge
573 337 38 21 och
633 336 92 26 riktning
741 336 40 21 kan
797 336 27 21 då
838 336 63 21 inses.

82 357 133 29 Åtminstone
238 364 62 22 torde
322 365 25 21 de
370 371 50 15 vara
442 364 26 27 få,
492 371 44 15 som
551 365 6 21 i
574 365 65 21 likhet
655 364 47 22 med
719 364 76 22 doktor
810 364 91 22 Andelin

80 392 70 22 skulle
165 393 6 21 i
188 393 61 21 dessa
264 394 114 21 utskottets
391 393 78 27 förslag
484 394 56 21 finna
555 396 31 19 ett
599 394 81 26 obilligt
693 393 110 21 vestfinskt
812 394 89 21 intresse

82 424 55 19 samt
159 424 31 19 ett
212 421 186 23 tillbakasättande
417 423 21 21 af
458 423 26 21 de
504 422 130 22 savolaxiska
649 423 122 21 intressena.
801 422 40 26 Jag
856 425 45 19 tror

80 452 34 20 att
129 451 36 21 det
180 453 24 19 är
219 457 26 15 en
259 453 48 19 rent
322 451 92 27 objektiv
429 451 95 27 billighet
540 452 38 21 och
594 452 93 24 rättvisa,
704 457 45 15 som
760 451 39 22 har
810 451 91 22 dikterat

81 479 27 22 de
123 479 85 28 äsigter,
224 486 45 15 som
285 480 23 21 af
321 480 49 21 herr
386 480 91 21 doktorn
494 480 60 21 hafva
570 480 67 21 blifvit
653 480 96 27 ogiliade.

150 537 89 21 Prosten
255 537 165 26 Bergroth:
444 537 38 22 Att
498 537 75 26 afgifva
588 539 31 20 ett
633 537 98 26 yttrande
746 537 6 20 i
768 543 25 15 en
804 538 23 20 sä
837 537 65 27 vigtig

81 565 65 27 fräga,
166 572 44 15 som
231 566 74 27 frägan
327 572 33 15 om
380 568 31 19 ett
426 566 144 21 stambansnät
585 566 32 21 för
629 566 140 27 jernvägarne
784 566 6 20 i
806 565 95 27 Finland,

81 594 127 22 åtminstone
226 594 133 28 lämpligaste
369 595 147 27 sträckningen
523 595 32 20 för
563 595 126 24 densamma,
698 597 24 19 är
731 595 79 21 kanske
819 595 5 20 i
834 595 69 21 denna

82 624 63 20 stund
171 624 127 21 åtminstone
313 623 63 21 bland
393 623 25 22 de
434 623 52 22 allra
501 624 94 21 svåraste
610 624 67 25 saker,
693 630 47 15 men
756 623 27 22 då
795 623 108 27 jernvägs-

84 652 114 21 utskottets
214 652 133 21 betänkande
362 655 24 18 är
400 652 104 27 förelagdt
519 653 83 21 ståndet
617 653 32 20 för
662 655 31 18 att
704 652 140 22 underställas
855 653 48 20 dess

83 681 102 27 pröfning,
201 681 38 21 ber
251 681 37 27 jag
304 683 31 20 att
350 681 6 20 i
372 681 85 21 korthet
472 681 20 22 få
506 683 57 26 yttra
578 681 41 21 min
636 681 84 27 mening
735 682 78 20 derom.
842 681 11 22 TI
863 681 39 22 all-

84 709 85 22 mänhet
184 716 61 15 anser
258 710 36 27 jag
309 711 32 20 att
356 716 46 15 man
419 711 46 20 med
482 712 78 19 största
575 710 132 26 försigtighet
722 710 38 21 bör
775 710 26 26 gå
817 710 86 26 tillväga

83 738 87 22 emedan
194 745 33 14 om
244 739 6 20 i
273 738 114 22 allmänhet
402 739 6 20 i
424 739 116 27 menskliga
561 738 146 22 förhällanden
730 740 64 25 nägot
816 739 87 26 misstag

82 767 55 24 sker,
153 767 59 21 detta
227 768 42 21 kan
284 769 73 22 rättas,
374 773 46 15 men
436 768 7 20 i
459 768 57 21 detta
531 767 36 22 fall
582 768 47 21 värt
643 767 50 22 land
708 769 23 20 är
746 767 32 21 för
789 767 72 27 fattigt
870 767 32 21 för

82 798 33 20 att
137 795 59 27 börja
212 797 47 20 med
275 796 129 27 experiment
419 796 6 21 i
442 803 24 14 en
482 797 22 21 sä
520 797 63 26 vigtig
602 797 64 26 fräga.
696 796 39 27 Jag
750 796 67 22 skulle
833 795 69 22 derför

83 831 50 16 anse
149 827 31 19 att
195 825 35 21 vid
246 825 67 21 denna
328 825 101 27 landtdag
444 825 45 22 icke
505 825 64 27 nägot
585 825 46 22 med
647 825 78 21 visshet
736 825 64 22 borde
811 825 90 21 bestäm-

83 861 52 14 mas.
164 853 61 22 Hvad
247 854 74 27 sjelfva
343 854 147 27 sträckningen
506 855 105 25 beträffar,
627 853 68 22 skulle
708 854 36 27 jag
759 854 56 21 helst
828 854 75 21 förena

84 883 42 27 mig
141 883 49 21 med
204 885 135 19 reservanten
362 883 49 21 herr
425 883 101 25 Höckert,
542 883 53 22 dock
611 883 47 21 med
674 883 35 21 det
724 883 127 28 uttryckliga
867 889 37 15 un-

83 912 85 27 dantag,
190 918 45 15 som
255 912 50 22 herr
325 912 103 26 Hallsten,
446 912 86 22 hvilken
548 913 63 21 ocksä
626 914 23 19 är
665 915 114 22 reservant,
796 912 37 22 har
848 912 56 27 gjort

83 941 51 22 deri.
152 941 56 22 Herr
223 941 94 22 Höckert
327 941 54 21 talar
392 948 33 14 om
441 942 146 26 sträckningen
606 936 155 37 Tammerfors—
772 936 131 37 Nikolaistad

83 970 40 22 och
143 972 67 25 säger,
234 972 31 19 att
287 970 84 22 trakten
387 971 69 20 vester
472 977 33 15 om
528 970 102 28 Näsijärvi
650 970 98 26 erbjuder
763 970 47 22 vida
828 969 75 22 fördel-

80 999 98 30 aktigare
200 1001 86 25 terräng
307 1001 25 19 än
351 1001 58 20 öster
431 1006 33 14 om
488 1000 67 21 denna
577 1000 37 27 sjö.
645 999 40 26 Jag
706 999 68 21 skulle
795 1000 52 26 väga
866 998 37 22 be-

83 1028 57 21 tvifla
161 1028 61 22 dessa
237 1028 111 27 uppgifter.
378 1028 40 27 Jag
432 1028 38 21 har
486 1028 6 21 i
507 1029 42 21 min
565 1028 91 27 ungdom
671 1028 51 21 flere
743 1028 62 21 tiotal
825 1029 78 25 gånger

83 1059 43 19 rest
150 1057 54 21 bäde
230 1059 69 19 vester
324 1057 39 21 och
386 1059 57 19 öster
465 1063 33 15 om
522 1057 102 27 Näsijärvi
647 1056 38 22 och
708 1057 89 21 kommit
818 1057 32 21 till
872 1058 32 20 ett

83 1086 88 21 alldeles
198 1087 88 19 motsatt
311 1085 95 25 resultat,
432 1085 108 27 angäende
564 1088 85 24 terräng
663 1085 170 22 förhällandena
858 1086 43 21 der.

84 1114 49 21 Men
157 1116 31 20 att
210 1114 22 22 af
253 1114 78 22 sådana
354 1120 58 16 resor
434 1117 33 18 tro
483 1114 31 27 sig
529 1115 122 26 kompetent
666 1116 31 20 att
712 1114 118 21 bestämma
852 1114 52 22 hvar

80 1143 115 27 jernvägen
218 1142 52 22 skall
292 1143 33 27 gå,
348 1145 24 19 är
394 1143 110 27 vanskligt.
534 1143 49 22 Men
607 1144 36 20 det
664 1145 34 19 vet
714 1150 47 14 man
776 1143 127 21 åtminstone

83 1174 33 19 att
133 1172 24 27 ju
179 1178 58 15 mera
258 1174 30 19 ett
305 1172 49 21 land
368 1174 24 19 är
406 1172 111 27 kuperadt,
534 1173 59 21 desto
609 1174 67 19 större
691 1172 130 26 svårigheter
835 1174 22 19 te
872 1172 31 26 sig

83 1200 33 22 för
136 1201 123 27 jernvägars
281 1200 109 28 byggande
413 1202 39 20 och
474 1201 54 21 hvad
551 1202 108 20 trakterna
677 1201 51 21 eller
743 1201 124 21 stränderna
883 1200 22 22 af

83 1229 104 27 Näsijärvi
210 1229 107 26 beträffar,
340 1232 37 19 äro
401 1230 25 21 de
450 1230 54 22 både
525 1232 56 19 öster
597 1230 37 21 och
651 1232 69 19 vester
733 1236 32 14 om
782 1230 121 21 densamma

84 1259 83 26 mycket
188 1259 115 26 kuperade,
326 1265 47 14 men
397 1258 59 26 dock,
480 1259 68 21 såsom
571 1259 67 26 sagdt,
655 1258 53 22 efter
726 1259 42 20 min
784 1258 119 21 kännedom

84 1293 57 15 mera
164 1288 27 26 på
215 1288 40 20 den
277 1289 70 19 vestra
368 1287 66 21 sidan.
464 1288 30 20 På
516 1289 56 19 östra
587 1288 58 20 sidan
662 1288 38 20 har
715 1287 64 21 redan
796 1287 107 21 dessutom

83 1315 58 21 skett
163 1315 160 22 instrumentala
345 1315 181 28 undersökningar
547 1316 39 21 och
607 1316 26 20 då
646 1315 205 27 jernvägsutskottet
865 1315 39 21 har

83 1344 108 26 föreslagit
206 1344 147 26 sträckningen
368 1344 47 21 från
430 1344 140 22 Tammerfors
585 1346 75 19 norrut
675 1344 99 27 antingen
785 1345 57 20 öster
853 1344 51 20 eller

84 1374 70 20 vester
169 1379 33 14 om
218 1372 109 26 Näsijärvi,
343 1372 97 21 förordar
452 1373 36 26 jag
504 1374 40 20 den
559 1379 74 15 senare
649 1373 154 26 sträckningen,
817 1372 86 21 emedan

85 1400 37 22 der
137 1403 36 19 äro
190 1401 81 27 mycket
286 1400 80 22 mindre
382 1400 74 22 hinder
471 1404 31 18 att
518 1401 119 21 öfvervinna
653 1403 26 19 än
694 1401 27 27 på
737 1401 39 21 den
793 1402 74 20 vestra.

152 1457 76 20 Pastor
269 1457 129 21 Törnudd:
424 1457 74 21 Såsom
514 1458 35 20 det
564 1457 64 20 redan
644 1459 23 18 är
678 1457 22 20 af
708 1459 85 23 prosten
803 1456 100 21 Bäckvall

84 1485 87 28 yttradt,
195 1485 39 20 har
255 1486 36 20 det
307 1484 66 26 aldrig
388 1484 80 22 kunnat
483 1491 50 15 vara
546 1484 212 28 jernvägsutskottets
774 1484 82 26 mening
872 1486 31 19 att

84 1514 114 22 ständerna
213 1519 28 15 nu
257 1514 66 21 skulle
340 1512 102 23 definitivt
457 1513 116 22 bestämma
587 1513 32 26 sig
634 1512 32 22 för
681 1512 78 22 sådana
774 1513 73 25 banor,
857 1518 46 16 som
