1086 1834
219 136 42 20 714
440 138 160 18 Presteståndet
612 139 54 17 1877.
690 139 14 15 4
716 139 47 20 maj.

190 214 78 16 munen
283 208 54 22 skall
352 208 74 22 betala
441 208 42 20 alla
498 208 61 20 dessa
573 206 87 26 utgifter
675 208 25 19 är
714 206 100 26 orimligt.
839 206 40 26 Jag
889 206 64 26 yrkar
964 206 46 21 der-

190 237 44 22 före
249 237 28 27 på
292 237 124 21 återremiss
430 236 32 21 till
478 236 104 21 utskottet
597 235 33 22 för
646 235 153 27 omredigering
814 235 7 21 i
837 234 58 22 detta
905 235 104 21 afseende.

258 294 154 28 Kyrkoherden
427 293 152 22 Stenbäck
589 300 37 14 var
636 292 145 22 förekommen
794 293 23 21 af
826 292 77 22 doktor
913 293 96 21 Andelin.

258 352 90 22 Prosten
370 352 169 26 Dahlberg:
563 351 163 27 Bestämningen
747 352 32 20 att
795 350 150 27 församlingen
956 350 54 22 skall

190 382 72 22 betala
282 381 119 22 kostnaden
423 380 32 22 för
477 380 134 22 lösdrifvares
629 380 157 21 hemsändande
801 382 24 18 är
839 380 72 21 införd
925 380 7 20 i
948 386 62 21 para-

189 410 73 28 grafen
283 410 34 22 för
339 412 33 20 att
394 409 150 27 församlingen
565 410 67 21 måtte
656 421 24 2 —
704 409 80 21 hvilket
803 408 47 22 icke
865 408 75 22 hittills
956 408 54 22 varit

189 440 60 21 fallet
271 452 27 3 —
322 439 23 21 sä
363 438 83 27 mycket
462 444 44 15 mer
522 444 50 15 vara
575 433 15 36 i
608 438 83 21 tillfälle
706 440 32 19 att
753 438 110 26 korrigera
879 437 129 22 lösdrifvare.

190 481 26 3 —
240 468 34 21 Då
296 468 36 21 det
353 469 7 20 i
383 469 24 19 41
429 467 11 28 8
456 467 22 21 af
492 467 101 26 förslaget
607 467 32 21 till
654 466 278 27 fattigvärdsförordningen
948 467 61 21 heter

190 497 53 25 »och
265 503 50 15 vare
338 495 106 22 arbetsför
466 496 81 26 tiggare
568 495 107 21 äfvensom
697 495 105 21 föräldrar
817 495 51 22 eller
883 495 89 21 vårdare
988 495 23 21 af

189 525 138 27 minderårigt
342 525 59 24 barn,
418 525 72 21 hvilka
505 524 65 27 enligt
592 525 6 26 $
614 524 26 21 38
656 530 62 15 mom.
735 525 12 20 5
763 525 31 26 sig
809 524 107 25 förbrutit,
931 524 77 21 under-

188 555 90 21 kastade
300 554 41 21 den
362 553 88 27 påföljd,
472 559 46 16 som
532 553 8 21 i
554 553 11 27 $
581 553 27 21 33
623 559 62 15 mom.
703 553 13 20 2
731 553 92 26 stadgas,
839 553 33 21 till
887 553 48 21 dess
950 553 58 21 hem-

189 583 233 26 sändningskostnaden
444 581 69 22 blifvit
534 582 22 21 af
570 582 47 21 dem
632 581 134 28 godtgjord",
781 581 40 22 och
837 582 26 21 då
878 582 82 21 således
975 588 33 15 ar-

188 612 81 22 betsför
292 612 81 26 tiggare
395 611 67 22 måste
477 611 48 21 med
540 611 37 21 sitt
591 611 73 21 arbete
680 611 93 21 afbetala
787 611 220 26 hemsändningskost-

188 641 77 26 naden,
280 643 24 18 är
319 641 36 21 det
370 640 64 21 också
449 640 57 21 klart
521 641 31 20 att
567 639 125 22 lösdrifvare
707 639 67 22 måste
789 641 53 25 göra
857 639 81 25 sådant,
954 643 54 18 samt

189 670 26 21 då
231 671 36 20 det
282 670 7 20 i
304 669 11 28 $
332 669 27 21 33
374 675 63 15 mom.
453 669 13 21 3
480 669 61 21 heter
556 669 55 24 ,,den
622 668 214 27 fattigvärdsstyrelse
848 669 160 21 tillkommande

188 699 155 21 husbonderätt
368 697 34 22 må
417 698 102 26 styrelsen
534 698 22 20 åt
571 703 69 16 annan
656 697 119 26 öfverläta*,
791 697 33 21 får
839 697 169 28 fattigvårdssty-

188 728 55 21 relse
265 727 95 21 utlemna
382 733 26 15 en
423 727 123 21 lösdrifvare
561 727 32 20 till
609 727 66 26 dräng
690 727 22 20 åt
727 727 70 26 någon
812 732 84 21 person,
911 733 46 15 som
972 727 36 22 vill

188 758 109 25 emottaga
312 756 84 21 honom.
423 756 69 25 Löper
507 755 138 22 lösdrifvaren
660 756 46 20 åter
722 755 47 21 från
783 755 98 26 tjensten,
897 755 23 22 så
931 757 24 19 är
967 755 41 22 den

188 785 118 26 husbonde,
329 791 45 14 som
396 785 60 25 tager
480 785 56 20 emot
559 784 84 26 honom,
665 783 98 22 förfallen
781 783 31 22 till
829 784 60 21 böter
903 785 47 20 från
966 785 41 20 500

187 813 33 22 till
237 813 62 26 1,000
314 812 66 22 mark.

256 871 90 21 Prosten
364 869 166 27 Grönberg:
560 870 44 21 För
619 870 40 21 den
675 870 106 26 händelse,
799 872 32 19 att
846 871 25 20 de
887 872 44 20 mot
946 877 61 20 para-

186 899 75 28 grafen
276 899 75 28 gjorda
365 898 190 28 anmärkningarna
570 899 63 21 vinna
648 899 141 26 erkännande,
805 899 68 21 skulle
883 899 37 28 jag
930 899 77 23 föreslå

186 929 33 21 till
242 928 208 27 kontraproposition
466 928 40 26 det,
522 929 31 20 att
569 928 25 21 de
610 930 75 20 tvenne
702 929 51 21 sista
768 929 90 21 raderna
873 929 67 21 skulle
956 930 51 26 utgå

187 958 39 22 och
249 958 6 20 i
277 958 62 21 deras
361 957 61 21 ställe
445 956 89 22 insättas
552 958 65 20 orden
633 957 70 25 ,hvad
719 957 135 21 härförinnan
870 958 57 26 öfligt
942 959 65 21 varit"

187 989 52 19 utan
255 988 31 20 att
302 987 117 21 bestämma
434 986 64 26 något
514 992 33 15 om
563 986 130 22 statsmedel.

255 1044 110 22 Professor
388 1044 101 21 Cleve:
520 1044 32 21 Då
574 1044 59 27 fråga
656 1043 69 22 blifvit
746 1044 63 22 väckt
832 1050 33 15 om
887 1044 119 22 återremiss

186 1074 33 21 till
242 1074 105 20 utskottet
369 1072 23 21 af
413 1073 69 21 denna
500 1072 104 28 paragraf,
619 1073 62 21 utber
694 1073 36 27 jag
745 1073 42 27 mig
802 1074 32 20 att
849 1073 22 21 få
885 1073 55 22 fästa
955 1080 50 21 upp-

186 1102 172 21 märksamheten
373 1101 72 27 derpå,
462 1103 32 19 att
508 1102 84 21 ståndet
604 1102 24 26 ju
643 1103 56 19 ännu
714 1102 46 21 icke
775 1102 80 21 känner
871 1102 54 21 hvad
938 1103 68 21 denna

186 1130 101 28 paragraf
308 1130 95 22 kommer
425 1132 33 19 att
479 1130 117 24 innehålla;
619 1132 22 25 ty
658 1130 66 22 sådan
739 1130 40 21 den
795 1137 28 15 nu
838 1132 24 20 är
877 1131 129 21 formulerad

186 1160 100 21 hänvisar
309 1160 40 21 den
372 1159 75 21 endast
469 1159 33 21 till
524 1159 150 27 förordningen
689 1159 109 28 angående
813 1159 107 22 allmänna
935 1160 71 27 fattig-

184 1188 80 22 vården
278 1189 7 21 i
300 1188 78 24 landet,
394 1188 55 21 hvad
464 1188 8 21 i
487 1188 122 22 densamma
623 1190 24 19 är
663 1194 33 16 om
712 1189 81 26 tiggare
808 1190 105 26 stadgadt.
944 1189 60 21 Stän-

187 1218 35 20 det
244 1219 36 19 vet
295 1217 24 27 ju
334 1217 87 21 alldeles
435 1217 47 21 icke
496 1216 55 22 hvad
566 1218 106 20 utskottet
686 1218 48 21 med
750 1217 98 22 afseende
864 1218 50 21 derå
929 1218 76 22 tänker

185 1246 85 22 föreslå.
300 1246 42 21 Det
364 1246 70 21 kunde
454 1246 24 26 ju
500 1246 76 26 hända,
599 1247 32 20 att
652 1246 111 26 utskottet,
786 1246 70 22 såsom
878 1247 7 21 i
899 1247 107 21 utskottet

186 1276 64 20 också
264 1275 107 27 verkligen
387 1275 55 21 varit
456 1274 60 28 fråga
532 1281 39 20 om,
587 1274 68 22 skulle
670 1275 83 27 föreslå,
769 1277 33 19 att
816 1276 7 20 i
837 1276 60 27 fråga
912 1276 93 21 varande

185 1304 92 21 kostnad
291 1304 68 21 skulle
374 1304 105 21 bestridas
494 1304 48 21 med
557 1304 129 24 statsmedel,
703 1304 67 22 ehuru
783 1304 36 27 jag
829 1305 55 21 dock
895 1304 47 22 icke
952 1307 52 24 tror,

185 1334 33 19 att
240 1333 24 21 så
284 1332 96 22 kommer
395 1334 32 19 att
442 1332 32 27 gå.
504 1333 41 21 Det
560 1338 61 22 synes
637 1332 81 22 således
733 1339 51 15 vara
798 1334 133 26 synnerligen
948 1334 57 21 svårt

184 1362 33 18 att
239 1367 29 14 nu
290 1361 156 20 återremittera
462 1361 127 25 paragrafen
603 1362 63 19 innan
681 1368 50 14 man
745 1364 36 19 vet
795 1362 56 21 hvad
867 1362 39 21 den
921 1362 83 21 förord-

184 1388 57 26 ning,
264 1388 33 21 till
317 1388 84 21 hvilken
417 1388 69 21 denna
500 1388 101 26 paragraf
614 1389 105 25 hänvisar,
733 1389 96 21 kommer
844 1391 33 20 att
891 1390 113 21 innehålla.

184 1415 50 21 Ifall
257 1417 122 20 densamma
401 1415 65 22 likväl
488 1416 55 21 skall
565 1417 173 25 återremitteras,
762 1417 66 22 måste
851 1418 40 21 den
914 1418 55 21 dock
984 1419 22 21 af

184 1445 85 20 ståndet
284 1444 124 22 formuleras
424 1444 128 27 fullkomligt
567 1445 119 21 oberoende
696 1444 23 22 af
727 1445 150 27 förordningen
889 1451 33 17 om
932 1446 72 27 fattig-

184 1473 86 22 vården.
300 1474 41 26 Jag
362 1473 68 22 skulle
450 1473 83 22 derföre
547 1473 85 27 föreslå,
648 1476 33 19 att
694 1474 127 27 paragrafen
835 1475 56 27 finge
905 1481 51 16 vara
970 1476 32 21 så-

184 1503 41 20 dan
241 1503 41 21 den
297 1505 24 19 är
337 1503 31 21 till
384 1503 47 21 dess
446 1509 50 15 man
510 1508 34 16 ser
559 1503 54 21 hvad
625 1503 40 21 den
675 1503 108 28 verkligen
794 1503 95 23 kommer
899 1506 33 20 att
943 1505 60 22 inne-

182 1531 64 27 hålla,
262 1531 19 22 d.
297 1539 18 14 v.
332 1538 16 15 s.
364 1534 32 19 att
411 1532 40 21 den
467 1532 67 22 skulle
549 1533 89 26 antagas
653 1533 112 21 eventuelt.
