<?xml version="1.0" encoding="UTF-8"?>
<alto xmlns="http://www.loc.gov/standards/alto/ns-v3#" xmlns:xlink="http://www.w3.org/1999/xlink" xmlns:xsi="http://www.w3.org/2001/XMLSchema-instance" xsi:schemaLocation="http://www.loc.gov/standards/alto/ns-v3# http://www.loc.gov/alto/v3/alto-3-0.xsd">
	<Description>
		<MeasurementUnit>pixel</MeasurementUnit>
		<sourceImageInformation>
			<fileName>/tmp/tess_h4ywmhm8_input.PNG</fileName>
		</sourceImageInformation>
		<OCRProcessing ID="OCR_0">
			<ocrProcessingStep>
				<processingSoftware>
					<softwareName>tesseract 5.3.4</softwareName>
				</processingSoftware>
			</ocrProcessingStep>
		</OCRProcessing>
	</Description>
	<Layout>
		<Page WIDTH="1098" HEIGHT="1811" PHYSICAL_IMG_NR="0" ID="page_0">
			<PrintSpace HPOS="0" VPOS="0" WIDTH="1098" HEIGHT="1811">
				<ComposedBlock ID="cblock_0" HPOS="221" VPOS="119" WIDTH="547" HEIGHT="25">
					<TextBlock ID="block_0" HPOS="221" VPOS="119" WIDTH="547" HEIGHT="25">
						<TextLine ID="line_0" HPOS="221" VPOS="119" WIDTH="547" HEIGHT="25">
							<String ID="string_0" HPOS="221" VPOS="119" WIDTH="55" HEIGHT="21" WC="0.96" CONTENT="1044"/><SP WIDTH="158" VPOS="119" HPOS="276"/>
							<String ID="string_1" HPOS="434" VPOS="123" WIDTH="159" HEIGHT="18" WC="0.91" CONTENT="Presteståndet"/><SP WIDTH="12" VPOS="123" HPOS="593"/>
							<String ID="string_2" HPOS="605" VPOS="124" WIDTH="54" HEIGHT="17" WC="0.96" CONTENT="1877."/><SP WIDTH="24" VPOS="124" HPOS="659"/>
							<String ID="string_3" HPOS="683" VPOS="124" WIDTH="26" HEIGHT="16" WC="0.95" CONTENT="29"/><SP WIDTH="12" VPOS="124" HPOS="709"/>
							<String ID="string_4" HPOS="721" VPOS="123" WIDTH="47" HEIGHT="21" WC="0.96" CONTENT="maj."/>
						</TextLine>
					</TextBlock>
				</ComposedBlock>
				<GraphicalElement ID="cblock_1" HPOS="197" VPOS="153" WIDTH="816" HEIGHT="3"></GraphicalElement >
				<ComposedBlock ID="cblock_2" HPOS="190" VPOS="191" WIDTH="821" HEIGHT="56">
					<TextBlock ID="block_1" HPOS="190" VPOS="191" WIDTH="821" HEIGHT="56">
						<TextLine ID="line_1" HPOS="260" VPOS="191" WIDTH="751" HEIGHT="27">
							<String ID="string_5" HPOS="260" VPOS="193" WIDTH="88" HEIGHT="20" WC="0.89" CONTENT="Ståndet"/><SP WIDTH="23" VPOS="193" HPOS="348"/>
							<String ID="string_6" HPOS="371" VPOS="192" WIDTH="32" HEIGHT="21" WC="0.95" CONTENT="till"/><SP WIDTH="15" VPOS="192" HPOS="403"/>
							<String ID="string_7" HPOS="418" VPOS="192" WIDTH="119" HEIGHT="21" WC="0.95" CONTENT="kännedom"/><SP WIDTH="16" VPOS="192" HPOS="537"/>
							<String ID="string_8" HPOS="553" VPOS="192" WIDTH="134" HEIGHT="21" WC="0.96" CONTENT="meddelades"/><SP WIDTH="15" VPOS="192" HPOS="687"/>
							<String ID="string_9" HPOS="702" VPOS="191" WIDTH="92" HEIGHT="27" WC="0.96" CONTENT="följande"/><SP WIDTH="15" VPOS="191" HPOS="794"/>
							<String ID="string_10" HPOS="809" VPOS="191" WIDTH="31" HEIGHT="21" WC="0.95" CONTENT="till"/><SP WIDTH="18" VPOS="191" HPOS="840"/>
							<String ID="string_11" HPOS="858" VPOS="192" WIDTH="47" HEIGHT="21" WC="0.96" CONTENT="dess"/><SP WIDTH="16" VPOS="192" HPOS="905"/>
							<String ID="string_12" HPOS="921" VPOS="191" WIDTH="90" HEIGHT="21" WC="0.95" CONTENT="diarium"/>
						</TextLine>
						<TextLine ID="line_2" HPOS="190" VPOS="219" WIDTH="703" HEIGHT="28">
							<String ID="string_13" HPOS="190" VPOS="221" WIDTH="46" HEIGHT="22" WC="0.96" CONTENT="från"/><SP WIDTH="20" VPOS="221" HPOS="236"/>
							<String ID="string_14" HPOS="256" VPOS="221" WIDTH="132" HEIGHT="21" WC="0.96" CONTENT="hedervärda"/><SP WIDTH="15" VPOS="221" HPOS="388"/>
							<String ID="string_15" HPOS="403" VPOS="221" WIDTH="156" HEIGHT="20" WC="0.96" CONTENT="bondeståndet"/><SP WIDTH="15" VPOS="221" HPOS="559"/>
							<String ID="string_16" HPOS="574" VPOS="221" WIDTH="100" HEIGHT="20" WC="0.93" CONTENT="inkomna"/><SP WIDTH="14" VPOS="221" HPOS="674"/>
							<String ID="string_17" HPOS="688" VPOS="219" WIDTH="205" HEIGHT="28" WC="0.90" CONTENT="protokollsutdrag:"/>
						</TextLine>
					</TextBlock>
				</ComposedBlock>
				<ComposedBlock ID="cblock_3" HPOS="189" VPOS="283" WIDTH="823" HEIGHT="343">
					<TextBlock ID="block_2" HPOS="189" VPOS="283" WIDTH="823" HEIGHT="343">
						<TextLine ID="line_3" HPOS="259" VPOS="283" WIDTH="753" HEIGHT="25">
							<String ID="string_18" HPOS="259" VPOS="283" WIDTH="29" HEIGHT="21" WC="0.95" CONTENT="Af"/><SP WIDTH="22" VPOS="283" HPOS="288"/>
							<String ID="string_19" HPOS="310" VPOS="284" WIDTH="40" HEIGHT="20" WC="0.96" CONTENT="den"/><SP WIDTH="23" VPOS="284" HPOS="350"/>
							<String ID="string_20" HPOS="373" VPOS="283" WIDTH="27" HEIGHT="21" WC="0.96" CONTENT="26"/><SP WIDTH="22" VPOS="283" HPOS="400"/>
							<String ID="string_21" HPOS="422" VPOS="283" WIDTH="7" HEIGHT="20" WC="0.96" CONTENT="i"/><SP WIDTH="21" VPOS="283" HPOS="429"/>
							<String ID="string_22" HPOS="450" VPOS="283" WIDTH="67" HEIGHT="21" WC="0.96" CONTENT="denne"/><SP WIDTH="16" VPOS="283" HPOS="517"/>
							<String ID="string_23" HPOS="533" VPOS="283" WIDTH="76" HEIGHT="21" WC="0.96" CONTENT="månad"/><SP WIDTH="16" VPOS="283" HPOS="609"/>
							<String ID="string_24" HPOS="625" VPOS="283" WIDTH="48" HEIGHT="21" WC="0.96" CONTENT="med"/><SP WIDTH="15" VPOS="283" HPOS="673"/>
							<String ID="string_25" HPOS="688" VPOS="283" WIDTH="162" HEIGHT="25" WC="0.95" CONTENT="underrättelse,"/><SP WIDTH="16" VPOS="283" HPOS="850"/>
							<String ID="string_26" HPOS="866" VPOS="285" WIDTH="33" HEIGHT="19" WC="0.93" CONTENT="att"/><SP WIDTH="14" VPOS="285" HPOS="899"/>
							<String ID="string_27" HPOS="913" VPOS="283" WIDTH="99" HEIGHT="21" WC="0.91" CONTENT="bemälda"/>
						</TextLine>
						<TextLine ID="line_4" HPOS="191" VPOS="311" WIDTH="820" HEIGHT="27">
							<String ID="string_28" HPOS="191" VPOS="312" WIDTH="62" HEIGHT="21" WC="0.96" CONTENT="stånd"/><SP WIDTH="15" VPOS="312" HPOS="253"/>
							<String ID="string_29" HPOS="268" VPOS="312" WIDTH="22" HEIGHT="26" WC="0.96" CONTENT="a)"/><SP WIDTH="16" VPOS="312" HPOS="290"/>
							<String ID="string_30" HPOS="306" VPOS="312" WIDTH="116" HEIGHT="25" WC="0.96" CONTENT="berättigat"/><SP WIDTH="15" VPOS="312" HPOS="422"/>
							<String ID="string_31" HPOS="437" VPOS="312" WIDTH="25" HEIGHT="20" WC="0.96" CONTENT="de"/><SP WIDTH="17" VPOS="312" HPOS="462"/>
							<String ID="string_32" HPOS="479" VPOS="312" WIDTH="33" HEIGHT="21" WC="0.96" CONTENT="vid"/><SP WIDTH="16" VPOS="312" HPOS="512"/>
							<String ID="string_33" HPOS="528" VPOS="312" WIDTH="69" HEIGHT="20" WC="0.93" CONTENT="denna"/><SP WIDTH="15" VPOS="312" HPOS="597"/>
							<String ID="string_34" HPOS="612" VPOS="311" WIDTH="102" HEIGHT="26" WC="0.91" CONTENT="landtdag"/><SP WIDTH="15" VPOS="311" HPOS="714"/>
							<String ID="string_35" HPOS="729" VPOS="312" WIDTH="90" HEIGHT="21" WC="0.93" CONTENT="tillsatta"/><SP WIDTH="13" VPOS="312" HPOS="819"/>
							<String ID="string_36" HPOS="832" VPOS="311" WIDTH="125" HEIGHT="27" WC="0.91" CONTENT="justerings-"/><SP WIDTH="15" VPOS="311" HPOS="957"/>
							<String ID="string_37" HPOS="972" VPOS="313" WIDTH="39" HEIGHT="20" WC="0.96" CONTENT="och"/>
						</TextLine>
						<TextLine ID="line_5" HPOS="190" VPOS="340" WIDTH="819" HEIGHT="28">
							<String ID="string_38" HPOS="190" VPOS="340" WIDTH="240" HEIGHT="28" WC="0.92" CONTENT="expeditionsutskotten"/><SP WIDTH="17" VPOS="340" HPOS="430"/>
							<String ID="string_39" HPOS="447" VPOS="342" WIDTH="33" HEIGHT="20" WC="0.96" CONTENT="att"/><SP WIDTH="15" VPOS="342" HPOS="480"/>
							<String ID="string_40" HPOS="495" VPOS="340" WIDTH="33" HEIGHT="22" WC="0.93" CONTENT="för"/><SP WIDTH="16" VPOS="340" HPOS="528"/>
							<String ID="string_41" HPOS="544" VPOS="340" WIDTH="153" HEIGHT="26" WC="0.92" CONTENT="expedierande"/><SP WIDTH="15" VPOS="340" HPOS="697"/>
							<String ID="string_42" HPOS="712" VPOS="340" WIDTH="23" HEIGHT="21" WC="0.96" CONTENT="af"/><SP WIDTH="13" VPOS="340" HPOS="735"/>
							<String ID="string_43" HPOS="748" VPOS="340" WIDTH="99" HEIGHT="27" WC="0.96" CONTENT="ärenden,"/><SP WIDTH="16" VPOS="340" HPOS="847"/>
							<String ID="string_44" HPOS="863" VPOS="340" WIDTH="72" HEIGHT="22" WC="0.96" CONTENT="hvilka"/><SP WIDTH="12" VPOS="340" HPOS="935"/>
							<String ID="string_45" HPOS="947" VPOS="340" WIDTH="40" HEIGHT="21" WC="0.96" CONTENT="den"/><SP WIDTH="12" VPOS="340" HPOS="987"/>
							<String ID="string_46" HPOS="999" VPOS="342" WIDTH="10" HEIGHT="20" WC="0.96" CONTENT="1"/>
						</TextLine>
						<TextLine ID="line_6" HPOS="189" VPOS="368" WIDTH="822" HEIGHT="28">
							<String ID="string_47" HPOS="189" VPOS="370" WIDTH="142" HEIGHT="21" WC="0.91" CONTENT="instundande"/><SP WIDTH="13" VPOS="370" HPOS="331"/>
							<String ID="string_48" HPOS="344" VPOS="370" WIDTH="46" HEIGHT="26" WC="0.93" CONTENT="juni"/><SP WIDTH="16" VPOS="370" HPOS="390"/>
							<String ID="string_49" HPOS="406" VPOS="369" WIDTH="103" HEIGHT="22" WC="0.92" CONTENT="befunnos"/><SP WIDTH="15" VPOS="369" HPOS="509"/>
							<String ID="string_50" HPOS="524" VPOS="369" WIDTH="22" HEIGHT="21" WC="0.96" CONTENT="af"/><SP WIDTH="14" VPOS="369" HPOS="546"/>
							<String ID="string_51" HPOS="560" VPOS="370" WIDTH="115" HEIGHT="20" WC="0.96" CONTENT="ständerna"/><SP WIDTH="14" VPOS="370" HPOS="675"/>
							<String ID="string_52" HPOS="689" VPOS="368" WIDTH="48" HEIGHT="22" WC="0.95" CONTENT="fullt"/><SP WIDTH="16" VPOS="368" HPOS="737"/>
							<String ID="string_53" HPOS="753" VPOS="369" WIDTH="100" HEIGHT="27" WC="0.93" CONTENT="beredda,"/><SP WIDTH="14" VPOS="369" HPOS="853"/>
							<String ID="string_54" HPOS="867" VPOS="370" WIDTH="78" HEIGHT="25" WC="0.92" CONTENT="jemväl"/><SP WIDTH="13" VPOS="370" HPOS="945"/>
							<String ID="string_55" HPOS="958" VPOS="370" WIDTH="53" HEIGHT="20" WC="0.96" CONTENT="efter"/>
						</TextLine>
						<TextLine ID="line_7" HPOS="190" VPOS="398" WIDTH="822" HEIGHT="26">
							<String ID="string_56" HPOS="190" VPOS="399" WIDTH="68" HEIGHT="25" WC="0.96" CONTENT="sagda"/><SP WIDTH="22" VPOS="399" HPOS="258"/>
							<String ID="string_57" HPOS="280" VPOS="398" WIDTH="30" HEIGHT="21" WC="0.95" CONTENT="tid"/><SP WIDTH="24" VPOS="398" HPOS="310"/>
							<String ID="string_58" HPOS="334" VPOS="398" WIDTH="99" HEIGHT="21" WC="0.96" CONTENT="fortsätta"/><SP WIDTH="23" VPOS="398" HPOS="433"/>
							<String ID="string_59" HPOS="456" VPOS="398" WIDTH="31" HEIGHT="21" WC="0.96" CONTENT="sin"/><SP WIDTH="23" VPOS="398" HPOS="487"/>
							<String ID="string_60" HPOS="510" VPOS="398" WIDTH="135" HEIGHT="21" WC="0.96" CONTENT="verksamhet"/><SP WIDTH="16" VPOS="398" HPOS="645"/>
							<String ID="string_61" HPOS="661" VPOS="400" WIDTH="54" HEIGHT="19" WC="0.96" CONTENT="samt"/><SP WIDTH="15" VPOS="400" HPOS="715"/>
							<String ID="string_62" HPOS="730" VPOS="398" WIDTH="6" HEIGHT="20" WC="0.96" CONTENT="i"/><SP WIDTH="16" VPOS="398" HPOS="736"/>
							<String ID="string_63" HPOS="752" VPOS="398" WIDTH="76" HEIGHT="21" WC="0.96" CONTENT="sådant"/><SP WIDTH="15" VPOS="398" HPOS="828"/>
							<String ID="string_64" HPOS="843" VPOS="398" WIDTH="100" HEIGHT="21" WC="0.96" CONTENT="afseende"/><SP WIDTH="16" VPOS="398" HPOS="943"/>
							<String ID="string_65" HPOS="959" VPOS="398" WIDTH="53" HEIGHT="21" WC="0.95" CONTENT="efter"/>
						</TextLine>
						<TextLine ID="line_8" HPOS="190" VPOS="426" WIDTH="820" HEIGHT="27">
							<String ID="string_66" HPOS="190" VPOS="427" WIDTH="64" HEIGHT="21" WC="0.93" CONTENT="behof"/><SP WIDTH="23" VPOS="427" HPOS="254"/>
							<String ID="string_67" HPOS="277" VPOS="429" WIDTH="131" HEIGHT="24" WC="0.93" CONTENT="gemensamt"/><SP WIDTH="26" VPOS="429" HPOS="408"/>
							<String ID="string_68" HPOS="434" VPOS="426" WIDTH="121" HEIGHT="27" WC="0.85" CONTENT="öfverlägga"/><SP WIDTH="22" VPOS="426" HPOS="555"/>
							<String ID="string_69" HPOS="577" VPOS="427" WIDTH="40" HEIGHT="21" WC="0.96" CONTENT="och"/><SP WIDTH="22" VPOS="427" HPOS="617"/>
							<String ID="string_70" HPOS="639" VPOS="427" WIDTH="49" HEIGHT="21" WC="0.96" CONTENT="med"/><SP WIDTH="22" VPOS="427" HPOS="688"/>
							<String ID="string_71" HPOS="710" VPOS="427" WIDTH="125" HEIGHT="21" WC="0.96" CONTENT="ständernas"/><SP WIDTH="22" VPOS="427" HPOS="835"/>
							<String ID="string_72" HPOS="857" VPOS="429" WIDTH="44" HEIGHT="19" WC="0.96" CONTENT="rätt"/><SP WIDTH="20" VPOS="429" HPOS="901"/>
							<String ID="string_73" HPOS="921" VPOS="427" WIDTH="89" HEIGHT="26" WC="0.95" CONTENT="besluta,"/>
						</TextLine>
						<TextLine ID="line_9" HPOS="191" VPOS="455" WIDTH="820" HEIGHT="26">
							<String ID="string_74" HPOS="191" VPOS="456" WIDTH="107" HEIGHT="21" WC="0.96" CONTENT="äfvensom"/><SP WIDTH="16" VPOS="456" HPOS="298"/>
							<String ID="string_75" HPOS="314" VPOS="458" WIDTH="32" HEIGHT="18" WC="0.96" CONTENT="att"/><SP WIDTH="16" VPOS="458" HPOS="346"/>
							<String ID="string_76" HPOS="362" VPOS="456" WIDTH="26" HEIGHT="20" WC="0.96" CONTENT="de"/><SP WIDTH="14" VPOS="456" HPOS="388"/>
							<String ID="string_77" HPOS="402" VPOS="456" WIDTH="137" HEIGHT="20" WC="0.93" CONTENT="medlemmar"/><SP WIDTH="16" VPOS="456" HPOS="539"/>
							<String ID="string_78" HPOS="555" VPOS="455" WIDTH="22" HEIGHT="21" WC="0.96" CONTENT="af"/><SP WIDTH="14" VPOS="455" HPOS="577"/>
							<String ID="string_79" HPOS="591" VPOS="456" WIDTH="91" HEIGHT="25" WC="0.96" CONTENT="ståndet,"/><SP WIDTH="16" VPOS="456" HPOS="682"/>
							<String ID="string_80" HPOS="698" VPOS="461" WIDTH="45" HEIGHT="15" WC="0.96" CONTENT="som"/><SP WIDTH="16" VPOS="461" HPOS="743"/>
							<String ID="string_81" HPOS="759" VPOS="455" WIDTH="23" HEIGHT="21" WC="0.96" CONTENT="af"/><SP WIDTH="9" VPOS="455" HPOS="782"/>
							<String ID="string_82" HPOS="791" VPOS="455" WIDTH="66" HEIGHT="21" WC="0.96" CONTENT="sådan"/><SP WIDTH="12" VPOS="455" HPOS="857"/>
							<String ID="string_83" HPOS="869" VPOS="456" WIDTH="62" HEIGHT="20" WC="0.96" CONTENT="orsak"/><SP WIDTH="13" VPOS="456" HPOS="931"/>
							<String ID="string_84" HPOS="944" VPOS="456" WIDTH="67" HEIGHT="20" WC="0.96" CONTENT="måste"/>
						</TextLine>
						<TextLine ID="line_10" HPOS="190" VPOS="484" WIDTH="821" HEIGHT="27">
							<String ID="string_85" HPOS="190" VPOS="484" WIDTH="7" HEIGHT="22" WC="0.96" CONTENT="i"/><SP WIDTH="15" VPOS="484" HPOS="197"/>
							<String ID="string_86" HPOS="212" VPOS="485" WIDTH="75" HEIGHT="21" WC="0.93" CONTENT="staden"/><SP WIDTH="16" VPOS="485" HPOS="287"/>
							<String ID="string_87" HPOS="303" VPOS="486" WIDTH="135" HEIGHT="25" WC="0.74" CONTENT="qvarstanna,"/><SP WIDTH="17" VPOS="486" HPOS="438"/>
							<String ID="string_88" HPOS="455" VPOS="484" WIDTH="68" HEIGHT="21" WC="0.96" CONTENT="skulle"/><SP WIDTH="16" VPOS="484" HPOS="523"/>
							<String ID="string_89" HPOS="539" VPOS="484" WIDTH="83" HEIGHT="26" WC="0.96" CONTENT="åtnjuta"/><SP WIDTH="16" VPOS="484" HPOS="622"/>
							<String ID="string_90" HPOS="638" VPOS="484" WIDTH="35" HEIGHT="21" WC="0.96" CONTENT="det"/><SP WIDTH="11" VPOS="484" HPOS="673"/>
							<String ID="string_91" HPOS="684" VPOS="484" WIDTH="23" HEIGHT="21" WC="0.96" CONTENT="af"/><SP WIDTH="8" VPOS="484" HPOS="707"/>
							<String ID="string_92" HPOS="715" VPOS="484" WIDTH="86" HEIGHT="21" WC="0.93" CONTENT="ståndet"/><SP WIDTH="10" VPOS="484" HPOS="801"/>
							<String ID="string_93" HPOS="811" VPOS="484" WIDTH="112" HEIGHT="21" WC="0.91" CONTENT="faststälda"/><SP WIDTH="11" VPOS="484" HPOS="923"/>
							<String ID="string_94" HPOS="934" VPOS="484" WIDTH="77" HEIGHT="21" WC="0.96" CONTENT="arvode"/>
						</TextLine>
						<TextLine ID="line_11" HPOS="190" VPOS="512" WIDTH="822" HEIGHT="27">
							<String ID="string_95" HPOS="190" VPOS="513" WIDTH="23" HEIGHT="21" WC="0.96" CONTENT="af"/><SP WIDTH="21" VPOS="513" HPOS="213"/>
							<String ID="string_96" HPOS="234" VPOS="514" WIDTH="24" HEIGHT="20" WC="0.96" CONTENT="16"/><SP WIDTH="23" VPOS="514" HPOS="258"/>
							<String ID="string_97" HPOS="281" VPOS="513" WIDTH="61" HEIGHT="21" WC="0.96" CONTENT="mark"/><SP WIDTH="22" VPOS="513" HPOS="342"/>
							<String ID="string_98" HPOS="364" VPOS="519" WIDTH="38" HEIGHT="20" WC="0.96" CONTENT="per"/><SP WIDTH="23" VPOS="519" HPOS="402"/>
							<String ID="string_99" HPOS="425" VPOS="513" WIDTH="47" HEIGHT="26" WC="0.96" CONTENT="dag,"/><SP WIDTH="23" VPOS="513" HPOS="472"/>
							<String ID="string_100" HPOS="495" VPOS="513" WIDTH="22" HEIGHT="26" WC="0.96" CONTENT="b)"/><SP WIDTH="21" VPOS="513" HPOS="517"/>
							<String ID="string_101" HPOS="538" VPOS="513" WIDTH="34" HEIGHT="21" WC="0.96" CONTENT="vid"/><SP WIDTH="16" VPOS="513" HPOS="572"/>
							<String ID="string_102" HPOS="588" VPOS="512" WIDTH="127" HEIGHT="27" WC="0.96" CONTENT="behandling"/><SP WIDTH="16" VPOS="512" HPOS="715"/>
							<String ID="string_103" HPOS="731" VPOS="513" WIDTH="22" HEIGHT="21" WC="0.93" CONTENT="af"/><SP WIDTH="14" VPOS="513" HPOS="753"/>
							<String ID="string_104" HPOS="767" VPOS="513" WIDTH="245" HEIGHT="21" WC="0.92" CONTENT="ständerhusutskottets"/>
						</TextLine>
						<TextLine ID="line_12" HPOS="192" VPOS="542" WIDTH="819" HEIGHT="26">
							<String ID="string_105" HPOS="192" VPOS="542" WIDTH="132" HEIGHT="21" WC="0.92" CONTENT="betänkande"/><SP WIDTH="23" VPOS="542" HPOS="324"/>
							<String ID="string_106" HPOS="347" VPOS="542" WIDTH="7" HEIGHT="20" WC="0.92" CONTENT="i"/><SP WIDTH="22" VPOS="542" HPOS="354"/>
							<String ID="string_107" HPOS="376" VPOS="542" WIDTH="74" HEIGHT="26" WC="0.91" CONTENT="frägan"/><SP WIDTH="26" VPOS="542" HPOS="450"/>
							<String ID="string_108" HPOS="476" VPOS="548" WIDTH="34" HEIGHT="14" WC="0.91" CONTENT="om"/><SP WIDTH="15" VPOS="548" HPOS="510"/>
							<String ID="string_109" HPOS="525" VPOS="542" WIDTH="132" HEIGHT="26" WC="0.91" CONTENT="uppförande"/><SP WIDTH="15" VPOS="542" HPOS="657"/>
							<String ID="string_110" HPOS="672" VPOS="542" WIDTH="23" HEIGHT="21" WC="0.96" CONTENT="af"/><SP WIDTH="14" VPOS="542" HPOS="695"/>
							<String ID="string_111" HPOS="709" VPOS="544" WIDTH="30" HEIGHT="18" WC="0.93" CONTENT="ett"/><SP WIDTH="16" VPOS="544" HPOS="739"/>
							<String ID="string_112" HPOS="755" VPOS="542" WIDTH="128" HEIGHT="20" WC="0.91" CONTENT="ständerhus"/><SP WIDTH="15" VPOS="542" HPOS="883"/>
							<String ID="string_113" HPOS="898" VPOS="542" WIDTH="49" HEIGHT="21" WC="0.93" CONTENT="med"/><SP WIDTH="14" VPOS="542" HPOS="947"/>
							<String ID="string_114" HPOS="961" VPOS="542" WIDTH="50" HEIGHT="26" WC="0.92" CONTENT="god-"/>
						</TextLine>
						<TextLine ID="line_13" HPOS="191" VPOS="570" WIDTH="820" HEIGHT="27">
							<String ID="string_115" HPOS="191" VPOS="570" WIDTH="111" HEIGHT="22" WC="0.92" CONTENT="kännande"/><SP WIDTH="24" VPOS="570" HPOS="302"/>
							<String ID="string_116" HPOS="326" VPOS="571" WIDTH="74" HEIGHT="21" WC="0.96" CONTENT="endast"/><SP WIDTH="20" VPOS="571" HPOS="400"/>
							<String ID="string_117" HPOS="420" VPOS="570" WIDTH="20" HEIGHT="21" WC="0.87" CONTENT="at"/><SP WIDTH="16" VPOS="570" HPOS="440"/>
							<String ID="string_118" HPOS="456" VPOS="571" WIDTH="13" HEIGHT="20" WC="0.96" CONTENT="6"/><SP WIDTH="16" VPOS="571" HPOS="469"/>
							<String ID="string_119" HPOS="485" VPOS="577" WIDTH="62" HEIGHT="15" WC="0.92" CONTENT="mom."/><SP WIDTH="17" VPOS="577" HPOS="547"/>
							<String ID="string_120" HPOS="564" VPOS="570" WIDTH="139" HEIGHT="22" WC="0.92" CONTENT="oförändradt"/><SP WIDTH="16" VPOS="570" HPOS="703"/>
							<String ID="string_121" HPOS="719" VPOS="570" WIDTH="33" HEIGHT="21" WC="0.96" CONTENT="för"/><SP WIDTH="16" VPOS="570" HPOS="752"/>
							<String ID="string_122" HPOS="768" VPOS="571" WIDTH="25" HEIGHT="20" WC="0.93" CONTENT="de"/><SP WIDTH="16" VPOS="571" HPOS="793"/>
							<String ID="string_123" HPOS="809" VPOS="571" WIDTH="68" HEIGHT="26" WC="0.93" CONTENT="öfriga"/><SP WIDTH="14" VPOS="571" HPOS="877"/>
							<String ID="string_124" HPOS="891" VPOS="573" WIDTH="120" HEIGHT="19" WC="0.92" CONTENT="momenten"/>
						</TextLine>
						<TextLine ID="line_14" HPOS="190" VPOS="599" WIDTH="518" HEIGHT="27">
							<String ID="string_125" HPOS="190" VPOS="599" WIDTH="109" HEIGHT="27" WC="0.93" CONTENT="föreslagit"/><SP WIDTH="14" VPOS="599" HPOS="299"/>
							<String ID="string_126" HPOS="313" VPOS="599" WIDTH="91" HEIGHT="27" WC="0.93" CONTENT="följande"/><SP WIDTH="16" VPOS="599" HPOS="404"/>
							<String ID="string_127" HPOS="420" VPOS="600" WIDTH="127" HEIGHT="20" WC="0.91" CONTENT="förändrade"/><SP WIDTH="16" VPOS="600" HPOS="547"/>
							<String ID="string_128" HPOS="563" VPOS="599" WIDTH="145" HEIGHT="27" WC="0.92" CONTENT="formulering:"/>
						</TextLine>
					</TextBlock>
				</ComposedBlock>
				<ComposedBlock ID="cblock_4" HPOS="188" VPOS="662" WIDTH="836" HEIGHT="861">
					<TextBlock ID="block_3" HPOS="188" VPOS="662" WIDTH="836" HEIGHT="861">
						<TextLine ID="line_15" HPOS="260" VPOS="662" WIDTH="751" HEIGHT="27">
							<String ID="string_129" HPOS="260" VPOS="663" WIDTH="28" HEIGHT="21" WC="0.96" CONTENT="Af"/><SP WIDTH="16" VPOS="663" HPOS="288"/>
							<String ID="string_130" HPOS="304" VPOS="664" WIDTH="9" HEIGHT="20" WC="0.94" CONTENT="1"/><SP WIDTH="17" VPOS="664" HPOS="313"/>
							<String ID="string_131" HPOS="330" VPOS="669" WIDTH="62" HEIGHT="15" WC="0.92" CONTENT="mom."/><SP WIDTH="18" VPOS="669" HPOS="392"/>
							<String ID="string_132" HPOS="410" VPOS="664" WIDTH="45" HEIGHT="23" WC="0.84" CONTENT=",att"/><SP WIDTH="15" VPOS="664" HPOS="455"/>
							<String ID="string_133" HPOS="470" VPOS="662" WIDTH="83" HEIGHT="21" WC="0.93" CONTENT="landets"/><SP WIDTH="18" VPOS="662" HPOS="553"/>
							<String ID="string_134" HPOS="571" VPOS="662" WIDTH="114" HEIGHT="27" WC="0.92" CONTENT="höglofliga"/><SP WIDTH="10" VPOS="662" HPOS="685"/>
							<String ID="string_135" HPOS="695" VPOS="663" WIDTH="92" HEIGHT="25" WC="0.96" CONTENT="ständer,"/><SP WIDTH="12" VPOS="663" HPOS="787"/>
							<String ID="string_136" HPOS="799" VPOS="663" WIDTH="72" HEIGHT="21" WC="0.96" CONTENT="hvilka"/><SP WIDTH="12" VPOS="663" HPOS="871"/>
							<String ID="string_137" HPOS="883" VPOS="663" WIDTH="46" HEIGHT="21" WC="0.96" CONTENT="icke"/><SP WIDTH="10" VPOS="663" HPOS="929"/>
							<String ID="string_138" HPOS="939" VPOS="663" WIDTH="72" HEIGHT="21" WC="0.96" CONTENT="kunna"/>
						</TextLine>
						<TextLine ID="line_16" HPOS="190" VPOS="691" WIDTH="820" HEIGHT="28">
							<String ID="string_139" HPOS="190" VPOS="691" WIDTH="112" HEIGHT="26" WC="0.88" CONTENT="godkänna"/><SP WIDTH="23" VPOS="691" HPOS="302"/>
							<String ID="string_140" HPOS="325" VPOS="692" WIDTH="39" HEIGHT="21" WC="0.93" CONTENT="och"/><SP WIDTH="23" VPOS="692" HPOS="364"/>
							<String ID="string_141" HPOS="387" VPOS="694" WIDTH="77" HEIGHT="25" WC="0.91" CONTENT="antaga"/><SP WIDTH="22" VPOS="694" HPOS="464"/>
							<String ID="string_142" HPOS="486" VPOS="692" WIDTH="24" HEIGHT="20" WC="0.90" CONTENT="de"/><SP WIDTH="22" VPOS="692" HPOS="510"/>
							<String ID="string_143" HPOS="532" VPOS="691" WIDTH="68" HEIGHT="22" WC="0.90" CONTENT="vilkor"/><SP WIDTH="15" VPOS="691" HPOS="600"/>
							<String ID="string_144" HPOS="615" VPOS="691" WIDTH="148" HEIGHT="28" WC="0.91" CONTENT="ridderskapet"/><SP WIDTH="14" VPOS="691" HPOS="763"/>
							<String ID="string_145" HPOS="777" VPOS="691" WIDTH="40" HEIGHT="22" WC="0.92" CONTENT="och"/><SP WIDTH="15" VPOS="691" HPOS="817"/>
							<String ID="string_146" HPOS="832" VPOS="692" WIDTH="62" HEIGHT="21" WC="0.92" CONTENT="adeln"/><SP WIDTH="16" VPOS="692" HPOS="894"/>
							<String ID="string_147" HPOS="910" VPOS="693" WIDTH="100" HEIGHT="26" WC="0.92" CONTENT="uppstält,"/>
						</TextLine>
						<TextLine ID="line_17" HPOS="192" VPOS="720" WIDTH="819" HEIGHT="25">
							<String ID="string_148" HPOS="192" VPOS="720" WIDTH="128" HEIGHT="22" WC="0.93" CONTENT="beträffande"/><SP WIDTH="23" VPOS="720" HPOS="320"/>
							<String ID="string_149" HPOS="343" VPOS="721" WIDTH="81" HEIGHT="20" WC="0.92" CONTENT="inlösen"/><SP WIDTH="24" VPOS="721" HPOS="424"/>
							<String ID="string_150" HPOS="448" VPOS="720" WIDTH="22" HEIGHT="21" WC="0.93" CONTENT="af"/><SP WIDTH="21" VPOS="720" HPOS="470"/>
							<String ID="string_151" HPOS="491" VPOS="721" WIDTH="141" HEIGHT="24" WC="0.92" CONTENT="riddarhuset,"/><SP WIDTH="21" VPOS="721" HPOS="632"/>
							<String ID="string_152" HPOS="653" VPOS="720" WIDTH="33" HEIGHT="21" WC="0.96" CONTENT="för"/><SP WIDTH="22" VPOS="720" HPOS="686"/>
							<String ID="string_153" HPOS="708" VPOS="721" WIDTH="32" HEIGHT="20" WC="0.96" CONTENT="sin"/><SP WIDTH="23" VPOS="721" HPOS="740"/>
							<String ID="string_154" HPOS="763" VPOS="721" WIDTH="33" HEIGHT="20" WC="0.96" CONTENT="del"/><SP WIDTH="20" VPOS="721" HPOS="796"/>
							<String ID="string_155" HPOS="816" VPOS="721" WIDTH="48" HEIGHT="20" WC="0.93" CONTENT="ville"/><SP WIDTH="16" VPOS="721" HPOS="864"/>
							<String ID="string_156" HPOS="880" VPOS="721" WIDTH="84" HEIGHT="20" WC="0.92" CONTENT="besluta"/><SP WIDTH="15" VPOS="721" HPOS="964"/>
							<String ID="string_157" HPOS="979" VPOS="723" WIDTH="32" HEIGHT="19" WC="0.96" CONTENT="att"/>
						</TextLine>
						<TextLine ID="line_18" HPOS="190" VPOS="749" WIDTH="821" HEIGHT="27">
							<String ID="string_158" HPOS="190" VPOS="749" WIDTH="129" HEIGHT="22" WC="0.32" CONTENT="öfverlemna"/><SP WIDTH="15" VPOS="749" HPOS="319"/>
							<String ID="string_159" HPOS="334" VPOS="749" WIDTH="74" HEIGHT="27" WC="0.96" CONTENT="frågan"/><SP WIDTH="16" VPOS="749" HPOS="408"/>
							<String ID="string_160" HPOS="424" VPOS="756" WIDTH="35" HEIGHT="15" WC="0.91" CONTENT="om"/><SP WIDTH="19" VPOS="756" HPOS="459"/>
							<String ID="string_161" HPOS="478" VPOS="749" WIDTH="135" HEIGHT="22" WC="0.91" CONTENT="anskaffande"/><SP WIDTH="17" VPOS="749" HPOS="613"/>
							<String ID="string_162" HPOS="630" VPOS="749" WIDTH="39" HEIGHT="21" WC="0.93" CONTENT="och"/><SP WIDTH="15" VPOS="749" HPOS="669"/>
							<String ID="string_163" HPOS="684" VPOS="749" WIDTH="120" HEIGHT="27" WC="0.92" CONTENT="inköpande"/><SP WIDTH="15" VPOS="749" HPOS="804"/>
							<String ID="string_164" HPOS="819" VPOS="749" WIDTH="23" HEIGHT="21" WC="0.96" CONTENT="af"/><SP WIDTH="13" VPOS="749" HPOS="842"/>
							<String ID="string_165" HPOS="855" VPOS="750" WIDTH="86" HEIGHT="26" WC="0.93" CONTENT="lämplig"/><SP WIDTH="16" VPOS="750" HPOS="941"/>
							<String ID="string_166" HPOS="957" VPOS="752" WIDTH="54" HEIGHT="19" WC="0.96" CONTENT="tomt"/>
						</TextLine>
						<TextLine ID="line_19" HPOS="190" VPOS="778" WIDTH="834" HEIGHT="27">
							<String ID="string_167" HPOS="190" VPOS="778" WIDTH="32" HEIGHT="21" WC="0.92" CONTENT="för"/><SP WIDTH="21" VPOS="778" HPOS="222"/>
							<String ID="string_168" HPOS="243" VPOS="778" WIDTH="131" HEIGHT="27" WC="0.96" CONTENT="uppförande"/><SP WIDTH="16" VPOS="778" HPOS="374"/>
							<String ID="string_169" HPOS="390" VPOS="778" WIDTH="22" HEIGHT="21" WC="0.96" CONTENT="af"/><SP WIDTH="15" VPOS="778" HPOS="412"/>
							<String ID="string_170" HPOS="427" VPOS="781" WIDTH="31" HEIGHT="18" WC="0.93" CONTENT="ett"/><SP WIDTH="15" VPOS="781" HPOS="458"/>
							<String ID="string_171" HPOS="473" VPOS="779" WIDTH="132" HEIGHT="25" WC="0.91" CONTENT="ständerhus,"/><SP WIDTH="16" VPOS="779" HPOS="605"/>
							<String ID="string_172" HPOS="621" VPOS="778" WIDTH="86" HEIGHT="21" WC="0.79" CONTENT="ämnadt"/><SP WIDTH="15" VPOS="778" HPOS="707"/>
							<String ID="string_173" HPOS="722" VPOS="778" WIDTH="33" HEIGHT="21" WC="0.96" CONTENT="för"/><SP WIDTH="16" VPOS="778" HPOS="755"/>
							<String ID="string_174" HPOS="771" VPOS="779" WIDTH="24" HEIGHT="20" WC="0.96" CONTENT="de"/><SP WIDTH="17" VPOS="779" HPOS="795"/>
							<String ID="string_175" HPOS="812" VPOS="780" WIDTH="31" HEIGHT="19" WC="0.93" CONTENT="tre"/><SP WIDTH="17" VPOS="780" HPOS="843"/>
							<String ID="string_176" HPOS="860" VPOS="779" WIDTH="76" HEIGHT="20" WC="0.93" CONTENT="ofrälse"/><SP WIDTH="16" VPOS="779" HPOS="936"/>
							<String ID="string_177" HPOS="952" VPOS="779" WIDTH="72" HEIGHT="20" WC="0.78" CONTENT="stän-&#39;"/>
						</TextLine>
						<TextLine ID="line_20" HPOS="191" VPOS="807" WIDTH="820" HEIGHT="28">
							<String ID="string_178" HPOS="191" VPOS="807" WIDTH="51" HEIGHT="21" WC="0.91" CONTENT="dens"/><SP WIDTH="16" VPOS="807" HPOS="242"/>
							<String ID="string_179" HPOS="258" VPOS="807" WIDTH="69" HEIGHT="28" WC="0.92" CONTENT="behof,"/><SP WIDTH="15" VPOS="807" HPOS="327"/>
							<String ID="string_180" HPOS="342" VPOS="807" WIDTH="23" HEIGHT="22" WC="0.96" CONTENT="ät"/><SP WIDTH="15" VPOS="807" HPOS="365"/>
							<String ID="string_181" HPOS="380" VPOS="813" WIDTH="25" HEIGHT="14" WC="0.93" CONTENT="en"/><SP WIDTH="17" VPOS="813" HPOS="405"/>
							<String ID="string_182" HPOS="422" VPOS="807" WIDTH="54" HEIGHT="21" WC="0.93" CONTENT="skild"/><SP WIDTH="16" VPOS="807" HPOS="476"/>
							<String ID="string_183" HPOS="492" VPOS="807" WIDTH="125" HEIGHT="21" WC="0.92" CONTENT="ständernas"/><SP WIDTH="16" VPOS="807" HPOS="617"/>
							<String ID="string_184" HPOS="633" VPOS="807" WIDTH="126" HEIGHT="26" WC="0.93" CONTENT="delegation,"/><SP WIDTH="16" VPOS="807" HPOS="759"/>
							<String ID="string_185" HPOS="775" VPOS="807" WIDTH="84" HEIGHT="21" WC="0.92" CONTENT="hvilken"/><SP WIDTH="16" VPOS="807" HPOS="859"/>
							<String ID="string_186" HPOS="875" VPOS="807" WIDTH="67" HEIGHT="22" WC="0.96" CONTENT="borde"/><SP WIDTH="16" VPOS="807" HPOS="942"/>
							<String ID="string_187" HPOS="958" VPOS="807" WIDTH="53" HEIGHT="22" WC="0.96" CONTENT="efter"/>
						</TextLine>
						<TextLine ID="line_21" HPOS="190" VPOS="835" WIDTH="821" HEIGHT="27">
							<String ID="string_188" HPOS="190" VPOS="836" WIDTH="83" HEIGHT="21" WC="0.89" CONTENT="anstäld"/><SP WIDTH="16" VPOS="836" HPOS="273"/>
							<String ID="string_189" HPOS="289" VPOS="836" WIDTH="158" HEIGHT="26" WC="0.93" CONTENT="undersökning"/><SP WIDTH="16" VPOS="836" HPOS="447"/>
							<String ID="string_190" HPOS="463" VPOS="835" WIDTH="174" HEIGHT="22" WC="0.95" CONTENT="nästkommande"/><SP WIDTH="17" VPOS="835" HPOS="637"/>
							<String ID="string_191" HPOS="654" VPOS="835" WIDTH="55" HEIGHT="26" WC="0.96" CONTENT="höst,"/><SP WIDTH="17" VPOS="835" HPOS="709"/>
							<String ID="string_192" HPOS="726" VPOS="836" WIDTH="27" HEIGHT="21" WC="0.96" CONTENT="då"/><SP WIDTH="15" VPOS="836" HPOS="753"/>
							<String ID="string_193" HPOS="768" VPOS="836" WIDTH="125" HEIGHT="21" WC="0.92" CONTENT="ständernas"/><SP WIDTH="10" VPOS="836" HPOS="893"/>
							<String ID="string_194" HPOS="903" VPOS="837" WIDTH="108" HEIGHT="20" WC="0.91" CONTENT="verksam-"/>
						</TextLine>
						<TextLine ID="line_22" HPOS="192" VPOS="864" WIDTH="817" HEIGHT="27">
							<String ID="string_195" HPOS="192" VPOS="865" WIDTH="36" HEIGHT="20" WC="0.96" CONTENT="het"/><SP WIDTH="23" VPOS="865" HPOS="228"/>
							<String ID="string_196" HPOS="251" VPOS="864" WIDTH="46" HEIGHT="22" WC="0.92" CONTENT="åter"/><SP WIDTH="21" VPOS="864" HPOS="297"/>
							<String ID="string_197" HPOS="318" VPOS="865" WIDTH="102" HEIGHT="26" WC="0.92" CONTENT="vidtager,"/><SP WIDTH="22" VPOS="865" HPOS="420"/>
							<String ID="string_198" HPOS="442" VPOS="865" WIDTH="31" HEIGHT="20" WC="0.96" CONTENT="till"/><SP WIDTH="17" VPOS="865" HPOS="473"/>
							<String ID="string_199" HPOS="490" VPOS="865" WIDTH="46" HEIGHT="21" WC="0.96" CONTENT="dem"/><SP WIDTH="16" VPOS="865" HPOS="536"/>
							<String ID="string_200" HPOS="552" VPOS="865" WIDTH="107" HEIGHT="21" WC="0.95" CONTENT="inkomma"/><SP WIDTH="16" VPOS="865" HPOS="659"/>
							<String ID="string_201" HPOS="675" VPOS="865" WIDTH="48" HEIGHT="20" WC="0.95" CONTENT="med"/><SP WIDTH="15" VPOS="865" HPOS="723"/>
							<String ID="string_202" HPOS="738" VPOS="865" WIDTH="132" HEIGHT="26" WC="0.96" CONTENT="fullständigt"/><SP WIDTH="14" VPOS="865" HPOS="870"/>
							<String ID="string_203" HPOS="884" VPOS="865" WIDTH="80" HEIGHT="26" WC="0.96" CONTENT="förslag"/><SP WIDTH="15" VPOS="865" HPOS="964"/>
							<String ID="string_204" HPOS="979" VPOS="865" WIDTH="30" HEIGHT="21" WC="0.95" CONTENT="till"/>
						</TextLine>
						<TextLine ID="line_23" HPOS="191" VPOS="893" WIDTH="820" HEIGHT="27">
							<String ID="string_205" HPOS="191" VPOS="894" WIDTH="64" HEIGHT="26" WC="0.95" CONTENT="inköp"/><SP WIDTH="21" VPOS="894" HPOS="255"/>
							<String ID="string_206" HPOS="276" VPOS="893" WIDTH="22" HEIGHT="21" WC="0.95" CONTENT="af"/><SP WIDTH="21" VPOS="893" HPOS="298"/>
							<String ID="string_207" HPOS="319" VPOS="894" WIDTH="39" HEIGHT="20" WC="0.96" CONTENT="slik"/><SP WIDTH="22" VPOS="894" HPOS="358"/>
							<String ID="string_208" HPOS="380" VPOS="895" WIDTH="79" HEIGHT="24" WC="0.81" CONTENT="tomt&quot;;"/><SP WIDTH="23" VPOS="895" HPOS="459"/>
							<String ID="string_209" HPOS="482" VPOS="893" WIDTH="22" HEIGHT="21" WC="0.96" CONTENT="af"/><SP WIDTH="16" VPOS="893" HPOS="504"/>
							<String ID="string_210" HPOS="520" VPOS="894" WIDTH="12" HEIGHT="20" WC="0.96" CONTENT="2"/><SP WIDTH="16" VPOS="894" HPOS="532"/>
							<String ID="string_211" HPOS="548" VPOS="900" WIDTH="62" HEIGHT="14" WC="0.93" CONTENT="mom."/><SP WIDTH="17" VPOS="900" HPOS="610"/>
							<String ID="string_212" HPOS="627" VPOS="895" WIDTH="46" HEIGHT="23" WC="0.91" CONTENT=",att"/><SP WIDTH="15" VPOS="895" HPOS="673"/>
							<String ID="string_213" HPOS="688" VPOS="894" WIDTH="114" HEIGHT="20" WC="0.96" CONTENT="ständerna"/><SP WIDTH="16" VPOS="894" HPOS="802"/>
							<String ID="string_214" HPOS="818" VPOS="894" WIDTH="47" HEIGHT="20" WC="0.96" CONTENT="ville"/><SP WIDTH="15" VPOS="894" HPOS="865"/>
							<String ID="string_215" HPOS="880" VPOS="893" WIDTH="33" HEIGHT="21" WC="0.96" CONTENT="för"/><SP WIDTH="15" VPOS="893" HPOS="913"/>
							<String ID="string_216" HPOS="928" VPOS="894" WIDTH="7" HEIGHT="20" WC="0.96" CONTENT="i"/><SP WIDTH="15" VPOS="894" HPOS="935"/>
							<String ID="string_217" HPOS="950" VPOS="893" WIDTH="61" HEIGHT="27" WC="0.96" CONTENT="fråga"/>
						</TextLine>
						<TextLine ID="line_24" HPOS="191" VPOS="922" WIDTH="819" HEIGHT="26">
							<String ID="string_218" HPOS="191" VPOS="922" WIDTH="93" HEIGHT="21" WC="0.96" CONTENT="varande"/><SP WIDTH="18" VPOS="922" HPOS="284"/>
							<String ID="string_219" HPOS="302" VPOS="922" WIDTH="97" HEIGHT="21" WC="0.44" CONTENT="ändamål"/><SP WIDTH="16" VPOS="922" HPOS="399"/>
							<String ID="string_220" HPOS="415" VPOS="923" WIDTH="72" HEIGHT="21" WC="0.95" CONTENT="anvisa"/><SP WIDTH="15" VPOS="923" HPOS="487"/>
							<String ID="string_221" HPOS="502" VPOS="928" WIDTH="26" HEIGHT="15" WC="0.95" CONTENT="eu"/><SP WIDTH="16" VPOS="928" HPOS="528"/>
							<String ID="string_222" HPOS="544" VPOS="928" WIDTH="81" HEIGHT="15" WC="0.96" CONTENT="summa"/><SP WIDTH="15" VPOS="928" HPOS="625"/>
							<String ID="string_223" HPOS="640" VPOS="922" WIDTH="23" HEIGHT="20" WC="0.96" CONTENT="af"/><SP WIDTH="13" VPOS="922" HPOS="663"/>
							<String ID="string_224" HPOS="676" VPOS="922" WIDTH="63" HEIGHT="21" WC="0.93" CONTENT="minst"/><SP WIDTH="16" VPOS="922" HPOS="739"/>
							<String ID="string_225" HPOS="755" VPOS="922" WIDTH="91" HEIGHT="26" WC="0.90" CONTENT="950,000"/><SP WIDTH="15" VPOS="922" HPOS="846"/>
							<String ID="string_226" HPOS="861" VPOS="922" WIDTH="85" HEIGHT="26" WC="0.86" CONTENT="mark&quot;;"/><SP WIDTH="17" VPOS="922" HPOS="946"/>
							<String ID="string_227" HPOS="963" VPOS="923" WIDTH="21" HEIGHT="20" WC="0.96" CONTENT="af"/><SP WIDTH="15" VPOS="923" HPOS="984"/>
							<String ID="string_228" HPOS="999" VPOS="924" WIDTH="11" HEIGHT="19" WC="0.96" CONTENT="3"/>
						</TextLine>
						<TextLine ID="line_25" HPOS="192" VPOS="950" WIDTH="819" HEIGHT="26">
							<String ID="string_229" HPOS="192" VPOS="957" WIDTH="61" HEIGHT="15" WC="0.93" CONTENT="mom."/><SP WIDTH="24" VPOS="957" HPOS="253"/>
							<String ID="string_230" HPOS="277" VPOS="953" WIDTH="46" HEIGHT="23" WC="0.80" CONTENT=",att"/><SP WIDTH="21" VPOS="953" HPOS="323"/>
							<String ID="string_231" HPOS="344" VPOS="951" WIDTH="160" HEIGHT="22" WC="0.96" CONTENT="statsutskottet"/><SP WIDTH="22" VPOS="951" HPOS="504"/>
							<String ID="string_232" HPOS="526" VPOS="951" WIDTH="66" HEIGHT="21" WC="0.93" CONTENT="måtte"/><SP WIDTH="22" VPOS="951" HPOS="592"/>
							<String ID="string_233" HPOS="614" VPOS="951" WIDTH="101" HEIGHT="21" WC="0.92" CONTENT="anmodas"/><SP WIDTH="16" VPOS="951" HPOS="715"/>
							<String ID="string_234" HPOS="731" VPOS="952" WIDTH="32" HEIGHT="20" WC="0.96" CONTENT="att"/><SP WIDTH="16" VPOS="952" HPOS="763"/>
							<String ID="string_235" HPOS="779" VPOS="950" WIDTH="77" HEIGHT="22" WC="0.96" CONTENT="föreslå"/><SP WIDTH="15" VPOS="950" HPOS="856"/>
							<String ID="string_236" HPOS="871" VPOS="951" WIDTH="56" HEIGHT="21" WC="0.96" CONTENT="huru"/><SP WIDTH="16" VPOS="951" HPOS="927"/>
							<String ID="string_237" HPOS="943" VPOS="951" WIDTH="68" HEIGHT="21" WC="0.96" CONTENT="denna"/>
						</TextLine>
						<TextLine ID="line_26" HPOS="192" VPOS="979" WIDTH="819" HEIGHT="27">
							<String ID="string_238" HPOS="192" VPOS="980" WIDTH="166" HEIGHT="26" WC="0.88" CONTENT="anslagssumma"/><SP WIDTH="21" VPOS="980" HPOS="358"/>
							<String ID="string_239" HPOS="379" VPOS="980" WIDTH="53" HEIGHT="21" WC="0.95" CONTENT="skall"/><SP WIDTH="16" VPOS="980" HPOS="432"/>
							<String ID="string_240" HPOS="448" VPOS="980" WIDTH="132" HEIGHT="25" WC="0.70" CONTENT="anskaffas&quot;"/><SP WIDTH="-5" VPOS="980" HPOS="580"/>
							<String ID="string_241" HPOS="575" VPOS="975" WIDTH="12" HEIGHT="35" WC="0.85" CONTENT=";"/><SP WIDTH="10" VPOS="975" HPOS="587"/>
							<String ID="string_242" HPOS="597" VPOS="980" WIDTH="22" HEIGHT="21" WC="0.96" CONTENT="af"/><SP WIDTH="21" VPOS="980" HPOS="619"/>
							<String ID="string_243" HPOS="640" VPOS="981" WIDTH="7" HEIGHT="20" WC="0.97" CONTENT="4"/><SP WIDTH="14" VPOS="981" HPOS="647"/>
							<String ID="string_244" HPOS="661" VPOS="986" WIDTH="63" HEIGHT="15" WC="0.93" CONTENT="mom."/><SP WIDTH="17" VPOS="986" HPOS="724"/>
							<String ID="string_245" HPOS="741" VPOS="982" WIDTH="45" HEIGHT="23" WC="0.88" CONTENT=",att"/><SP WIDTH="15" VPOS="982" HPOS="786"/>
							<String ID="string_246" HPOS="801" VPOS="980" WIDTH="82" HEIGHT="21" WC="0.93" CONTENT="landets"/><SP WIDTH="17" VPOS="980" HPOS="883"/>
							<String ID="string_247" HPOS="900" VPOS="979" WIDTH="111" HEIGHT="27" WC="0.92" CONTENT="höglofliga"/>
						</TextLine>
						<TextLine ID="line_27" HPOS="191" VPOS="1008" WIDTH="820" HEIGHT="28">
							<String ID="string_248" HPOS="191" VPOS="1009" WIDTH="87" HEIGHT="21" WC="0.96" CONTENT="ständer"/><SP WIDTH="22" VPOS="1009" HPOS="278"/>
							<String ID="string_249" HPOS="300" VPOS="1010" WIDTH="49" HEIGHT="20" WC="0.95" CONTENT="ville"/><SP WIDTH="15" VPOS="1010" HPOS="349"/>
							<String ID="string_250" HPOS="364" VPOS="1012" WIDTH="47" HEIGHT="18" WC="0.96" CONTENT="utse"/><SP WIDTH="15" VPOS="1012" HPOS="411"/>
							<String ID="string_251" HPOS="426" VPOS="1008" WIDTH="33" HEIGHT="22" WC="0.96" CONTENT="för"/><SP WIDTH="15" VPOS="1008" HPOS="459"/>
							<String ID="string_252" HPOS="474" VPOS="1009" WIDTH="73" HEIGHT="27" WC="0.96" CONTENT="hvarje"/><SP WIDTH="17" VPOS="1009" HPOS="547"/>
							<String ID="string_253" HPOS="564" VPOS="1009" WIDTH="61" HEIGHT="21" WC="0.96" CONTENT="stånd"/><SP WIDTH="16" VPOS="1009" HPOS="625"/>
							<String ID="string_254" HPOS="641" VPOS="1008" WIDTH="35" HEIGHT="21" WC="0.96" CONTENT="två"/><SP WIDTH="15" VPOS="1008" HPOS="676"/>
							<String ID="string_255" HPOS="691" VPOS="1008" WIDTH="117" HEIGHT="22" WC="0.96" CONTENT="ledamöter"/><SP WIDTH="15" VPOS="1008" HPOS="808"/>
							<String ID="string_256" HPOS="823" VPOS="1009" WIDTH="38" HEIGHT="21" WC="0.96" CONTENT="och"/><SP WIDTH="16" VPOS="1009" HPOS="861"/>
							<String ID="string_257" HPOS="877" VPOS="1010" WIDTH="43" HEIGHT="20" WC="0.96" CONTENT="lika"/><SP WIDTH="15" VPOS="1010" HPOS="920"/>
							<String ID="string_258" HPOS="935" VPOS="1009" WIDTH="76" HEIGHT="26" WC="0.96" CONTENT="många"/>
						</TextLine>
						<TextLine ID="line_28" HPOS="191" VPOS="1037" WIDTH="820" HEIGHT="27">
							<String ID="string_259" HPOS="191" VPOS="1038" WIDTH="136" HEIGHT="26" WC="0.96" CONTENT="suppleanter"/><SP WIDTH="15" VPOS="1038" HPOS="327"/>
							<String ID="string_260" HPOS="342" VPOS="1038" WIDTH="6" HEIGHT="21" WC="0.96" CONTENT="i"/><SP WIDTH="16" VPOS="1038" HPOS="348"/>
							<String ID="string_261" HPOS="364" VPOS="1044" WIDTH="25" HEIGHT="15" WC="0.96" CONTENT="en"/><SP WIDTH="16" VPOS="1044" HPOS="389"/>
							<String ID="string_262" HPOS="405" VPOS="1038" WIDTH="126" HEIGHT="26" WC="0.94" CONTENT="delegation,"/><SP WIDTH="17" VPOS="1038" HPOS="531"/>
							<String ID="string_263" HPOS="548" VPOS="1038" WIDTH="83" HEIGHT="21" WC="0.93" CONTENT="hvilken"/><SP WIDTH="17" VPOS="1038" HPOS="631"/>
							<String ID="string_264" HPOS="648" VPOS="1037" WIDTH="67" HEIGHT="22" WC="0.92" CONTENT="blefve"/><SP WIDTH="15" VPOS="1037" HPOS="715"/>
							<String ID="string_265" HPOS="730" VPOS="1038" WIDTH="141" HEIGHT="26" WC="0.91" CONTENT="bemyndigad"/><SP WIDTH="15" VPOS="1038" HPOS="871"/>
							<String ID="string_266" HPOS="886" VPOS="1040" WIDTH="33" HEIGHT="19" WC="0.96" CONTENT="att"/><SP WIDTH="14" VPOS="1040" HPOS="919"/>
							<String ID="string_267" HPOS="933" VPOS="1038" WIDTH="78" HEIGHT="26" WC="0.96" CONTENT="inköpa"/>
						</TextLine>
						<TextLine ID="line_29" HPOS="191" VPOS="1066" WIDTH="820" HEIGHT="28">
							<String ID="string_268" HPOS="191" VPOS="1068" WIDTH="101" HEIGHT="26" WC="0.96" CONTENT="antingen"/><SP WIDTH="23" VPOS="1068" HPOS="292"/>
							<String ID="string_269" HPOS="315" VPOS="1069" WIDTH="106" HEIGHT="19" WC="0.93" CONTENT="tomterna"/><SP WIDTH="22" VPOS="1069" HPOS="421"/>
							<String ID="string_270" HPOS="443" VPOS="1066" WIDTH="57" HEIGHT="22" WC="0.91" CONTENT="N:ris"/><SP WIDTH="23" VPOS="1066" HPOS="500"/>
							<String ID="string_271" HPOS="523" VPOS="1068" WIDTH="19" HEIGHT="25" WC="0.96" CONTENT="5,"/><SP WIDTH="23" VPOS="1068" HPOS="542"/>
							<String ID="string_272" HPOS="565" VPOS="1068" WIDTH="12" HEIGHT="20" WC="0.96" CONTENT="8"/><SP WIDTH="24" VPOS="1068" HPOS="577"/>
							<String ID="string_273" HPOS="601" VPOS="1067" WIDTH="39" HEIGHT="21" WC="0.96" CONTENT="och"/><SP WIDTH="23" VPOS="1067" HPOS="640"/>
							<String ID="string_274" HPOS="663" VPOS="1068" WIDTH="12" HEIGHT="20" WC="0.92" CONTENT="9"/><SP WIDTH="24" VPOS="1068" HPOS="675"/>
							<String ID="string_275" HPOS="699" VPOS="1067" WIDTH="5" HEIGHT="20" WC="0.91" CONTENT="i"/><SP WIDTH="17" VPOS="1067" HPOS="704"/>
							<String ID="string_276" HPOS="721" VPOS="1068" WIDTH="108" HEIGHT="24" WC="0.91" CONTENT="qvarteret"/><SP WIDTH="16" VPOS="1068" HPOS="829"/>
							<String ID="string_277" HPOS="845" VPOS="1066" WIDTH="99" HEIGHT="22" WC="0.89" CONTENT="Servalen"/><SP WIDTH="17" VPOS="1066" HPOS="944"/>
							<String ID="string_278" HPOS="961" VPOS="1066" WIDTH="50" HEIGHT="22" WC="0.94" CONTENT="eller"/>
						</TextLine>
						<TextLine ID="line_30" HPOS="191" VPOS="1095" WIDTH="820" HEIGHT="27">
							<String ID="string_279" HPOS="191" VPOS="1096" WIDTH="69" HEIGHT="26" WC="0.95" CONTENT="någon"/><SP WIDTH="16" VPOS="1096" HPOS="260"/>
							<String ID="string_280" HPOS="276" VPOS="1102" WIDTH="69" HEIGHT="14" WC="0.96" CONTENT="annan"/><SP WIDTH="16" VPOS="1102" HPOS="345"/>
							<String ID="string_281" HPOS="361" VPOS="1096" WIDTH="33" HEIGHT="20" WC="0.96" CONTENT="för"/><SP WIDTH="15" VPOS="1096" HPOS="394"/>
							<String ID="string_282" HPOS="409" VPOS="1095" WIDTH="120" HEIGHT="22" WC="0.96" CONTENT="ändamålet"/><SP WIDTH="15" VPOS="1095" HPOS="529"/>
							<String ID="string_283" HPOS="544" VPOS="1096" WIDTH="87" HEIGHT="26" WC="0.96" CONTENT="lämplig"/><SP WIDTH="15" VPOS="1096" HPOS="631"/>
							<String ID="string_284" HPOS="646" VPOS="1096" WIDTH="61" HEIGHT="26" WC="0.95" CONTENT="plats,"/><SP WIDTH="13" VPOS="1096" HPOS="707"/>
							<String ID="string_285" HPOS="720" VPOS="1098" WIDTH="37" HEIGHT="18" WC="0.96" CONTENT="der"/><SP WIDTH="10" VPOS="1098" HPOS="757"/>
							<String ID="string_286" HPOS="767" VPOS="1097" WIDTH="32" HEIGHT="19" WC="0.96" CONTENT="ett"/><SP WIDTH="10" VPOS="1097" HPOS="799"/>
							<String ID="string_287" HPOS="809" VPOS="1095" WIDTH="34" HEIGHT="21" WC="0.96" CONTENT="för"/><SP WIDTH="12" VPOS="1095" HPOS="843"/>
							<String ID="string_288" HPOS="855" VPOS="1096" WIDTH="26" HEIGHT="20" WC="0.96" CONTENT="de"/><SP WIDTH="10" VPOS="1096" HPOS="881"/>
							<String ID="string_289" HPOS="891" VPOS="1098" WIDTH="33" HEIGHT="18" WC="0.96" CONTENT="tre"/><SP WIDTH="11" VPOS="1098" HPOS="924"/>
							<String ID="string_290" HPOS="935" VPOS="1095" WIDTH="76" HEIGHT="21" WC="0.96" CONTENT="ofrälse"/>
						</TextLine>
						<TextLine ID="line_31" HPOS="191" VPOS="1124" WIDTH="820" HEIGHT="27">
							<String ID="string_291" HPOS="191" VPOS="1124" WIDTH="89" HEIGHT="22" WC="0.93" CONTENT="stånden"/><SP WIDTH="23" VPOS="1124" HPOS="280"/>
							<String ID="string_292" HPOS="303" VPOS="1124" WIDTH="67" HEIGHT="22" WC="0.92" CONTENT="afsedt"/><SP WIDTH="22" VPOS="1124" HPOS="370"/>
							<String ID="string_293" HPOS="392" VPOS="1124" WIDTH="127" HEIGHT="22" WC="0.92" CONTENT="ständerhus"/><SP WIDTH="19" VPOS="1124" HPOS="519"/>
							<String ID="string_294" HPOS="538" VPOS="1124" WIDTH="70" HEIGHT="21" WC="0.96" CONTENT="kunde"/><SP WIDTH="16" VPOS="1124" HPOS="608"/>
							<String ID="string_295" HPOS="624" VPOS="1124" WIDTH="80" HEIGHT="27" WC="0.96" CONTENT="byggas"/><SP WIDTH="16" VPOS="1124" HPOS="704"/>
							<String ID="string_296" HPOS="720" VPOS="1124" WIDTH="6" HEIGHT="21" WC="0.92" CONTENT="i"/><SP WIDTH="16" VPOS="1124" HPOS="726"/>
							<String ID="string_297" HPOS="742" VPOS="1124" WIDTH="148" HEIGHT="27" WC="0.90" CONTENT="hufvudsaklig"/><SP WIDTH="15" VPOS="1124" HPOS="890"/>
							<String ID="string_298" HPOS="905" VPOS="1124" WIDTH="106" HEIGHT="22" WC="0.90" CONTENT="öfverens-"/>
						</TextLine>
						<TextLine ID="line_32" HPOS="190" VPOS="1153" WIDTH="821" HEIGHT="27">
							<String ID="string_299" HPOS="190" VPOS="1153" WIDTH="120" HEIGHT="22" WC="0.93" CONTENT="stämmelse"/><SP WIDTH="20" VPOS="1153" HPOS="310"/>
							<String ID="string_300" HPOS="330" VPOS="1154" WIDTH="47" HEIGHT="21" WC="0.96" CONTENT="med"/><SP WIDTH="17" VPOS="1154" HPOS="377"/>
							<String ID="string_301" HPOS="394" VPOS="1153" WIDTH="38" HEIGHT="22" WC="0.96" CONTENT="den"/><SP WIDTH="16" VPOS="1153" HPOS="432"/>
							<String ID="string_302" HPOS="448" VPOS="1154" WIDTH="32" HEIGHT="20" WC="0.96" CONTENT="till"/><SP WIDTH="15" VPOS="1154" HPOS="480"/>
							<String ID="string_303" HPOS="495" VPOS="1153" WIDTH="117" HEIGHT="22" WC="0.96" CONTENT="utskottets"/><SP WIDTH="17" VPOS="1153" HPOS="612"/>
							<String ID="string_304" HPOS="629" VPOS="1153" WIDTH="132" HEIGHT="22" WC="0.96" CONTENT="betänkande"/><SP WIDTH="15" VPOS="1153" HPOS="761"/>
							<String ID="string_305" HPOS="776" VPOS="1153" WIDTH="76" HEIGHT="26" WC="0.93" CONTENT="fogade"/><SP WIDTH="15" VPOS="1153" HPOS="852"/>
							<String ID="string_306" HPOS="867" VPOS="1153" WIDTH="144" HEIGHT="27" WC="0.92" CONTENT="planeskissen"/>
						</TextLine>
						<TextLine ID="line_33" HPOS="190" VPOS="1181" WIDTH="821" HEIGHT="27">
							<String ID="string_307" HPOS="190" VPOS="1183" WIDTH="40" HEIGHT="20" WC="0.96" CONTENT="N:o"/><SP WIDTH="26" VPOS="1183" HPOS="230"/>
							<String ID="string_308" HPOS="256" VPOS="1185" WIDTH="8" HEIGHT="18" WC="0.96" CONTENT="1"/><SP WIDTH="25" VPOS="1185" HPOS="264"/>
							<String ID="string_309" HPOS="289" VPOS="1182" WIDTH="39" HEIGHT="21" WC="0.96" CONTENT="och"/><SP WIDTH="25" VPOS="1182" HPOS="328"/>
							<String ID="string_310" HPOS="353" VPOS="1183" WIDTH="85" HEIGHT="20" WC="0.96" CONTENT="hvilken"/><SP WIDTH="15" VPOS="1183" HPOS="438"/>
							<String ID="string_311" HPOS="453" VPOS="1183" WIDTH="98" HEIGHT="25" WC="0.96" CONTENT="byggnad"/><SP WIDTH="15" VPOS="1183" HPOS="551"/>
							<String ID="string_312" HPOS="566" VPOS="1182" WIDTH="39" HEIGHT="21" WC="0.96" CONTENT="bör"/><SP WIDTH="15" VPOS="1182" HPOS="605"/>
							<String ID="string_313" HPOS="620" VPOS="1188" WIDTH="51" HEIGHT="15" WC="0.96" CONTENT="vara"/><SP WIDTH="14" VPOS="1188" HPOS="671"/>
							<String ID="string_314" HPOS="685" VPOS="1181" WIDTH="122" HEIGHT="22" WC="0.95" CONTENT="fullbordad"/><SP WIDTH="15" VPOS="1181" HPOS="807"/>
							<String ID="string_315" HPOS="822" VPOS="1182" WIDTH="39" HEIGHT="21" WC="0.96" CONTENT="och"/><SP WIDTH="15" VPOS="1182" HPOS="861"/>
							<String ID="string_316" HPOS="876" VPOS="1183" WIDTH="75" HEIGHT="20" WC="0.96" CONTENT="inredd"/><SP WIDTH="15" VPOS="1183" HPOS="951"/>
							<String ID="string_317" HPOS="966" VPOS="1182" WIDTH="45" HEIGHT="21" WC="0.96" CONTENT="före"/>
						</TextLine>
						<TextLine ID="line_34" HPOS="190" VPOS="1210" WIDTH="821" HEIGHT="28">
							<String ID="string_318" HPOS="190" VPOS="1213" WIDTH="62" HEIGHT="19" WC="0.95" CONTENT="nästa"/><SP WIDTH="15" VPOS="1213" HPOS="252"/>
							<String ID="string_319" HPOS="267" VPOS="1211" WIDTH="88" HEIGHT="27" WC="0.93" CONTENT="lagtima"/><SP WIDTH="11" VPOS="1211" HPOS="355"/>
							<String ID="string_320" HPOS="366" VPOS="1210" WIDTH="120" HEIGHT="27" WC="0.91" CONTENT="landtdag*;"/><SP WIDTH="10" VPOS="1210" HPOS="486"/>
							<String ID="string_321" HPOS="496" VPOS="1210" WIDTH="22" HEIGHT="22" WC="0.96" CONTENT="af"/><SP WIDTH="9" VPOS="1210" HPOS="518"/>
							<String ID="string_322" HPOS="527" VPOS="1213" WIDTH="12" HEIGHT="19" WC="0.96" CONTENT="5"/><SP WIDTH="12" VPOS="1213" HPOS="539"/>
							<String ID="string_323" HPOS="551" VPOS="1217" WIDTH="62" HEIGHT="14" WC="0.96" CONTENT="mom."/><SP WIDTH="11" VPOS="1217" HPOS="613"/>
							<String ID="string_324" HPOS="624" VPOS="1210" WIDTH="65" HEIGHT="26" WC="0.96" CONTENT="enligt"/><SP WIDTH="10" VPOS="1210" HPOS="689"/>
							<String ID="string_325" HPOS="699" VPOS="1210" WIDTH="116" HEIGHT="21" WC="0.96" CONTENT="utskottets"/><SP WIDTH="10" VPOS="1210" HPOS="815"/>
							<String ID="string_326" HPOS="825" VPOS="1210" WIDTH="80" HEIGHT="27" WC="0.96" CONTENT="förslag"/><SP WIDTH="11" VPOS="1210" HPOS="905"/>
							<String ID="string_327" HPOS="916" VPOS="1210" WIDTH="95" HEIGHT="26" WC="0.96" CONTENT="sålunda,"/>
						</TextLine>
						<TextLine ID="line_35" HPOS="191" VPOS="1239" WIDTH="820" HEIGHT="27">
							<String ID="string_328" HPOS="191" VPOS="1241" WIDTH="32" HEIGHT="19" WC="0.96" CONTENT="att"/><SP WIDTH="23" VPOS="1241" HPOS="223"/>
							<String ID="string_329" HPOS="246" VPOS="1239" WIDTH="54" HEIGHT="21" WC="0.96" CONTENT="efter"/><SP WIDTH="23" VPOS="1239" HPOS="300"/>
							<String ID="string_330" HPOS="323" VPOS="1240" WIDTH="65" HEIGHT="20" WC="0.92" CONTENT="orden"/><SP WIDTH="24" VPOS="1240" HPOS="388"/>
							<String ID="string_331" HPOS="412" VPOS="1239" WIDTH="47" HEIGHT="25" WC="0.91" CONTENT=",vid"/><SP WIDTH="23" VPOS="1239" HPOS="459"/>
							<String ID="string_332" HPOS="482" VPOS="1239" WIDTH="240" HEIGHT="27" WC="0.91" CONTENT="byggnadsritningens*"/><SP WIDTH="23" VPOS="1239" HPOS="722"/>
							<String ID="string_333" HPOS="745" VPOS="1239" WIDTH="103" HEIGHT="26" WC="0.91" CONTENT="inskjötos"/><SP WIDTH="23" VPOS="1239" HPOS="848"/>
							<String ID="string_334" HPOS="871" VPOS="1239" WIDTH="66" HEIGHT="21" WC="0.93" CONTENT="orden"/><SP WIDTH="21" VPOS="1239" HPOS="937"/>
							<String ID="string_335" HPOS="958" VPOS="1256" WIDTH="5" HEIGHT="8" WC="0.92" CONTENT=","/><SP WIDTH="1" VPOS="1256" HPOS="963"/>
							<String ID="string_336" HPOS="964" VPOS="1239" WIDTH="47" HEIGHT="25" WC="0.95" CONTENT="och"/>
						</TextLine>
						<TextLine ID="line_36" HPOS="191" VPOS="1267" WIDTH="820" HEIGHT="28">
							<String ID="string_337" HPOS="191" VPOS="1268" WIDTH="197" HEIGHT="27" WC="0.85" CONTENT="tomtplatsernas*;"/><SP WIDTH="23" VPOS="1268" HPOS="388"/>
							<String ID="string_338" HPOS="411" VPOS="1268" WIDTH="22" HEIGHT="21" WC="0.96" CONTENT="af"/><SP WIDTH="15" VPOS="1268" HPOS="433"/>
							<String ID="string_339" HPOS="448" VPOS="1269" WIDTH="12" HEIGHT="19" WC="0.93" CONTENT="7"/><SP WIDTH="16" VPOS="1269" HPOS="460"/>
							<String ID="string_340" HPOS="476" VPOS="1274" WIDTH="69" HEIGHT="20" WC="0.91" CONTENT="mom.,"/><SP WIDTH="18" VPOS="1274" HPOS="545"/>
							<String ID="string_341" HPOS="563" VPOS="1270" WIDTH="45" HEIGHT="23" WC="0.85" CONTENT=",att"/><SP WIDTH="15" VPOS="1270" HPOS="608"/>
							<String ID="string_342" HPOS="623" VPOS="1268" WIDTH="114" HEIGHT="20" WC="0.96" CONTENT="ständerna"/><SP WIDTH="16" VPOS="1268" HPOS="737"/>
							<String ID="string_343" HPOS="753" VPOS="1267" WIDTH="66" HEIGHT="21" WC="0.96" CONTENT="måtte"/><SP WIDTH="15" VPOS="1267" HPOS="819"/>
							<String ID="string_344" HPOS="834" VPOS="1268" WIDTH="31" HEIGHT="20" WC="0.93" CONTENT="uti"/><SP WIDTH="15" VPOS="1268" HPOS="865"/>
							<String ID="string_345" HPOS="880" VPOS="1268" WIDTH="131" HEIGHT="26" WC="0.92" CONTENT="underdånig"/>
						</TextLine>
						<TextLine ID="line_37" HPOS="190" VPOS="1296" WIDTH="821" HEIGHT="27">
							<String ID="string_346" HPOS="190" VPOS="1296" WIDTH="110" HEIGHT="22" WC="0.96" CONTENT="skrifvelse"/><SP WIDTH="21" VPOS="1296" HPOS="300"/>
							<String ID="string_347" HPOS="321" VPOS="1296" WIDTH="38" HEIGHT="21" WC="0.96" CONTENT="hos"/><SP WIDTH="23" VPOS="1296" HPOS="359"/>
							<String ID="string_348" HPOS="382" VPOS="1296" WIDTH="58" HEIGHT="22" WC="0.96" CONTENT="Hans"/><SP WIDTH="21" VPOS="1296" HPOS="440"/>
							<String ID="string_349" HPOS="461" VPOS="1296" WIDTH="119" HEIGHT="27" WC="0.96" CONTENT="Kejserliga"/><SP WIDTH="22" VPOS="1296" HPOS="580"/>
							<String ID="string_350" HPOS="602" VPOS="1296" WIDTH="99" HEIGHT="27" WC="0.96" CONTENT="Majestät"/><SP WIDTH="23" VPOS="1296" HPOS="701"/>
							<String ID="string_351" HPOS="724" VPOS="1296" WIDTH="91" HEIGHT="26" WC="0.96" CONTENT="anmäla,"/><SP WIDTH="20" VPOS="1296" HPOS="815"/>
							<String ID="string_352" HPOS="835" VPOS="1298" WIDTH="32" HEIGHT="19" WC="0.96" CONTENT="att"/><SP WIDTH="16" VPOS="1298" HPOS="867"/>
							<String ID="string_353" HPOS="883" VPOS="1296" WIDTH="25" HEIGHT="21" WC="0.92" CONTENT="de"/><SP WIDTH="17" VPOS="1296" HPOS="908"/>
							<String ID="string_354" HPOS="925" VPOS="1296" WIDTH="86" HEIGHT="21" WC="0.92" CONTENT="beslutit"/>
						</TextLine>
						<TextLine ID="line_38" HPOS="190" VPOS="1324" WIDTH="821" HEIGHT="28">
							<String ID="string_355" HPOS="190" VPOS="1325" WIDTH="69" HEIGHT="27" WC="0.96" CONTENT="bygga"/><SP WIDTH="15" VPOS="1325" HPOS="259"/>
							<String ID="string_356" HPOS="274" VPOS="1328" WIDTH="32" HEIGHT="18" WC="0.93" CONTENT="ett"/><SP WIDTH="18" VPOS="1328" HPOS="306"/>
							<String ID="string_357" HPOS="324" VPOS="1325" WIDTH="127" HEIGHT="21" WC="0.91" CONTENT="ständerhus"/><SP WIDTH="15" VPOS="1325" HPOS="451"/>
							<String ID="string_358" HPOS="466" VPOS="1325" WIDTH="34" HEIGHT="21" WC="0.96" CONTENT="för"/><SP WIDTH="16" VPOS="1325" HPOS="500"/>
							<String ID="string_359" HPOS="516" VPOS="1328" WIDTH="32" HEIGHT="18" WC="0.96" CONTENT="tre"/><SP WIDTH="16" VPOS="1328" HPOS="548"/>
							<String ID="string_360" HPOS="564" VPOS="1325" WIDTH="68" HEIGHT="24" WC="0.96" CONTENT="stånd,"/><SP WIDTH="16" VPOS="1325" HPOS="632"/>
							<String ID="string_361" HPOS="648" VPOS="1324" WIDTH="33" HEIGHT="21" WC="0.96" CONTENT="för"/><SP WIDTH="14" VPOS="1324" HPOS="681"/>
							<String ID="string_362" HPOS="695" VPOS="1324" WIDTH="84" HEIGHT="21" WC="0.96" CONTENT="hvilken"/><SP WIDTH="18" VPOS="1324" HPOS="779"/>
							<String ID="string_363" HPOS="797" VPOS="1324" WIDTH="95" HEIGHT="26" WC="0.96" CONTENT="byggnad"/><SP WIDTH="17" VPOS="1324" HPOS="892"/>
							<String ID="string_364" HPOS="909" VPOS="1324" WIDTH="39" HEIGHT="21" WC="0.93" CONTENT="den"/><SP WIDTH="15" VPOS="1324" HPOS="948"/>
							<String ID="string_365" HPOS="963" VPOS="1324" WIDTH="48" HEIGHT="22" WC="0.92" CONTENT="kro-"/>
						</TextLine>
						<TextLine ID="line_39" HPOS="190" VPOS="1352" WIDTH="821" HEIGHT="26">
							<String ID="string_366" HPOS="190" VPOS="1360" WIDTH="42" HEIGHT="12" WC="0.95" CONTENT="nan"/><SP WIDTH="22" VPOS="1360" HPOS="232"/>
							<String ID="string_367" HPOS="254" VPOS="1353" WIDTH="108" HEIGHT="25" WC="0.93" CONTENT="tillhöriga"/><SP WIDTH="22" VPOS="1353" HPOS="362"/>
							<String ID="string_368" HPOS="384" VPOS="1355" WIDTH="81" HEIGHT="18" WC="0.96" CONTENT="tomten"/><SP WIDTH="15" VPOS="1355" HPOS="465"/>
							<String ID="string_369" HPOS="480" VPOS="1354" WIDTH="7" HEIGHT="18" WC="0.93" CONTENT="i"/><SP WIDTH="16" VPOS="1354" HPOS="487"/>
							<String ID="string_370" HPOS="503" VPOS="1354" WIDTH="106" HEIGHT="24" WC="0.91" CONTENT="qvarteret"/><SP WIDTH="16" VPOS="1354" HPOS="609"/>
							<String ID="string_371" HPOS="625" VPOS="1352" WIDTH="99" HEIGHT="20" WC="0.91" CONTENT="Servalen"/><SP WIDTH="17" VPOS="1352" HPOS="724"/>
							<String ID="string_372" HPOS="741" VPOS="1352" WIDTH="106" HEIGHT="20" WC="0.93" CONTENT="måhända"/><SP WIDTH="14" VPOS="1352" HPOS="847"/>
							<String ID="string_373" HPOS="861" VPOS="1352" WIDTH="69" HEIGHT="20" WC="0.92" CONTENT="blefve"/><SP WIDTH="15" VPOS="1352" HPOS="930"/>
							<String ID="string_374" HPOS="945" VPOS="1352" WIDTH="66" HEIGHT="20" WC="0.91" CONTENT="erfor-"/>
						</TextLine>
						<TextLine ID="line_40" HPOS="191" VPOS="1380" WIDTH="820" HEIGHT="27">
							<String ID="string_375" HPOS="191" VPOS="1381" WIDTH="71" HEIGHT="26" WC="0.90" CONTENT="derlig,"/><SP WIDTH="16" VPOS="1381" HPOS="262"/>
							<String ID="string_376" HPOS="278" VPOS="1381" WIDTH="106" HEIGHT="21" WC="0.96" CONTENT="äfvensom"/><SP WIDTH="16" VPOS="1381" HPOS="384"/>
							<String ID="string_377" HPOS="400" VPOS="1381" WIDTH="84" HEIGHT="20" WC="0.96" CONTENT="anhålla"/><SP WIDTH="16" VPOS="1381" HPOS="484"/>
							<String ID="string_378" HPOS="500" VPOS="1383" WIDTH="31" HEIGHT="18" WC="0.95" CONTENT="att"/><SP WIDTH="15" VPOS="1383" HPOS="531"/>
							<String ID="string_379" HPOS="546" VPOS="1381" WIDTH="35" HEIGHT="20" WC="0.93" CONTENT="vid"/><SP WIDTH="17" VPOS="1381" HPOS="581"/>
							<String ID="string_380" HPOS="598" VPOS="1380" WIDTH="64" HEIGHT="20" WC="0.92" CONTENT="behof"/><SP WIDTH="13" VPOS="1380" HPOS="662"/>
							<String ID="string_381" HPOS="675" VPOS="1380" WIDTH="70" HEIGHT="20" WC="0.96" CONTENT="denna"/><SP WIDTH="15" VPOS="1380" HPOS="745"/>
							<String ID="string_382" HPOS="760" VPOS="1382" WIDTH="54" HEIGHT="18" WC="0.96" CONTENT="tomt"/><SP WIDTH="15" VPOS="1382" HPOS="814"/>
							<String ID="string_383" HPOS="829" VPOS="1380" WIDTH="66" HEIGHT="21" WC="0.95" CONTENT="måtte"/><SP WIDTH="15" VPOS="1380" HPOS="895"/>
							<String ID="string_384" HPOS="910" VPOS="1380" WIDTH="33" HEIGHT="20" WC="0.93" CONTENT="till"/><SP WIDTH="10" VPOS="1380" HPOS="943"/>
							<String ID="string_385" HPOS="953" VPOS="1382" WIDTH="58" HEIGHT="19" WC="0.91" CONTENT="stän-"/>
						</TextLine>
						<TextLine ID="line_41" HPOS="190" VPOS="1408" WIDTH="821" HEIGHT="28">
							<String ID="string_386" HPOS="190" VPOS="1409" WIDTH="66" HEIGHT="21" WC="0.92" CONTENT="derna"/><SP WIDTH="23" VPOS="1409" HPOS="256"/>
							<String ID="string_387" HPOS="279" VPOS="1409" WIDTH="66" HEIGHT="21" WC="0.90" CONTENT="afstås"/><SP WIDTH="23" VPOS="1409" HPOS="345"/>
							<String ID="string_388" HPOS="368" VPOS="1408" WIDTH="39" HEIGHT="22" WC="0.96" CONTENT="och"/><SP WIDTH="24" VPOS="1408" HPOS="407"/>
							<String ID="string_389" HPOS="431" VPOS="1409" WIDTH="35" HEIGHT="21" WC="0.96" CONTENT="det"/><SP WIDTH="22" VPOS="1409" HPOS="466"/>
							<String ID="string_390" HPOS="488" VPOS="1408" WIDTH="7" HEIGHT="21" WC="0.93" CONTENT="i"/><SP WIDTH="22" VPOS="1408" HPOS="495"/>
							<String ID="string_391" HPOS="517" VPOS="1408" WIDTH="155" HEIGHT="22" WC="0.91" CONTENT="ofvanberörda"/><SP WIDTH="15" VPOS="1408" HPOS="672"/>
							<String ID="string_392" HPOS="687" VPOS="1408" WIDTH="120" HEIGHT="22" WC="0.96" CONTENT="hänseende"/><SP WIDTH="15" VPOS="1408" HPOS="807"/>
							<String ID="string_393" HPOS="822" VPOS="1408" WIDTH="101" HEIGHT="22" WC="0.96" CONTENT="anvisade"/><SP WIDTH="16" VPOS="1408" HPOS="923"/>
							<String ID="string_394" HPOS="939" VPOS="1409" WIDTH="72" HEIGHT="27" WC="0.82" CONTENT="anslag"/>
						</TextLine>
						<TextLine ID="line_42" HPOS="190" VPOS="1437" WIDTH="820" HEIGHT="27">
							<String ID="string_395" HPOS="190" VPOS="1437" WIDTH="66" HEIGHT="22" WC="0.95" CONTENT="måtte"/><SP WIDTH="16" VPOS="1437" HPOS="256"/>
							<String ID="string_396" HPOS="272" VPOS="1438" WIDTH="106" HEIGHT="21" WC="0.95" CONTENT="utbetalas"/><SP WIDTH="17" VPOS="1438" HPOS="378"/>
							<String ID="string_397" HPOS="395" VPOS="1438" WIDTH="31" HEIGHT="20" WC="0.96" CONTENT="till"/><SP WIDTH="16" VPOS="1438" HPOS="426"/>
							<String ID="string_398" HPOS="442" VPOS="1438" WIDTH="125" HEIGHT="20" WC="0.96" CONTENT="ständernas"/><SP WIDTH="15" VPOS="1438" HPOS="567"/>
							<String ID="string_399" HPOS="582" VPOS="1438" WIDTH="33" HEIGHT="20" WC="0.96" CONTENT="för"/><SP WIDTH="16" VPOS="1438" HPOS="615"/>
							<String ID="string_400" HPOS="631" VPOS="1437" WIDTH="121" HEIGHT="21" WC="0.93" CONTENT="ändamålet"/><SP WIDTH="12" VPOS="1437" HPOS="752"/>
							<String ID="string_401" HPOS="764" VPOS="1437" WIDTH="88" HEIGHT="21" WC="0.92" CONTENT="utsedde"/><SP WIDTH="12" VPOS="1437" HPOS="852"/>
							<String ID="string_402" HPOS="864" VPOS="1437" WIDTH="146" HEIGHT="27" WC="0.92" CONTENT="delegerade&quot;;"/>
						</TextLine>
						<TextLine ID="line_43" HPOS="190" VPOS="1465" WIDTH="821" HEIGHT="29">
							<String ID="string_403" HPOS="190" VPOS="1466" WIDTH="39" HEIGHT="22" WC="0.93" CONTENT="och"/><SP WIDTH="22" VPOS="1466" HPOS="229"/>
							<String ID="string_404" HPOS="251" VPOS="1466" WIDTH="19" HEIGHT="28" WC="0.88" CONTENT="c)"/><SP WIDTH="16" VPOS="1466" HPOS="270"/>
							<String ID="string_405" HPOS="286" VPOS="1467" WIDTH="96" HEIGHT="27" WC="0.96" CONTENT="godkänt"/><SP WIDTH="12" VPOS="1467" HPOS="382"/>
							<String ID="string_406" HPOS="394" VPOS="1468" WIDTH="151" HEIGHT="20" WC="0.93" CONTENT="sammansatta"/><SP WIDTH="15" VPOS="1468" HPOS="545"/>
							<String ID="string_407" HPOS="560" VPOS="1467" WIDTH="45" HEIGHT="26" WC="0.92" CONTENT="lag-"/><SP WIDTH="15" VPOS="1467" HPOS="605"/>
							<String ID="string_408" HPOS="620" VPOS="1465" WIDTH="39" HEIGHT="22" WC="0.93" CONTENT="och"/><SP WIDTH="16" VPOS="1465" HPOS="659"/>
							<String ID="string_409" HPOS="675" VPOS="1466" WIDTH="215" HEIGHT="22" WC="0.91" CONTENT="ekonomiutskottets"/><SP WIDTH="16" VPOS="1466" HPOS="890"/>
							<String ID="string_410" HPOS="906" VPOS="1472" WIDTH="105" HEIGHT="16" WC="0.90" CONTENT="samman-"/>
						</TextLine>
						<TextLine ID="line_44" HPOS="188" VPOS="1494" WIDTH="787" HEIGHT="29">
							<String ID="string_411" HPOS="188" VPOS="1496" WIDTH="200" HEIGHT="27" WC="0.92" CONTENT="jemkningsförslag"/><SP WIDTH="15" VPOS="1496" HPOS="388"/>
							<String ID="string_412" HPOS="403" VPOS="1496" WIDTH="7" HEIGHT="20" WC="0.96" CONTENT="i"/><SP WIDTH="15" VPOS="1496" HPOS="410"/>
							<String ID="string_413" HPOS="425" VPOS="1495" WIDTH="73" HEIGHT="27" WC="0.96" CONTENT="frågan"/><SP WIDTH="16" VPOS="1495" HPOS="498"/>
							<String ID="string_414" HPOS="514" VPOS="1502" WIDTH="34" HEIGHT="14" WC="0.92" CONTENT="om"/><SP WIDTH="16" VPOS="1502" HPOS="548"/>
							<String ID="string_415" HPOS="564" VPOS="1494" WIDTH="124" HEIGHT="22" WC="0.90" CONTENT="lösdrifvare"/><SP WIDTH="16" VPOS="1494" HPOS="688"/>
							<String ID="string_416" HPOS="704" VPOS="1496" WIDTH="39" HEIGHT="20" WC="0.96" CONTENT="och"/><SP WIDTH="16" VPOS="1496" HPOS="743"/>
							<String ID="string_417" HPOS="759" VPOS="1495" WIDTH="62" HEIGHT="21" WC="0.95" CONTENT="deras"/><SP WIDTH="15" VPOS="1495" HPOS="821"/>
							<String ID="string_418" HPOS="836" VPOS="1495" WIDTH="139" HEIGHT="27" WC="0.95" CONTENT="behandling;"/>
						</TextLine>
					</TextBlock>
				</ComposedBlock>
				<GraphicalElement ID="cblock_5" HPOS="1096" VPOS="2" WIDTH="2" HEIGHT="362"></GraphicalElement >
			</PrintSpace>
		</Page>
	</Layout>
</alto>
