1089 1786
208 117 41 22 928
419 121 158 19 Prestestände'
588 122 53 17 1877.
666 122 26 16 24
704 121 48 21 maj.

179 190 110 27 grundliga
311 190 134 26 behandling,
467 196 45 15 som
534 190 105 21 allmänna
661 188 190 22 besvärsutskottet
866 189 38 21 har
920 188 76 22 skänkt

179 218 99 22 särskildt
293 219 48 21 mitt
356 218 176 28 petitionsförslag
547 218 5 20 i
569 219 68 20 denna
652 218 58 26 fråga.
746 218 40 26 Jag
801 224 62 14 anser
882 217 115 21 utskottets

178 246 134 24 betänkande
332 253 56 20 vara,
410 248 126 20 ätminstone
557 248 23 20 sä
595 247 44 21 vidt
654 246 42 21 min
710 246 129 27 granskning
854 246 33 21 vid
903 252 25 15 en
944 246 54 21 enda

179 276 157 26 genomläsning
351 276 38 21 har
404 276 80 21 kunnat
498 276 84 21 sträcka
596 276 38 26 sig,
645 276 133 26 synnerligen
793 274 85 26 lyckadt
891 275 38 21 och
940 275 58 21 inne-

179 305 56 21 hällä
257 304 6 21 i
282 304 117 21 hufvudsak
418 304 38 21 allt
472 304 54 21 hvad
541 305 7 20 i
564 304 68 21 denna
647 303 58 27 fråga
720 304 41 21 kan
776 306 74 25 yttras.
880 303 62 22 Hvad
957 303 40 22 den

179 333 115 22 resolution
317 333 106 23 beträffar,
447 333 32 21 till
502 333 82 21 hvilken
607 333 105 21 utskottet
734 333 38 20 har
796 333 94 24 kommit,
906 332 41 21 kan
960 332 37 27 jag

179 363 55 20 dock
257 362 46 21 icke
325 361 62 26 finna,
410 364 32 19 att
461 363 39 20 den
516 368 50 16 vore
580 361 127 27 fullkomligt
722 361 201 26 tillfredsställande,
940 361 57 25 eler,

179 393 81 19 rättare
281 391 68 26 sagdt,
369 391 37 26 jag
428 390 38 21 har
489 393 55 19 ännu
568 391 17 26 ej
603 390 79 21 kunnat
698 389 56 22 bilda
770 391 42 26 mig
827 391 68 26 nägon
911 389 87 22 alldeles

180 419 46 22 klar
241 419 138 27 öfvertygelse
394 425 39 19 om,
450 419 102 22 huruvida
567 420 17 25 ej
598 419 161 26 formuleringen
772 419 64 21 borde
847 418 63 22 blifva
921 425 77 15 annor-

181 448 70 21 lunda.
281 448 50 26 (Det
346 447 95 28 tryckfel,
456 454 46 15 som
517 448 39 21 här
571 448 39 21 har
624 448 23 21 af
660 447 115 22 utskottets
790 447 126 22 ordförande
931 447 67 21 blifvit

180 477 103 24 anmärkt,
299 476 39 21 har
353 476 63 21 ocksä
432 476 22 21 af
468 477 40 26 mig
524 477 141 23 observerats;
675 477 36 26 jag
722 476 100 21 behöfver
833 476 52 21 dock
896 477 18 26 ej
927 476 71 21 vidare

180 507 113 20 omnämna
311 505 52 26 det.)
393 505 43 27 Mig
452 506 77 26 tyckes,
545 507 31 20 att
591 505 103 21 utskottet
709 511 76 20 genom
801 507 32 19 att
848 505 67 21 införa
930 505 68 21 denna

182 535 51 20 1871
251 535 34 20 ärs
301 533 121 28 förordning
436 533 7 22 i
458 534 184 21 slutresolutionen
654 533 79 22 kanske
744 533 66 27 gifver
820 535 22 20 ät
852 534 69 21 denna
932 533 66 28 punkt

182 563 21 20 af
224 563 72 26 frägan
320 569 25 14 en
361 563 69 21 alltför
446 563 57 20 stark
519 563 114 27 betydelse,
648 569 45 14 som
709 562 65 27 nägot
788 563 106 27 skymmer
909 563 48 20 bort
972 563 26 21 de

181 591 72 27 öfriga,
269 594 55 18 ännu
340 591 100 27 vigtigare
455 591 85 22 sidorna
555 592 23 20 af
591 591 70 21 saken.
692 591 103 21 Särskildt
810 594 45 18 tror
867 591 41 27 jag,
920 593 32 19 att
963 592 35 21 det

181 620 67 21 skulle
271 620 61 21 hafva
354 620 54 21 varit
430 620 97 26 önskligt,
549 627 33 15 om
596 620 44 26 just
654 620 7 20 i
676 620 184 21 slutresolutionen
880 626 26 14 en
922 620 76 27 speciel

181 648 60 26 fråga
263 648 54 22 hade
339 648 67 22 blifvit
428 648 75 22 berörd.
526 649 84 21 hvilken
626 648 112 26 ingalunda
754 650 23 19 är
792 648 23 22 af
828 649 104 21 utskottet
948 648 51 22 lem-

181 678 42 20 nad
246 676 104 22 obeaktad
372 677 6 21 i
401 677 72 26 sjeltva
489 678 159 25 motiveringen;
664 679 98 22 tvärtom,
779 678 36 20 der
831 676 111 22 förefinnes
958 677 40 21 den

181 705 80 27 ganska
276 706 33 20 väl
325 706 121 26 motiverad,
462 712 47 15 men
524 706 38 21 har
578 706 18 26 ej
612 706 39 20 här
665 706 5 20 i
687 706 141 21 resolutionen
838 706 40 21 fätt
889 705 39 21 den
940 706 58 26 poin-

181 734 75 27 tering,
277 740 45 16 som
343 734 36 26 jag
402 740 61 15 anser
485 740 50 16 vara
558 734 69 28 nödig.
658 734 42 21 Det
719 736 24 20 är
758 734 104 27 nämligen
878 734 40 22 den
933 734 65 27 fräga,

181 769 44 15 som
249 762 60 22 äfven
331 763 8 21 i
354 763 48 21 mitt
416 762 210 28 petitionsmemorial
642 762 67 22 blifvit
725 763 76 21 berörd
816 764 27 26 pä
858 762 65 22 andra
938 763 61 21 sidan

182 792 6 21 i
211 791 150 24 betänkandet,
377 791 37 22 der
430 792 35 21 det
480 792 70 22 heter:
565 792 67 22 koska
647 792 107 26 apurahan
770 792 88 27 nauttija
874 793 18 20 ei
908 792 32 21 ole
957 792 41 21 vel-

181 821 90 21 voitettu
294 820 158 22 ulosantamaan
475 827 86 15 suomen
581 820 96 22 kielisille
699 821 126 27 asiakirjoja,
847 827 53 15 vaan
919 820 79 22 kunkin

181 849 105 22 asiallisen
309 850 57 26 pitää
380 850 40 20 itse
435 850 146 21 nimenomaan
597 851 83 26 pyytää,
693 850 34 25 jos
742 850 41 29 hän
798 850 138 26 asiakirjansa
950 856 48 16 suo-

183 877 65 22 meksi
264 878 94 27 tahtoo*,
373 884 47 15 men
435 878 81 21 hvilket
532 878 130 21 förhållande
677 878 21 21 af
712 878 26 21 de
754 878 64 26 öfrige
834 878 164 27 petitionärerne

181 909 56 19 ännu
258 906 101 27 skarpare
382 905 66 22 blifvit
473 906 124 25 framhället,
620 907 23 21 sä
665 909 32 18 att
718 909 76 19 nästan
810 907 78 21 enhvar
903 906 21 22 af
939 907 60 22 desse

182 935 65 26 Ofrige
265 935 138 26 petitionärer
417 935 45 26 lagt
476 936 28 26 pä
519 935 67 22 denna
600 935 59 28 fråga
674 935 89 22 särskild
778 935 50 27 vigt.
857 936 41 26 Jag
913 935 34 22 vill
964 942 34 15 en-

182 963 47 22 dast
244 963 86 22 hänvisa
345 963 32 22 till
393 963 64 22 slutet
472 964 22 21 af
507 964 202 27 landtdagsmannen
720 965 109 21 Jaatinens
839 965 95 26 petition,
948 964 50 22 lika-

181 992 58 21 ledes
255 992 31 21 till
302 993 65 21 första
382 993 94 26 punkten
492 993 7 20 i
514 993 202 27 landtdagsmannen
727 993 122 21 Lukanders
860 993 87 27 petition
959 993 39 22 och

181 1021 31 20 till
235 1021 79 21 midten
329 1021 22 21 af
365 1021 202 26 landtdagsmannen
583 1021 101 24 Mäkeläs,
700 1021 6 21 i
722 1021 70 22 hvilka
807 1021 42 22 alla
864 1028 81 15 samma
960 1022 38 21 sak

181 1049 84 27 mycket
287 1049 72 27 skarpt
374 1049 127 25 framhälles,
518 1051 19 20 d.
553 1056 18 14 v.
587 1056 16 15 s.
619 1049 154 28 behöfligheten
788 1050 22 21 af
824 1052 32 19 att
871 1051 6 20 i
895 1051 53 20 1865
964 1051 34 21 ärs

181 1078 122 27 förordning
328 1079 39 20 den
383 1078 121 27 förändring
520 1078 73 22 blifver
608 1079 104 26 vidtagen,
727 1081 33 19 att
775 1081 48 24 part
837 1079 55 21 inför
907 1079 90 22 domstol

181 1106 52 22 eller
248 1106 138 22 ötverhufvud
402 1107 136 27 medborgare
554 1107 4 21 i
576 1108 36 21 sitt
627 1107 130 22 förhållande
772 1107 32 22 till
824 1107 174 29 embetsmyndig-

180 1135 89 22 heterna
283 1135 67 22 skulle
365 1142 50 15 vara
430 1136 120 27 berättigad
565 1139 31 19 att
611 1139 50 18 utan
677 1137 91 21 särskild
779 1137 91 27 begäran
882 1137 27 27 pä
919 1137 79 22 sådana

181 1167 63 21 orter,
267 1165 38 21 der
322 1164 67 22 finska
405 1165 85 27 spräket
506 1167 24 19 är
544 1166 36 20 det
595 1165 105 22 allmänna
715 1167 136 25 tungomälet,
867 1165 80 22 erhälla
962 1165 36 22 det

180 1192 46 27 slag
248 1193 23 21 af
291 1192 104 28 skriftliga
415 1193 139 22 resolutioner
575 1194 27 26 pä
624 1193 73 27 finska,
713 1200 45 15 som
774 1194 137 22 öfverhufvud
926 1194 72 27 hvarje

181 1222 65 20 sädan
261 1221 122 28 myndighet
398 1223 24 20 är
436 1222 82 27 skyldig
532 1225 32 18 att
579 1222 82 27 afgifva,
677 1225 32 18 att
718 1222 82 21 säledes
811 1223 68 20 denna
889 1222 109 22 inskränk-

180 1249 56 27 ning,
256 1252 31 19 att
308 1250 75 21 sädant
405 1249 67 22 skulle
497 1250 50 21 bero
570 1251 28 27 pä
620 1253 84 24 partens
726 1251 51 21 eller
790 1251 40 21 den
845 1251 65 22 saken
924 1254 74 19 röran-

181 1278 36 21 des
243 1278 104 22 särskilda
372 1278 92 27 begäran
492 1279 66 22 skulle
587 1279 122 27 upphäfvas.
748 1279 158 28 Behöfligheten
929 1280 22 21 af
972 1286 26 15 en

180 1307 64 21 sädan
265 1307 122 26 förändring
408 1307 39 22 har
462 1307 60 22 äfven
538 1308 20 21 af
572 1307 104 22 utskottet
690 1309 7 20 i
713 1308 150 26 motiveringen
879 1308 77 27 pagina
971 1310 27 20 15

179 1335 82 25 ganska
283 1335 69 20 starkt
373 1335 134 25 framhällits,
530 1341 47 15 men
598 1335 36 21 det
656 1336 54 21 hade
732 1337 62 24 varit,
810 1337 72 25 tyckes
898 1337 35 20 det
949 1337 49 26 mig,

180 1363 134 26 nödvändigt,
330 1364 33 19 att
377 1363 112 21 resultatet
503 1363 23 21 af
540 1364 68 21 denna
623 1363 125 28 motivering
764 1363 68 22 skulle
846 1364 63 21 hafva
922 1365 76 20 införts

179 1391 6 21 i
209 1390 186 22 slutresolutionen
417 1391 52 22 eller
490 1391 41 22 den
552 1397 16 16 s.
589 1392 21 21 k.
625 1391 112 27 klämmen,
754 1393 88 20 emedan
858 1393 60 21 detta
932 1394 24 20 är
972 1399 26 15 en

179 1419 100 22 afvikelse
299 1420 46 21 frän
368 1420 54 22 1865
444 1420 35 21 ärs
500 1420 125 27 författning
647 1421 39 21 och
701 1420 89 23 sälunda
802 1421 75 22 endast
891 1421 107 22 sätillvida

179 1449 42 21 kan
237 1448 57 22 föras
309 1449 68 21 under
392 1449 68 22 denna
475 1448 129 28 författning,
620 1455 45 16 som
681 1450 36 21 det
732 1449 119 28 inbegripes
866 1451 6 21 i
888 1450 27 22 de
925 1451 73 21 vidare

180 1477 106 27 åtgärder,
309 1484 44 15 som
374 1477 7 21 i
404 1479 68 21 denna
493 1477 123 28 författning
637 1479 99 21 utlofvas.
766 1479 10 21 I
799 1479 59 21 detta
878 1479 120 22 hänseende

179 1506 68 22 skulle
266 1506 37 28 jag
320 1506 82 22 säledes
417 1507 73 25 önska,
505 1508 32 20 att
553 1507 35 22 det
604 1507 130 27 högvördiga
749 1507 84 23 ständet
850 1508 47 22 ville
911 1508 87 28 vidtaga
