1089 1800
208 137 42 21 660
430 143 158 17 Presteståndet
601 144 53 16 1877.
678 144 13 16 4
703 144 47 20 maj.

180 211 75 25 börda,
278 218 44 14 som
344 212 69 26 kriget
434 211 106 27 pålägger,
563 212 69 21 såvidt
655 212 35 20 det
704 211 103 27 någonsin
822 213 23 19 är
860 211 92 27 möjligt;
969 224 27 2 —

180 246 49 15 men
248 240 37 26 jag
300 240 68 21 skulle
382 240 50 26 vilja
446 240 87 27 tillägga
546 240 45 27 just
605 241 62 21 dessa
682 240 47 21 ord:
746 240 82 25 ,såvidt
844 240 35 21 det
894 240 103 27 någonsin

180 270 25 20 är
219 269 102 26 möjligt";
337 271 22 25 ty
375 269 109 27 meningen
499 269 42 21 kan
551 270 34 20 väl
595 270 46 21 icke
651 275 51 15 vara
714 269 47 26 den,
770 270 32 20 att
812 269 19 21 vi
842 269 60 21 skola
914 271 84 19 utarma

181 304 35 15 oss
238 297 52 22 eller
311 299 68 20 störta
401 304 34 15 oss
458 298 74 26 sjelfva
554 298 7 21 i
583 298 49 24 nöd,
656 298 34 21 för
705 299 32 20 att
751 298 71 26 hjelpa
838 298 73 21 andra.
940 298 57 21 Vore

181 327 68 21 denna
270 334 25 13 en
313 326 72 27 miljon
400 327 61 21 mark
476 334 25 14 en
516 334 89 17 summa,
620 333 45 15 som
680 326 20 22 vi
715 327 68 21 skulle
798 327 71 21 kunna
884 328 51 20 utan
950 333 48 21 syn-

181 356 67 26 nerlig
268 355 108 27 svärighet
390 356 170 27 sammanbringa
576 356 51 22 eller
641 356 94 25 umbära,
751 362 51 15 vore
818 356 35 21 det
869 362 26 15 en
910 356 88 27 obetyd-

180 384 66 27 lighet
267 386 33 20 att
321 384 133 22 bortskänka
476 385 40 21 den
537 385 33 21 för
593 387 30 19 ett
639 384 74 22 sådant
728 385 105 27 ändamål,
848 391 45 15 som
908 391 30 15 nu
953 386 24 20 är
991 386 7 20 i

180 413 66 27 fråga.
277 413 48 21 Men
348 413 90 21 Finland
461 416 23 18 är
504 415 23 25 ju
550 416 31 19 ett
602 414 72 26 fattigt
696 414 39 20 och
751 414 60 27 ringa
826 414 49 20 land
891 414 48 21 med
954 414 45 21 små

182 448 111 15 ressurser.
322 442 34 21 En
375 442 139 27 frikostighet,
531 442 64 22 sädan
611 449 44 15 som
671 442 40 22 den
726 442 7 21 i
747 442 160 27 frägavarande,
924 442 74 26 skulle,

182 471 70 21 säsom
272 471 37 27 jag
331 473 51 24 tror,
398 471 46 21 icke
459 477 61 15 svara
535 474 44 18 mot
593 471 51 21 vära
659 472 60 26 ringa
733 471 119 27 tillgängar.
882 472 47 21 Den
944 471 54 21 före-

181 500 73 26 slagna
277 506 96 15 summan
394 506 62 21 synes
478 501 41 26 mig
541 501 23 20 sä
587 500 99 26 ofantligt
700 502 51 23 stor,
768 502 32 19 att
816 501 35 20 det
866 500 34 21 väl
915 501 83 20 fordras

181 528 129 26 betänketid,
332 529 65 20 innan
419 529 21 21 vi
462 528 83 22 besluta
568 535 33 15 oss
617 531 32 19 att
663 531 52 24 göra
730 535 25 15 en
771 529 24 21 sä
809 529 120 27 betydande
945 535 53 21 upp-

182 557 80 26 offring.
293 557 111 21 Sannolikt
426 557 44 22 stär
485 557 69 27 kriget
569 561 58 18 snart
642 557 61 22 äfven
718 557 33 21 för
765 557 38 22 vär
818 564 51 21 egen
886 558 50 21 dörr
950 558 48 21 med

181 586 43 21 alla
246 586 24 21 de
293 586 92 27 olyckor,
401 592 45 16 som
460 587 111 26 vanligtvis
587 587 85 21 dermed
688 587 63 26 pläga
765 586 62 28 följa:
843 587 51 21 vära
909 587 89 21 hamnar

181 615 117 26 blockeras,
313 615 83 26 handel,
412 616 95 28 industri,
523 615 198 22 affärsverksamhet
737 616 92 26 stockas,
844 616 40 21 och
899 616 33 21 till
947 616 51 26 räga

181 643 27 27 pä
231 644 37 21 allt
290 644 43 21 kan
355 644 35 21 det
411 646 56 19 ännu
488 644 90 24 inträffa,
598 646 32 19 att
646 644 19 21 vi
680 644 27 27 gå
722 646 31 19 ett
768 644 100 27 olyckligt
883 644 68 22 nödär
966 645 32 21 till

181 674 74 20 mötes.
285 673 11 21 I
317 673 141 21 betraktande
481 673 22 21 af
524 673 37 21 allt
583 673 59 21 detta
664 675 45 19 tror
721 673 38 27 jag
774 674 36 20 det
824 680 52 14 vara
890 674 39 20 allt
944 673 53 27 skäl,

182 703 32 19 att
235 702 20 20 vi
276 701 80 22 handla
377 702 47 21 med
440 702 40 21 den
495 702 105 27 möjligast
615 703 79 20 största
708 702 140 27 försigtighet.
878 702 41 25 Jag
934 702 64 27 vägar

182 730 72 21 derför
275 730 113 21 hemställa
410 730 32 21 till
466 731 36 21 det
522 730 129 27 högvördiga
672 730 90 27 ståndet,
782 731 104 21 huruvida
902 731 35 21 det
951 731 47 21 icke

181 765 51 15 vore
254 759 130 24 välbetänkt,
407 761 32 19 att
454 759 20 21 vi
488 759 98 21 nedsätta
601 760 70 20 denna
685 766 82 14 summa
781 759 32 21 till
828 759 81 21 hälften
926 760 22 20 af
962 760 36 20 det

181 787 120 27 föreslagna
323 788 105 26 beloppet,
445 788 39 21 och
497 788 36 27 jag
548 788 65 26 vägar
628 788 69 21 tillika
711 788 69 21 uttala
795 788 41 21 den
851 788 145 27 öfvertygelse,

182 818 32 19 att
234 816 59 21 Hans
315 816 118 27 Kejserliga
448 816 99 27 Majestät
563 817 36 21 vär
615 817 148 26 allernädigste
779 817 87 27 Kejsare
882 817 40 21 och
938 817 59 21 Stor-

180 845 74 25 furste,
277 845 47 21 med
347 852 81 14 samma
450 845 77 26 nädiga
541 846 103 26 välbehag
659 846 54 20 skall
728 847 77 25 antaga
821 846 65 25 detta,
902 852 45 15 som
963 852 34 15 om

182 874 36 21 det
232 874 61 26 gälde
309 880 26 14 en
350 873 118 28 uppofiring
483 873 22 22 af
519 880 25 15 en
560 874 87 22 dubbelt
662 874 23 21 sä
700 876 45 20 stor
760 881 87 15 summa.
878 874 42 21 För
934 874 64 27 öfrigt

181 908 61 15 anser
260 902 35 27 jag
311 902 35 22 det
361 903 47 21 icke
422 909 51 15 vara
488 903 95 27 omöjligt
598 905 32 19 att
644 910 75 20 genom
735 903 143 27 subskription
894 910 104 15 samman-

180 930 74 28 bringa
268 932 8 20 i
290 931 48 21 hela
353 931 71 21 landet
439 932 80 26 ganska
534 932 106 27 betydliga
656 932 80 27 bidrag.

248 988 90 21 Prosten
352 988 148 22 Varelius:
524 988 44 22 Min
585 989 138 27 öfvertygelse
738 991 24 19 är
777 990 32 20 att
824 990 20 20 vi
855 990 61 20 skola
926 990 73 20 förena

181 1022 34 16 oss
238 1023 33 15 om
292 1017 41 21 den
356 1017 60 26 äsigt,
439 1017 77 21 doktor
530 1018 69 26 Bergh
615 1018 84 24 uttalat,
714 1018 7 20 i
736 1018 39 20 allt
790 1020 64 19 annat
869 1020 59 19 utom
944 1018 54 21 hvad

181 1047 65 19 sättet
268 1046 33 20 för
316 1045 136 21 anskaffande
467 1046 22 20 af
503 1046 40 20 den
558 1052 87 21 summa,
661 1053 44 14 som
721 1048 24 19 är
760 1047 7 20 i
782 1046 66 26 fräga,
864 1046 72 27 angär.
965 1046 34 21 Dä

180 1074 21 21 vi
220 1074 56 26 fingo
298 1074 7 20 i
327 1074 97 27 uppdrag
439 1074 23 21 af
476 1074 51 21 vära
541 1075 159 21 kommittenter
715 1077 32 19 att
762 1074 35 22 vid
813 1076 69 20 denna
896 1075 102 26 landtdag

180 1103 58 27 sörja
252 1103 32 21 för
300 1102 35 22 det
350 1103 106 21 allmänna
471 1104 68 23 bästa,
554 1110 37 14 var
607 1104 36 20 det
655 1105 56 19 ännu
721 1104 18 26 ej
755 1104 74 27 kändt,
838 1106 32 19 att
881 1106 31 19 ett
923 1104 76 21 sädant

180 1131 66 21 behof
259 1132 70 20 kunde
344 1132 82 26 uppstå,
442 1138 46 15 som
503 1138 28 15 nu
546 1134 23 19 är
584 1133 7 20 i
606 1132 65 27 fråga,
687 1132 39 21 och
742 1132 83 21 derföre
840 1132 71 22 kunde
921 1133 21 20 vi
952 1132 46 22 icke

180 1160 22 22 få
224 1160 64 27 något
309 1161 97 26 uppdrag
428 1161 7 20 i
457 1161 58 21 detta
538 1161 105 23 afseende,
673 1162 53 20 Vårt
744 1162 96 26 uppdrag
856 1162 96 21 sträcker
968 1161 31 27 sig

181 1189 70 21 såsom
266 1189 68 27 sagdt,
350 1189 32 21 till
397 1191 32 19 att
444 1190 56 27 sörja
516 1190 33 21 för
564 1190 36 21 det
610 1190 106 21 allmänna
725 1190 70 26 bästa;
805 1196 47 15 men
860 1190 40 21 den
911 1196 87 18 summa,

181 1224 45 15 sam
241 1225 28 14 nu
284 1218 61 25 afses,
361 1218 79 27 åsyftar
455 1219 46 21 icke
516 1221 32 19 att
563 1219 81 21 direkte
659 1219 51 27 fylla
725 1219 63 26 något
804 1219 22 21 af
834 1219 84 22 landets
929 1219 70 25 behof,

181 1249 52 19 utan
253 1247 42 20 kan
317 1247 64 21 också
397 1247 109 22 betraktas
521 1247 70 22 såsom
607 1254 25 15 en
647 1248 68 26 gäfva.
745 1247 78 22 Derför
839 1255 61 14 anser
913 1248 37 27 jag
965 1254 34 15 oss

180 1276 46 21 icke
242 1282 50 15 vara
306 1275 133 27 berättigade
455 1278 32 19 att
501 1277 22 20 af
537 1277 192 26 bevillningsmedel
745 1277 87 21 förorda
847 1277 69 21 denna
926 1277 73 27 utgift;

181 1304 109 21 hvaremot
307 1305 92 26 önskligt
414 1311 57 19 vore,
486 1307 32 19 att
534 1305 35 22 det
584 1305 130 27 högvördiga
727 1305 84 22 ståndet
822 1306 52 21 eller
884 1306 116 21 ständerna

181 1333 68 20 skulle
264 1333 89 20 uttänka
367 1333 65 25 något
448 1336 63 18 annat
527 1336 42 18 sätt
585 1337 32 17 att
631 1335 171 25 sammanbringa
816 1335 69 20 medel
896 1335 32 20 till
940 1335 59 20 detta

181 1360 105 26 ändamål,
302 1360 121 26 förslagsvis
438 1363 14 18 t.
468 1367 31 14 ex.
515 1361 150 27 subskription.

249 1416 81 22 Rektor
347 1417 143 21 Kihlman
510 1417 81 27 trodde,
612 1420 32 19 att
662 1418 101 27 förslaget
782 1425 34 14 om
835 1418 95 22 medlens
946 1424 55 15 sam-

182 1445 164 27 manbringande
368 1452 76 21 genom
466 1446 145 27 subskription
632 1446 46 22 icke
699 1447 68 22 skulle
789 1448 47 21 leda
860 1448 33 20 till
909 1447 91 22 önskadt

180 1474 95 22 resultat.
