1089 1775
338 116 158 18 Presteståndet
508 117 53 17 1877.
584 118 27 16 24
622 118 47 20 maj.
829 112 39 20 941

80 184 138 22 strationen".
248 185 41 26 Jag
304 184 37 23 ber
357 187 31 20 att
403 185 20 22 få
438 188 50 24 taga
502 185 55 22 fasta
572 186 28 26 på
615 186 59 21 detta
689 186 84 26 uttryck
788 186 32 21 för
836 186 62 21 fram-

82 213 44 21 tida
149 213 69 21 behof.
248 214 49 21 Men
319 214 95 21 deremot
435 214 40 21 kan
496 214 36 27 jag
554 215 17 25 ej
594 216 70 23 annat,
688 216 26 19 än
730 214 27 27 på
772 214 36 22 det
823 214 75 27 högsta

80 242 66 26 ogilla
165 242 68 21 denne
247 242 68 27 tredje
331 244 113 23 reservant,
460 243 27 21 då
502 243 42 21 han
558 243 76 21 inlåter
649 243 31 26 sig
695 243 27 27 på
737 243 102 21 motivens
854 250 44 14 om-

80 270 57 26 råde,
153 276 45 16 som
214 270 42 22 han
271 272 38 25 gör
325 271 26 26 på
365 272 77 25 pagina
457 272 34 25 20,
508 271 26 21 då
549 271 40 21 han
606 272 37 20 der
658 271 127 27 framhåller,
796 271 101 21 hurusom

80 299 137 26 pluraliteten
239 299 56 21 inom
319 299 106 22 allmänna
447 300 191 21 besvärsutskottet
660 299 69 22 skulle
746 300 63 21 hafva
824 302 74 24 vägrat

79 330 34 19 att
128 327 90 22 omfatta
233 327 52 22 hans
300 328 79 27 förslag
395 328 88 27 derföre,
498 331 33 18 att
546 329 68 20 denna
629 327 108 30 pluralitet
752 328 68 21 skulle
834 328 64 21 hafva

81 356 48 27 hyst
151 363 26 14 en
198 356 105 22 ästundan
325 359 46 22 ,att
386 357 56 21 hålla
457 357 25 22 de
498 357 113 22 sväfvande
626 357 99 26 frågorna
740 359 70 25 öppna
824 357 33 21 för
872 363 25 15 en

79 385 88 22 fortsatt
183 385 137 28 bearbetning
335 385 33 22 till
383 385 82 28 lösning
480 386 22 21 af
512 386 112 25 desamma,
634 386 46 21 icke
693 385 54 23 efter
758 385 140 28 billighetens,

80 416 51 19 utan
154 414 54 22 efter
230 414 39 22 den
286 415 107 26 språkliga
407 415 172 22 nationalitetens
594 415 67 21 under
676 415 221 21 missförhållandenas

80 443 83 27 retning
185 443 147 27 genomdrifna
354 446 120 24 program".
503 444 42 21 Det
560 450 61 21 synes
637 443 41 27 mig
694 449 50 17 vara
759 449 26 16 en
800 444 98 26 omening

78 472 61 21 detta
154 474 32 19 att
201 473 51 26 säga
268 478 34 16 om
318 475 142 24 programmet
475 475 32 19 att
522 473 36 21 det
573 474 24 20 är
610 467 160 32 genomdrifvet.
800 473 42 20 Det
855 472 42 21 kan

79 507 51 14 vara
144 501 177 25 ,durchdrifvet*,
337 507 47 15 men
399 501 46 21 icke
460 503 24 19 är
499 501 36 22 det
549 501 162 27 genomdrifver;
727 500 58 28 långt
798 501 98 21 derifrän.

79 530 48 21 Men
143 530 7 20 i
165 529 114 22 allmänhet
295 529 44 27 allt,
355 530 55 21 hvad
426 536 44 15 som
485 530 39 27 gär
538 530 22 21 in
575 530 27 27 pä
618 529 130 22 menniskors
760 530 65 21 motiv
836 535 61 16 anser

77 558 36 27 jag
128 558 148 27 otillständigt.

147 616 83 21 Doktor
245 616 141 27 Hornborg:
403 616 31 22 De
449 616 169 28 betänkligheter
627 618 44 19 mot
681 616 59 21 detta
751 615 146 22 betänkandes

77 644 108 26 slutkläm,
209 645 72 21 hvilka
302 651 28 15 nu
352 645 6 21 i
380 645 83 21 ståndet
483 644 67 22 blifvit
566 644 125 22 framhällna
705 645 23 21 af
742 644 75 26 mänge
833 645 63 21 ärade

77 674 75 25 talare,
173 673 63 21 hafva
258 673 125 22 förefunnits
405 674 61 21 äfven
488 675 6 20 i
516 674 104 21 utskottet
643 674 34 20 vid
697 658 164 41 formuleringen
877 672 21 22 af

78 703 69 20 denna
169 702 64 26 kläm,
249 702 40 22 och
304 702 61 22 äfven
381 702 81 22 efteråt.
493 703 47 21 Men
557 703 88 21 likasom
662 702 18 26 ej
697 702 104 22 utskottet
816 702 81 21 kunnat

77 730 22 21 få
115 731 40 21 den
171 731 76 26 bättre,
263 730 40 22 har
318 732 57 20 ännu
389 731 19 26 ej
424 731 66 21 heller
505 731 64 27 något
584 731 103 21 definitivt
701 725 79 32 förslag
795 730 39 21 här
844 730 52 21 kun-

78 761 37 19 nat
131 759 164 26 åstadkommas,
311 760 135 26 hvarigenom
462 760 35 21 det
512 760 124 21 obestämda
650 759 8 21 i
674 759 68 21 denna
757 759 56 21 kläm
828 758 68 22 skulle

78 788 71 21 kunna
171 788 110 21 undvikas.
311 788 42 22 För
368 790 32 19 att
415 788 99 27 förklara,
530 788 97 21 hvarföre
644 788 58 20 detta
717 788 42 21 slut
775 789 23 19 är
813 787 83 21 sådant.

79 822 44 16 som
147 816 35 21 det
204 818 29 22 är,
256 817 38 21 ber
314 817 36 27 jag
372 819 32 19 att
419 816 21 22 få
455 816 56 22 fästa
525 816 213 28 uppmärksamheten
754 816 100 21 särskildt
870 816 27 26 på

78 845 77 27 pagina
173 846 24 20 15
213 846 24 20 af
250 846 150 27 betänkandet,
416 852 45 15 som
476 846 116 21 innehåller
607 846 109 26 lösningen
732 846 22 24 af
763 845 68 21 denna
842 845 55 27 gåta.

79 874 42 21 Det
135 874 62 21 heter
212 875 37 20 der
264 875 117 26 nämligen:
397 874 89 27 ,Sjelfva
501 877 65 19 sättet
581 874 33 22 för
629 880 25 15 en
668 872 133 29 förändrings
811 880 85 20 genom-

78 903 89 21 förande
190 903 73 21 härvid
286 903 61 22 torde
363 903 31 21 till
410 909 25 15 en
451 903 42 22 viss
508 903 52 27 grad
576 909 38 18 ega
629 903 81 20 mindre
726 903 50 27 vigt.
806 902 39 21 Om
862 903 35 20 det

78 932 7 21 i
108 932 93 27 enlighet
223 932 47 21 med
293 932 25 21 de
334 931 23 22 af
371 932 201 27 landtdagsmännen
588 931 130 26 Liukkonen,
734 931 106 25 Jaatinen,
855 931 42 21 Lu-

79 961 81 20 kander
181 961 38 20 och
243 961 83 21 Mäkelä
347 961 124 21 framstälda
494 960 156 27 önskningsmål
671 960 67 22 blefve
754 967 25 14 en
794 960 55 26 gång
864 959 33 22 för

78 989 43 22 alla
135 989 140 27 föreskrifvet,
291 992 32 19 att
338 990 32 21 uti
385 989 67 22 finska
466 991 82 20 trakter
563 989 23 22 af
599 989 46 22 vårt
660 989 49 21 land
725 989 172 27 expeditionerna

79 1018 65 21 borde
166 1018 96 21 utfärdas
283 1019 28 26 på
331 1018 74 23 finska,
426 1021 58 18 utom
506 1019 26 21 då
555 1019 69 26 någon
646 1018 100 24 särskildt
761 1017 89 22 anhållit
862 1023 34 15 om

78 1047 165 26 handlingarnas
265 1047 177 21 utbekommande
462 1047 27 27 på
504 1047 90 22 svenska
608 1047 93 26 språket,
717 1050 27 25 —
760 1047 75 20 medan
850 1046 46 21 der-

77 1078 59 19 emot
151 1078 31 19 ett
197 1076 100 21 omvändt
313 1076 131 21 förhållande
460 1076 67 21 skulle
542 1082 39 20 ega
596 1082 46 15 rum
658 1075 7 21 i
680 1075 88 26 trakter,
785 1075 37 21 der
837 1081 60 14 sven-

79 1105 38 20 ska
139 1104 87 28 språket
249 1106 23 19 är
294 1105 158 26 öfvervägande,
475 1118 28 2 —
524 1105 51 21 eller
590 1111 34 14 om
640 1104 36 21 det
690 1103 122 29 faststäldes
828 1103 68 22 såsom

79 1133 62 27 regel,
165 1135 32 19 att
219 1133 172 27 expeditionerna
411 1134 71 21 städse
498 1133 65 22 borde
578 1133 96 22 utfärdas
688 1133 28 26 på
731 1133 80 21 samma
826 1131 70 28 språk,

78 1167 46 16 som
139 1163 130 25 sakegarene
285 1161 72 28 sjelfva
372 1163 7 20 i
394 1162 31 21 sin
441 1163 69 26 inlaga
526 1162 51 21 eller
592 1162 36 21 sitt
644 1161 102 27 muntliga
760 1161 137 27 andragande

77 1192 56 21 inför
155 1194 70 19 rätten
248 1191 111 27 begagnat,
383 1192 60 21 torde
465 1191 79 27 följden
564 1192 7 20 i
594 1190 119 22 hufvudsak
728 1190 64 22 blifva
809 1190 88 26 ungefär

78 1220 117 22 enahanda.
227 1220 106 22 Måhända
353 1226 50 16 vore
424 1221 36 21 det
481 1227 74 15 senare
577 1219 135 22 alternativet
744 1221 20 19 att
778 1219 118 27 föredraga,

78 1249 56 21 helst
157 1249 121 27 derigenom
299 1250 64 20 också
386 1250 39 20 den
448 1250 113 26 anledning
576 1249 32 21 till
623 1249 51 21 tvist
689 1248 68 22 blefye
772 1248 125 26 undanröjd,

78 1284 46 15 som
146 1278 69 26 någon
237 1278 56 27 gång
314 1280 65 25 yppat
401 1278 31 27 sig
454 1278 6 21 i
483 1278 52 27 följd
550 1278 23 21 af
586 1277 169 22 vederbörandes
770 1278 79 25 vägran
865 1278 33 19 att

79 1306 44 22 låta
144 1313 108 21 personer,
277 1307 72 21 hvilka
370 1307 114 26 veterligen
506 1307 70 21 känna
596 1306 96 26 svenska,
708 1301 148 31 tillgodonjuta
872 1304 26 22 de

78 1335 83 21 landets
176 1335 68 21 finska
256 1336 85 20 talande
351 1335 100 21 invånare
461 1335 201 27 författningsenligt
674 1334 138 26 garanterade
823 1334 75 26 rättig-

79 1364 66 26 heter,
165 1376 26 3 —
207 1370 26 15 en
248 1364 113 25 ätskilnad,
377 1370 44 15 som
437 1364 113 26 ingalunda
565 1364 61 21 torde
642 1363 70 21 kunna
726 1363 74 26 gillas
815 1374 27 4 —
858 1362 40 21 och

79 1399 25 15 en
127 1392 111 26 åtskilnad,
260 1394 48 20 med
324 1393 83 21 hvilken
422 1393 81 21 kanske
518 1392 106 26 professor
638 1392 104 21 Forsman
757 1391 19 26 ej
792 1390 66 22 heller
874 1392 24 19 är

78 1420 129 26 fullkomligt
230 1420 98 22 obekant.
358 1421 66 20 Dessa
447 1422 76 19 tvänne
546 1420 57 20 olika
630 1421 44 19 sätt
698 1420 32 20 att|
754 1418 85 22 komma
865 1417 33 21 till

78 1448 66 21 målet
164 1448 70 22 blefvo
256 1449 7 21 i
284 1448 106 22 utskottet
409 1448 127 21 framhållna
551 1448 39 21 och
606 1446 54 22 hade
675 1446 104 22 hvardera
794 1447 46 21 sina
855 1445 43 21 för-

79 1482 96 21 svarare;
199 1477 61 21 deraf
280 1477 96 22 kommer
399 1476 42 26 det,
464 1478 32 19 att
518 1482 49 15 man
586 1476 18 27 ej
627 1475 71 22 kunde
712 1477 94 24 upptaga
822 1474 40 22 den
878 1474 22 21 af

78 1505 205 28 landtdagsmännen
304 1505 105 27 Jaatinen,
431 1505 113 22 Lukander
564 1504 39 23 och
618 1503 86 22 Mäkelä
719 1504 94 21 önskade
828 1503 70 28 åtgär-
