<?xml version="1.0" encoding="UTF-8"?>
<alto xmlns="http://www.loc.gov/standards/alto/ns-v3#" xmlns:xlink="http://www.w3.org/1999/xlink" xmlns:xsi="http://www.w3.org/2001/XMLSchema-instance" xsi:schemaLocation="http://www.loc.gov/standards/alto/ns-v3# http://www.loc.gov/alto/v3/alto-3-0.xsd">
	<Description>
		<MeasurementUnit>pixel</MeasurementUnit>
		<sourceImageInformation>
			<fileName>/tmp/tess_i2ilm9zf_input.PNG</fileName>
		</sourceImageInformation>
		<OCRProcessing ID="OCR_0">
			<ocrProcessingStep>
				<processingSoftware>
					<softwareName>tesseract 5.3.4</softwareName>
				</processingSoftware>
			</ocrProcessingStep>
		</OCRProcessing>
	</Description>
	<Layout>
		<Page WIDTH="1084" HEIGHT="1784" PHYSICAL_IMG_NR="0" ID="page_0">
			<PrintSpace HPOS="0" VPOS="0" WIDTH="1084" HEIGHT="1784">
				<ComposedBlock ID="cblock_0" HPOS="349" VPOS="109" WIDTH="533" HEIGHT="27">
					<TextBlock ID="block_0" HPOS="349" VPOS="109" WIDTH="533" HEIGHT="27">
						<TextLine ID="line_0" HPOS="349" VPOS="109" WIDTH="533" HEIGHT="27">
							<String ID="string_0" HPOS="349" VPOS="114" WIDTH="158" HEIGHT="19" WC="0.91" CONTENT="Presteståndet"/><SP WIDTH="13" VPOS="114" HPOS="507"/>
							<String ID="string_1" HPOS="520" VPOS="116" WIDTH="52" HEIGHT="16" WC="0.96" CONTENT="1877."/><SP WIDTH="24" VPOS="116" HPOS="572"/>
							<String ID="string_2" HPOS="596" VPOS="116" WIDTH="26" HEIGHT="16" WC="0.96" CONTENT="22"/><SP WIDTH="12" VPOS="116" HPOS="622"/>
							<String ID="string_3" HPOS="634" VPOS="116" WIDTH="46" HEIGHT="20" WC="0.96" CONTENT="maj."/><SP WIDTH="161" VPOS="116" HPOS="680"/>
							<String ID="string_4" HPOS="841" VPOS="109" WIDTH="41" HEIGHT="20" WC="0.96" CONTENT="867"/>
						</TextLine>
					</TextBlock>
				</ComposedBlock>
				<GraphicalElement ID="cblock_1" HPOS="418" VPOS="143" WIDTH="493" HEIGHT="6"></GraphicalElement >
				<ComposedBlock ID="cblock_2" HPOS="73" VPOS="172" WIDTH="838" HEIGHT="95">
					<TextBlock ID="block_1" HPOS="73" VPOS="172" WIDTH="838" HEIGHT="95">
						<TextLine ID="line_1" HPOS="94" VPOS="172" WIDTH="817" HEIGHT="40">
							<String ID="string_5" HPOS="94" VPOS="183" WIDTH="84" HEIGHT="27" WC="0.92" CONTENT="spåriga"/><SP WIDTH="20" VPOS="183" HPOS="178"/>
							<String ID="string_6" HPOS="198" VPOS="172" WIDTH="130" HEIGHT="38" WC="0.58" CONTENT="jernvägar,"/><SP WIDTH="13" VPOS="172" HPOS="328"/>
							<String ID="string_7" HPOS="341" VPOS="184" WIDTH="87" HEIGHT="22" WC="0.96" CONTENT="likasom"/><SP WIDTH="21" VPOS="184" HPOS="428"/>
							<String ID="string_8" HPOS="449" VPOS="184" WIDTH="36" HEIGHT="28" WC="0.93" CONTENT="jag"/><SP WIDTH="23" VPOS="184" HPOS="485"/>
							<String ID="string_9" HPOS="508" VPOS="184" WIDTH="100" HEIGHT="27" WC="0.92" CONTENT="derjemte"/><SP WIDTH="21" VPOS="184" HPOS="608"/>
							<String ID="string_10" HPOS="629" VPOS="184" WIDTH="84" HEIGHT="21" WC="0.95" CONTENT="förenar"/><SP WIDTH="15" VPOS="184" HPOS="713"/>
							<String ID="string_11" HPOS="728" VPOS="184" WIDTH="42" HEIGHT="26" WC="0.96" CONTENT="mig"/><SP WIDTH="15" VPOS="184" HPOS="770"/>
							<String ID="string_12" HPOS="785" VPOS="184" WIDTH="6" HEIGHT="20" WC="0.96" CONTENT="i"/><SP WIDTH="16" VPOS="184" HPOS="791"/>
							<String ID="string_13" HPOS="807" VPOS="183" WIDTH="104" HEIGHT="27" WC="0.96" CONTENT="professor"/>
						</TextLine>
						<TextLine ID="line_2" HPOS="95" VPOS="212" WIDTH="816" HEIGHT="28">
							<String ID="string_14" HPOS="95" VPOS="212" WIDTH="119" HEIGHT="26" WC="0.92" CONTENT="Forsmans,"/><SP WIDTH="23" VPOS="212" HPOS="214"/>
							<String ID="string_15" HPOS="237" VPOS="213" WIDTH="69" HEIGHT="20" WC="0.96" CONTENT="såsom"/><SP WIDTH="20" VPOS="213" HPOS="306"/>
							<String ID="string_16" HPOS="326" VPOS="213" WIDTH="36" HEIGHT="26" WC="0.96" CONTENT="jag"/><SP WIDTH="23" VPOS="213" HPOS="362"/>
							<String ID="string_17" HPOS="385" VPOS="213" WIDTH="70" HEIGHT="26" WC="0.96" CONTENT="tyckte"/><SP WIDTH="23" VPOS="213" HPOS="455"/>
							<String ID="string_18" HPOS="478" VPOS="213" WIDTH="84" HEIGHT="27" WC="0.96" CONTENT="mycket"/><SP WIDTH="15" VPOS="213" HPOS="562"/>
							<String ID="string_19" HPOS="577" VPOS="213" WIDTH="88" HEIGHT="21" WC="0.96" CONTENT="sansade"/><SP WIDTH="16" VPOS="213" HPOS="665"/>
							<String ID="string_20" HPOS="681" VPOS="212" WIDTH="38" HEIGHT="22" WC="0.96" CONTENT="och"/><SP WIDTH="16" VPOS="212" HPOS="719"/>
							<String ID="string_21" HPOS="735" VPOS="213" WIDTH="33" HEIGHT="21" WC="0.96" CONTENT="väl"/><SP WIDTH="16" VPOS="213" HPOS="768"/>
							<String ID="string_22" HPOS="784" VPOS="212" WIDTH="127" HEIGHT="21" WC="0.96" CONTENT="motiverade"/>
						</TextLine>
						<TextLine ID="line_3" HPOS="73" VPOS="240" WIDTH="104" HEIGHT="27">
							<String ID="string_23" HPOS="73" VPOS="264" WIDTH="1" HEIGHT="3" WC="0.28" CONTENT="="/><SP WIDTH="20" VPOS="264" HPOS="74"/>
							<String ID="string_24" HPOS="94" VPOS="240" WIDTH="83" HEIGHT="26" WC="0.95" CONTENT="förslag."/>
						</TextLine>
					</TextBlock>
				</ComposedBlock>
				<ComposedBlock ID="cblock_3" HPOS="90" VPOS="296" WIDTH="821" HEIGHT="569">
					<TextBlock ID="block_2" HPOS="90" VPOS="296" WIDTH="821" HEIGHT="569">
						<TextLine ID="line_4" HPOS="162" VPOS="296" WIDTH="749" HEIGHT="28">
							<String ID="string_25" HPOS="162" VPOS="296" WIDTH="85" HEIGHT="22" WC="0.93" CONTENT="Doktor"/><SP WIDTH="14" VPOS="296" HPOS="247"/>
							<String ID="string_26" HPOS="261" VPOS="296" WIDTH="131" HEIGHT="22" WC="0.92" CONTENT="Andelin:"/><SP WIDTH="15" VPOS="296" HPOS="392"/>
							<String ID="string_27" HPOS="407" VPOS="297" WIDTH="40" HEIGHT="27" WC="0.96" CONTENT="Jag"/><SP WIDTH="16" VPOS="297" HPOS="447"/>
							<String ID="string_28" HPOS="463" VPOS="297" WIDTH="37" HEIGHT="21" WC="0.96" CONTENT="har"/><SP WIDTH="15" VPOS="297" HPOS="500"/>
							<String ID="string_29" HPOS="515" VPOS="298" WIDTH="46" HEIGHT="20" WC="0.96" CONTENT="icke"/><SP WIDTH="15" VPOS="298" HPOS="561"/>
							<String ID="string_30" HPOS="576" VPOS="298" WIDTH="74" HEIGHT="25" WC="0.96" CONTENT="begärt"/><SP WIDTH="16" VPOS="298" HPOS="650"/>
							<String ID="string_31" HPOS="666" VPOS="296" WIDTH="60" HEIGHT="22" WC="0.96" CONTENT="ordet"/><SP WIDTH="10" VPOS="296" HPOS="726"/>
							<String ID="string_32" HPOS="736" VPOS="297" WIDTH="32" HEIGHT="21" WC="0.96" CONTENT="för"/><SP WIDTH="16" VPOS="297" HPOS="768"/>
							<String ID="string_33" HPOS="784" VPOS="299" WIDTH="31" HEIGHT="19" WC="0.96" CONTENT="att"/><SP WIDTH="10" VPOS="299" HPOS="815"/>
							<String ID="string_34" HPOS="825" VPOS="296" WIDTH="86" HEIGHT="27" WC="0.96" CONTENT="tillägga"/>
						</TextLine>
						<TextLine ID="line_5" HPOS="94" VPOS="324" WIDTH="816" HEIGHT="28">
							<String ID="string_35" HPOS="94" VPOS="325" WIDTH="64" HEIGHT="26" WC="0.96" CONTENT="något"/><SP WIDTH="18" VPOS="325" HPOS="158"/>
							<String ID="string_36" HPOS="176" VPOS="324" WIDTH="32" HEIGHT="22" WC="0.95" CONTENT="till"/><SP WIDTH="16" VPOS="324" HPOS="208"/>
							<String ID="string_37" HPOS="224" VPOS="325" WIDTH="40" HEIGHT="21" WC="0.96" CONTENT="den"/><SP WIDTH="16" VPOS="325" HPOS="264"/>
							<String ID="string_38" HPOS="280" VPOS="325" WIDTH="125" HEIGHT="26" WC="0.96" CONTENT="diskussion,"/><SP WIDTH="16" VPOS="325" HPOS="405"/>
							<String ID="string_39" HPOS="421" VPOS="331" WIDTH="45" HEIGHT="16" WC="0.95" CONTENT="som"/><SP WIDTH="16" VPOS="331" HPOS="466"/>
							<String ID="string_40" HPOS="482" VPOS="326" WIDTH="38" HEIGHT="20" WC="0.93" CONTENT="har"/><SP WIDTH="15" VPOS="326" HPOS="520"/>
							<String ID="string_41" HPOS="535" VPOS="326" WIDTH="115" HEIGHT="26" WC="0.90" CONTENT="försiggått."/><SP WIDTH="31" VPOS="326" HPOS="650"/>
							<String ID="string_42" HPOS="681" VPOS="325" WIDTH="41" HEIGHT="21" WC="0.96" CONTENT="Det"/><SP WIDTH="16" VPOS="325" HPOS="722"/>
							<String ID="string_43" HPOS="738" VPOS="331" WIDTH="36" HEIGHT="15" WC="0.96" CONTENT="var"/><SP WIDTH="15" VPOS="331" HPOS="774"/>
							<String ID="string_44" HPOS="789" VPOS="325" WIDTH="74" HEIGHT="21" WC="0.96" CONTENT="endast"/><SP WIDTH="16" VPOS="325" HPOS="863"/>
							<String ID="string_45" HPOS="879" VPOS="325" WIDTH="31" HEIGHT="21" WC="0.96" CONTENT="för"/>
						</TextLine>
						<TextLine ID="line_6" HPOS="94" VPOS="353" WIDTH="816" HEIGHT="27">
							<String ID="string_46" HPOS="94" VPOS="356" WIDTH="32" HEIGHT="18" WC="0.95" CONTENT="att"/><SP WIDTH="21" VPOS="356" HPOS="126"/>
							<String ID="string_47" HPOS="147" VPOS="353" WIDTH="124" HEIGHT="27" WC="0.96" CONTENT="rättfärdiga"/><SP WIDTH="25" VPOS="353" HPOS="271"/>
							<String ID="string_48" HPOS="296" VPOS="354" WIDTH="41" HEIGHT="26" WC="0.96" CONTENT="mig"/><SP WIDTH="22" VPOS="354" HPOS="337"/>
							<String ID="string_49" HPOS="359" VPOS="354" WIDTH="34" HEIGHT="20" WC="0.96" CONTENT="för"/><SP WIDTH="21" VPOS="354" HPOS="393"/>
							<String ID="string_50" HPOS="414" VPOS="356" WIDTH="31" HEIGHT="20" WC="0.96" CONTENT="ett"/><SP WIDTH="23" VPOS="356" HPOS="445"/>
							<String ID="string_51" HPOS="468" VPOS="354" WIDTH="90" HEIGHT="26" WC="0.96" CONTENT="uttryck,"/><SP WIDTH="19" VPOS="354" HPOS="558"/>
							<String ID="string_52" HPOS="577" VPOS="360" WIDTH="45" HEIGHT="15" WC="0.96" CONTENT="som"/><SP WIDTH="13" VPOS="360" HPOS="622"/>
							<String ID="string_53" HPOS="635" VPOS="354" WIDTH="37" HEIGHT="26" WC="0.96" CONTENT="jag"/><SP WIDTH="14" VPOS="354" HPOS="672"/>
							<String ID="string_54" HPOS="686" VPOS="354" WIDTH="6" HEIGHT="19" WC="0.96" CONTENT="i"/><SP WIDTH="16" VPOS="354" HPOS="692"/>
							<String ID="string_55" HPOS="708" VPOS="354" WIDTH="48" HEIGHT="20" WC="0.96" CONTENT="mitt"/><SP WIDTH="14" VPOS="354" HPOS="756"/>
							<String ID="string_56" HPOS="770" VPOS="356" WIDTH="83" HEIGHT="19" WC="0.93" CONTENT="senaste"/><SP WIDTH="14" VPOS="356" HPOS="853"/>
							<String ID="string_57" HPOS="867" VPOS="356" WIDTH="43" HEIGHT="24" WC="0.88" CONTENT="ytt-"/>
						</TextLine>
						<TextLine ID="line_7" HPOS="94" VPOS="381" WIDTH="817" HEIGHT="28">
							<String ID="string_58" HPOS="94" VPOS="381" WIDTH="65" HEIGHT="21" WC="0.96" CONTENT="rande"/><SP WIDTH="23" VPOS="381" HPOS="159"/>
							<String ID="string_59" HPOS="182" VPOS="382" WIDTH="54" HEIGHT="20" WC="0.96" CONTENT="hade"/><SP WIDTH="23" VPOS="382" HPOS="236"/>
							<String ID="string_60" HPOS="259" VPOS="382" WIDTH="52" HEIGHT="25" WC="0.95" CONTENT="fällt,"/><SP WIDTH="24" VPOS="382" HPOS="311"/>
							<String ID="string_61" HPOS="335" VPOS="382" WIDTH="104" HEIGHT="27" WC="0.96" CONTENT="nämligen"/><SP WIDTH="23" VPOS="382" HPOS="439"/>
							<String ID="string_62" HPOS="462" VPOS="382" WIDTH="105" HEIGHT="27" WC="0.93" CONTENT="uttrycket"/><SP WIDTH="16" VPOS="382" HPOS="567"/>
							<String ID="string_63" HPOS="583" VPOS="399" WIDTH="9" HEIGHT="7" WC="0.92" CONTENT=","/><SP WIDTH="6" VPOS="399" HPOS="592"/>
							<String ID="string_64" HPOS="598" VPOS="385" WIDTH="42" HEIGHT="18" WC="0.95" CONTENT="vest"/><SP WIDTH="16" VPOS="385" HPOS="640"/>
							<String ID="string_65" HPOS="656" VPOS="381" WIDTH="63" HEIGHT="22" WC="0.96" CONTENT="finskt"/><SP WIDTH="15" VPOS="381" HPOS="719"/>
							<String ID="string_66" HPOS="734" VPOS="382" WIDTH="103" HEIGHT="21" WC="0.45" CONTENT="intresse&quot;."/><SP WIDTH="32" VPOS="382" HPOS="837"/>
							<String ID="string_67" HPOS="869" VPOS="382" WIDTH="42" HEIGHT="21" WC="0.96" CONTENT="Det"/>
						</TextLine>
						<TextLine ID="line_8" HPOS="94" VPOS="410" WIDTH="815" HEIGHT="27">
							<String ID="string_68" HPOS="94" VPOS="410" WIDTH="38" HEIGHT="21" WC="0.86" CONTENT="har"/><SP WIDTH="22" VPOS="410" HPOS="132"/>
							<String ID="string_69" HPOS="154" VPOS="410" WIDTH="60" HEIGHT="27" WC="0.90" CONTENT="gifvit"/><SP WIDTH="22" VPOS="410" HPOS="214"/>
							<String ID="string_70" HPOS="236" VPOS="410" WIDTH="111" HEIGHT="26" WC="0.96" CONTENT="anledning"/><SP WIDTH="23" VPOS="410" HPOS="347"/>
							<String ID="string_71" HPOS="370" VPOS="411" WIDTH="31" HEIGHT="20" WC="0.96" CONTENT="till"/><SP WIDTH="22" VPOS="411" HPOS="401"/>
							<String ID="string_72" HPOS="423" VPOS="411" WIDTH="106" HEIGHT="25" WC="0.94" CONTENT="åtskilliga"/><SP WIDTH="20" VPOS="411" HPOS="529"/>
							<String ID="string_73" HPOS="549" VPOS="410" WIDTH="163" HEIGHT="26" WC="0.95" CONTENT="anmärkningar"/><SP WIDTH="11" VPOS="410" HPOS="712"/>
							<String ID="string_74" HPOS="723" VPOS="410" WIDTH="23" HEIGHT="27" WC="0.95" CONTENT="ja"/><SP WIDTH="16" VPOS="410" HPOS="746"/>
							<String ID="string_75" HPOS="762" VPOS="410" WIDTH="30" HEIGHT="21" WC="0.95" CONTENT="till"/><SP WIDTH="16" VPOS="410" HPOS="792"/>
							<String ID="string_76" HPOS="808" VPOS="410" WIDTH="39" HEIGHT="22" WC="0.96" CONTENT="och"/><SP WIDTH="16" VPOS="410" HPOS="847"/>
							<String ID="string_77" HPOS="863" VPOS="410" WIDTH="46" HEIGHT="21" WC="0.96" CONTENT="med"/>
						</TextLine>
						<TextLine ID="line_9" HPOS="93" VPOS="438" WIDTH="817" HEIGHT="27">
							<String ID="string_78" HPOS="93" VPOS="439" WIDTH="61" HEIGHT="20" WC="0.96" CONTENT="väckt"/><SP WIDTH="16" VPOS="439" HPOS="154"/>
							<String ID="string_79" HPOS="170" VPOS="440" WIDTH="77" HEIGHT="19" WC="0.96" CONTENT="anstöt."/><SP WIDTH="29" VPOS="440" HPOS="247"/>
							<String ID="string_80" HPOS="276" VPOS="440" WIDTH="41" HEIGHT="25" WC="0.96" CONTENT="Jag"/><SP WIDTH="15" VPOS="440" HPOS="317"/>
							<String ID="string_81" HPOS="332" VPOS="440" WIDTH="53" HEIGHT="19" WC="0.96" CONTENT="hade"/><SP WIDTH="16" VPOS="440" HPOS="385"/>
							<String ID="string_82" HPOS="401" VPOS="440" WIDTH="47" HEIGHT="20" WC="0.96" CONTENT="med"/><SP WIDTH="17" VPOS="440" HPOS="448"/>
							<String ID="string_83" HPOS="465" VPOS="440" WIDTH="34" HEIGHT="20" WC="0.96" CONTENT="det"/><SP WIDTH="16" VPOS="440" HPOS="499"/>
							<String ID="string_84" HPOS="515" VPOS="439" WIDTH="44" HEIGHT="21" WC="0.95" CONTENT="icke"/><SP WIDTH="16" VPOS="439" HPOS="559"/>
							<String ID="string_85" HPOS="575" VPOS="441" WIDTH="70" HEIGHT="19" WC="0.96" CONTENT="menat"/><SP WIDTH="15" VPOS="441" HPOS="645"/>
							<String ID="string_86" HPOS="660" VPOS="440" WIDTH="64" HEIGHT="25" WC="0.96" CONTENT="något"/><SP WIDTH="15" VPOS="440" HPOS="724"/>
							<String ID="string_87" HPOS="739" VPOS="441" WIDTH="64" HEIGHT="18" WC="0.96" CONTENT="annat"/><SP WIDTH="15" VPOS="441" HPOS="803"/>
							<String ID="string_88" HPOS="818" VPOS="442" WIDTH="25" HEIGHT="18" WC="0.96" CONTENT="än"/><SP WIDTH="12" VPOS="442" HPOS="843"/>
							<String ID="string_89" HPOS="855" VPOS="438" WIDTH="55" HEIGHT="22" WC="0.96" CONTENT="hvad"/>
						</TextLine>
						<TextLine ID="line_10" HPOS="93" VPOS="467" WIDTH="816" HEIGHT="27">
							<String ID="string_90" HPOS="93" VPOS="467" WIDTH="140" HEIGHT="27" WC="0.96" CONTENT="uttryckligen"/><SP WIDTH="15" VPOS="467" HPOS="233"/>
							<String ID="string_91" HPOS="248" VPOS="468" WIDTH="49" HEIGHT="21" WC="0.96" CONTENT="stod"/><SP WIDTH="16" VPOS="468" HPOS="297"/>
							<String ID="string_92" HPOS="313" VPOS="468" WIDTH="6" HEIGHT="19" WC="0.95" CONTENT="i"/><SP WIDTH="16" VPOS="468" HPOS="319"/>
							<String ID="string_93" HPOS="335" VPOS="468" WIDTH="151" HEIGHT="26" WC="0.96" CONTENT="sammanhang"/><SP WIDTH="15" VPOS="468" HPOS="486"/>
							<String ID="string_94" HPOS="501" VPOS="468" WIDTH="47" HEIGHT="21" WC="0.96" CONTENT="med"/><SP WIDTH="16" VPOS="468" HPOS="548"/>
							<String ID="string_95" HPOS="564" VPOS="468" WIDTH="35" HEIGHT="20" WC="0.96" CONTENT="det"/><SP WIDTH="13" VPOS="468" HPOS="599"/>
							<String ID="string_96" HPOS="612" VPOS="468" WIDTH="36" HEIGHT="25" WC="0.96" CONTENT="jag"/><SP WIDTH="15" VPOS="468" HPOS="648"/>
							<String ID="string_97" HPOS="663" VPOS="467" WIDTH="27" HEIGHT="21" WC="0.97" CONTENT="då"/><SP WIDTH="14" VPOS="467" HPOS="690"/>
							<String ID="string_98" HPOS="704" VPOS="467" WIDTH="54" HEIGHT="21" WC="0.96" CONTENT="hade"/><SP WIDTH="10" VPOS="467" HPOS="758"/>
							<String ID="string_99" HPOS="768" VPOS="470" WIDTH="51" HEIGHT="18" WC="0.96" CONTENT="äran"/><SP WIDTH="11" VPOS="470" HPOS="819"/>
							<String ID="string_100" HPOS="830" VPOS="467" WIDTH="79" HEIGHT="24" WC="0.96" CONTENT="anföra,"/>
						</TextLine>
						<TextLine ID="line_11" HPOS="94" VPOS="495" WIDTH="816" HEIGHT="27">
							<String ID="string_101" HPOS="94" VPOS="495" WIDTH="104" HEIGHT="27" WC="0.96" CONTENT="nämligen"/><SP WIDTH="23" VPOS="495" HPOS="198"/>
							<String ID="string_102" HPOS="221" VPOS="498" WIDTH="31" HEIGHT="18" WC="0.96" CONTENT="att"/><SP WIDTH="24" VPOS="498" HPOS="252"/>
							<String ID="string_103" HPOS="276" VPOS="503" WIDTH="34" HEIGHT="14" WC="0.96" CONTENT="om"/><SP WIDTH="23" VPOS="503" HPOS="310"/>
							<String ID="string_104" HPOS="333" VPOS="496" WIDTH="46" HEIGHT="21" WC="0.96" CONTENT="icke"/><SP WIDTH="22" VPOS="496" HPOS="379"/>
							<String ID="string_105" HPOS="401" VPOS="496" WIDTH="114" HEIGHT="21" WC="0.96" CONTENT="utskottets"/><SP WIDTH="23" VPOS="496" HPOS="515"/>
							<String ID="string_106" HPOS="538" VPOS="496" WIDTH="186" HEIGHT="26" WC="0.96" CONTENT="sammansättning"/><SP WIDTH="23" VPOS="496" HPOS="724"/>
							<String ID="string_107" HPOS="747" VPOS="495" WIDTH="54" HEIGHT="22" WC="0.94" CONTENT="hade"/><SP WIDTH="14" VPOS="495" HPOS="801"/>
							<String ID="string_108" HPOS="815" VPOS="497" WIDTH="57" HEIGHT="20" WC="0.96" CONTENT="skett"/><SP WIDTH="15" VPOS="497" HPOS="872"/>
							<String ID="string_109" HPOS="887" VPOS="497" WIDTH="23" HEIGHT="20" WC="0.96" CONTENT="så"/>
						</TextLine>
						<TextLine ID="line_12" HPOS="93" VPOS="524" WIDTH="817" HEIGHT="25">
							<String ID="string_110" HPOS="93" VPOS="524" WIDTH="135" HEIGHT="21" WC="0.96" CONTENT="uteslutande"/><SP WIDTH="23" VPOS="524" HPOS="228"/>
							<String ID="string_111" HPOS="251" VPOS="525" WIDTH="6" HEIGHT="20" WC="0.92" CONTENT="i"/><SP WIDTH="24" VPOS="525" HPOS="257"/>
							<String ID="string_112" HPOS="281" VPOS="524" WIDTH="110" HEIGHT="21" WC="0.91" CONTENT="vestfinskt"/><SP WIDTH="22" VPOS="524" HPOS="391"/>
							<String ID="string_113" HPOS="413" VPOS="525" WIDTH="94" HEIGHT="24" WC="0.96" CONTENT="intresse,"/><SP WIDTH="24" VPOS="525" HPOS="507"/>
							<String ID="string_114" HPOS="531" VPOS="528" WIDTH="51" HEIGHT="17" WC="0.96" CONTENT="utan"/><SP WIDTH="24" VPOS="528" HPOS="582"/>
							<String ID="string_115" HPOS="606" VPOS="525" WIDTH="60" HEIGHT="20" WC="0.95" CONTENT="äfven"/><SP WIDTH="22" VPOS="525" HPOS="666"/>
							<String ID="string_116" HPOS="688" VPOS="524" WIDTH="46" HEIGHT="21" WC="0.96" CONTENT="från"/><SP WIDTH="16" VPOS="524" HPOS="734"/>
							<String ID="string_117" HPOS="750" VPOS="526" WIDTH="57" HEIGHT="19" WC="0.95" CONTENT="östra"/><SP WIDTH="15" VPOS="526" HPOS="807"/>
							<String ID="string_118" HPOS="822" VPOS="524" WIDTH="88" HEIGHT="21" WC="0.96" CONTENT="Finland"/>
						</TextLine>
						<TextLine ID="line_13" HPOS="93" VPOS="552" WIDTH="816" HEIGHT="28">
							<String ID="string_119" HPOS="93" VPOS="554" WIDTH="65" HEIGHT="25" WC="0.96" CONTENT="några"/><SP WIDTH="23" VPOS="554" HPOS="158"/>
							<String ID="string_120" HPOS="181" VPOS="552" WIDTH="136" HEIGHT="22" WC="0.93" CONTENT="medlemmar"/><SP WIDTH="24" VPOS="552" HPOS="317"/>
							<String ID="string_121" HPOS="341" VPOS="553" WIDTH="43" HEIGHT="21" WC="0.90" CONTENT="deri"/><SP WIDTH="15" VPOS="553" HPOS="384"/>
							<String ID="string_122" HPOS="399" VPOS="553" WIDTH="82" HEIGHT="26" WC="0.96" CONTENT="invalts,"/><SP WIDTH="17" VPOS="553" HPOS="481"/>
							<String ID="string_123" HPOS="498" VPOS="553" WIDTH="23" HEIGHT="22" WC="0.96" CONTENT="så"/><SP WIDTH="14" VPOS="553" HPOS="521"/>
							<String ID="string_124" HPOS="535" VPOS="553" WIDTH="67" HEIGHT="21" WC="0.96" CONTENT="skulle"/><SP WIDTH="16" VPOS="553" HPOS="602"/>
							<String ID="string_125" HPOS="618" VPOS="553" WIDTH="36" HEIGHT="21" WC="0.96" CONTENT="det"/><SP WIDTH="15" VPOS="553" HPOS="654"/>
							<String ID="string_126" HPOS="669" VPOS="553" WIDTH="97" HEIGHT="27" WC="0.96" CONTENT="möjligen"/><SP WIDTH="17" VPOS="553" HPOS="766"/>
							<String ID="string_127" HPOS="783" VPOS="553" WIDTH="60" HEIGHT="21" WC="0.93" CONTENT="hafva"/><SP WIDTH="14" VPOS="553" HPOS="843"/>
							<String ID="string_128" HPOS="857" VPOS="553" WIDTH="52" HEIGHT="20" WC="0.93" CONTENT="kun-"/>
						</TextLine>
						<TextLine ID="line_14" HPOS="92" VPOS="580" WIDTH="818" HEIGHT="28">
							<String ID="string_129" HPOS="92" VPOS="585" WIDTH="36" HEIGHT="18" WC="0.95" CONTENT="nat"/><SP WIDTH="23" VPOS="585" HPOS="128"/>
							<String ID="string_130" HPOS="151" VPOS="580" WIDTH="90" HEIGHT="28" WC="0.96" CONTENT="inträffa,"/><SP WIDTH="25" VPOS="580" HPOS="241"/>
							<String ID="string_131" HPOS="266" VPOS="584" WIDTH="31" HEIGHT="19" WC="0.96" CONTENT="att"/><SP WIDTH="22" VPOS="584" HPOS="297"/>
							<String ID="string_132" HPOS="319" VPOS="581" WIDTH="42" HEIGHT="21" WC="0.96" CONTENT="alla"/><SP WIDTH="23" VPOS="581" HPOS="361"/>
							<String ID="string_133" HPOS="384" VPOS="582" WIDTH="114" HEIGHT="21" WC="0.95" CONTENT="utskottets"/><SP WIDTH="23" VPOS="582" HPOS="498"/>
							<String ID="string_134" HPOS="521" VPOS="582" WIDTH="135" HEIGHT="21" WC="0.95" CONTENT="medlemmar"/><SP WIDTH="21" VPOS="582" HPOS="656"/>
							<String ID="string_135" HPOS="677" VPOS="581" WIDTH="53" HEIGHT="22" WC="0.95" CONTENT="hade"/><SP WIDTH="22" VPOS="581" HPOS="730"/>
							<String ID="string_136" HPOS="752" VPOS="581" WIDTH="79" HEIGHT="22" WC="0.96" CONTENT="kunnat"/><SP WIDTH="16" VPOS="581" HPOS="831"/>
							<String ID="string_137" HPOS="847" VPOS="581" WIDTH="63" HEIGHT="21" WC="0.96" CONTENT="blifva"/>
						</TextLine>
						<TextLine ID="line_15" HPOS="92" VPOS="609" WIDTH="817" HEIGHT="28">
							<String ID="string_138" HPOS="92" VPOS="612" WIDTH="137" HEIGHT="19" WC="0.91" CONTENT="reservanter."/><SP WIDTH="31" VPOS="612" HPOS="229"/>
							<String ID="string_139" HPOS="260" VPOS="610" WIDTH="29" HEIGHT="27" WC="0.96" CONTENT="Ty"/><SP WIDTH="24" VPOS="610" HPOS="289"/>
							<String ID="string_140" HPOS="313" VPOS="612" WIDTH="38" HEIGHT="19" WC="0.96" CONTENT="när"/><SP WIDTH="21" VPOS="612" HPOS="351"/>
							<String ID="string_141" HPOS="372" VPOS="610" WIDTH="22" HEIGHT="21" WC="0.96" CONTENT="af"/><SP WIDTH="22" VPOS="610" HPOS="394"/>
							<String ID="string_142" HPOS="416" VPOS="611" WIDTH="24" HEIGHT="20" WC="0.96" CONTENT="16"/><SP WIDTH="17" VPOS="611" HPOS="440"/>
							<String ID="string_143" HPOS="457" VPOS="611" WIDTH="25" HEIGHT="20" WC="0.95" CONTENT="12"/><SP WIDTH="18" VPOS="611" HPOS="482"/>
							<String ID="string_144" HPOS="500" VPOS="610" WIDTH="60" HEIGHT="21" WC="0.95" CONTENT="hafva"/><SP WIDTH="16" VPOS="610" HPOS="560"/>
							<String ID="string_145" HPOS="576" VPOS="613" WIDTH="116" HEIGHT="18" WC="0.95" CONTENT="reserverat"/><SP WIDTH="14" VPOS="613" HPOS="692"/>
							<String ID="string_146" HPOS="706" VPOS="610" WIDTH="31" HEIGHT="26" WC="0.96" CONTENT="sig"/><SP WIDTH="16" VPOS="610" HPOS="737"/>
							<String ID="string_147" HPOS="753" VPOS="616" WIDTH="61" HEIGHT="15" WC="0.96" CONTENT="anser"/><SP WIDTH="12" VPOS="616" HPOS="814"/>
							<String ID="string_148" HPOS="826" VPOS="610" WIDTH="37" HEIGHT="27" WC="0.96" CONTENT="jag"/><SP WIDTH="14" VPOS="610" HPOS="863"/>
							<String ID="string_149" HPOS="877" VPOS="609" WIDTH="32" HEIGHT="21" WC="0.96" CONTENT="för"/>
						</TextLine>
						<TextLine ID="line_16" HPOS="92" VPOS="638" WIDTH="817" HEIGHT="26">
							<String ID="string_150" HPOS="92" VPOS="639" WIDTH="42" HEIGHT="20" WC="0.96" CONTENT="min"/><SP WIDTH="24" VPOS="639" HPOS="134"/>
							<String ID="string_151" HPOS="158" VPOS="638" WIDTH="33" HEIGHT="21" WC="0.96" CONTENT="del"/><SP WIDTH="22" VPOS="638" HPOS="191"/>
							<String ID="string_152" HPOS="213" VPOS="640" WIDTH="32" HEIGHT="19" WC="0.96" CONTENT="att"/><SP WIDTH="22" VPOS="640" HPOS="245"/>
							<String ID="string_153" HPOS="267" VPOS="639" WIDTH="88" HEIGHT="20" WC="0.96" CONTENT="ärendet"/><SP WIDTH="22" VPOS="639" HPOS="355"/>
							<String ID="string_154" HPOS="377" VPOS="639" WIDTH="44" HEIGHT="21" WC="0.96" CONTENT="icke"/><SP WIDTH="20" VPOS="639" HPOS="421"/>
							<String ID="string_155" HPOS="441" VPOS="645" WIDTH="38" HEIGHT="15" WC="0.96" CONTENT="var"/><SP WIDTH="15" VPOS="645" HPOS="479"/>
							<String ID="string_156" HPOS="494" VPOS="640" WIDTH="23" HEIGHT="21" WC="0.93" CONTENT="så"/><SP WIDTH="15" VPOS="640" HPOS="517"/>
							<String ID="string_157" HPOS="532" VPOS="638" WIDTH="112" HEIGHT="26" WC="0.91" CONTENT="förberedt,"/><SP WIDTH="16" VPOS="638" HPOS="644"/>
							<String ID="string_158" HPOS="660" VPOS="641" WIDTH="32" HEIGHT="19" WC="0.96" CONTENT="att"/><SP WIDTH="16" VPOS="641" HPOS="692"/>
							<String ID="string_159" HPOS="708" VPOS="638" WIDTH="34" HEIGHT="21" WC="0.96" CONTENT="det"/><SP WIDTH="15" VPOS="638" HPOS="742"/>
							<String ID="string_160" HPOS="757" VPOS="639" WIDTH="66" HEIGHT="21" WC="0.96" CONTENT="skulle"/><SP WIDTH="15" VPOS="639" HPOS="823"/>
							<String ID="string_161" HPOS="838" VPOS="639" WIDTH="71" HEIGHT="20" WC="0.96" CONTENT="kunna"/>
						</TextLine>
						<TextLine ID="line_17" HPOS="93" VPOS="667" WIDTH="816" HEIGHT="27">
							<String ID="string_162" HPOS="93" VPOS="667" WIDTH="63" HEIGHT="21" WC="0.94" CONTENT="blifva"/><SP WIDTH="18" VPOS="667" HPOS="156"/>
							<String ID="string_163" HPOS="174" VPOS="669" WIDTH="30" HEIGHT="19" WC="0.95" CONTENT="ett"/><SP WIDTH="16" VPOS="669" HPOS="204"/>
							<String ID="string_164" HPOS="220" VPOS="667" WIDTH="71" HEIGHT="22" WC="0.96" CONTENT="säkert"/><SP WIDTH="15" VPOS="667" HPOS="291"/>
							<String ID="string_165" HPOS="306" VPOS="667" WIDTH="102" HEIGHT="27" WC="0.96" CONTENT="underlag"/><SP WIDTH="14" VPOS="667" HPOS="408"/>
							<String ID="string_166" HPOS="422" VPOS="667" WIDTH="32" HEIGHT="21" WC="0.96" CONTENT="för"/><SP WIDTH="16" VPOS="667" HPOS="454"/>
							<String ID="string_167" HPOS="470" VPOS="668" WIDTH="118" HEIGHT="21" WC="0.96" CONTENT="diskussion"/><SP WIDTH="16" VPOS="668" HPOS="588"/>
							<String ID="string_168" HPOS="604" VPOS="667" WIDTH="39" HEIGHT="21" WC="0.96" CONTENT="och"/><SP WIDTH="15" VPOS="667" HPOS="643"/>
							<String ID="string_169" HPOS="658" VPOS="667" WIDTH="32" HEIGHT="21" WC="0.96" CONTENT="för"/><SP WIDTH="15" VPOS="667" HPOS="690"/>
							<String ID="string_170" HPOS="705" VPOS="667" WIDTH="123" HEIGHT="22" WC="0.93" CONTENT="ständernas"/><SP WIDTH="15" VPOS="667" HPOS="828"/>
							<String ID="string_171" HPOS="843" VPOS="667" WIDTH="66" HEIGHT="21" WC="0.91" CONTENT="öfver-"/>
						</TextLine>
						<TextLine ID="line_18" HPOS="92" VPOS="695" WIDTH="816" HEIGHT="28">
							<String ID="string_172" HPOS="92" VPOS="695" WIDTH="106" HEIGHT="28" WC="0.96" CONTENT="läggning."/><SP WIDTH="31" VPOS="695" HPOS="198"/>
							<String ID="string_173" HPOS="229" VPOS="697" WIDTH="40" HEIGHT="20" WC="0.96" CONTENT="Det"/><SP WIDTH="17" VPOS="697" HPOS="269"/>
							<String ID="string_174" HPOS="286" VPOS="698" WIDTH="24" HEIGHT="19" WC="0.97" CONTENT="är"/><SP WIDTH="15" VPOS="698" HPOS="310"/>
							<String ID="string_175" HPOS="325" VPOS="696" WIDTH="74" HEIGHT="21" WC="0.96" CONTENT="endast"/><SP WIDTH="15" VPOS="696" HPOS="399"/>
							<String ID="string_176" HPOS="414" VPOS="697" WIDTH="6" HEIGHT="20" WC="0.96" CONTENT="i"/><SP WIDTH="17" VPOS="697" HPOS="420"/>
							<String ID="string_177" HPOS="437" VPOS="696" WIDTH="39" HEIGHT="21" WC="0.96" CONTENT="den"/><SP WIDTH="16" VPOS="696" HPOS="476"/>
							<String ID="string_178" HPOS="492" VPOS="696" WIDTH="88" HEIGHT="26" WC="0.96" CONTENT="mening,"/><SP WIDTH="17" VPOS="696" HPOS="580"/>
							<String ID="string_179" HPOS="597" VPOS="702" WIDTH="44" HEIGHT="15" WC="0.96" CONTENT="som"/><SP WIDTH="14" VPOS="702" HPOS="641"/>
							<String ID="string_180" HPOS="655" VPOS="696" WIDTH="35" HEIGHT="26" WC="0.96" CONTENT="jag"/><SP WIDTH="16" VPOS="696" HPOS="690"/>
							<String ID="string_181" HPOS="706" VPOS="695" WIDTH="39" HEIGHT="22" WC="0.96" CONTENT="har"/><SP WIDTH="14" VPOS="695" HPOS="745"/>
							<String ID="string_182" HPOS="759" VPOS="696" WIDTH="92" HEIGHT="21" WC="0.96" CONTENT="användt"/><SP WIDTH="16" VPOS="696" HPOS="851"/>
							<String ID="string_183" HPOS="867" VPOS="696" WIDTH="41" HEIGHT="21" WC="0.96" CONTENT="det."/>
						</TextLine>
						<TextLine ID="line_19" HPOS="92" VPOS="724" WIDTH="816" HEIGHT="28">
							<String ID="string_184" HPOS="92" VPOS="724" WIDTH="48" HEIGHT="22" WC="0.96" CONTENT="Man"/><SP WIDTH="17" VPOS="724" HPOS="140"/>
							<String ID="string_185" HPOS="157" VPOS="724" WIDTH="39" HEIGHT="21" WC="0.96" CONTENT="har"/><SP WIDTH="15" VPOS="724" HPOS="196"/>
							<String ID="string_186" HPOS="211" VPOS="724" WIDTH="53" HEIGHT="21" WC="0.96" CONTENT="talat"/><SP WIDTH="17" VPOS="724" HPOS="264"/>
							<String ID="string_187" HPOS="281" VPOS="731" WIDTH="32" HEIGHT="14" WC="0.96" CONTENT="om"/><SP WIDTH="18" VPOS="731" HPOS="313"/>
							<String ID="string_188" HPOS="331" VPOS="724" WIDTH="57" HEIGHT="21" WC="0.96" CONTENT="lokal"/><SP WIDTH="15" VPOS="724" HPOS="388"/>
							<String ID="string_189" HPOS="403" VPOS="725" WIDTH="118" HEIGHT="27" WC="0.96" CONTENT="patriotism"/><SP WIDTH="16" VPOS="725" HPOS="521"/>
							<String ID="string_190" HPOS="537" VPOS="725" WIDTH="39" HEIGHT="20" WC="0.96" CONTENT="och"/><SP WIDTH="16" VPOS="725" HPOS="576"/>
							<String ID="string_191" HPOS="592" VPOS="724" WIDTH="75" HEIGHT="21" WC="0.96" CONTENT="allmän"/><SP WIDTH="16" VPOS="724" HPOS="667"/>
							<String ID="string_192" HPOS="683" VPOS="724" WIDTH="124" HEIGHT="27" WC="0.96" CONTENT="patriotism,"/><SP WIDTH="16" VPOS="724" HPOS="807"/>
							<String ID="string_193" HPOS="823" VPOS="731" WIDTH="33" HEIGHT="14" WC="0.96" CONTENT="om"/><SP WIDTH="17" VPOS="731" HPOS="856"/>
							<String ID="string_194" HPOS="873" VPOS="724" WIDTH="35" HEIGHT="21" WC="0.96" CONTENT="det"/>
						</TextLine>
						<TextLine ID="line_20" HPOS="92" VPOS="752" WIDTH="816" HEIGHT="28">
							<String ID="string_195" HPOS="92" VPOS="753" WIDTH="68" HEIGHT="21" WC="0.96" CONTENT="skulle"/><SP WIDTH="15" VPOS="753" HPOS="160"/>
							<String ID="string_196" HPOS="175" VPOS="753" WIDTH="62" HEIGHT="22" WC="0.96" CONTENT="hafva"/><SP WIDTH="15" VPOS="753" HPOS="237"/>
							<String ID="string_197" HPOS="252" VPOS="753" WIDTH="64" HEIGHT="26" WC="0.96" CONTENT="tagits"/><SP WIDTH="15" VPOS="753" HPOS="316"/>
							<String ID="string_198" HPOS="331" VPOS="753" WIDTH="7" HEIGHT="20" WC="0.96" CONTENT="i"/><SP WIDTH="15" VPOS="753" HPOS="338"/>
							<String ID="string_199" HPOS="353" VPOS="753" WIDTH="40" HEIGHT="21" WC="0.96" CONTENT="den"/><SP WIDTH="16" VPOS="753" HPOS="393"/>
							<String ID="string_200" HPOS="409" VPOS="753" WIDTH="89" HEIGHT="27" WC="0.96" CONTENT="mening,"/><SP WIDTH="17" VPOS="753" HPOS="498"/>
							<String ID="string_201" HPOS="515" VPOS="756" WIDTH="32" HEIGHT="19" WC="0.96" CONTENT="att"/><SP WIDTH="15" VPOS="756" HPOS="547"/>
							<String ID="string_202" HPOS="562" VPOS="753" WIDTH="58" HEIGHT="21" WC="0.93" CONTENT="detta"/><SP WIDTH="16" VPOS="753" HPOS="620"/>
							<String ID="string_203" HPOS="636" VPOS="752" WIDTH="112" HEIGHT="22" WC="0.92" CONTENT="vestfinska"/><SP WIDTH="15" VPOS="752" HPOS="748"/>
							<String ID="string_204" HPOS="763" VPOS="753" WIDTH="87" HEIGHT="21" WC="0.96" CONTENT="intresse"/><SP WIDTH="13" VPOS="753" HPOS="850"/>
							<String ID="string_205" HPOS="863" VPOS="753" WIDTH="45" HEIGHT="26" WC="0.96" CONTENT="just"/>
						</TextLine>
						<TextLine ID="line_21" HPOS="92" VPOS="781" WIDTH="816" HEIGHT="28">
							<String ID="string_206" HPOS="92" VPOS="781" WIDTH="59" HEIGHT="27" WC="0.91" CONTENT="afsåg"/><SP WIDTH="22" VPOS="781" HPOS="151"/>
							<String ID="string_207" HPOS="173" VPOS="787" WIDTH="26" HEIGHT="16" WC="0.96" CONTENT="en"/><SP WIDTH="22" VPOS="787" HPOS="199"/>
							<String ID="string_208" HPOS="221" VPOS="782" WIDTH="65" HEIGHT="21" WC="0.95" CONTENT="sådan"/><SP WIDTH="23" VPOS="782" HPOS="286"/>
							<String ID="string_209" HPOS="309" VPOS="781" WIDTH="56" HEIGHT="22" WC="0.95" CONTENT="lokal"/><SP WIDTH="24" VPOS="781" HPOS="365"/>
							<String ID="string_210" HPOS="389" VPOS="782" WIDTH="117" HEIGHT="27" WC="0.96" CONTENT="patriotism"/><SP WIDTH="17" VPOS="782" HPOS="506"/>
							<String ID="string_211" HPOS="523" VPOS="784" WIDTH="34" HEIGHT="19" WC="0.96" CONTENT="vet"/><SP WIDTH="12" VPOS="784" HPOS="557"/>
							<String ID="string_212" HPOS="569" VPOS="782" WIDTH="37" HEIGHT="27" WC="0.96" CONTENT="jag"/><SP WIDTH="15" VPOS="782" HPOS="606"/>
							<String ID="string_213" HPOS="621" VPOS="782" WIDTH="45" HEIGHT="21" WC="0.96" CONTENT="icke"/><SP WIDTH="14" VPOS="782" HPOS="666"/>
							<String ID="string_214" HPOS="680" VPOS="781" WIDTH="56" HEIGHT="21" WC="0.96" CONTENT="hvad"/><SP WIDTH="15" VPOS="781" HPOS="736"/>
							<String ID="string_215" HPOS="751" VPOS="782" WIDTH="32" HEIGHT="21" WC="0.96" CONTENT="för"/><SP WIDTH="15" VPOS="782" HPOS="783"/>
							<String ID="string_216" HPOS="798" VPOS="782" WIDTH="51" HEIGHT="21" WC="0.93" CONTENT="ondt"/><SP WIDTH="15" VPOS="782" HPOS="849"/>
							<String ID="string_217" HPOS="864" VPOS="782" WIDTH="44" HEIGHT="21" WC="0.93" CONTENT="deri"/>
						</TextLine>
						<TextLine ID="line_22" HPOS="92" VPOS="810" WIDTH="815" HEIGHT="27">
							<String ID="string_218" HPOS="92" VPOS="811" WIDTH="67" HEIGHT="20" WC="0.96" CONTENT="skulle"/><SP WIDTH="22" VPOS="811" HPOS="159"/>
							<String ID="string_219" HPOS="181" VPOS="810" WIDTH="63" HEIGHT="22" WC="0.96" CONTENT="hafva"/><SP WIDTH="22" VPOS="810" HPOS="244"/>
							<String ID="string_220" HPOS="266" VPOS="811" WIDTH="63" HEIGHT="26" WC="0.96" CONTENT="legat."/><SP WIDTH="31" VPOS="811" HPOS="329"/>
							<String ID="string_221" HPOS="360" VPOS="810" WIDTH="99" HEIGHT="22" WC="0.92" CONTENT="Tvärtom"/><SP WIDTH="23" VPOS="810" HPOS="459"/>
							<String ID="string_222" HPOS="482" VPOS="811" WIDTH="73" HEIGHT="21" WC="0.92" CONTENT="utföllo"/><SP WIDTH="17" VPOS="811" HPOS="555"/>
							<String ID="string_223" HPOS="572" VPOS="811" WIDTH="55" HEIGHT="21" WC="0.96" CONTENT="mina"/><SP WIDTH="15" VPOS="811" HPOS="627"/>
							<String ID="string_224" HPOS="642" VPOS="810" WIDTH="38" HEIGHT="21" WC="0.96" CONTENT="ord"/><SP WIDTH="15" VPOS="810" HPOS="680"/>
							<String ID="string_225" HPOS="695" VPOS="810" WIDTH="29" HEIGHT="26" WC="0.94" CONTENT="så,"/><SP WIDTH="17" VPOS="810" HPOS="724"/>
							<String ID="string_226" HPOS="741" VPOS="812" WIDTH="31" HEIGHT="20" WC="0.96" CONTENT="att"/><SP WIDTH="16" VPOS="812" HPOS="772"/>
							<String ID="string_227" HPOS="788" VPOS="813" WIDTH="56" HEIGHT="18" WC="0.93" CONTENT="östra"/><SP WIDTH="15" VPOS="813" HPOS="844"/>
							<String ID="string_228" HPOS="859" VPOS="810" WIDTH="48" HEIGHT="21" WC="0.92" CONTENT="Fin-"/>
						</TextLine>
						<TextLine ID="line_23" HPOS="90" VPOS="839" WIDTH="347" HEIGHT="26">
							<String ID="string_229" HPOS="90" VPOS="839" WIDTH="61" HEIGHT="22" WC="0.96" CONTENT="lands"/><SP WIDTH="15" VPOS="839" HPOS="151"/>
							<String ID="string_230" HPOS="166" VPOS="839" WIDTH="103" HEIGHT="22" WC="0.96" CONTENT="intressen"/><SP WIDTH="16" VPOS="839" HPOS="269"/>
							<String ID="string_231" HPOS="285" VPOS="839" WIDTH="62" HEIGHT="22" WC="0.93" CONTENT="också"/><SP WIDTH="16" VPOS="839" HPOS="347"/>
							<String ID="string_232" HPOS="363" VPOS="839" WIDTH="74" HEIGHT="26" WC="0.63" CONTENT="...*)"/>
						</TextLine>
					</TextBlock>
				</ComposedBlock>
				<ComposedBlock ID="cblock_4" HPOS="86" VPOS="896" WIDTH="823" HEIGHT="541">
					<TextBlock ID="block_3" HPOS="86" VPOS="896" WIDTH="823" HEIGHT="541">
						<TextLine ID="line_24" HPOS="158" VPOS="896" WIDTH="749" HEIGHT="28">
							<String ID="string_233" HPOS="158" VPOS="896" WIDTH="77" HEIGHT="22" WC="0.92" CONTENT="Pastor"/><SP WIDTH="14" VPOS="896" HPOS="235"/>
							<String ID="string_234" HPOS="249" VPOS="896" WIDTH="118" HEIGHT="22" WC="0.90" CONTENT="Lilius:"/><SP WIDTH="25" VPOS="896" HPOS="367"/>
							<String ID="string_235" HPOS="392" VPOS="896" WIDTH="32" HEIGHT="22" WC="0.95" CONTENT="Då"/><SP WIDTH="17" VPOS="896" HPOS="424"/>
							<String ID="string_236" HPOS="441" VPOS="897" WIDTH="35" HEIGHT="21" WC="0.95" CONTENT="det"/><SP WIDTH="16" VPOS="897" HPOS="476"/>
							<String ID="string_237" HPOS="492" VPOS="897" WIDTH="34" HEIGHT="21" WC="0.95" CONTENT="vid"/><SP WIDTH="15" VPOS="897" HPOS="526"/>
							<String ID="string_238" HPOS="541" VPOS="899" WIDTH="83" HEIGHT="19" WC="0.93" CONTENT="senaste"/><SP WIDTH="15" VPOS="899" HPOS="624"/>
							<String ID="string_239" HPOS="639" VPOS="896" WIDTH="101" HEIGHT="28" WC="0.91" CONTENT="landtdag"/><SP WIDTH="15" VPOS="896" HPOS="740"/>
							<String ID="string_240" HPOS="755" VPOS="903" WIDTH="37" HEIGHT="21" WC="0.96" CONTENT="var"/><SP WIDTH="14" VPOS="903" HPOS="792"/>
							<String ID="string_241" HPOS="806" VPOS="896" WIDTH="58" HEIGHT="27" WC="0.96" CONTENT="fråga"/><SP WIDTH="10" VPOS="896" HPOS="864"/>
							<String ID="string_242" HPOS="874" VPOS="903" WIDTH="33" HEIGHT="15" WC="0.96" CONTENT="om"/>
						</TextLine>
						<TextLine ID="line_25" HPOS="86" VPOS="921" WIDTH="822" HEIGHT="31">
							<String ID="string_243" HPOS="86" VPOS="926" WIDTH="113" HEIGHT="26" WC="0.92" CONTENT="jernvägar"/><SP WIDTH="22" VPOS="926" HPOS="199"/>
							<String ID="string_244" HPOS="221" VPOS="926" WIDTH="38" HEIGHT="20" WC="0.96" CONTENT="och"/><SP WIDTH="22" VPOS="926" HPOS="259"/>
							<String ID="string_245" HPOS="281" VPOS="926" WIDTH="59" HEIGHT="26" WC="0.96" CONTENT="fråga"/><SP WIDTH="23" VPOS="926" HPOS="340"/>
							<String ID="string_246" HPOS="363" VPOS="932" WIDTH="33" HEIGHT="14" WC="0.92" CONTENT="om"/><SP WIDTH="23" VPOS="932" HPOS="396"/>
							<String ID="string_247" HPOS="419" VPOS="925" WIDTH="115" HEIGHT="22" WC="0.90" CONTENT="företrädet"/><SP WIDTH="16" VPOS="925" HPOS="534"/>
							<String ID="string_248" HPOS="550" VPOS="925" WIDTH="21" HEIGHT="22" WC="0.96" CONTENT="af"/><SP WIDTH="15" VPOS="925" HPOS="571"/>
							<String ID="string_249" HPOS="586" VPOS="932" WIDTH="24" HEIGHT="15" WC="0.93" CONTENT="en"/><SP WIDTH="13" VPOS="932" HPOS="610"/>
							<String ID="string_250" HPOS="623" VPOS="926" WIDTH="87" HEIGHT="26" WC="0.92" CONTENT="jernväg"/><SP WIDTH="16" VPOS="926" HPOS="710"/>
							<String ID="string_251" HPOS="726" VPOS="926" WIDTH="31" HEIGHT="20" WC="0.96" CONTENT="till"/><SP WIDTH="15" VPOS="926" HPOS="757"/>
							<String ID="string_252" HPOS="772" VPOS="921" WIDTH="136" HEIGHT="26" WC="0.96" CONTENT="Österbotten"/>
						</TextLine>
						<TextLine ID="line_26" HPOS="90" VPOS="948" WIDTH="819" HEIGHT="33">
							<String ID="string_253" HPOS="90" VPOS="954" WIDTH="50" HEIGHT="21" WC="0.96" CONTENT="eller"/><SP WIDTH="22" VPOS="954" HPOS="140"/>
							<String ID="string_254" HPOS="162" VPOS="954" WIDTH="32" HEIGHT="21" WC="0.95" CONTENT="till"/><SP WIDTH="15" VPOS="954" HPOS="194"/>
							<String ID="string_255" HPOS="209" VPOS="948" WIDTH="46" HEIGHT="27" WC="0.95" CONTENT="Åbo"/><SP WIDTH="24" VPOS="948" HPOS="255"/>
							<String ID="string_256" HPOS="279" VPOS="956" WIDTH="36" HEIGHT="25" WC="0.96" CONTENT="tog"/><SP WIDTH="20" VPOS="956" HPOS="315"/>
							<String ID="string_257" HPOS="335" VPOS="954" WIDTH="36" HEIGHT="26" WC="0.96" CONTENT="jag"/><SP WIDTH="16" VPOS="954" HPOS="371"/>
							<String ID="string_258" HPOS="387" VPOS="954" WIDTH="40" HEIGHT="26" WC="0.96" CONTENT="mig"/><SP WIDTH="15" VPOS="954" HPOS="427"/>
							<String ID="string_259" HPOS="442" VPOS="954" WIDTH="91" HEIGHT="22" WC="0.96" CONTENT="friheten"/><SP WIDTH="15" VPOS="954" HPOS="533"/>
							<String ID="string_260" HPOS="548" VPOS="956" WIDTH="31" HEIGHT="20" WC="0.96" CONTENT="att"/><SP WIDTH="15" VPOS="956" HPOS="579"/>
							<String ID="string_261" HPOS="594" VPOS="956" WIDTH="55" HEIGHT="25" WC="0.96" CONTENT="yttra"/><SP WIDTH="17" VPOS="956" HPOS="649"/>
							<String ID="string_262" HPOS="666" VPOS="956" WIDTH="30" HEIGHT="19" WC="0.96" CONTENT="att"/><SP WIDTH="15" VPOS="956" HPOS="696"/>
							<String ID="string_263" HPOS="711" VPOS="955" WIDTH="69" HEIGHT="21" WC="0.96" CONTENT="såsom"/><SP WIDTH="16" VPOS="955" HPOS="780"/>
							<String ID="string_264" HPOS="796" VPOS="954" WIDTH="113" HEIGHT="21" WC="0.96" CONTENT="ständerna"/>
						</TextLine>
						<TextLine ID="line_27" HPOS="90" VPOS="982" WIDTH="818" HEIGHT="27">
							<String ID="string_265" HPOS="90" VPOS="985" WIDTH="36" HEIGHT="19" WC="0.96" CONTENT="äro"/><SP WIDTH="16" VPOS="985" HPOS="126"/>
							<String ID="string_266" HPOS="142" VPOS="985" WIDTH="159" HEIGHT="23" WC="0.93" CONTENT="sammansatta,"/><SP WIDTH="16" VPOS="985" HPOS="301"/>
							<String ID="string_267" HPOS="317" VPOS="984" WIDTH="20" HEIGHT="20" WC="0.91" CONTENT="d."/><SP WIDTH="17" VPOS="984" HPOS="337"/>
							<String ID="string_268" HPOS="354" VPOS="990" WIDTH="17" HEIGHT="14" WC="0.91" CONTENT="v."/><SP WIDTH="17" VPOS="990" HPOS="371"/>
							<String ID="string_269" HPOS="388" VPOS="990" WIDTH="15" HEIGHT="14" WC="0.91" CONTENT="s."/><SP WIDTH="16" VPOS="990" HPOS="403"/>
							<String ID="string_270" HPOS="419" VPOS="985" WIDTH="32" HEIGHT="19" WC="0.96" CONTENT="att"/><SP WIDTH="15" VPOS="985" HPOS="451"/>
							<String ID="string_271" HPOS="466" VPOS="985" WIDTH="79" HEIGHT="19" WC="0.96" CONTENT="största"/><SP WIDTH="15" VPOS="985" HPOS="545"/>
							<String ID="string_272" HPOS="560" VPOS="983" WIDTH="59" HEIGHT="21" WC="0.96" CONTENT="delen"/><SP WIDTH="14" VPOS="983" HPOS="619"/>
							<String ID="string_273" HPOS="633" VPOS="982" WIDTH="21" HEIGHT="22" WC="0.96" CONTENT="af"/><SP WIDTH="10" VPOS="982" HPOS="654"/>
							<String ID="string_274" HPOS="664" VPOS="984" WIDTH="197" HEIGHT="25" WC="0.96" CONTENT="representanterna"/><SP WIDTH="10" VPOS="984" HPOS="861"/>
							<String ID="string_275" HPOS="871" VPOS="984" WIDTH="37" HEIGHT="20" WC="0.96" CONTENT="äro"/>
						</TextLine>
						<TextLine ID="line_28" HPOS="89" VPOS="1011" WIDTH="818" HEIGHT="27">
							<String ID="string_276" HPOS="89" VPOS="1011" WIDTH="45" HEIGHT="22" WC="0.96" CONTENT="från"/><SP WIDTH="16" VPOS="1011" HPOS="134"/>
							<String ID="string_277" HPOS="150" VPOS="1012" WIDTH="63" HEIGHT="21" WC="0.96" CONTENT="södra"/><SP WIDTH="16" VPOS="1012" HPOS="213"/>
							<String ID="string_278" HPOS="229" VPOS="1011" WIDTH="59" HEIGHT="21" WC="0.96" CONTENT="delen"/><SP WIDTH="17" VPOS="1011" HPOS="288"/>
							<String ID="string_279" HPOS="305" VPOS="1012" WIDTH="22" HEIGHT="21" WC="0.96" CONTENT="af"/><SP WIDTH="14" VPOS="1012" HPOS="327"/>
							<String ID="string_280" HPOS="341" VPOS="1012" WIDTH="77" HEIGHT="24" WC="0.95" CONTENT="landet,"/><SP WIDTH="16" VPOS="1012" HPOS="418"/>
							<String ID="string_281" HPOS="434" VPOS="1014" WIDTH="23" HEIGHT="19" WC="0.96" CONTENT="är"/><SP WIDTH="16" VPOS="1014" HPOS="457"/>
							<String ID="string_282" HPOS="473" VPOS="1012" WIDTH="34" HEIGHT="21" WC="0.96" CONTENT="det"/><SP WIDTH="16" VPOS="1012" HPOS="507"/>
							<String ID="string_283" HPOS="523" VPOS="1012" WIDTH="45" HEIGHT="21" WC="0.96" CONTENT="icke"/><SP WIDTH="16" VPOS="1012" HPOS="568"/>
							<String ID="string_284" HPOS="584" VPOS="1012" WIDTH="67" HEIGHT="26" WC="0.96" CONTENT="någon"/><SP WIDTH="16" VPOS="1012" HPOS="651"/>
							<String ID="string_285" HPOS="667" VPOS="1011" WIDTH="146" HEIGHT="27" WC="0.95" CONTENT="förhoppning,"/><SP WIDTH="12" VPOS="1011" HPOS="813"/>
							<String ID="string_286" HPOS="825" VPOS="1014" WIDTH="32" HEIGHT="18" WC="0.96" CONTENT="att"/><SP WIDTH="11" VPOS="1014" HPOS="857"/>
							<String ID="string_287" HPOS="868" VPOS="1011" WIDTH="39" HEIGHT="21" WC="0.96" CONTENT="den"/>
						</TextLine>
						<TextLine ID="line_29" HPOS="89" VPOS="1040" WIDTH="819" HEIGHT="27">
							<String ID="string_288" HPOS="89" VPOS="1040" WIDTH="95" HEIGHT="27" WC="0.94" CONTENT="nordliga"/><SP WIDTH="16" VPOS="1040" HPOS="184"/>
							<String ID="string_289" HPOS="200" VPOS="1040" WIDTH="60" HEIGHT="21" WC="0.96" CONTENT="delen"/><SP WIDTH="16" VPOS="1040" HPOS="260"/>
							<String ID="string_290" HPOS="276" VPOS="1040" WIDTH="22" HEIGHT="21" WC="0.96" CONTENT="af"/><SP WIDTH="14" VPOS="1040" HPOS="298"/>
							<String ID="string_291" HPOS="312" VPOS="1041" WIDTH="71" HEIGHT="20" WC="0.96" CONTENT="landet"/><SP WIDTH="14" VPOS="1041" HPOS="383"/>
							<String ID="string_292" HPOS="397" VPOS="1040" WIDTH="68" HEIGHT="22" WC="0.96" CONTENT="skulle"/><SP WIDTH="15" VPOS="1040" HPOS="465"/>
							<String ID="string_293" HPOS="480" VPOS="1041" WIDTH="21" HEIGHT="21" WC="0.96" CONTENT="få"/><SP WIDTH="14" VPOS="1041" HPOS="501"/>
							<String ID="string_294" HPOS="515" VPOS="1040" WIDTH="31" HEIGHT="21" WC="0.96" CONTENT="sin"/><SP WIDTH="16" VPOS="1040" HPOS="546"/>
							<String ID="string_295" HPOS="562" VPOS="1040" WIDTH="126" HEIGHT="21" WC="0.93" CONTENT="förbindelse"/><SP WIDTH="15" VPOS="1040" HPOS="688"/>
							<String ID="string_296" HPOS="703" VPOS="1040" WIDTH="138" HEIGHT="26" WC="0.92" CONTENT="tillgodosedd"/><SP WIDTH="16" VPOS="1040" HPOS="841"/>
							<String ID="string_297" HPOS="857" VPOS="1040" WIDTH="51" HEIGHT="21" WC="0.96" CONTENT="eller"/>
						</TextLine>
						<TextLine ID="line_30" HPOS="88" VPOS="1068" WIDTH="819" HEIGHT="28">
							<String ID="string_298" HPOS="88" VPOS="1069" WIDTH="37" HEIGHT="21" WC="0.93" CONTENT="sitt"/><SP WIDTH="15" VPOS="1069" HPOS="125"/>
							<String ID="string_299" HPOS="140" VPOS="1068" WIDTH="64" HEIGHT="22" WC="0.91" CONTENT="behof"/><SP WIDTH="14" VPOS="1068" HPOS="204"/>
							<String ID="string_300" HPOS="218" VPOS="1068" WIDTH="161" HEIGHT="27" WC="0.90" CONTENT="tillfredsstäldt,"/><SP WIDTH="16" VPOS="1068" HPOS="379"/>
							<String ID="string_301" HPOS="395" VPOS="1069" WIDTH="84" HEIGHT="21" WC="0.96" CONTENT="hvarför"/><SP WIDTH="12" VPOS="1069" HPOS="479"/>
							<String ID="string_302" HPOS="491" VPOS="1070" WIDTH="37" HEIGHT="26" WC="0.96" CONTENT="jag"/><SP WIDTH="16" VPOS="1070" HPOS="528"/>
							<String ID="string_303" HPOS="544" VPOS="1070" WIDTH="62" HEIGHT="20" WC="0.96" CONTENT="också"/><SP WIDTH="16" VPOS="1070" HPOS="606"/>
							<String ID="string_304" HPOS="622" VPOS="1068" WIDTH="68" HEIGHT="22" WC="0.96" CONTENT="anslöt"/><SP WIDTH="11" VPOS="1068" HPOS="690"/>
							<String ID="string_305" HPOS="701" VPOS="1069" WIDTH="41" HEIGHT="26" WC="0.96" CONTENT="mig"/><SP WIDTH="10" VPOS="1069" HPOS="742"/>
							<String ID="string_306" HPOS="752" VPOS="1068" WIDTH="32" HEIGHT="21" WC="0.96" CONTENT="till"/><SP WIDTH="13" VPOS="1068" HPOS="784"/>
							<String ID="string_307" HPOS="797" VPOS="1068" WIDTH="53" HEIGHT="23" WC="0.96" CONTENT="dem,"/><SP WIDTH="12" VPOS="1068" HPOS="850"/>
							<String ID="string_308" HPOS="862" VPOS="1074" WIDTH="45" HEIGHT="16" WC="0.96" CONTENT="som"/>
						</TextLine>
						<TextLine ID="line_31" HPOS="88" VPOS="1091" WIDTH="819" HEIGHT="33">
							<String ID="string_309" HPOS="88" VPOS="1097" WIDTH="93" HEIGHT="22" WC="0.96" CONTENT="önskade"/><SP WIDTH="20" VPOS="1097" HPOS="181"/>
							<String ID="string_310" HPOS="201" VPOS="1099" WIDTH="32" HEIGHT="19" WC="0.93" CONTENT="att"/><SP WIDTH="18" VPOS="1099" HPOS="233"/>
							<String ID="string_311" HPOS="251" VPOS="1098" WIDTH="115" HEIGHT="26" WC="0.91" CONTENT="jernvägen"/><SP WIDTH="21" VPOS="1098" HPOS="366"/>
							<String ID="string_312" HPOS="387" VPOS="1097" WIDTH="32" HEIGHT="21" WC="0.94" CONTENT="till"/><SP WIDTH="22" VPOS="1097" HPOS="419"/>
							<String ID="string_313" HPOS="441" VPOS="1091" WIDTH="46" HEIGHT="28" WC="0.95" CONTENT="Åbo"/><SP WIDTH="17" VPOS="1091" HPOS="487"/>
							<String ID="string_314" HPOS="504" VPOS="1097" WIDTH="66" HEIGHT="21" WC="0.96" CONTENT="skulle"/><SP WIDTH="17" VPOS="1097" HPOS="570"/>
							<String ID="string_315" HPOS="587" VPOS="1098" WIDTH="79" HEIGHT="26" WC="0.96" CONTENT="byggas"/><SP WIDTH="16" VPOS="1098" HPOS="666"/>
							<String ID="string_316" HPOS="682" VPOS="1098" WIDTH="38" HEIGHT="20" WC="0.96" CONTENT="och"/><SP WIDTH="15" VPOS="1098" HPOS="720"/>
							<String ID="string_317" HPOS="735" VPOS="1098" WIDTH="84" HEIGHT="26" WC="0.96" CONTENT="yttrade"/><SP WIDTH="15" VPOS="1098" HPOS="819"/>
							<String ID="string_318" HPOS="834" VPOS="1097" WIDTH="73" HEIGHT="24" WC="0.96" CONTENT="tillika,"/>
						</TextLine>
						<TextLine ID="line_32" HPOS="88" VPOS="1125" WIDTH="819" HEIGHT="27">
							<String ID="string_319" HPOS="88" VPOS="1128" WIDTH="31" HEIGHT="19" WC="0.96" CONTENT="att"/><SP WIDTH="19" VPOS="1128" HPOS="119"/>
							<String ID="string_320" HPOS="138" VPOS="1126" WIDTH="23" HEIGHT="22" WC="0.96" CONTENT="så"/><SP WIDTH="16" VPOS="1126" HPOS="161"/>
							<String ID="string_321" HPOS="177" VPOS="1127" WIDTH="61" HEIGHT="25" WC="0.96" CONTENT="länge"/><SP WIDTH="15" VPOS="1127" HPOS="238"/>
							<String ID="string_322" HPOS="253" VPOS="1126" WIDTH="45" HEIGHT="21" WC="0.96" CONTENT="icke"/><SP WIDTH="15" VPOS="1126" HPOS="298"/>
							<String ID="string_323" HPOS="313" VPOS="1126" WIDTH="63" HEIGHT="21" WC="0.96" CONTENT="södra"/><SP WIDTH="15" VPOS="1126" HPOS="376"/>
							<String ID="string_324" HPOS="391" VPOS="1126" WIDTH="60" HEIGHT="22" WC="0.96" CONTENT="delen"/><SP WIDTH="16" VPOS="1126" HPOS="451"/>
							<String ID="string_325" HPOS="467" VPOS="1127" WIDTH="22" HEIGHT="20" WC="0.96" CONTENT="af"/><SP WIDTH="13" VPOS="1127" HPOS="489"/>
							<String ID="string_326" HPOS="502" VPOS="1126" WIDTH="71" HEIGHT="21" WC="0.96" CONTENT="landet"/><SP WIDTH="16" VPOS="1126" HPOS="573"/>
							<String ID="string_327" HPOS="589" VPOS="1126" WIDTH="37" HEIGHT="21" WC="0.96" CONTENT="har"/><SP WIDTH="14" VPOS="1126" HPOS="626"/>
							<String ID="string_328" HPOS="640" VPOS="1125" WIDTH="40" HEIGHT="21" WC="0.96" CONTENT="fått"/><SP WIDTH="14" VPOS="1125" HPOS="680"/>
							<String ID="string_329" HPOS="694" VPOS="1126" WIDTH="41" HEIGHT="21" WC="0.96" CONTENT="alla"/><SP WIDTH="15" VPOS="1126" HPOS="735"/>
							<String ID="string_330" HPOS="750" VPOS="1126" WIDTH="45" HEIGHT="21" WC="0.93" CONTENT="sina"/><SP WIDTH="15" VPOS="1126" HPOS="795"/>
							<String ID="string_331" HPOS="810" VPOS="1126" WIDTH="97" HEIGHT="21" WC="0.92" CONTENT="önsknin-"/>
						</TextLine>
						<TextLine ID="line_33" HPOS="88" VPOS="1154" WIDTH="820" HEIGHT="27">
							<String ID="string_332" HPOS="88" VPOS="1160" WIDTH="37" HEIGHT="20" WC="0.93" CONTENT="gar"/><SP WIDTH="19" VPOS="1160" HPOS="125"/>
							<String ID="string_333" HPOS="144" VPOS="1154" WIDTH="57" HEIGHT="27" WC="0.90" CONTENT="fylda"/><SP WIDTH="15" VPOS="1154" HPOS="201"/>
							<String ID="string_334" HPOS="216" VPOS="1157" WIDTH="24" HEIGHT="18" WC="0.96" CONTENT="är"/><SP WIDTH="16" VPOS="1157" HPOS="240"/>
							<String ID="string_335" HPOS="256" VPOS="1154" WIDTH="34" HEIGHT="22" WC="0.96" CONTENT="det"/><SP WIDTH="20" VPOS="1154" HPOS="290"/>
							<String ID="string_336" HPOS="310" VPOS="1155" WIDTH="33" HEIGHT="20" WC="0.96" CONTENT="för"/><SP WIDTH="21" VPOS="1155" HPOS="343"/>
							<String ID="string_337" HPOS="364" VPOS="1160" WIDTH="63" HEIGHT="16" WC="0.95" CONTENT="norra"/><SP WIDTH="16" VPOS="1160" HPOS="427"/>
							<String ID="string_338" HPOS="443" VPOS="1154" WIDTH="60" HEIGHT="22" WC="0.96" CONTENT="delen"/><SP WIDTH="16" VPOS="1154" HPOS="503"/>
							<String ID="string_339" HPOS="519" VPOS="1154" WIDTH="85" HEIGHT="22" WC="0.96" CONTENT="alldeles"/><SP WIDTH="14" VPOS="1154" HPOS="604"/>
							<String ID="string_340" HPOS="618" VPOS="1154" WIDTH="46" HEIGHT="21" WC="0.96" CONTENT="icke"/><SP WIDTH="15" VPOS="1154" HPOS="664"/>
							<String ID="string_341" HPOS="679" VPOS="1155" WIDTH="69" HEIGHT="25" WC="0.96" CONTENT="någon"/><SP WIDTH="15" VPOS="1155" HPOS="748"/>
							<String ID="string_342" HPOS="763" VPOS="1154" WIDTH="145" HEIGHT="26" WC="0.95" CONTENT="förhoppning,"/>
						</TextLine>
						<TextLine ID="line_34" HPOS="88" VPOS="1182" WIDTH="820" HEIGHT="28">
							<String ID="string_343" HPOS="88" VPOS="1184" WIDTH="32" HEIGHT="20" WC="0.96" CONTENT="att"/><SP WIDTH="23" VPOS="1184" HPOS="120"/>
							<String ID="string_344" HPOS="143" VPOS="1184" WIDTH="64" HEIGHT="26" WC="0.95" CONTENT="något"/><SP WIDTH="21" VPOS="1184" HPOS="207"/>
							<String ID="string_345" HPOS="228" VPOS="1182" WIDTH="97" HEIGHT="22" WC="0.96" CONTENT="afseende"/><SP WIDTH="16" VPOS="1182" HPOS="325"/>
							<String ID="string_346" HPOS="341" VPOS="1182" WIDTH="52" HEIGHT="22" WC="0.96" CONTENT="skall"/><SP WIDTH="15" VPOS="1182" HPOS="393"/>
							<String ID="string_347" HPOS="408" VPOS="1183" WIDTH="65" HEIGHT="21" WC="0.96" CONTENT="fästas"/><SP WIDTH="15" VPOS="1183" HPOS="473"/>
							<String ID="string_348" HPOS="488" VPOS="1184" WIDTH="28" HEIGHT="26" WC="0.96" CONTENT="på"/><SP WIDTH="15" VPOS="1184" HPOS="516"/>
							<String ID="string_349" HPOS="531" VPOS="1184" WIDTH="47" HEIGHT="20" WC="0.96" CONTENT="dess"/><SP WIDTH="16" VPOS="1184" HPOS="578"/>
							<String ID="string_350" HPOS="594" VPOS="1182" WIDTH="126" HEIGHT="27" WC="0.49" CONTENT="önskningar"/><SP WIDTH="16" VPOS="1182" HPOS="720"/>
							<String ID="string_351" HPOS="736" VPOS="1182" WIDTH="38" HEIGHT="22" WC="0.96" CONTENT="och"/><SP WIDTH="16" VPOS="1182" HPOS="774"/>
							<String ID="string_352" HPOS="790" VPOS="1182" WIDTH="71" HEIGHT="22" WC="0.96" CONTENT="tillade"/><SP WIDTH="16" VPOS="1182" HPOS="861"/>
							<String ID="string_353" HPOS="877" VPOS="1184" WIDTH="31" HEIGHT="19" WC="0.97" CONTENT="att"/>
						</TextLine>
						<TextLine ID="line_35" HPOS="87" VPOS="1210" WIDTH="821" HEIGHT="28">
							<String ID="string_354" HPOS="87" VPOS="1212" WIDTH="35" HEIGHT="26" WC="0.96" CONTENT="jag"/><SP WIDTH="23" VPOS="1212" HPOS="122"/>
							<String ID="string_355" HPOS="145" VPOS="1214" WIDTH="24" HEIGHT="18" WC="0.93" CONTENT="är"/><SP WIDTH="22" VPOS="1214" HPOS="169"/>
							<String ID="string_356" HPOS="191" VPOS="1211" WIDTH="124" HEIGHT="27" WC="0.92" CONTENT="öfvertygad"/><SP WIDTH="19" VPOS="1211" HPOS="315"/>
							<String ID="string_357" HPOS="334" VPOS="1218" WIDTH="33" HEIGHT="14" WC="0.96" CONTENT="om"/><SP WIDTH="17" VPOS="1218" HPOS="367"/>
							<String ID="string_358" HPOS="384" VPOS="1214" WIDTH="31" HEIGHT="18" WC="0.96" CONTENT="att"/><SP WIDTH="14" VPOS="1214" HPOS="415"/>
							<String ID="string_359" HPOS="429" VPOS="1211" WIDTH="22" HEIGHT="27" WC="0.96" CONTENT="ju"/><SP WIDTH="15" VPOS="1211" HPOS="451"/>
							<String ID="string_360" HPOS="466" VPOS="1218" WIDTH="86" HEIGHT="14" WC="0.96" CONTENT="snarare"/><SP WIDTH="15" VPOS="1218" HPOS="552"/>
							<String ID="string_361" HPOS="567" VPOS="1212" WIDTH="62" HEIGHT="21" WC="0.96" CONTENT="södra"/><SP WIDTH="16" VPOS="1212" HPOS="629"/>
							<String ID="string_362" HPOS="645" VPOS="1210" WIDTH="59" HEIGHT="22" WC="0.96" CONTENT="delen"/><SP WIDTH="16" VPOS="1210" HPOS="704"/>
							<String ID="string_363" HPOS="720" VPOS="1211" WIDTH="22" HEIGHT="21" WC="0.96" CONTENT="af"/><SP WIDTH="13" VPOS="1211" HPOS="742"/>
							<String ID="string_364" HPOS="755" VPOS="1211" WIDTH="71" HEIGHT="21" WC="0.96" CONTENT="landet"/><SP WIDTH="15" VPOS="1211" HPOS="826"/>
							<String ID="string_365" HPOS="841" VPOS="1210" WIDTH="67" HEIGHT="22" WC="0.96" CONTENT="blifvit"/>
						</TextLine>
						<TextLine ID="line_36" HPOS="88" VPOS="1238" WIDTH="819" HEIGHT="28">
							<String ID="string_366" HPOS="88" VPOS="1239" WIDTH="37" HEIGHT="22" WC="0.95" CONTENT="full"/><SP WIDTH="16" VPOS="1239" HPOS="125"/>
							<String ID="string_367" HPOS="141" VPOS="1240" WIDTH="22" HEIGHT="21" WC="0.92" CONTENT="af"/><SP WIDTH="7" VPOS="1240" HPOS="163"/>
							<String ID="string_368" HPOS="170" VPOS="1240" WIDTH="118" HEIGHT="26" WC="0.92" CONTENT="jernvägar,"/><SP WIDTH="14" VPOS="1240" HPOS="288"/>
							<String ID="string_369" HPOS="302" VPOS="1240" WIDTH="59" HEIGHT="21" WC="0.96" CONTENT="desto"/><SP WIDTH="11" VPOS="1240" HPOS="361"/>
							<String ID="string_370" HPOS="372" VPOS="1239" WIDTH="43" HEIGHT="22" WC="0.96" CONTENT="förr"/><SP WIDTH="12" VPOS="1239" HPOS="415"/>
							<String ID="string_371" HPOS="427" VPOS="1240" WIDTH="95" HEIGHT="21" WC="0.96" CONTENT="kommer"/><SP WIDTH="11" VPOS="1240" HPOS="522"/>
							<String ID="string_372" HPOS="533" VPOS="1240" WIDTH="59" HEIGHT="21" WC="0.96" CONTENT="äfven"/><SP WIDTH="10" VPOS="1240" HPOS="592"/>
							<String ID="string_373" HPOS="602" VPOS="1246" WIDTH="64" HEIGHT="14" WC="0.96" CONTENT="norra"/><SP WIDTH="11" VPOS="1246" HPOS="666"/>
							<String ID="string_374" HPOS="677" VPOS="1238" WIDTH="101" HEIGHT="22" WC="0.96" CONTENT="Finlands"/><SP WIDTH="11" VPOS="1238" HPOS="778"/>
							<String ID="string_375" HPOS="789" VPOS="1242" WIDTH="39" HEIGHT="23" WC="0.93" CONTENT="tur,"/><SP WIDTH="10" VPOS="1242" HPOS="828"/>
							<String ID="string_376" HPOS="838" VPOS="1239" WIDTH="69" HEIGHT="21" WC="0.92" CONTENT="öfver-"/>
						</TextLine>
						<TextLine ID="line_37" HPOS="88" VPOS="1267" WIDTH="819" HEIGHT="28">
							<String ID="string_377" HPOS="88" VPOS="1268" WIDTH="70" HEIGHT="27" WC="0.91" CONTENT="tygad,"/><SP WIDTH="24" VPOS="1268" HPOS="158"/>
							<String ID="string_378" HPOS="182" VPOS="1274" WIDTH="45" HEIGHT="15" WC="0.96" CONTENT="som"/><SP WIDTH="21" VPOS="1274" HPOS="227"/>
							<String ID="string_379" HPOS="248" VPOS="1269" WIDTH="36" HEIGHT="25" WC="0.96" CONTENT="jag"/><SP WIDTH="22" VPOS="1269" HPOS="284"/>
							<String ID="string_380" HPOS="306" VPOS="1274" WIDTH="37" HEIGHT="14" WC="0.96" CONTENT="var"/><SP WIDTH="18" VPOS="1274" HPOS="343"/>
							<String ID="string_381" HPOS="361" VPOS="1270" WIDTH="32" HEIGHT="19" WC="0.93" CONTENT="att"/><SP WIDTH="12" VPOS="1270" HPOS="393"/>
							<String ID="string_382" HPOS="405" VPOS="1268" WIDTH="139" HEIGHT="27" WC="0.92" CONTENT="jernvägarne"/><SP WIDTH="16" VPOS="1268" HPOS="544"/>
							<String ID="string_383" HPOS="560" VPOS="1268" WIDTH="66" HEIGHT="20" WC="0.93" CONTENT="skulle"/><SP WIDTH="16" VPOS="1268" HPOS="626"/>
							<String ID="string_384" HPOS="642" VPOS="1267" WIDTH="85" HEIGHT="27" WC="0.91" CONTENT="betinga"/><SP WIDTH="15" VPOS="1267" HPOS="727"/>
							<String ID="string_385" HPOS="742" VPOS="1268" WIDTH="39" HEIGHT="20" WC="0.96" CONTENT="och"/><SP WIDTH="15" VPOS="1268" HPOS="781"/>
							<String ID="string_386" HPOS="796" VPOS="1268" WIDTH="70" HEIGHT="21" WC="0.96" CONTENT="fordra"/><SP WIDTH="15" VPOS="1268" HPOS="866"/>
							<String ID="string_387" HPOS="881" VPOS="1274" WIDTH="26" HEIGHT="14" WC="0.96" CONTENT="en"/>
						</TextLine>
						<TextLine ID="line_38" HPOS="89" VPOS="1296" WIDTH="818" HEIGHT="27">
							<String ID="string_388" HPOS="89" VPOS="1296" WIDTH="141" HEIGHT="27" WC="0.93" CONTENT="fortsättning."/><SP WIDTH="29" VPOS="1296" HPOS="230"/>
							<String ID="string_389" HPOS="259" VPOS="1296" WIDTH="40" HEIGHT="27" WC="0.96" CONTENT="Jag"/><SP WIDTH="22" VPOS="1296" HPOS="299"/>
							<String ID="string_390" HPOS="321" VPOS="1296" WIDTH="39" HEIGHT="21" WC="0.96" CONTENT="har"/><SP WIDTH="22" VPOS="1296" HPOS="360"/>
							<String ID="string_391" HPOS="382" VPOS="1303" WIDTH="27" HEIGHT="14" WC="0.96" CONTENT="nu"/><SP WIDTH="23" VPOS="1303" HPOS="409"/>
							<String ID="string_392" HPOS="432" VPOS="1296" WIDTH="21" HEIGHT="22" WC="0.96" CONTENT="af"/><SP WIDTH="22" VPOS="1296" HPOS="453"/>
							<String ID="string_393" HPOS="475" VPOS="1297" WIDTH="144" HEIGHT="20" WC="0.96" CONTENT="diskussionen"/><SP WIDTH="21" VPOS="1297" HPOS="619"/>
							<String ID="string_394" HPOS="640" VPOS="1296" WIDTH="35" HEIGHT="21" WC="0.96" CONTENT="vid"/><SP WIDTH="22" VPOS="1296" HPOS="675"/>
							<String ID="string_395" HPOS="697" VPOS="1297" WIDTH="51" HEIGHT="20" WC="0.96" CONTENT="sista"/><SP WIDTH="21" VPOS="1297" HPOS="748"/>
							<String ID="string_396" HPOS="769" VPOS="1297" WIDTH="84" HEIGHT="25" WC="0.95" CONTENT="plenum"/><SP WIDTH="16" VPOS="1297" HPOS="853"/>
							<String ID="string_397" HPOS="869" VPOS="1296" WIDTH="38" HEIGHT="20" WC="0.96" CONTENT="och"/>
						</TextLine>
						<TextLine ID="line_39" HPOS="90" VPOS="1324" WIDTH="818" HEIGHT="27">
							<String ID="string_398" HPOS="90" VPOS="1325" WIDTH="165" HEIGHT="21" WC="0.96" CONTENT="sammanträdet"/><SP WIDTH="21" VPOS="1325" HPOS="255"/>
							<String ID="string_399" HPOS="276" VPOS="1326" WIDTH="7" HEIGHT="19" WC="0.96" CONTENT="i"/><SP WIDTH="24" VPOS="1326" HPOS="283"/>
							<String ID="string_400" HPOS="307" VPOS="1325" WIDTH="39" HEIGHT="26" WC="0.95" CONTENT="dag"/><SP WIDTH="21" VPOS="1325" HPOS="346"/>
							<String ID="string_401" HPOS="367" VPOS="1325" WIDTH="74" HEIGHT="26" WC="0.95" CONTENT="funnit,"/><SP WIDTH="22" VPOS="1325" HPOS="441"/>
							<String ID="string_402" HPOS="463" VPOS="1327" WIDTH="32" HEIGHT="18" WC="0.96" CONTENT="att"/><SP WIDTH="24" VPOS="1327" HPOS="495"/>
							<String ID="string_403" HPOS="519" VPOS="1326" WIDTH="60" HEIGHT="20" WC="0.96" CONTENT="dessa"/><SP WIDTH="19" VPOS="1326" HPOS="579"/>
							<String ID="string_404" HPOS="598" VPOS="1324" WIDTH="56" HEIGHT="21" WC="0.96" CONTENT="mina"/><SP WIDTH="14" VPOS="1324" HPOS="654"/>
							<String ID="string_405" HPOS="668" VPOS="1324" WIDTH="163" HEIGHT="27" WC="0.96" CONTENT="förhoppningar"/><SP WIDTH="15" VPOS="1324" HPOS="831"/>
							<String ID="string_406" HPOS="846" VPOS="1324" WIDTH="62" HEIGHT="21" WC="0.95" CONTENT="hafva"/>
						</TextLine>
						<TextLine ID="line_40" HPOS="88" VPOS="1353" WIDTH="819" HEIGHT="26">
							<String ID="string_407" HPOS="88" VPOS="1353" WIDTH="54" HEIGHT="21" WC="0.96" CONTENT="varit"/><SP WIDTH="15" VPOS="1353" HPOS="142"/>
							<String ID="string_408" HPOS="157" VPOS="1353" WIDTH="113" HEIGHT="21" WC="0.95" CONTENT="illusioner,"/><SP WIDTH="17" VPOS="1353" HPOS="270"/>
							<String ID="string_409" HPOS="287" VPOS="1353" WIDTH="87" HEIGHT="21" WC="0.96" CONTENT="emedan"/><SP WIDTH="19" VPOS="1353" HPOS="374"/>
							<String ID="string_410" HPOS="393" VPOS="1354" WIDTH="23" HEIGHT="21" WC="0.96" CONTENT="17"/><SP WIDTH="16" VPOS="1354" HPOS="416"/>
							<String ID="string_411" HPOS="432" VPOS="1353" WIDTH="22" HEIGHT="20" WC="0.93" CONTENT="af"/><SP WIDTH="13" VPOS="1353" HPOS="454"/>
							<String ID="string_412" HPOS="467" VPOS="1353" WIDTH="95" HEIGHT="21" WC="0.91" CONTENT="ståndets"/><SP WIDTH="15" VPOS="1353" HPOS="562"/>
							<String ID="string_413" HPOS="577" VPOS="1353" WIDTH="136" HEIGHT="21" WC="0.96" CONTENT="medlemmar"/><SP WIDTH="15" VPOS="1353" HPOS="713"/>
							<String ID="string_414" HPOS="728" VPOS="1353" WIDTH="62" HEIGHT="21" WC="0.95" CONTENT="hafva"/><SP WIDTH="9" VPOS="1353" HPOS="790"/>
							<String ID="string_415" HPOS="799" VPOS="1355" WIDTH="66" HEIGHT="24" WC="0.95" CONTENT="yttrat"/><SP WIDTH="11" VPOS="1355" HPOS="865"/>
							<String ID="string_416" HPOS="876" VPOS="1355" WIDTH="31" HEIGHT="19" WC="0.96" CONTENT="att"/>
						</TextLine>
						<TextLine ID="line_41" HPOS="88" VPOS="1381" WIDTH="819" HEIGHT="27">
							<String ID="string_417" HPOS="88" VPOS="1381" WIDTH="87" HEIGHT="22" WC="0.96" CONTENT="alldeles"/><SP WIDTH="15" VPOS="1381" HPOS="175"/>
							<String ID="string_418" HPOS="190" VPOS="1382" WIDTH="61" HEIGHT="26" WC="0.93" CONTENT="ingen"/><SP WIDTH="14" VPOS="1382" HPOS="251"/>
							<String ID="string_419" HPOS="265" VPOS="1382" WIDTH="86" HEIGHT="25" WC="0.91" CONTENT="jernväg"/><SP WIDTH="16" VPOS="1382" HPOS="351"/>
							<String ID="string_420" HPOS="367" VPOS="1381" WIDTH="38" HEIGHT="22" WC="0.96" CONTENT="bör"/><SP WIDTH="16" VPOS="1381" HPOS="405"/>
							<String ID="string_421" HPOS="421" VPOS="1382" WIDTH="78" HEIGHT="26" WC="0.96" CONTENT="byggas"/><SP WIDTH="15" VPOS="1382" HPOS="499"/>
							<String ID="string_422" HPOS="514" VPOS="1381" WIDTH="53" HEIGHT="22" WC="0.96" CONTENT="intill"/><SP WIDTH="16" VPOS="1381" HPOS="567"/>
							<String ID="string_423" HPOS="583" VPOS="1383" WIDTH="60" HEIGHT="20" WC="0.93" CONTENT="nästa"/><SP WIDTH="15" VPOS="1383" HPOS="643"/>
							<String ID="string_424" HPOS="658" VPOS="1381" WIDTH="100" HEIGHT="26" WC="0.91" CONTENT="landtdag"/><SP WIDTH="15" VPOS="1381" HPOS="758"/>
							<String ID="string_425" HPOS="773" VPOS="1382" WIDTH="38" HEIGHT="21" WC="0.96" CONTENT="och"/><SP WIDTH="15" VPOS="1382" HPOS="811"/>
							<String ID="string_426" HPOS="826" VPOS="1381" WIDTH="81" HEIGHT="22" WC="0.96" CONTENT="således"/>
						</TextLine>
						<TextLine ID="line_42" HPOS="88" VPOS="1410" WIDTH="819" HEIGHT="27">
							<String ID="string_427" HPOS="88" VPOS="1410" WIDTH="62" HEIGHT="27" WC="0.96" CONTENT="yrkat"/><SP WIDTH="14" VPOS="1410" HPOS="150"/>
							<String ID="string_428" HPOS="164" VPOS="1410" WIDTH="27" HEIGHT="25" WC="0.93" CONTENT="på"/><SP WIDTH="16" VPOS="1410" HPOS="191"/>
							<String ID="string_429" HPOS="207" VPOS="1410" WIDTH="90" HEIGHT="26" WC="0.92" CONTENT="uppskof"/><SP WIDTH="15" VPOS="1410" HPOS="297"/>
							<String ID="string_430" HPOS="312" VPOS="1410" WIDTH="39" HEIGHT="19" WC="0.96" CONTENT="och"/><SP WIDTH="13" VPOS="1410" HPOS="351"/>
							<String ID="string_431" HPOS="364" VPOS="1411" WIDTH="36" HEIGHT="25" WC="0.96" CONTENT="jag"/><SP WIDTH="15" VPOS="1411" HPOS="400"/>
							<String ID="string_432" HPOS="415" VPOS="1413" WIDTH="34" HEIGHT="17" WC="0.96" CONTENT="vet"/><SP WIDTH="16" VPOS="1413" HPOS="449"/>
							<String ID="string_433" HPOS="465" VPOS="1412" WIDTH="31" HEIGHT="19" WC="0.96" CONTENT="att"/><SP WIDTH="15" VPOS="1412" HPOS="496"/>
							<String ID="string_434" HPOS="511" VPOS="1410" WIDTH="63" HEIGHT="20" WC="0.96" CONTENT="bland"/><SP WIDTH="17" VPOS="1410" HPOS="574"/>
							<String ID="string_435" HPOS="591" VPOS="1410" WIDTH="53" HEIGHT="24" WC="0.96" CONTENT="dem,"/><SP WIDTH="15" VPOS="1410" HPOS="644"/>
							<String ID="string_436" HPOS="659" VPOS="1416" WIDTH="44" HEIGHT="14" WC="0.96" CONTENT="som"/><SP WIDTH="11" VPOS="1416" HPOS="703"/>
							<String ID="string_437" HPOS="714" VPOS="1410" WIDTH="45" HEIGHT="21" WC="0.96" CONTENT="icke"/><SP WIDTH="10" VPOS="1410" HPOS="759"/>
							<String ID="string_438" HPOS="769" VPOS="1410" WIDTH="62" HEIGHT="20" WC="0.96" CONTENT="hafva"/><SP WIDTH="10" VPOS="1410" HPOS="831"/>
							<String ID="string_439" HPOS="841" VPOS="1411" WIDTH="66" HEIGHT="24" WC="0.96" CONTENT="yttrat"/>
						</TextLine>
					</TextBlock>
				</ComposedBlock>
				<ComposedBlock ID="cblock_5" HPOS="88" VPOS="1475" WIDTH="820" HEIGHT="53">
					<TextBlock ID="block_4" HPOS="88" VPOS="1475" WIDTH="820" HEIGHT="47">
						<TextLine ID="line_43" HPOS="157" VPOS="1475" WIDTH="751" HEIGHT="24">
							<String ID="string_440" HPOS="157" VPOS="1476" WIDTH="15" HEIGHT="23" WC="0.79" CONTENT="”)"/><SP WIDTH="24" VPOS="1476" HPOS="172"/>
							<String ID="string_441" HPOS="196" VPOS="1476" WIDTH="31" HEIGHT="19" WC="0.93" CONTENT="Uti"/><SP WIDTH="18" VPOS="1476" HPOS="227"/>
							<String ID="string_442" HPOS="245" VPOS="1476" WIDTH="82" HEIGHT="23" WC="0.92" CONTENT="originala"/><SP WIDTH="18" VPOS="1476" HPOS="327"/>
							<String ID="string_443" HPOS="345" VPOS="1476" WIDTH="105" HEIGHT="23" WC="0.96" CONTENT="protokollen"/><SP WIDTH="19" VPOS="1476" HPOS="450"/>
							<String ID="string_444" HPOS="469" VPOS="1477" WIDTH="55" HEIGHT="17" WC="0.93" CONTENT="finnes"/><SP WIDTH="18" VPOS="1477" HPOS="524"/>
							<String ID="string_445" HPOS="542" VPOS="1475" WIDTH="113" HEIGHT="19" WC="0.92" CONTENT="antecknadt:"/><SP WIDTH="18" VPOS="1475" HPOS="655"/>
							<String ID="string_446" HPOS="673" VPOS="1475" WIDTH="65" HEIGHT="24" WC="0.88" CONTENT=",slutet"/><SP WIDTH="11" VPOS="1475" HPOS="738"/>
							<String ID="string_447" HPOS="749" VPOS="1477" WIDTH="32" HEIGHT="17" WC="0.96" CONTENT="har"/><SP WIDTH="11" VPOS="1477" HPOS="781"/>
							<String ID="string_448" HPOS="792" VPOS="1476" WIDTH="37" HEIGHT="17" WC="0.96" CONTENT="icke"/><SP WIDTH="12" VPOS="1476" HPOS="829"/>
							<String ID="string_449" HPOS="841" VPOS="1476" WIDTH="67" HEIGHT="18" WC="0.96" CONTENT="kunnat"/>
						</TextLine>
						<TextLine ID="line_44" HPOS="88" VPOS="1496" WIDTH="749" HEIGHT="32">
							<String ID="string_450" HPOS="88" VPOS="1496" WIDTH="68" HEIGHT="32" WC="0.73" CONTENT="höras&quot;."/><SP WIDTH="582" VPOS="1496" HPOS="156"/>
							<String ID="string_451" HPOS="738" VPOS="1499" WIDTH="40" HEIGHT="23" WC="0.95" CONTENT="Utg."/><SP WIDTH="14" VPOS="1499" HPOS="778"/>
							<String ID="string_452" HPOS="792" VPOS="1505" WIDTH="45" HEIGHT="12" WC="0.85" CONTENT="anm,"/>
						</TextLine>
					</TextBlock>
				</ComposedBlock>
				<GraphicalElement ID="cblock_6" HPOS="1081" VPOS="1318" WIDTH="3" HEIGHT="409"></GraphicalElement >
			</PrintSpace>
		</Page>
	</Layout>
</alto>
