1089 1792
324 119 158 18 Presteståndet
494 120 52 17 1877.
570 121 25 16 23
607 120 48 21 maj.
832 114 42 21 889

87 187 146 27 alldagligaste
245 188 197 27 penningerörelsen
458 189 7 20 i
477 188 77 22 landet.
570 189 65 21 Detta
645 188 38 21 har
693 188 212 27 bankförvaltningen

86 216 45 21 haft
153 216 33 21 för
209 218 81 25 ögonen
313 217 39 21 och
375 216 82 22 derföre
479 217 106 26 verkligen
608 218 48 20 sökt
671 216 105 22 artificielt
792 219 32 19 att
839 218 67 20 under

87 245 62 20 dessa
171 244 56 22 tider
242 244 57 22 hälla
315 245 39 21 den
370 245 113 21 utländska
499 246 76 20 kursen
591 252 56 20 nere,
663 246 69 20 sävidt
747 246 36 21 det
797 245 39 21 har
851 246 56 20 varit

87 272 81 27 möjligt
185 273 37 21 och
239 274 46 20 med
302 274 93 20 bankens
411 274 100 21 säkerhet
525 274 104 26 förenligt.
659 274 120 21 Resultatet
795 274 61 20 deraf
864 274 42 20 kan

87 301 33 21 väl
136 301 17 26 ej
170 308 62 14 anses
247 308 51 14 vara
313 302 86 21 alldeles
415 302 97 26 onyttigt.
543 302 32 21 Då
590 303 20 20 vi
625 309 29 14 nu
669 302 62 21 hafva
747 309 25 14 en
784 302 63 26 nådig
858 308 48 20 pro-

86 329 92 27 position
201 336 34 15 om
257 330 110 21 införande
381 330 23 21 af
416 330 142 27 guldmyntfot
573 331 38 21 och
628 337 25 15 en
670 330 113 27 öfvergäng
798 330 31 22 till
846 331 60 26 guld-

86 358 90 27 myntfot
198 360 52 19 utan
272 358 69 27 afgäld
358 359 39 21 och
412 361 51 19 utan
478 359 129 26 rubbningar
623 360 54 20 samt
693 361 30 19 ett
738 359 168 21 utskottsbetän-

87 387 76 25 kande,
183 392 45 16 som
244 387 98 21 förordar
357 388 128 25 antagandet
501 388 59 21 deraf
573 390 51 18 utan
640 388 71 20 vidare
727 388 38 20 och
783 388 27 20 då
825 387 81 21 således

88 416 67 21 denna
177 415 78 22 reform
279 416 42 20 kan
343 416 133 26 genomföras
492 416 38 21 och
546 416 38 20 har
600 416 69 21 blifvit
683 416 113 26 lindrigare
812 416 38 21 och
867 416 39 21 lät-

87 446 46 19 tare
148 445 32 20 att
194 444 123 26 genomföra
332 450 75 21 genom
423 444 94 22 bankens
533 444 107 22 artificiela
656 445 56 25 kurs,
729 451 44 14 som
783 444 123 26 visserligen

87 473 54 21 varit
162 472 109 22 irrationel
294 484 21 3 —
332 473 71 21 derom
426 474 23 19 är
462 474 37 25 jag
521 474 6 20 i
543 473 79 27 princip
645 473 128 26 fullkomligt
794 479 48 15 ense
859 474 47 20 med

87 502 73 20 rektor
182 501 100 21 Kihlman
299 513 26 2 —-
340 508 54 18 men,
417 508 44 14 som
477 502 67 20 under
566 502 55 20 vissa
636 501 145 22 förhällanden
798 502 38 20 har
852 502 55 20 varit

87 531 76 25 nyttig,
178 536 63 14 anser
254 530 37 26 jag
306 530 35 21 det
357 530 18 26 ej
392 536 49 15 vara
457 530 51 25 skäl,
524 530 126 21 ätminstone
665 531 18 25 ej
699 530 32 21 för
744 530 40 21 den
800 532 59 19 stora
870 530 37 20 all-

88 558 119 26 mänheten,
230 560 32 19 att
277 558 132 27 synnerligen
425 558 90 27 beklaga
530 559 30 26 sig
576 565 34 15 om
625 558 60 21 äfven
702 559 25 21 de
743 559 83 25 privata
841 559 66 21 bank-

88 586 169 27 inrättningarna
280 588 71 20 kunna
374 587 62 21 hafva
459 593 25 15 en
506 588 39 20 och
561 593 67 15 annan
645 587 117 25 olägenhet,
778 594 44 14 som
836 588 36 26 jag
888 587 18 27 ej

87 616 35 20 vill
146 618 97 18 närmare
266 616 97 21 bedöma.
388 628 24 2 —
435 616 62 20 Hvad
515 616 54 21 1874
583 616 35 20 ärs
634 616 33 20 län
684 616 107 26 beträffar,
807 616 64 21 hafva
886 616 23 20 af

86 644 131 21 revisorerne
233 644 116 26 anmärkts,
365 646 32 19 att
412 644 167 26 obligationerna
595 644 66 21 sakna
676 644 54 21 finsk
746 646 50 19 text.
812 644 40 26 Jag
867 644 40 21 har

87 672 52 21 intet
162 674 33 19 att
213 678 34 14 om
270 673 68 21 denna
361 672 37 22 sak
421 675 32 19 att
467 675 57 24 yttra
539 673 48 26 mig,
603 672 88 21 emedan
708 672 33 28 jag
757 672 18 26 ej
791 673 39 20 har
846 673 62 21 suttit

86 701 72 21 ibland
181 701 196 26 bankfullmäktige,
400 701 27 21 dä
450 702 39 20 den
512 701 23 21 af
553 702 47 20 dem
617 700 110 26 afgjordes.
758 701 49 21 Men
821 702 36 25 jag
872 701 35 21 vill

87 730 75 20 endast
177 729 107 26 anmärka,
299 732 32 18 att
347 730 36 20 det
398 730 17 26 ej
432 730 39 20 har
486 729 22 21 af
524 730 129 21 revisorerne
669 730 98 25 fordrats,
783 732 32 18 att
827 730 80 26 obliga-

87 759 97 20 tionerna
209 758 67 20 skulle
292 758 64 21 hafva
372 758 74 21 endast
461 758 53 21 finsk
530 760 51 24 text,
597 760 50 19 utan
663 760 32 18 att
708 758 65 26 jemte
789 758 40 21 den
846 759 61 25 tyska

86 788 79 23 texten,
189 786 37 22 der
249 786 68 21 skulle
339 786 49 26 ingå
410 786 54 21 finsk
487 788 50 24 text,
557 787 38 20 och
611 787 59 20 detta
685 788 45 20 tror
743 787 36 26 jag
793 787 33 20 väl
842 786 65 21 också

87 815 42 21 alla
144 815 63 21 hafva
223 815 82 21 önskat.
322 827 24 3 —
364 815 60 21 Hvad
440 815 199 27 bankfullmäktiges
654 816 57 20 antal
722 815 137 26 vidkommer,
871 816 37 20 ber

85 844 36 26 jag
143 846 32 18 att
191 844 21 20 fä
227 843 54 21 fästa
297 844 214 26 uppmärksamheten
528 844 33 20 vid
577 844 37 20 det
629 844 116 25 utlätande,
761 849 44 15 som
823 844 22 20 af
858 850 48 20 pro-

87 875 46 18 sten
160 872 57 26 Hjelt
232 873 108 25 upplästes
357 872 38 21 och
411 878 44 15 som
472 872 91 26 afgifvits
579 873 22 20 af
614 872 134 21 minoriteten
764 872 23 20 af
801 872 105 21 bankfull-

87 901 92 26 mäktige
201 901 7 20 i
231 900 70 21 denna
322 900 66 27 fräga,
413 901 36 21 der
465 901 36 21 det
516 901 140 26 uttryckligen
672 901 22 20 af
709 901 68 21 denna
792 901 115 25 minoritet,

87 929 116 21 bestäende
218 929 23 21 af
258 932 86 23 prosten
360 929 58 27 Hjelt
433 929 39 21 och
488 929 48 26 mig,
551 929 133 24 framhällits,
700 932 32 18 att
747 929 37 21 vär
799 929 55 26 äsigt
869 929 39 21 har

88 957 61 26 varit,
173 960 32 19 att
225 959 60 24 ingen
309 957 122 27 förändriong
453 958 23 21 af
489 958 86 24 antalet,
592 958 51 21 eller
658 958 62 26 ingen
736 957 136 28 omställning
887 957 22 22 af

88 993 29 14 nu
131 987 97 26 gällande
244 986 146 21 förhållanden
407 987 66 20 skulle
489 992 52 15 vara
556 986 97 27 behöflig.
684 987 80 20 Endast
775 987 33 20 för
819 986 35 21 det
866 987 41 26 fall,

88 1018 31 19 att
135 1021 48 14 man
199 1015 129 26 nödvändigt
343 1016 49 20 ville
407 1015 28 26 pä
450 1015 64 26 nägot
529 1017 42 19 sätt
587 1015 62 21 hafva
660 1015 65 21 saken
736 1015 98 25 omstäld,
845 1015 63 21 hafva

88 1045 19 20 vi
123 1043 81 27 ingifvit
220 1046 31 19 ett
266 1047 64 18 annat
345 1044 84 26 förslag,
445 1050 43 15 som
505 1044 19 21 vi
541 1043 76 27 ansägo
634 1043 108 28 möjligare
757 1044 39 21 och
818 1044 90 26 princip-

88 1073 99 26 enligare,
213 1074 27 19 än
256 1073 35 20 det
306 1073 23 20 af
342 1073 135 26 pluraliteten
492 1071 84 28 ingifna.
607 1073 48 20 Men
671 1072 127 21 ätminstone
813 1073 36 26 jag
864 1073 44 20 vid-

89 1101 67 22 häller
171 1101 130 21 fortfarande
317 1101 39 21 den
373 1101 86 27 äsigten,
476 1103 32 19 att
521 1101 36 26 jag
572 1107 61 14 anser
648 1107 25 15 en
689 1101 123 26 förändring
823 1101 6 20 i
840 1101 68 20 denna

89 1130 38 21 sak
141 1129 82 28 ganska
239 1130 46 21 litet
299 1129 106 26 päkallad.
435 1129 49 21 Man
497 1130 80 21 brukar
588 1130 66 20 sällan
668 1129 115 22 reformera
793 1142 27 3 —
833 1129 74 22 ätmin-

89 1160 60 19 stone
165 1160 23 19 är
203 1158 36 21 det
253 1159 46 20 icke
310 1158 67 27 nägon
389 1158 132 27 synnerligen
533 1158 84 27 politisk
628 1158 88 21 klokhet
726 1160 32 19 att
768 1160 52 25 göra
832 1157 76 22 sädant

90 1199 26 2 —
131 1187 63 20 innan
210 1193 49 14 man
274 1187 39 20 har
329 1188 69 20 märkt
413 1187 65 26 några
494 1187 141 26 olägenheter.
666 1186 42 21 Min
725 1187 120 21 erfarenhet
861 1186 47 21 från

88 1215 253 27 bankfullmäktigskapet
364 1218 24 18 är
410 1216 121 25 visserligen
555 1215 17 28 ej
597 1215 39 22 allt
651 1215 32 21 för
698 1215 55 26 lång,
769 1222 55 19 men,
840 1215 69 21 såvidt

87 1245 37 26 jag
145 1244 41 21 kan
209 1244 99 26 påminna
331 1245 48 26 mig,
403 1245 38 20 har
457 1244 36 21 det
508 1244 18 27 ej
543 1244 78 21 funnits
637 1244 68 26 någon
722 1250 68 15 annan
806 1244 102 27 vigtigare

89 1273 65 26 fråga,
171 1279 45 14 som
231 1273 68 20 skulle
315 1273 63 20 hafva
394 1273 67 20 blifvit
477 1273 80 26 afgjord
573 1279 74 20 genom
664 1273 152 20 ordförandens
836 1274 72 19 votum

89 1301 120 25 decisivum,
233 1303 26 18 än
280 1301 44 26 just
340 1301 74 26 denna,
431 1301 104 21 huruvida
551 1301 18 20 vi
585 1301 67 21 skulle
668 1301 61 21 fodra
745 1307 24 14 en
785 1301 123 26 förändring

89 1330 6 21 i
118 1331 61 20 detta
200 1329 98 22 afseende
321 1329 51 21 eller
393 1330 51 24 icke,
468 1329 39 22 och
529 1329 59 22 äfven
604 1329 6 20 i
627 1329 68 21 denna
710 1329 59 26 fråga
784 1330 72 21 visade
871 1329 38 21 vår

90 1357 121 22 nuvarande
233 1358 127 21 ordförande
375 1359 32 20 sin
423 1358 83 25 vanliga
522 1358 123 23 humanitet,
662 1358 23 21 så
700 1358 31 21 till
747 1358 54 25 vida,
818 1360 32 19 att
866 1358 42 21 han

89 1389 74 24 genast
183 1386 74 26 erbjöd
280 1387 31 26 sig
336 1389 32 18 att
389 1387 69 20 införa
480 1387 55 20 båda
551 1387 104 26 förslagen
672 1387 97 26 parallelt
784 1387 47 20 med
847 1387 61 20 hvar-

89 1416 76 24 andra;
181 1415 98 20 hvarföre
295 1415 69 26 någon
381 1419 44 16 stor
441 1415 74 26 olycka
531 1415 18 24 ej
565 1421 36 14 ens
617 1416 6 19 i
640 1415 58 20 detta
708 1415 37 20 fall
756 1415 39 19 har
807 1415 101 20 inträffat.

89 1443 40 26 Jag
145 1445 24 18 är
183 1442 49 21 fullt
249 1442 123 27 öfvertygad
388 1449 41 19 om,
445 1445 32 18 att
492 1442 84 21 hvilken
592 1442 126 21 ordförande
734 1448 44 15 som
790 1442 61 26 helst,
863 1448 45 15 som

90 1471 99 21 Finlands
206 1471 189 25 bankfullmäktige
411 1471 84 20 komma
510 1472 32 19 att
557 1470 86 23 erhålla,
659 1470 53 21 skall
728 1470 40 21 han
784 1470 62 21 alltid
860 1473 49 18 veta

91 1499 35 22 det
141 1499 101 27 granlaga
256 1499 7 21 i
278 1501 31 19 att
325 1499 88 21 sålunda
428 1499 71 21 kunna
514 1499 47 21 med
577 1505 25 15 en
618 1500 55 20 rösts
689 1499 89 27 tillhjelp
789 1499 83 21 besluta
882 1504 26 15 en
