1103 1811
229 119 55 20 1124
444 124 161 17 Presteständet
619 123 57 18 1877.
696 125 24 16 31
732 125 47 20 maj.

264 192 10 21 I
289 191 114 27 anledning
417 191 63 22 häraf
492 192 84 27 yttrade

264 248 107 26 professor
391 248 143 21 Forsman
550 255 26 14 en
591 248 138 26 anmärkning
744 253 34 16 om
794 249 32 20 att
841 248 7 20 i
863 248 40 21 den
919 247 101 27 upplästa

196 277 141 26 omröstnings
353 277 157 26 propositionen
526 277 45 21 helt
583 277 39 21 och
635 277 66 21 hållet
711 276 81 21 felades
802 276 215 27 kontraproposition,

195 304 25 22 så
234 306 33 19 att
281 304 26 22 de
323 305 134 22 omröstande
472 305 46 21 icke
533 305 53 21 viste
600 305 55 21 hvad
670 305 33 26 nej
716 304 89 22 innebar
816 304 40 22 och
868 304 93 22 önskade
972 304 47 22 der-

195 333 34 21 för
244 335 32 19 att
290 333 86 21 ståndet
392 333 67 21 skulle
474 334 32 20 till
522 334 129 26 protokollet
663 334 69 21 uttala
743 335 33 19 att
787 333 158 27 presteståndet
957 339 62 15 anser

195 363 33 20 att
243 361 67 22 ehuru
326 362 235 27 kontrapropositionen
576 362 47 22 icke
638 364 25 19 är
673 362 113 22 omnämnd
797 362 122 22 densamma
930 362 89 22 innebär

195 390 138 22 förkastande
348 390 23 22 af
385 390 48 22 hela
447 390 80 27 frågan.

263 447 89 22 Prosten
389 449 136 20 Johnsson
541 448 39 21 och
591 448 107 27 professor
707 448 85 22 Cleve
804 447 97 22 biträdde
911 447 108 28 professor

196 476 114 21 Forsmans
325 476 86 27 förslag.

263 533 81 22 Rektor
366 526 142 29 Kihlman
530 534 100 26 föreslog,
653 536 32 19 att
706 534 140 21 ordföranden
862 534 48 21 ville
925 534 94 21 inhemta

197 561 95 22 ständets
314 562 90 27 mening,
420 563 104 21 huruvida
539 563 59 22 detta
612 563 8 20 i
635 562 31 22 sin
681 563 71 21 helhet
767 562 125 27 uppfattade
907 563 66 21 saken
989 562 29 26 sä,

197 593 32 19 att
243 597 26 15 en
285 591 57 27 dylik
357 591 139 27 anmärkning
511 592 66 20 borde
592 592 6 20 i
612 591 130 27 protokollet
756 592 55 26 ingä.

264 648 31 21 Pä
307 648 50 22 herr
372 648 54 22 vice
442 649 170 21 talmannens
628 648 72 22 härom
710 648 76 28 gjorda
796 649 155 27 framställning
961 649 58 22 biföll

197 677 85 21 ständet
298 676 32 22 till
346 678 170 21 statsutskottets
532 678 149 26 ofvanintagna
696 677 155 28 framställning
866 678 108 22 äfvensom
987 678 32 22 till

198 705 39 22 den
259 705 119 27 föreslagna
398 706 143 26 omröstnings
556 706 157 27 propositionen
728 706 48 22 med
792 707 41 21 den
849 706 134 28 uppfattning
998 707 23 21 af

198 734 33 26 nej
247 740 44 16 som
308 734 107 27 professor
429 734 103 22 Forsman
547 734 123 22 framhällit.

266 791 107 22 Skolande
388 792 159 22 statsutskottet
562 792 19 27 ej
597 792 81 22 mindre
693 798 34 16 om
743 792 59 22 detta
818 792 69 22 beslut
898 794 27 20 än
938 799 35 15 om
983 793 37 22 det

197 820 7 20 i
219 820 38 26 gär
272 820 97 22 anstälda
385 820 56 22 valet
455 826 76 21 genom
547 821 77 27 utdrag
638 827 25 15 ur
678 821 129 27 protokollet
823 821 141 23 underrättas.

265 877 74 22 Hvarä
353 878 85 22 ständet
453 877 108 23 ätskildes.

804 940 21 18 In
837 941 61 18 fidem:

752 975 58 28 Aug.
830 975 108 28 Hagman.
