1086 1823
337 125 160 19 Presteståndet
510 127 51 18 1877.
585 128 14 16 4
611 127 47 21 maj.
837 123 40 20 675

156 193 110 22 Professor
287 194 102 22 Cleve:
419 195 43 21 Det
477 195 61 22 torde
552 196 45 21 icke
613 195 71 22 kunna
699 197 72 25 nekas,
787 197 32 20 att
835 195 18 27 ej
868 196 39 21 här

87 224 24 19 är
135 222 60 27 fråga
220 229 34 14 om
275 224 31 20 ett
328 223 239 25 samhällsförhållande,
588 225 65 20 hvars
675 225 108 20 ordnande
800 227 23 18 är
839 224 68 21 likaså

86 251 82 26 vigtigt,
184 257 45 15 som
245 251 36 21 det
296 253 24 19 är
334 251 98 22 förenadt
447 253 48 20 med
511 253 138 26 svårigheter.
672 253 44 20 För
730 253 42 20 min
788 253 34 21 del
837 254 24 19 är
869 252 37 27 jag

86 279 123 27 visserligen
232 279 23 22 af
274 280 41 21 den
337 280 117 26 meningen,
470 283 33 18 att
518 281 111 21 samhället
645 280 67 21 borde
726 281 71 20 kunna
812 281 95 21 undvara

86 314 25 15 en
127 308 65 21 sådan
209 307 40 26 lag,
265 314 44 15 som
327 309 74 20 denna.
424 309 42 20 Det
481 309 64 21 borde
561 315 51 15 vara
627 309 149 25 förhållandet,
792 311 32 19 att
835 309 72 26 hvarje

85 336 139 27 medborgare
247 337 39 20 och
310 337 177 26 medborgarinna
509 337 68 22 skulle
599 337 21 22 få
642 337 60 26 njuta
723 338 32 20 sin
773 337 64 22 frihet
852 337 54 22 intill

86 365 47 21 dess
156 365 41 21 han
221 365 51 21 eller
295 365 41 21 hon
351 372 74 20 genom
442 367 31 20 ett
488 366 89 27 verkligt
592 366 59 21 brott
666 365 107 22 förverkat
788 366 46 21 den.
864 366 42 21 För

85 393 43 22 min
144 393 34 22 del
193 394 40 21 har
245 394 36 27 jag
297 395 64 20 också
375 395 84 26 mycket
473 395 78 25 tvekat,
567 394 104 22 huruvida
685 395 45 20 icke
745 395 48 20 vårt
803 395 103 21 samhälle

85 429 50 14 vore
150 423 7 20 i
173 423 62 21 stånd
254 425 33 18 att
302 423 51 21 bära
368 429 25 15 en
408 423 66 22 sådan
489 423 73 26 frihet;
579 430 47 15 men
639 424 36 26 jag
690 429 49 21 eger
755 423 54 22 dock
823 424 84 26 mycket

85 451 34 21 för
140 451 51 21 liten
215 451 120 22 erfarenhet
357 458 33 15 om
413 452 127 21 hithörande
561 452 155 25 förhållanden,
731 452 32 21 för
779 454 32 19 att
826 453 6 20 i
848 453 59 20 detta

85 479 99 22 afseende
207 480 71 21 kunna
301 480 69 21 uttala
392 480 64 27 något
480 481 113 21 bestämdt.
622 481 39 21 Att
683 481 94 20 deremot
799 481 27 26 på
841 481 65 20 sådan

85 509 74 26 grund,
175 515 44 15 som
235 509 40 20 har
290 509 69 20 blifvit
373 509 74 21 anförd
463 509 22 21 af
493 509 64 27 nägre
568 509 22 21 af
599 511 167 24 reservanterne,
777 515 50 15 anse
838 509 69 22 denna

86 537 123 27 förordning
232 538 33 21 för
287 537 59 27 tidig,
369 537 39 22 har
432 538 48 21 icke
502 538 81 21 kunnat
605 538 51 21 falla
670 539 42 25 mig
726 538 33 25 in;
774 540 23 24 ty
812 538 25 21 de
853 537 53 27 skäl,

85 566 61 21 desse
169 565 77 27 anfört,
269 567 37 20 äro
329 566 134 27 naturligtvis
486 566 46 22 icke
555 566 102 27 hällbara,
680 567 27 21 dä
724 566 23 27 ju
762 566 144 21 korrektions-

85 594 132 22 anstalterna
239 595 126 21 ätminstone
388 595 71 21 kunna
474 595 121 22 förbättras.
624 595 112 21 Dessutom
751 595 68 21 skulle
834 597 72 18 natur-

85 623 71 26 ligtvis
172 623 64 21 ocksä
251 623 65 26 enligt
331 623 61 21 deras
408 624 84 26 mening
509 624 53 21 1865
579 624 34 21 ärs
624 623 123 26 förordning
760 623 95 26 gvarstä;
867 623 39 21 och

83 651 77 27 jemför
181 658 48 15 man
252 653 69 20 denna
335 652 123 27 förordning
473 653 47 20 med
537 652 58 21 detta
610 651 220 28 författningsförslag,
847 652 60 21 torde

85 681 37 20 det
144 680 65 21 blifva
233 681 95 26 omöjligt
350 682 32 19 att
402 680 45 21 visa
463 682 54 21 1865
533 681 34 21 års
582 681 122 26 förordning
719 681 126 21 företräden.
875 681 32 20 De

85 709 64 21 ärade
165 709 74 25 talare,
255 715 44 15 som
316 709 135 21 härförinnan
467 710 63 21 hafva
543 711 68 26 yttrat
626 710 37 26 sig,
674 709 62 22 hafva
747 709 64 22 ocksä
819 709 88 21 allmänt

86 738 55 20 varit
156 737 22 21 af
193 738 39 21 den
249 737 160 28 öfvertygelsen,
424 741 33 18 att
472 739 60 21 detta
546 738 215 28 författningsförslag
776 739 23 20 är
810 740 31 19 att
851 737 55 22 före-

87 766 65 26 draga
174 766 88 21 framför
286 767 54 21 1865
362 767 35 21 års
412 766 129 28 förordning.
570 767 67 21 Afven
652 767 35 27 jag
701 767 62 27 hyser
779 767 68 21 denna
862 773 44 14 me-

86 796 50 25 ning
151 795 39 21 och
206 796 36 20 det
257 795 27 27 pä
299 796 36 21 det
350 795 52 26 skäl,
418 798 32 19 att
465 796 20 20 vi
501 797 45 20 icke
561 796 39 21 här
614 795 91 22 anträffa
720 795 82 22 skilnad
817 795 89 21 emellan

85 824 142 22 försvarslösa
251 824 39 21 och
315 825 54 25 dem,
395 830 45 15 som
460 824 72 22 kunna
553 825 96 21 försvara
672 824 31 26 sig
725 824 39 22 och
779 826 32 20 att
826 824 20 21 vi
861 824 46 21 icke

87 853 67 22 heller
177 853 38 21 här
239 853 89 21 anträffa
350 852 56 22 olika
428 853 120 27 kategorier
563 854 22 20 af
599 853 144 27 medborgare,
758 853 73 21 hvilka
845 852 62 27 polis-

88 882 148 27 myndigheten
259 884 24 19 är
305 882 171 27 befullmägtigad
491 884 32 19 att
538 882 105 22 behandla
658 882 40 20 den
714 888 40 15 ena
769 882 27 26 pä
811 884 32 19 ett
857 883 49 22 sätt,

87 912 40 21 den
143 910 67 22 andra
226 911 27 26 pä
271 913 71 19 annat.
374 910 173 27 Likställigheten
563 911 6 21 i
584 910 116 27 borgerligt
715 910 119 22 hänseende
849 910 59 21 kom-

87 946 46 15 mer
148 942 51 19 utan
215 939 71 22 tvifvel
300 946 75 21 genom
391 940 69 21 denna
474 939 123 28 förordning
612 942 32 19 att
659 942 49 24 taga
723 941 31 20 ett
769 941 46 26 steg
825 939 82 22 framät.

88 969 48 21 Men
154 969 37 26 jag
207 969 35 20 vill
257 968 104 27 medgifva
376 970 32 20 att
423 969 62 21 äfven
500 969 47 21 med
563 969 98 21 afseende
676 969 13 20 ä
704 969 25 20 de
745 969 163 25 bestämningar,

87 1003 46 16 som
155 997 138 26 förekomma,
315 998 109 26 grundade
447 997 169 27 betänkligheter
638 997 72 21 kunna
724 998 83 26 uppstä,
822 997 39 21 och
876 996 32 21 för

87 1027 44 20 min
154 1027 33 20 del
209 1026 38 21 har
263 1026 61 21 äfven
337 1027 43 26 jag,
394 1027 70 21 säsom
479 1027 42 20 min
536 1027 130 21 reservation
682 1027 61 24 visar,
759 1026 48 27 hyst
822 1026 85 21 sädana.

87 1055 11 21 I
120 1055 68 21 första
211 1055 12 26 &
246 1057 24 18 är
292 1055 59 27 fråga
373 1061 33 15 om
422 1055 55 21 huru
493 1055 45 25 den,
553 1061 45 16 som
614 1055 46 22 icke
676 1061 48 20 eger
739 1055 108 26 egendom,
862 1054 46 21 icke

88 1083 68 22 heller
178 1084 76 21 värdas
276 1084 23 21 af
317 1084 66 21 andra
398 1084 39 21 och
452 1083 46 22 icke
514 1084 66 21 heller
595 1083 37 22 vill
647 1083 82 25 arbeta,
744 1090 48 15 men
807 1084 36 21 det
859 1083 50 21 oak-

89 1113 47 20 tadt
159 1112 100 21 anträffas
283 1115 58 18 utom
364 1113 31 20 sin
411 1113 107 26 kommun,
534 1113 53 21 skall
602 1113 72 21 kunna
690 1112 121 21 behandlas.
841 1112 68 26 Tager

89 1147 48 16 man
153 1141 52 22 hans
221 1141 46 26 läge
282 1141 7 20 i
304 1141 145 26 betraktande,
464 1141 42 21 kan
520 1147 49 15 man
584 1142 123 26 visserligen
717 1141 44 21 helt
772 1141 71 21 enkelt
853 1142 56 24 säga,

89 1172 32 19 att
144 1176 25 15 en
192 1170 66 21 sädan
281 1169 79 22 individ
382 1170 46 21 icke
449 1171 39 20 har
503 1169 68 27 nägon
587 1176 69 15 annan
671 1171 64 24 utväg
750 1172 32 19 att
797 1169 113 26 uppehälla

89 1199 65 25 lifvet,
171 1200 26 19 än
212 1201 32 19 att
259 1199 100 26 antingen
373 1199 63 26 stjäla
452 1199 52 21 eller
519 1199 62 26 tigga.
605 1199 107 20 Intetdera
727 1198 44 21 står
782 1198 127 21 tillsamman

89 1227 49 21 med
160 1233 25 15 en
208 1227 200 26 samhällsordning;
431 1229 36 20 det
489 1233 40 14 ena
550 1229 24 18 är
594 1227 65 24 brott,
678 1227 60 21 äfven
754 1227 35 20 det
805 1227 66 20 andra
886 1229 24 18 är

89 1255 88 27 belagdt
197 1256 48 21 med
267 1255 66 22 straff.
364 1255 48 21 Man
431 1256 71 21 kunde
517 1255 121 26 visserligen
654 1257 57 25 säga,
727 1257 32 19 att
774 1255 36 21 det
824 1255 46 20 icke
886 1257 24 18 är

89 1283 99 28 behörigt
202 1285 34 20 för
251 1285 40 21 den
307 1290 38 15 ene
361 1284 152 27 medborgaren
529 1286 31 19 att
575 1285 61 25 fräga
651 1284 59 26 efter,
726 1284 55 20 huru
793 1284 40 20 den
844 1283 66 22 andre

89 1312 72 26 lefver,
185 1313 24 20 sä
229 1313 64 21 framt
307 1312 42 21 han
364 1313 46 20 icke
425 1315 39 24 gör
479 1313 31 26 sig
526 1312 81 27 skyldig
623 1313 32 20 till
670 1314 32 19 att
718 1313 106 26 antingen,
841 1312 69 21 säsom

88 1341 37 26 jag
147 1341 57 26 sade,
227 1341 63 26 stjäla
312 1340 52 21 eller
385 1341 64 27 tigga.
480 1341 48 21 Men
550 1341 60 21 faran
632 1341 110 26 härvidlag
758 1342 23 19 är
797 1340 54 21 dock
865 1342 45 19 stor

90 1375 47 20 nog,
162 1372 28 24 ty,
214 1369 69 22 såsom
299 1369 105 22 utskottet
418 1370 8 20 i
441 1370 37 21 sitt
492 1369 135 22 betänkande
643 1369 65 26 anför,
724 1369 42 21 kan
781 1375 49 14 man
845 1369 65 26 knap-

90 1400 48 25 past
160 1398 66 21 tänka
248 1399 31 26 sig
298 1398 65 21 saken
378 1399 139 25 annorlunda,
532 1400 27 19 än
575 1399 32 20 att
622 1404 25 15 en
664 1398 63 21 sädan
743 1397 79 22 individ
837 1396 28 27 pä
880 1398 30 19 ett

91 1426 52 21 eller
164 1428 65 19 annat
252 1429 43 19 sätt
309 1426 65 21 lefver
389 1427 27 26 pä
432 1433 26 14 en
473 1433 80 14 annans
568 1426 124 21 bekostnad.
722 1427 43 20 Mig
781 1432 61 20 synes
857 1425 53 21 säle-

91 1455 43 24 des,
157 1457 31 18 att
207 1455 41 20 han
264 1457 51 18 utan
331 1455 73 20 tvifvel
418 1457 24 18 är
458 1455 62 20 stadd
536 1456 26 25 pä
577 1456 57 19 orätt
649 1456 40 24 väg
704 1455 38 20 och
758 1455 39 20 bör
812 1454 98 20 tillrätta-

90 1483 62 21 visas.
178 1483 69 26 Fräga
262 1483 89 27 uppstär
366 1483 28 20 dä
409 1483 75 21 endast
498 1490 34 14 om
547 1483 55 21 huru
612 1482 40 21 bör
662 1483 68 20 denna
740 1481 170 27 tillrättavisning

91 1512 51 21 ske?
171 1511 36 21 Nu
228 1511 67 22 finner
315 1512 37 26 jag
370 1512 36 20 det
421 1511 86 22 alldeles
523 1511 108 27 naturligt,
646 1512 32 20 att
694 1511 31 25 de,
741 1516 45 16 som
801 1510 28 27 pä
842 1510 70 27 grund
