1092 1817
318 126 160 18 Presteståndet
491 128 53 17 1877.
567 128 22 17 15
601 128 47 21 maj.
828 122 40 20 757

78 193 80 21 kanske
174 194 41 21 kan
231 200 47 16 man
297 195 64 22 också
375 197 50 25 göra
442 195 111 28 besparing
567 196 23 22 af
603 196 41 26 det,
660 202 44 16 som
720 202 28 15 nu
763 198 24 20 är
802 196 96 27 anslaget

79 222 31 21 för
126 222 125 22 ändamålet.
268 236 26 2 —
310 224 61 21 Hvad
387 224 99 22 beträffar
502 228 71 24 pastor
588 225 66 28 Lyras
670 226 86 24 önskan,
773 227 31 19 att
816 226 81 20 utskot-

78 252 30 20 tet
129 250 66 22 borde
216 251 61 22 hafva
292 252 77 22 uttalat
384 253 31 26 sig
431 253 85 26 derhän,
532 255 30 19 att
578 254 40 20 den
633 254 43 20 inre
693 254 169 25 organisationen
878 253 21 21 af

78 279 231 23 dårvårdsanstalterna
331 280 67 22 skulle
420 281 63 21 blifva
506 282 164 26 ändamålsenlig
686 282 38 20 och
739 282 158 21 föreståndaren

77 313 49 15 vara
150 313 26 16 en
198 308 92 26 kristligt
312 309 37 21 och
373 309 145 27 psykologiskt
538 310 70 21 bildad
624 316 54 19 man,
694 310 32 20 får
738 310 36 26 jag
789 310 108 25 anmärka,

78 337 31 30 att
132 336 104 22 utskottet
259 338 17 26 ej
297 339 70 19 ansett
382 338 31 26 sig
428 338 52 21 böra
495 337 66 22 inlåta
576 338 31 26 sig
622 337 6 21 i
643 340 32 19 att
689 340 56 24 yttra
760 338 32 27 sig
808 344 33 15 om
857 338 40 21 den

77 370 44 15 inre
137 365 176 26 organisationen,
331 366 26 21 då
372 366 71 26 frågan
459 367 70 25 gällde
544 366 54 21 blott
613 366 130 27 uppförande
758 367 22 21 af
794 366 49 21 kur-
858 366 39 21 och

77 393 155 21 vårdanstalter
247 393 32 21 för
294 394 59 22 desse
369 394 108 28 olycklige.
501 395 106 27 Styrelsen
622 395 39 21 har
671 395 108 26 förklarat,
792 397 32 19 att
836 396 62 20 stats-

78 420 73 22 verket
173 422 54 21 skall
249 422 93 22 bestrida
357 423 117 22 kostnaden
490 424 32 21 för
538 423 130 22 underhållet
684 424 23 21 af
720 424 60 21 dessa
796 423 102 22 anstalter

78 449 38 33 och
140 450 35 22 det
198 452 23 20 är
236 451 81 22 således
333 452 108 26 styrelsen,
456 458 46 16 som
518 452 64 22 också
597 452 132 25 bestämmer,
745 452 96 22 hurudan
858 452 39 21 den

77 484 45 16 inre
138 479 176 26 organisationen,
330 480 54 22 skall
399 480 70 26 blifva,
485 482 19 20 vi
520 481 70 21 kunna
606 481 54 21 dock
674 482 87 26 hoppas,
776 483 32 19 att
824 481 73 27 styrel-

78 513 35 15 sen
136 514 35 15 ser
193 508 38 26 till,
254 510 31 20 att
303 509 62 21 dessa
380 510 102 21 anstalter
497 510 64 21 blifva
576 509 97 22 försedda
688 510 48 21 med
751 510 78 21 sådane
844 510 53 21 före-

77 536 106 27 ståndare,
198 543 45 15 som
258 539 73 25 pastor
345 537 56 28 Lyra
415 538 39 21 har
470 539 81 21 önskat.

146 594 90 22 Prosten
251 595 91 21 Roos:
359 594 89 22 Prosten
462 595 106 22 Johnsson
583 595 39 21 har
636 596 64 20 redan
716 595 31 21 till
763 601 26 15 en
800 594 34 22 del
844 594 54 22 före-

78 622 88 20 kommit
189 623 46 26 mig.
267 624 40 26 Jag
329 622 35 22 vill
387 623 54 22 ändå
463 624 93 27 tillägga,
578 626 31 19 att
622 624 36 26 jag
672 624 46 20 icke
733 624 73 26 riktigt
821 622 77 22 förstår

78 650 54 21 hvad
148 653 73 23 pastor
236 652 55 26 Lyra
306 652 117 26 egentligen
439 655 71 18 menat
525 653 7 20 i
547 652 56 22 förra
614 652 59 22 delen
682 652 22 21 af
710 652 37 21 sitt
755 652 142 26 andragande,

78 678 26 21 då
126 679 41 21 han
190 680 56 26 sade,
262 682 33 19 att
310 680 100 26 evangelii
426 680 40 27 ljus
482 680 66 22 borde
563 680 106 27 bibringas
685 680 63 21 också
764 680 21 20 åt
802 680 95 21 dårarne.

77 706 35 22 Nu
133 709 23 19 är
181 708 36 20 det
232 708 50 22 visst
297 710 54 24 sant,
368 710 32 19 att
414 709 7 21 i
436 708 71 22 bibeln
522 710 27 26 på
565 712 30 18 ett
610 709 60 21 ställe
686 709 68 21 kallas
770 708 41 21 alla
826 711 72 18 natur-

78 736 42 26 liga
142 736 127 25 menniskor,
292 737 51 21 eller
364 737 23 21 af
403 737 47 22 Gud
465 737 47 21 icke
526 739 98 25 upplysta
639 737 119 21 menniskor
773 737 32 21 till
822 737 73 24 dårar;

78 764 150 26 »allesamman
244 768 36 18 äro
296 766 26 21 de
338 766 81 26 dårar",
435 766 61 22 heter
512 767 44 25 det;
573 772 47 16 men
635 766 46 22 icke
696 766 42 20 kan
753 766 35 21 det
805 765 32 21 väl
848 772 51 15 vara

79 794 116 26 meningen,
219 796 31 19 att
268 794 41 22 alla
325 794 78 22 sådana
419 794 60 22 skola
493 794 115 22 inneslutas
623 795 7 21 i
646 794 77 22 dårhus
738 807 28 2 —
781 796 23 25 ty
819 794 31 22 till
867 796 31 20 att

78 822 78 21 inrätta
179 823 24 21 så
225 825 58 19 stora
305 823 78 21 dårhus
405 823 66 21 skulle
496 824 16 26 ej
529 824 64 26 några
608 824 104 21 millioner
726 824 64 20 räcka
804 836 27 2 —
847 825 51 19 utan

78 850 90 27 troligen
191 854 36 18 äro
249 852 104 21 dårhusen
369 852 32 21 för
415 852 86 26 sådana,
516 858 46 15 som
577 852 71 22 mistat
664 852 36 21 sitt
714 851 106 22 förstånds
836 851 61 25 bruk,

78 879 40 21 och
133 882 33 18 att
181 880 46 21 åter
242 880 33 21 för
289 880 80 22 sådana
383 880 104 22 förkunna
503 881 100 25 evangelii
619 881 39 25 ljus
674 880 60 21 torde
750 886 50 16 vara
810 880 87 22 alldeles

76 908 106 26 hopplöst,
205 908 128 22 åtminstone
348 909 38 21 har
400 909 35 27 jag
450 909 74 27 aldrig,
541 910 25 20 då
580 909 35 27 jag
630 909 89 21 kommit
733 909 27 26 på
776 908 120 27 sjukbesök,

76 936 33 21 till
124 943 26 15 en
167 937 114 27 menniska,
298 944 45 14 som
359 938 56 27 legat
429 939 7 20 i
451 938 55 26 yrsel
522 938 98 27 företagit
635 938 42 26 mig
692 940 32 19 att
734 938 88 26 predika
832 938 66 26 några

77 966 92 20 tröstens
185 966 38 21 ord
239 966 32 21 för
286 966 68 21 denna
369 966 47 22 från
431 966 46 22 sina
491 966 85 22 sinnens
592 966 53 22 bruk
660 966 32 21 för
700 966 90 22 tillfället
799 966 97 22 varande.

78 1006 24 2 —
116 995 38 21 Att
169 995 46 21 åter
230 994 159 22 föreståndaren
404 995 33 21 för
451 1002 26 14 en
492 996 78 20 anstalt
585 995 22 21 af
621 995 6 21 i
642 995 58 26 fråga
715 995 93 21 varande
815 994 82 22 beskaf-

76 1022 72 22 fenhet
170 1023 39 21 bör
231 1030 50 15 vara
303 1030 25 14 en
350 1024 93 27 kristligt
463 1024 76 21 sinnad
562 1030 54 20 man,
639 1030 61 15 anser
712 1024 37 27 jag
764 1024 32 20 för
812 1023 86 22 alldeles

76 1051 112 26 sjelffallet,
211 1052 39 21 och
268 1052 81 26 tänker,
370 1055 32 19 att
425 1053 72 21 derom
518 1053 34 21 väl
574 1053 16 26 ej
615 1053 69 25 någon
699 1053 41 21 kan
755 1053 52 27 hysa
823 1059 24 14 en
864 1058 35 15 an-

77 1086 41 16 nan
133 1080 60 27 åsigt.

146 1138 83 23 Doktor
271 1139 121 21 Andelin:
418 1134 67 26 Äfven
499 1140 36 26 jag
550 1139 91 27 begärde
657 1138 61 22 ordet
727 1139 48 21 med
786 1138 113 26 anledning

77 1167 22 21 af
119 1167 40 21 den
183 1167 143 27 anmärkning,
349 1170 73 24 pastor
443 1168 56 26 Lyra
521 1168 73 26 gjorde
617 1169 57 20 emot
689 1167 149 26 betänkandet,
855 1166 44 22 deri

77 1196 49 21 herr
148 1198 87 24 pastorn
254 1196 98 21 framhöll
368 1202 26 15 en
409 1196 53 21 brist
476 1196 8 20 i
499 1196 149 25 betänkandet,
664 1202 45 14 som
724 1196 106 21 utskottet
844 1196 55 20 hade

77 1224 49 21 bort
148 1224 99 27 afhjelpa.
276 1224 40 26 Jag
334 1225 39 20 har
389 1225 52 21 dock
456 1225 66 21 redan
538 1225 66 21 blifvit
619 1224 143 22 förekommen
778 1224 22 21 af
813 1225 86 25 prosten

77 1252 106 22 Johnsson
199 1253 39 21 och
254 1253 35 21 vill
305 1253 82 21 derföre
403 1254 69 20 denna
486 1254 56 26 gävg
557 1253 73 21 endast
646 1253 94 26 begagna
750 1255 73 25 pastor
832 1252 66 27 Lyras

78 1288 54 20 egna
154 1281 39 22 ord
216 1282 33 21 vid
271 1281 102 22 försvaret
388 1282 23 21 af
423 1284 31 19 ett
469 1284 65 19 annat
549 1280 233 26 utskottsbetänkande,
798 1281 6 21 i
820 1281 79 21 hvilket

78 1310 82 21 utskott
175 1310 49 21 herr
238 1312 86 24 pastorn
339 1310 40 20 har
394 1311 61 21 suttit
469 1311 70 21 såsom
554 1311 97 20 ledamot.
674 1310 40 25 Jag
728 1310 67 20 skulle
810 1309 8 21 i
833 1309 66 21 likhet

78 1339 48 21 med
148 1338 49 22 herr
219 1340 86 24 pastorn
327 1344 50 16 anse
399 1339 35 21 det
449 1345 50 15 vara
514 1345 25 15 en
554 1338 102 27 förtjenst,
672 1338 16 26 ej
706 1344 25 15 en
746 1338 59 26 brist,
820 1340 32 19 att
867 1339 32 19 ut-

79 1367 79 21 skottet
181 1368 17 25 ej
222 1367 39 21 har
281 1367 70 21 inlåtit
370 1367 32 27 sig
417 1367 6 21 i
438 1370 98 19 närmare
552 1367 126 27 detaljerade
694 1367 155 26 bestämningar
864 1372 35 15 an-

79 1396 80 26 gående
174 1396 178 26 inrättningarnes
367 1396 149 26 organisation,
533 1396 83 21 hvilken
631 1395 119 27 säkerligen
760 1395 95 21 kommer
867 1397 32 18 att

78 1425 49 26 ingå
148 1425 7 20 i
179 1427 30 19 ett
232 1424 31 22 för
283 1424 170 27 inrättningarna
471 1424 113 22 framdeles
599 1424 149 22 utkommande
764 1424 134 26 reglemente.

147 1481 142 25 Domprosten
309 1480 141 21 Renvall:
480 1479 40 27 Jag
535 1480 79 25 nödgas
629 1481 56 19 ännu
700 1480 27 25 på
742 1481 30 19 ett
788 1478 111 27 ögonblick

80 1511 49 24 taga
143 1508 130 27 högvördiga
285 1508 95 21 ståndets
396 1507 186 28 uppmärksamhet
597 1508 6 20 i
618 1507 92 28 anspråk
724 1507 32 21 för
767 1508 32 20 att
806 1506 93 22 förklara
