1089 1786
208 124 42 21 914
423 129 160 18 Presteständet
595 130 53 16 1877.
673 129 26 17 23
711 129 47 20 maj.

249 198 83 21 Doktor
347 198 156 27 Hornborg:
519 198 47 27 Nog
581 201 24 18 är
620 197 63 22 ocksä
696 198 37 26 jag
747 197 7 21 i
769 197 63 22 ständ
847 198 32 20 att
889 196 54 22 bäde
954 196 44 21 läsa

180 227 39 21 och
241 226 67 22 förstå
327 228 12 25 &
361 227 26 21 82
403 227 6 20 i
425 227 233 26 landtdagsordningen.
688 227 43 20 Der
747 227 44 20 står
805 225 122 26 ,allmänna
940 225 58 21 kost-

180 256 66 21 nader
264 255 39 22 och
318 255 87 28 utgifter
422 256 3 20 i
441 256 39 21 och
495 255 32 22 för
542 255 127 26 landtdagen
685 255 48 21 med
748 254 108 27 undantag
872 254 23 21 af
908 254 26 21 de
949 255 6 19 i
971 254 27 21 23

180 284 39 21 och
241 285 28 20 28
291 284 26 27 $$
339 285 127 20 omnämnda
489 284 102 21 bestridas
614 284 48 21 med
684 283 119 27 tillgångar,
827 283 25 21 de
874 283 37 21 der
926 282 72 27 inflyta

179 318 76 21 genom
277 312 114 28 bevillning
413 312 52 22 eller
487 313 66 21 andra
575 312 104 22 allmänna
699 312 69 22 medel
783 312 87 21 hvarom
886 311 113 21 ständerna

179 341 72 21 kunna
273 341 100 27 förfoga".
403 341 49 21 Icke
474 342 45 21 står
541 342 36 20 der
599 341 62 26 sagdt
683 340 76 27 hvilka,
779 347 46 15 som
841 342 36 19 äro
893 340 107 21 allmänna

179 370 116 22 kostnader
317 370 39 21 och
379 370 87 25 utgifter
488 370 6 21 i
517 370 39 22 och
579 370 32 21 för
629 370 132 26 landtdagen,
778 369 39 21 och
833 370 25 25 8&
874 369 28 21 23
918 368 39 22 och
972 369 28 21 28

181 399 78 21 omtala
281 400 66 25 nägra
367 399 80 21 sädana
462 398 119 26 kostnader,
598 398 71 21 hvilka
682 398 45 27 just
740 398 132 26 undantagas
888 398 70 20 säsom
974 397 26 21 de

181 427 37 21 der
233 428 17 26 ej
267 427 59 21 skola
342 427 103 21 bestridas
460 428 48 20 med
519 426 198 27 bevillningsmedel,
729 429 50 19 utan
791 426 47 22 med
848 426 66 21 andra
924 426 74 21 medel.

179 455 45 27 Mig
247 457 33 20 mä
302 458 56 18 ännu
381 456 79 21 tillätas
476 458 31 18 att
522 456 67 26 fräga:
605 455 98 21 hvarföre
718 455 136 21 remitterade
870 454 130 27 högvördiga

179 484 84 21 ständet
287 484 66 22 saken
376 484 31 22 till
427 484 164 25 statsutskottet,
608 490 34 15 om
658 484 35 21 det
708 484 67 21 skulle
791 484 54 21 varit
860 484 36 20 det
911 483 89 27 högvör-

181 512 48 26 diga
251 513 94 21 ständets
368 513 83 26 mening
473 515 32 19 att
523 513 72 27 trycka
611 512 265 27 diskussionsprotokollen
892 512 48 21 med
955 512 46 21 sina

181 547 53 21 egna
249 541 82 21 medel?
347 542 32 20 En
395 542 65 21 sädan
475 541 59 27 fräga
550 542 65 21 mäste
631 541 34 21 väl
681 542 70 20 kunna
766 541 107 21 besvaras.

249 609 110 24 Professor
374 609 142 22 Forsman:
532 609 40 28 Jag
587 615 68 20 anser,
671 611 32 19 att
718 609 28 22 all
762 609 118 21 diskussion
891 615 28 15 nu
930 609 70 21 vidare

181 640 24 20 är
228 637 120 27 öfverflödig
371 639 38 20 och
431 640 32 20 att
485 639 65 21 saken
566 639 65 21 borde
646 637 83 27 afgöras
744 643 75 21 genom
836 637 61 22 enkel
913 640 88 19 omröst-

181 667 55 25 ning.
267 667 32 21 En
316 667 183 26 missuppfattning
514 667 21 21 af
549 668 77 20 doktor
641 666 69 26 Bergh
725 666 36 21 vill
775 667 35 26 jag
826 666 54 22 dock
892 667 108 20 anmärka.

181 695 56 22 Herr
260 696 91 20 doktorn
374 696 81 25 trodde,
477 698 32 18 att
525 696 68 20 denna
608 695 65 25 fräga,
689 695 42 21 ifall
749 695 38 21 den
803 698 89 24 antoges
907 695 23 20 af
943 697 57 19 stän-

181 724 72 25 derna,
269 724 68 21 skulle
352 724 84 21 komma
452 726 31 19 att
493 724 26 26 gä
530 724 31 20 till
572 724 57 21 Hans
641 723 108 27 Majestäts
760 723 139 22 stadfästelse.
920 723 82 21 Sädant

181 754 24 20 är
227 752 18 27 ej
268 752 65 22 fallet.
364 752 59 21 Hans
443 752 100 27 Majestät
564 751 113 23 stadfäster
699 752 46 21 icke
760 752 72 26 hvarje
848 752 89 22 särskild
953 754 49 24 post

181 787 45 15 som
249 782 114 20 ständerna
379 780 44 22 föra
439 782 68 20 under
521 781 152 26 benämningen
690 780 233 27 landtdagskostnader.
954 780 47 22 Ifall

181 810 115 21 ständerna
317 809 82 22 således
422 811 77 25 ansäge
521 812 38 23 att,
574 810 65 26 enligt
654 810 26 20 82
696 809 11 27 $
723 810 52 21 eller
790 810 69 25 någon
875 816 69 14 annan
960 810 41 26 lag,

181 838 118 22 kostnaden
321 838 32 21 för
375 838 145 26 protokollens
542 838 111 28 tryckning
675 838 70 21 kunde
767 838 56 21 föras
846 839 26 26 pä
896 838 105 21 allmänna

181 867 234 27 landtdagskostnader,
434 867 25 21 sä
478 867 99 22 behöfves
593 866 70 22 dertill
679 867 17 26 ej
713 867 132 27 Majestätets
860 866 140 22 stadföstelse.

249 929 90 21 Prosten
361 929 98 26 Hjelt:
490 929 49 22 Med
560 929 113 26 anledning
692 929 22 21 af
728 929 77 22 doktor
819 929 126 27 Hornborgs
960 931 42 25 ytt-

181 958 65 21 rande
261 957 32 22 fär
305 958 36 27 jag
356 957 95 27 upplysa,
467 960 32 19 att
514 958 35 21 det
565 958 17 26 ej
599 960 23 19 är
637 959 162 26 presteständet,
814 964 45 15 som
877 958 39 21 har
931 958 70 21 remit-

181 989 56 19 terat
253 987 68 20 denna
336 987 59 26 fräga
410 986 32 21 till
457 987 166 27 statsutskottet,
639 990 50 17 utan
705 987 181 26 borgareständet.
917 987 85 21 Preste-

181 1015 84 21 ständet
287 1015 38 20 har
347 1015 119 21 remitterat
488 1015 72 26 frägan
583 1022 34 14 om
633 1015 144 26 protokollens
793 1015 110 27 tryckning
919 1015 30 21 till
965 1015 38 21 sitt

181 1044 96 21 enskilda
299 1043 170 22 besvärsutskott
492 1044 39 21 och
554 1043 37 21 der
611 1043 65 26 ligger
692 1044 39 20 den
747 1045 62 20 ännu.
840 1043 40 27 Jag
895 1046 60 25 tager
970 1043 33 21 för

181 1072 97 27 afgjordt,
301 1074 32 19 att
356 1071 94 22 enskilda
472 1072 191 21 besvärsutskottet
678 1072 96 21 afvaktar
789 1073 55 20 huru
860 1073 68 20 denna
944 1072 60 27 fräga

181 1101 41 20 blir
237 1100 81 27 afgjord
334 1101 38 20 och
388 1101 53 20 först
455 1101 65 21 sedan
535 1101 118 21 inkommer
669 1101 47 21 med
731 1101 37 21 sitt
783 1101 140 22 betänkande.

249 1164 91 21 Prosten
361 1163 90 22 Roos:
483 1163 44 22 Här
547 1164 38 21 har
601 1163 67 22 blifvit
683 1164 81 27 yttradt
779 1167 38 24 att,
834 1164 86 21 emedan
936 1164 65 27 majo-

180 1192 78 20 riteten
279 1192 22 21 af
318 1192 85 21 ständet
418 1192 65 21 redan
499 1192 92 26 beslutit,
605 1194 32 19 att
652 1192 134 27 protokollen
801 1193 47 21 icke
863 1192 67 22 borde
945 1195 56 25 tryc-

181 1220 38 20 kas
235 1221 26 25 pä
277 1220 78 21 allmän
371 1220 123 26 bekostnad,
510 1221 41 21 kan
567 1221 84 21 ständet
667 1221 17 26 ej
700 1220 74 28 frängä
789 1223 31 19 ett
834 1222 77 20 sädant
925 1221 76 22 beslut.

181 1248 72 22 Skulle
268 1248 141 22 förhällandet
424 1249 106 26 verkligen
545 1256 51 14 vara
612 1249 41 26 det,
669 1252 33 18 att
717 1252 32 18 ett
763 1250 62 21 ständ
841 1250 17 26 ej
875 1250 42 20 kan
928 1250 74 26 frängä

181 1279 31 19 ett
227 1277 79 21 fattadt
316 1277 76 26 beslut,
407 1284 50 14 vore
473 1278 64 20 också
553 1278 35 21 det
603 1279 64 23 orätt,
683 1280 32 19 att
731 1278 102 26 någonsin
848 1279 84 20 komma
948 1278 53 22 fram

180 1306 48 20 med
245 1307 64 25 nägot
324 1306 291 27 sammanjemkningsförsök.
641 1306 30 27 Ty
686 1306 316 27 sammanjemkningsförsöken

181 1333 37 21 ske
238 1334 44 25 just
305 1334 89 26 derföre,
413 1336 31 18 att
459 1334 20 20 få
494 1336 82 23 utröna,
593 1334 103 20 huruvida
711 1335 65 25 något
791 1336 63 20 stånd
869 1335 68 20 skulle
952 1335 50 26 vilja

180 1361 73 21 förena
275 1361 32 27 sig
328 1361 48 21 med
400 1362 25 20 de
444 1362 66 20 andra
525 1362 96 24 ständen,
638 1362 89 20 oaktadt
743 1362 35 20 det
793 1362 75 26 beslut,
885 1368 45 15 som
946 1362 56 22 förut

180 1388 23 23 af
222 1389 117 22 detsamma
360 1389 67 22 blifvit
442 1390 84 21 fattadt.
541 1402 29 3 —
585 1389 49 22 Men
649 1390 34 21 för
699 1390 62 28 öfrigt
777 1390 97 23 förordar
889 1391 64 22 också
965 1391 37 28 jag

179 1418 115 27 ingalunda
309 1418 146 28 protokollens
471 1419 111 26 tryckning
597 1419 27 27 pä
640 1418 77 23 allmän
734 1419 124 22 bekostnad.

249 1482 69 21 Sedan
343 1481 146 22 diskussionen
515 1482 86 22 härmed
625 1481 114 23 förklarats
764 1482 91 23 afslutad
880 1483 122 23 framstälde

181 1510 50 22 herr
247 1510 166 22 talmannen
428 1510 93 28 följande
536 1511 141 27 proposition:
