1086 1786
333 125 159 18 Presteståndet
505 127 54 17 1877.
582 127 26 17 22
620 127 47 21 maj.
839 121 42 21 813

218 234 146 34 Tisdagen
382 234 57 28 den
458 235 32 27 22
508 234 61 34 maj
589 234 40 28 kl.
648 234 35 28 10
700 234 22 27 f.
739 242 40 20 m.

159 309 87 21 Plenum
270 309 106 27 öppnades
398 309 47 21 med
469 309 41 21 bön
532 309 27 27 på
581 308 90 22 svenska
693 308 86 27 språket
802 308 22 22 af
838 308 73 22 rektor

91 337 148 22 Kihlman.

159 482 40 21 Vid
222 481 52 22 härä
292 481 61 22 skedt
368 487 82 21 upprop
466 482 102 21 befunnos
584 482 95 21 ständets
695 481 99 28 samtliga
808 482 101 21 medlem-

90 517 46 15 mar
151 511 131 20 närvarande
298 511 46 20 med
360 511 108 26 undantag
482 511 23 21 af
518 512 85 25 prosten
618 510 109 26 Borenius,
736 517 44 14 som
791 511 48 20 med
850 511 59 21 stän-

90 540 47 21 dets
159 539 145 27 medgifvande
327 539 67 27 åtnjöt
416 539 94 27 ledighet
532 539 33 22 för
585 539 68 22 denna
669 539 40 27 dag
724 539 47 22 från
786 539 125 27 landtdags-

90 568 130 27 göromälen.

159 712 39 21 Till
218 712 105 27 justering
345 712 107 27 upplästes
475 712 104 22 särskilda
597 712 78 27 utdrag
690 718 25 15 ur
729 712 133 27 protokollet
877 712 34 21 för

91 741 41 22 den
149 742 26 20 18
190 741 84 21 dennes.

159 885 40 21 Till
214 884 119 22 kännedom
348 885 135 21 meddelades
498 885 93 27 följande
605 884 47 22 frän
663 884 138 22 medständen
811 884 32 22 till
854 884 57 22 stän-

90 915 48 20 dets
153 913 91 22 diarium
259 913 100 22 inkomna
373 913 206 28 protokollsutdrag:

162 972 41 27 1:0)
227 971 55 22 Frän
305 970 113 28 höglofliga
433 971 148 27 ridderskapet
595 971 39 22 och
650 970 62 23 adeln
727 971 23 21 af
764 971 39 21 den
820 971 26 21 15
862 971 49 21 den-

91 1007 37 15 nes
144 1001 47 22 med
206 1000 209 27 tillkännagifvande,
430 1002 32 20 att
477 1000 97 22 bemälda
589 999 62 23 ständ
666 1000 21 27 a)
703 1000 95 26 godkänt
808 1005 104 16 samman-

91 1031 58 20 satta
163 1032 63 19 stats-
242 1030 38 21 och
296 1029 214 22 ekonomiutskottets
520 1029 134 22 betänkande
665 1029 7 21 i
684 1029 112 26 anledning
807 1028 22 21 af
836 1029 77 26 nädiga

91 1059 159 27 propositionen
273 1065 34 14 om
328 1058 73 27 anslag
423 1058 33 21 till
477 1058 148 21 förbättrande
641 1057 23 22 af
679 1057 117 22 därvärden
811 1058 5 20 i
833 1057 78 26 landet,

92 1088 23 27 b)
131 1087 106 22 förkastat
252 1087 214 22 ekonomiutskottets
481 1087 80 27 förslag
571 1087 32 21 till
613 1086 203 27 sammanjemkning
826 1086 22 21 af
856 1086 57 21 stän-

92 1117 51 22 dens
160 1116 122 28 skiljaktiga
300 1116 69 21 beslut
384 1116 7 21 i
406 1115 60 28 fräga
481 1122 34 15 om
531 1122 24 15 en
571 1115 124 27 förordning
709 1115 145 21 innefattande
869 1115 44 20 till-

91 1146 50 26 lägg
155 1145 32 22 till
203 1145 77 26 nädiga
295 1145 150 26 förordningen
461 1151 33 15 om
510 1144 278 27 kommunalförvaltningen
803 1143 27 27 pä
841 1143 72 21 landet

91 1174 70 26 gifven
177 1174 40 21 den
232 1174 12 20 6
260 1173 93 21 februari
371 1173 52 21 1865
440 1173 38 21 och
494 1173 20 27 c)
529 1173 32 21 till
576 1173 93 21 ledamot
684 1173 7 21 i
705 1172 208 27 bevilloingsutskot-

92 1204 31 20 tet
143 1203 7 20 i
166 1202 72 22 stället
252 1202 32 21 för
300 1202 89 21 friherre
404 1208 40 14 von
459 1202 64 26 Troil,
539 1201 82 27 Gustaf,
637 1208 45 15 som
697 1201 127 21 äterlemnat
838 1200 75 27 polett,

92 1233 67 19 utsett
174 1232 50 20 herr
238 1237 40 14 von
294 1230 148 26 Christierson,
458 1230 32 21 till
505 1231 111 26 suppleant
631 1230 7 21 i
653 1230 98 21 bemälda
766 1230 84 21 utskott
860 1229 53 21 efter

93 1260 40 21 den
148 1259 130 22 sistnämnde
292 1259 50 21 herr
356 1259 59 26 Boije
430 1261 56 19 samt
500 1259 33 21 till
548 1259 112 26 suppleant
672 1259 8 20 i
692 1257 222 28 justeringsutskottet

92 1288 55 21 efter
161 1288 89 22 friherre
265 1294 41 15 von
321 1286 57 23 Troil
393 1287 49 22 herr
456 1287 127 27 Jägerhorn;

162 1345 42 26 2:0)
220 1345 56 21 Från
291 1344 106 27 vällofliga
411 1344 176 27 borgareständet
602 1344 23 21 af
639 1344 40 21 den
696 1344 25 21 15
736 1343 7 21 i
756 1343 69 22 denna
837 1342 78 22 månad

94 1373 48 22 med
157 1373 161 26 underrättelse,
334 1375 32 19 att
381 1373 84 21 ständet
480 1373 22 26 a)
516 1373 48 20 med
579 1372 136 22 förkastande
730 1372 23 21 af
763 1372 151 26 lagutskottets

93 1401 294 28 sammanjemkningsförslag
409 1402 7 20 i
438 1401 74 26 frägan
528 1407 33 15 om
577 1401 89 25 ändring
681 1401 23 20 af
717 1406 28 15 nu
757 1400 98 26 gällande
870 1400 45 24 lag-

94 1431 43 20 bud
160 1435 33 16 om
220 1429 98 26 giftorätt
339 1429 39 21 och
393 1429 35 20 arf
441 1429 54 21 efter
510 1429 60 20 lands
587 1430 43 19 rätt
644 1430 55 19 samt
715 1433 34 15 om
765 1426 150 27 morgongäfva

93 1457 97 22 vidhällit
206 1458 37 21 sitt
257 1457 126 27 föregäende
399 1457 70 21 beslut
484 1458 55 19 samt
553 1457 7 20 i
576 1455 99 22 händelse
691 1455 224 26 sammanjemknings-

93 1486 102 27 förslaget
210 1486 68 21 skulle
292 1485 102 22 fraktlöst
408 1484 76 27 aflöpa,
497 1484 109 27 föreslagit
621 1484 84 26 frågans
721 1483 172 26 slutbehandling
907 1482 8 22 i

93 1515 118 21 förstärkta
231 1514 149 27 lagutskottet;
402 1513 21 27 b)
445 1513 95 27 godkänt
558 1512 214 22 ekonomiutskottets
789 1512 79 27 förslag
882 1511 34 22 till
