1086 1814
332 119 158 18 Presteståndet
503 121 53 17 1877.
579 121 26 17 23
617 121 46 21 maj.
834 115 41 22 895

86 195 48 14 man
154 188 54 21 hade
223 188 87 22 handlat
330 189 137 22 annorlunda.
498 190 31 21 De
544 190 52 27 skäl,
612 196 45 15 som
673 191 71 21 kunna
759 190 84 22 anföras
859 192 44 20 mot

86 219 31 20 ett
131 217 103 22 förstärkt
248 218 58 21 antal
322 218 194 28 bankfullmäktige,
532 219 62 20 hafva
609 219 22 21 af
644 221 85 24 prosten
744 219 102 21 Borenius
856 219 47 21 blif-

85 246 31 21 vit
130 246 110 26 påpekade
260 247 39 20 och
315 247 100 21 bemötta.
446 247 121 22 Arendenas
582 247 55 27 gång
651 248 68 20 skulle
734 247 119 22 förhindras
869 254 34 15 om

87 275 105 20 ärendena
207 275 67 20 skulle
289 281 51 15 vara
355 276 23 21 så
393 275 139 26 brådskande,
549 277 32 20 att
596 276 25 21 de
636 276 46 21 icke
698 276 72 21 kunna
785 276 43 21 tåla
839 275 65 27 något

86 303 98 26 uppskof.
213 303 41 26 Jag
275 303 68 21 skulle
362 304 64 21 också
446 311 56 17 anse,
518 306 37 24 att,
571 304 44 21 ifall
631 304 199 27 bankfullmäktiges
846 305 57 20 antal

87 332 67 21 skulle
174 331 62 22 blifva
260 332 50 25 åtta,
333 333 69 20 kunde
426 333 24 21 de
474 332 64 22 blifva
560 333 115 21 beslutföra
696 333 63 21 redan
776 333 68 21 såsom
860 339 42 15 sex.

86 361 123 21 Kostnaden
225 362 24 19 är
264 361 64 21 också
343 363 30 19 ett
388 361 86 26 hinder;
486 368 46 15 men
547 363 67 20 dennä
625 361 90 22 kostnad
725 362 23 21 af
756 363 77 25 24,000
844 362 60 21 mark
917 363 4 2 '

87 391 23 20 är
132 390 6 20 i
159 389 73 27 sjelfva
248 390 73 21 verket
336 396 25 15 en
377 390 144 28 obetydlighet
536 391 32 20 för
583 397 25 14 en
624 391 126 24 institution,
765 397 44 15 som
826 391 78 21 drifver

87 419 23 20 så
125 420 57 19 stora
198 418 39 21 och
250 419 130 21 omfattande
396 419 82 25 affärer,
492 426 44 15 som
551 419 100 22 Finlands
667 419 62 21 bank.
754 420 41 26 Jag
806 420 40 21 kan
858 420 46 21 der-

86 448 45 21 före
147 447 18 27 ej
180 447 142 27 undertrycka
337 448 40 21 den
392 449 86 25 tanken,
494 450 32 20 att
540 455 25 14 en
581 451 68 18 större
665 448 98 23 säkerhet
778 449 32 21 för
825 449 79 21 vården

87 476 22 22 af
122 477 100 21 Finlands
239 477 54 20 bank
308 477 68 22 skulle
392 477 91 22 erhållas
498 484 34 15 om
547 477 80 22 antalet
637 477 189 28 bankfullmäktige
836 478 68 21 skulle

86 505 65 22 blifva
167 507 73 26 större,
256 507 26 20 än
298 507 36 20 det
349 506 32 21 för
396 507 130 21 närvarande
542 509 29 18 är.

155 535 10 21 I
186 534 99 22 afseende
307 535 12 21 å
338 535 172 22 bankutskottets
526 535 112 22 berättelse
654 536 39 21 har
705 536 36 27 jag
757 535 41 22 fäst
813 536 41 26 mig
870 536 34 21 vid

87 570 25 15 en
133 564 95 26 egenhet.
259 564 49 21 Man
331 564 39 21 har
392 565 105 26 nämligen
519 565 80 26 bifogat
615 571 24 15 en
655 565 78 26 grafisk
748 565 61 21 karta
825 565 33 21 för
872 567 33 19 att

86 593 103 21 beteckna
204 593 78 21 silfrets
297 593 97 21 fallande.
422 594 47 21 Men
486 594 40 21 den
540 594 92 25 grafiska
647 594 75 21 kartan
734 594 60 21 visar
809 594 7 20 i
831 593 74 28 sjelfva

85 622 74 21 verket
175 623 121 21 motsatsen.
312 624 22 25 ty
350 622 39 21 den
405 623 55 20 visar
475 622 82 27 guldets
573 623 102 26 stigande.
703 623 30 20 De
750 623 50 20 räda
817 623 88 20 linierna

86 651 55 26 stiga
156 651 53 20 först
224 651 46 20 från
284 651 84 26 januari
383 651 55 20 ända
454 651 30 21 till
498 651 39 27 juli
553 651 74 27 uppåt;
645 651 26 21 då
687 651 67 23 skulle
771 658 47 14 man
834 653 70 23 vänta,

86 681 32 19 att
134 679 36 21 det
185 678 93 27 betyder,
294 681 32 20 att
341 679 73 26 guldet
429 680 70 26 stigit;
515 687 46 14 men
577 681 36 20 det
629 681 87 25 betyder
731 682 122 24 motsatsen,
870 680 35 21 det

86 708 89 27 betyder
196 710 32 19 att
250 708 67 21 silfret
335 708 60 21 fallit.
426 708 124 22 Sedermera
565 709 38 26 går
618 710 36 19 det
669 709 45 20 från
728 709 83 26 januari
828 709 76 20 månad

86 737 75 24 nedåt;
179 736 25 21 då
219 737 68 21 skulle
303 743 48 15 man
366 739 69 24 vänta,
452 739 31 19 att
498 738 37 21 det
550 738 93 27 betyder,
659 739 32 20 att
701 738 67 21 silfret
779 737 65 27 fallit;
857 744 47 15 men

87 766 35 21 det
143 765 87 27 betyder
253 769 122 23 motsatsen,
397 766 36 21 det
448 766 94 27 betyder,
558 769 31 19 att
605 767 68 20 silfret
688 766 64 27 stigit,
768 767 20 21 d.
805 773 17 14 v.
839 773 15 14 s.
871 767 33 20 för

86 797 31 18 att
133 801 48 14 man
196 795 54 21 skall
266 795 71 21 kunna
351 795 21 20 få
388 797 30 19 ett
434 797 42 19 rätt
492 795 92 28 begrepp
600 795 22 21 af
636 795 76 21 kartan
728 795 38 22 bör
777 802 47 15 man
835 796 69 20 vända

85 823 40 21 den
141 829 41 21 upp
198 823 39 22 och
253 824 47 21 ned.

733 854 1 9 |

155 881 108 21 Professor
286 881 155 21 Forsman:
471 882 40 26 Jag
533 881 110 21 anmärkte
659 887 54 20 nyss,
730 883 32 19 att
778 881 24 21 de
819 881 84 26 äsigter,

86 916 44 15 som
146 910 54 21 hade
215 909 56 27 gjort
287 910 31 26 sig
333 910 230 27 gällande
435 905 10 36 i
455 910 108 27 utskottet,
572 910 107 27 angående
688 910 94 21 bankens
791 910 113 21 utländska

85 939 102 26 vexelköp
203 939 95 20 utvisade
314 939 35 20 tvä
364 939 56 20 olika
436 939 154 26 ständpunkter
605 939 39 20 och
659 939 42 20 min
718 939 82 26 mening
816 945 44 19 var,
871 941 33 18 att

86 967 39 22 den
148 974 40 14 ena
210 967 22 21 af
253 968 62 20 dessa
337 967 159 27 ständpunkter,
518 969 39 20 den
579 974 44 15 som
640 967 59 22 äiven
716 968 72 25 rektor
803 967 100 22 Kihlman

84 996 82 27 intagit,
188 998 22 19 är
233 996 189 27 privatbankernas
444 997 135 26 ståndpunkt.
609 997 40 26 Jag
672 997 105 26 uttryckte
801 997 41 26 mig
858 996 45 21 mä-

85 1025 69 21 hända
170 1025 42 22 illa,
229 1025 27 21 dä
268 1025 37 26 jag
320 1026 50 20 sade
386 1026 35 20 det
436 1032 51 15 vara
502 1025 188 27 privatbankernas
705 1025 101 25 intresse;
820 1026 35 20 det
866 1031 37 15 var

85 1054 87 21 alldeles
187 1054 46 21 icke
248 1055 43 20 min
306 1055 89 26 mening,
412 1056 32 19 att
460 1055 72 20 derom
547 1057 51 24 göra
614 1055 25 20 de
652 1051 92 30 ringastb
755 1054 147 27 antydningar.

84 1083 41 26 Jag
140 1085 34 19 vet
190 1083 113 25 dessutom,
320 1085 31 19 att
366 1083 72 21 rektor
454 1083 98 22 Kihlman
567 1085 24 20 är
606 1083 50 26 höjd
672 1083 58 21 öfver
746 1083 27 21 all
786 1083 116 22 misstanke

84 1114 32 19 att
137 1111 26 27 gä
185 1112 65 26 nägra
271 1112 66 21 andra
357 1113 114 20 intressens
487 1113 77 21 ärende
579 1115 27 18 än
622 1113 31 20 sin
669 1112 154 27 öfvertygelses.
853 1112 48 21 Men

84 1143 32 18 att
131 1141 157 26 ståndpunkten
304 1143 23 18 är
343 1141 45 25 den,
406 1147 43 15 som
466 1141 22 21 af
502 1141 67 27 privat
585 1141 80 21 banker
681 1141 38 21 och
730 1141 61 21 deras
802 1142 100 26 styrelser

83 1169 39 21 har
137 1170 86 25 intagits
238 1170 6 20 i
260 1170 130 21 förhållande
406 1170 32 20 till
455 1169 100 22 Finlands
571 1170 62 23 bank,
649 1171 24 19 är
687 1169 71 26 något,
775 1176 44 15 som
834 1169 36 27 jag
881 1169 22 22 af

84 1198 120 21 erfarenhet
225 1198 85 21 känner.
333 1211 25 2 —
375 1199 60 20 Hvad
451 1199 79 20 antalet
545 1199 188 26 bankfullmäktige
749 1198 101 21 beträffar
865 1199 36 20 vill

82 1226 35 27 jag
139 1227 98 26 påminna
259 1233 40 19 om,
321 1229 32 19 att
374 1227 189 27 bankfullmäktige
581 1227 58 22 öfver
655 1227 139 24 hufvudiicke
810 1227 91 21 förvalta

83 1255 89 21 banken.
202 1255 42 21 Det
265 1256 42 21 kan
329 1262 51 15 vara
401 1262 25 14 en
450 1256 148 27 bristfällighet
613 1257 6 20 i
635 1256 175 26 organisationen,
827 1257 32 20 att
874 1256 26 21 de

83 1284 33 21 stä
131 1284 69 21 såsom
223 1287 30 18 ett
268 1285 56 26 slags
340 1285 152 25 öfverstyrelse,
508 1285 45 20 icke
569 1285 68 20 såsom
654 1291 25 14 en
694 1285 133 20 förvaltande
842 1291 58 19 myn-

83 1312 84 26 dighet;
190 1318 47 15 men
262 1313 24 20 sä
308 1315 23 18 är
352 1319 27 14 nu
394 1313 65 20 fallet.
490 1313 48 21 Man
553 1313 42 21 kan
612 1313 50 21 visst
677 1319 55 19 anse,
749 1315 32 19 att
794 1313 24 26 ju
832 1315 68 19 större

83 1341 110 27 collegium
214 1343 24 18 är
254 1341 46 22 dess
317 1342 69 21 bättre
401 1342 71 21 skötas
488 1343 111 20 ärendena.
630 1341 47 21 Men
693 1342 36 21 det
744 1341 63 21 säkra
822 1343 30 24 är,
868 1344 32 19 att

83 1370 35 21 det
133 1370 38 26 gär
185 1369 164 27 längsammare;
366 1370 32 21 för
414 1370 71 27 hvarje
500 1377 85 20 papper,
601 1377 44 14 som
661 1371 75 20 sändes
751 1370 32 21 till
796 1371 104 26 justering

83 1399 38 20 och
144 1398 128 21 underskrift
287 1399 61 26 ätgär
362 1399 133 26 naturligtvis
511 1406 25 14 en
552 1399 89 21 dubbelt
654 1399 23 21 sä
693 1399 47 26 läng
756 1399 37 26 tid,
809 1399 39 21 och
864 1399 36 21 det

82 1429 25 19 är
121 1427 60 21 äfven
197 1428 83 20 svårare
296 1429 33 19 att
343 1427 21 21 få
380 1428 126 20 tillsamman
523 1428 44 20 åtta
582 1434 101 19 personer
698 1429 25 18 än
736 1427 53 26 fyra.
804 1428 95 20 Bestäm-

82 1461 43 15 mes
147 1456 35 19 det
204 1455 52 25 åter,
277 1458 32 18 att
324 1455 188 26 bankfullmäktige
527 1457 36 19 äro
579 1455 110 21 fullsuttne
703 1455 48 20 med
767 1456 75 20 endast
857 1455 41 21 fem

82 1483 51 21 eller
148 1489 42 17 sex,
208 1483 19 20 d.
244 1489 16 14 v.
278 1489 15 14 s.
310 1485 31 19 att
356 1484 46 20 icke
417 1483 43 20 alla
475 1483 60 21 alltid
550 1483 90 21 behöfva
651 1490 50 14 vara
711 1483 111 26 tillstädes,
832 1483 66 26 gifver

82 1512 59 21 detta
156 1511 46 22 åter
217 1511 87 22 alldeles
319 1512 70 21 säkert
404 1511 112 27 anledning
531 1512 32 21 till
579 1512 57 21 slarf.
657 1511 34 22 Nu
703 1513 35 20 vet
749 1512 71 26 hvarje
831 1512 67 21 bank-
