1086 1831
211 126 42 21 808
421 130 160 19 Presteståndet
594 131 54 18 1877.
672 132 24 16 18
708 131 47 21 maj.

254 201 32 20 1:o
310 205 25 16 en
358 200 56 21 bana
429 200 54 21 ifrån
498 199 141 22 Tammerfors
654 201 81 24 norrut,
750 199 133 27 fortlöpande
898 201 106 20 vesterom

183 228 111 27 Näsijärvi,
318 234 47 15 men
388 229 92 20 österom
503 228 65 21 Ikalis
583 228 63 27 sjöar,
662 228 125 21 anslutande
802 229 31 26 sig
848 228 32 21 till
895 228 41 21 den
951 234 15 15 s.
983 228 20 21 k.

184 257 108 21 mellersta
307 256 125 22 stambanan
447 257 7 20 i
470 257 73 26 Alavo,
560 256 106 22 eventuelt
681 256 76 22 Ilmola
773 256 83 27 socken,

252 326 34 20 2:o
302 331 26 15 en
351 325 56 21 bana
421 325 106 26 utgående
542 325 48 21 från
606 325 39 21 den
661 324 106 22 mellersta
782 325 125 21 stambanan
923 325 7 20 i
946 325 58 21 Stor-

183 353 52 27 kyro
258 354 52 21 eller
331 353 93 27 Lillkyro
445 353 84 26 socken,
555 354 78 26 dragen
656 356 75 19 norrut
746 353 6 21 i
767 353 102 22 närheten
886 353 22 22 af
922 353 83 22 strand-

184 383 73 26 vägen,
273 382 27 27 pä
317 383 26 20 10
358 383 12 20 ä
387 383 24 20 15
427 384 68 19 versts
511 382 154 22 medelafständ
680 381 45 22 från
741 382 83 26 kusten,
836 382 47 21 med
895 381 110 28 slutpunkt

183 411 115 22 tillsvidare
317 412 3 21 i
336 410 107 27 Uleäborg
458 410 39 22 och

254 474 32 21 3:0
303 480 25 15 en
344 473 55 22 bana
414 473 54 22 ifrån
484 473 83 27 Kuopio
582 480 76 21 genom
673 473 120 26 Idensalmi,
810 473 117 22 berörande
943 473 63 22 Uleä-

184 503 60 21 träsk
266 503 6 20 i
296 502 104 21 närheten
417 502 23 21 af
461 502 135 28 Niskakoski,
619 502 39 22 och
674 502 92 22 derifrän
781 502 60 27 längs
856 502 84 22 Uleäelf
953 502 52 22 fort-

184 531 90 27 löpande
290 531 32 22 till
338 530 112 28 Uleäborg.

252 594 32 22 De
306 594 69 26 öfriga
396 594 158 25 stambanorna,
569 594 40 21 den
625 600 44 15 som
686 593 95 22 sträcker
795 594 32 26 sig
841 599 75 20 genom
932 593 74 27 Jyväs-

183 623 49 27 kylä
255 623 39 21 och
317 622 31 22 S:t
370 623 77 21 Michel
467 622 31 22 till
513 622 129 22 Davidsstad
657 622 39 22 och
712 622 39 21 den
767 629 45 15 som
828 622 45 22 från
890 622 114 26 Wiborg—

184 651 207 27 Joensuu
288 647 9 36 —
309 651 82 27 Kuopio
411 652 39 20 och
463 652 113 21 Idensalmi
586 651 37 27 går
633 651 32 21 till
678 651 114 27 Uleåborg,
803 651 84 21 hvilken
896 651 35 27 jag
942 651 64 21 också

184 680 80 21 önskar
286 682 33 19 att
337 680 65 22 måtte
418 680 85 21 komma
519 680 30 21 till
565 680 63 22 stånd
644 686 33 16 om
694 680 38 21 ock
747 681 6 20 i
769 686 26 15 en
811 679 116 28 aflägsnare
942 680 64 21 fram-

183 709 37 26 tid,
247 715 62 15 anser
330 709 36 27 jag
388 709 63 21 hafva
475 716 24 14 en
523 709 106 21 sekundär
644 708 108 28 betydelse
767 710 45 20 mot
828 709 39 21 den
884 709 60 26 bana,
960 715 45 15 som

183 744 29 15 nu
236 738 22 21 af
278 740 135 19 reservanten
441 738 145 26 Wasastjerna
608 738 104 21 förordas.
750 738 31 21 De
804 738 73 25 motiv,
900 744 44 15 som
967 738 39 21 här

182 769 91 24 nämnts,
296 768 32 20 att
351 767 33 23 de
405 767 56 21 vissa
482 767 100 21 mänader
603 773 34 15 om
652 767 46 21 äret
712 766 63 22 hafva
791 766 215 27 sjökommunikation

186 796 62 21 hafva
272 795 47 21 icke
342 793 68 24 bl'fvit
432 796 70 21 stälda
522 796 70 21 såsom
613 795 76 22 hinder
704 795 32 22 för
749 796 257 27 jernvägssträckningars

184 824 130 27 anläggande
335 824 7 22 i
357 824 63 21 södra
435 824 90 22 Finland
541 825 38 21 och
595 824 46 21 icke
657 824 66 21 heller
739 824 68 22 såsom
823 824 105 28 professor
944 825 62 21 Fors-

184 859 50 15 man
249 854 65 20 redan
330 853 97 21 anmärkt
442 853 33 21 för
491 854 40 20 den
547 853 148 27 projekterade
712 853 143 21 bansträckan
865 853 59 26 längs
936 853 71 21 Saima

184 883 164 25 vattensystems
370 882 63 26 sjöar.
463 881 154 22 Erfarenheten
640 882 7 20 i
670 882 65 21 andra
758 881 73 22 länder
853 882 56 20 visar
932 884 31 19 att
980 888 25 15 en

184 910 65 22 sädan
265 910 78 22 dubbel
358 910 69 21 fördel
442 910 23 21 af
478 910 207 22 kommunikationer
702 910 129 28 ytterligare,
847 917 34 15 om
897 910 60 28 eljest
968 910 36 22 be-

183 939 121 26 folkningen
328 941 24 19 är
374 939 96 21 verksam
494 940 39 20 och
555 939 121 25 industriös,
700 941 82 25 stegrar
800 939 47 21 dess
862 939 142 21 verksamhet.

183 968 51 20 Man
249 968 37 20 har
303 966 68 23 funnit
387 969 31 19 att
434 974 25 14 en
475 968 63 21 trafik
553 974 45 15 som
613 968 39 26 gär
666 968 59 26 längs
741 968 57 26 sjöar
809 968 39 21 ock
859 968 87 21 kanaler
958 968 46 20 icke

183 996 93 21 minskas
299 996 61 22 deraf
382 998 32 20 att
430 997 61 20 äfven
507 1003 25 15 en
548 1003 69 14 annan
632 997 127 27 begvämare
774 996 183 22 kommunikation
972 996 32 21 för

183 1025 123 22 densamma
328 1025 95 26 erhålles,
445 1031 47 15 men
509 1026 26 21 dä
550 1025 64 22 likväl
630 1025 62 22 dessa
707 1026 189 27 bansträckningar
911 1025 93 22 hvarken

183 1054 7 21 i
205 1053 133 22 ekonomiskt
360 1053 51 22 eller
430 1054 95 21 tekniskt
543 1054 119 21 hänseende
678 1056 36 19 äro
731 1054 122 27 tillräckligt
869 1055 136 26 undersökta,

183 1089 61 15 anser
258 1082 36 27 jag
309 1083 6 20 i
331 1082 68 21 likhet
414 1083 47 21 med
477 1083 55 21 hvad
547 1083 23 21 sä
586 1083 76 26 mänga
676 1083 39 21 här
730 1083 63 20 hafva
807 1085 73 24 yttrat,
894 1083 110 21 deribland

183 1111 52 21 först
251 1111 78 21 doktor
345 1111 126 21 Nordström
487 1113 32 19 att
534 1111 42 21 alla
592 1112 99 25 åtgärder
706 1111 47 22 med
769 1111 98 22 afseende
883 1112 12 21 &
911 1112 47 21 dem
969 1112 35 21 vid

184 1139 68 22 denna
267 1139 102 27 landtdag
384 1139 67 21 skulle
468 1139 124 22 inskränkas
608 1139 87 26 derhän,
711 1142 33 19 att
760 1140 68 21 medel
839 1140 67 21 skulle
922 1140 83 21 anvisas

184 1168 34 21 för
233 1168 132 21 anställande
380 1168 23 21 af
416 1168 24 21 sä
455 1174 122 21 noggranna
593 1168 181 27 undersökningar
789 1170 32 19 att
837 1175 25 14 en
878 1169 126 20 kommande

182 1196 102 27 landtdag
307 1196 66 21 måtte
395 1197 43 20 deri
461 1196 71 22 kunna
554 1196 55 22 fatta
631 1197 104 21 definitivt
758 1197 76 21 beslut.
871 1198 42 20 Det
935 1199 23 19 är
981 1198 23 21 sä

183 1225 84 26 mycket
290 1231 44 15 mer
357 1225 136 26 nödvändigt,
515 1231 45 15 som
576 1225 61 21 äfven
653 1226 48 21 med
716 1226 99 21 afseende
831 1226 12 20 ä
859 1226 26 21 de
900 1232 41 20 nya
957 1231 48 21 pro-

179 1253 112 27 jekterade
312 1253 151 26 jernvägarnas
478 1254 152 26 byggnadssätt
645 1254 182 26 undersökningar
842 1255 37 20 äro
896 1254 22 21 af
931 1254 73 21 behof-

183 1284 34 19 vet
239 1281 118 27 päkallade,
381 1283 22 25 ty
427 1282 112 24 sannolikt,
556 1281 127 22 ätminstone
698 1284 24 19 är
738 1282 35 21 det
788 1282 43 21 min
847 1283 89 25 mening,
952 1282 52 22 böra

183 1311 61 21 dessa
264 1310 112 27 jernvägar
396 1310 78 27 byggas
497 1311 46 20 icke
566 1311 55 21 blott
642 1312 28 25 pä
692 1311 35 21 det
743 1311 105 26 billigaste
864 1311 86 26 möjliga
965 1311 39 21 och

182 1340 164 25 sparsammaste
368 1340 43 20 sätt
433 1338 60 22 äfven
517 1345 33 15 om
573 1345 49 15 man
645 1339 68 22 skulle
734 1339 51 27 följa
808 1340 35 20 det
858 1342 84 25 system,
958 1345 46 16 som

182 1367 76 20 hittills
281 1367 69 20 blifvit
371 1367 68 26 följät,
460 1374 47 13 men
523 1370 58 18 stora
596 1367 46 20 skäl
658 1367 113 21 förefinnas
787 1368 60 20 äfven
863 1370 32 18 att
911 1368 47 21 med
974 1368 30 20 af-

182 1395 77 21 seende
279 1395 13 20 å
307 1395 40 20 den
363 1395 90 21 väntade
469 1395 89 21 trafiken
574 1395 68 27 bygga
658 1395 61 21 dessa
731 1395 113 27 jernvägar
859 1396 144 26 smalspåriga.

182 1424 33 20 Då
238 1423 90 21 rörande
352 1423 138 26 smalspåriga
513 1425 74 26 vägars
611 1423 144 22 beskaffenhet
770 1424 62 27 ingen
847 1424 157 26 undersökning

182 1451 70 23 blifvit
268 1452 112 28 verkstäld,
397 1458 44 15 som
457 1452 68 22 skulle
541 1459 50 15 vara
605 1452 23 21 af
637 1452 40 22 den
688 1455 33 19 art
733 1455 32 19 att
777 1453 65 27 derpå
853 1455 31 19 ett
896 1452 108 23 bestämdt

184 1481 97 22 omdöme
304 1481 70 21 kunde
396 1481 94 27 grundas
513 1483 24 19 är
552 1482 36 21 det
610 1481 39 22 allt
672 1481 45 22 skäl
732 1484 33 19 att
779 1482 47 22 icke
841 1482 95 22 förhasta
951 1484 52 20 utan

182 1510 124 28 ytterligare
321 1510 52 22 söka
387 1510 67 22 samla
470 1510 125 22 erfarenhet.
