1098 1817
226 124 53 20 1038
419 128 159 17 Presteständet
592 128 53 17 1877.
669 128 27 16 28
708 128 47 20 maj.

182 198 69 20 kande
273 203 51 15 vara
346 197 6 21 i
375 196 60 22 detta
449 196 98 22 afseende
563 196 34 21 väl
612 196 112 26 grundadt.
753 195 40 27 Jag
809 197 44 19 tror
868 196 40 25 väl,
925 197 32 19 att
971 197 31 19 ett

182 226 134 21 seminarium
339 225 42 20 kan
403 226 106 25 uppställa
532 225 84 26 duglige
638 224 172 25 folkskollärare;
834 230 47 15 men
899 224 36 26 jag
950 226 53 23 tror,

183 257 32 18 att
230 254 83 27 duglige
328 254 69 21 lärare
413 253 39 21 och
467 253 101 22 särskildt
582 253 161 21 folkskollärare
758 252 39 21 och
813 252 118 21 lärarinnor
941 252 62 21 äfven

182 283 34 21 vid
237 283 66 21 andra
325 282 98 21 läroverk
445 282 71 21 kunna
539 281 119 28 uppfostras
682 281 38 21 och
735 281 130 21 förberedas.
896 281 28 21 Så
939 284 14 18 t.
970 287 32 15 ex.

182 311 36 21 vill
239 311 36 27 jag
296 311 66 26 fråga,
384 317 33 14 om
437 311 44 20 icke
498 311 35 21 det
548 311 88 26 betyder
651 309 70 27 något,
737 312 32 19 att
784 317 25 14 en
825 312 24 18 är
863 309 79 22 blifven
957 312 46 19 stu-

183 340 56 25 dent,
262 340 38 20 har
319 339 96 21 studerat
438 339 12 21 8
473 339 12 21 å
508 341 25 19 10
556 339 24 21 år
600 339 7 20 i
628 338 122 27 jemförelse
773 339 46 20 med
835 339 26 20 de
877 338 46 27 fyra
938 338 24 21 år
977 345 25 14 en

183 369 68 20 lärare
274 368 51 21 eller
347 367 209 22 lärarinnekandidat
578 367 96 22 studerat
696 367 35 21 vid
753 369 30 19 ett
799 367 140 21 seminarium.
970 367 35 21 Då

184 397 69 21 dertill
275 397 102 25 kommer,
400 398 32 19 att
455 397 108 21 direktorn
585 397 33 20 för
634 398 30 19 ett
679 395 135 22 seminarium
830 398 50 24 äger
895 398 32 19 att
941 402 62 20 gran-

183 426 45 26 ska,
243 426 104 20 huruvida
362 431 103 20 personen
481 427 23 19 är
520 425 86 26 lämplig
621 425 32 20 för
668 425 32 20 sin
715 425 62 26 plats,
794 427 44 18 tror
851 425 43 26 jag,
910 427 32 18 att
955 431 48 14 man

183 454 39 21 har
244 454 100 27 erbjuden
360 454 28 20 all
403 454 82 27 garanti
501 453 33 22 för
549 456 33 19 att
596 453 129 21 folkskolans
741 453 89 21 intresse
845 453 35 21 må
895 460 51 14 vara
961 453 42 21 till-

183 483 109 26 godosedt.
322 483 77 20 Pastor
413 483 56 26 Lyra
485 483 38 20 har
538 483 34 20 väl
587 482 101 21 förutsatt
704 484 30 19 ett
749 482 76 21 sådant
839 482 42 26 fall,
898 484 32 19 att
942 483 61 20 semi-

184 512 165 21 nari-direktorn
373 511 21 21 af
414 512 117 26 personligt
554 511 60 27 tycke
637 511 69 21 kunde
730 511 92 20 förledas
841 513 31 18 att
887 511 7 20 i
910 511 42 20 alla
967 511 36 20 fall

183 539 41 22 lätt
244 540 56 27 gifva
321 539 160 28 ifrågavarande
503 540 63 27 intyg.
596 540 42 21 Det
659 541 23 19 är
698 539 26 27 på
739 541 43 19 sätt
797 540 39 21 och
851 540 32 21 vis
898 541 31 20 ett
944 540 61 21 miss-

184 570 87 20 troende
293 571 72 19 votum
387 571 56 18 emot
466 569 67 20 denne
556 569 129 20 funktionär.
714 569 41 25 Jag
776 571 51 24 tror,
850 570 38 25 att,
912 575 34 14 om
962 568 41 21 han

184 598 64 21 sådan
270 597 67 22 skulle
352 604 51 14 vara
419 597 39 21 och
473 598 80 20 sådana
567 598 59 26 intyg
642 597 67 21 oftare
724 597 56 27 gifva
795 599 30 23 ut,
841 603 50 15 vore
907 598 35 20 det
957 597 47 20 skäl

183 626 33 21 för
238 627 26 20 de
285 626 151 27 myndigheter,
458 633 45 14 som
519 626 33 21 stå
568 626 58 21 öfver
641 626 83 25 honom,
740 628 32 19 att
787 626 62 27 skilja
865 626 77 21 honom
957 625 47 21 från

184 655 52 21 hans
259 655 124 26 befattning.
407 667 23 3 —
458 655 60 21 Hvad
540 657 72 24 pastor
626 655 56 26 Lyra
698 655 89 20 nämnde
803 661 40 18 om,
859 657 32 19 att
907 661 47 14 man
970 655 34 20 vid

184 684 156 26 genomgående
363 684 23 20 af
406 684 176 20 seminarikursen
597 683 111 26 inhemtar,
725 683 104 26 nämligen
845 685 31 19 ett
891 685 44 19 rätt
949 683 54 21 läro-

185 714 43 19 sätt
251 712 38 21 och
305 715 31 18 ett
350 714 43 19 rätt
410 714 42 19 sätt
467 715 31 18 att
513 712 74 27 umgås
603 712 47 21 med
665 712 86 27 barnen,
767 712 38 21 har
821 712 45 21 sina
881 712 57 26 skäl;
955 718 48 14 men

182 741 35 27 jag
240 741 36 21 vill
299 741 108 25 anmärka,
423 743 32 19 att
471 741 26 21 då
512 742 108 20 direktorn
636 742 49 25 äger
701 743 31 19 att
747 741 92 27 granska
855 748 24 14 en
896 741 107 25 kandidat,

184 770 42 20 han
242 770 27 20 då
284 770 63 21 också
362 770 7 20 i
385 770 60 21 dessa
460 770 113 21 afseenden
588 772 24 18 är
628 770 81 26 skyldig
724 772 33 19 att
771 770 91 26 granska
873 770 79 21 honom
965 769 39 21 och

184 799 42 21 han
251 799 41 21 kan
310 798 92 28 påbjuda
424 799 200 21 lärarekandidaten
639 800 32 20 att
686 800 31 20 ett
731 800 24 20 år
771 799 108 27 hospitera
893 799 34 21 vid
943 799 62 21 semi-

185 828 88 21 narium.
303 827 44 21 Gör
369 828 42 20 han
434 828 41 25 det,
497 830 45 19 tror
562 828 42 26 jag,
627 830 32 18 att
674 828 41 20 han
730 828 78 20 likaväl
824 834 44 14 som
885 827 32 27 de,
933 827 72 21 hvilka

185 859 32 19 tre
237 857 24 21 år
284 856 58 22 förut
362 856 62 21 hafva
446 857 54 21 varit
521 857 34 21 vid
576 856 127 24 seminariet,
719 856 42 21 kan
776 856 94 22 inhemta
885 857 120 23 lärosättet,

185 885 39 21 och
239 886 34 20 vid
288 886 163 26 normalskolan,
467 891 44 15 som
528 888 24 18 är
566 886 48 20 med
629 886 120 20 seminariet
764 885 125 26 förbunden,
905 886 42 20 kan
963 885 41 21 han

185 914 64 21 också
271 914 94 20 inhemta
387 914 35 21 det
445 916 55 19 rätta
522 916 66 19 sättet
603 916 31 19 att
649 915 74 26 umgås
739 914 47 21 med
801 914 86 26 barnen,
903 914 45 21 ifall
963 914 41 21 han

185 942 33 21 för
240 942 63 26 öfrigt
320 944 24 19 är
362 942 32 21 till
415 943 37 21 sitt
467 943 62 27 lynne
544 943 24 21 så
583 942 115 22 beskaffad.
713 955 26 3 —
755 943 40 27 Jag
810 944 32 20 för
857 943 42 21 min
915 942 34 22 del
963 942 42 22 för-

186 971 63 21 ordar
264 972 81 20 således
361 972 114 20 utskottets
492 972 132 21 betänkande
640 972 6 20 i
662 972 59 21 detta
735 974 100 18 moment.

253 1028 110 22 Professor
387 1028 103 22 Cleve:
513 1029 42 21 För
577 1029 43 21 min
636 1029 34 21 del
685 1029 82 21 skattar
780 1029 37 27 jag
832 1029 172 21 seminarii-bild-

185 1057 75 27 ningen
276 1057 46 21 icke
338 1058 67 26 ringa,
421 1058 38 20 och
475 1057 146 21 erfarenheten
636 1058 6 20 i
658 1057 46 21 vårt
719 1058 49 20 land
783 1058 39 20 har
837 1058 100 20 särskildt
947 1058 58 21 bevi-

186 1088 39 22 sat,
246 1088 32 18 att
301 1086 25 20 de
343 1085 45 21 från
403 1086 123 21 seminarier
541 1086 135 21 dimitterade
692 1086 95 21 lärarene
803 1086 39 21 och
858 1086 148 22 lärarinnorna

185 1114 63 21 hafva
271 1114 132 27 synneriigen
425 1114 148 26 förtjenstfullt
595 1114 67 21 utfört
684 1115 37 20 sitt
742 1115 49 20 kall.
822 1115 49 20 Men
893 1115 62 21 häraf
969 1116 35 20 vill

183 1142 37 27 jag
235 1142 54 21 dock
304 1143 46 20 icke
366 1143 65 26 draga
447 1144 40 19 den
503 1143 120 26 slutsatsen,
639 1145 33 19 att
687 1143 79 21 lärare-
782 1143 39 21 och
837 1143 106 21 lärarinne
958 1143 46 21 kal-

186 1171 29 20 let
230 1171 66 20 borde
311 1171 44 20 helt
371 1171 39 21 och
425 1171 66 21 hållet
509 1171 167 27 monopoliseras
690 1171 33 21 för
733 1171 85 27 sådana,
829 1178 44 15 som
886 1172 47 21 från
943 1173 62 20 semi-

186 1199 69 21 narier
277 1199 70 21 blifvit
368 1200 140 21 dimitterade.
538 1200 45 21 Allt
604 1201 100 27 monopol
718 1200 39 21 har
773 1201 31 20 sin
819 1200 51 21 fara.
901 1201 49 20 Men
967 1201 39 20 här

186 1229 24 19 är
226 1228 35 20 det
277 1228 22 20 så
314 1228 83 26 mycket
413 1228 81 21 mindre
509 1229 27 26 på
552 1229 35 20 sitt
603 1229 68 25 ställe,
686 1235 45 14 som
748 1229 150 20 seminarierna
913 1229 19 26 ej
944 1229 61 21 hafva

185 1256 56 21 varit
255 1256 6 21 i
277 1256 61 21 stånd
355 1257 38 20 och
409 1257 80 20 kanske
505 1259 55 18 ännu
576 1257 19 27 ej
610 1258 28 26 på
653 1257 49 26 lång
720 1257 31 21 tid
769 1257 72 21 kunna
851 1257 79 21 blifva
923 1252 12 37 i
943 1257 62 21 stånd

186 1286 31 19 att
232 1285 51 26 fylla
298 1285 83 21 landets
396 1285 65 21 behof
475 1285 23 20 af
511 1285 162 22 folkskollärare
689 1285 39 22 och
743 1286 125 21 lärarinnor.
898 1286 42 21 Det
955 1293 50 14 vore

186 1313 64 21 också
273 1315 52 19 nära
339 1320 42 20 nog
396 1313 160 27 trängbröstadt
571 1317 32 18 att
618 1315 67 26 påstå,
701 1317 32 18 att
747 1315 62 25 ingen
822 1321 75 19 annan,
915 1317 26 18 än
957 1315 47 26 den,

186 1347 45 16 som
254 1342 46 25 gätt
314 1348 75 19 genom
406 1344 30 19 ett
453 1343 141 26 seminarium,
610 1343 41 21 kan
667 1342 50 27 fylla
732 1343 31 21 sin
779 1343 56 26 plats
850 1343 70 21 säsom
936 1344 68 21 lärare

186 1369 51 20 eller
252 1369 114 21 lärarinna.
396 1370 41 20 Det
453 1370 38 20 har
506 1371 84 25 nyligen
605 1371 38 20 här
658 1370 133 26 framhållits,
805 1372 32 19 att
847 1371 36 20 det
895 1371 110 21 abstrakta

186 1399 56 19 rätta
264 1397 90 25 fordrar,
377 1400 32 19 att
431 1404 80 15 samma
531 1399 73 20 arbete
626 1399 60 20 lönas
707 1399 49 24 lika,
779 1399 39 20 och
841 1398 38 21 här
894 1405 62 15 anser
969 1399 36 26 jag

186 1425 106 28 verkligen
316 1426 69 21 denna
408 1427 43 20 sats
474 1433 49 14 vara
546 1426 28 27 pä
594 1427 31 20 sin
640 1427 62 26 plats.
733 1427 46 21 Den
794 1426 127 27 föregäende
937 1428 68 21 skulle

186 1454 64 21 också
265 1461 51 14 vara
330 1455 133 26 temmeligen
480 1455 147 27 betydelselös,
643 1462 34 15 om
692 1455 46 22 icke
755 1456 58 21 detta
828 1456 138 27 tillkommer;
982 1460 23 23 ty

185 1483 28 27 pä
237 1483 110 22 städernas
370 1483 40 22 lott
431 1484 39 21 har
491 1484 35 21 det
548 1485 101 21 särskildt
672 1485 53 21 fallit
747 1487 31 19 att
799 1485 45 21 icke
866 1485 72 22 kunna
958 1486 47 21 från

186 1512 150 22 seminarierna
358 1513 21 21 få
400 1514 31 20 ett
453 1513 123 27 tillräckligt
596 1514 58 21 antal
670 1514 69 21 lärare
754 1520 39 17 ocn
808 1514 126 23 lärarinnor,
963 1515 43 22 Det
