1095 1773
211 110 54 21 1118
442 110 159 21 Presteståndet
614 114 53 17 1877.
691 115 28 17 30
731 115 47 21 maj.

251 188 93 22 Hvarom
359 189 7 20 i
381 188 100 22 händelse
504 188 21 20 af
547 188 66 22 behof
633 188 57 21 säväl
711 189 159 21 statsutskottet
885 195 45 15 som
945 189 57 21 med-

184 217 88 21 ständen
288 217 67 21 skulle
371 217 27 27 pä
413 216 79 27 vanligt
507 218 42 20 sätt
565 217 140 21 underrättas.

254 360 55 22 Herr
329 360 177 22 talmannen
529 363 35 24 tog
580 360 51 22 härä
647 361 60 21 ordet
723 361 38 21 och
777 361 93 27 yttrade:

254 418 56 20 Mine
325 417 166 21 ständsbröder!
516 418 40 26 Jag
573 418 95 22 anhäller
684 420 32 19 att
731 418 98 26 innerligt
844 418 39 22 och
899 420 69 20 varmt
982 418 22 21 fä

185 446 63 22 tacka
270 446 57 22 Eder
350 446 31 21 för
397 446 39 21 den
452 446 84 28 välvilja
550 446 10 22 I
575 447 46 22 äter
637 447 75 22 hafven
728 447 54 22 visat
797 448 41 26 mig
854 448 67 21 under
936 447 68 22 denna

185 476 38 21 vär
238 481 153 15 sammanvaro.
417 475 40 27 Jag
472 477 24 19 är
512 475 39 22 den
566 475 24 22 af
600 476 63 25 Eder,
674 482 44 15 som
730 476 64 27 enligt
805 479 100 18 naturens
916 476 88 27 ordning

186 503 54 22 först
260 503 67 22 kallas
343 504 54 25 bort,
414 503 30 22 dit
460 504 53 25 hem,
529 504 81 22 således
625 507 36 18 vet
673 505 37 26 jag
725 505 45 21 icke
786 511 33 14 om
833 505 36 26 jag
885 511 44 15 mer
944 505 60 21 kom-

186 539 45 15 mer
254 532 88 21 tillbaka
357 532 37 21 hit.
425 531 39 22 Om
477 533 38 26 jag
529 533 45 21 icke
590 533 95 21 kommer
701 533 94 24 tillbaka,
811 533 66 21 lofvar
889 533 37 27 jag
941 533 65 21 likväl

186 563 33 19 att
234 561 6 21 i
253 561 41 21 alle
306 561 67 21 lefven
385 561 8 20 i
405 563 31 19 ett
448 561 104 22 tacksamt
565 562 68 21 minne
646 562 39 21 hos
695 562 40 21 den
746 563 69 24 gamle
825 561 90 27 gubben.
939 561 67 22 Mätte

186 589 49 22 Gud
248 589 107 28 beskydda
368 589 56 22 Eder
437 590 38 21 och
489 590 65 21 måtte
567 591 40 20 han
618 591 23 20 sä
653 591 66 20 ordna
730 590 165 27 förhållandena,
907 592 32 20 att
949 591 57 20 inom

187 619 30 20 Er
239 619 64 26 krets,
326 621 32 18 att
381 618 89 21 emellan
492 621 31 19 ett
538 619 84 21 älskadt
637 619 147 22 fädernesland
801 619 38 21 och
855 620 48 20 dess
919 619 88 27 styrelse

187 647 67 22 mätte
269 647 52 22 räda
336 647 90 27 endrägt
441 647 38 21 och
493 648 111 26 ömsesidig
617 648 129 26 samverkan,
757 647 23 22 sä
790 650 32 19 att
833 649 25 20 de
869 649 65 20 mätte
945 648 64 21 hafva

188 676 45 21 skäl
257 677 31 20 att
310 676 70 27 glädja
402 676 31 27 sig
457 676 57 21 öfver
537 677 25 21 de
584 676 134 28 framgängar
735 677 25 21 de
776 677 69 21 kunna
861 677 68 21 hafva.
960 677 47 21 Gud

187 704 94 27 välsigne
298 705 39 21 och
353 705 76 21 bevare
444 705 101 22 Finlands
560 706 139 27 presteständ,
716 705 39 22 och
771 705 79 22 förläne
865 706 30 21 Er
911 712 25 15 en
952 705 56 28 lyck-

188 733 30 27 lig
233 739 47 16 resa
303 733 46 22 hem
373 737 54 18 samt
447 736 31 19 att
493 735 47 20 med
556 735 55 26 goda
626 734 79 21 krafter
721 734 46 21 äter
782 734 77 21 samlas
875 735 38 20 här
928 735 32 27 för
975 735 33 20 att

187 763 101 20 fortsätta
302 762 40 21 och
357 763 91 21 slutföra
461 763 25 21 de
497 763 93 26 arbeten,
603 769 44 16 som
661 763 67 22 blifvit
741 763 57 22 Eder
810 763 113 28 förelagda.
946 763 63 21 Ännu

189 797 26 16 en
230 791 68 27 gäng:
314 790 48 23 Gud
377 791 76 22 bevare
469 792 57 21 Eder
540 792 55 22 alla!

259 849 57 22 Härä
331 851 90 25 uppsteg
436 849 49 21 herr
500 849 136 27 domprosten
652 849 73 27 Borg
741 849 39 22 och
795 849 95 27 yttrade:

258 907 32 21 De
306 907 44 25 ord,
366 907 49 21 herr
431 907 90 21 doktorn
537 907 39 21 och
589 906 153 28 erkebiskopen
753 907 39 21 har
802 908 39 20 talt
853 907 32 22 till
896 912 40 21 oss,
948 906 63 22 hafva

189 937 70 21 funnit
280 938 31 19 ett
326 936 61 27 djupt
401 935 87 27 genljud
503 936 5 20 i
524 937 50 21 vära
590 936 89 27 hjertan,
695 936 39 21 och
750 936 66 21 mäste
832 936 105 21 besvaras.
968 936 42 21 Det

190 965 40 21 har
252 964 72 27 sällan,
347 964 80 22 kanske
442 964 45 22 icke
503 964 102 27 nägonsin
620 964 7 21 i
642 965 65 26 nägot
721 964 62 22 ständ
799 966 54 20 varit
867 964 65 28 gifvet
947 964 21 22 ät
984 971 26 15 en

190 995 80 21 talman
285 995 32 20 att
332 994 34 20 vid
381 995 89 25 gränsen
483 992 22 22 af
520 994 26 20 79
562 993 23 21 är
600 993 47 22 med
663 994 39 20 den
718 994 57 20 kraft
790 994 38 20 och
844 993 100 22 säkerhet
955 996 57 19 samt

190 1022 49 22 med
254 1023 40 21 den
310 1024 58 20 stora
383 1022 165 27 sjelfuppoffring
563 1022 49 22 leda
626 1022 189 25 förhandlingarna
826 1022 6 21 i
844 1024 31 19 ett
885 1022 69 26 ständ,
964 1028 46 15 som

191 1052 37 20 det
249 1051 55 21 varit
325 1051 116 21 förunnadt
463 1050 37 21 vär
522 1051 87 21 älskade
632 1052 121 20 talman.
782 1051 49 21 Icke
854 1057 25 15 en
902 1050 55 28 gäng
972 1050 39 22 har

191 1079 94 22 klubban
307 1079 60 26 fallit,
389 1080 32 20 för
443 1081 31 19 att
497 1079 75 21 hindra
594 1079 69 27 nägon
682 1080 21 20 af
717 1079 94 22 ständets
827 1080 137 21 medlemmar
979 1082 32 18 att

191 1109 45 21 tala
250 1112 24 17 ut
290 1108 32 21 sin
337 1108 60 27 äsigt,
412 1108 46 21 icke
474 1114 25 15 en
514 1109 55 25 gäng
584 1108 38 21 har
638 1114 25 14 en
679 1108 130 27 proposition
821 1108 69 21 blifvit
900 1108 111 26 framlagd,

191 1138 7 20 i
214 1137 84 21 hvilken
321 1137 36 21 det
378 1137 47 21 icke
445 1137 52 21 stätt
511 1137 45 21 fritt
571 1136 33 21 för
619 1143 25 14 en
660 1136 52 21 hvar
727 1138 32 19 att
774 1137 68 21 uttala
857 1137 44 26 sig;
918 1137 47 21 med
981 1138 31 19 ett

192 1166 39 20 ord
252 1166 44 20 alla
317 1166 96 20 ständets
435 1165 181 27 öfverläggningar
639 1165 39 21 och
700 1165 70 21 beslut
792 1165 62 21 hafva
874 1165 58 21 skett
946 1165 66 26 enligt

193 1194 95 22 ständets
311 1200 51 21 egen
385 1194 87 21 önskan.
502 1194 26 20 Vi
550 1196 75 18 stanna
649 1193 71 21 derför
742 1194 38 20 hos
801 1193 50 21 herr
866 1194 90 20 doktorn
972 1194 40 20 och

192 1222 153 28 erkebiskopen
368 1222 7 21 i
389 1222 117 26 beständig,
522 1222 5 21 i
544 1222 113 26 evinnerlig
679 1222 212 22 tacksamhetsskuld.
923 1221 46 26 Om,
984 1222 28 21 dä

194 1251 59 22 detta
274 1251 73 22 ständs
362 1250 136 22 medlemmar
514 1251 77 21 samlas
606 1251 7 21 i
628 1251 55 24 höst,
698 1251 21 20 vi
734 1251 46 21 äter
794 1250 21 22 fä
829 1252 57 20 sluta
901 1256 35 16 oss
951 1250 61 27 kring

193 1280 49 22 herr
258 1280 160 26 erkebiskopen,
433 1279 62 27 bedja
510 1280 20 21 vi
546 1280 48 21 herr
610 1279 153 27 erkebiskopen
779 1286 50 14 vara
845 1280 123 26 öfvertygad
977 1285 35 15 om

194 1311 32 18 att
248 1310 36 20 det
306 1308 45 21 icke
374 1308 66 20 finnes
455 1308 54 20 enda
524 1308 23 20 af
561 1314 35 14 oss
611 1308 7 20 i
633 1308 84 20 hvilken
732 1308 46 20 icke
794 1308 49 20 herr
859 1308 154 26 erkebiskopen

194 1337 52 26 egde
269 1342 26 16 en
312 1336 95 21 tacksam
423 1335 39 21 och
478 1335 82 27 hjetligt
576 1335 101 27 tillgifven
693 1338 46 18 vän.
770 1335 48 21 Men
834 1336 80 20 händer
930 1335 36 21 det
981 1338 33 18 att

194 1366 69 26 nägon
279 1366 24 20 är
318 1364 68 26 borta,
402 1366 31 19 att
449 1364 41 21 han
505 1364 77 21 kallats
597 1364 49 21 bort
659 1363 47 22 frän
720 1364 64 26 lifvet,
800 1364 24 22 sä
839 1370 37 16 var
891 1364 122 27 öfvertygad

194 1393 49 22 herr
258 1393 127 27 erkebiskop
400 1395 33 19 att
444 1393 40 21 han
496 1393 88 21 bevarat
594 1392 69 22 säsom
674 1395 31 19 ett
716 1392 22 22 af
747 1394 45 20 sina
802 1393 53 21 allra
866 1393 52 21 sista
928 1393 85 21 käraste

194 1423 84 21 minnen
294 1422 25 22 de
335 1422 255 27 öfverläggningsstunder
604 1422 37 21 det
655 1422 56 21 varit
725 1422 77 21 honom
817 1422 65 26 gifvet
897 1422 46 21 atti
954 1422 59 21 detta

194 1452 63 21 ständ
279 1450 67 23 under
368 1451 49 21 herr
439 1451 102 21 doktorns
562 1450 38 22 och
616 1450 164 28 erkebiskopens
795 1451 84 27 ledning
894 1451 66 21 verka
974 1450 40 22 och

195 1480 80 23 arbeta.
306 1480 43 22 Vär
364 1479 31 22 tid
410 1481 24 19 är
449 1479 137 27 söndringens
601 1480 39 20 och
656 1486 63 15 orons
735 1480 36 26 tid,
787 1486 48 15 men
850 1480 36 22 det
901 1482 24 19 är
937 1480 76 21 liksom

195 1516 65 16 orons
280 1509 40 22 och
339 1512 128 18 stormarnes
483 1508 64 26 vägor
562 1508 67 22 skulle
645 1508 62 22 hafva
722 1509 46 27 gätt
783 1508 54 22 förbi
853 1508 162 28 presteständet,
