1086 1823
353 109 160 19 Presteståndet
525 111 53 18 1877.
602 112 27 17 22
641 111 47 22 maj.
853 107 40 21 845

174 177 101 33 Samtliga
298 178 61 22 dessa
373 178 148 23 betänkanden
536 179 69 22 blefvo
621 180 27 27 på
662 180 49 21 herr
726 181 196 22 talmannens

105 206 73 21 derom
200 206 74 27 gjorda
295 207 154 27 framställning
471 208 62 26 lagda
553 209 13 21 å
588 209 74 21 bordet
676 209 33 21 till
723 209 92 27 följande
830 210 91 27 plenum.

173 348 99 23 Ståndets
294 349 136 23 medlemmar
452 350 102 23 åtskildes
574 351 53 22 härå
649 351 28 22 kl.
693 352 12 21 2
722 352 38 22 och
775 353 27 21 45
818 359 27 15 m.
861 359 18 16 e.
894 359 26 16 m.

681 419 21 19 In
714 420 61 18 fidem:

589 453 52 22 Carl
655 454 50 22 Joh.
721 455 133 28 Lindeqvist.

423 654 48 27 Kl.
488 654 17 28 6
523 661 24 21 e.
564 661 40 20 m.

104 723 174 22 sammanträdde
308 723 32 21 till
363 723 86 27 plenum
473 723 167 27 presteståndets
664 723 95 27 samtlige
785 724 139 22 medlemmar

105 752 48 21 med
175 752 108 26 undantag
306 751 22 21 af
348 754 87 24 prosten
458 752 156 25 Borenius,
637 758 44 15 som
696 752 23 21 af
732 752 57 21 förut
804 753 119 21 antecknad

104 780 64 22 orsak
183 786 37 16 var
234 780 147 22 frånvarande.

174 923 109 22 Anmältes
308 923 40 29 och
372 923 149 27 antecknades,
543 926 33 19 att
598 923 32 22 till
652 923 84 22 ståndet
759 925 112 22 inkommit
885 924 39 23 och

105 953 70 21 blifvit
199 952 85 22 utdelad
309 969 8 9 ,
323 953 177 27 Öfverstyrelsens
525 953 33 21 för
581 952 147 22 skolväsendet
753 953 116 22 berättelse
891 959 34 16 om

105 981 208 22 folkskoleväsendet
327 981 7 22 i
348 981 93 22 landet*.

174 1125 120 22 Fortsattes
318 1125 47 22 med
393 1125 146 22 diskussionen
560 1131 34 15 om
614 1125 217 27 jernvägsutskottets
853 1125 73 28 betän-

105 1154 70 21 kande
189 1160 34 16 n:o
236 1155 17 27 1,
267 1155 7 21 i
290 1154 111 26 anledning
416 1154 23 21 af
452 1154 59 21 Hans
526 1154 118 27 Kejserliga
659 1153 109 28 Majestäts
784 1154 77 27 nädiga
876 1160 50 21 pro-

105 1183 92 26 position
212 1183 48 22 med
276 1183 80 27 förslag
370 1183 33 20 till
418 1183 146 22 stambansnät
579 1182 7 21 i
600 1182 96 22 Finland.

173 1240 110 23 Professor
307 1241 158 22 Forsman:
497 1241 46 21 Den
568 1240 126 25 diskussion,
718 1247 45 16 som
787 1240 76 22 hittills
888 1240 39 22 har

105 1269 112 28 försiggätt
239 1269 109 28 angäende
370 1269 69 22 denna
460 1271 52 20 utan
527 1269 70 22 tvifvel
612 1269 84 28 mycket
710 1269 79 28 vigtiga
803 1269 66 26 fräga,
885 1269 42 22 kan

105 1298 115 27 ingalunda
244 1305 61 14 anses
327 1297 62 22 hafva
410 1298 57 21 varit
488 1298 132 25 resultatlös;
644 1300 91 19 tvärtom
757 1297 82 27 framgä
860 1298 67 21 redan

105 1327 57 21 vissa
184 1327 99 27 temligen
304 1326 58 27 gifna
383 1327 96 25 resultat,
495 1333 44 15 som
552 1326 37 27 jag
604 1326 37 21 vill
655 1326 53 21 söka
723 1328 32 19 att
770 1326 157 25 sammanfatta,

104 1355 67 27 jemte
187 1356 36 21 det
236 1356 36 26 jag
286 1356 62 21 äfven
363 1357 98 20 närmare
476 1354 32 22 fär
523 1355 85 26 utlägga
624 1355 42 21 min
677 1355 64 21 tanke
752 1355 109 26 angäende
872 1354 56 22 hvad

106 1390 46 15 som
174 1384 99 27 möjligen
295 1384 42 21 kan
355 1383 96 28 tillgöras
466 1383 51 22 eller
532 1383 46 22 icke
593 1383 97 27 tillgöras
705 1384 68 21 under
787 1385 96 20 närmast
897 1383 31 21 in-

105 1413 121 21 stundande
250 1412 79 27 period.
358 1411 41 28 Jag
423 1417 69 21 anser,
516 1413 32 20 att
572 1411 73 27 temlig
666 1411 183 27 samstämmighet
871 1411 57 21 inom

106 1441 60 21 detta
188 1441 62 21 ständ
272 1441 55 20 visat
341 1440 32 27 sig
387 1441 7 20 i
409 1440 60 26 fräga
485 1440 80 25 derom,
580 1441 32 20 att
627 1446 25 15 en
668 1439 55 22 bana
738 1439 66 22 borde
819 1440 54 21 först
888 1439 40 22 och

105 1468 76 22 främst
202 1468 86 22 komma
309 1469 7 20 i
338 1467 61 28 fräga
413 1467 48 22 frän
475 1467 141 22 Tammerfors
632 1467 32 22 till
679 1468 65 20 Wasa
759 1467 40 22 och
814 1468 36 21 det
865 1467 7 21 i
887 1467 41 21 den

106 1497 129 26 sträckning,
255 1503 45 15 som
316 1496 22 22 af
351 1496 106 22 utskottet
472 1496 39 22 och
526 1496 62 22 äfven
602 1496 8 21 i
624 1496 120 22 hufvudsak
758 1496 23 21 af
795 1497 41 21 den
851 1496 77 26 nädiga
