1092 1817
217 114 53 20 1098
431 118 159 18 Presteståndet
603 120 53 16 1877.
680 120 27 16 30
719 119 47 21 maj.

768 170 8 9 v

187 188 124 25 eftersättia,
334 187 65 21 sedan
420 188 42 20 han
485 187 65 21 första
573 187 39 21 och
637 187 65 21 andra
717 188 82 25 gängen
815 187 67 21 blifvit
898 187 107 27 ätvarnad,

186 216 79 26 plichte
287 216 28 20 dä
335 217 12 19 2
364 215 73 21 Marck
453 215 38 21 silf.
509 218 36 18 mt.
562 215 24 21 til
601 215 107 21 Sochnens
723 216 76 24 fattiga
814 216 68 20 Barns
897 216 109 20 undervis-

186 244 56 27 ning,
259 244 38 21 och
313 250 49 15 vare
377 243 46 21 icke
439 244 47 20 dess
502 244 80 21 mindre
598 243 82 27 skyldig
695 244 23 20 til
736 246 21 19 at
774 244 62 20 sättia
851 244 79 21 Barnet
945 244 23 21 til
984 247 23 18 at

186 274 46 20 lära
248 274 44 20 läsa
306 273 7 20 i
328 273 56 24 Bok;
401 272 39 21 och
456 272 27 27 pä
499 273 36 20 det
549 272 37 21 vär
599 272 74 27 nädige
688 272 55 27 Vilje
756 272 23 22 sä
794 273 83 27 mycket
890 279 57 15 mera
960 272 47 22 här-

186 302 89 21 utinnan
290 301 35 21 mä
341 302 21 20 fä
377 301 32 21 sin
424 301 132 25 fullbordan;
572 301 24 21 sä
610 301 80 26 äligger
704 301 174 27 Kyrchioherden
893 302 48 20 med
956 302 51 20 För-

186 331 127 26 samlingens
328 330 123 25 ledamöter,
467 332 38 18 när
520 330 78 21 allmän
614 329 146 27 Sochnestugu
775 330 73 25 hälles,
863 330 74 22 härom
947 331 60 26 giöra

187 366 26 14 en
228 366 55 20 noga
298 358 133 26 efterfrågan.
464 359 73 21 Skulle
552 358 64 27 nägre
632 358 114 22 Föräldrar
761 365 51 15 vara
828 359 22 21 sä
866 359 105 27 utfattige,
984 362 23 18 at

187 389 26 21 de
228 388 46 21 icke
289 387 112 22 mächtade
416 387 64 21 härtil
496 387 55 21 hålla
564 388 46 20 sina
622 388 62 25 Barn,
698 388 23 20 sä
734 388 106 21 förmodar
850 388 76 26 Kongl.
940 388 66 26 Maj:t,

187 419 23 19 at
233 416 95 22 Sochnen
352 417 22 20 til
399 418 20 18 et
440 416 24 21 så
479 416 76 26 nyttigt
570 416 97 21 ändamål
684 416 55 20 lärer
754 417 65 25 något
834 416 172 26 sammanskiuta,

187 445 24 21 så
233 445 64 21 framt
317 444 81 22 sådana
413 444 75 26 fattiga
503 444 55 21 Barn
574 444 23 21 af
611 444 41 26 det,
668 451 45 14 som
729 445 61 25 eljest
806 445 23 20 til
845 445 107 21 Sochnens
966 445 41 21 fat-

187 474 44 26 tiga
253 474 83 25 samlas,
356 473 18 21 ei
390 473 72 21 kunna
476 474 21 20 få
514 473 63 26 något
592 473 136 24 understöd";
744 474 75 20 liksom
835 479 74 20 genom
926 473 81 21 resolu-

187 503 45 20 tion
254 502 27 26 på
296 502 168 27 presterskapets
481 502 74 20 besvär
570 502 22 20 af
606 502 38 20 den
663 502 25 20 10
703 502 41 25 maj
763 502 52 20 1762
831 502 176 26 församlingarna

187 533 38 19 äro
246 531 76 26 ålagda
339 532 32 19 att
387 530 136 20 barnalärare
538 532 84 24 antaga,
638 530 36 20 der
690 530 25 20 de
732 530 22 20 af
767 530 100 21 behofvet
882 532 37 19 äro
935 530 72 26 påkal-

186 560 53 20 lade.
270 560 11 20 I
305 558 99 22 afseende
424 559 13 20 å
460 559 57 25 lägre
540 558 74 21 skolan
630 558 6 20 i
653 558 175 26 församlingarna
843 558 67 22 finnas
925 559 82 20 således

187 588 124 26 tillräckligt
325 587 130 27 stadganden
471 588 62 25 gifna,
550 587 70 21 hvilka
636 587 36 21 det
687 587 55 21 blott
757 587 80 27 åligger
850 590 30 18 att
894 587 112 27 efterfölja.

187 616 62 22 Hvad
265 617 95 21 deremot
375 616 65 27 högre
456 616 117 21 folkskolan
590 616 65 26 angår
667 618 36 19 äro
715 617 25 19 de
753 616 129 26 stadganden
896 622 44 15 som
954 616 53 21 före-

187 646 86 20 komma
294 645 7 21 i
323 644 151 27 författningen
492 645 23 21 af
528 644 23 21 år
568 645 54 21 1866
637 644 7 21 i
660 645 48 21 dess
727 646 38 19 114
780 644 40 22 och
837 646 39 20 116
892 644 26 29 $$
934 644 23 21 af
971 645 36 21 det

187 674 99 23 innehåll,
309 675 32 19 att
363 674 26 20 de
411 674 76 26 stadga
510 673 23 21 så
554 674 52 26 godt
623 680 45 14 som
683 674 108 26 ingenting
806 674 5 20 i
829 674 57 20 detta
902 674 103 20 afseende.

187 703 52 21 Man
259 702 39 21 har
320 702 105 21 måhända
447 704 59 24 trott,
529 704 32 18 att
583 702 90 26 insigten
689 703 21 20 af
724 702 187 26 undervisningens
926 703 81 25 välger-

187 732 75 26 ningar
283 731 40 21 och
346 731 80 21 önskan
442 732 32 19 att
489 731 87 26 tillegna
590 732 32 25 sig
638 731 108 21 desamma
762 731 67 21 skulle
844 732 63 20 vinna
921 731 86 21 utbred-

187 760 50 26 ning
257 760 6 20 i
283 766 80 14 samma
384 766 56 20 mon,
463 766 45 14 som
531 759 81 21 tillfälle
632 760 31 20 till
680 760 148 26 undervisning
843 760 104 26 erbjudes,
963 760 44 20 må-

187 788 71 22 hända
279 788 40 21 har
342 794 46 15 man
412 788 51 21 stält
484 788 37 21 sitt
537 788 54 26 hopp
608 788 26 26 på
649 788 77 21 folkets
741 788 74 21 kärlek
830 788 32 21 till
878 788 74 22 skolan
967 788 40 21 och

187 818 48 20 dess
250 817 105 21 nitälskan
371 816 32 21 för
419 818 35 20 det
467 817 137 26 uppväxande
617 818 87 25 slägtets
717 816 108 22 förkofran
838 818 6 20 i
858 817 85 27 bokliga
955 817 52 21 kun-

187 846 82 26 skaper.
302 846 47 20 Men
363 846 36 26 jag
414 847 51 25 tror,
481 848 39 24 att,
536 852 33 14 om
586 845 62 21 också
664 846 69 20 denna
748 845 74 22 kärlek
835 846 39 21 och
885 847 67 20 denna
965 846 41 20 nit-

187 875 75 21 älskan
284 874 33 21 för
339 874 113 22 framtiden
475 876 24 18 är
522 876 31 19 att
573 876 86 24 emotse,
681 874 147 22 erfarenheten
844 875 54 21 dock
914 874 92 28 tydligen

187 904 62 25 visar,
265 904 32 20 att
313 903 39 21 den
368 903 18 27 ej
403 905 55 19 ännu
474 905 24 19 är
513 903 32 21 för
558 903 89 21 handen.
669 903 41 21 Det
722 904 72 26 gifves,
807 904 66 26 enligt
885 904 42 20 min
936 904 70 26 tanke,

187 934 77 19 tvänne
279 934 90 25 utvägar
384 932 32 20 till
431 932 131 21 ändamålets
578 932 112 24 vinnande,
706 936 32 18 att
752 934 53 25 göra
820 934 98 25 antingen
934 932 73 28 sjelfva

187 961 129 26 skolgången
333 962 51 20 eller
399 961 65 21 också
479 961 175 27 undervisningen
670 962 144 26 obligatorisk.
844 962 39 21 Att
898 962 36 20 det
949 961 58 21 förra

188 992 24 18 är
234 990 61 20 fallet
313 990 6 20 i
335 990 40 20 den
391 992 48 23 stat,
457 990 106 21 hvarifrån
579 990 73 26 sjelfva
668 991 111 26 uppslaget
795 991 31 20 till
842 990 37 22 vår
894 990 113 22 folkskole-

187 1018 125 26 författning
333 1020 24 19 är
376 1018 101 27 hemtadt,
501 1020 24 19 är
540 1019 78 23 kändt;
634 1021 33 19 att
682 1020 60 20 detta
757 1021 23 19 är
796 1019 59 21 fallet
874 1019 3 21 i
893 1018 114 25 Daumark,

187 1047 110 23 Preussen,
313 1047 73 21 Baden
402 1054 26 14 m.
444 1046 20 22 fl.
480 1049 73 23 stater,
568 1049 25 19 är
608 1048 64 20 också
687 1048 71 26 kändt
774 1048 39 20 och
830 1048 81 21 derföre
924 1048 38 20 har
973 1047 35 21 det

187 1076 102 20 förefallit
311 1076 43 25 mig
377 1076 147 26 egendomligt,
548 1079 38 21 att,
610 1076 26 20 då
659 1082 48 15 man
730 1076 75 21 lånade
825 1078 23 20 så
863 1076 83 27 mycket
961 1076 47 21 från

189 1103 102 22 Schweitz
306 1104 7 20 i
328 1104 39 20 allt
382 1104 41 26 det,
440 1110 45 15 som
501 1106 35 19 rör
551 1104 73 27 sjelfva
634 1105 176 27 undervisningen
826 1106 39 20 och
879 1106 128 24 metoderna,

188 1139 48 14 man
258 1133 46 21 icke
325 1133 76 21 lånade
423 1133 36 21 det
482 1133 54 24 hela,
559 1134 48 20 med
623 1136 31 18 ett
669 1134 45 24 ord,
731 1134 63 21 infört
809 1134 54 21 hvad
877 1140 48 15 man
940 1133 68 21 kallar

187 1161 138 27 obligatorisk
348 1160 108 28 skolgång.
486 1162 44 20 Var
553 1168 47 15 man
622 1162 52 21 rädd
690 1164 31 19 att
742 1169 25 14 en
783 1163 65 21 sådan
863 1163 84 20 skulle
939 1156 12 37 i
961 1163 47 20 bör-

187 1190 34 26 jan
238 1190 65 21 redan
319 1190 63 20 hafva
396 1190 75 20 verkat
487 1191 105 21 motstånd
608 1193 45 18 mot
667 1191 93 21 skolan
756 1186 12 35 ?
771 1190 49 22 Men
831 1192 59 20 detta
901 1190 107 22 motstånd

187 1218 60 26 hade,
265 1218 26 21 då
307 1218 118 21 fördelarne
441 1219 23 20 af
477 1219 82 21 skolors
575 1220 121 20 inrättande
711 1220 55 20 visat
782 1220 36 26 sig,
835 1226 41 20 nog
891 1220 58 26 gifvit
961 1219 47 21 med

188 1248 36 25 sig.
255 1247 40 21 Det
311 1247 92 21 återstår
419 1247 82 21 således
515 1248 47 20 icke
578 1254 28 15 nu
621 1248 65 26 något
700 1251 71 23 annat,
788 1251 25 19 än
830 1251 32 19 att
872 1250 52 26 göra
934 1248 74 27 sjelfva

187 1275 176 27 undervisningen
379 1276 143 27 obligatorisk,
539 1277 38 21 och
592 1278 7 20 i
612 1276 36 21 det
661 1277 58 21 fallet
732 1277 80 21 lemnar
823 1284 34 14 oss
868 1278 39 20 den
918 1277 91 21 svenska

188 1304 137 26 skolstadgan
340 1311 25 13 en
381 1304 42 26 god
437 1305 115 26 anvisning.
577 1306 11 25 $
605 1306 12 21 8
633 1306 6 19 i
655 1306 92 20 nämnda
762 1306 122 27 skolstadga
899 1306 109 21 föreskrif-

188 1338 36 14 ver
247 1333 110 27 nämligen,
379 1335 32 19 att
433 1332 79 27 årligen
536 1333 74 21 förhör
624 1334 54 20 skall
693 1334 102 22 anställas
811 1335 47 20 med
874 1334 41 22 alla
930 1335 5 19 i
952 1334 55 22 skol-

187 1360 72 20 åldern
283 1361 92 20 varande
397 1362 59 23 barn,
477 1362 66 19 ehvad
559 1362 25 20 de
601 1362 90 20 bevistat
706 1362 72 20 skolor
793 1362 51 21 eller
859 1363 46 19 icke
921 1362 86 20 hvarom

188 1388 33 23 de,
239 1393 45 15 som
307 1388 34 20 vid
357 1388 58 20 detta
431 1388 72 20 förhör
519 1388 92 22 befinnas
626 1395 51 14 vara
693 1389 153 27 underhaltiga,
863 1390 98 20 hänvisas
976 1392 32 18 att

187 1416 94 21 inhemta
303 1416 36 21 det
362 1416 106 22 bristande
491 1416 7 22 i
513 1417 125 21 folkskolan.
668 1418 41 26 Jag
724 1418 68 22 skulle
808 1418 71 21 derför
895 1418 66 21 önska
976 1420 31 19 att

186 1444 29 21 få"
229 1445 130 21 understöda
381 1445 78 21 doktor
481 1445 137 22 Nordströms
641 1446 79 27 förslag
742 1453 34 15 om
798 1447 138 27 obligatorisk
952 1448 55 20 skol-

185 1473 55 27 gång
255 1486 28 3 —
298 1474 46 21 icke
357 1474 112 27 skoltvång
481 1475 64 26 enligt
558 1476 39 20 den
611 1475 140 27 uppfattning,
763 1482 45 15 som
819 1476 105 22 utskottet
935 1477 72 26 tyckes

186 1502 62 22 hafva
269 1502 24 22 af
311 1503 129 27 densamma;
455 1504 105 26 nämligen
575 1506 33 19 att
623 1505 6 20 i
645 1504 71 28 hvarje
732 1505 101 22 kommun
848 1505 54 22 skall
917 1506 90 21 inrättas
