1089 1803
210 119 41 20 952
419 123 160 18 Presteständet
591 124 54 17 1877.
669 124 25 17 25
707 123 47 22 maj.

181 200 75 19 stanna
278 197 69 26 nägon
369 198 86 20 kortare
474 198 30 21 tid
519 197 67 21 under
601 198 95 24 ferierna,
712 197 33 21 mä
761 197 61 21 hafva
837 197 101 26 rättighet
955 197 45 21 der-

181 226 37 21 till.
249 225 39 27 Jag
311 225 112 26 förmodar,
446 228 31 19 att
491 225 72 27 hvarje
579 227 88 20 medlem
683 225 5 21 i
705 228 30 19 ett
751 226 81 21 utskott
847 227 24 19 är
886 226 23 21 sä
924 226 76 21 intres-

181 255 62 22 serad
258 255 22 20 af
294 254 36 21 sitt
345 254 107 27 sysslande
468 255 46 20 med
531 254 26 21 de
572 253 75 28 frägor,
662 260 44 15 som
723 254 44 21 deri
783 254 116 26 handlagts,
916 256 32 19 att
959 254 41 21 han

180 284 46 21 icke
247 283 35 21 vill
302 283 83 27 afbryta
407 283 37 20 sitt
466 283 72 21 arbete
561 283 5 20 i
591 283 83 26 midten,
691 284 50 20 utan
754 283 65 20 hellre
836 283 76 21 önskar
928 289 22 14 se
966 283 35 21 det

181 312 105 22 slutfördt.
317 311 71 22 Skulle
410 311 41 21 han
475 312 52 21 dock
550 312 79 26 nödgas
651 314 128 24 gvarstanna
803 314 14 19 t.
842 318 30 14 ex.
888 318 24 15 en
929 311 70 24 vecka,

181 341 73 27 tycker
267 341 43 26 jag,
326 343 32 18 att
374 340 36 21 det
424 339 46 22 icke
486 347 48 14 vore
545 341 90 25 oskäligt
649 342 30 19 att
691 340 125 21 tillerkänna
826 340 78 21 honom
915 340 85 27 arvode,

181 370 27 20 dä
223 369 41 21 han
279 368 23 27 ju
317 369 6 20 i
339 368 71 27 hvarje
425 368 35 21 fall
476 368 38 28 gär
529 368 138 27 landtdagens
682 368 98 22 ärenden.

250 426 76 21 Pastor
346 425 143 21 Törnudd:
517 425 40 27 Jag
572 425 78 27 tycker,
667 427 31 19 att
714 425 35 21 det
764 425 81 21 medför
860 425 23 21 sä
898 426 45 20 stor
958 426 42 21 för-

182 454 34 22 del
232 454 31 21 för
278 454 72 26 hvarje
365 454 61 21 stånd
443 454 38 20 och
494 454 31 21 för
541 453 126 27 landtdagen
680 454 6 20 i
698 454 45 20 dess
757 453 76 26 helhet,
847 460 33 14 om
892 454 107 22 utskotten

180 483 48 21 ville
248 484 62 26 ätaga
334 483 31 26 sig
386 485 32 18 att
433 482 73 22 arbeta
523 482 59 22 äfven
598 483 63 20 sedan
678 482 127 26 landtdagen
821 482 85 27 upplöst
921 483 32 26 sig
968 482 32 22 för

179 512 101 21 feriernas
303 511 60 26 skull,
386 513 31 19 att
436 512 36 25 jag
488 512 45 21 icke
549 511 75 26 drager
639 511 5 20 i
661 510 132 22 betänkande
809 514 31 18 att
855 511 86 21 förorda
956 511 43 25 det,

180 540 107 22 äfvensom
313 542 31 19 att
370 539 125 21 tillerkänna
520 539 256 22 utskottsmedlemmarne
801 540 84 26 arvode,
911 540 88 21 emedan

182 570 60 21 dessa
257 568 114 22 kostnader
385 569 47 21 vida
448 570 103 26 uppsägas
567 568 21 22 af
602 570 31 19 ett
647 568 105 21 snabbare
768 568 141 27 undangjordt
920 568 78 22 arbete.

248 627 90 21 Prosten
378 625 116 28 Bergroth
510 625 97 22 förenade
623 625 31 27 sig
670 625 47 21 med
734 624 76 23 doktor
820 625 125 22 Nordström
959 626 39 21 och

179 657 73 26 pastor
266 655 105 22 Törnudd.

249 713 83 21 Doktor
353 712 130 26 Lampön:
508 712 40 26 Jag
569 711 38 21 har
630 714 50 18 äran
696 711 89 26 anmäla,
800 714 31 18 att
846 712 152 26 kartasigillata

179 741 162 27 författningens
356 740 155 27 handläggning
525 740 7 20 i
547 740 229 26 bevillningsutskottet
791 741 27 25 pä
833 740 58 27 längt
902 743 38 18 när
952 740 46 22 icke

180 773 23 19 är
228 770 94 22 slutförd.
354 770 45 20 Den
425 770 66 20 måste
515 768 127 27 nödvändigt
663 769 7 20 i
693 775 25 15 en
733 768 135 27 fortsättning
884 768 113 26 förbindas,

180 799 87 21 emedan
289 798 149 26 författningen
455 804 76 15 annars
548 798 94 20 kommer
657 797 32 21 för
704 800 53 18 sent.
787 798 40 26 Jag
842 797 94 22 anhäller
952 798 46 21 der-

179 828 32 21 för
227 827 101 27 ödmjukt,
343 829 31 19 att
390 827 45 20 icke
451 828 30 20 ett
496 826 75 22 sädant
587 826 67 22 beslut
670 826 67 21 skulle
753 826 69 24 fattas,
842 828 31 19 att
890 827 107 21 utskotten

179 857 67 21 mäste
262 856 95 27 upphöra
373 856 46 20 med
430 855 45 21 sina
486 855 85 21 arbeten
582 857 26 25 pä
619 861 79 15 samma
706 855 56 27 gäng
772 855 113 21 ständerna
896 855 100 27 ätskiljas.

246 914 142 25 Domprosten
402 913 91 27 Borg:
516 912 42 21 För
573 913 42 21 min
626 912 33 21 del
670 918 61 14 anser
740 912 36 26 jag
787 914 31 19 att
831 912 71 27 hvarje
913 912 85 21 utskott

178 944 41 20 kan
242 942 47 21 med
312 942 125 21 ständernas
460 941 123 27 begifvande
605 941 99 21 fortsätta
720 942 31 20 sin
766 941 134 21 verksamhet
916 941 33 21 för
965 943 32 19 att

177 972 94 21 fullända
294 973 30 19 ett
344 970 66 22 redan
432 970 106 26 päbegynt
553 970 73 21 arbete
641 969 27 27 pä
684 969 43 22 lika
742 970 55 26 goda
812 970 46 20 skäl
874 976 45 15 som
935 976 60 20 expe-

178 1001 89 21 ditions-
282 1000 39 21 och
334 999 230 27 justeringsutskotten.
594 999 40 25 Jag
649 998 74 26 tycker
738 1000 38 24 att,
793 998 26 21 dä
835 998 35 22 det
882 998 44 22 icke
940 998 57 22 kom-

178 1036 44 14 mer
244 1035 26 14 an
294 1028 27 27 pä
341 1029 31 20 att
395 1028 96 20 meddela
513 1027 119 21 utskottens
648 1026 69 22 beslut
733 1027 22 21 ät
770 1027 112 21 ständerna
898 1028 52 20 eller
964 1030 33 19 att

177 1057 165 26 sammanjemka
358 1056 56 21 olika
430 1056 84 27 äsigter,
525 1056 64 21 borde
600 1056 46 21 icke
657 1055 119 21 utskottens
787 1056 134 21 verksamhet
932 1055 64 22 blifva

176 1086 24 21 sä
224 1086 105 21 beroende
352 1085 22 20 af
395 1085 73 26 dagen,
493 1086 31 19 att
539 1085 26 20 de
580 1084 68 21 skulle
663 1084 56 21 sluta
735 1084 26 21 dä
777 1083 127 28 landtdagen
920 1084 75 21 slutar.

176 1114 148 26 Landtdagens
346 1113 135 22 verksamhet
502 1113 6 20 i
531 1113 48 21 höst
599 1113 96 20 kommer
709 1115 33 18 att
757 1112 79 21 förlora
852 1113 71 26 derpä.
954 1113 42 21 För

176 1144 64 25 öfrigt
262 1143 94 21 anhåller
377 1142 42 27 jag,
442 1144 32 18 att
496 1141 25 21 de
544 1142 21 21 af
579 1141 94 21 ständets
689 1141 142 26 medlemmar,
848 1147 46 15 som
910 1141 86 21 tillhöra

174 1172 88 26 utskott,
285 1171 69 22 skulle
375 1171 6 20 i
406 1171 109 20 utskotten
530 1170 83 21 anmäla
629 1170 93 25 ärendet,
739 1170 23 20 sä
778 1172 31 19 att
824 1170 86 21 ständet
926 1170 70 21 skulle

173 1201 22 21 fä
216 1201 48 20 veta
287 1199 70 21 hvilka
379 1199 82 21 utskott
476 1201 37 18 äro
529 1199 71 26 villiga
615 1201 32 17 att
662 1200 127 25 gvarstanna
805 1198 30 21 för
851 1198 144 21 slutförandet

176 1229 22 21 af
212 1228 119 27 påbegynta
346 1227 94 21 arbeten.

244 1285 81 21 Doktor
369 1284 143 26 Hornborg:
536 1283 28 22 Af
573 1283 47 22 mitt
633 1283 126 26 föregående
769 1283 99 26 yttrande
880 1283 55 21 hade
947 1283 49 21 bort

174 1315 88 26 framgå,
278 1315 33 19 att
324 1313 36 26 jag
376 1313 45 21 icke
437 1312 61 27 yrkat
513 1312 27 27 på
556 1312 61 26 något
631 1312 85 27 förbud
727 1312 32 21 för
771 1312 109 22 utskotten
891 1314 31 19 att
935 1312 60 26 dröja

178 1343 38 20 här
231 1343 65 24 några
312 1342 70 25 dagar,
398 1342 6 19 i
420 1341 101 20 händelse
537 1341 60 19 deras
613 1341 86 19 arbeten
715 1340 72 20 skulle
799 1341 75 19 sådant
888 1340 105 25 päfordra.

171 1371 41 24 Jag
226 1370 80 26 yrkade
321 1369 75 20 endast
411 1370 31 19 att
458 1368 35 21 det
507 1369 46 20 icke
569 1368 67 20 skulle
653 1368 90 27 åläggas
758 1368 109 21 utskotten
883 1370 31 19 att
930 1374 61 20 qvar-

173 1400 76 19 stanna
263 1398 39 20 här
318 1397 67 21 under
400 1397 40 20 den
456 1396 30 21 tid
501 1396 127 25 landtdagen
643 1396 47 21 icke
706 1398 23 18 är
745 1396 87 21 samlad.

238 1455 76 21 Pastor
329 1454 91 27 Lyra:
443 1453 40 27 Jag
498 1453 62 27 hyser
576 1453 169 26 betänkligheter
761 1454 47 21 med
823 1453 98 22 afseende
934 1453 58 27 derå,

170 1486 32 20 att
224 1484 65 26 några
304 1484 82 20 utskott
401 1482 68 21 skulle
484 1485 128 24 qvarstanna
627 1482 39 21 och
681 1482 74 21 arbeta
771 1482 38 21 här
824 1482 56 21 efter
897 1482 96 22 ständer-

173 1519 38 16 nas
232 1512 132 27 åtskiljande.
394 1511 49 21 Man
459 1511 37 22 har
513 1512 52 25 sagt,
582 1513 31 19 att
629 1511 128 26 landtdagen
774 1511 120 26 derigenom
910 1512 83 21 komme
