1092 1828
343 132 158 18 Presteståndet
515 134 53 17 1877.
593 135 7 15 1
613 134 47 21 maj.
840 128 40 22 635

92 202 51 19 utan
166 201 69 26 någon
257 202 115 20 nämnvärd
395 202 124 22 subvention
535 203 22 21 af
570 203 106 21 allmänna
690 203 74 21 medel.
795 204 41 20 Det
851 210 37 14 var
903 204 6 20 i

92 229 76 21 sådant
190 229 53 27 syfte
256 230 35 26 jag
307 230 53 21 hade
376 232 51 19 äran
442 234 77 18 nämna
534 233 32 19 att
581 234 14 19 t.
612 238 30 14 ex.
661 232 3 20 i
680 232 96 26 England
792 232 118 21 erfarenhe-

92 259 36 19 ten
143 257 78 26 visade,
237 260 31 19 att
283 258 193 22 referentväsendet
491 259 32 21 för
538 260 25 21 de
579 263 57 18 stora
651 260 134 26 tidningarna
800 260 73 21 vunnit
884 266 26 15 en

92 285 23 21 så
130 286 165 26 utomordentlig
310 286 125 27 utveckling,
451 290 32 18 att
497 288 140 26 parlamentet
652 288 45 21 icke
708 294 60 15 anser
780 288 30 26 sig
821 288 89 22 behöfva

92 314 88 21 bekosta
202 314 141 27 uppsättande
366 314 22 22 af
403 315 242 28 diskussionsprotokoll,
661 319 55 19 ännu
731 317 81 21 mindre
824 316 86 22 vidkän-

92 348 37 16 nas
152 343 69 26 någon
244 343 91 22 kostnad
354 343 32 21 för
401 344 110 27 tryckning
525 345 22 21 af
561 345 190 26 förhandlingarna,
768 345 88 21 emedan
872 345 39 21 allt

92 371 75 22 sådant
189 371 72 22 skötes
283 372 22 21 af
325 378 92 21 pressen,
437 379 45 15 som
498 374 71 21 dervid
584 373 67 22 finner
666 374 32 21 sin
713 374 119 27 uträkning.
862 374 49 21 Men

91 399 102 22 förutsatt
215 403 32 18 att
261 401 7 20 i
284 401 46 22 vårt
345 401 55 26 land,
417 407 44 16 som
476 402 7 21 i
499 402 57 22 detta
572 402 96 22 afseende
683 403 75 21 liksom
774 403 6 21 i
796 403 23 21 så
835 403 76 25 många

92 429 66 21 andra
183 429 140 27 hänseenden,
339 430 44 21 står
398 431 65 26 något
477 431 58 22 sekel
551 431 52 22 efter
618 431 102 27 England,
736 438 26 15 en
778 431 64 22 sådan
858 431 53 22 affär

92 457 46 22 icke
160 457 68 23 skulle
250 459 51 21 bära
317 459 36 27 sig,
369 460 108 27 påpekade
489 460 36 27 jag
540 461 48 21 med
604 462 30 19 ett
650 461 99 26 exempel,
765 459 83 23 anfördt
864 461 46 20 från

92 486 123 28 Frankrike,
238 487 85 22 hvarest
345 488 253 28 nationalförsamlingens
619 489 159 27 förhandlingar
801 489 109 22 efterhand

93 515 156 28 offentliggöras
271 517 5 20 i
297 517 88 21 Journal
408 517 81 25 officiel,
511 520 30 19 att
560 519 7 20 i
582 518 47 21 vårt
644 518 49 21 land
708 517 112 22 förefinnas
835 521 77 18 tvenne

93 544 47 21 med
164 545 127 27 statsanslag
315 545 188 22 subventionerade
529 547 111 26 tidningar,
662 547 78 24 hvilka,
763 547 90 21 förutom
874 546 36 21 det

92 572 66 27 årliga
173 573 108 26 subsidiet,
296 573 32 22 för
343 575 130 20 närvarande
489 575 81 27 åtnjuta
586 577 30 20 ett
634 576 73 26 anslag
722 575 22 21 af
759 576 76 25 10,000
851 575 59 21 mark

93 601 75 22 enkom
185 601 32 22 för
232 602 137 21 meddelande
385 602 20 21 af
419 603 219 27 landtdagsreferater.
664 603 44 26 Mig
718 606 76 25 syntes,
806 606 32 19 att
848 606 62 19 stats-

92 630 105 21 utskottet
220 631 47 21 med
289 631 119 21 kännedom
431 631 22 21 af
467 631 58 22 detta
539 632 130 21 förhållande
685 633 81 20 kunnat
781 632 62 21 ställa
858 633 31 26 sig
906 632 6 20 i

92 659 169 27 underhandling
276 659 49 22 med
340 659 46 22 dem
403 660 21 21 af
438 662 79 20 statens
528 661 150 26 funktionärer,
689 667 45 15 som
746 663 93 19 närmast
849 661 63 20 hafva

93 687 6 21 i
120 687 95 28 uppdrag
235 691 32 18 att
282 688 118 27 handlägga
415 689 98 26 ärenden,
529 696 45 15 som
589 691 48 20 röra
653 690 25 21 de
693 689 89 22 officiela
797 689 115 26 tidningar-

92 722 38 15 nas
145 717 98 21 ekonomi
259 717 38 21 och
313 717 47 21 med
375 717 84 27 ledning
472 718 61 22 deraf
541 718 62 22 träffa
614 718 226 21 öfverenskommelse
832 713 12 36 i
853 720 59 18 ären-

94 744 41 22 det.
165 745 74 21 Redan
255 746 33 20 vid
305 746 66 21 denne
387 745 106 28 landtdag,
510 747 99 21 förutsatt
624 749 31 19 att
670 747 41 26 god
726 747 48 27 vilja
790 747 38 21 och
845 748 66 19 ömse-

93 774 63 27 sidigt
172 774 181 27 tillmötesgående
367 774 54 22 hade
436 775 130 25 förefunnits,
582 776 74 20 trodde
669 776 42 25 jag,
727 778 32 19 att
774 776 46 20 icke
830 776 24 20 så
865 775 47 21 litet

94 802 53 21 bade
170 802 81 22 kunnat
268 805 62 24 göras
345 803 5 20 i
364 803 59 21 detta
437 803 60 27 syfte,
513 804 110 27 nämligen,
640 807 31 18 att
685 804 83 26 referat,
783 804 129 21 åtminstone

93 831 7 20 i
116 831 153 28 sammandrag,
285 833 69 20 såsom
370 831 78 27 bihang
463 833 31 20 till
511 833 25 20 de
552 832 87 21 officiela
650 833 132 26 tidningarna
795 832 53 21 hade
859 832 53 20 kun-

93 862 37 19 nat
153 859 99 26 erhållas;
274 866 47 15 men
345 861 26 20 då
394 861 57 20 tiden
473 861 32 21 för
520 861 127 26 landtdagen
662 861 64 21 redan
742 861 130 21 framskridit
888 861 24 20 så

93 888 64 27 långt,
172 890 33 19 att
220 891 31 18 ett
265 889 50 21 slikt
330 892 148 23 arrangement
493 895 86 15 numera
595 889 108 26 rimligtvis
718 889 46 22 icke
780 890 40 20 kan
836 889 76 26 ifråga-

93 917 90 26 komma,
200 920 50 18 utan
267 917 81 22 derföre
363 917 32 21 för
411 918 66 21 denne
493 918 99 27 landtdag
608 919 67 20 måste
684 917 88 25 förfalla,
783 919 68 20 såsom
863 923 49 21 pro-

93 945 67 22 fessor
185 945 62 22 Cleve
271 946 65 21 redan
358 947 97 26 påpekat,
479 953 59 15 anser
560 947 35 26 jag
618 947 35 20 det
669 947 52 20 dock
736 946 129 24 välbetänkt,
881 947 32 20 att

93 974 85 21 ståndet
193 977 39 23 gör
247 975 158 21 statsutskottet
419 975 159 26 uppmärksamt
593 976 27 26 på
630 977 31 19 ett
671 975 75 21 sådant
759 977 153 24 arrangement,

93 1009 45 15 som
154 1003 6 20 i
175 1003 48 21 mitt
239 1003 59 28 tycke
314 1009 49 16 vore
379 1003 109 27 högeligen
504 1004 164 21 beaktansvärdt
682 1004 32 21 för
725 1006 31 19 att
766 1004 147 21 åstadkomma

93 1031 110 27 tryckning
226 1033 21 20 af
267 1032 100 21 ståndens
390 1033 105 26 protokoll
517 1033 48 21 med
588 1033 75 20 minsta
679 1033 83 26 möjliga
778 1033 95 20 kostnad.
902 1031 11 21 I

93 1060 67 21 likhet
184 1061 47 21 med
254 1060 105 28 professor
383 1061 62 22 Cleve
469 1068 60 15 anser
552 1061 59 22 äfven
631 1062 43 26 jag,
690 1064 32 18 att
737 1061 35 22 det
788 1061 53 21 hade
857 1061 56 20 varit

93 1089 170 21 statsutskottets
285 1090 52 26 pligt
360 1092 31 18 att
413 1089 54 22 fästa
490 1097 57 14 mera
562 1090 97 22 afseende
675 1091 33 19 vid
724 1089 188 27 presteståndets
901 1085 14 36 i

93 1117 74 27 frågan
188 1118 81 21 fattade
291 1118 76 26 beslut,
389 1120 26 19 än
438 1124 44 16 som
497 1124 61 22 synes
574 1118 20 21 af
608 1119 66 25 ifråga
689 1118 91 21 varande
796 1118 114 21 skrifvelse.

93 1146 56 22 Utan
172 1148 32 19 att
227 1149 96 19 närmare
343 1147 48 26 ingå
407 1148 26 26 på
449 1147 93 27 detaljer,
557 1153 61 21 synes
634 1147 35 21 det
684 1147 41 26 mig
740 1148 69 20 såsom
826 1152 34 15 om
876 1146 37 20 det

93 1174 82 21 tillhört
200 1175 98 21 bemälda
322 1176 82 20 utskott
426 1178 31 18 att
479 1178 92 24 upptaga
596 1175 72 27 frågan
682 1176 32 20 till
730 1175 128 26 behandling
873 1174 39 21 och

93 1204 95 26 uppgöra
208 1203 77 27 förslag
301 1204 6 20 i
323 1205 70 20 ämnet
409 1204 62 20 innan
487 1204 155 26 presteståndet
657 1204 67 20 blefve
740 1203 111 21 besväradt
866 1202 48 21 med

93 1232 66 26 några
180 1232 149 26 andraganden
345 1232 6 21 i
367 1232 78 27 frågan.
474 1232 39 27 Jag
529 1232 72 28 tycker
617 1232 87 26 derföre,
720 1234 32 19 att
767 1232 85 21 ståndet
866 1231 47 21 icke

94 1260 38 21 har
146 1261 70 26 någon
232 1260 112 28 anledning
359 1263 32 19 att
405 1261 73 26 frångå
493 1262 38 20 sitt
545 1261 6 21 i
564 1261 64 21 saken
638 1261 80 21 fattade
729 1260 75 22 beslut.
815 1272 23 3 —
852 1260 61 21 Hvad

94 1288 151 22 realiserandet
267 1290 22 20 af
309 1290 95 21 ståndets
420 1293 47 23 eget
483 1290 77 27 förslag
575 1290 6 20 i
596 1290 72 26 frågan
684 1289 100 22 beträffar
799 1295 61 21 synes
876 1289 37 21 det

94 1319 42 25 mig
150 1317 46 22 icke
211 1324 50 15 vara
276 1318 33 21 för
325 1319 82 27 mycket
423 1318 95 27 begärdt,
535 1324 33 16 om
584 1318 158 22 statsutskottet
757 1318 49 21 ville
822 1318 91 26 benäget

94 1346 87 27 vidtaga
197 1347 25 21 de
237 1346 153 22 förberedande
405 1347 104 27 åtgärder,
526 1347 83 21 hvartill
624 1347 72 26 frågan
712 1347 41 21 kan
769 1346 107 22 föranleda
887 1347 27 25 på

95 1375 35 21 det
145 1377 32 19 att
192 1376 127 21 åtminstone
335 1376 34 21 vid
384 1376 173 21 nästkommande
572 1376 100 26 landtdag
686 1376 100 21 ståndens
806 1374 108 28 protokoll

94 1403 68 21 blefve
178 1404 111 21 efterhand
305 1404 167 27 offentliggjorda
487 1404 98 26 antingen
601 1405 6 19 i
618 1410 26 15 en
654 1404 99 21 särskildt
763 1403 151 21 utkommande

95 1431 194 28 landtdagstidning
309 1433 51 21 eller
374 1434 69 20 såsom
460 1432 76 27 bihang
552 1432 31 22 till
599 1432 82 22 landets
696 1432 89 21 officiela
800 1432 113 24 tidningar,

96 1460 39 20 och
157 1462 32 18 att
211 1461 84 19 ståndet
316 1460 53 20 först
391 1462 26 18 då
433 1460 47 20 ville
496 1461 67 19 uttala
578 1461 30 25 sig
624 1467 34 13 om
673 1460 157 25 anslagsfrågan
845 1460 68 20 sedan

96 1489 31 19 ett
149 1487 126 21 motiveradt
290 1487 79 27 förslag
383 1488 6 20 i
405 1488 36 20 det
455 1488 60 25 syfte,
531 1488 154 26 presteståndet
700 1487 92 23 beslutit,
810 1486 66 22 blifvit
892 1485 22 22 af

96 1515 159 22 statsutskottet
277 1515 110 27 förelagdt.
417 1515 49 21 Med
489 1516 40 20 den
551 1516 124 25 kännedom,
696 1521 44 15 som
768 1515 60 21 äfven
852 1516 63 20 stats-
