1095 1817
223 117 54 21 1014
449 119 162 18 Presteståndet
622 120 54 17 1877.
701 120 26 16 28
739 119 47 21 maj.

194 190 82 22 således
291 189 75 22 Gustaf
380 190 10 21 I
405 189 66 21 under
485 188 34 22 sin
534 188 96 28 regering
646 188 81 27 antagit
743 188 164 27 penningeränta
923 187 7 21 i
945 186 72 22 stället

194 220 33 20 för
242 220 124 24 smörränta,
383 218 23 22 så
422 217 72 26 skulle,
511 217 26 22 då
550 216 208 27 medelmarkegångs
769 217 65 27 priset
844 216 32 21 för
886 216 130 22 närvarande

196 248 27 28 på
244 249 56 20 smör
314 247 39 22 L&
369 249 23 19 är
409 247 25 20 13
450 246 59 21 mark
525 247 27 21 59
567 245 73 28 penni;
657 245 80 22 kronan
752 246 27 27 på
794 245 71 27 hvarje
880 244 40 22 LZ
935 244 81 22 kronan

196 276 89 28 uppbär,
301 278 51 25 göra
367 282 25 15 en
408 275 75 21 förlust
498 276 27 26 på
540 275 29 21 tio
585 274 66 22 mark.
681 274 85 22 Samma
784 276 24 19 är
818 274 141 21 förhållandet
969 274 47 22 med

197 306 128 27 spanmålen.
341 305 31 21 På
390 304 115 22 1680-talet
520 304 69 27 ingick
605 303 50 22 Karl
673 303 30 22 XI
711 310 26 15 en
749 303 210 22 öfverenskommelse
968 303 48 21 med

197 334 105 27 åtskilliga
324 334 120 21 landsorter
466 339 33 15 om
523 332 165 22 kronotiondens
710 332 59 22 lösen
792 332 23 22 sä
835 332 7 21 i
857 332 42 21 ond
914 338 44 15 som
974 332 42 27 god

197 364 37 23 tid,
249 364 37 26 råg
302 362 38 22 och
355 363 53 21 korn
425 361 138 22 öfverhufvud
579 361 31 22 till
625 368 26 14 en
666 361 104 22 riksdaler
787 362 25 20 16
828 360 95 27 schilling
938 361 77 24 silfver,

197 392 146 22 motsvarande
358 392 13 21 5
387 392 79 20 kronor
481 391 26 21 33
523 393 43 23 öre,
582 390 51 22 eller
648 390 6 21 i
669 390 64 22 finskt
749 392 57 26 mynt
818 391 10 20 7
840 390 60 21 mark
916 392 27 19 50
954 390 62 27 penni

197 420 32 22 för
244 423 85 19 tunnan.
360 420 34 21 Nu
409 420 39 21 har
463 419 207 27 medelmarkegängs
686 420 65 26 priset
765 419 27 27 pä
807 418 95 28 spanmäl
912 419 68 21 under
991 419 24 21 de

198 452 83 19 senaste
305 449 83 22 tiderna
410 448 80 28 utgjort
513 449 25 21 21
555 448 59 22 mark
630 448 12 20 6
658 448 69 26 penni.
759 448 83 22 Statens
858 447 76 22 förlust
949 447 66 22 skulle

198 478 87 27 säledes,
307 484 33 15 om
356 477 52 22 Karl
422 477 32 22 XI
468 477 86 22 afslutat
569 477 31 21 sin
616 476 212 22 öfverenskommelse
844 476 48 21 med
907 476 47 22 hela
969 476 48 22 Fin-

198 507 56 25 land,
269 508 55 20 varit
339 508 27 26 pä
380 506 72 28 hvarje
469 508 65 20 tunna
550 505 57 22 öfver
624 506 55 28 13'/,
694 506 67 21 mark.
786 505 69 23 Sådan
867 505 152 27 förminskning

198 536 85 22 komma
298 538 80 20 statens
394 535 116 22 inkomster
525 537 32 19 att
571 534 49 28 lida,
636 535 17 27 ej
671 536 35 20 det
721 535 72 25 första,
810 534 18 27 ej
842 534 36 22 det
888 535 66 21 andra
965 534 52 27 året,

198 572 48 15 men
268 566 66 20 under
356 565 94 21 tidernas
469 564 56 28 lopp,
542 564 27 22 dä
584 570 47 15 man
647 564 120 22 förvandlar
783 564 25 22 de
824 563 110 22 bestämda
948 565 70 20 ränte-

198 594 134 27 persedlarne
354 594 32 21 till
402 595 32 20 ett
449 593 37 21 fixt
502 592 189 28 penningebelopp.
722 594 64 20 Detta
802 592 102 22 erkännes
920 593 63 21 ocksä
998 592 22 22 af

199 624 26 20 de
247 625 76 19 tvenne
345 622 117 22 ledamöter
477 622 5 21 i
505 622 112 27 kejserliga
635 624 93 24 senaten,
745 622 71 20 hvilka
831 622 54 21 varit
899 621 120 27 skiljaktiga

198 652 46 21 frän
267 651 145 27 pluralitetens
434 651 83 27 förslag.
549 651 72 21 Säsom
645 652 27 26 pä
695 650 76 28 pagina
791 652 11 20 5
819 650 21 22 af
854 650 165 22 utskottsbetän-

199 680 79 22 kandet
299 686 67 22 synes,
388 681 64 25 ansäg
467 680 31 26 sig
514 680 39 21 den
570 686 37 15 ene
623 679 20 22 af
658 680 60 21 desse
734 679 52 21 böra
801 679 71 22 vidare
887 679 77 22 föreslä
980 680 38 25 att,

199 710 26 26 pä
250 709 35 21 det
307 709 139 21 statsverkets
466 709 115 21 inkomster
597 709 16 26 ej
631 710 65 20 mätte
711 714 75 21 genom
802 708 160 27 ifrägavarande
978 708 40 22 för-

199 738 89 26 ändring
303 738 6 20 i
325 744 25 15 en
366 738 38 21 allt
419 738 33 20 för
466 738 81 20 känbar
562 739 51 25 grad
624 737 97 27 minskas,
734 738 39 20 den
784 736 111 22 faststälda
906 737 113 27 penninge-

199 769 75 19 räntan
298 766 65 22 borde
387 766 61 22 hvart
469 767 72 20 tionde
563 767 24 21 är
606 767 47 21 med
668 767 35 20 tvä
719 768 87 25 procent
821 766 98 27 förhöjas,
935 766 84 21 hvilken

200 796 118 26 förhöjning
339 796 42 21 han
406 796 53 21 dock
478 795 47 27 sjelf
539 795 103 22 erkänner
657 797 24 19 är
696 795 32 21 för
744 795 56 27 liten,
816 797 51 19 enär
882 795 115 27 ,,förlusten
1012 795 7 21 i

202 825 138 21 statsverkets
362 824 116 22 inkomster
500 824 34 21 väl
550 824 46 22 icke
611 824 61 22 torde
687 830 76 20 genom
779 830 24 16 en
820 824 66 21 sädan
901 824 118 27 förhöjning

201 853 62 21 blifva
279 853 46 22 fullt
340 854 86 21 ersatt".
444 866 24 2 —
485 853 48 22 Med
549 854 20 21 få
582 853 49 22 ord:
646 853 41 27 Jag
701 852 33 22 för
749 853 42 21 min
803 853 33 21 del
846 852 123 28 godkänner
979 853 40 22 den

200 882 111 27 kejserliga
334 882 163 27 propositionen,
520 883 87 21 emedan
623 882 68 22 denna
707 882 108 22 utmärker
830 882 32 27 sig
876 881 86 22 framför
978 882 41 22 alla

201 911 66 26 öfriga
289 911 84 27 förslag,
394 917 45 15 som
463 911 56 21 förut
541 911 61 21 hafva
616 910 67 22 blifvit
698 910 81 27 gjorda,
794 917 76 20 genom
886 912 31 20 ett
932 910 87 22 klokare

201 939 39 21 och
262 940 122 27 lämpligare
408 939 33 21 val
464 939 21 21 af
506 940 25 21 de
554 939 113 27 persedlar,
686 946 45 14 som
746 939 60 21 skola
822 939 5 21 i
844 939 175 27 undervisningen

200 968 49 26 ingå
271 970 54 20 samt
348 975 26 14 en
389 968 98 26 rikligare
503 968 121 28 proportion
641 968 88 21 emellan
746 968 25 21 de
786 968 20 21 in
823 970 77 19 natura
916 968 103 26 utgående

200 997 138 27 persedlarne
353 996 39 22 och
408 997 25 21 de
449 997 31 20 till
495 998 116 26 penningar
625 996 143 22 förvandlade.
794 996 42 22 Vill
846 1003 48 15 man
906 996 53 22 dock
970 1003 50 15 vara

199 1026 95 27 försigtig
316 1026 39 21 och
378 1025 81 28 skydda
481 1027 31 25 sig
532 1028 44 20 mot
591 1025 166 27 eventualiteter,
774 1025 70 21 hvilka
860 1026 159 21 eventualiteter

199 1054 39 22 här
253 1056 67 20 skulle
336 1055 60 21 bestå
412 1054 5 21 i
434 1060 25 15 en
474 1054 195 28 skatteförhöjning,
686 1055 33 21 må
735 1054 36 22 det
785 1054 103 22 förbehåll
903 1056 68 24 göras,
987 1056 33 20 att

200 1083 39 21 den
255 1090 28 14 nu
298 1083 118 27 föreslagna
432 1082 141 27 beräkningen
590 1085 86 25 antages
692 1083 74 21 endast
781 1084 27 26 på
824 1089 25 15 en
864 1082 48 26 viss,
924 1083 96 21 bestämd

200 1112 37 26 tid,
260 1114 14 19 t.
294 1118 31 16 ex.
342 1113 27 20 25
386 1112 28 26 år,
431 1111 55 22 inom
499 1112 83 21 hvilken
599 1112 29 21 tid
644 1112 124 26 regeringen
784 1111 66 22 skulle
866 1112 107 21 inkomma
988 1112 33 21 till

200 1141 114 21 ständerna
333 1141 43 21 med
391 1142 53 26 nytt
459 1140 76 28 förslag
551 1141 6 21 i
573 1142 75 20 ämnet.
679 1140 40 26 Jag
733 1140 89 22 föreslår
836 1140 82 22 således
934 1143 31 19 att
981 1141 40 21 den

200 1169 111 27 kejserliga
333 1169 156 27 propositionen
512 1172 92 25 antages,
627 1175 47 16 men
689 1172 38 24 att,
743 1176 34 14 om
792 1170 70 26 någon
878 1169 143 27 betänklighet

201 1198 71 21 dervid
288 1198 68 22 skulle
372 1198 61 27 hysas
449 1200 43 20 mot
508 1198 126 26 densamma,
651 1198 47 22 dess
714 1198 118 26 antagande
848 1198 68 22 skulle
931 1198 90 22 bestäm-

201 1233 44 15 mas
261 1226 75 22 endast
350 1226 32 22 för
398 1232 24 16 en
439 1227 40 21 viss
494 1227 121 27 tidsperiod,
630 1229 14 18 t.
661 1233 31 15 ex.
708 1227 27 21 25
751 1227 29 21 år.

269 1284 142 26 Domprosten
432 1284 91 26 Borg:
545 1284 41 26 Jag
601 1283 31 21 för
648 1284 42 20 min
707 1284 34 20 del
756 1290 62 14 anser
833 1283 42 28 mig
890 1284 6 20 i
912 1284 41 20 allo
970 1284 51 20 böra

201 1312 73 22 förena
297 1312 41 26 mig
358 1313 47 21 med
428 1315 85 24 prosten
535 1312 58 27 Hjelt
616 1313 51 25 deri,
683 1314 32 19 att
730 1312 107 26 tillstyrka
852 1313 169 26 propositionens

202 1341 124 26 antagande.
356 1341 41 26 Jag
419 1341 72 25 finner,
514 1342 89 20 likasom
625 1342 87 25 prosten
736 1341 64 26 Hjelt,
816 1341 116 21 utskottets
947 1341 74 21 betän-

202 1369 68 20 kande
286 1375 50 15 vara
352 1370 31 20 ett
398 1369 104 20 våldsamt
517 1369 90 20 slitande
623 1369 22 21 af
660 1369 68 20 denna
740 1369 68 25 fråga.
838 1370 90 20 Komma
943 1370 20 19 vi
975 1370 47 20 der-

202 1396 48 26 hän,
266 1398 32 19 att
315 1396 42 21 fixa
372 1396 181 27 penningebelopp
569 1397 58 21 skola
643 1399 77 24 utgöra
735 1397 47 20 hela
798 1396 38 22 vår
851 1397 171 27 undervisnings-

200 1425 69 27 grund
294 1425 130 21 beträffande
443 1425 206 27 jordeboksskatten,
673 1425 84 21 befarar
779 1425 41 27 jag,
844 1427 32 20 att
896 1426 20 21 vi
932 1426 19 26 ej
967 1426 55 20 finna

201 1454 69 27 någon
286 1454 63 22 säker
363 1454 68 27 grund
447 1454 32 21 för
494 1455 129 26 utgörandet
638 1454 21 21 af
675 1454 68 22 denna
759 1454 63 22 skatt.
839 1454 39 22 Om
889 1455 69 26 någon
972 1461 51 15 vara

202 1484 63 20 söker
284 1485 67 25 vägen
375 1483 32 21 till
429 1484 96 26 Europas
547 1484 109 25 marknad,
680 1485 24 19 är
727 1484 36 20 det
783 1484 125 27 penningen,
923 1484 98 22 hvarföre

202 1512 166 27 anmärkningen
391 1514 44 20 mot
457 1514 80 20 smöret
557 1513 68 21 såsom
649 1519 26 15 en
691 1512 22 22 af
727 1513 25 21 de
768 1513 115 27 persedlar,
899 1519 45 16 som
959 1513 7 21 i
983 1514 39 22 den
