1089 1803
326 122 159 17 Presteståndet
497 123 54 16 1877.
575 123 25 16 25
613 123 44 20 maj.
837 117 42 21 953

92 191 31 20 att
138 190 63 21 vinna
216 190 6 21 i
238 190 38 24 tid,
292 197 48 14 men
354 190 56 21 hvad
426 191 40 21 den
481 191 83 21 komme
580 193 32 19 att
627 192 62 20 vinna
705 192 50 23 deri,
771 194 44 18 tror
824 191 36 27 jag
871 192 40 20 den

92 219 96 20 kommer
202 220 32 19 att
250 218 79 21 förlora
344 219 6 20 i
366 219 44 26 sak,
426 222 28 23 ty,
471 219 26 21 då
513 221 35 19 det
564 219 61 21 beror
639 220 28 26 på
681 221 121 20 utskottens
813 220 99 20 medlem-

92 253 45 14 mar
153 248 31 19 att
200 249 75 18 stanna
291 253 51 20 qvar
358 247 51 21 eller
424 254 47 14 resa
486 248 54 23 hem,
551 248 56 26 välja
624 248 25 21 de
660 249 119 28 antagligen
791 249 35 19 det
838 254 74 15 senare

93 275 39 20 och
148 275 62 20 beror
225 275 36 20 det
277 275 82 21 således
375 275 21 20 af
406 281 25 15 en
444 275 128 26 tillfällighet
585 276 110 20 hurudana
705 277 120 20 utskottens
838 276 74 20 betän-

92 303 84 21 kanden
191 303 49 20 med
256 303 40 21 den
311 309 41 20 nya
367 303 179 26 rolbesättningen
562 304 83 21 komme
661 306 32 18 att
708 304 69 21 blifva.
809 305 41 20 Det
862 310 50 14 vore

94 331 70 21 derför
179 331 36 20 det
230 331 138 26 naturligaste
384 332 38 21 och
438 332 101 24 enklaste,
554 334 33 19 att
602 332 27 21 då
644 333 127 26 landtdagen
788 333 66 20 slutar
867 332 45 21 sina

93 360 94 25 arbeten,
204 359 59 21 äfven
280 360 109 21 utskotten
405 360 67 21 skulle
488 362 52 24 göra
555 361 40 21 det.

163 417 143 26 Domprosten
330 417 90 27 Borg:
453 418 41 20 Det
515 417 39 21 har
576 418 46 20 icke
644 417 55 21 varit
721 418 60 26 fråga
800 424 32 15 om
849 418 65 26 något

94 446 100 24 börande,
210 447 51 19 utan
278 446 74 21 endast
367 452 33 15 om
417 452 24 15 en
458 446 98 21 tillåtelse
571 446 33 22 för
615 446 108 21 utskotten
734 449 32 18 att
779 448 133 24 gvarstanna,

94 481 33 15 om
151 475 25 21 de
192 474 76 22 sådant
283 474 73 21 önska.
385 474 39 26 Jag
440 475 71 27 tycker
527 475 78 25 derför,
621 477 38 25 att,
674 476 39 20 när
728 478 30 19 ett
774 476 82 20 utskott
871 475 41 21 för-

93 502 73 22 klarar
182 504 31 26 sig
228 503 32 21 för
276 502 128 22 slutförande
421 504 22 20 af
457 506 29 18 ett
503 504 72 20 arbete
592 504 65 20 önska
673 506 134 27 qvarstanna,
823 504 39 21 bör
878 504 36 20 det

94 538 50 16 vara
160 538 46 20 nog,
222 533 32 19 att
270 532 35 21 det
320 532 49 20 sker
384 532 47 21 med
447 532 124 22 ständernas
586 532 132 26 begifvande.
736 536 1 3 '

163 588 70 22 Sedan
256 589 145 21 diskussionen
424 588 113 27 afstannat,
553 589 69 21 beslöt
637 589 90 26 ständet,
745 591 31 19 att
789 589 125 27 justerings-

96 618 38 21 och
155 617 241 27 expeditionsutskotten
412 618 68 21 skulle
495 620 128 24 gvarstanna
639 618 52 20 efter
707 618 41 20 den
763 618 52 20 sista
830 618 41 26 maj
882 619 33 20 för

97 646 162 27 expedierandet
282 646 22 21 af
318 646 26 22 de
359 646 99 26 ärenden,
474 653 44 15 som
535 647 52 21 efter
603 647 68 20 denna
686 646 32 21 tid
732 646 67 22 finnas
815 646 47 21 fullt
879 647 35 21 be-

95 675 65 21 redda
176 675 39 21 och
230 677 32 19 att
278 676 25 20 de
319 675 142 27 berättigades
478 678 31 18 att
524 676 7 20 i
547 675 71 27 frägor
633 676 37 20 der
686 676 25 20 de
727 675 68 28 skilda
814 676 99 20 ständens

95 704 70 21 beslut
180 704 46 20 icke
241 704 48 20 med
305 704 101 26 tillbörlig
421 704 84 21 klarhet
519 704 123 26 framginge,
655 706 130 23 gemensamt
800 704 47 21 med
856 706 58 19 stän-

96 733 75 20 dernas
194 734 42 19 rätt
259 732 90 26 besluta,
365 735 55 18 samt
436 734 38 23 att,
490 733 71 20 derest
575 735 32 18 ett
623 732 50 21 eller
689 734 64 19 annat
768 733 23 20 af
805 733 25 21 de
846 733 68 26 öfriga

96 761 110 21 utskotten
227 761 32 21 för
274 761 132 21 slutförande
422 761 20 21 af
452 761 65 26 nägot
529 761 66 21 under
606 761 113 26 beredning
732 762 91 27 varande
836 763 78 20 ärende

96 789 93 22 önskade
215 790 39 21 och
268 790 50 21 fann
341 790 72 26 nödigt
435 792 31 18 att
489 790 67 26 nägon
579 790 86 21 kortare
681 790 30 20 tid
727 792 145 25 gvarstannar,
889 791 25 20 de

96 819 53 20 efter
164 818 72 21 derom
252 819 59 26 gjord
328 818 96 21 anmälan
440 825 49 14 vore
500 819 69 20 dertill
581 819 138 26 berättigade,
729 819 116 26 hvarjemte
856 819 58 20 med-

96 847 88 21 lemmar
199 847 22 21 af
236 847 60 21 dessa
312 849 88 23 utskott,
417 847 24 21 sä
455 847 44 20 vidt
515 847 26 21 de
556 847 99 21 tillhörde
670 847 162 28 presteständet,
846 847 67 21 skulle

96 876 80 21 erhålla
197 875 79 22 arvode
298 876 33 20 för
346 875 40 22 den
402 876 30 20 tid
451 876 25 20 de
491 877 6 19 i
513 875 75 22 sådant
604 875 97 21 afseende
717 876 54 20 efter
786 875 128 27 landtdagen

97 905 160 25 gvarstannade.

164 961 93 22 Hvarom
282 962 156 21 underrättelse
463 961 6 21 i
494 961 195 27 protokollsutdrag
714 961 67 22 skulle
807 961 108 22 meddelas

97 989 58 22 såväl
168 990 124 27 justerings-
307 990 39 21 och
362 991 240 25 expeditionsutskotten
618 997 43 14 som
679 990 143 21 medständen.

743 1024 1 13 |

165 1134 59 20 Efter
240 1133 72 21 derom
327 1133 61 27 gjord
404 1132 98 22 anhällan
518 1133 78 21 erhölls
613 1133 60 21 ordet
689 1132 22 21 af
724 1133 106 27 professor
846 1134 68 20 Ehr-

97 1163 107 25 ström,
227 1168 45 14 som
287 1162 95 26 yttrade:

165 1218 41 21 Det
222 1220 23 18 är
260 1219 40 25 väl,
316 1218 69 21 säsom
401 1218 35 21 det
452 1218 59 21 torde
527 1224 50 15 vara
592 1218 33 21 för
640 1218 35 20 det
691 1218 128 26 högvördiga
830 1218 85 20 ständet

97 1246 84 28 bekant,
192 1247 59 21 fallet
261 1249 32 19 att
303 1246 238 27 expeditionsutskottet
553 1246 38 22 har
602 1246 55 21 inom
669 1246 156 27 presteständet
838 1248 76 19 tvänne

97 1276 143 26 suppleanter,
263 1282 46 14 men
332 1275 23 21 af
376 1276 59 20 desse
457 1277 23 18 är
496 1275 39 21 den
551 1282 39 14 ena
606 1274 71 22 bosatt
691 1276 6 20 i
713 1275 102 21 närheten
831 1275 22 21 af
868 1270 46 26 Åbo

98 1304 39 21 och
158 1304 39 20 den
221 1304 64 21 andre
307 1304 46 21 icke
375 1304 66 20 heller
463 1304 7 20 i
489 1304 69 20 denna
573 1303 53 21 stad.
656 1304 35 20 Nu
706 1304 23 20 är
743 1303 36 27 jag
793 1303 121 27 visserligen

98 1332 123 26 öfvertygad
237 1338 33 15 om
286 1335 32 19 att
334 1332 248 27 expeditionsutskottets
598 1332 136 21 medlemmar
748 1332 62 21 skola
824 1332 91 27 fullgöra

97 1362 46 20 sina
165 1361 124 27 åligganden
312 1362 33 20 för
370 1362 32 20 att
416 1360 47 22 icke
478 1361 88 21 besvära
581 1361 168 26 suppleanterne|
761 1361 90 24 dermed,
868 1367 46 14 men

98 1390 27 21 då
147 1390 35 20 det
205 1389 70 21 kunde
298 1389 76 26 hända,
398 1392 32 18 att
452 1390 68 25 någon
542 1389 68 21 skulle
627 1388 89 21 behöfva
731 1383 69 32 någon
815 1388 99 27 ledighet,

97 1424 50 16 vare
169 1418 31 25 sig
222 1418 32 21 för
277 1418 69 25 någon
368 1418 116 25 angelägen
507 1424 47 14 resa
577 1418 51 20 eller
648 1418 98 25 möjligen
762 1417 152 26 sjukdomsfall,

97 1445 68 22 skulle
185 1446 36 26 jag
243 1445 85 26 föreslå,
350 1446 33 19 att
404 1445 94 20 ståndets
514 1445 104 20 elektorer
633 1444 67 21 skulle
715 1444 21 21 få
749 1445 8 25 i
773 1445 95 26 uppdrag
884 1447 31 18 att

97 1476 48 19 utse
160 1480 26 14 en
201 1473 67 26 tredje
284 1473 112 26 suppleant
411 1473 7 20 i
434 1473 241 26 expeditionsutskottet,
687 1473 39 20 och
738 1473 55 20 helst
806 1479 25 14 en
842 1472 72 26 sådan,

98 1509 45 15 som
159 1509 49 14 vore
223 1502 71 21 bosatt
310 1502 38 21 här
363 1502 27 26 på
405 1503 67 20 orten.
