1089 1825
328 121 158 19 Presteståndet
499 123 52 18 1877.
575 124 26 16 24
613 123 47 21 maj.
728 137 1 8 i
836 117 39 21 931

85 192 36 20 att
140 191 104 27 nämligen
266 192 91 27 ,sådana
379 192 99 26 åtgärder
498 192 67 22 blefve
581 192 99 27 vidtagna
693 192 32 22 till!
740 192 116 21 reformens
871 192 35 21 be-

87 219 123 27 främjande,
226 222 32 20 att
274 220 67 22 finska
356 220 96 27 språkets
468 222 43 20 rätt
525 222 34 20 vid
575 222 105 26 utgången
695 221 23 21 af
729 221 58 21 1883
803 220 39 21 kan
856 221 49 21 med

87 248 100 22 säkerhet
209 249 61 21 träda
291 249 6 20 i
319 249 95 34 utöfning
429 250 64 25 enligt
509 237 144 39 ordalydelsen
669 248 22 22 af
707 246 52 24 1863
775 249 34 21 års
824 249 82 21 förord-

87 277 68 26 ning”.
184 277 50 21 Man
250 278 42 21 kan
307 279 56 26 säga,
379 281 31 18 att
426 266 59 33 detta
499 279 41 20 kan
556 279 61 26 ligga,
633 284 34 15 om
682 284 49 15 man
747 277 23 22 så
785 277 42 26 vill,
844 277 62 21 äfven

86 306 8 20 i
116 307 54 20 1865
193 306 33 21 års
242 306 128 27 förordning,
393 312 45 15 som
459 308 66 25 säger,
541 295 42 32 att
586 295 73 32 vidare
674 306 99 27 åtgärder
788 294 60 33 skola
863 306 43 20 vid-

85 336 63 25 tagas
163 347 27 3 —
206 334 39 22 och
263 335 98 21 hvarföre
376 335 19 26 ej
411 335 126 21 åtminstone
553 335 66 21 delvis
635 335 24 20 de
675 335 105 26 åtgärder,
797 341 44 14 som
857 334 49 21 herr

85 363 121 27 Chydenius
227 363 39 21 har
280 363 115 27 föreslagit.
425 363 49 22 Men
490 364 27 21 då
529 364 36 27 jag
580 363 89 22 sålunda
684 363 18 26 ej
719 366 44 18 tror
779 364 41 26 mig
835 363 72 21 kunna

86 392 86 21 förorda
194 392 50 21 herr
258 392 101 27 Chydenii
375 392 85 27 förslag,
476 399 47 15 men
539 393 12 20 å
567 393 66 20 andra
648 392 59 21 sidan
723 392 81 26 tvekar,
820 398 33 15 om
869 391 37 22 der

85 421 48 21 icke
155 421 71 22 kunde
248 421 66 21 finnas
335 421 69 27 något,
421 428 44 15 som
481 427 49 16 vore
545 423 32 20 att
592 421 140 26 tillgodogöra
747 421 34 21 för
795 420 112 22 resolutio-

86 456 47 21 nen,
157 449 67 22 skulle
247 450 36 27 jag
306 450 32 21 för
361 450 42 21 min
426 450 33 21 del
475 450 72 27 önska,
562 450 64 21 likväl
641 452 52 19 utan
708 451 32 20 att
755 449 27 27 på
797 450 64 26 något
875 449 32 21 vis

87 478 49 27 vilja
151 478 84 27 afbryta
257 479 151 26 diskussionen,
424 481 38 24 att,
478 479 68 22 såsom
560 479 36 26 jag
611 479 65 21 redan
692 478 97 27 nämnde,
806 479 100 20 beslutets

86 508 8 21 i
108 508 66 21 saken
188 507 94 22 fattande
298 508 69 20 skulle
381 507 125 28 uppskjutas
521 508 32 21 till
569 514 25 15 en
609 513 69 15 annan
692 507 61 27 gång.

155 563 83 22 Doktor
252 564 112 27 Bergh:
381 564 40 27 Jag
436 570 61 15 anser
512 565 42 26 mig
570 564 51 21 böra
637 564 39 21 och
691 564 72 21 kunna
778 564 47 21 med
840 563 67 27 hjert-

86 593 76 27 ligaste
184 593 132 21 tacksamhet
338 593 99 21 betrakta
459 593 68 21 denna
549 593 69 25 stund,
640 591 94 27 likasom)
753 593 65 26 några
840 593 68 21 andra

87 622 87 21 stunder
190 622 66 20 under
272 622 69 21 denna
356 622 107 26 landtdag,
478 622 68 21 såsom
561 622 81 26 verklig
657 622 148 26 högtidsstund
820 622 7 20 i
840 621 67 21 finska

87 650 78 22 folkets
187 650 94 26 historia,
301 651 27 21 då
343 650 25 22 sä
383 651 32 20 väl
430 651 115 26 grundade,
561 650 22 22 sä
599 650 54 21 efter
667 650 68 28 finska
751 650 76 21 folkets
843 650 65 21 behof

87 679 34 21 väl
144 679 86 21 afsedda
252 680 39 20 och
313 680 35 20 väl
370 680 129 21 motiverade
522 680 146 20 betänkanden
691 680 38 20 och
745 679 78 26 förslag
838 679 69 21 skulle

87 708 86 21 komma
189 710 32 18 att
236 708 126 27 framläggas
378 708 54 21 inför
447 708 83 22 landets
538 708 112 28 höglofliga
659 708 91 25 ständer,
760 708 38 21 och
808 708 100 21 särskildt

87 743 29 15 nu
137 737 39 21 har
191 737 100 27 förelagts
306 738 7 20 i
329 738 41 26 dag
385 737 39 21 och
439 737 7 21 i
462 738 68 20 denna
545 738 62 20 stund
623 737 60 21 detta
699 737 134 21 betänkande
850 737 58 21 öfver

87 766 27 21 de
136 766 78 27 vigtiga
232 766 141 27 petitionerna
388 766 107 27 angäende
511 766 67 21 finska
594 766 97 26 spräkets
707 766 137 26 likställighet
859 766 49 20 med

87 796 38 20 det
146 795 90 21 svenska
258 796 56 20 inom
338 796 76 25 landet,
438 796 38 20 och
491 796 62 20 utber
569 796 42 26 mig
626 797 33 19 att
674 796 21 20 fä
711 795 76 26 betyga
802 794 106 21 allmänna

87 824 192 22 besvärsutskottet
294 824 127 21 åtminstone
437 824 42 21 min
493 824 160 27 förbindligaste
669 824 132 21 tacksämhet
816 823 31 22 för
860 823 48 22 dess

87 853 95 26 verkliga
197 859 84 20 omsorg
296 853 6 21 i
318 853 69 21 denna
402 853 78 27 vigtiga
494 853 59 26 fräga
569 853 38 21 och
623 853 36 20 det
674 853 80 25 arbete,
765 853 36 20 det
809 852 39 21 har
856 852 52 21 ned-

87 882 44 27 lagt
147 882 27 26 pä
189 882 32 21 sin
236 881 110 28 grundliga
361 882 132 27 motivering.
514 881 42 22 För
571 883 42 25 mig
627 883 24 19 är
667 881 40 25 det,
724 882 69 21 säsom
801 881 107 27 professor

88 911 102 20 Forsman
213 911 64 21 ocksä
298 911 39 20 har
359 911 105 26 framlagt,
487 911 126 20 framförallt
635 911 158 26 motiveringen,
808 916 44 16 som
869 910 39 21 har

88 940 55 20 varit
157 939 117 27 glädjande.
307 939 61 21 Hvad
388 940 46 20 åter
450 940 141 21 resolutionen
608 939 100 21 beträffar
723 939 38 20 bar
777 939 39 21 den
832 939 76 20 visser-

87 969 56 26 ligen
166 968 143 21 tillfredsstält
331 968 43 27 mig
394 968 114 27 högeligen,
524 968 61 21 äfven
601 968 68 21 såsom
685 967 72 26 sådan,
773 968 41 21 den
829 974 28 14 nu
872 969 36 24 är;

88 1003 48 16 men
151 997 48 22 med
215 997 47 27 nöje
282 997 85 21 förenar
380 997 36 27 jag
432 997 41 27 mig
489 997 52 22 dock
557 997 7 21 i
579 997 106 27 professor
700 997 114 21 Forsmans
829 996 80 27 förslag

89 1026 32 21 till
146 1029 33 19 att
203 1027 69 26 näson
297 1026 171 27 omformulering
491 1027 44 20 deri
559 1027 65 20 mätte
639 1026 72 21 kunna
725 1025 128 22 framställas
870 1026 39 21 och

90 1057 94 25 antagas.
215 1055 49 22 Med
286 1055 107 27 professor
414 1055 101 22 Forsman
531 1055 84 22 förenar
629 1055 36 26 jag
680 1055 41 26 mig
737 1055 67 21 likaså
819 1055 6 20 i
841 1056 33 19 att
889 1055 18 26 ej

89 1084 72 21 kunna
183 1085 48 20 med
252 1084 138 21 misstroende
406 1084 98 21 betrakta
519 1084 49 21 herr
583 1083 125 27 Chydenius”
725 1084 129 21 reservation
870 1083 39 21 och

89 1119 63 15 anser
166 1116 32 18 att
214 1113 61 21 deraf
288 1113 106 26 möjligen,
410 1113 89 21 oaktadt
514 1113 41 21 den
569 1114 7 20 i
592 1113 31 20 sin
639 1112 76 25 helhet,
732 1112 65 26 enligt
813 1113 41 20 min
865 1118 45 15 me-

89 1142 56 26 ning,
167 1141 18 27 ej
207 1142 66 21 borde
295 1145 94 22 antagas,
404 1141 71 21 kunde
491 1142 149 26 tillgodogöras
657 1141 34 21 det
706 1141 148 26 väsentligaste
870 1141 40 20 och

89 1171 113 26 vigtigaste
217 1171 39 20 och
271 1171 122 20 hemställer
408 1170 70 26 också,
495 1171 103 20 huruvida
613 1170 18 26 ej
647 1172 32 19 ett
693 1169 76 28 sådant
785 1169 78 27 förslag
876 1169 32 21 till

89 1199 139 27 formulering
243 1199 66 21 måtte
324 1199 23 21 få
362 1199 128 21 framställas
505 1199 70 27 någon
589 1205 69 15 annan
669 1199 47 27 dag,
729 1200 14 20 t.
755 1205 31 15 ex.
802 1199 3 20 i
815 1204 93 20 morgon.

158 1257 84 21 Doktor
266 1256 190 22 Calamnius:
494 1257 112 21 Allmänna
630 1256 191 21 besvärsutskottet
845 1256 39 20 har
902 1256 8 20 i

91 1285 74 27 frågan
188 1292 34 14 om
245 1285 67 21 finska
334 1286 97 26 språkets
453 1285 78 27 lagliga
552 1285 126 33 rättigheter
693 1282 80 31 afgifvit
789 1286 31 19 ett
835 1284 75 21 betän-

90 1301 76 39 kande,
188 1314 62 21 hvars
273 1314 85 26 inblick,
380 1316 71 18 värme
474 1314 39 21 och
529 1320 48 15 sans
593 1314 35 20 det
643 1315 24 19 är
681 1300 113 42 glädjande
809 1314 31 20 att
856 1313 54 21 kon-

90 1344 87 20 statera.
207 1343 123 21 Detsamma
352 1330 42 33 kan
416 1348 49 15 man
488 1343 17 26 ej
527 1344 50 25 säga
599 1349 33 14 om
648 1343 25 20 de
689 1342 159 26 reservationer,
864 1347 46 15 som

91 1373 37 20 äro
144 1371 97 27 bifogade
256 1371 149 27 betänkandet,
421 1371 39 21 och
470 1372 7 20 i
487 1371 72 22 hvilka
569 1371 116 21 framträda
696 1377 80 15 samma
787 1373 122 24 stamgrupp

90 1400 24 21 af
127 1406 102 21 personer
244 1401 39 20 och
299 1401 83 26 äsigter,
398 1407 45 14 som
459 1400 63 21 också
537 1400 57 21 förut
604 1400 55 21 varit
669 1400 80 26 synliga
759 1399 39 21 och
809 1399 101 26 figurerat

91 1429 7 20 i
121 1429 107 20 allmänna
249 1428 202 22 besvärsutskottets
472 1429 159 20 reservationer.
662 1428 82 27 Ibland
759 1428 67 20 andra
841 1427 69 21 märk-

91 1457 96 25 ligheter,
210 1463 44 14 som
278 1457 130 20 förekomma
431 1457 6 19 i
461 1457 61 20 dessa
537 1457 154 19 reservationer
706 1457 39 24 har
757 1456 37 25 jag
810 1456 42 19 fäst
867 1455 43 26 mig

91 1485 36 20 vid
142 1486 29 19 ett
187 1484 86 27 uttryck
288 1484 6 21 i
310 1485 40 20 den
365 1484 67 21 första
446 1485 163 24 reservationen,
625 1484 38 20 der
679 1484 35 20 det
726 1482 67 27 säges,
805 1485 31 19 att
848 1483 62 20 hvar-

90 1513 42 21 ken
162 1512 238 27 petitionsmemorialen
429 1512 51 21 eller
504 1512 115 21 utskottets
647 1511 133 24 betänkande
804 1511 106 21 innehålla
