1092 1817
229 110 54 21 1110
431 114 160 18 Presteständet
604 116 54 16 1877.
682 116 26 16 30
721 115 47 21 maj.

199 184 75 25 mänga
291 184 55 25 slags
362 184 71 20 skolor
448 183 61 21 skola
524 183 19 21 vi
558 184 98 26 slutligen
672 183 78 21 hafva?
773 183 24 21 Vi
812 184 50 26 vilja
877 183 62 21 hafva
955 183 64 27 högre

200 212 56 21 fasta
278 212 124 25 folkskolor,
425 212 19 20 vi
467 212 61 20 skola
548 212 63 21 hafva
626 212 118 21 smäskolor
759 212 39 20 och
814 213 57 19 ännu
887 212 69 21 dertill
972 212 48 20 reli-

199 240 138 26 gionsskolor.
367 240 30 28 Ty
419 241 36 20 det
477 247 50 15 vore
547 243 32 18 att
594 240 62 20 ställa
672 240 70 21 alltför
759 240 85 26 obilliga
859 240 118 26 fordringar
992 240 27 27 pä

199 269 89 26 kyrkan,
304 269 27 21 dä
346 275 49 15 man
411 269 77 21 önskar
503 269 80 27 kyrkan
600 269 53 21 skall
670 269 69 21 lemna
749 268 22 21 ät
781 270 69 20 staten
865 271 32 18 att
909 269 111 27 uppfostra

199 298 61 20 äfven
280 298 6 20 i
302 298 129 20 kristendom
448 298 35 20 det
499 298 138 26 uppväxande
652 297 84 27 slägtet,
752 297 39 21 och
807 298 36 20 det
858 298 32 20 till
905 298 40 20 den
961 298 58 25 grad,

199 328 32 18 att
246 333 48 14 man
310 326 70 27 yrkar,
396 328 32 19 att
443 326 80 26 kyrkan
536 326 64 21 borde
611 326 69 20 lemna
694 326 54 21 ifrån
760 326 31 26 sig
804 326 31 20 sin
849 326 170 26 öfvervaknings-

198 357 50 23 rätt,
272 355 23 20 sä
316 356 38 24 att,
370 355 68 20 säsom
454 355 107 26 professor
577 355 101 21 Forsman
694 355 56 22 sade,
766 357 74 23 pastor
856 354 45 22 icke
918 361 36 15 ens
969 360 50 15 vore

199 384 138 25 sjelfskrifven
354 383 126 21 ordförande
496 384 8 20 i
514 383 186 21 skoldirektionen.
716 383 83 21 Doktor
809 383 125 21 Nordström
948 389 72 15 menar

198 412 130 25 visserligen,
351 414 32 18 att
399 412 35 20 det
450 414 23 18 är
489 418 25 14 en
530 411 109 27 sjelffallen
655 411 45 25 sak,
712 414 32 18 att
759 411 41 21 han
817 412 24 19 är
857 412 46 24 det;
921 418 48 14 men
985 412 35 20 det

200 442 23 19 är
244 440 106 26 sjelffallet
372 440 23 21 sä
417 440 61 26 länge
502 441 34 21 det
560 442 23 18 är
604 441 6 20 i
627 440 33 26 lag
675 440 24 20 sä
714 440 106 26 stadgadt,
837 440 39 20 och
892 440 23 21 sä
930 440 39 21 bör
984 440 36 21 det

199 476 56 14 vara.
286 469 48 21 Men
351 469 34 21 mä
401 469 60 21 dessa
476 469 118 21 smäskolor
612 469 86 21 tillväxa
713 469 6 20 i
735 468 98 28 behörigt
845 469 64 21 antal.
939 470 42 19 Det
996 471 24 19 är

201 498 62 20 ocksä
286 500 31 18 ett
339 497 23 21 af
383 497 161 25 hufvudskälen,
568 497 98 21 hvarföre
688 497 35 27 jag
739 498 47 20 med
802 498 53 20 ifver
871 498 38 20 har
924 498 96 20 förordat

200 527 69 20 denna
291 526 65 26 högre
379 526 56 21 fasta
457 526 106 22 folkskola
584 526 55 21 bäde
655 526 33 21 för
704 526 47 21 dess
766 532 51 20 egen
835 526 38 20 och
889 526 61 21 dessa
965 526 52 21 smä-

199 556 83 20 skolors
303 555 62 21 skull.
395 555 44 21 Den
460 555 65 26 högre
548 555 118 21 folkskolan
690 555 38 21 och
747 554 121 22 smäskolan
885 555 74 21 arbeta
973 555 47 21 icke

200 586 44 18 mot
266 584 128 24 hvarandra;
417 584 26 20 de
466 584 52 20 böra
541 584 61 21 stöda
624 584 126 25 hvarandra,
773 590 47 14 men
836 585 68 19 staten
921 584 39 20 bör
975 583 45 21 icke

199 612 126 21 underhälla
347 618 58 15 mera
427 614 26 18 än
477 614 31 19 ett
530 613 44 25 slag
596 612 23 20 af
641 612 117 21 folkskolor
778 612 39 20 den
834 612 105 26 egentliga
954 612 66 25 högre

199 640 120 22 folkskolan
334 641 7 21 i
357 641 132 25 kommunen,
506 641 62 21 hvars
584 641 41 20 mål
642 640 38 21 och
696 647 99 20 program
810 641 21 20 vi
846 640 42 21 alla
903 641 76 21 känna.

268 698 141 25 Domprosten
425 698 89 26 Borg:
537 697 33 21 Dä
586 697 145 21 diskussionen
746 697 167 27 uppenbarligen
923 698 55 20 lider
988 698 32 20 till

200 726 65 20 slutet
287 732 50 14 vore
359 727 36 20 det
410 728 57 19 orätt
481 728 33 19 att
529 726 123 26 ytterligare
667 726 96 26 förlänga
779 726 122 20 densamma
917 727 47 20 med
980 732 40 20 nya

200 754 158 27 andraganden.
387 754 41 27 Jag
451 754 91 26 begärde
559 754 60 22 ordet
634 755 183 26 hufvudsakligast
832 755 33 20 för
880 757 32 19 att
927 754 94 22 förklara

201 784 42 25 mig
258 784 75 20 endast
347 784 7 20 i
371 784 63 25 nägra
450 784 97 26 punkter.
578 783 46 21 Den
640 784 52 20 sista
707 783 81 21 talaren
799 784 102 26 slungade
912 786 56 18 emot
979 784 42 26 mig

200 812 64 20 redan
287 812 34 21 vid
344 812 127 26 föregäende
493 812 167 21 sammanträdet
682 812 157 26 beskyllningar
861 818 33 15 om
913 812 108 26 ofördrag-

201 840 88 26 samhet,
306 840 141 22 inhumanitet
463 847 17 14 o.
498 847 15 14 s.
530 847 18 13 v.
579 840 67 22 Dessa
662 841 37 20 ord
715 840 106 22 uttalades
837 841 54 21 bäde
907 841 92 21 indirekt
1014 842 7 20 i

201 869 146 26 andragandet
369 869 32 21 till
424 870 137 26 domprosten
582 869 89 21 Renvall
688 870 38 20 och
742 870 121 20 sedermera
879 870 70 20 direkt
964 873 56 17 emot

200 898 44 26 mig
264 898 70 20 skildt.
366 898 48 20 Men
438 898 35 20 det
489 898 41 21 kan
546 905 51 13 vara
613 898 123 20 detsamma.
766 898 49 21 Mitt
831 898 190 26 lefnadsprotokoll

201 928 23 18 är
246 928 58 19 snart
319 926 116 21 utskrifvet.
467 927 109 21 Huruvida
589 927 36 26 jag
640 927 54 20 visat
710 927 41 25 mig
766 927 113 21 intolerant
895 927 51 21 eller
960 927 60 21 inhu-

202 961 48 14 man
273 955 7 20 i
297 955 184 26 öfverläggningen
497 956 40 20 blir
553 956 32 20 väl
602 956 63 20 sedan
682 955 55 21 klart
753 957 38 19 när
806 956 39 20 allt
861 955 39 21 blir
915 956 62 21 klart.
998 968 20 2 —

202 983 47 21 Men
266 983 53 21 hvad
336 984 73 25 sjelfva
425 987 64 17 saken
506 984 130 21 vidkommer
652 984 66 21 mäste
732 984 36 26 jag
784 986 56 19 ännu
855 990 95 21 upprepa
965 984 55 22 hvad

198 1012 37 26 jag
250 1014 53 24 sagt,
320 1012 111 27 nämligen,
447 1014 32 19 att
494 1013 27 21 dä
537 1019 46 14 man
600 1013 54 20 talar
670 1018 32 15 om
719 1013 155 21 kalturfolkens
884 1013 84 27 föresyn
982 1014 39 20 och

201 1040 28 26 pä
250 1041 39 21 den
312 1040 35 22 vill
370 1041 68 27 bygga
453 1048 25 14 en
495 1041 111 27 ovilkorlig
620 1041 120 27 skyldighet
755 1041 33 21 för
804 1041 67 21 finska
886 1041 67 22 folket
967 1044 32 19 att
1014 1042 6 21 i

202 1069 47 21 dess
272 1070 185 20 landskommuner
480 1070 78 21 inrätta
580 1070 6 20 i
608 1070 73 26 hvarje
704 1070 127 21 ätminstone
852 1077 25 15 en
899 1070 65 27 högre
979 1071 42 21 fast

201 1098 112 26 folkskola,
337 1099 22 20 sä
382 1098 33 22 mä
431 1105 48 15 man
495 1099 87 21 ursäkta
597 1099 42 26 mig
655 1105 33 15 om
701 1099 37 26 jag
753 1100 6 19 i
775 1101 31 19 ett
822 1099 120 21 obevakadt
957 1101 64 25 ögon-

201 1127 56 21 blick
273 1127 122 27 begagnade
410 1128 75 20 orden:
503 1130 44 25 ,att
562 1128 76 21 sådant
653 1130 24 18 är
692 1128 106 21 rasande”.
824 1128 40 26 Jag
876 1128 34 21 vill
921 1128 46 22 icke
979 1129 42 21 för-

202 1156 62 20 döma
287 1156 36 20 det
345 1156 68 21 finska
437 1156 77 21 folkets
538 1156 100 27 bildning,
660 1156 74 22 liksom
752 1156 36 22 det
803 1156 64 22 också
882 1157 27 27 på
925 1158 38 20 sitt
977 1159 44 20 sätt

201 1184 39 20 har
255 1185 31 20 sin
301 1184 56 26 plats
374 1184 62 22 bland
452 1185 149 21 kulturfolken.
632 1185 48 21 Men
694 1185 36 27 jag
746 1186 38 20 har
799 1186 56 20 velat
871 1186 87 26 uppvisa
969 1186 51 21 hvil-

202 1213 40 20 ken
263 1216 59 17 stora
344 1213 83 21 skilnad
445 1214 36 20 det
497 1215 24 19 är
536 1214 89 21 emellan
641 1214 36 20 det
692 1213 66 22 finska
773 1214 67 21 folket
855 1214 39 21 och
910 1214 25 21 de
951 1214 69 22 såsom

202 1241 93 27 exempel
316 1242 120 26 åberopade
459 1242 149 21 kulturfolken.
624 1242 104 27 nämligen
744 1244 4 19 i
766 1243 104 21 anseende
885 1242 32 22 till
933 1243 36 21 det
984 1244 37 20 fin-

202 1271 38 19 ska
256 1270 76 21 folkets
348 1270 58 27 glesa
421 1271 121 25 befolkning
558 1271 6 21 i
580 1271 218 21 landskommunerne.
829 1271 89 21 Derföre
930 1278 37 15 var
978 1272 42 26 det,

201 1304 46 14 som
260 1298 36 26 jag
311 1299 70 21 talade
398 1305 32 15 om
446 1299 117 26 Tysklands
578 1299 117 21 folkskolor
710 1300 39 20 och
765 1300 56 25 sade,
838 1302 32 18 att
885 1300 36 20 det
942 1302 24 19 är
981 1301 40 21 lätt

202 1328 31 19 att
257 1327 36 20 der
308 1327 105 21 anbefalla
427 1327 129 21 folkskolors
572 1328 127 26 inrättande,
715 1329 88 20 emedan
819 1328 149 26 bosättningen
984 1329 37 21 der

201 1357 24 17 är
247 1355 72 25 sådan,
342 1359 33 16 att
392 1355 51 21 flera
458 1356 53 20 barn
532 1357 36 19 der
584 1356 70 20 kunna
670 1356 79 20 besöka
764 1357 75 19 skolan
854 1356 46 21 från
917 1356 103 22 hemmen.

201 1383 50 20 Icke
273 1384 38 19 har
331 1384 37 26 jag
387 1383 85 21 häcklat
487 1385 40 19 den
543 1384 62 26 tyska
620 1384 127 21 folkskolan.
779 1384 40 20 Om
834 1384 118 26 Tysklands
967 1385 54 21 folk-

201 1411 72 20 skolor
289 1412 70 20 kunde
375 1418 50 14 vara
441 1413 31 19 ett
487 1412 40 21 och
542 1414 66 19 annat
622 1414 32 19 att
670 1414 56 25 säga.
756 1412 48 22 Just
819 1412 47 22 med
882 1415 73 24 pastor
965 1413 56 27 Lyra

201 1440 39 20 har
254 1440 36 26 jag
305 1440 44 21 ofta
364 1440 71 27 utbytt
451 1441 77 20 tankar
543 1441 7 20 i
565 1440 73 27 frågan
652 1447 34 15 om
697 1441 127 21 folkskolan.
839 1442 41 25 Jag
891 1442 86 27 hoppas,
989 1444 32 19 att

199 1468 37 27 jag
250 1469 129 21 åtminstone
395 1470 26 20 då
437 1469 46 21 icke
499 1470 38 20 har
552 1470 55 20 varit
621 1470 115 21 intolerant
751 1471 39 20 och
806 1471 135 26 egenmäktig
955 1472 7 20 i
978 1472 42 21 min

201 1497 60 27 åsigt.
291 1498 41 26 Jag
354 1498 39 21 har
415 1498 104 27 åberopat
540 1498 65 21 saken
628 1498 90 28 derföre,
741 1501 33 19 att
786 1499 37 27 jag
837 1500 37 21 vill
889 1500 85 22 komma
989 1500 32 22 till
