1089 1825
329 133 160 19 Presteständet
502 135 54 17 1877.
580 135 13 16 4
605 135 47 21 maj.
828 129 41 21 663

78 202 71 22 kunna
171 203 55 21 afstä
244 203 45 21 från
305 203 48 21 mitt
368 203 94 27 yrkande
477 204 26 26 pä
518 203 164 27 bordläggning;
699 210 47 15 men
762 204 26 21 dä
801 204 36 26 jag
851 204 47 21 icke

78 237 49 20 eger
142 232 69 25 nägon
226 231 78 21 visshet
319 232 79 26 derom,
413 232 67 21 mäste
493 232 36 26 jag
544 231 91 22 vidhälla
651 232 122 21 detsamma.

146 287 110 21 Professor
296 293 130 15 Forsman:
456 288 41 26 Jag
511 287 68 21 finner
594 288 36 20 det
645 287 86 22 alldeles
746 288 101 26 naturligt
858 288 39 20 och

78 315 111 27 sjelffallet,
212 317 32 19 att
266 316 74 26 frägan
362 316 53 21 skall
438 316 119 21 remitteras
580 315 32 21 till
627 316 88 26 utskott,
730 316 33 26 dä,
778 316 70 21 säsom
860 316 37 27 jag

77 344 107 27 uppfattat
206 344 71 28 saken,
300 345 36 21 det
358 346 24 19 är
404 344 58 27 fräga
484 350 33 16 om
539 346 32 20 att
594 344 48 26 ingä
661 344 31 21 till
707 344 58 22 Hans
781 344 117 28 Kejserliga

78 372 100 27 Majestät
193 373 48 21 med
257 379 24 15 en
298 373 88 27 petition
401 375 32 19 att
448 373 22 21 af
485 372 118 28 disponibla
618 373 193 27 bevillningsmedel
826 373 20 22 fä
860 380 37 14 an-

78 402 67 21 vända
168 408 25 14 en
216 402 65 21 sädan
304 408 87 20 summa,
413 408 45 15 som
482 402 39 21 den
543 402 166 26 ifrägavarande.
739 402 32 21 En
787 402 87 27 petition
890 402 6 21 i

77 432 72 19 ämnet
168 430 68 21 mäste
250 430 133 27 naturligtvis
398 431 23 21 af
434 430 103 22 utskottet
552 432 110 25 uppsättas
677 430 39 21 och
731 430 65 22 sedan
811 431 85 21 komma

77 458 32 22 till
132 459 89 27 ständet,
243 459 32 21 för
290 461 32 19 att
336 459 108 27 granskas.
475 459 35 21 Mä
525 459 82 21 derföre
621 459 62 27 ingen
698 459 65 21 tänka
778 459 32 27 sig
824 465 72 21 proce-

77 488 66 20 duren
164 488 6 20 i
188 487 58 21 detta
261 487 35 21 fall
313 487 137 28 annorlunda,
466 490 25 19 än
507 489 32 20 att
554 487 72 27 frägan
642 488 53 20 skall
710 487 138 22 underkastas
863 489 33 19 ut-

76 516 70 21 skotts
168 516 135 26 behandling.
334 516 42 21 För
396 517 64 26 öfrigt
482 519 33 19 vet
529 516 35 26 jag
579 516 120 26 visserligen
715 516 52 26 icke,
781 522 35 15 om
830 516 66 22 saken

77 544 67 22 skulle
166 545 72 21 kunna
260 544 78 22 förlora
358 545 64 26 nägot
437 546 27 26 pä
480 545 47 21 dess
543 544 163 27 bordläggning;
723 552 47 14 men
786 551 33 15 om
834 545 62 27 ingen

76 573 64 27 yrkar
161 580 25 14 en
210 573 72 26 sädan,
304 576 24 18 är
349 573 36 21 det
400 573 121 27 visserligen
536 574 32 20 för
583 573 188 28 skyndsamhetens
785 573 55 21 skull
855 573 40 26 väl,

77 604 32 19 att
123 602 153 27 bordläggning
291 602 46 21 icke
352 602 54 22 sker.

145 659 84 22 Doktor
250 659 192 22 Nordström:
473 660 48 21 Med
544 659 112 27 anledning
678 660 23 21 af
713 659 105 33 professor
833 659 63 22 Fors-

77 694 59 15 mans
151 688 106 27 yttrande,
273 688 85 27 frängär
370 688 36 27 jag
421 689 48 21 mitt
484 688 93 27 yrkande
593 689 27 26 pä
635 688 158 27 bordläggning.

145 746 83 21 Doktor
251 745 132 22 Andelin
406 746 48 21 ville
474 748 37 23 att,
528 746 26 21 dä
569 746 83 27 nyligen
668 746 59 27 fräga
742 746 55 21 varit
812 752 33 15 om
860 753 36 14 an-

77 774 109 21 vändande
210 774 20 22 af
252 774 144 25 bankvinsten,
418 781 47 15 men
481 775 84 21 ständet
579 775 47 21 icke
641 777 70 24 syntes
727 775 71 21 kunna
812 775 85 21 komma

77 803 32 20 till
131 803 64 26 nägot
216 803 154 26 samstämmigt
392 803 68 22 beslut
483 803 131 26 derutinnan,
638 809 25 15 en
685 803 33 21 del
741 803 22 21 af
777 804 120 21 densamma

77 831 67 22 skulle
160 832 70 21 ansläs
245 831 31 22 till
292 832 36 21 det
343 832 21 21 af
379 831 77 22 doktor
470 831 69 27 Bergh
554 831 111 22 förordade
681 831 124 22 ändamälet.

145 888 110 21 Professor
277 888 140 21 Forsman
440 888 53 21 fäste
509 888 212 27 uppmärksamheten
737 888 73 21 dervid
825 890 31 19 att
872 889 25 20 de

78 917 54 21 enda
147 916 75 27 medel,
240 923 45 15 som
301 917 6 20 i
323 917 59 21 detta
397 917 97 21 afseende
510 917 69 21 kunde
595 917 114 25 användas,
725 924 50 14 vore
791 918 25 20 de
831 917 67 22 under

77 945 130 21 Ständernas
230 945 122 27 disposition
367 946 87 21 stäende
470 946 82 21 medlen
567 946 39 21 och
623 945 60 26 helst,
699 946 65 21 redan
778 946 33 21 för
826 946 72 26 sjelfva

78 976 95 19 namnets
196 974 61 26 skull,
280 974 213 27 bevillningsmedlen.
532 974 31 22 De
585 974 175 27 betänkligheter,
783 981 45 15 som
851 975 47 21 med

78 1002 96 22 afseende
198 1003 12 21 &
232 1003 61 21 dessa
308 1002 88 22 uttalats
412 1002 22 22 af
447 1005 85 25 prosten
547 1002 102 26 Varelius,
665 1004 76 20 trodde
756 1004 80 20 talaren
852 1003 46 21 icke

77 1031 61 21 skola
154 1031 20 21 af
189 1032 75 26 mänga
280 1032 63 25 delas,
359 1032 127 21 ätminstone
501 1032 7 20 i
524 1032 39 20 den
579 1031 53 22 form
648 1032 26 21 de
689 1031 68 22 blifvit
767 1031 131 25 framhällna,

78 1060 87 21 emedan
189 1060 35 21 det
248 1066 48 15 vore
319 1062 58 19 utom
399 1060 27 21 all
449 1060 59 27 fräga
531 1062 31 19 att
583 1061 23 26 ju
627 1060 84 21 landets
729 1063 170 25 representanter

79 1088 137 27 disponerade
240 1088 57 22 öfver
312 1089 62 21 dessa
389 1088 67 22 medel
472 1089 39 21 och
526 1088 45 22 icke
587 1088 89 22 behöfde
691 1088 6 21 i
712 1089 71 26 hvarje
798 1088 101 22 särskildt

77 1116 37 22 fall
129 1119 94 25 mottaga
238 1118 151 20 instruktioner
404 1118 21 20 af
435 1117 190 21 kommittenterne.
651 1117 66 22 Desse
727 1117 56 21 hade
794 1118 105 25 nämligen

78 1146 23 20 ät
123 1146 45 21 sina
186 1146 77 21 ombud
280 1146 32 21 för
327 1147 39 20 den
382 1146 36 26 tid,
435 1146 149 21 fullmakterna
598 1146 75 26 gällde,
689 1146 107 26 medgifvit
811 1148 88 19 suverän

79 1174 58 21 makt
157 1176 33 19 att
212 1174 111 27 disponera
346 1174 56 21 öfver
425 1175 25 21 de
473 1174 119 27 tillgängar,
615 1180 45 15 som
681 1174 59 22 stode
756 1174 66 21 under
838 1174 60 22 Stän-

79 1203 76 21 dernas
178 1202 131 27 förvaltning.
340 1203 72 22 Skulle
434 1203 23 21 sä
480 1203 45 22 icke
546 1209 51 15 vara
619 1202 64 27 fallet,
702 1202 101 22 behöfdes
815 1202 24 27 ju
854 1202 45 22 icke

79 1231 68 21 heller
168 1231 265 28 Ständerrepresentation,
457 1234 51 19 utan
530 1232 56 21 blott
607 1233 33 19 att
661 1232 33 20 för
709 1231 70 27 hvarje
794 1232 55 26 gång
863 1237 37 15 an-

80 1260 63 21 ställa
166 1267 24 14 en
214 1260 77 22 allmän
313 1260 175 27 folkomröstning
510 1259 57 22 öfver
587 1259 48 22 hela
650 1260 78 24 landet,
744 1261 32 20 för
791 1262 31 19 att
837 1260 21 21 få
873 1266 26 15 en

79 1289 66 21 sådan
160 1289 60 26 fråga
234 1289 87 26 afgjord.

148 1346 76 21 Pastor
239 1347 56 26 Lyra
330 1346 49 21 ville
395 1346 47 21 med
458 1345 95 22 afseende
566 1347 13 19 ä
589 1346 100 21 remissen
700 1345 30 22 till
742 1345 158 22 statsutskottet

79 1375 109 31 anmärka,
210 1377 33 18 att
266 1375 68 21 denna
356 1374 78 21 skedde
450 1374 45 21 icke
510 1375 94 26 allenast,
620 1373 32 22 för
667 1376 32 19 att
713 1374 105 21 utskottet
832 1373 68 22 skulle

80 1403 20 21 få
123 1403 6 20 i
152 1403 96 26 uppdrag
270 1405 37 23 att,
330 1403 27 26 på
374 1405 42 18 sätt
432 1409 26 14 en
474 1390 130 39 föregående
615 1402 67 21 talare
697 1402 68 27 yrkat,
781 1402 119 27 förslagsvis

80 1431 112 21 formulera
216 1438 25 14 en
264 1431 88 27 petition
375 1431 6 20 i
406 1431 87 21 ärendet
516 1431 31 21 till
570 1431 59 21 Hans
647 1431 104 26 Majestät,
768 1433 50 18 utan
834 1431 66 24 äfven,

80 1460 69 20 såsom
164 1459 36 21 vid
216 1459 71 26 hvarje
302 1460 73 20 remiss
391 1459 31 20 till
439 1459 86 24 utskott,
542 1460 31 19 för
589 1461 31 18 att
635 1459 78 20 bereda
728 1459 73 26 sjelfva
813 1459 88 20 ärendet

81 1487 39 22 och
143 1487 67 21 uttala
234 1488 30 25 sig
282 1487 46 22 icke
343 1487 80 21 mindre
439 1487 80 26 derom,
534 1487 103 21 huruvida
653 1487 38 20 och
707 1487 31 20 till
754 1487 55 20 hvad
824 1487 76 26 belopp

81 1518 30 19 ett
127 1515 75 22 sådant
218 1515 79 28 bidrag,
312 1521 45 16 som
374 1515 34 22 det
423 1515 6 21 i
446 1515 76 22 doktor
537 1515 80 26 Berghs
633 1514 77 28 förslag
721 1515 99 26 begärda,
831 1515 70 21 kunde

833 1555 23 17 43
