1095 1792
341 124 159 18 Presteståndet
513 124 53 17 1877.
592 124 26 16 29
629 124 48 20 maj.
824 118 55 20 1049

90 192 125 21 kommuner
237 191 67 23 finnes
324 192 65 21 redan
411 192 44 28 fyra
471 192 13 22 &
498 192 40 22 fem
554 192 79 21 sådana
647 191 111 22 inrättade.
789 191 119 22 Resultatet

90 221 72 27 tyckes
177 221 82 21 således
274 228 50 14 vara
338 221 112 27 glädjande
466 221 38 21 och
519 222 65 25 några
600 221 111 26 petitioner
726 227 33 14 om
776 220 70 21 vidare
867 220 42 21 till-

90 250 108 26 göranden
217 249 7 21 i
247 250 68 20 denna
330 249 60 26 fråga
404 250 47 20 icke
467 256 49 14 vara
532 248 109 27 behöfliga.
672 249 39 21 Att
726 249 36 21 det
778 248 53 21 dock
845 249 24 21 så
884 250 25 20 är

91 278 38 21 och
152 280 31 18 att
204 278 100 20 särskildt
319 284 24 14 en
359 278 66 25 högre
443 277 39 21 fast
497 278 104 20 folkskola
617 280 23 17 är
659 276 140 27 oundgänglig
814 278 6 19 i
836 277 72 26 hvarje

90 305 106 26 kommun,
218 305 56 22 inser
297 312 25 15 en
344 305 52 22 hvar
411 306 23 21 af
447 306 35 21 det
497 305 77 22 dubbla
589 305 59 27 syfte,
664 311 44 15 som
724 311 28 15 nu
767 305 78 26 åsyftas
861 305 48 21 med

90 340 25 15 en
138 334 65 21 sådan
225 333 66 27 skola,
314 334 104 27 nämligen
440 334 47 21 dess
510 336 47 24 eget
576 334 98 21 ändamål
689 333 39 22 och
744 333 32 22 för
791 333 36 21 det
842 333 66 22 andra

91 363 46 21 dess
161 363 104 26 egenskap
289 365 31 19 att
343 363 54 21 förse
419 363 40 21 den
481 363 87 26 mindre,
582 362 173 22 småbarnskolan
771 362 47 21 med
833 362 74 21 lärare.

89 391 148 22 Betänkandet
259 398 62 21 synes
344 392 42 26 mig
408 391 32 22 för
461 398 24 15 en
508 392 57 25 hvar,
586 397 44 15 som
645 391 48 21 med
707 391 47 22 icke
770 391 55 21 förut
841 391 68 21 fattad

89 420 86 26 mening
189 420 131 25 genomläser
335 421 122 26 detsamma,
473 420 98 25 temligen
586 420 76 27 tydligt
677 420 39 21 och
731 420 56 21 klart
806 420 103 21 motivera

91 449 182 26 nödvändigheten
299 449 21 21 af
343 455 25 15 en
391 450 23 21 så
436 448 114 26 beskaffad,
573 455 33 15 om
627 449 35 26 jag
683 449 24 21 så
725 448 54 21 skall
794 448 56 21 kalla
866 448 41 26 det,

91 478 156 25 tvängsätgärd.
277 477 73 22 Under
369 478 61 26 ingen
447 478 29 21 tid
492 477 61 22 hafva
568 477 111 26 åsigterna,
695 477 53 21 ifrån
764 477 39 21 den
820 477 46 26 dag,
883 477 26 21 dä

91 512 48 15 man
163 506 6 20 i
191 507 46 20 vårt
259 506 50 21 land
324 507 52 20 först
392 507 85 26 började
493 509 31 18 att
539 507 43 20 tala
598 513 33 14 om
647 505 138 27 folkbildning
801 505 38 22 och
855 505 53 22 folk-

91 534 78 26 skolor,
185 535 54 21 varit
254 536 23 20 så
293 535 121 26 förvirrade,
430 541 44 15 som
491 535 6 20 i
514 535 38 20 den
569 535 47 25 dag,
632 541 44 14 som
687 537 30 23 är,
729 535 108 26 angående
847 534 62 21 dessa

91 564 93 26 stycken.
216 563 71 22 Under
310 564 35 20 det
366 566 31 18 att
413 570 25 15 en
455 563 32 21 del
503 563 48 26 vilja
566 563 61 21 hafva
643 563 54 21 blott
712 563 66 26 högre
792 562 117 22 folkskolor

92 592 39 21 och
156 595 62 24 säga:
235 592 170 21 småbarnskolor
421 592 99 21 behöfvas
535 592 51 23 icke,
602 594 51 24 säga
669 592 75 21 andra:
759 591 149 22 småbarnsko-

92 621 32 20 lor
146 621 67 21 måste
236 621 25 21 de
284 621 42 21 alla
346 627 62 20 vara;
431 621 26 20 de
472 621 64 26 högre
554 623 36 18 äro
606 620 139 27 öfverflödiga.
776 621 71 20 Andra
862 620 47 21 åter

92 651 60 25 säga:
175 649 103 22 hvardera
301 649 106 22 behöfvas.
438 649 47 21 Men
508 650 79 20 sådana
602 649 60 21 torde
678 649 81 21 likvisst
774 649 45 21 icke
833 648 74 26 finnas,

92 684 44 15 som
152 679 59 25 säga:
228 678 18 21 vi
262 678 87 21 behöfva
365 678 38 21 alls
418 678 49 25 inga
482 678 75 21 skolor.
587 678 41 21 Det
643 677 66 22 finnes
724 677 81 22 således
820 684 25 14 en
861 677 49 21 bot-

92 709 36 19 ten
154 707 38 20 och
215 713 25 15 en
262 707 51 21 bred
336 707 38 21 och
389 707 41 26 god
445 707 79 25 botten,
540 707 26 26 på
581 706 83 21 hvilken
680 706 41 21 alla
736 707 71 20 kunna
821 707 34 20 stå
870 705 39 22 och

91 735 46 21 från
154 735 83 21 hvilken
253 736 19 20 vi
288 735 83 21 säkrast
386 736 71 20 kunna
473 735 83 21 komma
572 735 31 20 till
619 735 50 20 reda
679 735 38 20 och
728 735 85 26 enighet
823 735 6 20 i
841 735 69 20 denna

93 764 78 26 vigtiga
196 764 69 26 fråga:
281 764 20 20 vi
316 764 48 26 vilja
380 764 42 21 alla
436 763 61 22 hafva
513 763 71 21 skolor
599 763 32 21 för
645 763 76 21 folkets
737 763 58 21 barn.
825 763 84 26 Frågan

92 794 23 19 är
137 799 27 14 nu
186 793 55 20 blott
263 793 54 20 huru
340 793 60 20 dessa
422 792 72 21 skolor
516 792 197 27 ändamålsenligast
735 792 39 21 och
789 791 121 28 lämpligast

92 821 61 21 skola
168 821 6 20 i
189 821 173 26 församlingarna
378 821 89 21 inrättas
483 821 38 20 och
536 821 136 26 organiseras.
701 820 40 27 Jag
757 827 60 14 anser
833 820 41 26 mig
890 820 17 26 ej

92 849 52 22 böra
165 850 49 26 ingå
233 850 6 20 i
262 856 25 15 en
309 851 95 19 närmare
420 849 124 26 motivering
558 849 32 20 för
605 849 141 26 petitionerna
761 848 21 22 af
796 848 51 25 skäl,
864 854 45 15 som

89 878 37 26 jag
146 879 64 19 redan
233 878 96 25 nämnde,
352 881 32 17 att
404 878 145 20 betänkandet
571 878 72 26 tyckes
663 877 99 27 temligen
777 877 132 25 fullständigt

91 906 117 22 framställa
229 907 71 25 saken,
324 906 66 21 ehuru
410 906 36 27 jag
467 906 118 26 visserligen
601 905 67 22 skulle
683 906 62 20 hafva
762 906 75 20 önskat
852 906 58 20 detta

92 935 133 21 betänkande
240 936 6 20 i
263 935 51 21 visst
329 935 97 21 afseende
441 936 65 25 något
521 934 136 21 annorlunda.
680 935 41 26 Jag
732 934 67 21 skulle
810 934 100 21 särskildt

92 964 62 21 hafva
176 964 82 26 önskat,
281 966 32 19 att
336 964 76 20 doktor
426 963 137 21 Nordströms
579 964 88 26 petition
683 963 67 21 skulle
765 962 61 22 hafva
841 962 69 22 föran-

91 992 44 22 ledt
160 992 32 21 till
213 994 68 25 någon
303 993 164 25 omständligare
489 992 123 26 motivering
634 992 39 20 och
693 998 65 20 gerna
772 994 42 18 sett
829 993 32 19 att
876 991 34 21 vid

91 1021 145 26 redaktionen,
259 1022 68 20 såsom
346 1021 36 26 jag
397 1021 66 21 redan
478 1021 72 21 derom
565 1021 110 20 anmärkte
689 1021 6 19 i
711 1020 111 26 utskottet,
838 1020 71 21 ordet:

93 1050 137 26 »skoltväng*
255 1050 46 21 icke
328 1050 68 20 skulle
418 1049 62 21 hafva
501 1049 113 26 begagnats
636 1049 6 20 i
665 1049 40 21 den
725 1049 90 25 mening,
830 1048 36 21 det
881 1054 28 15 nu

92 1078 125 27 begagnats;
235 1080 22 25 ty
273 1078 57 21 detta
346 1078 57 21 leder
418 1077 32 21 till
466 1084 25 14 en
502 1077 116 26 fullkomlig
631 1077 220 27 begreppsförvirring.
868 1077 41 21 Det

92 1109 23 19 är
138 1109 31 19 ett
191 1106 126 27 fullkomligt
332 1107 92 26 misstag,
441 1108 32 19 att
488 1106 19 21 vi
523 1106 137 26 petitionärer
676 1106 78 20 sträfva
771 1108 31 18 att
817 1106 20 20 fä
853 1105 56 21 skol-

91 1135 182 27 tvängsprincipen
289 1135 74 21 införd.
395 1135 48 21 Man
459 1135 103 21 förvexlar
578 1134 103 27 nämligen
692 1134 26 21 dä
728 1134 115 27 begreppet
853 1134 56 20 skol-

91 1164 65 27 tväng
178 1164 47 21 med
247 1164 64 26 tväng
333 1164 33 20 för
387 1164 150 20 kommunerne
552 1165 32 19 att
599 1163 78 21 inrätta
691 1163 79 24 skolor,
787 1162 69 21 hvilka
873 1164 36 19 äro

91 1194 76 20 tvenne
189 1193 67 21 skilda
279 1193 67 21 saker.
376 1192 49 21 Med
448 1192 110 26 skoltväng
573 1198 72 14 menar
660 1198 47 14 man
723 1191 96 21 öfverallt
834 1197 76 15 annor-

93 1222 71 21 städes
187 1222 138 26 obligatorisk
347 1221 110 26 skolgäng.
486 1221 64 21 Detta
565 1220 62 21 hafva
642 1221 19 20 vi
677 1220 16 26 ej
710 1220 67 27 yrkat.
808 1219 25 22 Vi
849 1220 61 21 hafva

91 1250 62 26 yrkat
168 1250 55 21 blott
235 1250 26 27 pä
271 1252 31 19 ett
313 1250 23 21 sä
354 1249 116 22 beskaffadt
482 1250 62 26 tvång
556 1251 32 19 att
601 1250 3 20 i
616 1248 71 28 hvarje
699 1248 98 22 kommun
809 1255 24 15 en
845 1248 65 26 högre

91 1279 41 21 fast
147 1279 105 21 folkskola
267 1279 54 21 skall
336 1278 67 22 finnas
418 1290 28 3 —
462 1284 47 15 man
525 1279 33 20 mä
574 1284 27 14 nu
617 1278 70 26 sedan,
705 1284 33 14 om
754 1283 48 15 man
817 1277 92 21 nödvän-

91 1308 45 26 digt
158 1308 23 20 sä
203 1308 35 20 vill
259 1308 57 20 kalla
337 1308 59 20 detta
420 1306 32 21 till
467 1307 116 26 skoltväng,
600 1306 53 21 blott
668 1306 52 21 hvar
735 1312 48 15 man
799 1307 40 24 vet,
854 1305 55 21 hvad

91 1342 49 15 man
156 1336 85 21 dermed
257 1342 77 15 menar.

159 1364 40 26 Jag
221 1365 78 21 vänder
318 1364 42 26 mig
382 1363 97 27 slutligen
501 1370 28 14 nu
551 1362 31 22 till
601 1364 30 20 ett
646 1362 48 22 kort
710 1362 123 22 bemötande
849 1362 22 20 af
885 1362 25 21 de

91 1394 159 24 reservationer,
266 1399 45 15 som
327 1392 67 21 blifvit
408 1392 74 26 gjorda
493 1394 56 18 emot
559 1392 114 20 utskottets
684 1391 138 21 betänkande.
848 1390 63 21 Först

91 1422 38 19 har
145 1422 48 19 herr
208 1421 116 25 Meurman,
337 1422 47 18 med
395 1420 83 20 hvilken
489 1420 146 26 kyrkoherden
646 1420 111 23 Stenbäck,
769 1420 48 18 herr
828 1418 83 21 Grund-

91 1450 65 20 ström
179 1449 39 20 och
238 1448 201 26 landtdagsmanneu
455 1447 95 21 Jaatinen
566 1448 81 20 förenat
663 1447 37 25 sig,
716 1446 69 21 anfört
800 1448 44 18 mot
859 1447 51 25 peti-

91 1477 96 21 tionerna
201 1479 76 18 tvenne
292 1476 56 26 skäl;
372 1476 35 21 det
422 1482 45 20 ena,
483 1478 31 18 att
529 1474 116 21 folkskolan
661 1477 91 18 tvärtom
767 1474 67 21 skulle
849 1476 62 24 göras

91 1505 38 22 hos
157 1505 66 22 folket
247 1505 99 27 förhatlig
370 1510 75 21 genom
470 1506 31 19 att
524 1504 39 21 den
588 1503 32 22 till
645 1503 51 27 följd
721 1503 22 21 af
762 1505 31 19 ett
808 1502 102 22 maktbud
