1092 1803
207 120 42 20 964
420 125 159 18 Presteståndet
594 126 53 16 1877.
672 126 25 17 26
709 125 47 21 maj.

248 193 30 21 På
300 193 143 22 elektorernes
466 195 78 25 vägnar
565 193 123 21 meddelade
710 193 137 26 domprosten
862 193 137 26 Renvall,

180 223 37 24 att,
234 222 63 20 sedan
314 221 155 27 presteståndet
483 222 7 20 i
505 222 112 26 anledning
633 221 21 20 af
670 221 151 21 ordförandens
837 221 6 21 i
859 221 140 26 expeditions-

180 250 105 21 utskottet
312 251 71 20 derom
406 250 75 26 gjorda
503 250 155 26 framställning
681 250 33 20 vid
736 250 118 27 gårdagens
876 250 85 26 plenum
978 250 23 21 åt

179 279 96 20 ståndets
291 279 105 21 elektorer
411 279 80 20 lemnat
505 279 6 20 i
526 279 102 26 uppdrag,
645 280 32 19 att
692 279 32 20 till
740 279 96 21 bemälde
852 279 83 20 utskott
945 279 55 26 välja

180 313 26 16 en
222 307 66 27 tredje
304 308 118 26 suppleant,
438 307 85 21 hvartill
539 307 65 22 borde
619 311 58 17 utses
693 314 25 13 en
734 307 171 26 ståndsmedlem,
921 314 44 15 som
977 309 24 19 är

181 337 70 20 bosatt
267 336 28 26 på
310 339 67 22 orten,
392 336 53 21 hade
462 336 131 21 elektorerne
609 336 31 21 till
655 335 132 27 fullgörande
802 337 23 20 af
835 337 58 20 detta
904 337 98 26 uppdrag

180 364 33 21 för
229 364 120 21 ändamålet
364 366 67 19 utsett
447 364 76 21 doktor
538 364 174 27 Hornborg,

250 421 85 21 hvarom
358 421 154 21 underrättelse
528 421 5 20 i
550 422 69 25 vanlig
634 421 89 26 ordning
738 421 68 21 skulle
822 422 108 20 meddelas
945 422 57 20 såväl

181 450 138 21 medstånden
335 456 44 14 som
396 450 241 27 expeditionsutskottet.

252 592 89 21 Ståndet
363 592 32 21 till
410 593 118 21 kännedom
545 593 133 21 meddelades
694 593 92 27 följande
801 593 46 21 från
864 593 139 22 medstånden

182 621 101 21 inkomna
298 621 205 26 protokollsutdrag:

253 679 40 28 1:0)
323 679 56 21 Från
395 679 112 27 höglofliga
522 679 148 26 ridderskapet
686 680 39 21 och
740 679 62 22 adeln
818 680 23 21 af
854 680 40 21 den
910 681 27 20 22
953 680 49 21 den-

183 714 36 14 nes
242 709 47 19 med
312 708 161 25 underrättelse,
489 710 32 19 att
537 708 96 21 bemälde
648 709 61 20 stånd
725 709 20 26 a)
761 709 34 21 vid
811 709 156 26 handläggning
983 709 23 21 af

183 737 106 20 allmänna
305 736 202 22 besvärsutskottets
523 737 132 21 betänkande
671 737 47 21 med
734 737 113 26 anledning
862 738 23 20 af
899 737 105 21 särskilda

183 765 180 25 petitionsförslag
378 765 109 25 angående
502 765 82 21 landets
600 765 196 21 folkskoleväsende
811 766 95 26 godkänt
921 766 82 21 utskot-

183 796 42 18 tets
241 794 6 20 i
263 794 120 26 punkterna
398 797 21 18 a)
436 794 21 24 b)
473 797 20 23 c)
509 794 38 20 och
564 794 20 22 d)
600 794 132 21 framställda
747 794 85 26 förslag,
848 801 48 15 men
908 795 49 21 med
969 795 35 21 be-

182 822 128 26 handlingen
333 822 22 20 af
375 822 94 26 punkten
491 822 19 27 d)
526 822 87 21 beslutit
628 822 44 21 låta
686 824 61 20 anstå
762 824 43 20 tills
821 824 62 20 stats-
900 824 39 20 och
955 824 48 20 eko-

185 851 171 21 nomiutskottets
378 850 133 22 betänkande
535 851 107 27 angäende
662 852 74 26 anslag
751 851 31 21 för
798 851 208 22 folkskoleväsendet

185 880 7 20 i
207 880 72 20 landet
293 880 117 24 inkommit,
427 880 22 26 b)
465 882 49 18 utan
531 880 117 27 diskussion
660 880 94 25 godkänt
764 880 151 27 lagutskottets
926 880 79 28 förslag

186 908 30 21 till
241 908 80 21 ändrad
336 909 79 26 lydelse
430 908 23 21 af
467 910 12 20 7
495 909 11 27 $
522 910 13 20 8
550 909 48 27 kap.
614 909 25 21 A.
655 908 24 22 B.
696 915 32 15 om
746 910 64 20 oäkta
825 910 63 20 barns
904 910 100 25 arfsrätt;

185 937 22 21 af
221 937 41 21 den
270 938 26 20 25
305 938 79 20 dennes
392 937 22 21 af
421 937 99 26 innehåll,
529 940 31 18 utt
568 937 84 22 ståndet
661 938 17 26 c)
686 938 94 26 godkänt
789 938 171 22 statsutskottets
969 938 35 22 be-

185 966 106 21 tänkande
307 967 5 20 i
327 966 112 25 anledning
455 966 23 21 af
492 967 39 20 den
547 966 77 27 nädiga
638 966 159 26 propositionen
808 974 33 14 om
850 967 81 21 inlösen
940 967 21 21 af
969 967 35 21 do-

185 995 163 21 nationsgodsen
371 995 6 21 i
400 995 97 26 Wiborgs
520 995 39 21 och
582 995 31 22 S:t
635 994 87 22 Michels
737 996 42 24 län,
796 996 21 27 d)
834 996 81 26 antagit
930 1002 74 15 senare

185 1024 135 21 alternativet
335 1024 6 20 i
357 1024 106 21 allmänna
478 1024 202 21 besvärsutskottets
696 1024 108 22 skrifvelse
820 1024 22 21 af
856 1025 40 21 den
912 1025 27 21 18
955 1025 50 21 den-

185 1058 37 15 nes
237 1052 108 27 angäende
361 1052 113 22 understöd
491 1052 22 22 ät
528 1053 117 26 Uleäborgs
661 1052 66 22 finska
742 1053 175 27 privatläroverk,
934 1054 20 26 e)
970 1054 35 20 vid

186 1081 153 26 behandlingen
355 1082 22 19 af
391 1081 150 26 lagutskottets
556 1081 77 26 förslag
649 1081 32 21 till
696 1082 203 26 sammanjemkning
914 1082 23 20 af
948 1082 57 21 stän-

186 1110 50 21 dens
258 1109 121 27 skiljaktiga
400 1109 69 21 beslut
484 1110 6 20 i
505 1109 73 27 frågan
595 1116 33 14 om
644 1109 89 26 ändring
747 1110 7 20 i
770 1116 28 15 nu
812 1110 98 26 gällande
927 1110 78 26 lagbud

186 1146 33 14 om
241 1138 97 26 giftorätt
361 1138 38 21 och
422 1138 33 21 arf
477 1138 52 21 efter
545 1139 104 20 landsrätt
664 1140 55 19 samt
735 1145 33 14 om
784 1139 151 26 morgongäfva
950 1139 55 21 äter-

185 1168 119 21 remitterat
326 1167 86 20 ärendet
433 1167 33 21 för
489 1167 171 26 omformulering
680 1167 22 21 af
721 1167 134 27 inledningen
870 1169 7 20 i
893 1168 36 21 det
944 1167 60 27 syfte,

185 1199 32 18 att
232 1196 103 21 särskilda
351 1196 163 25 morgongäfvan
531 1196 89 21 rörande
636 1196 86 25 lagrum,
740 1202 44 14 som
796 1197 44 20 icke
852 1197 6 20 i
870 1196 134 26 inledningen

185 1225 113 27 upptagits,
314 1224 105 26 nämligen
435 1225 12 27 3
463 1224 12 28 $
491 1225 12 20 5
519 1224 47 26 kap.
583 1224 38 21 och
639 1226 9 19 1
666 1225 11 25 $
694 1225 25 20 15
735 1224 48 26 kap.
799 1224 24 21 G.
840 1225 23 20 B.
879 1225 12 20 3
907 1225 11 27 $
932 1227 11 18 6
957 1225 47 27 kap.

185 1255 39 21 och
247 1255 12 19 3
283 1254 12 26 $
320 1254 24 20 12
368 1253 46 27 kap
431 1254 24 20 A.
472 1254 23 20 B.
512 1256 54 18 samt
582 1254 12 20 3
610 1253 12 28 &$
639 1254 12 20 8
667 1254 47 26 kap.
730 1253 20 21 J.
766 1253 24 21 B.
806 1254 60 20 äfven
882 1254 69 21 blefve
967 1255 37 19 än-

185 1284 65 20 drade
266 1282 51 22 eller
331 1282 115 26 upphäfda,
463 1282 16 25 f)
494 1282 60 26 gillat
570 1282 214 21 ekonomiutskottets
799 1282 134 21 betänkande
948 1283 7 20 i
968 1288 37 15 an-

185 1312 85 26 ledning
292 1310 23 21 af
335 1310 40 20 den
398 1310 75 26 nädiga
495 1311 156 26 propositionen
674 1317 34 14 om
727 1310 100 21 framtida
842 1310 127 27 förvaltning
984 1311 23 20 af

185 1339 147 25 Längmanska
354 1339 201 20 testamentsfonden
574 1339 39 20 och
628 1339 22 25 g)
666 1341 51 18 enär
732 1339 47 20 icke
795 1339 69 21 direkt
879 1339 78 25 förslag
972 1338 32 22 till

185 1367 84 21 ständet
285 1367 6 20 i
307 1366 168 21 statsutskottets
491 1366 293 26 sammanjemkningsförslag
799 1366 7 20 i
820 1366 59 26 fräga
890 1373 34 14 om
935 1367 69 26 tryck-

185 1396 49 24 ning
257 1395 21 20 af
300 1394 99 21 ständens
423 1394 239 26 diskussionsprotokoll
677 1396 72 24 gjorts,
765 1394 45 21 icke
826 1394 70 21 funnit
911 1395 46 20 skäl
973 1396 32 25 sig

185 1424 71 20 vidare
271 1425 57 25 yttra
343 1422 6 20 i
365 1422 84 27 frägan;

253 1481 43 26 2:0)
320 1480 46 21 frän
389 1479 104 28 vällofliga
516 1479 175 28 borgareständet
713 1479 22 21 af
757 1479 39 22 den
820 1479 26 21 24
862 1480 79 21 dennes
957 1481 47 20 med

185 1509 206 27 tillkännagifvande,
415 1510 32 19 att
469 1509 85 21 ständet
575 1510 19 25 a)
618 1508 38 21 och
679 1508 21 27 b)
720 1509 94 26 godkänt
830 1509 175 26 myntutskottets
