1095 1800
328 118 159 18 Presteståndet
498 120 54 16 1877.
575 120 26 16 26
613 120 47 20 maj.
837 115 40 21 983

290 187 65 21 lande
375 188 67 27 enligt
459 188 62 20 Hans
536 188 114 28 Majestäts
666 189 81 27 nådiga
758 188 125 28 försäkran
898 190 9 20 i

283 216 164 27 förordningen
463 217 30 27 af
505 216 39 21 den
561 218 12 19 1
589 218 93 26 Augusti
697 218 64 20 1863.

585 285 68 27 Georg
668 284 23 22 Z.
708 284 128 31 Forsman."

154 386 85 21 Doktor
261 386 174 27 Hornborg:
460 386 40 27 Jag
515 386 91 27 begärde
621 387 60 21 ordet
696 386 38 22 för:
742 388 32 20 att
789 387 76 22 föreslå
880 394 25 15 en

86 414 133 22 annorlunda
234 414 108 22 beskaffad
358 415 135 27 formulering
508 416 21 21 af
542 415 154 27 slutklämmen,
707 416 87 21 emedan
806 416 35 22 det
851 418 57 20 ännu

87 443 46 22 icke
149 446 23 19 är
187 444 98 21 voteradt
300 450 33 15 om
349 444 120 27 någonting,
484 444 45 22 icke
539 451 37 15 ens
587 450 32 16 om
631 444 60 22 dessa
701 444 102 27 märkliga
814 451 94 15 reserva-

87 472 75 22 tioner.
193 472 49 22 Men
265 473 62 21 innan
351 474 58 20 detta
431 473 62 26 skett,
515 476 24 18 är
555 474 34 20 det
604 473 58 21 svårt
677 476 32 18 att
723 474 106 26 uppställa
844 474 64 26 något

85 501 79 27 förslag
187 502 69 20 såsom
275 502 207 26 kontraproposition
498 504 56 19 emot
569 502 114 21 utskottets
699 502 139 22 betänkande.
867 502 41 27 Jag

85 530 48 21 ville
150 530 54 21 dock
220 530 32 21 för
267 531 43 20 min
327 530 32 22 del
375 532 40 23 tro,
432 532 36 25 att,
484 536 33 16 om
534 531 35 21 det
583 530 65 27 gäller
664 530 32 22 val
712 530 75 22 mellan
803 531 105 27 professor

86 558 115 22 Forsmans
216 564 28 15 nu
260 558 97 27 upplästa
371 558 78 27 förslag
464 559 39 21 och
518 560 120 22 utskottets,
649 560 23 20 så
682 562 24 18 är
716 560 36 20 det
761 559 56 21 förra
827 560 81 20 kanske

86 587 70 21 bättre
172 587 39 21 och
227 587 102 28 tydligare
344 588 26 21 än
385 588 59 21 såväl
459 588 114 21 utskottets
588 588 105 26 slutkläm,
710 594 44 15 som
770 588 47 21 mitt
827 594 28 15 nu
865 587 43 22 till-

85 617 76 20 tänkta
184 617 153 26 amendement,
358 616 85 21 hvarför
463 617 59 21 äfven
536 617 36 26 jag
587 616 115 27 tillstyrker
718 617 35 26 det
768 617 21 21 af
802 617 106 26 professor

85 644 103 22 Forsman
204 645 123 22 framstälda
341 645 147 26 formulerings
503 645 110 27 förslagets
628 640 124 43 antagande.

156 713 84 21 Doktor
263 713 197 22 Nordström:
485 714 42 27 Jag
547 713 68 22 skulle
629 713 117 22 framställa
760 713 32 22 till
808 714 35 21 det
858 713 51 28 hög-

89 742 87 26 vördiga
191 742 95 21 ståndets
302 742 118 26 afgörande,
436 742 102 22 huruvida
553 742 36 22 det
603 742 41 21 kan
660 749 50 14 vara
725 743 46 20 med
787 742 122 27 landtdags-

90 771 116 26 ordningen
229 771 225 21 öfverensstämmande
476 773 32 19 att
530 778 24 14 en
576 771 138 21 frånvarande
732 770 103 22 ledamots
851 771 57 21 talan

89 799 55 21 föres
166 805 79 21 genom
268 799 128 22 fremmande
419 806 75 21 person
510 800 39 21 och
564 800 70 21 vidare
650 799 66 22 skulle
740 806 32 20 jag,
787 800 6 20 i
809 799 100 22 händelse

89 828 59 21 detta
162 834 62 15 anses
240 834 48 15 vara
304 828 46 21 med
365 828 228 27 landtdagsordningen
609 828 232 27 öfverensstämmande,
857 828 52 27 yrka

88 857 27 26 på
131 859 31 18 att
178 863 33 14 om
228 857 57 21 detta
301 857 21 20 af
333 857 106 26 professor
449 857 101 21 Forsman
562 857 122 21 framstälda
694 857 78 26 förslag
782 857 53 20 skall
845 857 64 20 blifva

88 885 86 21 föremål
198 885 32 21 för
253 885 101 26 votering,
371 885 34 21 det
421 886 66 20 måtte
502 885 132 27 bordläggas,
650 885 32 21 för
696 888 32 18 att
743 891 48 15 man
806 885 68 21 skulle
889 885 20 21 få

88 916 98 19 närmare
202 913 92 22 betänka
310 914 46 21 dess
371 913 97 22 innehåll.

159 982 141 27 Domprosten
315 982 140 21 Renvall:
475 982 110 22 Professor
600 982 102 21 Forsman
717 981 66 22 erhöll
796 981 6 22 i
815 982 94 27 uppdrag

89 1012 32 19 att
136 1011 54 20 söka
206 1017 26 14 en
247 1011 136 26 formulering
398 1011 22 21 af
434 1011 67 21 denna
516 1011 62 26 kläm,
594 1017 45 15 som
654 1017 57 14 mera
726 1010 67 22 skulle
804 1013 105 18 motsvara

89 1039 158 26 önskningarna
262 1040 6 20 i
283 1039 84 21 formelt
384 1039 124 25 hänseende,
524 1042 26 19 än
565 1039 85 22 ståndet
664 1039 66 27 ansåg
745 1039 38 21 den
800 1039 111 21 innehafva

90 1067 39 22 och
149 1067 91 22 sålunda
256 1069 22 20 är
295 1068 35 21 det
345 1068 45 21 icke
405 1068 69 27 någon
490 1067 146 28 oegentlighet,
652 1070 32 19 att
699 1067 51 22 hans
766 1067 77 27 förslag
858 1073 51 21 upp-

87 1097 52 20 lästs
155 1097 39 20 och
211 1099 31 18 att
258 1097 91 25 ståndet,
365 1103 33 14 om
415 1097 36 21 det
466 1097 23 20 så
504 1097 67 20 finner
581 1097 32 20 för
619 1097 61 31 godt,
691 1099 87 29 antager
788 1097 122 20 detsamma.

87 1125 113 21 Dessutom
222 1125 41 21 kan
286 1128 84 23 prosten
386 1125 104 27 Bergroth
506 1125 86 26 tillegna
607 1125 31 26 sig
653 1125 35 21 det
703 1120 69 31 såsom
787 1125 42 20 sitt.
860 1124 50 21 Pro-

87 1153 66 22 fessor
176 1153 103 22 Forsman
304 1154 38 21 har
357 1154 32 20 för
404 1142 63 38 öfrigt
481 1154 46 21 icke
541 1154 54 21 varit
611 1159 70 15 ensam
697 1159 40 15 omi
746 1153 99 26 förslaget
859 1155 51 19 utan

88 1182 39 22 har
143 1182 35 21 det
194 1182 70 22 blifvit
280 1182 113 28 uppgjordt
407 1182 7 22 i
430 1183 83 21 samråd
529 1183 47 21 med
590 1182 106 26 åtskilliga
708 1182 66 21 andra
785 1181 32 21 för
827 1181 84 27 frågans

87 1211 104 27 tydligare
215 1212 83 26 lösning
319 1211 139 21 intresserade
473 1218 105 20 personer.
609 1211 61 21 Hvad
685 1212 46 20 åter
746 1210 39 22 den
801 1210 110 27 bordlägg-

87 1240 56 26 ning,
160 1246 45 15 som
222 1240 125 28 påyrkades,
361 1240 107 26 beträffar,
484 1240 39 21 bör
538 1240 39 22 den
588 1240 131 25 naturligtvis
752 1239 98 26 medgifvas.
871 1239 40 26 Jag

88 1268 32 22 för
143 1269 42 20 min
209 1268 34 22 del
267 1269 78 27 tycker,
369 1271 31 19 att
422 1269 64 21 saken
509 1269 68 21 skulle
592 1268 102 26 hastigast
709 1244 88 74 ara
814 1274 33 14 om
863 1274 48 14 man

87 1296 68 22 skulle
177 1299 49 25 taga
251 1298 115 20 utskottets
388 1297 78 27 förslag
481 1297 31 21 till
525 1298 22 26 ja
562 1297 129 27 proposition
707 1303 24 15 och
761 1296 58 22 detta
834 1296 78 27 förslag

87 1325 35 22 till
138 1326 32 26 nej
186 1326 137 27 proposition.

159 1394 153 27 Kyrkoherden
334 1394 167 22 Stenbäck:
527 1395 10 21 I
551 1394 117 21 hufvudsak
684 1396 22 19 är
719 1394 36 26 jag
770 1393 143 21 förekommen

88 1422 23 22 af
136 1423 135 25 domprosten
294 1423 93 21 Renvall.
417 1423 40 25 Jag
479 1425 44 19 tror
546 1424 35 20 det
601 1423 77 20 enhvar
694 1422 21 21 af
728 1428 34 15 oss
778 1422 38 20 har
830 1422 6 20 i
852 1422 61 20 friskt

94 1450 76 26 minne,
186 1452 33 19 att
234 1450 67 22 under
316 1451 39 20 den
372 1450 124 26 diskussion,
512 1457 44 14 som
571 1450 89 25 förevar,
676 1450 40 20 den
731 1449 89 21 ledande
835 1449 78 21 tanken

95 1479 38 21 hos
155 1478 72 26 hvarje
250 1479 67 21 talare
339 1485 43 19 var,
405 1481 33 19 att
452 1484 26 15 en
493 1479 64 21 sädan
574 1478 152 26 omredigering
741 1478 66 20 skulle
823 1478 90 25 försiggä

94 1507 40 21 och
149 1506 68 22 skulle
230 1507 36 27 jag
281 1507 32 21 för
327 1507 41 21 min
385 1507 34 21 del
434 1506 49 28 gilla
497 1506 228 27 redaktionsförslaget.

819 1546 23 17 63
