<?xml version="1.0" encoding="UTF-8"?>
<alto xmlns="http://www.loc.gov/standards/alto/ns-v3#" xmlns:xlink="http://www.w3.org/1999/xlink" xmlns:xsi="http://www.w3.org/2001/XMLSchema-instance" xsi:schemaLocation="http://www.loc.gov/standards/alto/ns-v3# http://www.loc.gov/alto/v3/alto-3-0.xsd">
	<Description>
		<MeasurementUnit>pixel</MeasurementUnit>
		<sourceImageInformation>
			<fileName>/tmp/tess_rxd0115s_input.PNG</fileName>
		</sourceImageInformation>
		<OCRProcessing ID="OCR_0">
			<ocrProcessingStep>
				<processingSoftware>
					<softwareName>tesseract 5.3.4</softwareName>
				</processingSoftware>
			</ocrProcessingStep>
		</OCRProcessing>
	</Description>
	<Layout>
		<Page WIDTH="1089" HEIGHT="1814" PHYSICAL_IMG_NR="0" ID="page_0">
			<PrintSpace HPOS="0" VPOS="0" WIDTH="1089" HEIGHT="1814">
				<ComposedBlock ID="cblock_0" HPOS="206" VPOS="125" WIDTH="539" HEIGHT="24">
					<TextBlock ID="block_0" HPOS="206" VPOS="125" WIDTH="539" HEIGHT="24">
						<TextLine ID="line_0" HPOS="206" VPOS="125" WIDTH="539" HEIGHT="24">
							<String ID="string_0" HPOS="206" VPOS="125" WIDTH="41" HEIGHT="20" WC="0.95" CONTENT="918"/><SP WIDTH="166" VPOS="125" HPOS="247"/>
							<String ID="string_1" HPOS="413" VPOS="129" WIDTH="159" HEIGHT="17" WC="0.91" CONTENT="Presteståndet"/><SP WIDTH="13" VPOS="129" HPOS="572"/>
							<String ID="string_2" HPOS="585" VPOS="129" WIDTH="52" HEIGHT="18" WC="0.96" CONTENT="1877."/><SP WIDTH="24" VPOS="129" HPOS="637"/>
							<String ID="string_3" HPOS="661" VPOS="130" WIDTH="26" HEIGHT="16" WC="0.96" CONTENT="24"/><SP WIDTH="12" VPOS="130" HPOS="687"/>
							<String ID="string_4" HPOS="699" VPOS="129" WIDTH="46" HEIGHT="20" WC="0.95" CONTENT="maj."/>
						</TextLine>
					</TextBlock>
				</ComposedBlock>
				<GraphicalElement ID="cblock_1" HPOS="201" VPOS="155" WIDTH="794" HEIGHT="8"></GraphicalElement >
				<ComposedBlock ID="cblock_2" HPOS="176" VPOS="197" WIDTH="822" HEIGHT="536">
					<TextBlock ID="block_1" HPOS="176" VPOS="197" WIDTH="822" HEIGHT="536">
						<TextLine ID="line_1" HPOS="177" VPOS="197" WIDTH="819" HEIGHT="27">
							<String ID="string_5" HPOS="177" VPOS="199" WIDTH="88" HEIGHT="25" WC="0.96" CONTENT="ändring"/><SP WIDTH="22" VPOS="199" HPOS="265"/>
							<String ID="string_6" HPOS="287" VPOS="198" WIDTH="7" HEIGHT="21" WC="0.96" CONTENT="i"/><SP WIDTH="23" VPOS="198" HPOS="294"/>
							<String ID="string_7" HPOS="317" VPOS="199" WIDTH="26" HEIGHT="20" WC="0.96" CONTENT="de"/><SP WIDTH="21" VPOS="199" HPOS="343"/>
							<String ID="string_8" HPOS="364" VPOS="198" WIDTH="163" HEIGHT="26" WC="0.96" CONTENT="bestämningar,"/><SP WIDTH="23" VPOS="198" HPOS="527"/>
							<String ID="string_9" HPOS="550" VPOS="203" WIDTH="45" HEIGHT="15" WC="0.96" CONTENT="som"/><SP WIDTH="22" VPOS="203" HPOS="595"/>
							<String ID="string_10" HPOS="617" VPOS="198" WIDTH="7" HEIGHT="20" WC="0.96" CONTENT="i"/><SP WIDTH="21" VPOS="198" HPOS="624"/>
							<String ID="string_11" HPOS="645" VPOS="197" WIDTH="58" HEIGHT="21" WC="0.96" CONTENT="detta"/><SP WIDTH="16" VPOS="197" HPOS="703"/>
							<String ID="string_12" HPOS="719" VPOS="197" WIDTH="78" HEIGHT="26" WC="0.96" CONTENT="förslag"/><SP WIDTH="15" VPOS="197" HPOS="797"/>
							<String ID="string_13" HPOS="812" VPOS="199" WIDTH="36" HEIGHT="19" WC="0.96" CONTENT="äro"/><SP WIDTH="17" VPOS="199" HPOS="848"/>
							<String ID="string_14" HPOS="865" VPOS="197" WIDTH="80" HEIGHT="26" WC="0.96" CONTENT="gjorda,"/><SP WIDTH="16" VPOS="197" HPOS="945"/>
							<String ID="string_15" HPOS="961" VPOS="197" WIDTH="35" HEIGHT="21" WC="0.96" CONTENT="det"/>
						</TextLine>
						<TextLine ID="line_2" HPOS="177" VPOS="225" WIDTH="819" HEIGHT="28">
							<String ID="string_16" HPOS="177" VPOS="227" WIDTH="112" HEIGHT="26" WC="0.94" CONTENT="nämligen,"/><SP WIDTH="23" VPOS="227" HPOS="289"/>
							<String ID="string_17" HPOS="312" VPOS="228" WIDTH="32" HEIGHT="19" WC="0.96" CONTENT="att"/><SP WIDTH="22" VPOS="228" HPOS="344"/>
							<String ID="string_18" HPOS="366" VPOS="227" WIDTH="73" HEIGHT="26" WC="0.96" CONTENT="frågan"/><SP WIDTH="23" VPOS="227" HPOS="439"/>
							<String ID="string_19" HPOS="462" VPOS="226" WIDTH="62" HEIGHT="21" WC="0.96" CONTENT="berör"/><SP WIDTH="15" VPOS="226" HPOS="524"/>
							<String ID="string_20" HPOS="539" VPOS="232" WIDTH="25" HEIGHT="15" WC="0.96" CONTENT="en"/><SP WIDTH="16" VPOS="232" HPOS="564"/>
							<String ID="string_21" HPOS="580" VPOS="226" WIDTH="44" HEIGHT="25" WC="0.96" CONTENT="sak,"/><SP WIDTH="16" VPOS="226" HPOS="624"/>
							<String ID="string_22" HPOS="640" VPOS="232" WIDTH="44" HEIGHT="14" WC="0.96" CONTENT="som"/><SP WIDTH="17" VPOS="232" HPOS="684"/>
							<String ID="string_23" HPOS="701" VPOS="227" WIDTH="23" HEIGHT="20" WC="0.96" CONTENT="är"/><SP WIDTH="15" VPOS="227" HPOS="724"/>
							<String ID="string_24" HPOS="739" VPOS="225" WIDTH="22" HEIGHT="21" WC="0.96" CONTENT="af"/><SP WIDTH="13" VPOS="225" HPOS="761"/>
							<String ID="string_25" HPOS="774" VPOS="227" WIDTH="23" HEIGHT="20" WC="0.96" CONTENT="så"/><SP WIDTH="16" VPOS="227" HPOS="797"/>
							<String ID="string_26" HPOS="813" VPOS="225" WIDTH="86" HEIGHT="26" WC="0.93" CONTENT="ömtålig"/><SP WIDTH="16" VPOS="225" HPOS="899"/>
							<String ID="string_27" HPOS="915" VPOS="225" WIDTH="81" HEIGHT="24" WC="0.92" CONTENT="beskaf-"/>
						</TextLine>
						<TextLine ID="line_3" HPOS="177" VPOS="254" WIDTH="819" HEIGHT="27">
							<String ID="string_28" HPOS="177" VPOS="255" WIDTH="78" HEIGHT="24" WC="0.91" CONTENT="fenhet,"/><SP WIDTH="23" VPOS="255" HPOS="255"/>
							<String ID="string_29" HPOS="278" VPOS="257" WIDTH="31" HEIGHT="19" WC="0.96" CONTENT="att"/><SP WIDTH="22" VPOS="257" HPOS="309"/>
							<String ID="string_30" HPOS="331" VPOS="261" WIDTH="25" HEIGHT="15" WC="0.96" CONTENT="en"/><SP WIDTH="24" VPOS="261" HPOS="356"/>
							<String ID="string_31" HPOS="380" VPOS="255" WIDTH="87" HEIGHT="26" WC="0.96" CONTENT="ändring"/><SP WIDTH="24" VPOS="255" HPOS="467"/>
							<String ID="string_32" HPOS="491" VPOS="254" WIDTH="21" HEIGHT="21" WC="0.96" CONTENT="af"/><SP WIDTH="21" VPOS="254" HPOS="512"/>
							<String ID="string_33" HPOS="533" VPOS="255" WIDTH="155" HEIGHT="26" WC="0.95" CONTENT="propositionen"/><SP WIDTH="22" VPOS="255" HPOS="688"/>
							<String ID="string_34" HPOS="710" VPOS="254" WIDTH="70" HEIGHT="21" WC="0.96" CONTENT="kunde"/><SP WIDTH="15" VPOS="254" HPOS="780"/>
							<String ID="string_35" HPOS="795" VPOS="254" WIDTH="152" HEIGHT="26" WC="0.96" CONTENT="åstadkomma,"/><SP WIDTH="18" VPOS="254" HPOS="947"/>
							<String ID="string_36" HPOS="965" VPOS="257" WIDTH="31" HEIGHT="18" WC="0.96" CONTENT="att"/>
						</TextLine>
						<TextLine ID="line_4" HPOS="178" VPOS="282" WIDTH="818" HEIGHT="28">
							<String ID="string_37" HPOS="178" VPOS="284" WIDTH="47" HEIGHT="21" WC="0.96" CONTENT="hela"/><SP WIDTH="20" VPOS="284" HPOS="225"/>
							<String ID="string_38" HPOS="245" VPOS="283" WIDTH="102" HEIGHT="27" WC="0.93" CONTENT="förslaget"/><SP WIDTH="14" VPOS="283" HPOS="347"/>
							<String ID="string_39" HPOS="361" VPOS="283" WIDTH="88" HEIGHT="22" WC="0.90" CONTENT="förfölle."/><SP WIDTH="30" VPOS="283" HPOS="449"/>
							<String ID="string_40" HPOS="479" VPOS="283" WIDTH="40" HEIGHT="26" WC="0.96" CONTENT="Jag"/><SP WIDTH="14" VPOS="283" HPOS="519"/>
							<String ID="string_41" HPOS="533" VPOS="283" WIDTH="67" HEIGHT="21" WC="0.96" CONTENT="skulle"/><SP WIDTH="16" VPOS="283" HPOS="600"/>
							<String ID="string_42" HPOS="616" VPOS="283" WIDTH="51" HEIGHT="20" WC="0.96" CONTENT="visst"/><SP WIDTH="15" VPOS="283" HPOS="667"/>
							<String ID="string_43" HPOS="682" VPOS="283" WIDTH="17" HEIGHT="26" WC="0.96" CONTENT="ej"/><SP WIDTH="17" VPOS="283" HPOS="699"/>
							<String ID="string_44" HPOS="716" VPOS="283" WIDTH="71" HEIGHT="25" WC="0.96" CONTENT="önska,"/><SP WIDTH="16" VPOS="283" HPOS="787"/>
							<String ID="string_45" HPOS="803" VPOS="285" WIDTH="31" HEIGHT="18" WC="0.96" CONTENT="att"/><SP WIDTH="15" VPOS="285" HPOS="834"/>
							<String ID="string_46" HPOS="849" VPOS="282" WIDTH="100" HEIGHT="27" WC="0.95" CONTENT="förslaget"/><SP WIDTH="15" VPOS="282" HPOS="949"/>
							<String ID="string_47" HPOS="964" VPOS="282" WIDTH="32" HEIGHT="21" WC="0.95" CONTENT="till"/>
						</TextLine>
						<TextLine ID="line_5" HPOS="178" VPOS="311" WIDTH="819" HEIGHT="28">
							<String ID="string_48" HPOS="178" VPOS="312" WIDTH="68" HEIGHT="21" WC="0.96" CONTENT="denna"/><SP WIDTH="15" VPOS="312" HPOS="246"/>
							<String ID="string_49" HPOS="261" VPOS="312" WIDTH="121" HEIGHT="27" WC="0.96" CONTENT="förordning"/><SP WIDTH="15" VPOS="312" HPOS="382"/>
							<String ID="string_50" HPOS="397" VPOS="312" WIDTH="67" HEIGHT="21" WC="0.96" CONTENT="skulle"/><SP WIDTH="15" VPOS="312" HPOS="464"/>
							<String ID="string_51" HPOS="479" VPOS="311" WIDTH="89" HEIGHT="23" WC="0.96" CONTENT="förfalla;"/><SP WIDTH="19" VPOS="311" HPOS="568"/>
							<String ID="string_52" HPOS="587" VPOS="318" WIDTH="46" HEIGHT="15" WC="0.97" CONTENT="men"/><SP WIDTH="14" VPOS="318" HPOS="633"/>
							<String ID="string_53" HPOS="647" VPOS="311" WIDTH="36" HEIGHT="27" WC="0.96" CONTENT="jag"/><SP WIDTH="15" VPOS="311" HPOS="683"/>
							<String ID="string_54" HPOS="698" VPOS="314" WIDTH="50" HEIGHT="24" WC="0.96" CONTENT="tror,"/><SP WIDTH="17" VPOS="314" HPOS="748"/>
							<String ID="string_55" HPOS="765" VPOS="313" WIDTH="31" HEIGHT="19" WC="0.96" CONTENT="att"/><SP WIDTH="15" VPOS="313" HPOS="796"/>
							<String ID="string_56" HPOS="811" VPOS="311" WIDTH="72" HEIGHT="26" WC="0.96" CONTENT="sjelfva"/><SP WIDTH="14" VPOS="311" HPOS="883"/>
							<String ID="string_57" HPOS="897" VPOS="311" WIDTH="100" HEIGHT="27" WC="0.95" CONTENT="förslaget"/>
						</TextLine>
						<TextLine ID="line_6" HPOS="177" VPOS="340" WIDTH="819" HEIGHT="27">
							<String ID="string_58" HPOS="177" VPOS="341" WIDTH="114" HEIGHT="26" WC="0.93" CONTENT="ingalunda"/><SP WIDTH="23" VPOS="341" HPOS="291"/>
							<String ID="string_59" HPOS="314" VPOS="341" WIDTH="82" HEIGHT="21" WC="0.92" CONTENT="derföre"/><SP WIDTH="23" VPOS="341" HPOS="396"/>
							<String ID="string_60" HPOS="419" VPOS="341" WIDTH="66" HEIGHT="21" WC="0.96" CONTENT="skulle"/><SP WIDTH="16" VPOS="341" HPOS="485"/>
							<String ID="string_61" HPOS="501" VPOS="340" WIDTH="86" HEIGHT="25" WC="0.95" CONTENT="förfalla,"/><SP WIDTH="16" VPOS="340" HPOS="587"/>
							<String ID="string_62" HPOS="603" VPOS="343" WIDTH="32" HEIGHT="18" WC="0.96" CONTENT="att"/><SP WIDTH="15" VPOS="343" HPOS="635"/>
							<String ID="string_63" HPOS="650" VPOS="347" WIDTH="47" HEIGHT="14" WC="0.96" CONTENT="man"/><SP WIDTH="16" VPOS="347" HPOS="697"/>
							<String ID="string_64" HPOS="713" VPOS="340" WIDTH="67" HEIGHT="21" WC="0.95" CONTENT="skulle"/><SP WIDTH="15" VPOS="340" HPOS="780"/>
							<String ID="string_65" HPOS="795" VPOS="342" WIDTH="51" HEIGHT="25" WC="0.96" CONTENT="göra"/><SP WIDTH="16" VPOS="342" HPOS="846"/>
							<String ID="string_66" HPOS="862" VPOS="341" WIDTH="68" HEIGHT="25" WC="0.93" CONTENT="någon"/><SP WIDTH="16" VPOS="341" HPOS="930"/>
							<String ID="string_67" HPOS="946" VPOS="341" WIDTH="50" HEIGHT="20" WC="0.92" CONTENT="änd-"/>
						</TextLine>
						<TextLine ID="line_7" HPOS="178" VPOS="369" WIDTH="818" HEIGHT="27">
							<String ID="string_68" HPOS="178" VPOS="370" WIDTH="47" HEIGHT="26" WC="0.96" CONTENT="ring"/><SP WIDTH="22" VPOS="370" HPOS="225"/>
							<String ID="string_69" HPOS="247" VPOS="369" WIDTH="108" HEIGHT="26" WC="0.96" CONTENT="angående"/><SP WIDTH="23" VPOS="369" HPOS="355"/>
							<String ID="string_70" HPOS="378" VPOS="370" WIDTH="39" HEIGHT="21" WC="0.96" CONTENT="den"/><SP WIDTH="16" VPOS="370" HPOS="417"/>
							<String ID="string_71" HPOS="433" VPOS="369" WIDTH="44" HEIGHT="26" WC="0.93" CONTENT="sak,"/><SP WIDTH="15" VPOS="369" HPOS="477"/>
							<String ID="string_72" HPOS="492" VPOS="369" WIDTH="85" HEIGHT="21" WC="0.93" CONTENT="hvarom"/><SP WIDTH="14" VPOS="369" HPOS="577"/>
							<String ID="string_73" HPOS="591" VPOS="369" WIDTH="36" HEIGHT="27" WC="0.96" CONTENT="jag"/><SP WIDTH="15" VPOS="369" HPOS="627"/>
							<String ID="string_74" HPOS="642" VPOS="369" WIDTH="38" HEIGHT="21" WC="0.95" CONTENT="har"/><SP WIDTH="15" VPOS="369" HPOS="680"/>
							<String ID="string_75" HPOS="695" VPOS="369" WIDTH="44" HEIGHT="21" WC="0.95" CONTENT="haft"/><SP WIDTH="16" VPOS="369" HPOS="739"/>
							<String ID="string_76" HPOS="755" VPOS="371" WIDTH="49" HEIGHT="19" WC="0.96" CONTENT="äran"/><SP WIDTH="18" VPOS="371" HPOS="804"/>
							<String ID="string_77" HPOS="822" VPOS="371" WIDTH="30" HEIGHT="19" WC="0.96" CONTENT="att"/><SP WIDTH="16" VPOS="371" HPOS="852"/>
							<String ID="string_78" HPOS="868" VPOS="369" WIDTH="58" HEIGHT="21" WC="0.96" CONTENT="orda."/><SP WIDTH="31" VPOS="369" HPOS="926"/>
							<String ID="string_79" HPOS="957" VPOS="369" WIDTH="39" HEIGHT="22" WC="0.96" CONTENT="Om"/>
						</TextLine>
						<TextLine ID="line_8" HPOS="178" VPOS="397" WIDTH="819" HEIGHT="26">
							<String ID="string_80" HPOS="178" VPOS="398" WIDTH="84" HEIGHT="21" WC="0.95" CONTENT="ståndet"/><SP WIDTH="15" VPOS="398" HPOS="262"/>
							<String ID="string_81" HPOS="277" VPOS="398" WIDTH="67" HEIGHT="21" WC="0.96" CONTENT="skulle"/><SP WIDTH="15" VPOS="398" HPOS="344"/>
							<String ID="string_82" HPOS="359" VPOS="400" WIDTH="75" HEIGHT="19" WC="0.95" CONTENT="stanna"/><SP WIDTH="15" VPOS="400" HPOS="434"/>
							<String ID="string_83" HPOS="449" VPOS="398" WIDTH="34" HEIGHT="21" WC="0.96" CONTENT="vid"/><SP WIDTH="15" VPOS="398" HPOS="483"/>
							<String ID="string_84" HPOS="498" VPOS="398" WIDTH="36" HEIGHT="21" WC="0.96" CONTENT="det"/><SP WIDTH="15" VPOS="398" HPOS="534"/>
							<String ID="string_85" HPOS="549" VPOS="397" WIDTH="68" HEIGHT="22" WC="0.95" CONTENT="beslut"/><SP WIDTH="15" VPOS="397" HPOS="617"/>
							<String ID="string_86" HPOS="632" VPOS="399" WIDTH="31" HEIGHT="19" WC="0.96" CONTENT="att"/><SP WIDTH="16" VPOS="399" HPOS="663"/>
							<String ID="string_87" HPOS="679" VPOS="397" WIDTH="57" HEIGHT="21" WC="0.96" CONTENT="äfven"/><SP WIDTH="17" VPOS="397" HPOS="736"/>
							<String ID="string_88" HPOS="753" VPOS="404" WIDTH="22" HEIGHT="14" WC="0.92" CONTENT="se"/><SP WIDTH="11" VPOS="404" HPOS="775"/>
							<String ID="string_89" HPOS="786" VPOS="397" WIDTH="138" HEIGHT="26" WC="0.92" CONTENT="gäldenärens"/><SP WIDTH="13" VPOS="397" HPOS="924"/>
							<String ID="string_90" HPOS="937" VPOS="397" WIDTH="60" HEIGHT="22" WC="0.96" CONTENT="bästa"/>
						</TextLine>
						<TextLine ID="line_9" HPOS="178" VPOS="426" WIDTH="818" HEIGHT="27">
							<String ID="string_91" HPOS="178" VPOS="426" WIDTH="94" HEIGHT="26" WC="0.95" CONTENT="tillgodo,"/><SP WIDTH="23" VPOS="426" HPOS="272"/>
							<String ID="string_92" HPOS="295" VPOS="426" WIDTH="67" HEIGHT="21" WC="0.96" CONTENT="skulle"/><SP WIDTH="20" VPOS="426" HPOS="362"/>
							<String ID="string_93" HPOS="382" VPOS="427" WIDTH="36" HEIGHT="26" WC="0.96" CONTENT="jag"/><SP WIDTH="20" VPOS="427" HPOS="418"/>
							<String ID="string_94" HPOS="438" VPOS="426" WIDTH="89" HEIGHT="26" WC="0.96" CONTENT="förorda,"/><SP WIDTH="16" VPOS="426" HPOS="527"/>
							<String ID="string_95" HPOS="543" VPOS="428" WIDTH="31" HEIGHT="19" WC="0.96" CONTENT="att"/><SP WIDTH="15" VPOS="428" HPOS="574"/>
							<String ID="string_96" HPOS="589" VPOS="426" WIDTH="72" HEIGHT="26" WC="0.93" CONTENT="frågan"/><SP WIDTH="16" VPOS="426" HPOS="661"/>
							<String ID="string_97" HPOS="677" VPOS="426" WIDTH="167" HEIGHT="21" WC="0.91" CONTENT="återremitteras"/><SP WIDTH="15" VPOS="426" HPOS="844"/>
							<String ID="string_98" HPOS="859" VPOS="426" WIDTH="31" HEIGHT="21" WC="0.93" CONTENT="till"/><SP WIDTH="17" VPOS="426" HPOS="890"/>
							<String ID="string_99" HPOS="907" VPOS="428" WIDTH="89" HEIGHT="25" WC="0.92" CONTENT="myntut-"/>
						</TextLine>
						<TextLine ID="line_10" HPOS="177" VPOS="454" WIDTH="820" HEIGHT="27">
							<String ID="string_100" HPOS="177" VPOS="455" WIDTH="80" HEIGHT="20" WC="0.95" CONTENT="skottet"/><SP WIDTH="23" VPOS="455" HPOS="257"/>
							<String ID="string_101" HPOS="280" VPOS="455" WIDTH="27" HEIGHT="26" WC="0.96" CONTENT="på"/><SP WIDTH="22" VPOS="455" HPOS="307"/>
							<String ID="string_102" HPOS="329" VPOS="455" WIDTH="36" HEIGHT="20" WC="0.96" CONTENT="det"/><SP WIDTH="23" VPOS="455" HPOS="365"/>
							<String ID="string_103" HPOS="388" VPOS="457" WIDTH="30" HEIGHT="18" WC="0.96" CONTENT="att"/><SP WIDTH="16" VPOS="457" HPOS="418"/>
							<String ID="string_104" HPOS="434" VPOS="455" WIDTH="104" HEIGHT="20" WC="0.95" CONTENT="utskottet"/><SP WIDTH="15" VPOS="455" HPOS="538"/>
							<String ID="string_105" HPOS="553" VPOS="454" WIDTH="67" HEIGHT="21" WC="0.95" CONTENT="skulle"/><SP WIDTH="16" VPOS="454" HPOS="620"/>
							<String ID="string_106" HPOS="636" VPOS="455" WIDTH="83" HEIGHT="20" WC="0.96" CONTENT="komma"/><SP WIDTH="16" VPOS="455" HPOS="719"/>
							<String ID="string_107" HPOS="735" VPOS="455" WIDTH="6" HEIGHT="20" WC="0.95" CONTENT="i"/><SP WIDTH="15" VPOS="455" HPOS="741"/>
							<String ID="string_108" HPOS="756" VPOS="454" WIDTH="83" HEIGHT="21" WC="0.96" CONTENT="tillfälle"/><SP WIDTH="15" VPOS="454" HPOS="839"/>
							<String ID="string_109" HPOS="854" VPOS="457" WIDTH="33" HEIGHT="18" WC="0.96" CONTENT="att"/><SP WIDTH="14" VPOS="457" HPOS="887"/>
							<String ID="string_110" HPOS="901" VPOS="455" WIDTH="96" HEIGHT="26" WC="0.96" CONTENT="redigera"/>
						</TextLine>
						<TextLine ID="line_11" HPOS="177" VPOS="483" WIDTH="820" HEIGHT="27">
							<String ID="string_111" HPOS="177" VPOS="483" WIDTH="101" HEIGHT="26" WC="0.95" CONTENT="förslaget"/><SP WIDTH="22" VPOS="483" HPOS="278"/>
							<String ID="string_112" HPOS="300" VPOS="483" WIDTH="6" HEIGHT="21" WC="0.96" CONTENT="i"/><SP WIDTH="23" VPOS="483" HPOS="306"/>
							<String ID="string_113" HPOS="329" VPOS="483" WIDTH="76" HEIGHT="21" WC="0.96" CONTENT="sådant"/><SP WIDTH="18" VPOS="483" HPOS="405"/>
							<String ID="string_114" HPOS="423" VPOS="483" WIDTH="60" HEIGHT="27" WC="0.93" CONTENT="syfte."/><SP WIDTH="30" VPOS="483" HPOS="483"/>
							<String ID="string_115" HPOS="513" VPOS="483" WIDTH="45" HEIGHT="21" WC="0.96" CONTENT="Den"/><SP WIDTH="16" VPOS="483" HPOS="558"/>
							<String ID="string_116" HPOS="574" VPOS="483" WIDTH="43" HEIGHT="25" WC="0.96" CONTENT="sak,"/><SP WIDTH="17" VPOS="483" HPOS="617"/>
							<String ID="string_117" HPOS="634" VPOS="489" WIDTH="43" HEIGHT="14" WC="0.96" CONTENT="som"/><SP WIDTH="18" VPOS="489" HPOS="677"/>
							<String ID="string_118" HPOS="695" VPOS="489" WIDTH="48" HEIGHT="14" WC="0.95" CONTENT="man"/><SP WIDTH="15" VPOS="489" HPOS="743"/>
							<String ID="string_119" HPOS="758" VPOS="483" WIDTH="42" HEIGHT="25" WC="0.96" CONTENT="vill,"/><SP WIDTH="17" VPOS="483" HPOS="800"/>
							<String ID="string_120" HPOS="817" VPOS="485" WIDTH="23" HEIGHT="18" WC="0.96" CONTENT="är"/><SP WIDTH="15" VPOS="485" HPOS="840"/>
							<String ID="string_121" HPOS="855" VPOS="483" WIDTH="51" HEIGHT="21" WC="0.96" CONTENT="visst"/><SP WIDTH="16" VPOS="483" HPOS="906"/>
							<String ID="string_122" HPOS="922" VPOS="483" WIDTH="21" HEIGHT="21" WC="0.96" CONTENT="af"/><SP WIDTH="14" VPOS="483" HPOS="943"/>
							<String ID="string_123" HPOS="957" VPOS="484" WIDTH="40" HEIGHT="20" WC="0.96" CONTENT="den"/>
						</TextLine>
						<TextLine ID="line_12" HPOS="177" VPOS="511" WIDTH="821" HEIGHT="27">
							<String ID="string_124" HPOS="177" VPOS="511" WIDTH="150" HEIGHT="26" WC="0.96" CONTENT="beskaffenhet,"/><SP WIDTH="17" VPOS="511" HPOS="327"/>
							<String ID="string_125" HPOS="344" VPOS="514" WIDTH="31" HEIGHT="18" WC="0.96" CONTENT="att"/><SP WIDTH="16" VPOS="514" HPOS="375"/>
							<String ID="string_126" HPOS="391" VPOS="518" WIDTH="47" HEIGHT="14" WC="0.96" CONTENT="man"/><SP WIDTH="16" VPOS="518" HPOS="438"/>
							<String ID="string_127" HPOS="454" VPOS="512" WIDTH="17" HEIGHT="26" WC="0.96" CONTENT="ej"/><SP WIDTH="18" VPOS="512" HPOS="471"/>
							<String ID="string_128" HPOS="489" VPOS="511" WIDTH="31" HEIGHT="21" WC="0.96" CONTENT="får"/><SP WIDTH="16" VPOS="511" HPOS="520"/>
							<String ID="string_129" HPOS="536" VPOS="511" WIDTH="43" HEIGHT="21" WC="0.96" CONTENT="låta"/><SP WIDTH="15" VPOS="511" HPOS="579"/>
							<String ID="string_130" HPOS="594" VPOS="512" WIDTH="65" HEIGHT="26" WC="0.96" CONTENT="några"/><SP WIDTH="15" VPOS="512" HPOS="659"/>
							<String ID="string_131" HPOS="674" VPOS="511" WIDTH="45" HEIGHT="21" WC="0.96" CONTENT="små"/><SP WIDTH="15" VPOS="511" HPOS="719"/>
							<String ID="string_132" HPOS="734" VPOS="511" WIDTH="170" HEIGHT="26" WC="0.93" CONTENT="betänkligheter"/><SP WIDTH="15" VPOS="511" HPOS="904"/>
							<String ID="string_133" HPOS="919" VPOS="512" WIDTH="79" HEIGHT="21" WC="0.91" CONTENT="afhålla"/>
						</TextLine>
						<TextLine ID="line_13" HPOS="177" VPOS="540" WIDTH="820" HEIGHT="27">
							<String ID="string_134" HPOS="177" VPOS="540" WIDTH="32" HEIGHT="27" WC="0.95" CONTENT="sig"/><SP WIDTH="18" VPOS="540" HPOS="209"/>
							<String ID="string_135" HPOS="227" VPOS="540" WIDTH="53" HEIGHT="21" WC="0.95" CONTENT="ifrån"/><SP WIDTH="16" VPOS="540" HPOS="280"/>
							<String ID="string_136" HPOS="296" VPOS="543" WIDTH="31" HEIGHT="18" WC="0.95" CONTENT="att"/><SP WIDTH="15" VPOS="543" HPOS="327"/>
							<String ID="string_137" HPOS="342" VPOS="540" WIDTH="85" HEIGHT="21" WC="0.96" CONTENT="förorda"/><SP WIDTH="16" VPOS="540" HPOS="427"/>
							<String ID="string_138" HPOS="443" VPOS="541" WIDTH="46" HEIGHT="20" WC="0.96" CONTENT="dess"/><SP WIDTH="16" VPOS="541" HPOS="489"/>
							<String ID="string_139" HPOS="505" VPOS="541" WIDTH="124" HEIGHT="25" WC="0.96" CONTENT="antagande."/><SP WIDTH="31" VPOS="541" HPOS="629"/>
							<String ID="string_140" HPOS="660" VPOS="540" WIDTH="48" HEIGHT="21" WC="0.96" CONTENT="Men"/><SP WIDTH="14" VPOS="540" HPOS="708"/>
							<String ID="string_141" HPOS="722" VPOS="541" WIDTH="36" HEIGHT="25" WC="0.96" CONTENT="jag"/><SP WIDTH="15" VPOS="541" HPOS="758"/>
							<String ID="string_142" HPOS="773" VPOS="547" WIDTH="68" HEIGHT="18" WC="0.96" CONTENT="anser,"/><SP WIDTH="17" VPOS="547" HPOS="841"/>
							<String ID="string_143" HPOS="858" VPOS="542" WIDTH="32" HEIGHT="19" WC="0.93" CONTENT="att"/><SP WIDTH="14" VPOS="542" HPOS="890"/>
							<String ID="string_144" HPOS="904" VPOS="541" WIDTH="13" HEIGHT="20" WC="0.92" CONTENT="&amp;"/><SP WIDTH="15" VPOS="541" HPOS="917"/>
							<String ID="string_145" HPOS="932" VPOS="541" WIDTH="65" HEIGHT="21" WC="0.96" CONTENT="andra"/>
						</TextLine>
						<TextLine ID="line_14" HPOS="177" VPOS="568" WIDTH="820" HEIGHT="27">
							<String ID="string_146" HPOS="177" VPOS="569" WIDTH="60" HEIGHT="21" WC="0.96" CONTENT="sidan"/><SP WIDTH="24" VPOS="569" HPOS="237"/>
							<String ID="string_147" HPOS="261" VPOS="569" WIDTH="25" HEIGHT="21" WC="0.93" CONTENT="de"/><SP WIDTH="23" VPOS="569" HPOS="286"/>
							<String ID="string_148" HPOS="309" VPOS="569" WIDTH="91" HEIGHT="26" WC="0.92" CONTENT="fattiges,"/><SP WIDTH="23" VPOS="569" HPOS="400"/>
							<String ID="string_149" HPOS="423" VPOS="569" WIDTH="24" HEIGHT="21" WC="0.93" CONTENT="de"/><SP WIDTH="23" VPOS="569" HPOS="447"/>
							<String ID="string_150" HPOS="470" VPOS="568" WIDTH="187" HEIGHT="27" WC="0.92" CONTENT="skuldbelastades,"/><SP WIDTH="18" VPOS="568" HPOS="657"/>
							<String ID="string_151" HPOS="675" VPOS="568" WIDTH="161" HEIGHT="25" WC="0.92" CONTENT="gäldenärernes"/><SP WIDTH="16" VPOS="568" HPOS="836"/>
							<String ID="string_152" HPOS="852" VPOS="569" WIDTH="66" HEIGHT="21" WC="0.92" CONTENT="fördel"/><SP WIDTH="16" VPOS="569" HPOS="918"/>
							<String ID="string_153" HPOS="934" VPOS="569" WIDTH="63" HEIGHT="22" WC="0.92" CONTENT="ocksä"/>
						</TextLine>
						<TextLine ID="line_15" HPOS="177" VPOS="597" WIDTH="819" HEIGHT="27">
							<String ID="string_154" HPOS="177" VPOS="597" WIDTH="39" HEIGHT="21" WC="0.91" CONTENT="bör"/><SP WIDTH="23" VPOS="597" HPOS="216"/>
							<String ID="string_155" HPOS="239" VPOS="597" WIDTH="127" HEIGHT="27" WC="0.94" CONTENT="tillgodoses."/><SP WIDTH="32" VPOS="597" HPOS="366"/>
							<String ID="string_156" HPOS="398" VPOS="597" WIDTH="30" HEIGHT="27" WC="0.96" CONTENT="Ty"/><SP WIDTH="23" VPOS="597" HPOS="428"/>
							<String ID="string_157" HPOS="451" VPOS="599" WIDTH="23" HEIGHT="19" WC="0.96" CONTENT="är"/><SP WIDTH="23" VPOS="599" HPOS="474"/>
							<String ID="string_158" HPOS="497" VPOS="598" WIDTH="35" HEIGHT="20" WC="0.95" CONTENT="det"/><SP WIDTH="17" VPOS="598" HPOS="532"/>
							<String ID="string_159" HPOS="549" VPOS="597" WIDTH="67" HEIGHT="26" WC="0.95" CONTENT="dessa,"/><SP WIDTH="15" VPOS="597" HPOS="616"/>
							<String ID="string_160" HPOS="631" VPOS="603" WIDTH="44" HEIGHT="15" WC="0.96" CONTENT="som"/><SP WIDTH="18" VPOS="603" HPOS="675"/>
							<String ID="string_161" HPOS="693" VPOS="597" WIDTH="59" HEIGHT="21" WC="0.93" CONTENT="skola"/><SP WIDTH="17" VPOS="597" HPOS="752"/>
							<String ID="string_162" HPOS="769" VPOS="597" WIDTH="70" HEIGHT="22" WC="0.96" CONTENT="betala"/><SP WIDTH="15" VPOS="597" HPOS="839"/>
							<String ID="string_163" HPOS="854" VPOS="597" WIDTH="39" HEIGHT="22" WC="0.93" CONTENT="den"/><SP WIDTH="16" VPOS="597" HPOS="893"/>
							<String ID="string_164" HPOS="909" VPOS="598" WIDTH="87" HEIGHT="25" WC="0.96" CONTENT="förmån,"/>
						</TextLine>
						<TextLine ID="line_16" HPOS="177" VPOS="626" WIDTH="820" HEIGHT="26">
							<String ID="string_165" HPOS="177" VPOS="632" WIDTH="45" HEIGHT="14" WC="0.96" CONTENT="som"/><SP WIDTH="15" VPOS="632" HPOS="222"/>
							<String ID="string_166" HPOS="237" VPOS="626" WIDTH="73" HEIGHT="21" WC="0.93" CONTENT="landet"/><SP WIDTH="16" VPOS="626" HPOS="310"/>
							<String ID="string_167" HPOS="326" VPOS="626" WIDTH="71" HEIGHT="20" WC="0.92" CONTENT="vinner"/><SP WIDTH="16" VPOS="626" HPOS="397"/>
							<String ID="string_168" HPOS="413" VPOS="632" WIDTH="74" HEIGHT="20" WC="0.96" CONTENT="genom"/><SP WIDTH="16" VPOS="632" HPOS="487"/>
							<String ID="string_169" HPOS="503" VPOS="628" WIDTH="32" HEIGHT="18" WC="0.92" CONTENT="att"/><SP WIDTH="10" VPOS="628" HPOS="535"/>
							<String ID="string_170" HPOS="545" VPOS="626" WIDTH="97" HEIGHT="20" WC="0.92" CONTENT="förändra"/><SP WIDTH="11" VPOS="626" HPOS="642"/>
							<String ID="string_171" HPOS="653" VPOS="626" WIDTH="122" HEIGHT="26" WC="0.92" CONTENT="myntfoten,"/><SP WIDTH="11" VPOS="626" HPOS="775"/>
							<String ID="string_172" HPOS="786" VPOS="627" WIDTH="23" HEIGHT="20" WC="0.97" CONTENT="sä"/><SP WIDTH="11" VPOS="627" HPOS="809"/>
							<String ID="string_173" HPOS="820" VPOS="629" WIDTH="24" HEIGHT="17" WC="0.96" CONTENT="är"/><SP WIDTH="10" VPOS="629" HPOS="844"/>
							<String ID="string_174" HPOS="854" VPOS="627" WIDTH="58" HEIGHT="20" WC="0.93" CONTENT="detta"/><SP WIDTH="11" VPOS="627" HPOS="912"/>
							<String ID="string_175" HPOS="923" VPOS="629" WIDTH="74" HEIGHT="18" WC="0.92" CONTENT="nästan"/>
						</TextLine>
						<TextLine ID="line_17" HPOS="177" VPOS="653" WIDTH="820" HEIGHT="28">
							<String ID="string_176" HPOS="177" VPOS="653" WIDTH="32" HEIGHT="22" WC="0.93" CONTENT="för"/><SP WIDTH="23" VPOS="653" HPOS="209"/>
							<String ID="string_177" HPOS="232" VPOS="654" WIDTH="96" HEIGHT="27" WC="0.90" CONTENT="dyrköpt."/><SP WIDTH="30" VPOS="654" HPOS="328"/>
							<String ID="string_178" HPOS="358" VPOS="654" WIDTH="32" HEIGHT="21" WC="0.96" CONTENT="De"/><SP WIDTH="23" VPOS="654" HPOS="390"/>
							<String ID="string_179" HPOS="413" VPOS="654" WIDTH="44" HEIGHT="21" WC="0.96" CONTENT="rike"/><SP WIDTH="16" VPOS="654" HPOS="457"/>
							<String ID="string_180" HPOS="473" VPOS="654" WIDTH="70" HEIGHT="21" WC="0.93" CONTENT="kunde"/><SP WIDTH="15" VPOS="654" HPOS="543"/>
							<String ID="string_181" HPOS="558" VPOS="654" WIDTH="65" HEIGHT="21" WC="0.91" CONTENT="hellre"/><SP WIDTH="16" VPOS="654" HPOS="623"/>
							<String ID="string_182" HPOS="639" VPOS="656" WIDTH="48" HEIGHT="24" WC="0.92" CONTENT="taga"/><SP WIDTH="15" VPOS="656" HPOS="687"/>
							<String ID="string_183" HPOS="702" VPOS="654" WIDTH="101" HEIGHT="21" WC="0.92" CONTENT="förlusten"/><SP WIDTH="16" VPOS="654" HPOS="803"/>
							<String ID="string_184" HPOS="819" VPOS="656" WIDTH="56" HEIGHT="25" WC="0.91" CONTENT="uppä"/><SP WIDTH="16" VPOS="656" HPOS="875"/>
							<String ID="string_185" HPOS="891" VPOS="655" WIDTH="36" HEIGHT="26" WC="0.93" CONTENT="sig,"/><SP WIDTH="17" VPOS="655" HPOS="927"/>
							<String ID="string_186" HPOS="944" VPOS="662" WIDTH="53" HEIGHT="14" WC="0.92" CONTENT="eme-"/>
						</TextLine>
						<TextLine ID="line_18" HPOS="178" VPOS="682" WIDTH="820" HEIGHT="27">
							<String ID="string_187" HPOS="178" VPOS="683" WIDTH="40" HEIGHT="21" WC="0.96" CONTENT="dan"/><SP WIDTH="23" VPOS="683" HPOS="218"/>
							<String ID="string_188" HPOS="241" VPOS="684" WIDTH="36" HEIGHT="20" WC="0.93" CONTENT="det"/><SP WIDTH="20" VPOS="684" HPOS="277"/>
							<String ID="string_189" HPOS="297" VPOS="683" WIDTH="55" HEIGHT="21" WC="0.93" CONTENT="ändä"/><SP WIDTH="21" VPOS="683" HPOS="352"/>
							<String ID="string_190" HPOS="373" VPOS="685" WIDTH="24" HEIGHT="19" WC="0.96" CONTENT="är"/><SP WIDTH="20" VPOS="685" HPOS="397"/>
							<String ID="string_191" HPOS="417" VPOS="683" WIDTH="32" HEIGHT="26" WC="0.96" CONTENT="de,"/><SP WIDTH="23" VPOS="683" HPOS="449"/>
							<String ID="string_192" HPOS="472" VPOS="689" WIDTH="45" HEIGHT="15" WC="0.89" CONTENT="som"/><SP WIDTH="23" VPOS="689" HPOS="517"/>
							<String ID="string_193" HPOS="540" VPOS="682" WIDTH="61" HEIGHT="22" WC="0.89" CONTENT="hafva"/><SP WIDTH="22" VPOS="682" HPOS="601"/>
							<String ID="string_194" HPOS="623" VPOS="683" WIDTH="40" HEIGHT="21" WC="0.96" CONTENT="den"/><SP WIDTH="23" VPOS="683" HPOS="663"/>
							<String ID="string_195" HPOS="686" VPOS="685" WIDTH="77" HEIGHT="19" WC="0.93" CONTENT="största"/><SP WIDTH="21" VPOS="685" HPOS="763"/>
							<String ID="string_196" HPOS="784" VPOS="683" WIDTH="94" HEIGHT="22" WC="0.92" CONTENT="fördelen"/><SP WIDTH="16" VPOS="683" HPOS="878"/>
							<String ID="string_197" HPOS="894" VPOS="683" WIDTH="22" HEIGHT="22" WC="0.96" CONTENT="af"/><SP WIDTH="14" VPOS="683" HPOS="916"/>
							<String ID="string_198" HPOS="930" VPOS="684" WIDTH="68" HEIGHT="21" WC="0.96" CONTENT="denna"/>
						</TextLine>
						<TextLine ID="line_19" HPOS="176" VPOS="711" WIDTH="87" HEIGHT="22">
							<String ID="string_199" HPOS="176" VPOS="711" WIDTH="87" HEIGHT="22" WC="0.92" CONTENT="förmon."/>
						</TextLine>
					</TextBlock>
				</ComposedBlock>
				<ComposedBlock ID="cblock_3" HPOS="174" VPOS="768" WIDTH="824" HEIGHT="771">
					<TextBlock ID="block_2" HPOS="174" VPOS="768" WIDTH="824" HEIGHT="771">
						<TextLine ID="line_20" HPOS="243" VPOS="768" WIDTH="755" HEIGHT="29">
							<String ID="string_200" HPOS="243" VPOS="768" WIDTH="110" HEIGHT="22" WC="0.95" CONTENT="Professor"/><SP WIDTH="15" VPOS="768" HPOS="353"/>
							<String ID="string_201" HPOS="368" VPOS="769" WIDTH="152" HEIGHT="21" WC="0.95" CONTENT="Forsman:"/><SP WIDTH="30" VPOS="769" HPOS="520"/>
							<String ID="string_202" HPOS="550" VPOS="769" WIDTH="40" HEIGHT="27" WC="0.96" CONTENT="Jag"/><SP WIDTH="15" VPOS="769" HPOS="590"/>
							<String ID="string_203" HPOS="605" VPOS="769" WIDTH="38" HEIGHT="21" WC="0.96" CONTENT="ber"/><SP WIDTH="15" VPOS="769" HPOS="643"/>
							<String ID="string_204" HPOS="658" VPOS="770" WIDTH="31" HEIGHT="20" WC="0.92" CONTENT="att"/><SP WIDTH="16" VPOS="770" HPOS="689"/>
							<String ID="string_205" HPOS="705" VPOS="769" WIDTH="20" HEIGHT="21" WC="0.92" CONTENT="fä"/><SP WIDTH="15" VPOS="769" HPOS="725"/>
							<String ID="string_206" HPOS="740" VPOS="769" WIDTH="72" HEIGHT="22" WC="0.93" CONTENT="förena"/><SP WIDTH="16" VPOS="769" HPOS="812"/>
							<String ID="string_207" HPOS="828" VPOS="770" WIDTH="42" HEIGHT="26" WC="0.96" CONTENT="mig"/><SP WIDTH="16" VPOS="770" HPOS="870"/>
							<String ID="string_208" HPOS="886" VPOS="770" WIDTH="46" HEIGHT="21" WC="0.93" CONTENT="med"/><SP WIDTH="16" VPOS="770" HPOS="932"/>
							<String ID="string_209" HPOS="948" VPOS="776" WIDTH="50" HEIGHT="21" WC="0.90" CONTENT="pro-"/>
						</TextLine>
						<TextLine ID="line_21" HPOS="175" VPOS="798" WIDTH="822" HEIGHT="28">
							<String ID="string_210" HPOS="175" VPOS="800" WIDTH="46" HEIGHT="19" WC="0.96" CONTENT="sten"/><SP WIDTH="23" VPOS="800" HPOS="221"/>
							<String ID="string_211" HPOS="244" VPOS="798" WIDTH="105" HEIGHT="21" WC="0.96" CONTENT="Borenius"/><SP WIDTH="23" VPOS="798" HPOS="349"/>
							<String ID="string_212" HPOS="372" VPOS="798" WIDTH="38" HEIGHT="21" WC="0.93" CONTENT="och"/><SP WIDTH="15" VPOS="798" HPOS="410"/>
							<String ID="string_213" HPOS="425" VPOS="798" WIDTH="53" HEIGHT="26" WC="0.92" CONTENT="yrka"/><SP WIDTH="15" VPOS="798" HPOS="478"/>
							<String ID="string_214" HPOS="493" VPOS="800" WIDTH="32" HEIGHT="19" WC="0.93" CONTENT="att"/><SP WIDTH="15" VPOS="800" HPOS="525"/>
							<String ID="string_215" HPOS="540" VPOS="798" WIDTH="128" HEIGHT="26" WC="0.93" CONTENT="högvördiga"/><SP WIDTH="16" VPOS="798" HPOS="668"/>
							<String ID="string_216" HPOS="684" VPOS="798" WIDTH="84" HEIGHT="22" WC="0.92" CONTENT="ständet"/><SP WIDTH="16" VPOS="798" HPOS="768"/>
							<String ID="string_217" HPOS="784" VPOS="798" WIDTH="5" HEIGHT="21" WC="0.93" CONTENT="i"/><SP WIDTH="17" VPOS="798" HPOS="789"/>
							<String ID="string_218" HPOS="806" VPOS="798" WIDTH="41" HEIGHT="22" WC="0.92" CONTENT="allo"/><SP WIDTH="16" VPOS="798" HPOS="847"/>
							<String ID="string_219" HPOS="863" VPOS="799" WIDTH="67" HEIGHT="21" WC="0.93" CONTENT="skulle"/><SP WIDTH="15" VPOS="799" HPOS="930"/>
							<String ID="string_220" HPOS="945" VPOS="800" WIDTH="52" HEIGHT="26" WC="0.93" CONTENT="god-"/>
						</TextLine>
						<TextLine ID="line_22" HPOS="175" VPOS="826" WIDTH="821" HEIGHT="27">
							<String ID="string_221" HPOS="175" VPOS="826" WIDTH="70" HEIGHT="22" WC="0.90" CONTENT="känna"/><SP WIDTH="22" VPOS="826" HPOS="245"/>
							<String ID="string_222" HPOS="267" VPOS="826" WIDTH="245" HEIGHT="24" WC="0.92" CONTENT="utskottsbetänkandet,"/><SP WIDTH="18" VPOS="826" HPOS="512"/>
							<String ID="string_223" HPOS="530" VPOS="833" WIDTH="52" HEIGHT="17" WC="0.96" CONTENT="som,"/><SP WIDTH="16" VPOS="833" HPOS="582"/>
							<String ID="string_224" HPOS="598" VPOS="827" WIDTH="65" HEIGHT="26" WC="0.96" CONTENT="enligt"/><SP WIDTH="15" VPOS="827" HPOS="663"/>
							<String ID="string_225" HPOS="678" VPOS="827" WIDTH="42" HEIGHT="21" WC="0.96" CONTENT="min"/><SP WIDTH="16" VPOS="827" HPOS="720"/>
							<String ID="string_226" HPOS="736" VPOS="827" WIDTH="69" HEIGHT="26" WC="0.96" CONTENT="tanke,"/><SP WIDTH="18" VPOS="827" HPOS="805"/>
							<String ID="string_227" HPOS="823" VPOS="830" WIDTH="23" HEIGHT="18" WC="0.96" CONTENT="är"/><SP WIDTH="15" VPOS="830" HPOS="846"/>
							<String ID="string_228" HPOS="861" VPOS="828" WIDTH="33" HEIGHT="20" WC="0.93" CONTENT="väl"/><SP WIDTH="15" VPOS="828" HPOS="894"/>
							<String ID="string_229" HPOS="909" VPOS="828" WIDTH="87" HEIGHT="21" WC="0.93" CONTENT="motive-"/>
						</TextLine>
						<TextLine ID="line_23" HPOS="175" VPOS="855" WIDTH="823" HEIGHT="27">
							<String ID="string_230" HPOS="175" VPOS="855" WIDTH="55" HEIGHT="21" WC="0.91" CONTENT="radt."/><SP WIDTH="27" VPOS="855" HPOS="230"/>
							<String ID="string_231" HPOS="257" VPOS="855" WIDTH="110" HEIGHT="21" WC="0.91" CONTENT="Utskottet"/><SP WIDTH="16" VPOS="855" HPOS="367"/>
							<String ID="string_232" HPOS="383" VPOS="855" WIDTH="38" HEIGHT="21" WC="0.93" CONTENT="har"/><SP WIDTH="15" VPOS="855" HPOS="421"/>
							<String ID="string_233" HPOS="436" VPOS="855" WIDTH="61" HEIGHT="27" WC="0.92" CONTENT="sjelft,"/><SP WIDTH="16" VPOS="855" HPOS="497"/>
							<String ID="string_234" HPOS="513" VPOS="855" WIDTH="88" HEIGHT="22" WC="0.92" CONTENT="likasom"/><SP WIDTH="16" VPOS="855" HPOS="601"/>
							<String ID="string_235" HPOS="617" VPOS="856" WIDTH="59" HEIGHT="20" WC="0.92" CONTENT="äfven"/><SP WIDTH="17" VPOS="856" HPOS="676"/>
							<String ID="string_236" HPOS="693" VPOS="856" WIDTH="38" HEIGHT="20" WC="0.93" CONTENT="den"/><SP WIDTH="16" VPOS="856" HPOS="731"/>
							<String ID="string_237" HPOS="747" VPOS="856" WIDTH="142" HEIGHT="26" WC="0.92" CONTENT="kommission,"/><SP WIDTH="13" VPOS="856" HPOS="889"/>
							<String ID="string_238" HPOS="902" VPOS="863" WIDTH="44" HEIGHT="15" WC="0.96" CONTENT="som"/><SP WIDTH="12" VPOS="863" HPOS="946"/>
							<String ID="string_239" HPOS="958" VPOS="857" WIDTH="40" HEIGHT="21" WC="0.96" CONTENT="har"/>
						</TextLine>
						<TextLine ID="line_24" HPOS="176" VPOS="884" WIDTH="821" HEIGHT="27">
							<String ID="string_240" HPOS="176" VPOS="884" WIDTH="57" HEIGHT="21" WC="0.96" CONTENT="öfver"/><SP WIDTH="22" VPOS="884" HPOS="233"/>
							<String ID="string_241" HPOS="255" VPOS="884" WIDTH="65" HEIGHT="21" WC="0.92" CONTENT="saken"/><SP WIDTH="23" VPOS="884" HPOS="320"/>
							<String ID="string_242" HPOS="343" VPOS="884" WIDTH="66" HEIGHT="26" WC="0.92" CONTENT="suttit,"/><SP WIDTH="16" VPOS="884" HPOS="409"/>
							<String ID="string_243" HPOS="425" VPOS="884" WIDTH="113" HEIGHT="21" WC="0.91" CONTENT="framhällit"/><SP WIDTH="16" VPOS="884" HPOS="538"/>
							<String ID="string_244" HPOS="554" VPOS="884" WIDTH="25" HEIGHT="22" WC="0.93" CONTENT="de"/><SP WIDTH="15" VPOS="884" HPOS="579"/>
							<String ID="string_245" HPOS="594" VPOS="884" WIDTH="83" HEIGHT="26" WC="0.91" CONTENT="möjliga"/><SP WIDTH="16" VPOS="884" HPOS="677"/>
							<String ID="string_246" HPOS="693" VPOS="884" WIDTH="157" HEIGHT="27" WC="0.90" CONTENT="invändningar,"/><SP WIDTH="16" VPOS="884" HPOS="850"/>
							<String ID="string_247" HPOS="866" VPOS="891" WIDTH="44" HEIGHT="15" WC="0.96" CONTENT="som"/><SP WIDTH="16" VPOS="891" HPOS="910"/>
							<String ID="string_248" HPOS="926" VPOS="885" WIDTH="71" HEIGHT="22" WC="0.96" CONTENT="kunna"/>
						</TextLine>
						<TextLine ID="line_25" HPOS="175" VPOS="912" WIDTH="821" HEIGHT="28">
							<String ID="string_249" HPOS="175" VPOS="914" WIDTH="62" HEIGHT="25" WC="0.96" CONTENT="göras"/><SP WIDTH="22" VPOS="914" HPOS="237"/>
							<String ID="string_250" HPOS="259" VPOS="915" WIDTH="45" HEIGHT="19" WC="0.96" CONTENT="mot"/><SP WIDTH="23" VPOS="915" HPOS="304"/>
							<String ID="string_251" HPOS="327" VPOS="919" WIDTH="25" HEIGHT="15" WC="0.93" CONTENT="en"/><SP WIDTH="24" VPOS="919" HPOS="352"/>
							<String ID="string_252" HPOS="376" VPOS="912" WIDTH="113" HEIGHT="27" WC="0.92" CONTENT="öfvergäng"/><SP WIDTH="19" VPOS="912" HPOS="489"/>
							<String ID="string_253" HPOS="508" VPOS="913" WIDTH="32" HEIGHT="21" WC="0.93" CONTENT="till"/><SP WIDTH="15" VPOS="913" HPOS="540"/>
							<String ID="string_254" HPOS="555" VPOS="913" WIDTH="140" HEIGHT="27" WC="0.92" CONTENT="guldmyntfot"/><SP WIDTH="15" VPOS="913" HPOS="695"/>
							<String ID="string_255" HPOS="710" VPOS="914" WIDTH="27" HEIGHT="26" WC="0.96" CONTENT="pä"/><SP WIDTH="16" VPOS="914" HPOS="737"/>
							<String ID="string_256" HPOS="753" VPOS="914" WIDTH="25" HEIGHT="20" WC="0.96" CONTENT="de"/><SP WIDTH="16" VPOS="914" HPOS="778"/>
							<String ID="string_257" HPOS="794" VPOS="914" WIDTH="98" HEIGHT="26" WC="0.73" CONTENT="grunder,"/><SP WIDTH="16" VPOS="914" HPOS="892"/>
							<String ID="string_258" HPOS="908" VPOS="920" WIDTH="45" HEIGHT="15" WC="0.96" CONTENT="som"/><SP WIDTH="16" VPOS="920" HPOS="953"/>
							<String ID="string_259" HPOS="969" VPOS="921" WIDTH="27" HEIGHT="15" WC="0.96" CONTENT="nu"/>
						</TextLine>
						<TextLine ID="line_26" HPOS="175" VPOS="941" WIDTH="821" HEIGHT="27">
							<String ID="string_260" HPOS="175" VPOS="943" WIDTH="36" HEIGHT="19" WC="0.91" CONTENT="äro"/><SP WIDTH="24" VPOS="943" HPOS="211"/>
							<String ID="string_261" HPOS="235" VPOS="941" WIDTH="123" HEIGHT="27" WC="0.95" CONTENT="föreslagna."/><SP WIDTH="32" VPOS="941" HPOS="358"/>
							<String ID="string_262" HPOS="390" VPOS="941" WIDTH="48" HEIGHT="21" WC="0.92" CONTENT="Men"/><SP WIDTH="23" VPOS="941" HPOS="438"/>
							<String ID="string_263" HPOS="461" VPOS="942" WIDTH="102" HEIGHT="21" WC="0.92" CONTENT="utskottet"/><SP WIDTH="21" VPOS="942" HPOS="563"/>
							<String ID="string_264" HPOS="584" VPOS="942" WIDTH="38" HEIGHT="21" WC="0.93" CONTENT="har"/><SP WIDTH="23" VPOS="942" HPOS="622"/>
							<String ID="string_265" HPOS="645" VPOS="942" WIDTH="69" HEIGHT="25" WC="0.93" CONTENT="ocksä,"/><SP WIDTH="17" VPOS="942" HPOS="714"/>
							<String ID="string_266" HPOS="731" VPOS="942" WIDTH="64" HEIGHT="26" WC="0.96" CONTENT="enligt"/><SP WIDTH="16" VPOS="942" HPOS="795"/>
							<String ID="string_267" HPOS="811" VPOS="943" WIDTH="41" HEIGHT="20" WC="0.96" CONTENT="min"/><SP WIDTH="16" VPOS="943" HPOS="852"/>
							<String ID="string_268" HPOS="868" VPOS="943" WIDTH="70" HEIGHT="25" WC="0.93" CONTENT="tanke,"/><SP WIDTH="17" VPOS="943" HPOS="938"/>
							<String ID="string_269" HPOS="955" VPOS="943" WIDTH="41" HEIGHT="21" WC="0.90" CONTENT="till-"/>
						</TextLine>
						<TextLine ID="line_27" HPOS="175" VPOS="969" WIDTH="821" HEIGHT="29">
							<String ID="string_270" HPOS="175" VPOS="970" WIDTH="90" HEIGHT="26" WC="0.87" CONTENT="räckligt"/><SP WIDTH="22" VPOS="970" HPOS="265"/>
							<String ID="string_271" HPOS="287" VPOS="969" WIDTH="110" HEIGHT="27" WC="0.93" CONTENT="gendrifvit"/><SP WIDTH="23" VPOS="969" HPOS="397"/>
							<String ID="string_272" HPOS="420" VPOS="970" WIDTH="41" HEIGHT="21" WC="0.96" CONTENT="alla"/><SP WIDTH="24" VPOS="970" HPOS="461"/>
							<String ID="string_273" HPOS="485" VPOS="970" WIDTH="59" HEIGHT="22" WC="0.93" CONTENT="dessa"/><SP WIDTH="22" VPOS="970" HPOS="544"/>
							<String ID="string_274" HPOS="566" VPOS="970" WIDTH="151" HEIGHT="27" WC="0.96" CONTENT="invändningar"/><SP WIDTH="22" VPOS="970" HPOS="717"/>
							<String ID="string_275" HPOS="739" VPOS="971" WIDTH="37" HEIGHT="21" WC="0.96" CONTENT="och"/><SP WIDTH="15" VPOS="971" HPOS="776"/>
							<String ID="string_276" HPOS="791" VPOS="971" WIDTH="36" HEIGHT="26" WC="0.95" CONTENT="jag"/><SP WIDTH="15" VPOS="971" HPOS="827"/>
							<String ID="string_277" HPOS="842" VPOS="971" WIDTH="41" HEIGHT="21" WC="0.93" CONTENT="kan"/><SP WIDTH="16" VPOS="971" HPOS="883"/>
							<String ID="string_278" HPOS="899" VPOS="972" WIDTH="17" HEIGHT="26" WC="0.95" CONTENT="ej"/><SP WIDTH="17" VPOS="972" HPOS="916"/>
							<String ID="string_279" HPOS="933" VPOS="971" WIDTH="63" HEIGHT="27" WC="0.96" CONTENT="finna,"/>
						</TextLine>
						<TextLine ID="line_28" HPOS="175" VPOS="998" WIDTH="822" HEIGHT="28">
							<String ID="string_280" HPOS="175" VPOS="1000" WIDTH="32" HEIGHT="19" WC="0.96" CONTENT="att"/><SP WIDTH="16" VPOS="1000" HPOS="207"/>
							<String ID="string_281" HPOS="223" VPOS="998" WIDTH="25" HEIGHT="21" WC="0.93" CONTENT="de"/><SP WIDTH="16" VPOS="998" HPOS="248"/>
							<String ID="string_282" HPOS="264" VPOS="998" WIDTH="106" HEIGHT="26" WC="0.92" CONTENT="verkligen"/><SP WIDTH="17" VPOS="998" HPOS="370"/>
							<String ID="string_283" HPOS="387" VPOS="1005" WIDTH="24" HEIGHT="14" WC="0.93" CONTENT="ur"/><SP WIDTH="15" VPOS="1005" HPOS="411"/>
							<String ID="string_284" HPOS="426" VPOS="999" WIDTH="96" HEIGHT="26" WC="0.93" CONTENT="praktisk"/><SP WIDTH="15" VPOS="999" HPOS="522"/>
							<String ID="string_285" HPOS="537" VPOS="999" WIDTH="51" HEIGHT="21" WC="0.93" CONTENT="eller"/><SP WIDTH="11" VPOS="999" HPOS="588"/>
							<String ID="string_286" HPOS="599" VPOS="999" WIDTH="82" HEIGHT="27" WC="0.92" CONTENT="rättslig"/><SP WIDTH="10" VPOS="999" HPOS="681"/>
							<String ID="string_287" HPOS="691" VPOS="1000" WIDTH="106" HEIGHT="26" WC="0.92" CONTENT="synpunkt"/><SP WIDTH="13" VPOS="1000" HPOS="797"/>
							<String ID="string_288" HPOS="810" VPOS="1000" WIDTH="70" HEIGHT="20" WC="0.96" CONTENT="kunna"/><SP WIDTH="11" VPOS="1000" HPOS="880"/>
							<String ID="string_289" HPOS="891" VPOS="1000" WIDTH="27" HEIGHT="26" WC="0.93" CONTENT="pä"/><SP WIDTH="13" VPOS="1000" HPOS="918"/>
							<String ID="string_290" HPOS="931" VPOS="1000" WIDTH="66" HEIGHT="22" WC="0.93" CONTENT="allvar"/>
						</TextLine>
						<TextLine ID="line_29" HPOS="175" VPOS="1026" WIDTH="821" HEIGHT="30">
							<String ID="string_291" HPOS="175" VPOS="1026" WIDTH="111" HEIGHT="22" WC="0.94" CONTENT="försvaras."/><SP WIDTH="31" VPOS="1026" HPOS="286"/>
							<String ID="string_292" HPOS="317" VPOS="1027" WIDTH="42" HEIGHT="21" WC="0.96" CONTENT="Det"/><SP WIDTH="22" VPOS="1027" HPOS="359"/>
							<String ID="string_293" HPOS="381" VPOS="1029" WIDTH="23" HEIGHT="19" WC="0.90" CONTENT="är"/><SP WIDTH="17" VPOS="1029" HPOS="404"/>
							<String ID="string_294" HPOS="421" VPOS="1028" WIDTH="50" HEIGHT="20" WC="0.96" CONTENT="visst"/><SP WIDTH="15" VPOS="1028" HPOS="471"/>
							<String ID="string_295" HPOS="486" VPOS="1029" WIDTH="54" HEIGHT="23" WC="0.96" CONTENT="sant,"/><SP WIDTH="16" VPOS="1029" HPOS="540"/>
							<String ID="string_296" HPOS="556" VPOS="1030" WIDTH="31" HEIGHT="18" WC="0.93" CONTENT="att"/><SP WIDTH="16" VPOS="1030" HPOS="587"/>
							<String ID="string_297" HPOS="603" VPOS="1027" WIDTH="84" HEIGHT="21" WC="0.96" CONTENT="skulder"/><SP WIDTH="16" VPOS="1027" HPOS="687"/>
							<String ID="string_298" HPOS="703" VPOS="1028" WIDTH="61" HEIGHT="21" WC="0.91" CONTENT="hafva"/><SP WIDTH="16" VPOS="1028" HPOS="764"/>
							<String ID="string_299" HPOS="780" VPOS="1028" WIDTH="66" HEIGHT="21" WC="0.96" CONTENT="under"/><SP WIDTH="15" VPOS="1028" HPOS="846"/>
							<String ID="string_300" HPOS="861" VPOS="1028" WIDTH="40" HEIGHT="22" WC="0.95" CONTENT="den"/><SP WIDTH="16" VPOS="1028" HPOS="901"/>
							<String ID="string_301" HPOS="917" VPOS="1029" WIDTH="37" HEIGHT="27" WC="0.96" CONTENT="tid,"/><SP WIDTH="17" VPOS="1029" HPOS="954"/>
							<String ID="string_302" HPOS="971" VPOS="1030" WIDTH="25" HEIGHT="20" WC="0.96" CONTENT="dä"/>
						</TextLine>
						<TextLine ID="line_30" HPOS="175" VPOS="1055" WIDTH="820" HEIGHT="29">
							<String ID="string_303" HPOS="175" VPOS="1055" WIDTH="72" HEIGHT="26" WC="0.91" CONTENT="silfret,"/><SP WIDTH="18" VPOS="1055" HPOS="247"/>
							<String ID="string_304" HPOS="265" VPOS="1056" WIDTH="36" HEIGHT="20" WC="0.93" CONTENT="det"/><SP WIDTH="15" VPOS="1056" HPOS="301"/>
							<String ID="string_305" HPOS="316" VPOS="1055" WIDTH="75" HEIGHT="21" WC="0.92" CONTENT="hittills"/><SP WIDTH="15" VPOS="1055" HPOS="391"/>
							<String ID="string_306" HPOS="406" VPOS="1056" WIDTH="91" HEIGHT="20" WC="0.93" CONTENT="varande"/><SP WIDTH="16" VPOS="1056" HPOS="497"/>
							<String ID="string_307" HPOS="513" VPOS="1056" WIDTH="165" HEIGHT="27" WC="0.92" CONTENT="hufvudmyntet,"/><SP WIDTH="16" VPOS="1056" HPOS="678"/>
							<String ID="string_308" HPOS="694" VPOS="1057" WIDTH="55" HEIGHT="21" WC="0.96" CONTENT="varit"/><SP WIDTH="15" VPOS="1057" HPOS="749"/>
							<String ID="string_309" HPOS="764" VPOS="1057" WIDTH="6" HEIGHT="20" WC="0.96" CONTENT="i"/><SP WIDTH="17" VPOS="1057" HPOS="770"/>
							<String ID="string_310" HPOS="787" VPOS="1059" WIDTH="31" HEIGHT="19" WC="0.93" CONTENT="ett"/><SP WIDTH="15" VPOS="1059" HPOS="818"/>
							<String ID="string_311" HPOS="833" VPOS="1058" WIDTH="101" HEIGHT="20" WC="0.93" CONTENT="vexlande"/><SP WIDTH="13" VPOS="1058" HPOS="934"/>
							<String ID="string_312" HPOS="947" VPOS="1058" WIDTH="48" HEIGHT="26" WC="0.92" CONTENT="pris,"/>
						</TextLine>
						<TextLine ID="line_31" HPOS="175" VPOS="1084" WIDTH="821" HEIGHT="28">
							<String ID="string_313" HPOS="175" VPOS="1084" WIDTH="68" HEIGHT="20" WC="0.96" CONTENT="blifvit"/><SP WIDTH="14" VPOS="1084" HPOS="243"/>
							<String ID="string_314" HPOS="257" VPOS="1084" WIDTH="74" HEIGHT="26" WC="0.96" CONTENT="gjorda"/><SP WIDTH="16" VPOS="1084" HPOS="331"/>
							<String ID="string_315" HPOS="347" VPOS="1084" WIDTH="38" HEIGHT="21" WC="0.96" CONTENT="och"/><SP WIDTH="16" VPOS="1084" HPOS="385"/>
							<String ID="string_316" HPOS="401" VPOS="1086" WIDTH="32" HEIGHT="19" WC="0.95" CONTENT="att"/><SP WIDTH="16" VPOS="1086" HPOS="433"/>
							<String ID="string_317" HPOS="449" VPOS="1085" WIDTH="35" HEIGHT="20" WC="0.96" CONTENT="det"/><SP WIDTH="15" VPOS="1085" HPOS="484"/>
							<String ID="string_318" HPOS="499" VPOS="1084" WIDTH="69" HEIGHT="22" WC="0.92" CONTENT="kunde"/><SP WIDTH="17" VPOS="1084" HPOS="568"/>
							<String ID="string_319" HPOS="585" VPOS="1085" WIDTH="71" HEIGHT="26" WC="0.96" CONTENT="tyckas"/><SP WIDTH="15" VPOS="1085" HPOS="656"/>
							<String ID="string_320" HPOS="671" VPOS="1085" WIDTH="69" HEIGHT="21" WC="0.97" CONTENT="såsom"/><SP WIDTH="12" VPOS="1085" HPOS="740"/>
							<String ID="string_321" HPOS="752" VPOS="1092" WIDTH="33" HEIGHT="14" WC="0.93" CONTENT="om"/><SP WIDTH="12" VPOS="1092" HPOS="785"/>
							<String ID="string_322" HPOS="797" VPOS="1085" WIDTH="121" HEIGHT="27" WC="0.91" CONTENT="billigheten"/><SP WIDTH="10" VPOS="1085" HPOS="918"/>
							<String ID="string_323" HPOS="928" VPOS="1086" WIDTH="68" HEIGHT="22" WC="0.96" CONTENT="skulle"/>
						</TextLine>
						<TextLine ID="line_32" HPOS="175" VPOS="1112" WIDTH="821" HEIGHT="28">
							<String ID="string_324" HPOS="175" VPOS="1112" WIDTH="77" HEIGHT="25" WC="0.90" CONTENT="fordra,"/><SP WIDTH="24" VPOS="1112" HPOS="252"/>
							<String ID="string_325" HPOS="276" VPOS="1114" WIDTH="31" HEIGHT="20" WC="0.96" CONTENT="att"/><SP WIDTH="24" VPOS="1114" HPOS="307"/>
							<String ID="string_326" HPOS="331" VPOS="1113" WIDTH="27" HEIGHT="21" WC="0.92" CONTENT="all"/><SP WIDTH="23" VPOS="1113" HPOS="358"/>
							<String ID="string_327" HPOS="381" VPOS="1113" WIDTH="154" HEIGHT="26" WC="0.92" CONTENT="äterbetalning"/><SP WIDTH="18" VPOS="1113" HPOS="535"/>
							<String ID="string_328" HPOS="553" VPOS="1113" WIDTH="48" HEIGHT="21" WC="0.96" CONTENT="sker"/><SP WIDTH="16" VPOS="1113" HPOS="601"/>
							<String ID="string_329" HPOS="617" VPOS="1113" WIDTH="31" HEIGHT="21" WC="0.96" CONTENT="till"/><SP WIDTH="15" VPOS="1113" HPOS="648"/>
							<String ID="string_330" HPOS="663" VPOS="1114" WIDTH="35" HEIGHT="20" WC="0.96" CONTENT="det"/><SP WIDTH="15" VPOS="1114" HPOS="698"/>
							<String ID="string_331" HPOS="713" VPOS="1114" WIDTH="70" HEIGHT="26" WC="0.96" CONTENT="värde,"/><SP WIDTH="16" VPOS="1114" HPOS="783"/>
							<String ID="string_332" HPOS="799" VPOS="1120" WIDTH="45" HEIGHT="15" WC="0.93" CONTENT="som"/><SP WIDTH="16" VPOS="1120" HPOS="844"/>
							<String ID="string_333" HPOS="860" VPOS="1114" WIDTH="67" HEIGHT="22" WC="0.92" CONTENT="silfret"/><SP WIDTH="15" VPOS="1114" HPOS="927"/>
							<String ID="string_334" HPOS="942" VPOS="1114" WIDTH="54" HEIGHT="22" WC="0.97" CONTENT="hade"/>
						</TextLine>
						<TextLine ID="line_33" HPOS="174" VPOS="1140" WIDTH="821" HEIGHT="30">
							<String ID="string_335" HPOS="174" VPOS="1142" WIDTH="7" HEIGHT="20" WC="0.93" CONTENT="i"/><SP WIDTH="15" VPOS="1142" HPOS="181"/>
							<String ID="string_336" HPOS="196" VPOS="1140" WIDTH="131" HEIGHT="22" WC="0.92" CONTENT="förhällande"/><SP WIDTH="16" VPOS="1140" HPOS="327"/>
							<String ID="string_337" HPOS="343" VPOS="1141" WIDTH="31" HEIGHT="21" WC="0.93" CONTENT="till"/><SP WIDTH="16" VPOS="1141" HPOS="374"/>
							<String ID="string_338" HPOS="390" VPOS="1141" WIDTH="72" HEIGHT="26" WC="0.93" CONTENT="guldet"/><SP WIDTH="16" VPOS="1141" HPOS="462"/>
							<String ID="string_339" HPOS="478" VPOS="1142" WIDTH="33" HEIGHT="20" WC="0.93" CONTENT="vid"/><SP WIDTH="11" VPOS="1142" HPOS="511"/>
							<String ID="string_340" HPOS="522" VPOS="1142" WIDTH="125" HEIGHT="26" WC="0.87" CONTENT="tidpunkten"/><SP WIDTH="11" VPOS="1142" HPOS="647"/>
							<String ID="string_341" HPOS="658" VPOS="1142" WIDTH="33" HEIGHT="21" WC="0.93" CONTENT="för"/><SP WIDTH="12" VPOS="1142" HPOS="691"/>
							<String ID="string_342" HPOS="703" VPOS="1142" WIDTH="68" HEIGHT="22" WC="0.92" CONTENT="länets"/><SP WIDTH="11" VPOS="1142" HPOS="771"/>
							<String ID="string_343" HPOS="782" VPOS="1144" WIDTH="140" HEIGHT="26" WC="0.91" CONTENT="upptagande."/><SP WIDTH="24" VPOS="1144" HPOS="922"/>
							<String ID="string_344" HPOS="946" VPOS="1144" WIDTH="49" HEIGHT="21" WC="0.96" CONTENT="Men"/>
						</TextLine>
						<TextLine ID="line_34" HPOS="174" VPOS="1170" WIDTH="821" HEIGHT="28">
							<String ID="string_345" HPOS="174" VPOS="1170" WIDTH="7" HEIGHT="20" WC="0.93" CONTENT="i"/><SP WIDTH="16" VPOS="1170" HPOS="181"/>
							<String ID="string_346" HPOS="197" VPOS="1170" WIDTH="74" HEIGHT="20" WC="0.91" CONTENT="sädant"/><SP WIDTH="16" VPOS="1170" HPOS="271"/>
							<String ID="string_347" HPOS="287" VPOS="1170" WIDTH="36" HEIGHT="20" WC="0.96" CONTENT="fall"/><SP WIDTH="16" VPOS="1170" HPOS="323"/>
							<String ID="string_348" HPOS="339" VPOS="1170" WIDTH="66" HEIGHT="20" WC="0.96" CONTENT="skulle"/><SP WIDTH="16" VPOS="1170" HPOS="405"/>
							<String ID="string_349" HPOS="421" VPOS="1176" WIDTH="47" HEIGHT="15" WC="0.96" CONTENT="man"/><SP WIDTH="17" VPOS="1176" HPOS="468"/>
							<String ID="string_350" HPOS="485" VPOS="1171" WIDTH="116" HEIGHT="25" WC="0.93" CONTENT="egentligen"/><SP WIDTH="16" VPOS="1171" HPOS="601"/>
							<String ID="string_351" HPOS="617" VPOS="1171" WIDTH="111" HEIGHT="26" WC="0.92" CONTENT="rätteligen"/><SP WIDTH="16" VPOS="1171" HPOS="728"/>
							<String ID="string_352" HPOS="744" VPOS="1171" WIDTH="51" HEIGHT="21" WC="0.93" CONTENT="böra"/><SP WIDTH="11" VPOS="1171" HPOS="795"/>
							<String ID="string_353" HPOS="806" VPOS="1172" WIDTH="32" HEIGHT="20" WC="0.93" CONTENT="för"/><SP WIDTH="12" VPOS="1172" HPOS="838"/>
							<String ID="string_354" HPOS="850" VPOS="1172" WIDTH="71" HEIGHT="26" WC="0.93" CONTENT="hvarje"/><SP WIDTH="13" VPOS="1172" HPOS="921"/>
							<String ID="string_355" HPOS="934" VPOS="1173" WIDTH="61" HEIGHT="21" WC="0.96" CONTENT="skuld"/>
						</TextLine>
						<TextLine ID="line_35" HPOS="174" VPOS="1198" WIDTH="822" HEIGHT="28">
							<String ID="string_356" HPOS="174" VPOS="1198" WIDTH="118" HEIGHT="21" WC="0.93" CONTENT="bestämma"/><SP WIDTH="23" VPOS="1198" HPOS="292"/>
							<String ID="string_357" HPOS="315" VPOS="1198" WIDTH="181" HEIGHT="26" WC="0.90" CONTENT="äterbetalningen"/><SP WIDTH="22" VPOS="1198" HPOS="496"/>
							<String ID="string_358" HPOS="518" VPOS="1199" WIDTH="53" HEIGHT="21" WC="0.96" CONTENT="efter"/><SP WIDTH="22" VPOS="1199" HPOS="571"/>
							<String ID="string_359" HPOS="593" VPOS="1199" WIDTH="40" HEIGHT="21" WC="0.96" CONTENT="den"/><SP WIDTH="23" VPOS="1199" HPOS="633"/>
							<String ID="string_360" HPOS="656" VPOS="1200" WIDTH="57" HEIGHT="25" WC="0.96" CONTENT="kurs,"/><SP WIDTH="23" VPOS="1200" HPOS="713"/>
							<String ID="string_361" HPOS="736" VPOS="1206" WIDTH="45" HEIGHT="14" WC="0.96" CONTENT="som"/><SP WIDTH="23" VPOS="1206" HPOS="781"/>
							<String ID="string_362" HPOS="804" VPOS="1206" WIDTH="37" HEIGHT="15" WC="0.95" CONTENT="var"/><SP WIDTH="15" VPOS="1206" HPOS="841"/>
							<String ID="string_363" HPOS="856" VPOS="1200" WIDTH="97" HEIGHT="26" WC="0.96" CONTENT="gällande"/><SP WIDTH="17" VPOS="1200" HPOS="953"/>
							<String ID="string_364" HPOS="970" VPOS="1202" WIDTH="26" HEIGHT="20" WC="0.95" CONTENT="dä"/>
						</TextLine>
						<TextLine ID="line_36" HPOS="175" VPOS="1226" WIDTH="821" HEIGHT="28">
							<String ID="string_365" HPOS="175" VPOS="1226" WIDTH="88" HEIGHT="21" WC="0.92" CONTENT="skalden"/><SP WIDTH="16" VPOS="1226" HPOS="263"/>
							<String ID="string_366" HPOS="279" VPOS="1227" WIDTH="97" HEIGHT="26" WC="0.93" CONTENT="uppstod,"/><SP WIDTH="17" VPOS="1227" HPOS="376"/>
							<String ID="string_367" HPOS="393" VPOS="1227" WIDTH="18" HEIGHT="20" WC="0.92" CONTENT="d."/><SP WIDTH="16" VPOS="1227" HPOS="411"/>
							<String ID="string_368" HPOS="427" VPOS="1234" WIDTH="17" HEIGHT="14" WC="0.96" CONTENT="v."/><SP WIDTH="16" VPOS="1234" HPOS="444"/>
							<String ID="string_369" HPOS="460" VPOS="1234" WIDTH="15" HEIGHT="14" WC="0.96" CONTENT="s."/><SP WIDTH="16" VPOS="1234" HPOS="475"/>
							<String ID="string_370" HPOS="491" VPOS="1231" WIDTH="58" HEIGHT="17" WC="0.93" CONTENT="snart"/><SP WIDTH="14" VPOS="1231" HPOS="549"/>
							<String ID="string_371" HPOS="563" VPOS="1228" WIDTH="61" HEIGHT="26" WC="0.92" CONTENT="sagdt"/><SP WIDTH="15" VPOS="1228" HPOS="624"/>
							<String ID="string_372" HPOS="639" VPOS="1227" WIDTH="32" HEIGHT="21" WC="0.93" CONTENT="för"/><SP WIDTH="15" VPOS="1227" HPOS="671"/>
							<String ID="string_373" HPOS="686" VPOS="1228" WIDTH="71" HEIGHT="26" WC="0.90" CONTENT="hvarje"/><SP WIDTH="16" VPOS="1228" HPOS="757"/>
							<String ID="string_374" HPOS="773" VPOS="1228" WIDTH="40" HEIGHT="26" WC="0.96" CONTENT="dag"/><SP WIDTH="15" VPOS="1228" HPOS="813"/>
							<String ID="string_375" HPOS="828" VPOS="1235" WIDTH="24" HEIGHT="15" WC="0.96" CONTENT="en"/><SP WIDTH="18" VPOS="1235" HPOS="852"/>
							<String ID="string_376" HPOS="870" VPOS="1229" WIDTH="55" HEIGHT="21" WC="0.93" CONTENT="olika"/><SP WIDTH="15" VPOS="1229" HPOS="925"/>
							<String ID="string_377" HPOS="940" VPOS="1230" WIDTH="56" HEIGHT="20" WC="0.92" CONTENT="äter-"/>
						</TextLine>
						<TextLine ID="line_37" HPOS="174" VPOS="1254" WIDTH="821" HEIGHT="29">
							<String ID="string_378" HPOS="174" VPOS="1254" WIDTH="245" HEIGHT="28" WC="0.91" CONTENT="betalningsskyldighet."/><SP WIDTH="30" VPOS="1254" HPOS="419"/>
							<String ID="string_379" HPOS="449" VPOS="1256" WIDTH="65" HEIGHT="21" WC="0.93" CONTENT="Detta"/><SP WIDTH="19" VPOS="1256" HPOS="514"/>
							<String ID="string_380" HPOS="533" VPOS="1257" WIDTH="45" HEIGHT="20" WC="0.96" CONTENT="åter"/><SP WIDTH="15" VPOS="1257" HPOS="578"/>
							<String ID="string_381" HPOS="593" VPOS="1256" WIDTH="67" HEIGHT="21" WC="0.96" CONTENT="skulle"/><SP WIDTH="16" VPOS="1256" HPOS="660"/>
							<String ID="string_382" HPOS="676" VPOS="1256" WIDTH="6" HEIGHT="20" WC="0.93" CONTENT="i"/><SP WIDTH="16" VPOS="1256" HPOS="682"/>
							<String ID="string_383" HPOS="698" VPOS="1257" WIDTH="75" HEIGHT="26" WC="0.96" CONTENT="många"/><SP WIDTH="15" VPOS="1257" HPOS="773"/>
							<String ID="string_384" HPOS="788" VPOS="1256" WIDTH="36" HEIGHT="22" WC="0.96" CONTENT="fall"/><SP WIDTH="16" VPOS="1256" HPOS="824"/>
							<String ID="string_385" HPOS="840" VPOS="1264" WIDTH="50" HEIGHT="14" WC="0.96" CONTENT="vara"/><SP WIDTH="16" VPOS="1264" HPOS="890"/>
							<String ID="string_386" HPOS="906" VPOS="1264" WIDTH="24" HEIGHT="14" WC="0.93" CONTENT="en"/><SP WIDTH="17" VPOS="1264" HPOS="930"/>
							<String ID="string_387" HPOS="947" VPOS="1258" WIDTH="48" HEIGHT="21" WC="0.86" CONTENT="full-"/>
						</TextLine>
						<TextLine ID="line_38" HPOS="174" VPOS="1283" WIDTH="823" HEIGHT="28">
							<String ID="string_388" HPOS="174" VPOS="1283" WIDTH="80" HEIGHT="26" WC="0.91" CONTENT="komlig"/><SP WIDTH="23" VPOS="1283" HPOS="254"/>
							<String ID="string_389" HPOS="277" VPOS="1284" WIDTH="107" HEIGHT="20" WC="0.95" CONTENT="orättvisa."/><SP WIDTH="31" VPOS="1284" HPOS="384"/>
							<String ID="string_390" HPOS="415" VPOS="1284" WIDTH="30" HEIGHT="26" WC="0.95" CONTENT="Ty"/><SP WIDTH="24" VPOS="1284" HPOS="445"/>
							<String ID="string_391" HPOS="469" VPOS="1291" WIDTH="46" HEIGHT="14" WC="0.93" CONTENT="man"/><SP WIDTH="16" VPOS="1291" HPOS="515"/>
							<String ID="string_392" HPOS="531" VPOS="1285" WIDTH="66" HEIGHT="20" WC="0.96" CONTENT="måste"/><SP WIDTH="15" VPOS="1285" HPOS="597"/>
							<String ID="string_393" HPOS="612" VPOS="1285" WIDTH="98" HEIGHT="26" WC="0.95" CONTENT="påminna"/><SP WIDTH="15" VPOS="1285" HPOS="710"/>
							<String ID="string_394" HPOS="725" VPOS="1285" WIDTH="37" HEIGHT="26" WC="0.96" CONTENT="sig,"/><SP WIDTH="16" VPOS="1285" HPOS="762"/>
							<String ID="string_395" HPOS="778" VPOS="1287" WIDTH="31" HEIGHT="19" WC="0.96" CONTENT="att"/><SP WIDTH="17" VPOS="1287" HPOS="809"/>
							<String ID="string_396" HPOS="826" VPOS="1292" WIDTH="24" HEIGHT="14" WC="0.96" CONTENT="en"/><SP WIDTH="16" VPOS="1292" HPOS="850"/>
							<String ID="string_397" HPOS="866" VPOS="1288" WIDTH="44" HEIGHT="18" WC="0.97" CONTENT="stor"/><SP WIDTH="16" VPOS="1288" HPOS="910"/>
							<String ID="string_398" HPOS="926" VPOS="1286" WIDTH="33" HEIGHT="21" WC="0.96" CONTENT="del"/><SP WIDTH="16" VPOS="1286" HPOS="959"/>
							<String ID="string_399" HPOS="975" VPOS="1286" WIDTH="22" HEIGHT="21" WC="0.97" CONTENT="af"/>
						</TextLine>
						<TextLine ID="line_39" HPOS="174" VPOS="1310" WIDTH="822" HEIGHT="30">
							<String ID="string_400" HPOS="174" VPOS="1310" WIDTH="145" HEIGHT="24" WC="0.89" CONTENT="förbindelser,"/><SP WIDTH="16" VPOS="1310" HPOS="319"/>
							<String ID="string_401" HPOS="335" VPOS="1311" WIDTH="60" HEIGHT="21" WC="0.93" CONTENT="äfven"/><SP WIDTH="16" VPOS="1311" HPOS="395"/>
							<String ID="string_402" HPOS="411" VPOS="1312" WIDTH="32" HEIGHT="25" WC="0.96" CONTENT="de,"/><SP WIDTH="16" VPOS="1312" HPOS="443"/>
							<String ID="string_403" HPOS="459" VPOS="1318" WIDTH="44" HEIGHT="15" WC="0.93" CONTENT="som"/><SP WIDTH="17" VPOS="1318" HPOS="503"/>
							<String ID="string_404" HPOS="520" VPOS="1312" WIDTH="61" HEIGHT="22" WC="0.89" CONTENT="hafva"/><SP WIDTH="13" VPOS="1312" HPOS="581"/>
							<String ID="string_405" HPOS="594" VPOS="1313" WIDTH="67" HEIGHT="21" WC="0.92" CONTENT="blifvit"/><SP WIDTH="10" VPOS="1313" HPOS="661"/>
							<String ID="string_406" HPOS="671" VPOS="1314" WIDTH="118" HEIGHT="26" WC="0.92" CONTENT="uppgjorda"/><SP WIDTH="10" VPOS="1314" HPOS="789"/>
							<String ID="string_407" HPOS="799" VPOS="1314" WIDTH="66" HEIGHT="21" WC="0.96" CONTENT="under"/><SP WIDTH="12" VPOS="1314" HPOS="865"/>
							<String ID="string_408" HPOS="877" VPOS="1314" WIDTH="25" HEIGHT="21" WC="0.93" CONTENT="de"/><SP WIDTH="10" VPOS="1314" HPOS="902"/>
							<String ID="string_409" HPOS="912" VPOS="1317" WIDTH="84" HEIGHT="19" WC="0.93" CONTENT="senaste"/>
						</TextLine>
						<TextLine ID="line_40" HPOS="174" VPOS="1340" WIDTH="820" HEIGHT="28">
							<String ID="string_410" HPOS="174" VPOS="1340" WIDTH="57" HEIGHT="25" WC="0.96" CONTENT="åren,"/><SP WIDTH="23" VPOS="1340" HPOS="231"/>
							<String ID="string_411" HPOS="254" VPOS="1340" WIDTH="63" HEIGHT="20" WC="0.96" CONTENT="hafva"/><SP WIDTH="22" VPOS="1340" HPOS="317"/>
							<String ID="string_412" HPOS="339" VPOS="1340" WIDTH="54" HEIGHT="20" WC="0.93" CONTENT="varit"/><SP WIDTH="23" VPOS="1340" HPOS="393"/>
							<String ID="string_413" HPOS="416" VPOS="1341" WIDTH="283" HEIGHT="24" WC="0.72" CONTENT="omsättningsförbindelser,"/><SP WIDTH="18" VPOS="1341" HPOS="699"/>
							<String ID="string_414" HPOS="717" VPOS="1342" WIDTH="18" HEIGHT="20" WC="0.93" CONTENT="d."/><SP WIDTH="18" VPOS="1342" HPOS="735"/>
							<String ID="string_415" HPOS="753" VPOS="1348" WIDTH="18" HEIGHT="14" WC="0.96" CONTENT="v."/><SP WIDTH="16" VPOS="1348" HPOS="771"/>
							<String ID="string_416" HPOS="787" VPOS="1348" WIDTH="16" HEIGHT="15" WC="0.96" CONTENT="s."/><SP WIDTH="16" VPOS="1348" HPOS="803"/>
							<String ID="string_417" HPOS="819" VPOS="1342" WIDTH="69" HEIGHT="26" WC="0.93" CONTENT="gamla"/><SP WIDTH="15" VPOS="1342" HPOS="888"/>
							<String ID="string_418" HPOS="903" VPOS="1343" WIDTH="91" HEIGHT="25" WC="0.96" CONTENT="skulder,"/>
						</TextLine>
						<TextLine ID="line_41" HPOS="175" VPOS="1366" WIDTH="821" HEIGHT="30">
							<String ID="string_419" HPOS="175" VPOS="1373" WIDTH="44" HEIGHT="14" WC="0.93" CONTENT="som"/><SP WIDTH="16" VPOS="1373" HPOS="219"/>
							<String ID="string_420" HPOS="235" VPOS="1366" WIDTH="68" HEIGHT="21" WC="0.92" CONTENT="blifvit"/><SP WIDTH="16" VPOS="1366" HPOS="303"/>
							<String ID="string_421" HPOS="319" VPOS="1369" WIDTH="91" HEIGHT="19" WC="0.93" CONTENT="omsatta"/><SP WIDTH="16" VPOS="1369" HPOS="410"/>
							<String ID="string_422" HPOS="426" VPOS="1368" WIDTH="53" HEIGHT="20" WC="0.96" CONTENT="efter"/><SP WIDTH="14" VPOS="1368" HPOS="479"/>
							<String ID="string_423" HPOS="493" VPOS="1374" WIDTH="80" HEIGHT="14" WC="0.93" CONTENT="samma"/><SP WIDTH="15" VPOS="1374" HPOS="573"/>
							<String ID="string_424" HPOS="588" VPOS="1369" WIDTH="104" HEIGHT="20" WC="0.91" CONTENT="nominela"/><SP WIDTH="13" VPOS="1369" HPOS="692"/>
							<String ID="string_425" HPOS="705" VPOS="1369" WIDTH="83" HEIGHT="27" WC="0.92" CONTENT="belopp,"/><SP WIDTH="12" VPOS="1369" HPOS="788"/>
							<String ID="string_426" HPOS="800" VPOS="1370" WIDTH="118" HEIGHT="21" WC="0.92" CONTENT="oberoende"/><SP WIDTH="14" VPOS="1370" HPOS="918"/>
							<String ID="string_427" HPOS="932" VPOS="1371" WIDTH="64" HEIGHT="25" WC="0.90" CONTENT="deraf,"/>
						</TextLine>
						<TextLine ID="line_42" HPOS="177" VPOS="1395" WIDTH="817" HEIGHT="30">
							<String ID="string_428" HPOS="177" VPOS="1401" WIDTH="33" HEIGHT="14" WC="0.96" CONTENT="om"/><SP WIDTH="16" VPOS="1401" HPOS="210"/>
							<String ID="string_429" HPOS="226" VPOS="1395" WIDTH="36" HEIGHT="20" WC="0.93" CONTENT="det"/><SP WIDTH="15" VPOS="1395" HPOS="262"/>
							<String ID="string_430" HPOS="277" VPOS="1395" WIDTH="94" HEIGHT="26" WC="0.95" CONTENT="verkliga"/><SP WIDTH="16" VPOS="1395" HPOS="371"/>
							<String ID="string_431" HPOS="387" VPOS="1396" WIDTH="73" HEIGHT="20" WC="0.96" CONTENT="värdet"/><SP WIDTH="15" VPOS="1396" HPOS="460"/>
							<String ID="string_432" HPOS="475" VPOS="1396" WIDTH="38" HEIGHT="20" WC="0.97" CONTENT="har"/><SP WIDTH="15" VPOS="1396" HPOS="513"/>
							<String ID="string_433" HPOS="528" VPOS="1397" WIDTH="53" HEIGHT="19" WC="0.93" CONTENT="varit"/><SP WIDTH="11" VPOS="1397" HPOS="581"/>
							<String ID="string_434" HPOS="592" VPOS="1396" WIDTH="116" HEIGHT="22" WC="0.95" CONTENT="detsamma"/><SP WIDTH="11" VPOS="1396" HPOS="708"/>
							<String ID="string_435" HPOS="719" VPOS="1398" WIDTH="27" HEIGHT="20" WC="0.93" CONTENT="dä"/><SP WIDTH="10" VPOS="1398" HPOS="746"/>
							<String ID="string_436" HPOS="756" VPOS="1397" WIDTH="113" HEIGHT="21" WC="0.93" CONTENT="skulderna"/><SP WIDTH="13" VPOS="1397" HPOS="869"/>
							<String ID="string_437" HPOS="882" VPOS="1404" WIDTH="112" HEIGHT="21" WC="0.93" CONTENT="ursprung-"/>
						</TextLine>
						<TextLine ID="line_43" HPOS="174" VPOS="1423" WIDTH="821" HEIGHT="30">
							<String ID="string_438" HPOS="174" VPOS="1423" WIDTH="55" HEIGHT="26" WC="0.93" CONTENT="ligen"/><SP WIDTH="24" VPOS="1423" HPOS="229"/>
							<String ID="string_439" HPOS="253" VPOS="1423" WIDTH="90" HEIGHT="26" WC="0.95" CONTENT="gjordes."/><SP WIDTH="32" VPOS="1423" HPOS="343"/>
							<String ID="string_440" HPOS="375" VPOS="1423" WIDTH="42" HEIGHT="21" WC="0.96" CONTENT="Och"/><SP WIDTH="22" VPOS="1423" HPOS="417"/>
							<String ID="string_441" HPOS="439" VPOS="1423" WIDTH="6" HEIGHT="21" WC="0.96" CONTENT="i"/><SP WIDTH="23" VPOS="1423" HPOS="445"/>
							<String ID="string_442" HPOS="468" VPOS="1425" WIDTH="55" HEIGHT="20" WC="0.96" CONTENT="ännu"/><SP WIDTH="22" VPOS="1425" HPOS="523"/>
							<String ID="string_443" HPOS="545" VPOS="1423" WIDTH="65" HEIGHT="28" WC="0.96" CONTENT="högre"/><SP WIDTH="22" VPOS="1423" HPOS="610"/>
							<String ID="string_444" HPOS="632" VPOS="1425" WIDTH="52" HEIGHT="25" WC="0.96" CONTENT="grad"/><SP WIDTH="21" VPOS="1425" HPOS="684"/>
							<String ID="string_445" HPOS="705" VPOS="1425" WIDTH="66" HEIGHT="27" WC="0.96" CONTENT="gäller"/><SP WIDTH="16" VPOS="1425" HPOS="771"/>
							<String ID="string_446" HPOS="787" VPOS="1425" WIDTH="57" HEIGHT="22" WC="0.93" CONTENT="detta"/><SP WIDTH="16" VPOS="1425" HPOS="844"/>
							<String ID="string_447" HPOS="860" VPOS="1426" WIDTH="135" HEIGHT="27" WC="0.92" CONTENT="längifvaren."/>
						</TextLine>
						<TextLine ID="line_44" HPOS="174" VPOS="1451" WIDTH="821" HEIGHT="28">
							<String ID="string_448" HPOS="174" VPOS="1451" WIDTH="41" HEIGHT="22" WC="0.93" CONTENT="Det"/><SP WIDTH="16" VPOS="1451" HPOS="215"/>
							<String ID="string_449" HPOS="231" VPOS="1451" WIDTH="86" HEIGHT="28" WC="0.96" CONTENT="kapital,"/><SP WIDTH="17" VPOS="1451" HPOS="317"/>
							<String ID="string_450" HPOS="334" VPOS="1458" WIDTH="44" HEIGHT="15" WC="0.96" CONTENT="som"/><SP WIDTH="16" VPOS="1458" HPOS="378"/>
							<String ID="string_451" HPOS="394" VPOS="1452" WIDTH="38" HEIGHT="21" WC="0.96" CONTENT="har"/><SP WIDTH="16" VPOS="1452" HPOS="432"/>
							<String ID="string_452" HPOS="448" VPOS="1452" WIDTH="21" HEIGHT="21" WC="0.93" CONTENT="af"/><SP WIDTH="14" VPOS="1452" HPOS="469"/>
							<String ID="string_453" HPOS="483" VPOS="1453" WIDTH="128" HEIGHT="26" WC="0.92" CONTENT="längifvaren"/><SP WIDTH="15" VPOS="1453" HPOS="611"/>
							<String ID="string_454" HPOS="626" VPOS="1453" WIDTH="94" HEIGHT="26" WC="0.92" CONTENT="utgifvits"/><SP WIDTH="15" VPOS="1453" HPOS="720"/>
							<String ID="string_455" HPOS="735" VPOS="1454" WIDTH="66" HEIGHT="21" WC="0.96" CONTENT="under"/><SP WIDTH="11" VPOS="1454" HPOS="801"/>
							<String ID="string_456" HPOS="812" VPOS="1455" WIDTH="26" HEIGHT="20" WC="0.97" CONTENT="de"/><SP WIDTH="10" VPOS="1455" HPOS="838"/>
							<String ID="string_457" HPOS="848" VPOS="1455" WIDTH="38" HEIGHT="21" WC="0.93" CONTENT="sist"/><SP WIDTH="10" VPOS="1455" HPOS="886"/>
							<String ID="string_458" HPOS="896" VPOS="1455" WIDTH="99" HEIGHT="22" WC="0.89" CONTENT="förflutna"/>
						</TextLine>
						<TextLine ID="line_45" HPOS="174" VPOS="1480" WIDTH="820" HEIGHT="30">
							<String ID="string_459" HPOS="174" VPOS="1480" WIDTH="57" HEIGHT="27" WC="0.95" CONTENT="åren,"/><SP WIDTH="23" VPOS="1480" HPOS="231"/>
							<String ID="string_460" HPOS="254" VPOS="1481" WIDTH="39" HEIGHT="21" WC="0.96" CONTENT="har"/><SP WIDTH="20" VPOS="1481" HPOS="293"/>
							<String ID="string_461" HPOS="313" VPOS="1482" WIDTH="7" HEIGHT="20" WC="0.96" CONTENT="i"/><SP WIDTH="15" VPOS="1482" HPOS="320"/>
							<String ID="string_462" HPOS="335" VPOS="1481" WIDTH="26" HEIGHT="21" WC="0.96" CONTENT="de"/><SP WIDTH="14" VPOS="1481" HPOS="361"/>
							<String ID="string_463" HPOS="375" VPOS="1481" WIDTH="60" HEIGHT="21" WC="0.96" CONTENT="flesta"/><SP WIDTH="16" VPOS="1481" HPOS="435"/>
							<String ID="string_464" HPOS="451" VPOS="1481" WIDTH="35" HEIGHT="21" WC="0.94" CONTENT="fall"/><SP WIDTH="16" VPOS="1481" HPOS="486"/>
							<String ID="string_465" HPOS="502" VPOS="1483" WIDTH="53" HEIGHT="20" WC="0.96" CONTENT="varit"/><SP WIDTH="15" VPOS="1483" HPOS="555"/>
							<String ID="string_466" HPOS="570" VPOS="1485" WIDTH="31" HEIGHT="18" WC="0.93" CONTENT="ett"/><SP WIDTH="15" VPOS="1485" HPOS="601"/>
							<String ID="string_467" HPOS="616" VPOS="1483" WIDTH="173" HEIGHT="26" WC="0.92" CONTENT="omsättningslän"/><SP WIDTH="16" VPOS="1483" HPOS="789"/>
							<String ID="string_468" HPOS="805" VPOS="1485" WIDTH="27" HEIGHT="25" WC="0.96" CONTENT="pä"/><SP WIDTH="16" VPOS="1485" HPOS="832"/>
							<String ID="string_469" HPOS="848" VPOS="1491" WIDTH="68" HEIGHT="14" WC="0.96" CONTENT="annan"/><SP WIDTH="16" VPOS="1491" HPOS="916"/>
							<String ID="string_470" HPOS="932" VPOS="1485" WIDTH="62" HEIGHT="24" WC="0.96" CONTENT="hand,"/>
						</TextLine>
						<TextLine ID="line_46" HPOS="175" VPOS="1509" WIDTH="819" HEIGHT="30">
							<String ID="string_471" HPOS="175" VPOS="1509" WIDTH="20" HEIGHT="22" WC="0.89" CONTENT="d."/><SP WIDTH="22" VPOS="1509" HPOS="195"/>
							<String ID="string_472" HPOS="217" VPOS="1515" WIDTH="18" HEIGHT="16" WC="0.93" CONTENT="v."/><SP WIDTH="23" VPOS="1515" HPOS="235"/>
							<String ID="string_473" HPOS="258" VPOS="1515" WIDTH="16" HEIGHT="16" WC="0.96" CONTENT="s."/><SP WIDTH="25" VPOS="1515" HPOS="274"/>
							<String ID="string_474" HPOS="299" VPOS="1509" WIDTH="35" HEIGHT="22" WC="0.95" CONTENT="det"/><SP WIDTH="18" VPOS="1509" HPOS="334"/>
							<String ID="string_475" HPOS="352" VPOS="1509" WIDTH="39" HEIGHT="22" WC="0.96" CONTENT="har"/><SP WIDTH="15" VPOS="1509" HPOS="391"/>
							<String ID="string_476" HPOS="406" VPOS="1510" WIDTH="53" HEIGHT="21" WC="0.96" CONTENT="varit"/><SP WIDTH="16" VPOS="1510" HPOS="459"/>
							<String ID="string_477" HPOS="475" VPOS="1517" WIDTH="78" HEIGHT="15" WC="0.93" CONTENT="samma"/><SP WIDTH="16" VPOS="1517" HPOS="553"/>
							<String ID="string_478" HPOS="569" VPOS="1511" WIDTH="87" HEIGHT="27" WC="0.88" CONTENT="kapital,"/><SP WIDTH="15" VPOS="1511" HPOS="656"/>
							<String ID="string_479" HPOS="671" VPOS="1517" WIDTH="45" HEIGHT="16" WC="0.93" CONTENT="som"/><SP WIDTH="16" VPOS="1517" HPOS="716"/>
							<String ID="string_480" HPOS="732" VPOS="1512" WIDTH="98" HEIGHT="27" WC="0.89" CONTENT="möjligen"/><SP WIDTH="16" VPOS="1512" HPOS="830"/>
							<String ID="string_481" HPOS="846" VPOS="1512" WIDTH="67" HEIGHT="22" WC="0.92" CONTENT="blifvit"/><SP WIDTH="15" VPOS="1512" HPOS="913"/>
							<String ID="string_482" HPOS="928" VPOS="1513" WIDTH="22" HEIGHT="22" WC="0.96" CONTENT="af"/><SP WIDTH="14" VPOS="1513" HPOS="950"/>
							<String ID="string_483" HPOS="964" VPOS="1516" WIDTH="30" HEIGHT="19" WC="0.96" CONTENT="ett"/>
						</TextLine>
					</TextBlock>
				</ComposedBlock>
			</PrintSpace>
		</Page>
	</Layout>
</alto>
