1086 1814
213 125 41 21 906
416 129 158 18 Presteståndet
587 130 54 17 1877.
666 130 25 17 23
704 129 47 21 maj.

183 198 72 21 hvilka
275 198 82 26 ätnjuta
372 197 110 27 presterlig
497 197 156 25 årsberäkning.
671 209 23 3 —
711 197 40 26 Jag
766 198 84 20 förenar
865 196 41 26 mig
920 196 82 22 således

183 226 128 26 fullkomligt
325 226 7 21 i
348 226 34 21 det
402 226 104 26 yttrande,
526 232 44 15 som
586 225 65 27 afgafs
667 225 22 21 af
704 225 104 26 professor
823 225 102 21 Forsman
940 226 7 20 i
962 224 40 22 den

182 255 67 21 första
273 254 60 22 delen
354 254 21 22 af
396 254 51 22 hans
463 256 82 20 senaste
561 254 133 26 andragande
710 254 38 21 och
764 254 39 20 har
817 254 54 21 intet
887 255 31 20 att
933 253 70 21 dertill

183 283 93 28 tillägga.

251 340 110 22 Professor
380 340 169 22 Ehrström:
570 340 97 25 Förstod
680 340 37 26 jag
733 339 76 22 doktor
824 339 69 27 Bergh
908 341 44 19 rätt
966 345 38 16 var

183 369 53 22 hans
253 370 79 21 önskan
348 370 31 20 att
394 368 20 22 få
430 371 48 19 veta
492 368 55 22 hvad
562 371 158 19 reservanterne
737 368 117 27 egentligen
870 370 71 19 menat
956 369 47 21 med

184 398 26 22 de
232 400 44 20 mot
298 398 65 21 slutet
385 398 23 21 af
426 398 62 20 deras
506 398 129 21 reservation
651 397 44 21 före
711 397 105 21 klämmen
831 396 172 22 förekommande

184 428 76 20 orden:
283 427 102 26 ,likasom
400 426 20 22 vi
436 426 18 27 ej
470 426 66 22 heller
546 426 46 21 dela
603 426 115 21 utskottets
728 426 55 26 äsigt
795 426 79 24 derom,
885 428 32 19 att
927 425 77 27 ifräga-

183 456 94 21 varande
299 455 74 27 ätgärd
395 455 83 21 komme
494 457 32 19 att
540 455 31 21 för
587 455 162 21 medlemmarne
765 455 22 21 af
800 454 131 22 läroständet
946 455 56 21 med-

183 484 45 22 föra
251 484 145 27 skyldigheten
419 486 31 19 att
473 484 83 26 deltaga
571 484 6 20 i
593 483 140 22 kostnaderne
753 483 54 21 bäde
827 484 32 20 för
880 484 123 21 ständernas

184 513 78 21 ombud
277 514 6 19 i
299 512 175 26 borgareständet
496 512 38 21 och
557 512 32 21 för
606 512 140 22 läroständets
762 512 77 21 ombud
853 512 7 20 i
876 513 127 26 prestestän-

184 542 55 21 det".
265 541 61 22 Hvad
341 544 157 18 reservanterne
514 541 86 21 härmed
616 547 66 19 mena,
694 541 41 21 kan
746 541 133 26 naturligtvis
887 541 36 27 jag
933 541 70 21 såsom

182 570 47 22 icke
247 572 115 23 reservant,
378 570 17 26 ej
412 570 48 20 med
475 570 37 20 full
527 569 155 27 tillförlitlighet
697 572 56 23 säga.
784 570 41 20 Det
841 569 106 22 förefaller
962 570 42 26 mig

183 599 64 21 likväl
269 598 61 22 häraf
351 599 38 21 och
412 598 21 21 af
454 598 55 22 hvad
530 598 59 22 desse
604 600 132 20 reservanter
751 598 83 27 yttrade
849 598 6 21 i
871 598 110 25 utskottet,
996 598 7 21 i

183 628 81 21 hvilket
286 627 60 21 äfven
359 627 36 27 jag
410 627 38 21 har
464 628 40 20 den
520 629 49 19 äran
586 630 31 18 att
633 633 49 15 vara
698 626 95 26 medlem,
809 628 68 20 såsom
894 633 33 15 om
943 627 60 21 desse

182 656 47 22 icke
244 656 67 22 skulle
327 657 110 26 godkänna
453 656 148 27 lagutskottets
617 656 95 26 tolkning
727 656 5 20 i
749 657 26 20 20
791 656 39 21 och
847 657 26 20 14
884 656 24 27 8$
918 655 6 21 i
936 655 67 22 landt-

184 685 175 27 dagsordningen.
386 685 150 25 Lagutskottet
551 687 66 24 säger,
634 687 31 19 att
681 684 147 26 skollärarene,
845 691 34 15 om
895 685 25 20 de
936 684 67 22 skulle

183 714 21 21 få
227 714 78 21 valrätt
327 714 63 20 också
412 714 6 20 i
440 713 179 27 borgareståndet,
641 713 68 21 skulle
728 713 31 21 för
783 714 39 20 den
843 713 105 24 händelse,
972 716 32 18 att

183 743 56 21 valet
261 742 32 22 till
315 742 176 27 borgareståndet
505 742 66 21 skulle
587 742 72 26 föregå
674 742 154 21 skollärarenes
843 742 33 21 val
891 742 21 21 af
934 748 70 21 repre-

183 773 84 19 sentant
289 772 7 20 i
320 771 154 26 presteståndet
500 771 125 26 derigenom,
651 772 32 20 att
706 771 24 20 de
753 770 88 27 deltagit
864 771 6 21 i
892 770 58 22 valet
972 771 32 21 för

183 799 181 27 borgareståndet,
389 799 78 21 förlora
494 799 31 21 sin
550 799 77 21 valrätt
653 801 32 19 att
712 799 54 27 välja
789 799 32 21 för
842 800 161 26 presteståndet,

183 828 88 22 likasom
294 828 61 21 deraf
375 828 63 21 också
453 828 68 20 skulle
536 828 48 26 följa
600 830 37 24 att,
654 834 34 15 om
704 828 25 21 de
745 828 17 26 ej
780 828 84 26 deltaga
879 828 6 21 i
901 828 56 22 valet
972 828 32 22 för

183 856 181 27 borgareståndet,
388 856 25 21 de
435 856 67 22 skulle
524 856 105 22 bibehålla
652 857 31 21 sin
704 858 43 20 rätt
762 858 30 20 att
809 857 54 27 välja
878 857 32 21 för
925 859 79 24 preste-

182 886 91 25 ståndet,
296 892 47 14 men
358 886 7 20 i
381 886 39 20 den
444 892 74 14 senare
540 885 113 21 händelsen
673 892 51 14 vara
739 885 96 27 skyldiga
850 887 31 19 att
897 885 84 27 deltaga
995 886 8 21 i

182 914 143 22 kostnaderna
347 914 57 21 såväl
426 914 32 21 för
478 914 109 21 städernas
607 916 170 24 representanter
799 914 6 20 i
829 914 174 26 borgareståndet

182 949 46 15 som
251 943 63 21 också
335 942 32 22 för
386 942 154 22 skollärarenes
555 942 78 22 ombud
648 942 7 22 i
670 943 160 26 presteståndet.
860 943 75 21 Denna
950 950 53 20 upp-

182 971 91 27 fattning
288 972 92 26 grundar
396 971 138 27 lagutskottet
549 973 27 25 på
592 971 53 21 hvad
662 972 58 21 detta
735 972 92 21 utskotts
842 972 108 26 pluralitet
965 978 37 15 an-

182 1002 42 19 sett
243 1007 50 14 vara
309 1007 25 15 en
350 1000 85 21 alldeles
451 1000 46 20 klar
512 1000 39 21 och
566 1000 108 26 sjelffallen
691 1000 96 26 tolkning
802 1000 22 22 af
837 1001 27 20 20
881 1001 10 25 $
912 1000 91 28 jemförd

182 1029 49 21 med
248 1030 9 20 1
273 1034 63 16 mom.
352 1028 7 21 i
375 1029 26 20 14
416 1029 12 26 &
444 1029 6 20 i
466 1028 231 27 landtdagsordningen.
722 1029 11 21 I
743 1030 27 20 20
781 1029 11 27 $
803 1029 59 21 heter
873 1030 46 20 det:
938 1029 65 27 ,Vald

182 1057 161 26 landtdagsman
366 1058 81 25 ätnjute
470 1057 121 25 tillräckligt
611 1057 39 21 och
665 1058 120 25 anständigt
801 1057 115 27 underhåll,
933 1058 70 21 äfven-

182 1092 45 15 som
243 1086 116 26 ersättning
375 1085 31 21 för
421 1085 137 21 resekostnad
569 1085 32 21 till
612 1085 39 21 och
661 1085 45 21 från
719 1086 107 27 landtdag,
837 1085 22 22 af
868 1085 54 26 dem,
933 1086 70 22 hvilka

182 1116 36 19 äro
236 1114 164 26 valberättigade
415 1114 8 20 i
439 1114 35 20 det
490 1114 89 25 distrikt,
595 1120 45 15 som
656 1116 67 19 utsett
735 1114 95 21 honom.*
855 1114 34 22 Nu
899 1117 36 19 äro
946 1115 56 21 skol-

182 1142 96 21 lärarene
301 1142 165 26 valberättigade
482 1142 6 21 i
503 1143 175 25 borgareständet
700 1143 38 21 och
754 1143 81 21 säledes
851 1145 24 19 är
891 1144 35 20 det
941 1143 62 27 klart,

181 1173 33 19 att
230 1171 41 21 han
287 1171 52 21 skall
355 1170 102 27 deltaga
450 1166 12 36 i
473 1171 131 21 underhället
619 1171 21 21 af
655 1172 84 20 stadens
751 1172 78 21 ombud
839 1172 6 20 i
856 1172 146 26 borgarestän-

183 1200 41 20 det.
254 1199 95 21 Afhäller
370 1199 41 21 han
434 1200 32 25 sig
481 1200 44 20 från
541 1202 32 18 att
589 1200 82 26 deltaga
687 1200 5 20 i
709 1200 58 21 detta
782 1200 32 21 val
831 1203 23 18 är
869 1201 41 21 han
925 1200 77 22 förkla-

182 1228 38 20 rad
236 1228 155 26 valberättigad
406 1228 6 20 i
428 1228 160 27 presteständet,
604 1228 65 26 enligt
684 1229 126 25 stadgandet
825 1228 6 21 i
849 1230 24 19 14
886 1229 18 27 8,
918 1229 36 21 der
967 1230 36 20 det

181 1256 61 21 heter
258 1257 67 24 ,dock
341 1257 34 21 mä
390 1257 18 26 ej
424 1257 69 20 såsom
509 1256 152 27 valberättigad
676 1260 82 18 anses:
773 1270 29 2 —
816 1257 64 22 bland
895 1259 65 20 annat
974 1270 28 3 —

181 1285 62 25 »den,
259 1292 45 14 som
320 1285 64 21 redan
400 1285 88 26 deltagit
502 1286 6 20 i
525 1285 32 21 val
573 1286 22 21 af
609 1285 80 22 elektor
705 1285 51 22 eller
768 1285 117 28 fullmäktig
896 1286 32 21 för
938 1289 64 18 annat

182 1313 62 22 ständ
267 1316 26 19 än
309 1314 42 25 det,
368 1314 54 21 inom
438 1313 80 22 hvilket
533 1313 40 22 han
589 1315 120 20 sedermera
724 1315 69 20 säsom
810 1315 96 25 väljande
920 1315 32 26 sig
967 1322 35 14 an-

181 1342 84 20 mäler.*
294 1342 45 21 Har
361 1343 41 20 han
424 1342 18 25 ej
465 1342 77 21 brukat
562 1344 31 19 sin
609 1343 78 20 valrätt
702 1343 5 20 i
723 1343 181 26 borgareständet,
921 1345 25 19 är
961 1344 41 21 han

181 1369 88 27 säledes,
285 1370 69 21 säsom
369 1370 67 25 sagdt,
453 1370 118 25 berättigad
587 1372 32 19 att
634 1370 54 26 välja
704 1370 31 21 för
750 1372 156 25 presteständet
918 1372 39 20 och
968 1373 34 20 sä-

181 1397 58 21 ledes
260 1398 64 21 ocksä
346 1398 81 27 skyldig
450 1400 32 19 att
504 1398 87 26 bidraga
612 1398 31 21 till
665 1399 141 21 kostnaderne
828 1399 32 21 för
880 1399 122 22 ombudet
990 1393 15 36 i

180 1426 163 27 presteständet.
375 1426 47 21 Men
438 1425 42 22 han
496 1428 24 19 är
535 1426 152 27 valberättigad
704 1427 60 21 äfven
779 1427 34 21 för
827 1427 175 27 borgareständet

182 1455 38 21 och
244 1455 38 22 har
304 1455 81 22 säledes
406 1455 119 27 skyldighet
545 1457 32 20 att
592 1455 84 27 deltaga
691 1455 6 22 i
713 1456 140 22 kostnaderne
869 1457 32 20 för
916 1457 84 22 stadens

182 1484 77 21 ombud
281 1485 8 20 i
312 1484 174 27 borgareständet
506 1484 37 21 och
560 1484 153 22 skollörarenes
729 1485 77 22 ombud
821 1485 6 22 i
839 1481 161 44 presteständet.

181 1513 46 21 Har
243 1513 40 22 han
299 1514 46 21 åter
361 1513 103 26 begagnat
479 1513 31 33 sig
526 1513 21 22 af
561 1513 103 22 valrätten
680 1513 33 22 för
727 1509 183 42 borgareständet,
924 1515 23 22 sä
962 1515 39 22 föl-

178 1542 34 27 jer
226 1542 22 21 af
262 1542 97 27 upplästa
375 1544 91 20 moment
481 1542 7 21 i
504 1543 26 20 14
546 1543 18 26 8,
581 1545 32 19 att
628 1543 41 21 han
681 1543 19 26 ej
714 1549 43 16 mer
768 1543 39 22 har
817 1543 93 22 valrätt
901 1538 10 37 i
920 1546 80 25 preste-
