1098 1786
332 112 161 18 Presteståndet
506 113 53 17 1877.
583 113 27 17 29
622 113 46 21 maj.
818 107 54 20 1059

81 180 39 22 der
142 180 63 22 hafva
220 180 34 22 för
268 180 62 26 stöd;
353 186 48 15 men
417 180 86 22 dermed
517 182 24 19 är
556 181 46 21 icke
616 181 39 21 allt
670 180 79 28 hulpet.
778 180 41 27 Jag
834 186 67 19 anser,

82 210 33 20 att
136 209 102 27 byskolor
260 209 72 21 kunna
353 209 86 21 komma
457 210 8 20 i
480 208 60 27 fråga
555 210 75 20 endast
644 210 38 20 der
696 215 26 15 en
738 210 70 20 tätare
823 208 79 22 befolk-

83 238 49 26 ning
151 238 114 25 existerar;
281 236 67 22 likaså
364 240 45 18 tror
421 237 43 27 jag,
481 240 32 18 att
527 237 7 21 i
549 238 26 21 de
590 238 87 26 spridda
692 237 176 27 församlingarna
884 237 18 27 ej

82 272 65 20 gerna
172 266 42 21 kan
237 266 86 21 komma
347 266 8 20 i
379 266 61 26 fråga
461 266 70 26 någon
552 272 71 15 annan
638 266 167 25 småbarnskola,
820 268 27 19 än
862 266 41 21 den

82 294 173 22 ambulatoriska.
280 294 50 21 Men
345 294 24 21 så
383 296 58 19 snart
457 301 49 14 man
521 300 26 15 en
562 294 55 27 gång
631 294 96 21 kommer
742 294 32 21 till
789 295 40 20 den
846 293 58 22 ställ-

83 323 57 27 ning,
156 324 32 20 att
203 329 49 14 man
266 323 79 20 anlitar
360 323 40 20 den
414 322 168 22 ambulatoriska
596 323 82 26 skolan,
694 329 63 15 anser
770 322 37 27 jag
817 323 33 20 för
861 323 43 20 min

81 351 43 27 del,
140 353 38 24 att,
194 357 34 15 om
245 351 40 21 den
300 351 18 27 ej
335 351 148 27 understödjes
499 351 22 20 af
535 351 172 27 söndagsskolan,
723 351 41 21 blir
780 352 40 21 den
835 351 7 20 i
856 350 47 22 huf-

82 380 83 21 vudsak
180 379 94 28 gagnlös.
296 380 41 27 Jag
353 380 98 26 tillägger
465 379 39 22 här
519 382 33 19 att
566 380 7 21 i
588 382 48 20 rent
650 380 94 27 kyrkligt
758 380 89 21 intresse
862 380 42 21 kan

82 415 50 15 man
154 409 47 21 icke
223 408 95 21 försvara
339 410 32 20 att
391 408 7 21 i
418 409 166 26 söndagsskolan
600 409 77 21 införes
692 408 109 27 skrifning,
816 408 89 27 räkning

82 444 22 15 0.
126 443 17 16 S.
165 443 19 15 v.
208 436 39 22 och
269 439 32 19 att
316 437 85 22 derföre
413 437 45 26 just
473 437 77 22 doktor
566 437 137 22 Nordströms
718 437 78 27 förslag
811 437 7 21 i
834 437 69 21 denna

83 466 37 21 del
140 472 38 15 var
200 466 23 21 af
241 466 81 27 ganska
342 468 45 19 stor
402 466 50 26 vigt.
483 466 48 21 Men
543 466 37 26 jag
596 467 87 26 hoppas,
698 468 32 19 att
746 466 58 21 detta
819 466 85 26 förslag,

83 501 36 15 om
142 494 64 22 ocksä
228 494 68 21 denna
316 494 56 27 gäng
394 494 97 21 dukande
507 495 67 20 under
589 495 90 24 derföre,
694 496 33 19 att
742 495 78 20 doktor
834 494 72 21 Nord-

82 525 68 19 ström
165 522 117 23 framhällit
297 522 32 22 sin
344 522 90 27 petition
449 523 47 20 icke
511 523 70 21 säsom
597 529 25 16 en
638 523 89 26 petition
741 523 7 20 i
764 523 65 21 saken
843 523 7 20 i
866 523 39 21 all-

84 551 94 26 mänhet,
200 553 52 20 utan
273 551 7 22 i
302 551 55 22 form
373 551 23 21 af
408 553 31 19 ett
454 551 129 26 reglemente
598 551 39 22 och
652 551 84 22 derföre
750 551 56 27 gjort
820 551 85 27 petitio-

84 587 48 19 nen,
153 582 75 19 nästan
244 580 68 26 sagdt,
328 579 86 27 omöjlig
429 581 32 19 att
475 580 63 21 hafva
552 580 112 26 framgäng
678 592 28 3 —
718 580 38 26 jag
771 579 67 22 mäste
853 586 53 20 upp-

84 610 73 26 rigtigt
178 610 58 25 säga,
258 611 33 19 att
312 608 203 28 petitionsförslaget
535 610 24 20 är
574 609 33 21 för
621 609 84 26 mycket
720 608 142 27 detaljerande
877 620 27 3 —

84 638 66 21 likväl
174 637 112 22 framdeles
309 637 60 25 skall,
392 637 64 21 också
479 638 83 20 derföre
583 639 37 24 att,
641 637 69 21 såsom
726 637 18 21 vi
760 639 54 24 veta,
831 638 35 20 det
882 638 24 20 är

85 666 49 22 hela
156 666 70 26 Borgå
247 666 55 21 stifts
324 666 143 27 presterskap,
489 672 46 15 som
550 666 39 21 har
604 667 71 20 derom
691 666 84 21 förenat
790 666 37 26 sig,
843 666 63 21 hafva

85 695 115 27 framgäng.
216 694 48 22 Men
280 694 56 22 hvad
352 694 40 21 den
406 694 96 28 petition,
517 701 45 15 som
578 694 23 22 af
614 694 106 22 allmänna
734 694 172 22 besvärsutskot-

85 725 32 19 tet
132 724 47 20 med
195 723 59 21 bifall
270 723 129 25 framhäller,
414 723 72 27 angär,
502 729 62 15 anser
576 724 38 26 jag
629 723 121 21 densamma
766 723 52 21 böra
827 723 33 21 för
870 723 36 21 det

86 752 63 21 enkla
164 751 69 22 skälet
248 752 56 21 inom
320 751 85 22 ständet
419 752 90 26 förfalla,
525 753 33 20 att
574 752 39 21 den
629 753 23 20 är
668 752 6 20 i
689 751 73 26 förtid,
777 752 64 20 innan
856 758 49 14 man

86 781 39 21 har
139 780 115 26 tillräcklig
269 780 88 26 tillgång
372 780 27 26 pä
413 780 76 26 lärare,
505 780 74 25 väckt;
594 781 8 20 i
618 780 39 22 och
672 780 47 20 med
730 781 118 20 detsamma
857 786 48 14 man

86 809 138 27 petitionerar
239 815 34 15 om
289 809 72 25 saken,
376 809 68 20 mäste
459 814 47 16 man
522 808 86 22 anhälla
622 814 34 16 om
672 808 65 26 respit
751 808 64 21 innan
823 808 83 21 författ-

86 838 77 26 ningen
184 837 68 21 skulle
274 836 85 22 komma
379 839 32 19 att
425 837 63 21 träda
502 838 6 20 i
523 838 80 20 verket.
619 850 28 3 —
661 836 41 27 Jag
716 836 86 22 förenar
816 837 43 26 mig
874 836 33 22 sä-

84 866 59 22 ledes
162 866 49 21 med
226 868 74 25 pastor
314 865 143 27 Westerlund,
473 866 77 21 doktor
565 866 85 26 Geitlin,
667 866 136 26 domprosten
818 865 89 21 Renvall

84 894 40 21 och
140 896 86 25 prosten
241 894 63 21 Roos.

153 951 155 27 Kyrkoherden
349 950 195 22 Fredriksson:
569 951 40 26 Jag
623 950 39 22 har
676 950 61 27 länge
752 950 48 27 hyst
815 951 40 21 den
871 952 35 19 ön-

84 979 60 27 skan,
167 982 32 19 att
221 986 25 15 en
261 979 217 27 lagstiftningsätgärd
493 979 69 22 skulle
577 980 95 26 vidtagas
688 979 84 26 derhän,
788 981 32 20 att
834 979 73 26 hvarje

85 1008 162 22 landskommun
272 1008 67 22 skulle
364 1008 63 21 blifva
451 1008 113 27 förpligtad
588 1010 32 19 att
644 1008 78 21 inrätta
737 1008 128 21 åtminstone
881 1014 26 15 en

85 1037 65 27 högre
165 1037 112 26 folkskola,
294 1037 39 22 och
349 1039 32 19 att
395 1037 34 26 jag
444 1037 81 21 således
541 1037 6 21 i
562 1037 142 26 föreliggande
718 1036 60 27 fråga
793 1036 67 27 hyllar
875 1039 33 18 ut-

84 1067 92 20 skottets
192 1065 90 27 mening,
298 1065 60 22 faller
373 1065 23 22 af
408 1066 32 26 sig
455 1065 60 27 sjelft.
546 1065 40 27 Jag
601 1066 67 21 måste
683 1067 56 25 säga,
755 1067 32 19 att
799 1065 36 26 jag
851 1065 57 21 erfor

85 1101 27 14 en
132 1094 46 21 icke
193 1095 60 25 ringa
267 1094 77 27 glädje,
360 1094 27 21 då
399 1094 37 26 jag
451 1094 33 21 vid
500 1094 138 26 landtdagens
654 1093 73 28 början
743 1094 108 27 upplystes
866 1099 41 20 om,

84 1125 33 19 att
139 1122 64 22 också
226 1122 45 22 från
294 1122 154 21 bondeståndet
466 1121 32 22 till
513 1122 128 27 landtdagen
656 1122 67 27 ingått
738 1123 112 25 petitioner
862 1122 46 26 just

86 1158 34 15 om
142 1151 185 28 församlingarnas
342 1151 141 26 förpligtande
498 1153 32 19 att
544 1151 79 21 inrätta
637 1151 65 26 högre
717 1150 121 22 folkskolor.
866 1150 41 27 Jag

85 1180 65 21 fäster
172 1180 84 26 mycket
278 1179 97 22 afseende
398 1180 33 21 vid
452 1179 142 27 föreliggande
612 1179 162 25 reservationer;
790 1179 39 21 har
844 1179 64 21 också

86 1208 48 21 med
156 1211 45 19 stor
222 1208 186 28 uppmärksamhet
428 1208 79 27 lyssnat
522 1208 33 21 till
570 1208 26 22 de
611 1207 73 26 talare,
700 1214 45 15 som
761 1207 61 21 hafva
837 1206 70 22 anfört

86 1236 46 22 skäl
148 1239 44 19 mot
206 1238 115 20 utskottets
336 1236 140 22 betänkande.
499 1238 47 20 Men
558 1236 37 27 jag
610 1236 39 21 har
664 1236 22 21 af
700 1236 36 21 det
750 1242 40 15 ena
805 1235 51 22 eller
872 1236 36 21 det

86 1265 66 22 andra
175 1265 17 26 ej
216 1265 81 21 kunnat
319 1265 118 26 öfvertygas
457 1265 79 26 derom,
551 1266 31 20 att
597 1265 46 21 icke
658 1267 32 19 ett
704 1265 91 26 verkligt
810 1263 64 22 behof
887 1263 22 22 af

86 1293 149 27 obligatoriskt
250 1293 111 26 skoltvång
376 1293 7 20 i
399 1294 40 20 den
454 1295 89 25 mening,
560 1293 36 22 det
608 1293 38 21 här
656 1292 39 22 har
706 1293 67 21 blifvit
783 1292 123 25 förklaradt,

86 1321 118 22 förefinnes.
234 1322 59 21 Mina
314 1323 45 20 skäl
383 1321 71 22 härför
476 1321 99 22 behöfver
595 1322 36 26 jag
646 1322 18 26 ej
680 1321 124 27 framlägga;
818 1321 35 26 jag
868 1321 39 20 har

86 1350 46 21 haft
146 1351 58 26 nöjet
218 1353 33 18 att
266 1350 69 21 erfara
349 1351 32 20 att
396 1351 77 20 doktor
485 1350 97 21 Lindelöf
591 1351 62 26 hyser
663 1350 7 20 i
680 1350 69 21 denna
759 1349 58 26 fråga
827 1355 81 16 samma

86 1379 56 26 åsigt
156 1379 39 21 och
210 1384 79 16 samma
304 1379 73 25 motiv,
393 1385 45 15 som
451 1378 41 27 jag.
508 1378 40 27 Jag
563 1379 84 21 förenar
662 1378 42 26 mig
719 1378 47 21 med
781 1378 78 21 honom
872 1383 34 15 om

86 1407 93 21 motiven
202 1407 40 21 och
256 1407 97 21 förordar
367 1407 6 20 i
389 1407 115 20 allmänhet
519 1406 247 22 utskottsbetänkandets
781 1405 125 26 antagande.

155 1463 77 21 Pastor
247 1462 206 22 Westerlund:
477 1462 40 27 Jag
532 1462 36 21 vill
582 1462 7 20 i
604 1461 134 27 förbigående
754 1461 106 26 anmärka,
875 1462 31 20 att

87 1490 26 22 de
134 1491 150 27 grundtankar,
299 1497 46 16 som
360 1490 61 22 hafva
437 1491 57 27 legat
509 1490 32 22 till
556 1490 68 28 grund
638 1489 32 22 för
686 1489 100 23 Gezelius
801 1489 105 22 verksam-
