1095 1800
332 115 159 18 Presteståndet
504 116 54 17 1877.
582 116 26 17 28
620 116 47 21 maj.
823 110 54 20 1027

89 182 97 28 aflöning,
209 190 46 15 som
278 184 47 21 dem
347 184 135 22 tillerkändes
498 185 24 21 år
538 185 60 26 1872,
615 187 22 24 ty
651 185 42 21 200
708 187 77 19 tunnor
800 184 53 22 efter
867 190 38 16 nu-

88 213 92 21 varande
203 212 184 27 markegångspris
409 215 62 25 utgör
494 213 52 21 efter
568 214 23 20 21
619 213 35 21 mk
669 214 13 20 6
697 213 43 27 p:ni
755 220 37 20 per
807 215 66 19 tunna
887 212 20 28 ej

88 242 56 20 stort
165 241 89 26 mindre,
276 242 27 20 än
325 242 26 20 de
371 242 63 24 4,800
449 242 66 23 mark,
530 248 44 15 som
590 248 27 14 nu
633 243 24 19 är
673 242 68 20 äldste
755 242 94 21 lektorns
865 241 41 21 lön.

156 298 142 26 Domprosten
319 298 90 26 Borg:
435 297 60 22 Hvad
516 298 21 21 af
551 298 25 21 de
592 298 125 26 föregående
732 298 93 21 talarene
841 297 67 22 blifvit

88 326 82 26 yttradt
192 326 33 21 för
246 326 129 25 antagandet
397 326 22 22 af
440 327 114 21 utskottets
576 326 140 25 betänkande,
734 326 39 22 har
788 327 119 21 sedermera

87 354 69 22 blifvit
173 354 82 22 bemött
270 354 20 22 af
305 356 106 26 professor
425 355 86 22 Donner
526 355 39 21 och
580 357 86 25 prosten
682 354 63 28 Hjelt,
762 355 96 21 hvarföre
871 355 36 26 jag

87 389 62 16 anser
171 384 42 26 mig
235 384 46 21 icke
301 384 89 21 behöfva
404 384 7 21 i
426 384 75 22 sakens
516 384 47 21 hela
578 384 144 26 utsträckning
737 384 71 21 vidare
823 384 84 21 bemöta

88 412 54 22 dem.
172 412 40 26 Jag
234 412 83 27 yttrade
339 412 64 22 också
417 412 65 22 redan
497 413 6 20 i
519 412 47 22 mitt
581 413 125 26 föregående
721 412 139 27 andragande,
875 414 33 19 att

87 440 118 28 penningen
228 440 44 23 helt
294 442 52 21 visst
368 443 23 20 är
413 442 40 21 den
474 442 108 21 osäkraste
604 442 149 25 värdemätare,
775 441 26 22 då
816 441 35 22 det
867 441 40 21 blir

89 470 58 26 fråga
169 477 33 14 om
219 472 31 19 att
265 469 65 22 fixera
345 471 90 21 skatten.
464 471 40 26 Jag
519 470 47 21 ville
581 470 116 26 korteligen
713 472 50 25 säga
779 473 36 23 att,
832 471 27 20 då
872 470 35 27 jag

87 497 97 23 framhöll
205 499 109 22 skilnaden
336 499 87 22 emellan
447 499 35 22 det
504 505 28 15 nu
554 499 117 26 föreslagna
693 499 73 22 värdet
788 500 26 26 på
829 499 78 21 skatte-

87 527 75 22 rubeln
178 527 39 22 och
232 528 74 21 värdet
320 529 27 24 på
363 527 119 22 densamme
495 528 64 26 enligt
568 527 97 28 gällande
675 527 146 26 undervisning
831 527 76 22 liksom

87 556 64 21 också
167 556 47 21 dess
230 556 64 21 värde
310 556 51 21 efter
377 556 64 27 enligt
458 557 53 20 1868
526 557 35 21 års
577 556 88 21 komités
675 555 83 28 förslag,
769 557 94 26 åsyftade
871 556 37 27 jag

87 585 108 27 ingenting
218 587 71 25 annat,
304 587 26 20 än
347 587 31 19 att
393 585 134 27 ådagalägga,
542 587 32 19 att
588 585 24 21 så
627 585 58 27 långt
699 591 45 15 som
761 585 34 21 det
810 591 27 15 nu
853 585 55 21 före-

87 614 73 26 slagna
175 614 73 21 värdet
263 615 27 26 på
306 614 143 22 skatterubeln
462 614 44 22 står
516 614 66 22 under
593 614 36 22 det
639 614 96 26 gällande
747 614 72 21 värdet
830 614 19 21 d.
860 620 18 14 v.
890 619 17 16 s.

87 642 66 27 enligt
174 642 126 28 nugällande
323 642 147 28 undervisning
485 643 111 27 utgående,
612 644 22 21 så
647 644 44 20 står
708 642 35 22 det
761 644 63 20 också
842 642 65 22 under

89 672 54 21 1868
165 672 34 21 års
222 672 90 21 komités
334 672 78 26 förslag
433 672 39 22 och
487 674 84 19 närmar
586 672 30 26 sig
631 672 6 20 i
653 673 36 20 det
703 674 106 20 närmaste
824 671 32 21 till
871 671 36 22 det

87 700 71 27 värde,
181 706 45 15 som
241 700 144 22 skatterubeln
400 701 31 21 får
447 707 33 15 om
496 707 47 15 man
559 703 87 24 antager
662 701 39 21 den
716 700 69 27 gamla
800 700 107 22 undervis-

87 729 76 27 ningen
179 729 47 21 med
242 728 41 22 alla
299 729 45 21 sina
359 729 141 27 mångfaldiga
514 728 174 28 räntepersedlar.
714 730 39 26 Jag
764 731 44 19 tror
819 729 88 26 derföre,

87 760 32 19 att
140 758 35 26 jag
198 758 17 26 ej
232 758 38 21 har
285 758 54 21 talat
353 758 64 26 något
432 758 130 26 öfverflödigt
577 758 6 20 i
599 759 68 20 denna
682 758 44 21 sak.
755 757 40 27 Jag
810 760 51 23 tror,
877 760 31 18 att

87 786 36 22 det
138 786 60 22 torde
214 786 73 27 styrka
303 786 54 26 dem,
373 792 44 16 som
433 786 51 28 hysa
500 787 40 21 den
556 786 157 27 öfvertygelsen,
729 789 32 19 att
777 787 34 20 det
823 788 24 19 är
857 786 51 26 godt

87 817 32 19 att
135 816 77 24 antaga
226 814 135 28 regeringens
376 814 83 27 förslag,
475 821 45 15 som
536 816 38 25 går
588 817 23 19 ut
625 816 28 26 på
668 817 32 19 att
712 815 80 21 minska
801 815 108 25 jordskat-

88 846 36 18 ten
139 843 48 21 med
202 843 18 26 ej
237 843 88 27 mindre,
340 845 27 19 än
385 844 89 24 165,000
490 844 64 25 mark,
566 844 84 20 hvartill
661 845 55 19 ännu
726 844 95 20 kommer
831 843 78 25 35,000

87 872 61 21 mark
163 871 33 21 för
210 874 62 19 ränta
286 872 13 21 å
314 875 109 23 augments
438 872 104 26 hemman,
558 872 80 21 således
654 872 89 25 200,000
754 872 59 21 mark
823 871 85 27 årligen.

88 900 25 26 Ej
129 902 24 19 är
169 900 35 21 det
220 900 107 26 tänkbart,
343 902 32 19 att
389 900 121 27 regeringen
526 901 37 26 går
577 900 21 21 in
614 900 27 27 på
656 900 35 21 det
706 899 77 27 förslag
798 902 31 19 att
843 900 66 21 fixera

85 928 134 28 jordskatten
235 928 6 21 i
256 929 117 27 penningar
391 929 38 21 och
450 929 43 26 just
508 929 71 21 derför
594 928 108 22 vidblifver
714 929 36 27 jag
766 929 40 21 den
821 928 87 26 åsigten,

87 959 32 19 att
141 958 27 20 då
190 963 48 15 man
261 957 39 21 har
314 957 65 27 utsigt
394 960 31 19 att
440 957 21 22 få
472 958 125 26 jordräntan
612 958 23 20 så
649 956 102 27 reglerad,
768 963 44 15 som
828 956 80 27 möjligt

87 988 30 24 är,
139 992 48 15 man
210 986 39 21 bör
269 989 76 24 antaga
361 988 30 20 ett
406 986 74 22 sådant
496 986 198 27 regleringsförslag.
725 986 69 21 Annat
810 992 49 15 vore
874 991 34 16 om

87 1021 48 15 man
154 1014 37 22 hos
206 1015 123 27 regeringen
345 1015 48 21 ville
407 1015 127 27 petitionera
549 1015 78 26 derom,
643 1017 32 19 att
689 1021 76 21 genom
780 1014 128 22 fortfarande

87 1043 151 27 anteckningar
253 1044 35 20 vid
304 1044 137 26 markegångs
451 1044 144 26 sättningarna
606 1046 74 19 utröna
690 1044 66 26 priset
766 1044 27 26 på
804 1044 25 20 de
839 1043 70 26 gamla

86 1072 95 26 artiklar,
197 1078 45 16 som
258 1072 18 26 ej
292 1078 87 16 numera
394 1072 48 28 ingå
457 1073 6 21 i
479 1072 180 26 undervisningen,
675 1072 45 25 och,
737 1072 27 22 då
779 1072 35 21 det
827 1072 82 26 engång

87 1103 24 19 är
126 1101 134 27 regeringens
283 1100 62 27 afsigt
368 1103 31 19 att
421 1107 74 21 genom
518 1101 250 27 persedelomsättningen
783 1101 69 26 någon
867 1100 42 22 för-

86 1129 86 28 höjning
188 1130 23 20 af
222 1130 134 27 jordskatten
372 1130 45 22 icke
430 1131 65 21 måtte
511 1136 38 20 ega
561 1136 53 19 rum,
625 1129 84 22 anhålla
719 1129 78 26 derom,
808 1132 31 18 att
849 1135 59 20 rege-

87 1158 72 27 ringen
174 1158 7 21 i
196 1158 69 22 sinom
287 1158 36 27 tid,
347 1159 27 21 då
395 1159 64 21 saken
480 1161 24 19 är
524 1158 101 27 klarligen
641 1158 82 26 utredd,
739 1158 48 21 ville
802 1158 107 26 förelägga

89 1187 116 22 ständerna
227 1189 32 20 ett
282 1189 47 26 nytt
349 1187 79 27 förslag
443 1187 6 21 i
465 1187 58 22 detta
538 1187 104 27 afseende,
657 1193 46 15 som
719 1193 49 16 vore
783 1193 57 15 mera
853 1187 56 27 juste

87 1222 58 15 mera
160 1216 68 27 exakt,
244 1217 26 20 än
286 1216 63 21 detta.

156 1273 84 22 Doktor
255 1273 112 27 Bergh:
387 1273 40 26 Jag
442 1274 66 21 måste
523 1273 32 21 till
566 1279 25 16 en
603 1273 72 27 början
686 1273 115 27 uppriktigt
811 1273 98 26 erkänna,

87 1304 32 19 att
140 1301 36 27 jag
199 1302 22 21 af
241 1304 85 25 prosten
347 1301 106 22 Johnsson
471 1302 39 22 har
524 1301 68 22 blifvit
606 1301 98 28 beslagen
719 1302 48 21 med
782 1308 25 15 en
823 1301 85 22 alldeles

88 1330 78 27 oriktig
188 1330 81 28 uppgift
292 1330 39 22 och
354 1330 37 22 ber
411 1331 81 21 derföre
508 1337 33 15 om
556 1331 73 21 ursäkt
644 1330 33 21 för
691 1330 73 28 början
780 1330 22 21 af
815 1331 47 20 mitt
877 1336 32 15 se-

87 1361 61 20 naste
170 1359 140 27 andragande.
341 1359 95 22 Orsaken
458 1360 70 21 dertill
550 1366 36 15 var
601 1360 46 23 den,
662 1362 31 18 att
706 1359 36 27 jag
757 1359 45 21 icke
817 1360 27 26 på
859 1358 50 22 flere

88 1388 65 25 dagar
174 1388 90 21 kommit
286 1389 31 19 att
339 1394 23 15 se
381 1389 27 26 på
428 1388 105 21 klämmen
548 1388 39 22 och
603 1388 54 21 hade
671 1389 6 19 i
693 1388 48 21 mitt
754 1388 69 26 gamla
839 1388 70 20 minne

88 1416 45 20 helt
149 1416 38 21 och
203 1416 65 21 hållet
282 1416 87 26 förgätit
384 1417 52 25 den;
463 1416 54 22 hade
532 1416 55 21 blott
602 1418 139 24 genomögnat
759 1416 150 26 motiveringen

88 1443 32 21 för
135 1443 105 27 förslaget.
264 1443 49 22 Men
328 1444 7 21 i
351 1444 42 20 alla
408 1444 35 21 fall
459 1444 101 21 vidhåller
573 1444 36 26 jag
623 1444 120 26 orubbeligt
758 1444 42 20 min
815 1443 93 21 uttalade

87 1472 61 27 åsigt,
163 1474 32 19 att
210 1473 59 21 detta
284 1472 78 26 förslag
377 1474 23 19 är
415 1472 85 22 alldeles
516 1472 120 26 opåkalladt
651 1472 39 21 och
705 1472 64 21 också
779 1471 129 27 fullständigt

89 1500 119 28 obefogadt.
234 1500 132 28 Regeringen
380 1500 39 22 har
433 1500 46 22 icke
494 1500 74 27 begärt
580 1501 64 26 något
654 1500 76 22 sådant
739 1500 83 27 förslag.
848 1500 61 22 Stän-
