<?xml version="1.0" encoding="UTF-8"?>
<alto xmlns="http://www.loc.gov/standards/alto/ns-v3#" xmlns:xlink="http://www.w3.org/1999/xlink" xmlns:xsi="http://www.w3.org/2001/XMLSchema-instance" xsi:schemaLocation="http://www.loc.gov/standards/alto/ns-v3# http://www.loc.gov/alto/v3/alto-3-0.xsd">
	<Description>
		<MeasurementUnit>pixel</MeasurementUnit>
		<sourceImageInformation>
			<fileName>/tmp/tess_2mnsfjwx_input.PNG</fileName>
		</sourceImageInformation>
		<OCRProcessing ID="OCR_0">
			<ocrProcessingStep>
				<processingSoftware>
					<softwareName>tesseract 5.3.4</softwareName>
				</processingSoftware>
			</ocrProcessingStep>
		</OCRProcessing>
	</Description>
	<Layout>
		<Page WIDTH="1086" HEIGHT="1750" PHYSICAL_IMG_NR="0" ID="page_0">
			<PrintSpace HPOS="0" VPOS="0" WIDTH="1086" HEIGHT="1750">
				<ComposedBlock ID="cblock_0" HPOS="329" VPOS="121" WIDTH="539" HEIGHT="26">
					<TextBlock ID="block_0" HPOS="329" VPOS="121" WIDTH="539" HEIGHT="26">
						<TextLine ID="line_0" HPOS="329" VPOS="121" WIDTH="539" HEIGHT="26">
							<String ID="string_0" HPOS="329" VPOS="124" WIDTH="159" HEIGHT="18" WC="0.91" CONTENT="Presteståndet"/><SP WIDTH="13" VPOS="124" HPOS="488"/>
							<String ID="string_1" HPOS="501" VPOS="126" WIDTH="51" HEIGHT="17" WC="0.96" CONTENT="1877."/><SP WIDTH="24" VPOS="126" HPOS="552"/>
							<String ID="string_2" HPOS="576" VPOS="126" WIDTH="14" HEIGHT="16" WC="0.96" CONTENT="4"/><SP WIDTH="13" VPOS="126" HPOS="590"/>
							<String ID="string_3" HPOS="603" VPOS="126" WIDTH="47" HEIGHT="21" WC="0.96" CONTENT="maj."/><SP WIDTH="177" VPOS="126" HPOS="650"/>
							<String ID="string_4" HPOS="827" VPOS="121" WIDTH="41" HEIGHT="21" WC="0.90" CONTENT="687"/>
						</TextLine>
					</TextBlock>
				</ComposedBlock>
				<GraphicalElement ID="cblock_1" HPOS="80" VPOS="151" WIDTH="817" HEIGHT="7"></GraphicalElement >
				<ComposedBlock ID="cblock_2" HPOS="78" VPOS="192" WIDTH="828" HEIGHT="308">
					<TextBlock ID="block_1" HPOS="78" VPOS="192" WIDTH="828" HEIGHT="308">
						<TextLine ID="line_1" HPOS="80" VPOS="192" WIDTH="826" HEIGHT="28">
							<String ID="string_5" HPOS="80" VPOS="192" WIDTH="131" HEIGHT="26" WC="0.95" CONTENT="påståendet,"/><SP WIDTH="23" VPOS="192" HPOS="211"/>
							<String ID="string_6" HPOS="234" VPOS="194" WIDTH="32" HEIGHT="19" WC="0.96" CONTENT="att"/><SP WIDTH="22" VPOS="194" HPOS="266"/>
							<String ID="string_7" HPOS="288" VPOS="192" WIDTH="123" HEIGHT="27" WC="0.96" CONTENT="paragrafen"/><SP WIDTH="22" VPOS="192" HPOS="411"/>
							<String ID="string_8" HPOS="433" VPOS="194" WIDTH="7" HEIGHT="20" WC="0.96" CONTENT="i"/><SP WIDTH="21" VPOS="194" HPOS="440"/>
							<String ID="string_9" HPOS="461" VPOS="194" WIDTH="35" HEIGHT="21" WC="0.93" CONTENT="det"/><SP WIDTH="15" VPOS="194" HPOS="496"/>
							<String ID="string_10" HPOS="511" VPOS="194" WIDTH="107" HEIGHT="21" WC="0.91" CONTENT="afseendet"/><SP WIDTH="14" VPOS="194" HPOS="618"/>
							<String ID="string_11" HPOS="632" VPOS="194" WIDTH="68" HEIGHT="22" WC="0.96" CONTENT="skulle"/><SP WIDTH="15" VPOS="194" HPOS="700"/>
							<String ID="string_12" HPOS="715" VPOS="200" WIDTH="51" HEIGHT="16" WC="0.93" CONTENT="vara"/><SP WIDTH="14" VPOS="200" HPOS="766"/>
							<String ID="string_13" HPOS="780" VPOS="194" WIDTH="126" HEIGHT="26" WC="0.92" CONTENT="obestämd,."/>
						</TextLine>
						<TextLine ID="line_2" HPOS="80" VPOS="220" WIDTH="815" HEIGHT="30">
							<String ID="string_14" HPOS="80" VPOS="221" WIDTH="32" HEIGHT="20" WC="0.96" CONTENT="att"/><SP WIDTH="15" VPOS="221" HPOS="112"/>
							<String ID="string_15" HPOS="127" VPOS="220" WIDTH="38" HEIGHT="21" WC="0.95" CONTENT="der"/><SP WIDTH="14" VPOS="220" HPOS="165"/>
							<String ID="string_16" HPOS="179" VPOS="220" WIDTH="17" HEIGHT="27" WC="0.95" CONTENT="ej"/><SP WIDTH="17" VPOS="220" HPOS="196"/>
							<String ID="string_17" HPOS="213" VPOS="220" WIDTH="139" HEIGHT="22" WC="0.95" CONTENT="förekommer"/><SP WIDTH="14" VPOS="220" HPOS="352"/>
							<String ID="string_18" HPOS="366" VPOS="222" WIDTH="67" HEIGHT="26" WC="0.96" CONTENT="någon"/><SP WIDTH="16" VPOS="222" HPOS="433"/>
							<String ID="string_19" HPOS="449" VPOS="221" WIDTH="113" HEIGHT="28" WC="0.96" CONTENT="förklaring"/><SP WIDTH="15" VPOS="221" HPOS="562"/>
							<String ID="string_20" HPOS="577" VPOS="222" WIDTH="55" HEIGHT="21" WC="0.96" CONTENT="hvad"/><SP WIDTH="12" VPOS="222" HPOS="632"/>
							<String ID="string_21" HPOS="644" VPOS="223" WIDTH="48" HEIGHT="20" WC="0.93" CONTENT="med"/><SP WIDTH="13" VPOS="223" HPOS="692"/>
							<String ID="string_22" HPOS="705" VPOS="239" WIDTH="8" HEIGHT="11" WC="0.89" CONTENT=","/><SP WIDTH="4" VPOS="239" HPOS="713"/>
							<String ID="string_23" HPOS="717" VPOS="223" WIDTH="98" HEIGHT="27" WC="0.96" CONTENT="behörigt"/><SP WIDTH="9" VPOS="223" HPOS="815"/>
							<String ID="string_24" HPOS="824" VPOS="223" WIDTH="71" HEIGHT="27" WC="0.66" CONTENT="intyg&quot;"/>
						</TextLine>
						<TextLine ID="line_3" HPOS="80" VPOS="248" WIDTH="816" HEIGHT="29">
							<String ID="string_25" HPOS="80" VPOS="248" WIDTH="53" HEIGHT="21" WC="0.94" CONTENT="skall"/><SP WIDTH="22" VPOS="248" HPOS="133"/>
							<String ID="string_26" HPOS="155" VPOS="248" WIDTH="83" HEIGHT="26" WC="0.94" CONTENT="förstås,"/><SP WIDTH="16" VPOS="248" HPOS="238"/>
							<String ID="string_27" HPOS="254" VPOS="249" WIDTH="38" HEIGHT="20" WC="0.96" CONTENT="har"/><SP WIDTH="15" VPOS="249" HPOS="292"/>
							<String ID="string_28" HPOS="307" VPOS="249" WIDTH="65" HEIGHT="21" WC="0.96" CONTENT="redan"/><SP WIDTH="15" VPOS="249" HPOS="372"/>
							<String ID="string_29" HPOS="387" VPOS="249" WIDTH="76" HEIGHT="22" WC="0.92" CONTENT="doktor"/><SP WIDTH="16" VPOS="249" HPOS="463"/>
							<String ID="string_30" HPOS="479" VPOS="251" WIDTH="112" HEIGHT="26" WC="0.91" CONTENT="Hornborg"/><SP WIDTH="14" VPOS="251" HPOS="591"/>
							<String ID="string_31" HPOS="605" VPOS="253" WIDTH="67" HEIGHT="24" WC="0.96" CONTENT="yttrat"/><SP WIDTH="14" VPOS="253" HPOS="672"/>
							<String ID="string_32" HPOS="686" VPOS="250" WIDTH="32" HEIGHT="27" WC="0.96" CONTENT="sig"/><SP WIDTH="14" VPOS="250" HPOS="718"/>
							<String ID="string_33" HPOS="732" VPOS="251" WIDTH="27" HEIGHT="26" WC="0.96" CONTENT="på"/><SP WIDTH="16" VPOS="251" HPOS="759"/>
							<String ID="string_34" HPOS="775" VPOS="253" WIDTH="36" HEIGHT="24" WC="0.96" CONTENT="ett,"/><SP WIDTH="16" VPOS="253" HPOS="811"/>
							<String ID="string_35" HPOS="827" VPOS="251" WIDTH="69" HEIGHT="21" WC="0.95" CONTENT="såsom"/>
						</TextLine>
						<TextLine ID="line_4" HPOS="79" VPOS="277" WIDTH="817" HEIGHT="26">
							<String ID="string_36" HPOS="79" VPOS="277" WIDTH="43" HEIGHT="26" WC="0.96" CONTENT="mig"/><SP WIDTH="14" VPOS="277" HPOS="122"/>
							<String ID="string_37" HPOS="136" VPOS="277" WIDTH="79" HEIGHT="26" WC="0.93" CONTENT="tyckes,"/><SP WIDTH="15" VPOS="277" HPOS="215"/>
							<String ID="string_38" HPOS="230" VPOS="277" WIDTH="193" HEIGHT="22" WC="0.92" CONTENT="tillfredsställande"/><SP WIDTH="15" VPOS="277" HPOS="423"/>
							<String ID="string_39" HPOS="438" VPOS="280" WIDTH="49" HEIGHT="19" WC="0.96" CONTENT="sätt."/><SP WIDTH="27" VPOS="280" HPOS="487"/>
							<String ID="string_40" HPOS="514" VPOS="279" WIDTH="42" HEIGHT="20" WC="0.96" CONTENT="För"/><SP WIDTH="15" VPOS="279" HPOS="556"/>
							<String ID="string_41" HPOS="571" VPOS="279" WIDTH="39" HEIGHT="21" WC="0.92" CONTENT="den"/><SP WIDTH="16" VPOS="279" HPOS="610"/>
							<String ID="string_42" HPOS="626" VPOS="285" WIDTH="15" HEIGHT="15" WC="0.92" CONTENT="s."/><SP WIDTH="17" VPOS="285" HPOS="641"/>
							<String ID="string_43" HPOS="658" VPOS="279" WIDTH="20" HEIGHT="20" WC="0.89" CONTENT="k."/><SP WIDTH="16" VPOS="279" HPOS="678"/>
							<String ID="string_44" HPOS="694" VPOS="279" WIDTH="136" HEIGHT="21" WC="0.92" CONTENT="lösdrifvaren"/><SP WIDTH="12" VPOS="279" HPOS="830"/>
							<String ID="string_45" HPOS="842" VPOS="279" WIDTH="54" HEIGHT="22" WC="0.92" CONTENT="före-"/>
						</TextLine>
						<TextLine ID="line_5" HPOS="79" VPOS="305" WIDTH="818" HEIGHT="28">
							<String ID="string_46" HPOS="79" VPOS="305" WIDTH="67" HEIGHT="21" WC="0.96" CONTENT="finnas"/><SP WIDTH="15" VPOS="305" HPOS="146"/>
							<String ID="string_47" HPOS="161" VPOS="307" WIDTH="55" HEIGHT="19" WC="0.96" CONTENT="ännu"/><SP WIDTH="16" VPOS="307" HPOS="216"/>
							<String ID="string_48" HPOS="232" VPOS="306" WIDTH="75" HEIGHT="26" WC="0.95" CONTENT="många"/><SP WIDTH="15" VPOS="306" HPOS="307"/>
							<String ID="string_49" HPOS="322" VPOS="306" WIDTH="66" HEIGHT="21" WC="0.96" CONTENT="andra"/><SP WIDTH="15" VPOS="306" HPOS="388"/>
							<String ID="string_50" HPOS="403" VPOS="306" WIDTH="131" HEIGHT="27" WC="0.96" CONTENT="möjligheter"/><SP WIDTH="15" VPOS="306" HPOS="534"/>
							<String ID="string_51" HPOS="549" VPOS="309" WIDTH="31" HEIGHT="19" WC="0.93" CONTENT="att"/><SP WIDTH="10" VPOS="309" HPOS="580"/>
							<String ID="string_52" HPOS="590" VPOS="307" WIDTH="193" HEIGHT="21" WC="0.91" CONTENT="tillfredsställande"/><SP WIDTH="11" VPOS="307" HPOS="783"/>
							<String ID="string_53" HPOS="794" VPOS="307" WIDTH="103" HEIGHT="26" WC="0.96" CONTENT="redogöra"/>
						</TextLine>
						<TextLine ID="line_6" HPOS="78" VPOS="333" WIDTH="818" HEIGHT="29">
							<String ID="string_54" HPOS="78" VPOS="333" WIDTH="33" HEIGHT="20" WC="0.96" CONTENT="för"/><SP WIDTH="22" VPOS="333" HPOS="111"/>
							<String ID="string_55" HPOS="133" VPOS="333" WIDTH="32" HEIGHT="21" WC="0.96" CONTENT="sin"/><SP WIDTH="21" VPOS="333" HPOS="165"/>
							<String ID="string_56" HPOS="186" VPOS="333" WIDTH="85" HEIGHT="22" WC="0.96" CONTENT="vistelse"/><SP WIDTH="22" VPOS="333" HPOS="271"/>
							<String ID="string_57" HPOS="293" VPOS="334" WIDTH="27" HEIGHT="26" WC="0.96" CONTENT="på"/><SP WIDTH="20" VPOS="334" HPOS="320"/>
							<String ID="string_58" HPOS="340" VPOS="336" WIDTH="60" HEIGHT="19" WC="0.96" CONTENT="orten"/><SP WIDTH="15" VPOS="336" HPOS="400"/>
							<String ID="string_59" HPOS="415" VPOS="336" WIDTH="26" HEIGHT="19" WC="0.96" CONTENT="än"/><SP WIDTH="16" VPOS="336" HPOS="441"/>
							<String ID="string_60" HPOS="457" VPOS="341" WIDTH="74" HEIGHT="20" WC="0.93" CONTENT="genom"/><SP WIDTH="16" VPOS="341" HPOS="531"/>
							<String ID="string_61" HPOS="547" VPOS="335" WIDTH="119" HEIGHT="27" WC="0.90" CONTENT="uppteende"/><SP WIDTH="15" VPOS="335" HPOS="666"/>
							<String ID="string_62" HPOS="681" VPOS="335" WIDTH="22" HEIGHT="21" WC="0.96" CONTENT="af"/><SP WIDTH="13" VPOS="335" HPOS="703"/>
							<String ID="string_63" HPOS="716" VPOS="335" WIDTH="101" HEIGHT="27" WC="0.96" CONTENT="skriftligt"/><SP WIDTH="14" VPOS="335" HPOS="817"/>
							<String ID="string_64" HPOS="831" VPOS="335" WIDTH="65" HEIGHT="27" WC="0.96" CONTENT="intyg."/>
						</TextLine>
						<TextLine ID="line_7" HPOS="78" VPOS="361" WIDTH="818" HEIGHT="29">
							<String ID="string_65" HPOS="78" VPOS="361" WIDTH="90" HEIGHT="22" WC="0.96" CONTENT="Prosten"/><SP WIDTH="16" VPOS="361" HPOS="168"/>
							<String ID="string_66" HPOS="184" VPOS="361" WIDTH="58" HEIGHT="27" WC="0.96" CONTENT="Hjelt"/><SP WIDTH="14" VPOS="361" HPOS="242"/>
							<String ID="string_67" HPOS="256" VPOS="362" WIDTH="39" HEIGHT="21" WC="0.96" CONTENT="har"/><SP WIDTH="15" VPOS="362" HPOS="295"/>
							<String ID="string_68" HPOS="310" VPOS="362" WIDTH="69" HEIGHT="25" WC="0.96" CONTENT="också,"/><SP WIDTH="16" VPOS="362" HPOS="379"/>
							<String ID="string_69" HPOS="395" VPOS="363" WIDTH="65" HEIGHT="26" WC="0.96" CONTENT="enligt"/><SP WIDTH="10" VPOS="363" HPOS="460"/>
							<String ID="string_70" HPOS="470" VPOS="363" WIDTH="55" HEIGHT="21" WC="0.96" CONTENT="hvad"/><SP WIDTH="8" VPOS="363" HPOS="525"/>
							<String ID="string_71" HPOS="533" VPOS="363" WIDTH="35" HEIGHT="27" WC="0.96" CONTENT="jag"/><SP WIDTH="11" VPOS="363" HPOS="568"/>
							<String ID="string_72" HPOS="579" VPOS="365" WIDTH="40" HEIGHT="19" WC="0.96" CONTENT="kan"/><SP WIDTH="10" VPOS="365" HPOS="619"/>
							<String ID="string_73" HPOS="629" VPOS="363" WIDTH="56" HEIGHT="22" WC="0.92" CONTENT="finna"/><SP WIDTH="12" VPOS="363" HPOS="685"/>
							<String ID="string_74" HPOS="697" VPOS="363" WIDTH="199" HEIGHT="27" WC="0.91" CONTENT="tillfredsställande,"/>
						</TextLine>
						<TextLine ID="line_8" HPOS="78" VPOS="389" WIDTH="820" HEIGHT="29">
							<String ID="string_75" HPOS="78" VPOS="389" WIDTH="103" HEIGHT="22" WC="0.95" CONTENT="förklarat"/><SP WIDTH="22" VPOS="389" HPOS="181"/>
							<String ID="string_76" HPOS="203" VPOS="390" WIDTH="40" HEIGHT="21" WC="0.96" CONTENT="den"/><SP WIDTH="21" VPOS="390" HPOS="243"/>
							<String ID="string_77" HPOS="264" VPOS="390" WIDTH="44" HEIGHT="21" WC="0.96" CONTENT="lilla"/><SP WIDTH="23" VPOS="390" HPOS="308"/>
							<String ID="string_78" HPOS="331" VPOS="391" WIDTH="38" HEIGHT="21" WC="0.96" CONTENT="och"/><SP WIDTH="22" VPOS="391" HPOS="369"/>
							<String ID="string_79" HPOS="391" VPOS="391" WIDTH="80" HEIGHT="21" WC="0.96" CONTENT="kanske"/><SP WIDTH="22" VPOS="391" HPOS="471"/>
							<String ID="string_80" HPOS="493" VPOS="392" WIDTH="81" HEIGHT="21" WC="0.96" CONTENT="mindre"/><SP WIDTH="22" VPOS="392" HPOS="574"/>
							<String ID="string_81" HPOS="596" VPOS="392" WIDTH="159" HEIGHT="26" WC="0.96" CONTENT="betydelsefulla"/><SP WIDTH="18" VPOS="392" HPOS="755"/>
							<String ID="string_82" HPOS="773" VPOS="392" WIDTH="88" HEIGHT="26" WC="0.96" CONTENT="ändring"/><SP WIDTH="15" VPOS="392" HPOS="861"/>
							<String ID="string_83" HPOS="876" VPOS="392" WIDTH="22" HEIGHT="21" WC="0.96" CONTENT="af"/>
						</TextLine>
						<TextLine ID="line_9" HPOS="78" VPOS="418" WIDTH="819" HEIGHT="29">
							<String ID="string_84" HPOS="78" VPOS="418" WIDTH="131" HEIGHT="27" WC="0.96" CONTENT="paragrafen,"/><SP WIDTH="17" VPOS="418" HPOS="209"/>
							<String ID="string_85" HPOS="226" VPOS="425" WIDTH="44" HEIGHT="15" WC="0.96" CONTENT="som"/><SP WIDTH="16" VPOS="425" HPOS="270"/>
							<String ID="string_86" HPOS="286" VPOS="419" WIDTH="104" HEIGHT="21" WC="0.96" CONTENT="utskottet"/><SP WIDTH="15" VPOS="419" HPOS="390"/>
							<String ID="string_87" HPOS="405" VPOS="419" WIDTH="72" HEIGHT="22" WC="0.96" CONTENT="tillåtit"/><SP WIDTH="15" VPOS="419" HPOS="477"/>
							<String ID="string_88" HPOS="492" VPOS="420" WIDTH="31" HEIGHT="27" WC="0.96" CONTENT="sig"/><SP WIDTH="14" VPOS="420" HPOS="523"/>
							<String ID="string_89" HPOS="537" VPOS="422" WIDTH="51" HEIGHT="25" WC="0.96" CONTENT="göra"/><SP WIDTH="14" VPOS="422" HPOS="588"/>
							<String ID="string_90" HPOS="602" VPOS="420" WIDTH="7" HEIGHT="21" WC="0.96" CONTENT="i"/><SP WIDTH="15" VPOS="420" HPOS="609"/>
							<String ID="string_91" HPOS="624" VPOS="420" WIDTH="40" HEIGHT="21" WC="0.96" CONTENT="den"/><SP WIDTH="16" VPOS="420" HPOS="664"/>
							<String ID="string_92" HPOS="680" VPOS="421" WIDTH="75" HEIGHT="26" WC="0.93" CONTENT="nådiga"/><SP WIDTH="15" VPOS="421" HPOS="755"/>
							<String ID="string_93" HPOS="770" VPOS="420" WIDTH="127" HEIGHT="27" WC="0.91" CONTENT="propositio-"/>
						</TextLine>
						<TextLine ID="line_10" HPOS="79" VPOS="447" WIDTH="818" HEIGHT="29">
							<String ID="string_94" HPOS="79" VPOS="453" WIDTH="46" HEIGHT="15" WC="0.91" CONTENT="nen."/><SP WIDTH="26" VPOS="453" HPOS="125"/>
							<String ID="string_95" HPOS="151" VPOS="459" WIDTH="24" HEIGHT="2" WC="0.90" CONTENT="—"/><SP WIDTH="23" VPOS="459" HPOS="175"/>
							<String ID="string_96" HPOS="198" VPOS="447" WIDTH="40" HEIGHT="26" WC="0.96" CONTENT="Jag"/><SP WIDTH="22" VPOS="447" HPOS="238"/>
							<String ID="string_97" HPOS="260" VPOS="447" WIDTH="68" HEIGHT="22" WC="0.93" CONTENT="skulle"/><SP WIDTH="22" VPOS="447" HPOS="328"/>
							<String ID="string_98" HPOS="350" VPOS="447" WIDTH="81" HEIGHT="22" WC="0.92" CONTENT="derföre"/><SP WIDTH="21" VPOS="447" HPOS="431"/>
							<String ID="string_99" HPOS="452" VPOS="448" WIDTH="89" HEIGHT="25" WC="0.96" CONTENT="anhålla,"/><SP WIDTH="16" VPOS="448" HPOS="541"/>
							<String ID="string_100" HPOS="557" VPOS="451" WIDTH="32" HEIGHT="19" WC="0.93" CONTENT="att"/><SP WIDTH="14" VPOS="451" HPOS="589"/>
							<String ID="string_101" HPOS="603" VPOS="448" WIDTH="13" HEIGHT="28" WC="0.90" CONTENT="&amp;"/><SP WIDTH="15" VPOS="448" HPOS="616"/>
							<String ID="string_102" HPOS="631" VPOS="449" WIDTH="65" HEIGHT="21" WC="0.96" CONTENT="måtte"/><SP WIDTH="16" VPOS="449" HPOS="696"/>
							<String ID="string_103" HPOS="712" VPOS="449" WIDTH="21" HEIGHT="20" WC="0.96" CONTENT="af"/><SP WIDTH="14" VPOS="449" HPOS="733"/>
							<String ID="string_104" HPOS="747" VPOS="449" WIDTH="84" HEIGHT="21" WC="0.93" CONTENT="ståndet"/><SP WIDTH="14" VPOS="449" HPOS="831"/>
							<String ID="string_105" HPOS="845" VPOS="449" WIDTH="52" HEIGHT="26" WC="0.91" CONTENT="god-"/>
						</TextLine>
						<TextLine ID="line_11" HPOS="79" VPOS="475" WIDTH="654" HEIGHT="25">
							<String ID="string_106" HPOS="79" VPOS="475" WIDTH="87" HEIGHT="25" WC="0.96" CONTENT="kännas,"/><SP WIDTH="15" VPOS="475" HPOS="166"/>
							<String ID="string_107" HPOS="181" VPOS="475" WIDTH="66" HEIGHT="22" WC="0.96" CONTENT="sådan"/><SP WIDTH="16" VPOS="475" HPOS="247"/>
							<String ID="string_108" HPOS="263" VPOS="476" WIDTH="40" HEIGHT="21" WC="0.93" CONTENT="den"/><SP WIDTH="15" VPOS="476" HPOS="303"/>
							<String ID="string_109" HPOS="318" VPOS="475" WIDTH="111" HEIGHT="22" WC="0.91" CONTENT="förefinnes"/><SP WIDTH="15" VPOS="475" HPOS="429"/>
							<String ID="string_110" HPOS="444" VPOS="477" WIDTH="6" HEIGHT="20" WC="0.96" CONTENT="i"/><SP WIDTH="16" VPOS="477" HPOS="450"/>
							<String ID="string_111" HPOS="466" VPOS="477" WIDTH="114" HEIGHT="22" WC="0.96" CONTENT="utskottets"/><SP WIDTH="15" VPOS="477" HPOS="580"/>
							<String ID="string_112" HPOS="595" VPOS="477" WIDTH="138" HEIGHT="21" WC="0.96" CONTENT="betänkande."/>
						</TextLine>
					</TextBlock>
				</ComposedBlock>
				<ComposedBlock ID="cblock_3" HPOS="79" VPOS="533" WIDTH="820" HEIGHT="997">
					<TextBlock ID="block_2" HPOS="79" VPOS="533" WIDTH="820" HEIGHT="997">
						<TextLine ID="line_12" HPOS="147" VPOS="533" WIDTH="748" HEIGHT="28">
							<String ID="string_113" HPOS="147" VPOS="533" WIDTH="110" HEIGHT="21" WC="0.96" CONTENT="Professor"/><SP WIDTH="48" VPOS="533" HPOS="257"/>
							<String ID="string_114" HPOS="305" VPOS="539" WIDTH="105" HEIGHT="16" WC="0.93" CONTENT="Donner:"/><SP WIDTH="31" VPOS="539" HPOS="410"/>
							<String ID="string_115" HPOS="441" VPOS="533" WIDTH="73" HEIGHT="22" WC="0.88" CONTENT="Sävidt"/><SP WIDTH="19" VPOS="533" HPOS="514"/>
							<String ID="string_116" HPOS="533" VPOS="534" WIDTH="36" HEIGHT="27" WC="0.96" CONTENT="jag"/><SP WIDTH="15" VPOS="534" HPOS="569"/>
							<String ID="string_117" HPOS="584" VPOS="534" WIDTH="78" HEIGHT="21" WC="0.96" CONTENT="förmår"/><SP WIDTH="14" VPOS="534" HPOS="662"/>
							<String ID="string_118" HPOS="676" VPOS="535" WIDTH="51" HEIGHT="26" WC="0.96" CONTENT="inse,"/><SP WIDTH="16" VPOS="535" HPOS="727"/>
							<String ID="string_119" HPOS="743" VPOS="534" WIDTH="97" HEIGHT="27" WC="0.96" CONTENT="utvidgar"/><SP WIDTH="14" VPOS="534" HPOS="840"/>
							<String ID="string_120" HPOS="854" VPOS="534" WIDTH="14" HEIGHT="27" WC="0.83" CONTENT="&amp;"/><SP WIDTH="17" VPOS="534" HPOS="868"/>
							<String ID="string_121" HPOS="885" VPOS="536" WIDTH="10" HEIGHT="19" WC="0.97" CONTENT="1"/>
						</TextLine>
						<TextLine ID="line_13" HPOS="79" VPOS="561" WIDTH="818" HEIGHT="29">
							<String ID="string_122" HPOS="79" VPOS="561" WIDTH="6" HEIGHT="20" WC="0.96" CONTENT="i"/><SP WIDTH="20" VPOS="561" HPOS="85"/>
							<String ID="string_123" HPOS="105" VPOS="561" WIDTH="142" HEIGHT="27" WC="0.96" CONTENT="föreliggande"/><SP WIDTH="14" VPOS="561" HPOS="247"/>
							<String ID="string_124" HPOS="261" VPOS="561" WIDTH="79" HEIGHT="27" WC="0.96" CONTENT="förslag"/><SP WIDTH="14" VPOS="561" HPOS="340"/>
							<String ID="string_125" HPOS="354" VPOS="562" WIDTH="115" HEIGHT="28" WC="0.92" CONTENT="begreppet"/><SP WIDTH="15" VPOS="562" HPOS="469"/>
							<String ID="string_126" HPOS="484" VPOS="563" WIDTH="146" HEIGHT="25" WC="0.83" CONTENT=",lösdrifvare*"/><SP WIDTH="15" VPOS="563" HPOS="630"/>
							<String ID="string_127" HPOS="645" VPOS="563" WIDTH="27" HEIGHT="27" WC="0.96" CONTENT="pä"/><SP WIDTH="16" VPOS="563" HPOS="672"/>
							<String ID="string_128" HPOS="688" VPOS="565" WIDTH="30" HEIGHT="20" WC="0.96" CONTENT="ett"/><SP WIDTH="15" VPOS="565" HPOS="718"/>
							<String ID="string_129" HPOS="733" VPOS="564" WIDTH="23" HEIGHT="20" WC="0.93" CONTENT="sä"/><SP WIDTH="15" VPOS="564" HPOS="756"/>
							<String ID="string_130" HPOS="771" VPOS="563" WIDTH="126" HEIGHT="27" WC="0.92" CONTENT="väsendtligt"/>
						</TextLine>
						<TextLine ID="line_14" HPOS="79" VPOS="590" WIDTH="818" HEIGHT="28">
							<String ID="string_131" HPOS="79" VPOS="592" WIDTH="49" HEIGHT="24" WC="0.96" CONTENT="sätt,"/><SP WIDTH="15" VPOS="592" HPOS="128"/>
							<String ID="string_132" HPOS="143" VPOS="593" WIDTH="33" HEIGHT="18" WC="0.96" CONTENT="att"/><SP WIDTH="15" VPOS="593" HPOS="176"/>
							<String ID="string_133" HPOS="191" VPOS="590" WIDTH="35" HEIGHT="21" WC="0.96" CONTENT="det"/><SP WIDTH="16" VPOS="590" HPOS="226"/>
							<String ID="string_134" HPOS="242" VPOS="597" WIDTH="49" HEIGHT="15" WC="0.96" CONTENT="vore"/><SP WIDTH="15" VPOS="597" HPOS="291"/>
							<String ID="string_135" HPOS="306" VPOS="590" WIDTH="109" HEIGHT="27" WC="0.96" CONTENT="högeligen"/><SP WIDTH="16" VPOS="590" HPOS="415"/>
							<String ID="string_136" HPOS="431" VPOS="591" WIDTH="117" HEIGHT="27" WC="0.96" CONTENT="betänkligt"/><SP WIDTH="16" VPOS="591" HPOS="548"/>
							<String ID="string_137" HPOS="564" VPOS="594" WIDTH="31" HEIGHT="19" WC="0.96" CONTENT="att"/><SP WIDTH="15" VPOS="594" HPOS="595"/>
							<String ID="string_138" HPOS="610" VPOS="594" WIDTH="76" HEIGHT="24" WC="0.96" CONTENT="antaga"/><SP WIDTH="17" VPOS="594" HPOS="686"/>
							<String ID="string_139" HPOS="703" VPOS="592" WIDTH="126" HEIGHT="21" WC="0.94" CONTENT="densamma."/><SP WIDTH="26" VPOS="592" HPOS="829"/>
							<String ID="string_140" HPOS="855" VPOS="592" WIDTH="42" HEIGHT="21" WC="0.96" CONTENT="Det"/>
						</TextLine>
						<TextLine ID="line_15" HPOS="79" VPOS="618" WIDTH="818" HEIGHT="30">
							<String ID="string_141" HPOS="79" VPOS="618" WIDTH="60" HEIGHT="22" WC="0.95" CONTENT="heter"/><SP WIDTH="22" VPOS="618" HPOS="139"/>
							<String ID="string_142" HPOS="161" VPOS="619" WIDTH="6" HEIGHT="21" WC="0.96" CONTENT="i"/><SP WIDTH="22" VPOS="619" HPOS="167"/>
							<String ID="string_143" HPOS="189" VPOS="619" WIDTH="40" HEIGHT="21" WC="0.97" CONTENT="den"/><SP WIDTH="19" VPOS="619" HPOS="229"/>
							<String ID="string_144" HPOS="248" VPOS="619" WIDTH="75" HEIGHT="27" WC="0.96" CONTENT="nådiga"/><SP WIDTH="15" VPOS="619" HPOS="323"/>
							<String ID="string_145" HPOS="338" VPOS="619" WIDTH="147" HEIGHT="27" WC="0.96" CONTENT="förordningen"/><SP WIDTH="16" VPOS="619" HPOS="485"/>
							<String ID="string_146" HPOS="501" VPOS="620" WIDTH="22" HEIGHT="21" WC="0.96" CONTENT="af"/><SP WIDTH="12" VPOS="620" HPOS="523"/>
							<String ID="string_147" HPOS="535" VPOS="621" WIDTH="24" HEIGHT="20" WC="0.96" CONTENT="år"/><SP WIDTH="17" VPOS="621" HPOS="559"/>
							<String ID="string_148" HPOS="576" VPOS="621" WIDTH="52" HEIGHT="21" WC="0.96" CONTENT="1865"/><SP WIDTH="17" VPOS="621" HPOS="628"/>
							<String ID="string_149" HPOS="645" VPOS="620" WIDTH="7" HEIGHT="21" WC="0.96" CONTENT="i"/><SP WIDTH="18" VPOS="620" HPOS="652"/>
							<String ID="string_150" HPOS="670" VPOS="622" WIDTH="6" HEIGHT="19" WC="0.96" CONTENT="1"/><SP WIDTH="20" VPOS="622" HPOS="676"/>
							<String ID="string_151" HPOS="696" VPOS="620" WIDTH="17" HEIGHT="28" WC="0.49" CONTENT="8,"/><SP WIDTH="16" VPOS="620" HPOS="713"/>
							<String ID="string_152" HPOS="729" VPOS="621" WIDTH="37" HEIGHT="21" WC="0.96" CONTENT="der"/><SP WIDTH="15" VPOS="621" HPOS="766"/>
							<String ID="string_153" HPOS="781" VPOS="621" WIDTH="116" HEIGHT="26" WC="0.96" CONTENT="begreppet"/>
						</TextLine>
						<TextLine ID="line_16" HPOS="80" VPOS="647" WIDTH="817" HEIGHT="28">
							<String ID="string_154" HPOS="80" VPOS="647" WIDTH="148" HEIGHT="25" WC="0.73" CONTENT="»försvarslös*"/><SP WIDTH="22" VPOS="647" HPOS="228"/>
							<String ID="string_155" HPOS="250" VPOS="648" WIDTH="115" HEIGHT="23" WC="0.96" CONTENT="definieras,"/><SP WIDTH="24" VPOS="648" HPOS="365"/>
							<String ID="string_156" HPOS="389" VPOS="651" WIDTH="32" HEIGHT="18" WC="0.96" CONTENT="att"/><SP WIDTH="24" VPOS="651" HPOS="421"/>
							<String ID="string_157" HPOS="445" VPOS="655" WIDTH="24" HEIGHT="14" WC="0.96" CONTENT="en"/><SP WIDTH="23" VPOS="655" HPOS="469"/>
							<String ID="string_158" HPOS="492" VPOS="648" WIDTH="64" HEIGHT="21" WC="0.96" CONTENT="sådan"/><SP WIDTH="22" VPOS="648" HPOS="556"/>
							<String ID="string_159" HPOS="578" VPOS="651" WIDTH="23" HEIGHT="18" WC="0.96" CONTENT="är"/><SP WIDTH="20" VPOS="651" HPOS="601"/>
							<String ID="string_160" HPOS="621" VPOS="649" WIDTH="46" HEIGHT="25" WC="0.95" CONTENT="den,"/><SP WIDTH="16" VPOS="649" HPOS="667"/>
							<String ID="string_161" HPOS="683" VPOS="655" WIDTH="45" HEIGHT="15" WC="0.96" CONTENT="som"/><SP WIDTH="16" VPOS="655" HPOS="728"/>
							<String ID="string_162" HPOS="744" VPOS="649" WIDTH="17" HEIGHT="26" WC="0.96" CONTENT="ej"/><SP WIDTH="17" VPOS="649" HPOS="761"/>
							<String ID="string_163" HPOS="778" VPOS="649" WIDTH="39" HEIGHT="20" WC="0.96" CONTENT="har"/><SP WIDTH="15" VPOS="649" HPOS="817"/>
							<String ID="string_164" HPOS="832" VPOS="650" WIDTH="65" HEIGHT="25" WC="0.96" CONTENT="något"/>
						</TextLine>
						<TextLine ID="line_17" HPOS="79" VPOS="675" WIDTH="818" HEIGHT="28">
							<String ID="string_165" HPOS="79" VPOS="675" WIDTH="67" HEIGHT="28" WC="0.96" CONTENT="skydd"/><SP WIDTH="22" VPOS="675" HPOS="146"/>
							<String ID="string_166" HPOS="168" VPOS="675" WIDTH="22" HEIGHT="22" WC="0.96" CONTENT="af"/><SP WIDTH="14" VPOS="675" HPOS="190"/>
							<String ID="string_167" HPOS="204" VPOS="676" WIDTH="72" HEIGHT="27" WC="0.96" CONTENT="andra,"/><SP WIDTH="16" VPOS="676" HPOS="276"/>
							<String ID="string_168" HPOS="292" VPOS="682" WIDTH="48" HEIGHT="15" WC="0.97" CONTENT="men"/><SP WIDTH="15" VPOS="682" HPOS="340"/>
							<String ID="string_169" HPOS="355" VPOS="683" WIDTH="44" HEIGHT="15" WC="0.93" CONTENT="som"/><SP WIDTH="16" VPOS="683" HPOS="399"/>
							<String ID="string_170" HPOS="415" VPOS="677" WIDTH="116" HEIGHT="26" WC="0.90" CONTENT=",derjemte"/><SP WIDTH="15" VPOS="677" HPOS="531"/>
							<String ID="string_171" HPOS="546" VPOS="677" WIDTH="23" HEIGHT="20" WC="0.96" CONTENT="af"/><SP WIDTH="12" VPOS="677" HPOS="569"/>
							<String ID="string_172" HPOS="581" VPOS="677" WIDTH="127" HEIGHT="21" WC="0.95" CONTENT="kommunen"/><SP WIDTH="15" VPOS="677" HPOS="708"/>
							<String ID="string_173" HPOS="723" VPOS="677" WIDTH="51" HEIGHT="21" WC="0.96" CONTENT="eller"/><SP WIDTH="16" VPOS="677" HPOS="774"/>
							<String ID="string_174" HPOS="790" VPOS="677" WIDTH="47" HEIGHT="21" WC="0.93" CONTENT="dess"/><SP WIDTH="16" VPOS="677" HPOS="837"/>
							<String ID="string_175" HPOS="853" VPOS="683" WIDTH="44" HEIGHT="15" WC="0.92" CONTENT="om-"/>
						</TextLine>
						<TextLine ID="line_18" HPOS="79" VPOS="703" WIDTH="818" HEIGHT="29">
							<String ID="string_176" HPOS="79" VPOS="703" WIDTH="42" HEIGHT="22" WC="0.96" CONTENT="bud"/><SP WIDTH="16" VPOS="703" HPOS="121"/>
							<String ID="string_177" HPOS="137" VPOS="704" WIDTH="81" HEIGHT="27" WC="0.96" CONTENT="intygas"/><SP WIDTH="16" VPOS="704" HPOS="218"/>
							<String ID="string_178" HPOS="234" VPOS="704" WIDTH="46" HEIGHT="21" WC="0.93" CONTENT="icke"/><SP WIDTH="15" VPOS="704" HPOS="280"/>
							<String ID="string_179" HPOS="295" VPOS="705" WIDTH="94" HEIGHT="26" WC="0.91" CONTENT="iakttaga"/><SP WIDTH="15" VPOS="705" HPOS="389"/>
							<String ID="string_180" HPOS="404" VPOS="705" WIDTH="141" HEIGHT="22" WC="0.91" CONTENT="arbetsamhet"/><SP WIDTH="16" VPOS="705" HPOS="545"/>
							<String ID="string_181" HPOS="561" VPOS="705" WIDTH="38" HEIGHT="22" WC="0.93" CONTENT="och"/><SP WIDTH="15" VPOS="705" HPOS="599"/>
							<String ID="string_182" HPOS="614" VPOS="705" WIDTH="104" HEIGHT="27" WC="0.92" CONTENT="sedlighet"/><SP WIDTH="14" VPOS="705" HPOS="718"/>
							<String ID="string_183" HPOS="732" VPOS="706" WIDTH="7" HEIGHT="20" WC="0.96" CONTENT="i"/><SP WIDTH="15" VPOS="706" HPOS="739"/>
							<String ID="string_184" HPOS="754" VPOS="706" WIDTH="37" HEIGHT="21" WC="0.91" CONTENT="sitt"/><SP WIDTH="15" VPOS="706" HPOS="791"/>
							<String ID="string_185" HPOS="806" VPOS="705" WIDTH="91" HEIGHT="22" WC="0.91" CONTENT="lefverne"/>
						</TextLine>
						<TextLine ID="line_19" HPOS="79" VPOS="732" WIDTH="818" HEIGHT="29">
							<String ID="string_186" HPOS="79" VPOS="735" WIDTH="54" HEIGHT="18" WC="0.96" CONTENT="samt"/><SP WIDTH="16" VPOS="735" HPOS="133"/>
							<String ID="string_187" HPOS="149" VPOS="732" WIDTH="52" HEIGHT="22" WC="0.96" CONTENT="efter"/><SP WIDTH="15" VPOS="732" HPOS="201"/>
							<String ID="string_188" HPOS="216" VPOS="733" WIDTH="94" HEIGHT="26" WC="0.96" CONTENT="förmåga"/><SP WIDTH="14" VPOS="733" HPOS="310"/>
							<String ID="string_189" HPOS="324" VPOS="733" WIDTH="31" HEIGHT="26" WC="0.91" CONTENT="sig"/><SP WIDTH="15" VPOS="733" HPOS="355"/>
							<String ID="string_190" HPOS="370" VPOS="733" WIDTH="78" HEIGHT="27" WC="0.91" CONTENT="ärligen"/><SP WIDTH="16" VPOS="733" HPOS="448"/>
							<String ID="string_191" HPOS="464" VPOS="733" WIDTH="108" HEIGHT="27" WC="0.83" CONTENT="försörja&quot;."/><SP WIDTH="25" VPOS="733" HPOS="572"/>
							<String ID="string_192" HPOS="597" VPOS="734" WIDTH="31" HEIGHT="21" WC="0.94" CONTENT="En"/><SP WIDTH="16" VPOS="734" HPOS="628"/>
							<String ID="string_193" HPOS="644" VPOS="733" WIDTH="123" HEIGHT="22" WC="0.96" CONTENT="försvarslös"/><SP WIDTH="15" VPOS="733" HPOS="767"/>
							<String ID="string_194" HPOS="782" VPOS="734" WIDTH="64" HEIGHT="27" WC="0.96" CONTENT="enligt"/><SP WIDTH="12" VPOS="734" HPOS="846"/>
							<String ID="string_195" HPOS="858" VPOS="734" WIDTH="39" HEIGHT="21" WC="0.96" CONTENT="den"/>
						</TextLine>
						<TextLine ID="line_20" HPOS="79" VPOS="761" WIDTH="819" HEIGHT="28">
							<String ID="string_196" HPOS="79" VPOS="761" WIDTH="133" HEIGHT="26" WC="0.95" CONTENT="uppfattning"/><SP WIDTH="15" VPOS="761" HPOS="212"/>
							<String ID="string_197" HPOS="227" VPOS="767" WIDTH="45" HEIGHT="16" WC="0.96" CONTENT="som"/><SP WIDTH="16" VPOS="767" HPOS="272"/>
							<String ID="string_198" HPOS="288" VPOS="768" WIDTH="28" HEIGHT="15" WC="0.96" CONTENT="nu"/><SP WIDTH="15" VPOS="768" HPOS="316"/>
							<String ID="string_199" HPOS="331" VPOS="764" WIDTH="24" HEIGHT="19" WC="0.96" CONTENT="är"/><SP WIDTH="14" VPOS="764" HPOS="355"/>
							<String ID="string_200" HPOS="369" VPOS="763" WIDTH="104" HEIGHT="26" WC="0.95" CONTENT="gällande,"/><SP WIDTH="16" VPOS="763" HPOS="473"/>
							<String ID="string_201" HPOS="489" VPOS="765" WIDTH="24" HEIGHT="18" WC="0.96" CONTENT="är"/><SP WIDTH="14" VPOS="765" HPOS="513"/>
							<String ID="string_202" HPOS="527" VPOS="762" WIDTH="81" HEIGHT="22" WC="0.96" CONTENT="således"/><SP WIDTH="16" VPOS="762" HPOS="608"/>
							<String ID="string_203" HPOS="624" VPOS="769" WIDTH="24" HEIGHT="14" WC="0.96" CONTENT="en"/><SP WIDTH="16" VPOS="769" HPOS="648"/>
							<String ID="string_204" HPOS="664" VPOS="769" WIDTH="82" HEIGHT="20" WC="0.96" CONTENT="person,"/><SP WIDTH="16" VPOS="769" HPOS="746"/>
							<String ID="string_205" HPOS="762" VPOS="769" WIDTH="45" HEIGHT="14" WC="0.96" CONTENT="som"/><SP WIDTH="11" VPOS="769" HPOS="807"/>
							<String ID="string_206" HPOS="818" VPOS="763" WIDTH="27" HEIGHT="26" WC="0.96" CONTENT="på"/><SP WIDTH="10" VPOS="763" HPOS="845"/>
							<String ID="string_207" HPOS="855" VPOS="764" WIDTH="43" HEIGHT="19" WC="0.96" CONTENT="sätt"/>
						</TextLine>
						<TextLine ID="line_21" HPOS="79" VPOS="789" WIDTH="818" HEIGHT="29">
							<String ID="string_208" HPOS="79" VPOS="789" WIDTH="40" HEIGHT="22" WC="0.96" CONTENT="och"/><SP WIDTH="22" VPOS="789" HPOS="119"/>
							<String ID="string_209" HPOS="141" VPOS="790" WIDTH="30" HEIGHT="21" WC="0.96" CONTENT="vis"/><SP WIDTH="22" VPOS="790" HPOS="171"/>
							<String ID="string_210" HPOS="193" VPOS="790" WIDTH="39" HEIGHT="21" WC="0.96" CONTENT="har"/><SP WIDTH="21" VPOS="790" HPOS="232"/>
							<String ID="string_211" HPOS="253" VPOS="790" WIDTH="59" HEIGHT="27" WC="0.96" CONTENT="intyg"/><SP WIDTH="22" VPOS="790" HPOS="312"/>
							<String ID="string_212" HPOS="334" VPOS="790" WIDTH="22" HEIGHT="21" WC="0.96" CONTENT="af"/><SP WIDTH="19" VPOS="790" HPOS="356"/>
							<String ID="string_213" HPOS="375" VPOS="791" WIDTH="133" HEIGHT="27" WC="0.96" CONTENT="kommunen,"/><SP WIDTH="23" VPOS="791" HPOS="508"/>
							<String ID="string_214" HPOS="531" VPOS="793" WIDTH="31" HEIGHT="19" WC="0.96" CONTENT="att"/><SP WIDTH="21" VPOS="793" HPOS="562"/>
							<String ID="string_215" HPOS="583" VPOS="791" WIDTH="41" HEIGHT="22" WC="0.96" CONTENT="han"/><SP WIDTH="15" VPOS="791" HPOS="624"/>
							<String ID="string_216" HPOS="639" VPOS="793" WIDTH="23" HEIGHT="20" WC="0.96" CONTENT="är"/><SP WIDTH="16" VPOS="793" HPOS="662"/>
							<String ID="string_217" HPOS="678" VPOS="797" WIDTH="25" HEIGHT="15" WC="0.93" CONTENT="en"/><SP WIDTH="16" VPOS="797" HPOS="703"/>
							<String ID="string_218" HPOS="719" VPOS="791" WIDTH="79" HEIGHT="27" WC="0.90" CONTENT="osedlig"/><SP WIDTH="15" VPOS="791" HPOS="798"/>
							<String ID="string_219" HPOS="813" VPOS="797" WIDTH="84" HEIGHT="21" WC="0.96" CONTENT="person."/>
						</TextLine>
						<TextLine ID="line_22" HPOS="79" VPOS="818" WIDTH="818" HEIGHT="28">
							<String ID="string_220" HPOS="79" VPOS="818" WIDTH="72" HEIGHT="27" WC="0.96" CONTENT="Enligt"/><SP WIDTH="23" VPOS="818" HPOS="151"/>
							<String ID="string_221" HPOS="174" VPOS="819" WIDTH="40" HEIGHT="21" WC="0.96" CONTENT="den"/><SP WIDTH="23" VPOS="819" HPOS="214"/>
							<String ID="string_222" HPOS="237" VPOS="819" WIDTH="130" HEIGHT="27" WC="0.95" CONTENT="ordalydelse"/><SP WIDTH="19" VPOS="819" HPOS="367"/>
							<String ID="string_223" HPOS="386" VPOS="821" WIDTH="52" HEIGHT="24" WC="0.96" CONTENT="åter,"/><SP WIDTH="15" VPOS="821" HPOS="438"/>
							<String ID="string_224" HPOS="453" VPOS="826" WIDTH="45" HEIGHT="15" WC="0.96" CONTENT="som"/><SP WIDTH="16" VPOS="826" HPOS="498"/>
							<String ID="string_225" HPOS="514" VPOS="820" WIDTH="58" HEIGHT="26" WC="0.96" CONTENT="ingår"/><SP WIDTH="15" VPOS="820" HPOS="572"/>
							<String ID="string_226" HPOS="587" VPOS="820" WIDTH="7" HEIGHT="21" WC="0.96" CONTENT="i"/><SP WIDTH="17" VPOS="820" HPOS="594"/>
							<String ID="string_227" HPOS="611" VPOS="822" WIDTH="9" HEIGHT="19" WC="0.95" CONTENT="1"/><SP WIDTH="18" VPOS="822" HPOS="620"/>
							<String ID="string_228" HPOS="638" VPOS="821" WIDTH="12" HEIGHT="25" WC="0.92" CONTENT="&amp;"/><SP WIDTH="16" VPOS="821" HPOS="650"/>
							<String ID="string_229" HPOS="666" VPOS="820" WIDTH="22" HEIGHT="21" WC="0.95" CONTENT="af"/><SP WIDTH="13" VPOS="820" HPOS="688"/>
							<String ID="string_230" HPOS="701" VPOS="819" WIDTH="141" HEIGHT="27" WC="0.93" CONTENT="föreliggande"/><SP WIDTH="15" VPOS="819" HPOS="842"/>
							<String ID="string_231" HPOS="857" VPOS="819" WIDTH="40" HEIGHT="22" WC="0.93" CONTENT="för-"/>
						</TextLine>
						<TextLine ID="line_23" HPOS="79" VPOS="847" WIDTH="818" HEIGHT="28">
							<String ID="string_232" HPOS="79" VPOS="847" WIDTH="185" HEIGHT="27" WC="0.91" CONTENT="fattningsförslag,"/><SP WIDTH="23" VPOS="847" HPOS="264"/>
							<String ID="string_233" HPOS="287" VPOS="847" WIDTH="99" HEIGHT="22" WC="0.87" CONTENT="beböfves"/><SP WIDTH="23" VPOS="847" HPOS="386"/>
							<String ID="string_234" HPOS="409" VPOS="848" WIDTH="35" HEIGHT="21" WC="0.96" CONTENT="det"/><SP WIDTH="23" VPOS="848" HPOS="444"/>
							<String ID="string_235" HPOS="467" VPOS="848" WIDTH="17" HEIGHT="27" WC="0.96" CONTENT="ej"/><SP WIDTH="20" VPOS="848" HPOS="484"/>
							<String ID="string_236" HPOS="504" VPOS="848" WIDTH="33" HEIGHT="21" WC="0.96" CONTENT="för"/><SP WIDTH="15" VPOS="848" HPOS="537"/>
							<String ID="string_237" HPOS="552" VPOS="851" WIDTH="31" HEIGHT="18" WC="0.96" CONTENT="att"/><SP WIDTH="15" VPOS="851" HPOS="583"/>
							<String ID="string_238" HPOS="598" VPOS="855" WIDTH="51" HEIGHT="15" WC="0.93" CONTENT="vara"/><SP WIDTH="15" VPOS="855" HPOS="649"/>
							<String ID="string_239" HPOS="664" VPOS="848" WIDTH="129" HEIGHT="26" WC="0.92" CONTENT="lösdrifvare,"/><SP WIDTH="16" VPOS="848" HPOS="793"/>
							<String ID="string_240" HPOS="809" VPOS="851" WIDTH="32" HEIGHT="18" WC="0.97" CONTENT="att"/><SP WIDTH="14" VPOS="851" HPOS="841"/>
							<String ID="string_241" HPOS="855" VPOS="848" WIDTH="42" HEIGHT="21" WC="0.97" CONTENT="han"/>
						</TextLine>
						<TextLine ID="line_24" HPOS="81" VPOS="875" WIDTH="817" HEIGHT="28">
							<String ID="string_242" HPOS="81" VPOS="875" WIDTH="72" HEIGHT="27" WC="0.96" CONTENT="begått"/><SP WIDTH="22" VPOS="875" HPOS="153"/>
							<String ID="string_243" HPOS="175" VPOS="877" WIDTH="64" HEIGHT="26" WC="0.96" CONTENT="något"/><SP WIDTH="23" VPOS="877" HPOS="239"/>
							<String ID="string_244" HPOS="262" VPOS="877" WIDTH="63" HEIGHT="26" WC="0.95" CONTENT="brott,"/><SP WIDTH="23" VPOS="877" HPOS="325"/>
							<String ID="string_245" HPOS="348" VPOS="879" WIDTH="49" HEIGHT="18" WC="0.96" CONTENT="utan"/><SP WIDTH="24" VPOS="879" HPOS="397"/>
							<String ID="string_246" HPOS="421" VPOS="877" WIDTH="54" HEIGHT="21" WC="0.96" CONTENT="blott"/><SP WIDTH="16" VPOS="877" HPOS="475"/>
							<String ID="string_247" HPOS="491" VPOS="877" WIDTH="38" HEIGHT="21" WC="0.96" CONTENT="och"/><SP WIDTH="15" VPOS="877" HPOS="529"/>
							<String ID="string_248" HPOS="544" VPOS="877" WIDTH="48" HEIGHT="21" WC="0.96" CONTENT="bart"/><SP WIDTH="15" VPOS="877" HPOS="592"/>
							<String ID="string_249" HPOS="607" VPOS="877" WIDTH="40" HEIGHT="21" WC="0.96" CONTENT="den"/><SP WIDTH="16" VPOS="877" HPOS="647"/>
							<String ID="string_250" HPOS="663" VPOS="877" WIDTH="186" HEIGHT="26" WC="0.96" CONTENT="omständigheten,"/><SP WIDTH="17" VPOS="877" HPOS="849"/>
							<String ID="string_251" HPOS="866" VPOS="879" WIDTH="32" HEIGHT="19" WC="0.96" CONTENT="att"/>
						</TextLine>
						<TextLine ID="line_25" HPOS="80" VPOS="905" WIDTH="817" HEIGHT="28">
							<String ID="string_252" HPOS="80" VPOS="910" WIDTH="26" HEIGHT="15" WC="0.96" CONTENT="en"/><SP WIDTH="22" VPOS="910" HPOS="106"/>
							<String ID="string_253" HPOS="128" VPOS="911" WIDTH="76" HEIGHT="20" WC="0.92" CONTENT="person"/><SP WIDTH="23" VPOS="911" HPOS="204"/>
							<String ID="string_254" HPOS="227" VPOS="905" WIDTH="83" HEIGHT="26" WC="0.96" CONTENT="stryker"/><SP WIDTH="22" VPOS="905" HPOS="310"/>
							<String ID="string_255" HPOS="332" VPOS="905" WIDTH="95" HEIGHT="27" WC="0.96" CONTENT="omkring"/><SP WIDTH="22" VPOS="905" HPOS="427"/>
							<String ID="string_256" HPOS="449" VPOS="905" WIDTH="39" HEIGHT="22" WC="0.92" CONTENT="och"/><SP WIDTH="22" VPOS="905" HPOS="488"/>
							<String ID="string_257" HPOS="510" VPOS="905" WIDTH="225" HEIGHT="28" WC="0.90" CONTENT="polismyndigheterna"/><SP WIDTH="20" VPOS="905" HPOS="735"/>
							<String ID="string_258" HPOS="755" VPOS="911" WIDTH="50" HEIGHT="16" WC="0.96" CONTENT="anse"/><SP WIDTH="14" VPOS="911" HPOS="805"/>
							<String ID="string_259" HPOS="819" VPOS="905" WIDTH="78" HEIGHT="22" WC="0.96" CONTENT="honom"/>
						</TextLine>
						<TextLine ID="line_26" HPOS="79" VPOS="933" WIDTH="818" HEIGHT="28">
							<String ID="string_260" HPOS="79" VPOS="933" WIDTH="46" HEIGHT="21" WC="0.96" CONTENT="icke"/><SP WIDTH="23" VPOS="933" HPOS="125"/>
							<String ID="string_261" HPOS="148" VPOS="933" WIDTH="53" HEIGHT="21" WC="0.96" CONTENT="lefva"/><SP WIDTH="16" VPOS="933" HPOS="201"/>
							<String ID="string_262" HPOS="217" VPOS="934" WIDTH="21" HEIGHT="20" WC="0.95" CONTENT="af"/><SP WIDTH="14" VPOS="934" HPOS="238"/>
							<String ID="string_263" HPOS="252" VPOS="940" WIDTH="52" HEIGHT="20" WC="0.95" CONTENT="egna"/><SP WIDTH="16" VPOS="940" HPOS="304"/>
							<String ID="string_264" HPOS="320" VPOS="933" WIDTH="111" HEIGHT="28" WC="0.96" CONTENT="tillgångar"/><SP WIDTH="14" VPOS="933" HPOS="431"/>
							<String ID="string_265" HPOS="445" VPOS="933" WIDTH="52" HEIGHT="22" WC="0.96" CONTENT="eller"/><SP WIDTH="16" VPOS="933" HPOS="497"/>
							<String ID="string_266" HPOS="513" VPOS="936" WIDTH="30" HEIGHT="19" WC="0.95" CONTENT="att"/><SP WIDTH="15" VPOS="936" HPOS="543"/>
							<String ID="string_267" HPOS="558" VPOS="934" WIDTH="40" HEIGHT="21" WC="0.96" CONTENT="han"/><SP WIDTH="16" VPOS="934" HPOS="598"/>
							<String ID="string_268" HPOS="614" VPOS="934" WIDTH="32" HEIGHT="21" WC="0.96" CONTENT="för"/><SP WIDTH="15" VPOS="934" HPOS="646"/>
							<String ID="string_269" HPOS="661" VPOS="933" WIDTH="91" HEIGHT="22" WC="0.96" CONTENT="tillfället"/><SP WIDTH="15" VPOS="933" HPOS="752"/>
							<String ID="string_270" HPOS="767" VPOS="934" WIDTH="17" HEIGHT="26" WC="0.96" CONTENT="ej"/><SP WIDTH="17" VPOS="934" HPOS="784"/>
							<String ID="string_271" HPOS="801" VPOS="936" WIDTH="38" HEIGHT="25" WC="0.96" CONTENT="gör"/><SP WIDTH="16" VPOS="936" HPOS="839"/>
							<String ID="string_272" HPOS="855" VPOS="934" WIDTH="42" HEIGHT="25" WC="0.96" CONTENT="det,"/>
						</TextLine>
						<TextLine ID="line_27" HPOS="80" VPOS="961" WIDTH="817" HEIGHT="28">
							<String ID="string_273" HPOS="80" VPOS="963" WIDTH="24" HEIGHT="19" WC="0.96" CONTENT="är"/><SP WIDTH="14" VPOS="963" HPOS="104"/>
							<String ID="string_274" HPOS="118" VPOS="961" WIDTH="114" HEIGHT="27" WC="0.96" CONTENT="tillräcklig"/><SP WIDTH="14" VPOS="961" HPOS="232"/>
							<String ID="string_275" HPOS="246" VPOS="961" WIDTH="32" HEIGHT="22" WC="0.96" CONTENT="för"/><SP WIDTH="15" VPOS="961" HPOS="278"/>
							<String ID="string_276" HPOS="293" VPOS="964" WIDTH="32" HEIGHT="19" WC="0.96" CONTENT="att"/><SP WIDTH="15" VPOS="964" HPOS="325"/>
							<String ID="string_277" HPOS="340" VPOS="962" WIDTH="41" HEIGHT="21" WC="0.96" CONTENT="han"/><SP WIDTH="15" VPOS="962" HPOS="381"/>
							<String ID="string_278" HPOS="396" VPOS="962" WIDTH="23" HEIGHT="21" WC="0.96" CONTENT="af"/><SP WIDTH="13" VPOS="962" HPOS="419"/>
							<String ID="string_279" HPOS="432" VPOS="963" WIDTH="69" HEIGHT="20" WC="0.96" CONTENT="denna"/><SP WIDTH="14" VPOS="963" HPOS="501"/>
							<String ID="string_280" HPOS="515" VPOS="963" WIDTH="121" HEIGHT="26" WC="0.96" CONTENT="myndighet"/><SP WIDTH="14" VPOS="963" HPOS="636"/>
							<String ID="string_281" HPOS="650" VPOS="963" WIDTH="53" HEIGHT="20" WC="0.96" CONTENT="skall"/><SP WIDTH="16" VPOS="963" HPOS="703"/>
							<String ID="string_282" HPOS="719" VPOS="963" WIDTH="71" HEIGHT="20" WC="0.93" CONTENT="kunna"/><SP WIDTH="12" VPOS="963" HPOS="790"/>
							<String ID="string_283" HPOS="802" VPOS="962" WIDTH="95" HEIGHT="21" WC="0.92" CONTENT="anhällas"/>
						</TextLine>
						<TextLine ID="line_28" HPOS="80" VPOS="989" WIDTH="817" HEIGHT="28">
							<String ID="string_284" HPOS="80" VPOS="989" WIDTH="72" HEIGHT="22" WC="0.96" CONTENT="förhör"/><SP WIDTH="21" VPOS="989" HPOS="152"/>
							<String ID="string_285" HPOS="173" VPOS="991" WIDTH="48" HEIGHT="20" WC="0.96" CONTENT="med"/><SP WIDTH="21" VPOS="991" HPOS="221"/>
							<String ID="string_286" HPOS="242" VPOS="990" WIDTH="78" HEIGHT="21" WC="0.95" CONTENT="honom"/><SP WIDTH="15" VPOS="990" HPOS="320"/>
							<String ID="string_287" HPOS="335" VPOS="991" WIDTH="106" HEIGHT="24" WC="0.96" CONTENT="anställas,"/><SP WIDTH="16" VPOS="991" HPOS="441"/>
							<String ID="string_288" HPOS="457" VPOS="997" WIDTH="34" HEIGHT="15" WC="0.96" CONTENT="om"/><SP WIDTH="16" VPOS="997" HPOS="491"/>
							<String ID="string_289" HPOS="507" VPOS="997" WIDTH="48" HEIGHT="15" WC="0.95" CONTENT="man"/><SP WIDTH="14" VPOS="997" HPOS="555"/>
							<String ID="string_290" HPOS="569" VPOS="993" WIDTH="82" HEIGHT="24" WC="0.96" CONTENT="strängt"/><SP WIDTH="15" VPOS="993" HPOS="651"/>
							<String ID="string_291" HPOS="666" VPOS="991" WIDTH="103" HEIGHT="22" WC="0.96" CONTENT="vidhåller"/><SP WIDTH="15" VPOS="991" HPOS="769"/>
							<String ID="string_292" HPOS="784" VPOS="993" WIDTH="67" HEIGHT="19" WC="0.93" CONTENT="denna"/><SP WIDTH="15" VPOS="993" HPOS="851"/>
							<String ID="string_293" HPOS="866" VPOS="990" WIDTH="31" HEIGHT="27" WC="0.91" CONTENT="ly-"/>
						</TextLine>
						<TextLine ID="line_29" HPOS="80" VPOS="1018" WIDTH="817" HEIGHT="26">
							<String ID="string_294" HPOS="80" VPOS="1018" WIDTH="63" HEIGHT="26" WC="0.96" CONTENT="delse,"/><SP WIDTH="23" VPOS="1018" HPOS="143"/>
							<String ID="string_295" HPOS="166" VPOS="1019" WIDTH="61" HEIGHT="21" WC="0.96" CONTENT="torde"/><SP WIDTH="22" VPOS="1019" HPOS="227"/>
							<String ID="string_296" HPOS="249" VPOS="1019" WIDTH="77" HEIGHT="25" WC="0.96" CONTENT="följden"/><SP WIDTH="22" VPOS="1019" HPOS="326"/>
							<String ID="string_297" HPOS="348" VPOS="1025" WIDTH="49" HEIGHT="16" WC="0.96" CONTENT="vara"/><SP WIDTH="18" VPOS="1025" HPOS="397"/>
							<String ID="string_298" HPOS="415" VPOS="1019" WIDTH="46" HEIGHT="23" WC="0.95" CONTENT="den,"/><SP WIDTH="17" VPOS="1019" HPOS="461"/>
							<String ID="string_299" HPOS="478" VPOS="1022" WIDTH="31" HEIGHT="19" WC="0.96" CONTENT="att"/><SP WIDTH="15" VPOS="1022" HPOS="509"/>
							<String ID="string_300" HPOS="524" VPOS="1019" WIDTH="6" HEIGHT="21" WC="0.97" CONTENT="i"/><SP WIDTH="16" VPOS="1019" HPOS="530"/>
							<String ID="string_301" HPOS="546" VPOS="1019" WIDTH="70" HEIGHT="22" WC="0.96" CONTENT="stället"/><SP WIDTH="15" VPOS="1019" HPOS="616"/>
							<String ID="string_302" HPOS="631" VPOS="1019" WIDTH="32" HEIGHT="21" WC="0.96" CONTENT="för"/><SP WIDTH="15" VPOS="1019" HPOS="663"/>
							<String ID="string_303" HPOS="678" VPOS="1022" WIDTH="32" HEIGHT="19" WC="0.96" CONTENT="att"/><SP WIDTH="15" VPOS="1022" HPOS="710"/>
							<String ID="string_304" HPOS="725" VPOS="1026" WIDTH="48" HEIGHT="15" WC="0.96" CONTENT="man"/><SP WIDTH="16" VPOS="1026" HPOS="773"/>
							<String ID="string_305" HPOS="789" VPOS="1019" WIDTH="56" HEIGHT="21" WC="0.93" CONTENT="förut"/><SP WIDTH="15" VPOS="1019" HPOS="845"/>
							<String ID="string_306" HPOS="860" VPOS="1019" WIDTH="37" HEIGHT="21" WC="0.91" CONTENT="be-"/>
						</TextLine>
						<TextLine ID="line_30" HPOS="79" VPOS="1047" WIDTH="818" HEIGHT="28">
							<String ID="string_307" HPOS="79" VPOS="1047" WIDTH="63" HEIGHT="21" WC="0.92" CONTENT="höfde"/><SP WIDTH="15" VPOS="1047" HPOS="142"/>
							<String ID="string_308" HPOS="157" VPOS="1049" WIDTH="31" HEIGHT="19" WC="0.96" CONTENT="ett"/><SP WIDTH="15" VPOS="1049" HPOS="188"/>
							<String ID="string_309" HPOS="203" VPOS="1047" WIDTH="58" HEIGHT="27" WC="0.96" CONTENT="intyg"/><SP WIDTH="15" VPOS="1047" HPOS="261"/>
							<String ID="string_310" HPOS="276" VPOS="1047" WIDTH="58" HEIGHT="22" WC="0.96" CONTENT="öfver"/><SP WIDTH="14" VPOS="1047" HPOS="334"/>
							<String ID="string_311" HPOS="348" VPOS="1048" WIDTH="31" HEIGHT="21" WC="0.93" CONTENT="sin"/><SP WIDTH="16" VPOS="1048" HPOS="379"/>
							<String ID="string_312" HPOS="395" VPOS="1047" WIDTH="141" HEIGHT="26" WC="0.92" CONTENT="straffbarhet,"/><SP WIDTH="16" VPOS="1047" HPOS="536"/>
							<String ID="string_313" HPOS="552" VPOS="1048" WIDTH="67" HEIGHT="21" WC="0.96" CONTENT="måste"/><SP WIDTH="15" VPOS="1048" HPOS="619"/>
							<String ID="string_314" HPOS="634" VPOS="1054" WIDTH="48" HEIGHT="15" WC="0.96" CONTENT="man"/><SP WIDTH="15" VPOS="1054" HPOS="682"/>
							<String ID="string_315" HPOS="697" VPOS="1054" WIDTH="28" HEIGHT="15" WC="0.92" CONTENT="nu"/><SP WIDTH="16" VPOS="1054" HPOS="725"/>
							<String ID="string_316" HPOS="741" VPOS="1054" WIDTH="38" HEIGHT="21" WC="0.92" CONTENT="ega"/><SP WIDTH="15" VPOS="1054" HPOS="779"/>
							<String ID="string_317" HPOS="794" VPOS="1050" WIDTH="31" HEIGHT="19" WC="0.96" CONTENT="ett"/><SP WIDTH="14" VPOS="1050" HPOS="825"/>
							<String ID="string_318" HPOS="839" VPOS="1047" WIDTH="58" HEIGHT="28" WC="0.96" CONTENT="intyg"/>
						</TextLine>
						<TextLine ID="line_31" HPOS="80" VPOS="1075" WIDTH="817" HEIGHT="27">
							<String ID="string_319" HPOS="80" VPOS="1075" WIDTH="57" HEIGHT="21" WC="0.96" CONTENT="öfver"/><SP WIDTH="22" VPOS="1075" HPOS="137"/>
							<String ID="string_320" HPOS="159" VPOS="1078" WIDTH="121" HEIGHT="24" WC="0.96" CONTENT="motsatsen,"/><SP WIDTH="24" VPOS="1078" HPOS="280"/>
							<String ID="string_321" HPOS="304" VPOS="1076" WIDTH="58" HEIGHT="21" WC="0.96" CONTENT="öfver"/><SP WIDTH="17" VPOS="1076" HPOS="362"/>
							<String ID="string_322" HPOS="379" VPOS="1077" WIDTH="31" HEIGHT="20" WC="0.96" CONTENT="sin"/><SP WIDTH="16" VPOS="1077" HPOS="410"/>
							<String ID="string_323" HPOS="426" VPOS="1077" WIDTH="79" HEIGHT="25" WC="0.96" CONTENT="sedliga"/><SP WIDTH="15" VPOS="1077" HPOS="505"/>
							<String ID="string_324" HPOS="520" VPOS="1077" WIDTH="80" HEIGHT="21" WC="0.94" CONTENT="vandel."/><SP WIDTH="29" VPOS="1077" HPOS="600"/>
							<String ID="string_325" HPOS="629" VPOS="1077" WIDTH="42" HEIGHT="20" WC="0.93" CONTENT="Det"/><SP WIDTH="15" VPOS="1077" HPOS="671"/>
							<String ID="string_326" HPOS="686" VPOS="1083" WIDTH="49" HEIGHT="15" WC="0.96" CONTENT="vore"/><SP WIDTH="15" VPOS="1083" HPOS="735"/>
							<String ID="string_327" HPOS="750" VPOS="1077" WIDTH="81" HEIGHT="21" WC="0.93" CONTENT="således"/><SP WIDTH="15" VPOS="1077" HPOS="831"/>
							<String ID="string_328" HPOS="846" VPOS="1076" WIDTH="51" HEIGHT="20" WC="0.90" CONTENT="infö-"/>
						</TextLine>
						<TextLine ID="line_32" HPOS="79" VPOS="1104" WIDTH="818" HEIGHT="28">
							<String ID="string_329" HPOS="79" VPOS="1104" WIDTH="66" HEIGHT="21" WC="0.96" CONTENT="rande"/><SP WIDTH="16" VPOS="1104" HPOS="145"/>
							<String ID="string_330" HPOS="161" VPOS="1104" WIDTH="21" HEIGHT="21" WC="0.95" CONTENT="af"/><SP WIDTH="14" VPOS="1104" HPOS="182"/>
							<String ID="string_331" HPOS="196" VPOS="1106" WIDTH="32" HEIGHT="19" WC="0.95" CONTENT="ett"/><SP WIDTH="14" VPOS="1106" HPOS="228"/>
							<String ID="string_332" HPOS="242" VPOS="1104" WIDTH="56" HEIGHT="27" WC="0.93" CONTENT="slags"/><SP WIDTH="16" VPOS="1104" HPOS="298"/>
							<String ID="string_333" HPOS="314" VPOS="1105" WIDTH="112" HEIGHT="26" WC="0.90" CONTENT="passtvång"/><SP WIDTH="15" VPOS="1105" HPOS="426"/>
							<String ID="string_334" HPOS="441" VPOS="1105" WIDTH="7" HEIGHT="21" WC="0.96" CONTENT="i"/><SP WIDTH="15" VPOS="1105" HPOS="448"/>
							<String ID="string_335" HPOS="463" VPOS="1104" WIDTH="47" HEIGHT="22" WC="0.96" CONTENT="hela"/><SP WIDTH="16" VPOS="1104" HPOS="510"/>
							<String ID="string_336" HPOS="526" VPOS="1106" WIDTH="45" HEIGHT="20" WC="0.96" CONTENT="vårt"/><SP WIDTH="15" VPOS="1106" HPOS="571"/>
							<String ID="string_337" HPOS="586" VPOS="1105" WIDTH="55" HEIGHT="27" WC="0.96" CONTENT="land,"/><SP WIDTH="17" VPOS="1105" HPOS="641"/>
							<String ID="string_338" HPOS="658" VPOS="1111" WIDTH="33" HEIGHT="15" WC="0.96" CONTENT="om"/><SP WIDTH="12" VPOS="1111" HPOS="691"/>
							<String ID="string_339" HPOS="703" VPOS="1111" WIDTH="47" HEIGHT="15" WC="0.95" CONTENT="man"/><SP WIDTH="13" VPOS="1111" HPOS="750"/>
							<String ID="string_340" HPOS="763" VPOS="1106" WIDTH="82" HEIGHT="25" WC="0.93" CONTENT="strängt"/><SP WIDTH="10" VPOS="1106" HPOS="845"/>
							<String ID="string_341" HPOS="855" VPOS="1104" WIDTH="42" HEIGHT="21" WC="0.92" CONTENT="till-"/>
						</TextLine>
						<TextLine ID="line_33" HPOS="79" VPOS="1132" WIDTH="816" HEIGHT="28">
							<String ID="string_342" HPOS="79" VPOS="1132" WIDTH="82" HEIGHT="27" WC="0.96" CONTENT="lämpar"/><SP WIDTH="21" VPOS="1132" HPOS="161"/>
							<String ID="string_343" HPOS="182" VPOS="1132" WIDTH="69" HEIGHT="22" WC="0.96" CONTENT="denna"/><SP WIDTH="21" VPOS="1132" HPOS="251"/>
							<String ID="string_344" HPOS="272" VPOS="1133" WIDTH="104" HEIGHT="27" WC="0.90" CONTENT="paragraf."/><SP WIDTH="30" VPOS="1133" HPOS="376"/>
							<String ID="string_345" HPOS="406" VPOS="1133" WIDTH="11" HEIGHT="21" WC="0.96" CONTENT="I"/><SP WIDTH="22" VPOS="1133" HPOS="417"/>
							<String ID="string_346" HPOS="439" VPOS="1134" WIDTH="120" HEIGHT="20" WC="0.96" CONTENT="densamma"/><SP WIDTH="15" VPOS="1134" HPOS="559"/>
							<String ID="string_347" HPOS="574" VPOS="1134" WIDTH="140" HEIGHT="20" WC="0.95" CONTENT="förekommer"/><SP WIDTH="15" VPOS="1134" HPOS="714"/>
							<String ID="string_348" HPOS="729" VPOS="1133" WIDTH="120" HEIGHT="27" WC="0.93" CONTENT="visserligen"/><SP WIDTH="16" VPOS="1133" HPOS="849"/>
							<String ID="string_349" HPOS="865" VPOS="1135" WIDTH="30" HEIGHT="19" WC="0.93" CONTENT="ut-"/>
						</TextLine>
						<TextLine ID="line_34" HPOS="80" VPOS="1160" WIDTH="817" HEIGHT="29">
							<String ID="string_350" HPOS="80" VPOS="1160" WIDTH="82" HEIGHT="28" WC="0.92" CONTENT="trycket"/><SP WIDTH="22" VPOS="1160" HPOS="162"/>
							<String ID="string_351" HPOS="184" VPOS="1161" WIDTH="64" HEIGHT="28" WC="0.73" CONTENT=",eller"/><SP WIDTH="21" VPOS="1161" HPOS="248"/>
							<String ID="string_352" HPOS="269" VPOS="1162" WIDTH="124" HEIGHT="21" WC="0.96" CONTENT="annorledes"/><SP WIDTH="23" VPOS="1162" HPOS="393"/>
							<String ID="string_353" HPOS="416" VPOS="1162" WIDTH="60" HEIGHT="25" WC="0.94" CONTENT="visa&quot;,"/><SP WIDTH="20" VPOS="1162" HPOS="476"/>
							<String ID="string_354" HPOS="496" VPOS="1168" WIDTH="46" HEIGHT="15" WC="0.96" CONTENT="men"/><SP WIDTH="16" VPOS="1168" HPOS="542"/>
							<String ID="string_355" HPOS="558" VPOS="1169" WIDTH="25" HEIGHT="14" WC="0.96" CONTENT="en"/><SP WIDTH="17" VPOS="1169" HPOS="583"/>
							<String ID="string_356" HPOS="600" VPOS="1168" WIDTH="80" HEIGHT="21" WC="0.96" CONTENT="person,"/><SP WIDTH="17" VPOS="1168" HPOS="680"/>
							<String ID="string_357" HPOS="697" VPOS="1168" WIDTH="45" HEIGHT="15" WC="0.96" CONTENT="som"/><SP WIDTH="15" VPOS="1168" HPOS="742"/>
							<String ID="string_358" HPOS="757" VPOS="1161" WIDTH="94" HEIGHT="22" WC="0.96" CONTENT="befinner"/><SP WIDTH="14" VPOS="1161" HPOS="851"/>
							<String ID="string_359" HPOS="865" VPOS="1161" WIDTH="32" HEIGHT="27" WC="0.96" CONTENT="sig"/>
						</TextLine>
						<TextLine ID="line_35" HPOS="79" VPOS="1189" WIDTH="818" HEIGHT="28">
							<String ID="string_360" HPOS="79" VPOS="1190" WIDTH="28" HEIGHT="26" WC="0.96" CONTENT="på"/><SP WIDTH="22" VPOS="1190" HPOS="107"/>
							<String ID="string_361" HPOS="129" VPOS="1189" WIDTH="129" HEIGHT="22" WC="0.96" CONTENT="främmande"/><SP WIDTH="23" VPOS="1189" HPOS="258"/>
							<String ID="string_362" HPOS="281" VPOS="1193" WIDTH="84" HEIGHT="24" WC="0.96" CONTENT="terräng"/><SP WIDTH="23" VPOS="1193" HPOS="365"/>
							<String ID="string_363" HPOS="388" VPOS="1193" WIDTH="51" HEIGHT="18" WC="0.95" CONTENT="utan"/><SP WIDTH="22" VPOS="1193" HPOS="439"/>
							<String ID="string_364" HPOS="461" VPOS="1191" WIDTH="68" HEIGHT="26" WC="0.95" CONTENT="dylikt"/><SP WIDTH="18" VPOS="1191" HPOS="529"/>
							<String ID="string_365" HPOS="547" VPOS="1190" WIDTH="58" HEIGHT="27" WC="0.96" CONTENT="intyg"/><SP WIDTH="15" VPOS="1190" HPOS="605"/>
							<String ID="string_366" HPOS="620" VPOS="1191" WIDTH="6" HEIGHT="20" WC="0.96" CONTENT="i"/><SP WIDTH="15" VPOS="1191" HPOS="626"/>
							<String ID="string_367" HPOS="641" VPOS="1191" WIDTH="32" HEIGHT="21" WC="0.96" CONTENT="sin"/><SP WIDTH="16" VPOS="1191" HPOS="673"/>
							<String ID="string_368" HPOS="689" VPOS="1191" WIDTH="59" HEIGHT="25" WC="0.96" CONTENT="ficka,"/><SP WIDTH="15" VPOS="1191" HPOS="748"/>
							<String ID="string_369" HPOS="763" VPOS="1190" WIDTH="40" HEIGHT="21" WC="0.96" CONTENT="har"/><SP WIDTH="14" VPOS="1190" HPOS="803"/>
							<String ID="string_370" HPOS="817" VPOS="1190" WIDTH="80" HEIGHT="27" WC="0.96" CONTENT="ganska"/>
						</TextLine>
						<TextLine ID="line_36" HPOS="79" VPOS="1218" WIDTH="819" HEIGHT="28">
							<String ID="string_371" HPOS="79" VPOS="1219" WIDTH="58" HEIGHT="20" WC="0.96" CONTENT="svårt"/><SP WIDTH="15" VPOS="1219" HPOS="137"/>
							<String ID="string_372" HPOS="152" VPOS="1220" WIDTH="38" HEIGHT="23" WC="0.96" CONTENT="att,"/><SP WIDTH="16" VPOS="1220" HPOS="190"/>
							<String ID="string_373" HPOS="206" VPOS="1218" WIDTH="61" HEIGHT="21" WC="0.95" CONTENT="äfven"/><SP WIDTH="15" VPOS="1218" HPOS="267"/>
							<String ID="string_374" HPOS="282" VPOS="1225" WIDTH="34" HEIGHT="15" WC="0.96" CONTENT="om"/><SP WIDTH="16" VPOS="1225" HPOS="316"/>
							<String ID="string_375" HPOS="332" VPOS="1219" WIDTH="41" HEIGHT="21" WC="0.95" CONTENT="han"/><SP WIDTH="15" VPOS="1219" HPOS="373"/>
							<String ID="string_376" HPOS="388" VPOS="1225" WIDTH="50" HEIGHT="15" WC="0.96" CONTENT="vore"/><SP WIDTH="15" VPOS="1225" HPOS="438"/>
							<String ID="string_377" HPOS="453" VPOS="1219" WIDTH="66" HEIGHT="26" WC="0.96" CONTENT="högre"/><SP WIDTH="10" VPOS="1219" HPOS="519"/>
							<String ID="string_378" HPOS="529" VPOS="1219" WIDTH="77" HEIGHT="25" WC="0.96" CONTENT="bildad,"/><SP WIDTH="11" VPOS="1219" HPOS="606"/>
							<String ID="string_379" HPOS="617" VPOS="1219" WIDTH="77" HEIGHT="27" WC="0.96" CONTENT="intyga,"/><SP WIDTH="14" VPOS="1219" HPOS="694"/>
							<String ID="string_380" HPOS="708" VPOS="1221" WIDTH="31" HEIGHT="19" WC="0.96" CONTENT="att"/><SP WIDTH="10" VPOS="1221" HPOS="739"/>
							<String ID="string_381" HPOS="749" VPOS="1219" WIDTH="42" HEIGHT="21" WC="0.96" CONTENT="han"/><SP WIDTH="13" VPOS="1219" HPOS="791"/>
							<String ID="string_382" HPOS="804" VPOS="1218" WIDTH="94" HEIGHT="21" WC="0.96" CONTENT="befinner"/>
						</TextLine>
						<TextLine ID="line_37" HPOS="79" VPOS="1246" WIDTH="818" HEIGHT="27">
							<String ID="string_383" HPOS="79" VPOS="1246" WIDTH="32" HEIGHT="26" WC="0.96" CONTENT="sig"/><SP WIDTH="15" VPOS="1246" HPOS="111"/>
							<String ID="string_384" HPOS="126" VPOS="1246" WIDTH="6" HEIGHT="21" WC="0.93" CONTENT="i"/><SP WIDTH="15" VPOS="1246" HPOS="132"/>
							<String ID="string_385" HPOS="147" VPOS="1246" WIDTH="67" HEIGHT="26" WC="0.92" CONTENT="lofligt"/><SP WIDTH="15" VPOS="1246" HPOS="214"/>
							<String ID="string_386" HPOS="229" VPOS="1247" WIDTH="84" HEIGHT="21" WC="0.92" CONTENT="ärende."/><SP WIDTH="26" VPOS="1247" HPOS="313"/>
							<String ID="string_387" HPOS="339" VPOS="1247" WIDTH="154" HEIGHT="26" WC="0.86" CONTENT="Utvidgninger"/><SP WIDTH="16" VPOS="1247" HPOS="493"/>
							<String ID="string_388" HPOS="509" VPOS="1247" WIDTH="22" HEIGHT="21" WC="0.96" CONTENT="af"/><SP WIDTH="13" VPOS="1247" HPOS="531"/>
							<String ID="string_389" HPOS="544" VPOS="1247" WIDTH="114" HEIGHT="26" WC="0.93" CONTENT="begreppet"/><SP WIDTH="16" VPOS="1247" HPOS="658"/>
							<String ID="string_390" HPOS="674" VPOS="1247" WIDTH="146" HEIGHT="24" WC="0.80" CONTENT=",lösdrifvare*"/><SP WIDTH="15" VPOS="1247" HPOS="820"/>
							<String ID="string_391" HPOS="835" VPOS="1253" WIDTH="62" HEIGHT="20" WC="0.95" CONTENT="synes"/>
						</TextLine>
						<TextLine ID="line_38" HPOS="80" VPOS="1275" WIDTH="817" HEIGHT="26">
							<String ID="string_392" HPOS="80" VPOS="1275" WIDTH="42" HEIGHT="26" WC="0.92" CONTENT="mig"/><SP WIDTH="22" VPOS="1275" HPOS="122"/>
							<String ID="string_393" HPOS="144" VPOS="1275" WIDTH="82" HEIGHT="20" WC="0.92" CONTENT="dertöre"/><SP WIDTH="21" VPOS="1275" HPOS="226"/>
							<String ID="string_394" HPOS="247" VPOS="1281" WIDTH="49" HEIGHT="15" WC="0.96" CONTENT="vara"/><SP WIDTH="15" VPOS="1281" HPOS="296"/>
							<String ID="string_395" HPOS="311" VPOS="1275" WIDTH="71" HEIGHT="21" WC="0.96" CONTENT="alltför"/><SP WIDTH="15" VPOS="1275" HPOS="382"/>
							<String ID="string_396" HPOS="397" VPOS="1275" WIDTH="101" HEIGHT="26" WC="0.96" CONTENT="väsentlig"/><SP WIDTH="15" VPOS="1275" HPOS="498"/>
							<String ID="string_397" HPOS="513" VPOS="1275" WIDTH="32" HEIGHT="21" WC="0.96" CONTENT="för"/><SP WIDTH="15" VPOS="1275" HPOS="545"/>
							<String ID="string_398" HPOS="560" VPOS="1277" WIDTH="31" HEIGHT="19" WC="0.96" CONTENT="att"/><SP WIDTH="15" VPOS="1277" HPOS="591"/>
							<String ID="string_399" HPOS="606" VPOS="1275" WIDTH="70" HEIGHT="21" WC="0.96" CONTENT="kunna"/><SP WIDTH="14" VPOS="1275" HPOS="676"/>
							<String ID="string_400" HPOS="690" VPOS="1275" WIDTH="129" HEIGHT="26" WC="0.96" CONTENT="godkännas."/><SP WIDTH="29" VPOS="1275" HPOS="819"/>
							<String ID="string_401" HPOS="848" VPOS="1275" WIDTH="49" HEIGHT="20" WC="0.96" CONTENT="Men"/>
						</TextLine>
						<TextLine ID="line_39" HPOS="80" VPOS="1303" WIDTH="818" HEIGHT="26">
							<String ID="string_402" HPOS="80" VPOS="1303" WIDTH="60" HEIGHT="20" WC="0.96" CONTENT="äfven"/><SP WIDTH="15" VPOS="1303" HPOS="140"/>
							<String ID="string_403" HPOS="155" VPOS="1303" WIDTH="7" HEIGHT="20" WC="0.96" CONTENT="i"/><SP WIDTH="15" VPOS="1303" HPOS="162"/>
							<String ID="string_404" HPOS="177" VPOS="1303" WIDTH="97" HEIGHT="21" WC="0.93" CONTENT="afseende"/><SP WIDTH="14" VPOS="1303" HPOS="274"/>
							<String ID="string_405" HPOS="288" VPOS="1304" WIDTH="13" HEIGHT="20" WC="0.93" CONTENT="å"/><SP WIDTH="16" VPOS="1304" HPOS="301"/>
							<String ID="string_406" HPOS="317" VPOS="1303" WIDTH="152" HEIGHT="26" WC="0.96" CONTENT="behandlingen"/><SP WIDTH="16" VPOS="1303" HPOS="469"/>
							<String ID="string_407" HPOS="485" VPOS="1303" WIDTH="20" HEIGHT="21" WC="0.93" CONTENT="af"/><SP WIDTH="14" VPOS="1303" HPOS="505"/>
							<String ID="string_408" HPOS="519" VPOS="1303" WIDTH="123" HEIGHT="22" WC="0.92" CONTENT="lösdrifvare"/><SP WIDTH="10" VPOS="1303" HPOS="642"/>
							<String ID="string_409" HPOS="652" VPOS="1305" WIDTH="24" HEIGHT="19" WC="0.96" CONTENT="är"/><SP WIDTH="12" VPOS="1305" HPOS="676"/>
							<String ID="string_410" HPOS="688" VPOS="1310" WIDTH="25" HEIGHT="15" WC="0.96" CONTENT="en"/><SP WIDTH="12" VPOS="1310" HPOS="713"/>
							<String ID="string_411" HPOS="725" VPOS="1303" WIDTH="123" HEIGHT="26" WC="0.96" CONTENT="utvidgning"/><SP WIDTH="11" VPOS="1303" HPOS="848"/>
							<String ID="string_412" HPOS="859" VPOS="1303" WIDTH="39" HEIGHT="21" WC="0.96" CONTENT="här"/>
						</TextLine>
						<TextLine ID="line_40" HPOS="79" VPOS="1331" WIDTH="818" HEIGHT="27">
							<String ID="string_413" HPOS="79" VPOS="1331" WIDTH="124" HEIGHT="26" WC="0.96" CONTENT="föreslagen,"/><SP WIDTH="16" VPOS="1331" HPOS="203"/>
							<String ID="string_414" HPOS="219" VPOS="1337" WIDTH="45" HEIGHT="16" WC="0.96" CONTENT="som"/><SP WIDTH="13" VPOS="1337" HPOS="264"/>
							<String ID="string_415" HPOS="277" VPOS="1332" WIDTH="36" HEIGHT="26" WC="0.96" CONTENT="jag"/><SP WIDTH="15" VPOS="1332" HPOS="313"/>
							<String ID="string_416" HPOS="328" VPOS="1331" WIDTH="68" HEIGHT="22" WC="0.95" CONTENT="finner"/><SP WIDTH="13" VPOS="1331" HPOS="396"/>
							<String ID="string_417" HPOS="409" VPOS="1331" WIDTH="42" HEIGHT="22" WC="0.93" CONTENT="lika"/><SP WIDTH="16" VPOS="1331" HPOS="451"/>
							<String ID="string_418" HPOS="467" VPOS="1331" WIDTH="113" HEIGHT="26" WC="0.88" CONTENT="betänklig."/><SP WIDTH="26" VPOS="1331" HPOS="580"/>
							<String ID="string_419" HPOS="606" VPOS="1332" WIDTH="66" HEIGHT="21" WC="0.96" CONTENT="Förut"/><SP WIDTH="15" VPOS="1332" HPOS="672"/>
							<String ID="string_420" HPOS="687" VPOS="1332" WIDTH="60" HEIGHT="21" WC="0.96" CONTENT="heter"/><SP WIDTH="16" VPOS="1332" HPOS="747"/>
							<String ID="string_421" HPOS="763" VPOS="1331" WIDTH="41" HEIGHT="25" WC="0.96" CONTENT="det,"/><SP WIDTH="11" VPOS="1331" HPOS="804"/>
							<String ID="string_422" HPOS="815" VPOS="1334" WIDTH="32" HEIGHT="19" WC="0.96" CONTENT="att"/><SP WIDTH="12" VPOS="1334" HPOS="847"/>
							<String ID="string_423" HPOS="859" VPOS="1333" WIDTH="38" HEIGHT="19" WC="0.96" CONTENT="när"/>
						</TextLine>
						<TextLine ID="line_41" HPOS="80" VPOS="1359" WIDTH="817" HEIGHT="28">
							<String ID="string_424" HPOS="80" VPOS="1365" WIDTH="26" HEIGHT="14" WC="0.96" CONTENT="en"/><SP WIDTH="15" VPOS="1365" HPOS="106"/>
							<String ID="string_425" HPOS="121" VPOS="1359" WIDTH="129" HEIGHT="28" WC="0.96" CONTENT="försvarslös,"/><SP WIDTH="15" VPOS="1359" HPOS="250"/>
							<String ID="string_426" HPOS="265" VPOS="1366" WIDTH="45" HEIGHT="15" WC="0.96" CONTENT="som"/><SP WIDTH="15" VPOS="1366" HPOS="310"/>
							<String ID="string_427" HPOS="325" VPOS="1360" WIDTH="65" HEIGHT="21" WC="0.96" CONTENT="redan"/><SP WIDTH="15" VPOS="1360" HPOS="390"/>
							<String ID="string_428" HPOS="405" VPOS="1360" WIDTH="39" HEIGHT="21" WC="0.96" CONTENT="har"/><SP WIDTH="14" VPOS="1360" HPOS="444"/>
							<String ID="string_429" HPOS="458" VPOS="1360" WIDTH="92" HEIGHT="21" WC="0.96" CONTENT="bevisats"/><SP WIDTH="10" VPOS="1360" HPOS="550"/>
							<String ID="string_430" HPOS="560" VPOS="1360" WIDTH="44" HEIGHT="21" WC="0.96" CONTENT="föra"/><SP WIDTH="11" VPOS="1360" HPOS="604"/>
							<String ID="string_431" HPOS="615" VPOS="1366" WIDTH="25" HEIGHT="15" WC="0.93" CONTENT="en"/><SP WIDTH="12" VPOS="1366" HPOS="640"/>
							<String ID="string_432" HPOS="652" VPOS="1360" WIDTH="79" HEIGHT="26" WC="0.91" CONTENT="osedlig"/><SP WIDTH="10" VPOS="1360" HPOS="731"/>
							<String ID="string_433" HPOS="741" VPOS="1360" WIDTH="81" HEIGHT="23" WC="0.96" CONTENT="vandel,"/><SP WIDTH="10" VPOS="1360" HPOS="822"/>
							<String ID="string_434" HPOS="832" VPOS="1359" WIDTH="65" HEIGHT="22" WC="0.96" CONTENT="vistas"/>
						</TextLine>
						<TextLine ID="line_42" HPOS="79" VPOS="1387" WIDTH="820" HEIGHT="27">
							<String ID="string_435" HPOS="79" VPOS="1387" WIDTH="6" HEIGHT="20" WC="0.96" CONTENT="i"/><SP WIDTH="24" VPOS="1387" HPOS="85"/>
							<String ID="string_436" HPOS="109" VPOS="1393" WIDTH="26" HEIGHT="14" WC="0.96" CONTENT="en"/><SP WIDTH="22" VPOS="1393" HPOS="135"/>
							<String ID="string_437" HPOS="157" VPOS="1394" WIDTH="69" HEIGHT="14" WC="0.96" CONTENT="annan"/><SP WIDTH="22" VPOS="1394" HPOS="226"/>
							<String ID="string_438" HPOS="248" VPOS="1388" WIDTH="100" HEIGHT="20" WC="0.96" CONTENT="kommun"/><SP WIDTH="23" VPOS="1388" HPOS="348"/>
							<String ID="string_439" HPOS="371" VPOS="1390" WIDTH="50" HEIGHT="18" WC="0.96" CONTENT="utan"/><SP WIDTH="16" VPOS="1390" HPOS="421"/>
							<String ID="string_440" HPOS="437" VPOS="1391" WIDTH="32" HEIGHT="18" WC="0.96" CONTENT="att"/><SP WIDTH="16" VPOS="1391" HPOS="469"/>
							<String ID="string_441" HPOS="485" VPOS="1388" WIDTH="36" HEIGHT="21" WC="0.96" CONTENT="der"/><SP WIDTH="15" VPOS="1388" HPOS="521"/>
							<String ID="string_442" HPOS="536" VPOS="1388" WIDTH="121" HEIGHT="26" WC="0.96" CONTENT="sysselsätta"/><SP WIDTH="15" VPOS="1388" HPOS="657"/>
							<String ID="string_443" HPOS="672" VPOS="1388" WIDTH="32" HEIGHT="26" WC="0.96" CONTENT="sig"/><SP WIDTH="14" VPOS="1388" HPOS="704"/>
							<String ID="string_444" HPOS="718" VPOS="1388" WIDTH="48" HEIGHT="20" WC="0.96" CONTENT="med"/><SP WIDTH="16" VPOS="1388" HPOS="766"/>
							<String ID="string_445" HPOS="782" VPOS="1388" WIDTH="78" HEIGHT="25" WC="0.94" CONTENT="arbete,"/><SP WIDTH="17" VPOS="1388" HPOS="860"/>
							<String ID="string_446" HPOS="877" VPOS="1387" WIDTH="22" HEIGHT="21" WC="0.96" CONTENT="af"/>
						</TextLine>
						<TextLine ID="line_43" HPOS="79" VPOS="1415" WIDTH="818" HEIGHT="27">
							<String ID="string_447" HPOS="79" VPOS="1415" WIDTH="229" HEIGHT="27" WC="0.90" CONTENT="polismyndigheterra"/><SP WIDTH="22" VPOS="1415" HPOS="308"/>
							<String ID="string_448" HPOS="330" VPOS="1415" WIDTH="101" HEIGHT="26" WC="0.90" CONTENT="anhålles,"/><SP WIDTH="22" VPOS="1415" HPOS="431"/>
							<String ID="string_449" HPOS="453" VPOS="1415" WIDTH="91" HEIGHT="22" WC="0.95" CONTENT="tilldelas"/><SP WIDTH="20" VPOS="1415" HPOS="544"/>
							<String ID="string_450" HPOS="564" VPOS="1416" WIDTH="76" HEIGHT="21" WC="0.96" CONTENT="honom"/><SP WIDTH="17" VPOS="1416" HPOS="640"/>
							<String ID="string_451" HPOS="657" VPOS="1422" WIDTH="26" HEIGHT="14" WC="0.96" CONTENT="en"/><SP WIDTH="14" VPOS="1422" HPOS="683"/>
							<String ID="string_452" HPOS="697" VPOS="1416" WIDTH="93" HEIGHT="26" WC="0.96" CONTENT="varning,"/><SP WIDTH="17" VPOS="1416" HPOS="790"/>
							<String ID="string_453" HPOS="807" VPOS="1415" WIDTH="38" HEIGHT="21" WC="0.96" CONTENT="och"/><SP WIDTH="16" VPOS="1415" HPOS="845"/>
							<String ID="string_454" HPOS="861" VPOS="1415" WIDTH="36" HEIGHT="21" WC="0.95" CONTENT="det"/>
						</TextLine>
						<TextLine ID="line_44" HPOS="79" VPOS="1443" WIDTH="818" HEIGHT="28">
							<String ID="string_455" HPOS="79" VPOS="1450" WIDTH="41" HEIGHT="21" WC="0.95" CONTENT="nya"/><SP WIDTH="15" VPOS="1450" HPOS="120"/>
							<String ID="string_456" HPOS="135" VPOS="1443" WIDTH="99" HEIGHT="27" WC="0.96" CONTENT="förslaget"/><SP WIDTH="16" VPOS="1443" HPOS="234"/>
							<String ID="string_457" HPOS="250" VPOS="1443" WIDTH="6" HEIGHT="21" WC="0.96" CONTENT="i"/><SP WIDTH="15" VPOS="1443" HPOS="256"/>
							<String ID="string_458" HPOS="271" VPOS="1444" WIDTH="31" HEIGHT="21" WC="0.96" CONTENT="sin"/><SP WIDTH="16" VPOS="1444" HPOS="302"/>
							<String ID="string_459" HPOS="318" VPOS="1444" WIDTH="13" HEIGHT="20" WC="0.93" CONTENT="2"/><SP WIDTH="16" VPOS="1444" HPOS="331"/>
							<String ID="string_460" HPOS="347" VPOS="1444" WIDTH="13" HEIGHT="27" WC="0.82" CONTENT="$"/><SP WIDTH="14" VPOS="1444" HPOS="360"/>
							<String ID="string_461" HPOS="374" VPOS="1450" WIDTH="67" HEIGHT="21" WC="0.96" CONTENT="anser,"/><SP WIDTH="13" VPOS="1450" HPOS="441"/>
							<String ID="string_462" HPOS="454" VPOS="1446" WIDTH="38" HEIGHT="23" WC="0.96" CONTENT="att,"/><SP WIDTH="12" VPOS="1446" HPOS="492"/>
							<String ID="string_463" HPOS="504" VPOS="1443" WIDTH="33" HEIGHT="22" WC="0.96" CONTENT="för"/><SP WIDTH="9" VPOS="1443" HPOS="537"/>
							<String ID="string_464" HPOS="546" VPOS="1446" WIDTH="32" HEIGHT="19" WC="0.96" CONTENT="att"/><SP WIDTH="10" VPOS="1446" HPOS="578"/>
							<String ID="string_465" HPOS="588" VPOS="1443" WIDTH="91" HEIGHT="22" WC="0.96" CONTENT="tilldelas"/><SP WIDTH="11" VPOS="1443" HPOS="679"/>
							<String ID="string_466" HPOS="690" VPOS="1449" WIDTH="25" HEIGHT="16" WC="0.96" CONTENT="en"/><SP WIDTH="10" VPOS="1449" HPOS="715"/>
							<String ID="string_467" HPOS="725" VPOS="1444" WIDTH="94" HEIGHT="26" WC="0.96" CONTENT="varning,"/><SP WIDTH="11" VPOS="1444" HPOS="819"/>
							<String ID="string_468" HPOS="830" VPOS="1444" WIDTH="67" HEIGHT="21" WC="0.96" CONTENT="måste"/>
						</TextLine>
						<TextLine ID="line_45" HPOS="80" VPOS="1472" WIDTH="817" HEIGHT="27">
							<String ID="string_469" HPOS="80" VPOS="1478" WIDTH="48" HEIGHT="15" WC="0.95" CONTENT="man"/><SP WIDTH="23" VPOS="1478" HPOS="128"/>
							<String ID="string_470" HPOS="151" VPOS="1472" WIDTH="66" HEIGHT="21" WC="0.96" CONTENT="redan"/><SP WIDTH="23" VPOS="1472" HPOS="217"/>
							<String ID="string_471" HPOS="240" VPOS="1472" WIDTH="61" HEIGHT="22" WC="0.96" CONTENT="hafva"/><SP WIDTH="15" VPOS="1472" HPOS="301"/>
							<String ID="string_472" HPOS="316" VPOS="1472" WIDTH="73" HEIGHT="27" WC="0.96" CONTENT="begått"/><SP WIDTH="14" VPOS="1472" HPOS="389"/>
							<String ID="string_473" HPOS="403" VPOS="1473" WIDTH="69" HEIGHT="26" WC="0.93" CONTENT="någon"/><SP WIDTH="16" VPOS="1473" HPOS="472"/>
							<String ID="string_474" HPOS="488" VPOS="1472" WIDTH="116" HEIGHT="27" WC="0.90" CONTENT="osedlighet"/><SP WIDTH="15" VPOS="1472" HPOS="604"/>
							<String ID="string_475" HPOS="619" VPOS="1472" WIDTH="52" HEIGHT="22" WC="0.96" CONTENT="eller"/><SP WIDTH="14" VPOS="1472" HPOS="671"/>
							<String ID="string_476" HPOS="685" VPOS="1472" WIDTH="42" HEIGHT="21" WC="0.96" CONTENT="fört"/><SP WIDTH="15" VPOS="1472" HPOS="727"/>
							<String ID="string_477" HPOS="742" VPOS="1474" WIDTH="31" HEIGHT="20" WC="0.92" CONTENT="ett"/><SP WIDTH="14" VPOS="1474" HPOS="773"/>
							<String ID="string_478" HPOS="787" VPOS="1472" WIDTH="110" HEIGHT="27" WC="0.91" CONTENT="sysslolöst"/>
						</TextLine>
						<TextLine ID="line_46" HPOS="80" VPOS="1501" WIDTH="817" HEIGHT="29">
							<String ID="string_479" HPOS="80" VPOS="1501" WIDTH="89" HEIGHT="27" WC="0.92" CONTENT="osedligt"/><SP WIDTH="14" VPOS="1501" HPOS="169"/>
							<String ID="string_480" HPOS="183" VPOS="1501" WIDTH="97" HEIGHT="22" WC="0.92" CONTENT="lefverne."/><SP WIDTH="26" VPOS="1501" HPOS="280"/>
							<String ID="string_481" HPOS="306" VPOS="1501" WIDTH="46" HEIGHT="22" WC="0.93" CONTENT="Den"/><SP WIDTH="15" VPOS="1501" HPOS="352"/>
							<String ID="string_482" HPOS="367" VPOS="1501" WIDTH="138" HEIGHT="27" WC="0.91" CONTENT="naturligaste"/><SP WIDTH="10" VPOS="1501" HPOS="505"/>
							<String ID="string_483" HPOS="515" VPOS="1501" WIDTH="39" HEIGHT="22" WC="0.96" CONTENT="och"/><SP WIDTH="10" VPOS="1501" HPOS="554"/>
							<String ID="string_484" HPOS="564" VPOS="1501" WIDTH="94" HEIGHT="22" WC="0.93" CONTENT="enklaste"/><SP WIDTH="10" VPOS="1501" HPOS="658"/>
							<String ID="string_485" HPOS="668" VPOS="1501" WIDTH="157" HEIGHT="27" WC="0.92" CONTENT="konseqvensen"/><SP WIDTH="11" VPOS="1501" HPOS="825"/>
							<String ID="string_486" HPOS="836" VPOS="1507" WIDTH="61" HEIGHT="23" WC="0.96" CONTENT="synes"/>
						</TextLine>
					</TextBlock>
				</ComposedBlock>
			</PrintSpace>
		</Page>
	</Layout>
</alto>
