1086 1781
327 128 159 19 Presteståndet
498 131 53 17 1877.
576 132 19 16 11
607 131 48 20 maj.
822 125 38 20 731

79 225 3 4 N
144 197 120 26 Föredrogs
286 203 25 16 en
326 197 107 22 skrifvelse
448 198 46 21 frän
509 199 94 21 ständets
618 199 93 21 enskilda
726 199 170 21 besvärsutskott

75 227 67 24 jemte
164 225 133 21 betänkande
319 226 5 20 i
340 226 112 26 anledning
466 227 22 20 af
502 227 76 21 doktor
593 227 80 26 Berghs
687 227 209 26 petitionsmemoria]

71 259 33 15 om
120 253 110 27 lärotväng
244 253 33 21 för
292 253 106 28 intagning
413 254 6 21 i
434 255 151 26 skriftskola*).

146 315 34 22 Pä
201 316 72 21 derom
296 317 60 26 gjord
370 317 152 26 framställning
537 316 43 22 blef
594 317 143 21 betänkandet
751 316 98 27 bordlagt
864 316 31 21 till

71 344 175 22 nästkommande
258 344 92 27 plenum.

144 498 151 22 Antecknades
318 501 33 19 att
372 499 30 21 till
426 500 84 21 ståndet
529 499 110 22 inkommit
661 499 38 21 och
719 499 67 22 blifvit
800 499 97 22 utdeladt

71 527 36 21 det
135 527 68 21 finska
226 527 127 27 exemplaret
375 528 21 21 af
410 527 214 27 ,Storfurstendömet
639 527 100 22 Finlands
754 528 142 32 författnings-

68 555 98 50 e]
186 561 33 16 n:o
246 556 46 25 10%,
320 555 147 23 innehällande
496 557 174 26 ordningsstadga
705 556 31 21 för
762 556 104 21 militären
889 557 6 20 i

87 584 72 21 inland.

137 727 90 22 Ständet
250 728 31 21 till
304 728 118 21 kännedom
438 728 134 22 meddelades
586 727 93 28 följande
693 727 46 22 frän
754 727 138 22 medständen

69 756 100 22 inkomna
183 756 202 27 protokollsutdrag:

138 820 33 20 1:o
186 819 56 21 Från
264 819 112 27 höglofliga
397 819 148 28 ridderskapet
568 819 39 22 och
629 819 61 21 adeln
713 819 22 21 af
756 818 39 21 den
818 820 13 19 4
847 818 40 26 maj

69 847 47 22 med
139 848 160 26 underrättelse,
322 849 32 20 att
377 847 96 22 bemälde
495 849 60 20 ständ
574 848 21 27 a)
611 847 94 27 godkänt
719 847 170 21 statsutskottets

69 876 133 21 betänkande
224 877 7 20 i
254 876 111 27 anledning
388 877 20 20 af
430 879 76 19 tvenne
524 877 56 20 inom
596 876 154 21 bondeständet
765 875 124 22 framstälda

68 905 180 27 petitionsförslag
269 911 34 16 om
318 905 164 26 grundskattens
496 905 107 22 aflösande
618 904 51 22 eller
684 904 112 27 aflyftande
811 904 39 21 och
865 903 22 28 b)

68 933 23 22 af
105 934 39 21 den
161 935 12 20 8
189 934 39 26 maj
245 934 48 21 med
308 934 208 27 tillkännagifvande,
532 936 31 19 att
579 933 84 22 ståndet
677 933 86 21 beslutit
778 935 32 19 att
822 932 7 21 i
840 932 48 27 öflig

69 963 89 26 ordning
187 962 39 21 hos
248 962 216 27 generalguvernören
487 963 89 25 anmäla,
599 964 32 19 att
653 961 235 27 landtdagsgöromälen

68 991 46 22 icke
129 991 65 21 hinna
209 991 87 22 afslutas
312 991 56 22 inom
385 992 39 21 den
440 991 7 21 i
462 991 227 27 landtdagsordningen
701 990 119 22 fastställda
830 990 58 21 tiden

68 1019 23 22 af
105 1021 12 19 4
133 1020 101 21 mänader
254 1020 40 21 och
309 1022 32 19 att
355 1020 105 21 sannolikt
475 1026 25 15 en
516 1020 31 21 tid
562 1019 21 22 af
597 1019 63 21 minst
675 1019 36 21 tvä
725 1019 101 21 mänader
841 1018 47 21 der-

68 1047 83 22 utöfver
175 1047 104 22 erfordras
302 1048 31 21 för
357 1048 116 21 ärendenas
496 1048 117 21 afslutande
634 1047 106 22 äfvensom
756 1049 32 19 att
803 1047 85 21 ståndet

68 1075 33 22 för
123 1076 40 21 den
186 1076 100 21 händelse
309 1078 32 19 att
361 1076 59 21 Hans
435 1077 118 26 Kejserliga
568 1075 99 27 Majestät
682 1075 81 22 täcktes
778 1075 110 22 utsträcka

68 1105 57 21 tiden
141 1105 32 21 för
193 1105 123 21 ständernas
331 1111 146 15 sammanvaro
492 1105 83 21 utöfver
589 1104 45 27 fyra
649 1104 106 26 månader,
770 1104 65 26 ansåg
850 1103 36 22 det

68 1139 50 15 vara
133 1133 121 26 önskvärdt,
270 1135 32 19 att
317 1133 233 27 landtdagsgöromålen
565 1133 54 26 finge
634 1132 57 21 hvila
705 1133 67 20 under
786 1138 101 15 sommar-

68 1161 128 22 månaderna
216 1164 55 19 samt
286 1162 67 21 under
368 1162 63 21 våren
447 1161 45 22 icke
507 1161 119 22 utsträckas
641 1161 72 26 längre
728 1163 27 18 än
770 1160 32 21 till
818 1161 39 20 den
875 1161 9 19 1

66 1190 46 27 juni
128 1190 39 21 och
183 1191 61 20 nästa
258 1190 48 21 höst
321 1190 45 21 icke
381 1190 85 26 vidtaga
481 1190 88 27 tidigare
585 1191 26 20 än
627 1189 40 22 den
685 1191 7 18 1
711 1189 95 22 oktober.

136 1253 43 25 2:0)
201 1253 56 21 Från
272 1252 104 27 vällofliga
391 1252 174 27 borgareståndet
580 1252 22 22 af
616 1252 40 22 den
672 1253 13 20 4
701 1252 41 26 maj
757 1252 23 21 af
793 1251 93 21 innehåll

68 1283 33 19 att
115 1282 85 20 ståndet
215 1281 21 27 a)
252 1282 34 20 vid
301 1281 157 27 handläggning
472 1282 22 20 af
507 1283 151 19 sammansatta
673 1280 45 27 lag-
728 1280 39 22 och
778 1280 106 22 ekonomi-

67 1310 116 21 utskottets
205 1310 133 21 betänkande
360 1310 7 20 i
388 1310 112 26 anledning
522 1310 23 21 af
558 1310 77 25 nådiga
649 1309 157 27 propositionen
822 1309 63 26 angå-

68 1338 53 22 ende
144 1338 122 22 lösdrifvare
289 1338 39 22 och
351 1338 60 22 deras
429 1338 126 26 behandling
570 1338 48 21 med
633 1337 153 27 godkännande
802 1337 6 21 i
824 1337 62 27 öfrigt

138 1451 15 22 *)
166 1451 54 17 Detta
232 1450 108 18 betänkande
353 1450 57 25 ingår
412 1450 38 17 icke
462 1450 6 17 i
480 1450 22 17 de
514 1450 75 22 orginala
601 1449 107 23 protokollen
721 1450 31 16 och
765 1449 62 18 saknas
841 1450 45 20 jem-

70 1474 28 17 väl
115 1474 6 17 i
139 1473 139 23 presteståndets
292 1473 54 17 arkiv.
370 1466 40 24 Uti
411 1472 79 18 ständets
502 1464 73 26 diarium
586 1472 27 18 för
625 1472 103 23 landtdagen
740 1472 56 18 finnes
809 1472 77 18 enskilda

69 1496 163 19 besvärsutskottets
245 1496 72 18 berörda
329 1496 91 18 skrifvelse
432 1496 54 22 jemte
498 1495 107 19 betänkande
617 1495 38 18 icke
667 1495 109 41 fee

734 1519 19 23 tg.
770 1524 46 13 anm.
