1086 1792
330 119 160 18 Presteständet
504 120 51 17 1877.
581 121 26 16 22
619 120 46 20 maj.
827 114 41 21 857

80 187 7 21 i
109 187 48 21 dess
179 187 78 22 helhet.
288 188 100 26 Orsaken,
404 188 86 22 hvarför
505 189 57 21 detta
577 190 6 20 i
598 190 42 20 min
656 189 63 21 tanke
735 188 103 28 olyckliga
853 189 42 21 för-

80 216 45 26 slag
140 222 34 15 om
190 216 69 22 banan
274 217 212 21 Etseri—Uleåträsk
501 218 39 20 har
549 218 88 20 kommit
647 218 32 20 till
691 218 68 23 stånd,
770 218 55 20 lärer
836 224 59 18 vara,

79 246 32 20 att
134 244 116 27 Uleåborgs
272 245 162 21 affärs-intresse
456 246 89 21 sträfvar
567 248 32 19 att
613 246 154 26 monopolisera
782 246 39 20 den
838 248 58 18 stora

78 273 153 24 landssträcka,
248 279 43 15 som
308 274 39 20 hör
361 274 31 20 till
408 274 124 21 Uleåträsks
547 274 130 21 vidsträckta
692 274 132 26 vattendrag.
850 274 45 21 Den

79 302 54 21 enda
153 304 153 24 representant,
327 308 44 15 som
387 302 46 21 från
449 303 67 21 denna
532 304 83 20 sträcka
630 303 65 21 finnes
710 303 35 20 vid
760 302 135 26 landtdagen,

78 332 24 19 är
126 330 86 21 alldeles
228 333 57 19 emot
300 333 31 19 ett
346 330 76 22 sådant
437 332 60 26 syfte.
530 332 44 20 Han
590 332 39 20 har
643 331 6 21 i
665 331 104 21 utskottet
785 331 61 24 visat,
863 333 32 19 att

78 358 148 27 befolkningen
249 359 33 21 vid
305 360 26 20 de
352 360 131 26 vattendrag,
498 366 44 15 som
557 363 100 23 utmynna
673 360 6 20 i
694 359 119 23 Uleåträsk,
830 360 66 20 redan

77 394 29 14 nu
126 388 39 20 har
185 388 229 21 handelsförbindelser
436 389 92 26 söderut,
544 390 38 20 och
599 389 35 21 det
649 390 24 19 är
688 388 32 21 för
735 391 32 18 att
782 388 45 21 icke
844 388 49 21 dess

77 416 77 21 handel
175 416 54 21 skall
252 417 165 26 monopoliseras
440 417 26 27 pä
481 417 112 27 Uleäborg,
610 424 44 14 som
671 418 40 20 den
726 418 78 20 önskar
818 419 33 18 att
866 416 21 21 fä

76 445 87 21 framför
180 446 73 25 andra,
269 446 70 21 banan
354 446 86 21 söderut
455 446 57 21 öfver
528 446 88 27 Kuopio.
647 446 76 21 Pastor
738 446 99 21 Törnudd
854 445 39 21 har

76 474 61 21 äfven
159 474 52 21 talat
236 481 34 15 om
291 475 107 27 telegram,
421 481 45 15 som
485 476 88 20 kommit
588 475 32 21 till
635 475 110 21 utskottet.
776 475 41 21 Det
833 475 60 21 torde

75 503 80 21 kanske
177 503 47 21 icke
246 510 51 15 vara
319 504 24 21 sä
358 504 92 21 särdeles
465 504 106 27 försigtigt
585 506 33 19 att
632 504 70 21 blotta
716 504 43 21 alla
773 504 120 20 interiörer.

75 532 77 21 Derför
167 532 35 21 vill
216 532 36 27 jag
268 533 18 26 ej
301 532 67 22 heller
383 534 109 20 utsträcka
507 534 47 20 mitt
569 533 125 21 bemötande
711 532 22 22 af
742 535 73 24 pastor
827 532 66 21 Törn-

75 561 43 21 udd
145 562 78 26 längre,
248 562 89 20 emedan
361 562 35 20 det
419 562 80 21 kanske
522 562 65 21 skulle
612 562 21 21 fä
651 562 61 26 tycke
727 562 22 20 af
763 561 129 27 ingvisition.

75 590 82 21 Endast
179 591 35 21 det
237 590 36 21 vill
285 590 38 27 jag
337 591 92 26 tillägga,
446 593 31 19 att
493 591 31 21 till
540 592 67 26 nägon
623 591 6 20 i
644 591 106 21 utskottet
765 591 50 20 kom
830 590 61 21 äfven

75 621 32 19 ett
129 622 63 18 annat
215 620 107 26 telegram,
345 626 45 14 som
412 621 92 19 tvärtom
525 620 26 26 pä
573 620 35 21 det
632 620 77 26 högsta
724 619 116 27 beklagade
857 619 36 21 det

75 648 76 26 beslut,
167 648 32 20 till
214 648 81 21 hvilket
310 648 105 21 utskottet
430 648 54 21 hade
499 649 94 21 kommit.
623 648 42 21 Det
679 648 49 21 kom
743 648 47 20 frän
806 654 25 14 en
846 654 48 20 per-

75 682 44 20 son,
135 682 46 16 som
198 676 81 22 kanske
294 677 39 21 har
348 677 87 26 djupare
450 677 78 21 inblick
543 678 39 20 och
597 677 153 21 vidsträcktare
766 677 105 21 intressen
887 677 5 20 i

76 705 71 26 saken,
163 707 26 19 än
205 706 40 20 den
260 712 51 15 rena
323 706 215 26 affärssynpunktens.
568 706 44 21 Här
627 706 38 20 har
680 706 6 20 i
702 706 42 26 hög
759 706 52 26 grad
827 705 69 21 blifvit

75 734 119 26 beklagadt,
218 736 33 19 att
273 734 80 21 sädana
375 735 87 25 trakter,
485 741 45 15 som
552 735 66 21 sakna
635 735 67 21 andra
717 734 178 21 kommunikatio-

75 769 44 18 ner,
133 762 46 22 icke
194 762 68 22 förses
278 764 47 20 med
339 763 118 27 jernvägar.
487 764 38 20 Att
540 764 23 20 sä
575 764 67 20 mäste
652 770 56 19 vara,
720 765 23 19 är
754 765 44 19 rätt
808 762 84 22 bedröf-

74 792 49 26 ligt;
139 798 47 15 men
202 792 36 21 det
253 792 65 21 finnes
333 792 79 21 sädana
428 792 88 27 trakter,
532 799 44 15 som
592 792 67 26 aldrig
674 792 70 21 kunna
757 792 97 27 uppbära
866 798 26 14 en

75 820 65 22 sädan
163 821 188 21 kommunikation.
381 821 25 21 Vi
429 822 63 20 hafva
514 824 14 19 t.
552 828 31 15 ex.
606 822 157 26 Lappmarken;
779 821 48 21 icke
844 821 49 20 kan

75 850 35 21 det
132 850 50 21 falla
204 850 69 26 nägon
296 850 21 21 in
335 852 31 19 att
381 850 68 27 bygga
462 851 87 26 jernväg
565 850 32 22 till
612 850 155 27 Lappmarken.
797 849 96 21 Trakten

75 879 61 27 kring
157 878 124 22 Maanselkä
296 881 24 19 är
334 879 46 21 icke
396 880 61 20 dessa
472 879 211 28 lappmarkstundror
698 880 24 20 sä
737 879 88 21 alldeles
842 878 51 21 olik.

75 908 41 26 Jag
138 908 39 21 har
198 909 65 20 redan
288 909 6 20 i
313 908 128 27 förmiddags
457 909 48 21 sökt
520 909 135 26 ädagalägga,
672 909 98 20 hurudan
785 908 67 26 utsigt
868 913 26 15 en

72 937 95 26 jernväg,
183 937 79 26 dragen
278 937 43 26 der,
337 937 67 21 skulle
419 937 69 26 hafva,
505 937 23 22 sä
542 941 31 18 att
586 937 37 27 jag
638 937 45 21 icke
693 937 36 21 vill
742 938 73 25 längre
827 943 67 19 uppe-

75 965 57 21 hålla
153 966 42 26 mig
218 966 79 25 dervid,
319 972 47 15 men
388 966 68 21 skulle
472 966 70 27 fråga:
558 966 135 21 hvilkendera
708 968 24 18 är
748 972 58 15 mera
824 965 70 20 öfver-

75 994 168 21 ensstämmande
266 995 48 20 med
337 995 88 20 rättvisa
444 995 38 21 och
498 995 101 26 billighet,
615 995 98 26 antingen
728 997 33 18 att
775 1000 75 20 genom
869 999 24 15 en

75 1023 181 21 kommunikation
279 1023 111 27 tillgodose
416 1030 24 14 en
457 1024 53 21 enda
526 1025 100 22 landsort,
643 1023 50 21 eller
708 1026 32 18 att
755 1023 33 21 för
803 1021 91 28 ungefär

75 1058 80 15 samma
180 1051 90 22 kostnad
293 1053 71 20 kunna
386 1052 112 27 tillgodose
519 1053 50 21 flere
591 1051 47 22 län?
661 1052 81 21 Genom
758 1052 40 21 den
815 1051 22 21 af
852 1051 43 26 mig

74 1081 113 20 förordade
210 1081 75 24 banan,
301 1081 7 20 i
323 1081 95 26 förening
432 1082 48 20 med
496 1082 40 21 den
550 1081 107 22 mellersta
672 1081 134 25 stambanan,
822 1080 71 21 skulle

75 1109 48 21 hela
145 1109 124 26 Uleäborgs,
291 1110 48 21 hela
361 1110 70 25 Wasa,
448 1110 47 21 hela
510 1110 83 27 Kuopio
609 1110 39 21 och
664 1109 31 22 S:t
711 1109 87 22 Michels
814 1109 39 21 och
869 1115 25 14 en

75 1140 45 19 stor
141 1139 34 20 del
196 1138 24 21 af
241 1138 129 22 Tavastehus
393 1139 34 20 län
450 1145 22 15 se
494 1139 37 22 sitt
548 1139 64 21 behof
625 1138 164 25 tillfredsstäldt,
806 1138 19 20 d.
841 1144 18 14 v.
876 1143 17 15 s.

75 1167 70 22 halfva
160 1167 96 21 Finland.
286 1168 77 21 Likasä
378 1168 38 21 har
431 1168 39 21 här
485 1168 22 21 af
520 1168 68 27 nägon
604 1167 67 22 talare
686 1167 68 21 blifvit
770 1167 122 26 beklagadt,

75 1198 32 19 att
122 1196 135 21 förarbetena
273 1198 36 19 äro
325 1197 24 20 sä
363 1197 155 26 ofullständiga,
535 1197 88 21 likasom
639 1197 35 20 det
689 1197 39 20 ock
744 1196 68 21 blifvit
827 1195 65 21 fram-

75 1224 65 22 hället
155 1225 69 21 säsom
240 1225 64 26 nägot
319 1226 93 21 särdeles
427 1226 80 26 vigtigt,
524 1228 31 19 att
565 1226 160 21 instrumentala
737 1224 155 22 undersöknin-

74 1260 39 20 gar
135 1254 65 21 borde
222 1253 63 22 hafva
308 1254 62 27 skett,
386 1255 63 20 innan
465 1261 48 15 man
527 1255 92 20 besluter
635 1255 30 25 sig
681 1254 33 21 för
727 1254 52 20 hvar
795 1259 25 15 en
836 1253 57 20 bana

75 1282 54 21 skall
153 1282 27 27 gä
204 1283 59 20 fram.
294 1283 72 26 Enligt
388 1283 48 20 mitt
458 1285 42 18 sätt
522 1285 31 19 att
575 1289 23 15 se
619 1283 66 20 saken
709 1283 66 20 borde
791 1282 35 21 det
843 1287 52 14 vara

75 1313 102 24 tvärtom;
194 1311 36 21 der
246 1311 26 21 de
287 1311 105 26 naturliga
407 1311 159 22 förhällandena
581 1311 40 22 och
635 1311 145 26 upparbetade
795 1309 98 22 handels-

74 1341 65 24 vägar
165 1340 78 26 anvisa,
266 1342 32 19 att
321 1347 25 14 en
361 1339 120 22 förbättrad
496 1340 226 21 kommunikationsled
737 1341 24 19 är
777 1339 22 21 af
815 1339 77 22 nöden,

75 1368 38 21 der
135 1368 38 21 bör
195 1375 50 15 man
267 1369 44 21 läta
333 1369 125 24 undersöka,
482 1376 46 15 men
549 1376 48 15 man
612 1369 39 21 bör
666 1369 46 20 icke
728 1368 121 21 undersöka
865 1367 28 26 pä

75 1397 79 21 sädana
176 1397 82 24 ställen,
281 1397 37 22 der
341 1404 25 14 en
388 1397 63 22 trafik
474 1399 23 20 är
519 1398 91 27 omöjlig.
639 1397 53 22 Värt
707 1397 49 21 land
772 1399 23 18 är
813 1397 33 20 till
861 1395 32 21 sin

75 1428 63 17 natur
153 1426 23 19 sä
191 1425 124 26 beskaffadt,
333 1428 31 18 att
379 1427 35 19 det
430 1426 78 21 tilläter
523 1427 108 25 byggande
645 1426 21 21 af
675 1426 89 26 jernväg
777 1425 58 20 öfver
846 1424 47 24 allt,

75 1453 38 21 der
127 1453 46 21 icke
188 1455 68 19 större
271 1456 72 18 vatten
359 1455 56 20 sätta
430 1454 74 20 hinder
519 1454 7 21 i
540 1456 72 24 vägen.
627 1454 73 20 Redan
712 1460 75 20 genom
799 1459 24 14 en
836 1452 57 21 blick

75 1481 28 27 pä
124 1481 76 22 kartan
221 1482 41 21 kan
278 1489 48 14 man
342 1489 28 19 se,
385 1482 51 21 hvar
452 1482 35 21 det
502 1485 24 18 är
541 1482 80 27 möjligt
636 1484 32 19 att
683 1483 68 26 bygga
767 1488 24 15 en
805 1481 88 27 jernväg

75 1511 40 21 och
130 1511 52 21 hvar
196 1511 53 21 icke.
279 1511 30 20 På
324 1511 26 21 de
365 1511 125 26 föregående
506 1511 162 22 instrumentala
684 1511 210 26 undersökningarna
