1086 1764
400 105 167 29 Minnesmedalj.
860 105 42 20 919

73 179 90 28 förslag,
177 178 80 21 tillåter
276 178 36 27 jag
330 177 42 27 mig
394 177 79 21 föreslå
496 179 30 19 att
547 177 263 22 Riddarhusdirektionen
832 178 70 21 skulle

72 211 51 25 taga
139 207 66 21 under
220 205 166 28 öfvervägande,
398 213 33 13 om
447 205 47 22 icke
505 205 13 21 å
529 206 217 28 minnespenningens
762 206 53 22 kant
828 206 73 22 kunde

73 238 124 26 ingraveras
216 237 87 19 namnet
318 234 12 21 å
345 234 41 21 den
402 233 167 28 landtdagsman,
583 234 22 21 åt
621 234 89 21 hvilken
726 235 175 28 minnespennin-

72 273 42 20 gen
139 264 109 26 utlemnas,
264 265 56 18 samt
341 262 66 21 åratal
429 262 130 28 angifvande
582 262 27 21 de
633 262 128 29 landtdagar
784 263 52 22 eller
858 263 42 22 den

73 293 104 28 landtdag
191 292 42 21 han
249 291 94 21 bivistat.
372 291 208 28 Minnespenningen
597 291 42 21 blir
654 294 31 18 ett
701 291 115 22 värdefullt
828 293 72 20 minne

73 321 42 22 och
131 321 94 21 kommer
240 323 32 18 att
293 327 45 14 som
354 319 66 21 sådan
435 319 27 28 gå
478 319 45 21 från
540 319 92 28 slägtled
647 320 33 21 till
696 320 97 27 slägtled.
821 320 80 21 Derför

73 357 53 14 vore
142 350 37 20 det
193 349 46 21 skäl
260 351 32 18 att
306 348 13 21 å
334 349 202 27 minnespenningen
556 348 69 21 skulle
642 349 98 27 angifvas
757 348 27 22 de
800 349 50 21 data
865 349 36 28 jag

73 379 40 21 här
128 378 76 21 anfört.

144 446 33 21 Hr
197 446 92 21 Kustavi
314 445 199 21 Grotenfelt:
536 444 89 29 Pyydän
642 445 66 21 saada
724 445 114 22 kannattaa
854 446 48 21 Hra

73 475 84 22 Robert
178 473 152 29 Tigerstedt'in
353 473 97 21 tekemää
472 473 112 21 ehdotusta
599 475 177 25 semmoisenaan,
792 476 44 19 että
851 475 50 21 nim.

73 505 60 20 asian
153 503 89 28 lähempi
259 503 127 20 tutkiminen
402 503 20 27 ja
439 502 153 21 määrääminen
608 503 126 26 jätettäisiin
750 503 151 21 Ritarihuone-

72 531 168 30 johtokunnalle.
270 531 34 20 En
327 532 104 27 ymmärrä
447 531 79 20 kuinka
547 530 85 21 millään
656 531 59 21 asian
737 531 71 21 edulla
823 532 77 21 voitai-

73 562 42 20 siin
132 563 74 19 ruveta
224 561 49 20 siitä
288 561 57 20 tässä
361 567 98 13 suuressa
475 559 147 21 kokouksessa
639 559 192 22 keskustelemaan.

144 629 33 21 Hr
198 627 221 23 Wallensköld
442 627 77 25 anhöll,
542 631 31 17 att
595 627 38 21 det
656 628 23 21 af
694 628 34 21 Hr
750 636 42 13 von
814 628 87 29 Wright

74 657 125 23 framstälda
222 656 103 28 förslaget
347 656 66 21 mätte
435 659 105 25 upptagas
556 657 6 20 i
578 656 37 21 det
638 656 202 29 protokollsutdrag,
856 665 44 14 som

73 687 86 21 komme
174 689 31 18 att
220 685 74 21 aflätas
310 685 31 21 till
358 684 266 22 Riddarhusdirektionen.

143 761 34 21 Hr
192 760 124 22 Fraser:
338 759 73 21 Äfven
427 760 35 28 jag
478 760 38 20 ber
530 762 31 18 att
575 759 23 21 få
614 760 132 21 understöda
761 760 37 22 det
813 760 87 29 förslag,

73 798 48 14 som
136 790 66 28 gjorts
218 788 22 22 af
255 788 34 21 Hr
302 795 41 14 von
355 788 91 28 Wright,
458 796 48 13 men
522 788 27 28 pä
565 796 80 14 samma
660 788 58 29 gäng
732 789 50 21 ville
797 790 36 28 jag
848 790 53 21 fort-

74 818 90 22 farande
184 821 32 18 att
230 817 62 27 fråga
315 816 69 22 skulle
399 817 79 21 väckas
501 824 34 14 om
551 824 25 14 en
592 816 124 22 diskussion
732 817 52 21 eller
799 820 31 19 ett
845 821 56 18 utta-

74 847 65 22 lande
161 854 34 14 om
210 846 27 21 de
253 847 96 19 närmare
364 845 116 29 detaljerna
496 846 23 20 af
534 845 117 29 medaljens
667 846 109 21 utseende.
806 846 42 28 Jag
863 846 39 22 har

75 876 36 22 vid
128 883 25 14 en
176 874 130 28 föregående
329 874 71 28 privat
422 874 121 21 diskussion
567 874 47 21 haft
637 876 50 20 äran
711 877 31 19 att
756 877 56 26 yttra
835 876 65 27 mig
887 870 17 37 i

75 905 71 21 denna
161 904 66 27 fråga.
256 902 42 28 Jag
313 902 51 22 fann
388 902 28 22 då
430 902 23 22 af
468 902 27 22 de
510 902 133 27 uttalanden,
657 910 46 14 som
719 903 37 21 der
777 904 85 28 gjordes
878 904 23 21 af

75 933 67 22 andra
157 933 72 25 talare,
244 934 31 19 att
297 931 107 28 åsigterna
420 933 36 19 äro
471 931 81 28 ganska
567 931 64 26 olika,
647 931 88 22 hvarför
750 932 37 21 det
802 940 51 13 vore
868 932 33 22 till

75 965 46 19 stor
142 961 40 22 och
204 960 42 28 god
269 960 88 28 ledning
379 960 35 21 för
434 960 265 26 Riddarhusdirektionen,
715 960 74 22 såvida
812 961 22 21 åt
849 961 52 21 den-

75 998 81 14 samma
171 990 68 21 skulle
262 988 106 22 anförtros
392 988 58 22 detta
474 988 103 29 uppdrag,
592 996 35 14 om
647 989 124 21 uttalanden
788 990 6 20 i
810 989 91 22 Ståndet

74 1020 39 21 här
137 1026 28 14 nu
188 1018 70 22 kunde
274 1017 160 28 ifrågakomma.
464 1017 65 21 Hade
550 1017 70 21 denna
636 1018 61 28 fråga
721 1018 72 21 blifvit
814 1018 87 22 väckt
890 1013 15 37 i

75 1048 74 28 början
165 1047 22 21 af
202 1047 70 21 denna
287 1045 109 29 landtdag,
411 1046 24 21 så
456 1046 56 21 hade
528 1046 36 21 det
579 1046 48 21 icke
644 1046 75 22 beredt
734 1046 69 28 någon
820 1046 81 29 svårig-

75 1076 37 22 het
128 1079 31 18 att
174 1075 131 22 öfverlemna
321 1074 75 28 frågan
412 1074 32 21 till
460 1074 116 28 afgörande
595 1074 23 22 åt
634 1075 266 28 Riddarhusdirektionen,

75 1112 49 14 men
141 1112 27 14 nu
184 1104 27 21 då
226 1103 131 28 landtdagen
379 1103 97 26 afslutas,
492 1105 24 19 är
534 1103 37 21 det
585 1104 83 27 ganska
684 1104 59 21 svårt
758 1106 32 19 att
806 1111 57 14 mera
878 1104 24 22 få

74 1134 27 21 R.
117 1141 18 13 o.
151 1134 38 20 A:s
210 1132 138 22 medlemmar
370 1132 95 21 samlade
487 1132 35 21 för
541 1139 25 14 en
589 1132 61 28 dylik
672 1132 61 28 fråga
748 1132 24 22 af
794 1132 108 22 sekundär

76 1162 116 28 betydelse,
206 1160 89 22 hvarför
312 1161 35 27 jag
363 1160 81 27 tänker,
460 1163 32 19 att
506 1160 259 23 Riddarhusdirektionen
781 1161 121 29 säkerligen

75 1198 52 14 vore
144 1190 94 22 tacksam
254 1192 31 18 att
300 1189 23 21 få
338 1189 66 28 några
420 1190 137 27 anvisningar
573 1189 41 22 och
629 1189 45 21 råd.

145 1265 34 21 Hr
202 1264 30 22 af
263 1264 185 21 Hällström:
479 1263 61 21 Minä
562 1264 121 28 puolestani
706 1271 26 13 en
756 1263 66 22 tahdo
842 1265 60 20 estää

76 1294 136 22 keskustelua
235 1294 84 24 asiasta,
341 1293 32 27 jos
396 1292 68 21 siihen
489 1292 84 28 Säädyn
595 1293 84 27 jäsenet
700 1292 100 22 katsovat
823 1292 78 22 olevan

76 1322 140 28 laajemmalta
239 1323 66 27 syytä.
335 1321 73 21 Mutta
430 1322 50 20 mitä
504 1320 117 22 ehdotetun
644 1321 144 21 muistorahan
812 1321 90 21 ulkonä-

76 1352 63 25 köön,
154 1358 37 14 sen
212 1350 152 21 mahdolliseen
386 1349 93 26 tekstiin,
495 1357 37 13 sen
548 1350 119 26 aineeseen,
682 1357 37 14 sen
736 1350 166 21 kustannuksiin

75 1388 20 20 y.
111 1387 26 13 m.
152 1379 61 26 tulee,
235 1379 42 20 niin
301 1379 53 20 siinä
370 1385 27 14 on
421 1378 44 21 niin
488 1380 73 19 monta
583 1378 29 21 eri
636 1378 73 28 puolta
732 1381 96 18 otettava
848 1378 54 21 huo-

75 1409 78 26 mioon,
177 1409 42 20 että
239 1408 68 20 näistä
322 1407 145 28 päättäminen
484 1407 93 20 kaikissa
597 1407 134 28 tapauksissa
748 1407 41 28 käy
804 1407 98 28 paraiten

75 1437 155 29 pienemmässä
245 1435 196 28 delegatsioonissa,
460 1435 51 28 jolle
533 1438 104 18 annetaan
658 1436 100 20 riittävää
773 1436 67 26 aikaa,
857 1435 45 21 niin

75 1467 45 20 että
143 1465 129 28 tarpeelliset
294 1463 122 22 taiteelliset
440 1463 164 28 valmistustyöt,
618 1463 65 28 johon
699 1465 56 19 tämä
771 1463 131 22 muistoraha

75 1493 155 22 luonnollisesti
245 1496 64 18 antaa
324 1492 119 21 luontaisen
460 1492 114 21 kiitollisen
591 1492 81 26 aiheen,
687 1492 97 28 myöskin
800 1492 102 21 ehditään
