1086 1767
203 118 42 21 834
459 121 24 17 R.
496 126 17 12 o.
525 121 25 16 A.
562 120 60 18 1908.
646 120 24 17 31
682 121 97 20 Augusti.

272 192 14 20 4
302 191 13 27 &
330 189 129 29 godkändes
475 192 49 18 utan
541 188 147 28 anmärkning.

274 248 36 21 Då
326 247 95 21 derefter
437 248 12 19 5
465 247 13 26 &
493 246 68 20 skulle
577 246 85 20 komma
678 246 69 21 under
761 246 138 28 granskning,
915 247 72 21 anhöll

272 304 58 22 Frih.
347 303 175 22 Cronstedt
545 306 31 18 att
591 302 23 21 få
629 303 67 20 uttala
720 304 33 27 sig
769 303 111 27 angående
897 304 40 21 den
954 304 24 21 af
993 304 41 22 Ut-

203 334 82 22 skottet
307 333 110 21 uteslutna
438 333 14 20 4
470 332 9 27 $
495 332 5 20 i
522 332 47 20 nåd.
592 338 59 22 prop.
674 331 41 21 och
737 332 94 27 yttrade:
855 332 34 21 Hr
912 332 124 24 Estlander,

202 363 73 25 Ernst,
290 362 40 21 har
354 361 76 21 uttalat
445 360 41 21 den
508 360 144 28 uppfattning,
668 363 32 18 att
715 360 197 26 sammankomster,
927 369 46 13 som
989 361 46 21 för-

202 391 103 21 anstaltas
322 390 24 21 af
361 390 129 26 föreningar,
505 389 47 21 icke
568 388 51 21 falla
636 388 68 21 under
720 388 69 22 denna
805 389 41 27 lag.
875 389 13 21 I
904 391 12 25 &
933 391 10 20 1
956 390 24 21 af
991 389 44 22 Ut-

204 420 92 21 skottets
312 418 83 27 förslag
410 418 53 20 talas
480 417 76 21 endast
570 424 34 14 om
620 417 174 26 sammankomst,
809 418 33 20 till
857 418 88 21 hvilken
957 418 77 21 endast

204 448 26 22 de
246 456 39 20 ega
301 446 101 26 tillträde,
417 454 45 13 som
478 448 36 18 äro
531 446 134 27 personligen
682 446 103 27 inbjudna
800 446 53 21 eller
867 446 52 22 höra
931 447 32 21 till
976 447 58 21 före-

203 478 81 26 ningar,
300 475 75 21 hvilka
390 474 71 22 såsom
477 474 79 21 sådana
573 473 109 29 inbjudits.
707 474 48 21 Här
769 474 53 21 talas
839 474 84 22 således
939 476 48 20 icke
998 483 35 13 om

202 505 177 25 sammankomst,
401 510 45 14 som
471 502 138 22 föranstaltas
632 502 23 21 af
678 503 105 27 förening.
812 503 43 28 Jag
877 504 67 20 finner
960 504 75 21 derför

202 537 32 18 att
250 533 70 21 denna
338 533 12 27 8
366 533 6 19 i
391 531 122 22 Utskottets
529 531 80 27 förslag
625 531 48 21 icke
689 531 44 21 står
748 532 6 20 i
770 532 53 20 strid
840 532 47 21 med
904 533 12 26 $
932 533 13 20 4
962 534 6 19 i
984 540 50 20 pro-

201 563 132 28 positionen,
357 560 89 22 sålunda
462 564 31 17 att
517 560 131 27 antagandet
663 560 23 20 af
708 559 41 21 den
766 560 57 21 förra
839 560 68 21 skulle
923 562 51 26 göra
990 562 42 20 den

204 598 86 14 senares
308 588 121 29 antagande
445 589 80 27 logiskt
540 588 92 28 omöjlig.
662 588 42 28 Jag
714 588 79 21 tillåter
803 590 45 26 mig
858 592 31 18 att
899 589 135 21 beträffande

231 621 13 19 4
260 619 23 21 af
298 618 50 22 nåd.
372 625 58 21 prop.
453 617 80 21 föreslå
554 617 122 21 återremiss
693 618 5 19 i
715 617 56 28 syfte
787 621 30 17 att
834 617 114 22 Utskottet
963 618 70 21 skulle

203 648 67 21 uttala
286 648 33 27 sig
336 646 79 26 derom,
430 645 104 22 huruvida
550 646 24 20 af
589 646 99 27 förening
703 645 140 21 föranstaltad
860 646 173 26 sammankomst,

203 678 5 20 i
225 676 88 22 hvilken
330 675 77 21 endast
422 674 136 28 föreningens
574 681 54 20 egna
645 674 136 21 medlemmar
796 674 41 22 och
853 675 136 28 personligen
1000 677 32 19 in-

203 705 79 29 bjudna
302 704 92 27 deltaga,
410 703 47 26 kan,
473 702 69 22 såsom
558 704 14 20 4
588 704 12 26 $
616 703 5 20 i
638 704 159 26 propositionen
819 705 23 19 är
857 703 96 26 affattad,
968 711 64 14 anses

202 734 50 21 falla
269 733 69 21 under
354 732 69 20 denna
439 732 45 27 lags
501 732 164 26 bestämningar,
681 732 186 27 bestämningarna
882 732 5 20 i
900 732 24 27 $$
936 733 12 20 6
960 732 40 21 och
1012 734 20 24 2,

202 764 6 19 i
224 762 105 28 händelse
353 760 191 21 sammankomsten
565 760 67 20 hålles
648 760 13 20 å
676 760 76 20 allmän
784 760 41 21 plats
842 760 67 21 under
925 761 37 21 bar
977 761 54 21 him-

201 791 46 21 mel.
277 791 20 21 Å
314 789 42 21 sid.
371 790 27 20 30
419 790 4 19 i
447 788 145 22 betänkandet
615 788 123 21 framhåller
783 789 90 21 Utskottet
899 792 43 18 »att
964 790 67 28 polis-

200 819 126 29 myndighet
337 818 48 21 icke
398 818 40 20 kan
450 818 111 26 förvägras
577 819 43 19 rätt
635 820 37 21 att,
690 818 63 20 innan
769 818 77 20 allmän
863 818 168 21 sammankomst

200 848 13 21 å
228 848 77 21 allmän
330 847 55 28 plats
409 846 68 21 under
500 846 37 20 bar
559 846 85 20 himmel
669 845 102 28 vidtager,
787 846 98 21 meddela
908 846 34 21 för
957 847 73 21 säker-

200 877 76 21 hetens
293 874 187 30 upprätthållande
504 874 78 28 nödiga
598 874 155 21 föreskrifter».
784 874 65 22 Detta
865 875 110 21 uttalande
992 876 39 20 bör

200 906 21 28 ju
237 905 79 28 jemväl
338 911 37 20 ega
392 903 134 28 tillämpning
541 903 26 28 på
584 903 167 21 sammankomst
766 903 140 21 föranstaltad
924 904 12 20 å
952 904 77 20 allmän

201 934 56 28 plats
274 933 70 21 under
366 932 37 21 bar
419 932 84 20 himmel
527 932 22 20 af
564 932 106 27 förening,
686 932 4 20 i
708 931 85 21 hvilken
810 932 168 21 sammankomst
993 940 37 13 en-

200 962 49 22 dast
273 962 139 26 föreningens
436 960 136 21 medlemmar
594 960 41 21 och
659 960 133 28 personligen
813 960 102 28 inbjudna
937 961 93 27 deltaga.

199 991 42 28 Jag
258 990 38 22 vill
319 990 73 21 vidare
408 988 79 22 föreslå
509 992 32 18 ett
555 989 75 27 tillägg
645 989 33 20 till
693 990 13 19 4
723 990 12 26 $
751 990 6 19 i
773 990 159 27 propositionen
950 990 22 20 af
988 990 41 20 föl-

200 1020 65 28 jande
290 1018 88 29 lydelse,
401 1017 69 22 såsom
495 1021 30 17 ett
548 1025 73 13 senare
646 1021 100 17 moment:
767 1018 62 21 Dock
845 1025 62 14 anses
923 1026 106 13 samman-

201 1050 77 24 komst,
301 1046 140 22 föranstaltad
459 1046 23 21 af
503 1046 105 28 förening,
624 1046 65 21 äfven
709 1054 32 13 om
758 1047 5 20 i
780 1047 194 21 sammankomsten
991 1054 37 14 en-

202 1077 49 21 dast
274 1075 249 28 föreningsmedlemmar
546 1075 51 21 eller
618 1075 135 28 personligen
770 1074 101 29 inbjudna
888 1075 91 28 deltaga,
994 1075 34 21 så-

201 1113 45 14 som
264 1106 85 25 allmän,
365 1104 38 21 der
424 1104 40 20 den
481 1111 51 20 eger
546 1111 45 13 rum
608 1103 12 21 å
636 1104 77 20 allmän
735 1104 54 28 plats
805 1104 68 21 under
889 1104 37 21 bar
941 1104 86 21 himmel

198 1134 35 22 för
248 1134 165 27 öfverläggning
428 1132 90 21 rörande
534 1132 77 21 allmän
628 1132 160 28 angelägenhet.

270 1192 59 20 Enär
344 1190 59 21 detta
422 1190 110 20 uttalande
548 1190 47 20 icke
612 1189 66 21 erhöll
694 1189 65 28 något
774 1190 123 27 understöd,
913 1190 112 28 öfvergick

199 1220 93 22 Ständet
306 1219 32 21 till
354 1219 131 27 granskning
500 1218 23 21 af
538 1220 12 19 5
564 1219 12 26 8
590 1219 5 19 i
612 1218 123 22 Utskottets
752 1218 141 27 betänkande,
908 1219 87 21 hvilken
1013 1220 13 26 &

196 1253 52 18 utan
265 1248 140 27 anmärkning
420 1247 132 28 godkändes.

264 1306 35 21 Hr
315 1304 223 29 Björkenheim
560 1304 72 21 anhöll
648 1304 52 21 härå
715 1308 31 17 att
761 1304 22 21 få
798 1305 67 21 uttala
881 1306 33 27 sig
929 1306 6 20 i
951 1305 75 21 anled-

196 1337 51 26 ning
263 1334 62 22 deraf
343 1337 31 18 att
389 1335 12 20 7
418 1334 11 27 &
445 1334 5 20 i
468 1333 48 21 nåd.
533 1340 59 21 prop.
609 1333 72 21 blifvit
697 1333 22 21 af
735 1333 112 22 Utskottet
862 1334 105 21 utesluten
984 1334 41 21 och

194 1364 96 29 yttrade:
312 1363 42 27 Jag
369 1362 85 21 förenar
476 1362 43 28 mig
535 1362 47 21 med
600 1361 54 27 dem,
670 1369 44 13 som
731 1362 36 21 vid
782 1362 120 28 gårdagens
918 1362 106 21 allmänna

195 1393 124 21 diskussion
334 1392 63 28 yrkat
413 1391 27 28 pä
455 1394 32 18 att
502 1391 70 21 denna
588 1391 18 27 &,
622 1398 45 13 som
683 1390 110 29 förbjuder
809 1391 109 27 deltagare
929 1392 5 20 i
946 1391 77 21 allmän

194 1422 171 21 sammankomst
387 1423 31 17 att
434 1420 79 20 infinna
537 1420 33 27 sig
593 1419 120 28 beväpnad,
735 1419 64 21 måtte
824 1421 83 26 intagas
930 1421 6 19 i
952 1420 72 20 denna

195 1451 40 27 lag.
266 1450 43 20 Det
326 1449 37 21 har
378 1449 23 21 af
415 1448 27 22 de
459 1448 137 21 medlemmar
612 1448 23 20 af
651 1448 57 21 detta
724 1448 68 26 stånd,
808 1448 73 22 hvilka
897 1449 7 20 i
920 1448 37 28 går
968 1451 56 18 utta-

194 1480 49 20 lade
266 1480 33 26 sig
314 1478 31 20 till
369 1478 83 20 förmån
476 1477 33 21 för
526 1477 29 27 $&s
581 1476 137 28 uteslutning,
733 1476 69 22 såsom
825 1480 31 18 ett
871 1477 152 21 hufvudmotiv

196 1508 74 21 härför
292 1506 87 25 anförts,
403 1509 37 23 att,
456 1506 70 20 såsom
550 1505 154 28 Lagutskottet
727 1505 26 29 på
771 1506 38 21 sid.
825 1506 28 22 29
869 1508 67 26 säger,
958 1506 65 21 efter-
