1081 1761
198 113 41 20 594
473 118 25 16 R.
511 122 17 12 o.
541 118 25 16 A.
578 117 59 17 1908.
656 117 24 17 16
692 118 58 16 Juni.

198 186 84 21 besluta
299 186 56 25 att,i
371 185 94 27 enlighet
480 185 47 21 med
543 185 57 21 hvad
616 185 153 28 Lagutskottet
784 186 5 20 i
801 187 38 20 sitt
848 186 111 22 utlätande
970 187 59 21 före-

197 215 71 27 slagit,
284 213 144 28 uttryckligen
443 213 67 21 uttala
525 216 31 18 att
571 213 152 28 förordningen
739 214 23 21 af
777 214 40 21 den
834 215 13 20 2
862 214 45 21 Juli
919 216 56 21 1900
991 223 35 14 om

196 243 89 21 handels
301 241 94 22 idkande
411 241 23 21 af
449 241 63 28 ryska
527 241 128 28 infödingar,
671 242 71 21 säsom
759 246 49 17 utan
820 242 133 23 Ständernas
965 244 59 21 med-

197 272 79 21 verkan
292 271 141 25 tillkommen,
447 271 48 20 icke
511 277 50 21 eger
577 270 56 21 kraft
647 271 24 20 af
686 271 41 27 lag.

265 328 35 20 Hr
318 326 250 23 Vicelandtmarskalken
585 326 131 27 meddelade,
731 330 30 18 att
771 327 41 21 han
825 328 133 22 beträffande
969 329 50 21 ord-

196 358 78 26 ningen
297 356 36 21 för
356 356 59 20 detta
436 355 89 21 ärendes
549 355 129 27 behandling
695 356 47 20 haft
757 356 33 20 för
805 356 66 28 afsigt
886 360 32 18 att
933 357 86 26 föreslä,

196 388 32 18 att
242 385 55 21 först
312 384 39 21 det
369 385 3 19 i
388 384 221 20 Ekonomiutskottets
627 384 134 21 betänkande
776 384 105 28 ingäende
893 385 82 28 förslag
986 386 32 20 till

196 414 81 27 lydelse
293 413 24 21 af
333 414 27 20 10
376 413 12 26 &
404 412 68 21 skulle
487 415 60 24 tagas
563 412 67 21 under
645 412 123 27 afgörande,
784 413 95 21 derefter
894 414 125 21 förordnin-

196 449 52 20 gens
274 443 84 26 ingress
380 441 40 20 och
436 441 6 20 i
458 442 105 19 närmaste
585 441 102 20 samband
704 441 85 20 dermed
806 441 163 28 Lagutskottets
986 446 33 17 ut-

197 471 85 20 talande
298 470 27 28 pä
341 469 39 21 sid.
392 470 14 20 4
421 472 54 18 samt
489 469 31 20 till
537 470 39 20 sist
591 469 166 28 förordningens
773 470 80 21 rubrik.

265 527 72 21 Sedan
361 526 25 21 R.
407 533 18 14 o.
448 526 26 21 A.
489 525 79 22 bifallit
583 526 31 21 till
630 526 59 21 detta
705 526 34 21 Hr
753 526 267 23 Vicelandtmarskalkens

196 555 87 28 förslag,

265 585 97 26 företogs
384 583 32 20 till
437 583 132 27 granskning
585 583 67 21 första
667 583 86 28 stycket
767 585 6 19 i
789 583 105 29 förslaget
909 585 31 20 till
959 586 25 20 10
1001 586 19 26 $.

265 640 86 22 Härvid
374 640 71 21 anhöll

265 670 33 20 Hr
318 669 73 27 Georg
414 668 169 22 Schauman
607 676 33 13 om
663 668 61 21 ordet
746 669 38 21 och
806 669 96 28 yttrade:
927 670 34 21 Då
983 671 36 27 jag

196 700 5 20 i
218 699 41 21 allo
282 698 61 20 delar
365 697 41 21 den
426 697 143 28 uppfattning,
585 704 45 14 som
653 697 38 21 här
710 698 86 20 uttalats
819 698 24 20 af
865 698 34 21 Hr
916 698 102 29 Ramsay,

195 727 108 23 Wilhelm,
326 726 39 21 ber
386 726 65 28 jagfä
473 725 80 21 föreslä
565 725 95 28 följande
683 726 90 27 ändring
795 727 29 20 uti
848 726 66 22 första
933 728 81 20 menin-

194 764 42 20 gen
252 755 22 21 af
289 755 38 21 det
343 762 28 13 nu
386 754 146 28 föreliggande
548 754 66 21 första
631 754 90 28 stycket.
746 754 41 28 Jag
797 755 97 27 föreslär,
905 758 32 18 att
949 756 67 21 orden

198 786 18 19 »i
239 784 37 21 det
298 784 41 26 län,
363 783 86 21 hvarest
466 783 101 27 näringen
583 782 54 21 skall
653 783 99 21 utöfvas»
769 783 64 21 måtte
850 784 56 27 utgå.
936 784 80 22 Tillika

196 813 37 21 ber
255 813 35 27 jag
312 814 33 19 att
367 811 22 21 fä
408 811 130 21 understöda
553 811 37 21 det
606 811 67 21 under
688 812 41 20 den
745 812 105 21 allmänna
865 812 151 22 diskussionen

195 840 126 22 framstälda
344 840 109 27 förslaget,
475 843 30 17 att
528 840 61 20 ordet
613 839 117 23 »Finland»
748 840 84 28 utbytes
852 844 44 18 mot
913 841 105 26 »landet»,

195 870 112 21 äfvensom
324 869 103 27 förslaget
441 876 34 13 om
491 868 135 21 uteslutande
643 868 22 21 af
680 868 41 21 den
737 869 51 20 sistä
807 870 114 20 meningen
937 871 5 19 i
959 873 58 25 styc-

195 899 42 20 ket.
266 898 42 27 Jag
330 900 51 23 tror,
403 897 57 20 hvad
483 896 36 21 det
535 897 51 20 sista
601 896 205 50 ändringsförslaget
823 897 105 27 beträffar,
943 901 32 18 att
990 906 27 13 en

195 926 127 27 fullständig
343 925 134 27 beskrifning
496 925 23 20 af
534 932 140 21 personernas
690 929 102 18 utseende
808 926 48 21 icke
872 926 68 21 skulle
956 927 60 28 spela

196 956 69 27 någon
288 955 45 25 roll,
357 953 88 22 emedan
468 953 37 22 det
520 961 51 14 vore
585 957 78 24 ytterst
679 954 59 21 svårt
753 957 30 18 att
798 955 88 27 angifva
901 955 115 22 utseendet

196 984 23 21 så
229 991 61 20 noga,
299 983 122 28 isynnerhet
430 982 27 29 på
465 982 62 21 dessa
544 982 180 28 kringstrykande
739 985 84 22 tatarer,
839 991 35 13 om
890 983 72 22 hvilka
979 984 37 21 det

195 1013 39 21 här
256 1012 64 21 äfven
344 1012 54 20 varit
413 1011 29 21 tal
458 1011 41 21 och
514 1018 46 14 som
576 1011 98 21 förefalla
689 1019 35 13 oss
740 1018 41 21 nog
796 1011 44 22 lika
855 1012 31 21 till
902 1013 116 21 utseendet

196 1041 155 21 allesammans.

264 1099 34 20 Hr
313 1098 74 27 Georg
398 1105 52 13 von
467 1097 118 22 Wendt:
602 1097 31 21 Af
644 1097 27 21 de
682 1097 129 27 uttalanden,
823 1105 45 14 som
879 1098 99 28 afgifvits
992 1099 23 21 af

195 1128 58 21 såväl
270 1127 44 21 Hrr
330 1126 121 21 Schauman
467 1126 40 21 och
522 1126 93 27 Ramsay
631 1133 45 14 som
692 1126 22 21 af
729 1126 48 21 flere
789 1126 66 21 andra
865 1127 72 25 talare,
949 1127 66 21 fram-

194 1157 38 27 går
248 1156 87 21 alldeles
352 1155 125 27 otvetydigt,
493 1157 31 18 att
539 1154 63 21 dessa
617 1162 102 20 personer
734 1155 6 20 i
751 1155 123 21 hufvudsak
885 1156 83 20 ansluta
983 1157 34 27 sig

194 1185 32 21 till
242 1184 78 28 nådiga
337 1184 170 28 propositionens
523 1183 139 28 synpunkter.
693 1183 32 21 De
745 1184 160 27 uteslutningar,
920 1192 45 13 som
982 1184 34 21 Hr

195 1213 121 22 Schauman
340 1212 95 28 påyrkat,
457 1213 37 19 äro
516 1212 43 28 just
574 1211 27 21 de
619 1212 80 27 tillägg,
715 1219 44 13 som
777 1211 111 23 Utskottet
903 1212 113 28 föreslagit

195 1242 30 21 till
242 1242 49 21 nåd.
313 1248 59 21 prop.
401 1240 42 28 Jag
462 1240 68 21 skulle
545 1240 124 28 ytterligare
684 1240 51 28 vilja
749 1248 95 21 upprepa
859 1241 109 28 förslaget,
984 1244 31 18 att

196 1270 146 22 betänkandet
358 1269 65 21 måtte
445 1269 171 25 återremitteras,
631 1268 92 22 hvarvid
739 1269 27 21 då
781 1269 26 21 de
823 1270 131 26 uttalanden,
969 1278 47 13 som

194 1300 68 28 gjorts
284 1300 7 20 i
314 1298 103 21 afseende
432 1298 13 20 å
459 1297 164 29 ifrågavarande
646 1298 150 26 restriktioner,
819 1298 68 21 skulle
903 1299 113 28 iakttagas,

194 1328 96 25 sålunda,
312 1330 32 18 att
366 1326 138 28 paragrafens
527 1326 113 27 affattning
661 1326 68 21 skulle
749 1326 188 22 öfverensstämma
965 1327 49 21 med

195 1356 48 22 nåd.
259 1364 65 20 prop.,
341 1356 24 20 så
380 1357 38 19 när
433 1362 45 14 som
495 1355 27 28 på
537 1355 26 21 de
580 1355 163 28 bestämningar,
762 1362 44 14 som
829 1355 55 28 angå
903 1356 113 21 sundhets-

195 1386 94 28 intygen.

264 1443 34 21 Hr
320 1442 123 21 Munck:
467 1441 11 21 1
495 1444 88 18 motsats
599 1441 33 21 till
649 1441 54 26 dem,
719 1449 44 13 som
778 1442 73 25 önska,
867 1445 31 18 att
913 1442 66 21 orden
998 1443 19 20 »i

194 1471 105 22 Finland»
324 1470 68 21 skulle
415 1470 85 28 utbytas
524 1472 57 19 emot
605 1471 19 19 »i
647 1469 92 28 landet»,
755 1470 49 21 ville
819 1471 36 27 jag
869 1471 52 27 yrka
937 1471 34 28 pä,
987 1474 32 18 att

194 1500 65 21 orden
277 1501 19 20 vi
312 1499 105 22 Finland»
434 1499 69 20 skulle
519 1498 33 21 stä
567 1505 59 21 gvar.
653 1498 44 21 Det
712 1498 37 21 har
764 1499 76 28 många
855 1499 80 28 gånger
952 1499 66 21 fram-
