1086 1767
169 110 41 20 876
447 116 24 16 R.
484 120 18 12 o.
514 115 22 17 A.
549 116 60 16 1906.
633 116 26 16 10
672 116 56 20 Sept.

171 184 26 21 R.
213 192 18 13 o.
247 185 26 20 A.
289 184 37 21 vid
353 183 99 21 ärendets
471 184 57 20 förra
543 183 131 28 behandling
691 184 132 28 godkändes.
854 185 44 21 Det
912 188 24 19 är
951 186 51 22 icke

172 212 67 21 heller
253 212 82 28 riktigt,
359 212 69 20 såsom
452 212 38 21 här
510 212 38 20 har
565 215 65 24 sagts,
645 216 32 17 att
692 220 49 14 man
757 213 53 21 skall
825 213 58 21 hålla
900 214 26 28 pä
942 211 58 36 prin-

173 241 61 27 cipen
258 240 40 22 och
322 240 74 22 derför
417 240 115 28 godkänna
555 240 124 22 Utskottets
702 249 28 13 nu
749 242 148 28 föreliggande
913 244 90 27 förslag,

173 269 64 21 äfven
254 277 33 13 om
304 270 64 27 lagen
390 270 123 26 derigenom
530 269 85 27 bringas
631 272 32 18 att
679 270 56 20 falla.
766 270 43 21 Det
824 271 69 21 finnes
909 272 48 20 icke
973 279 28 13 en

172 298 112 28 principiel
300 301 90 18 motsats
406 298 88 20 emellan
511 298 12 20 9
539 298 10 26 &
561 298 5 20 i
578 297 41 21 den
630 298 88 27 lydelse,
729 302 31 17 att
771 298 39 21 den
822 300 103 21 omfattar
935 300 64 21 äfven

172 326 312 22 ministerstatssekreterarens
494 326 41 21 och
545 326 54 21 hans
610 326 93 28 adjoints
719 328 138 27 ansvarighet
867 328 12 20 å
890 336 40 14 ena
938 329 62 21 sidan

173 354 39 22 och
230 356 12 20 9
259 356 12 26 &
287 354 94 29 lydande
397 354 75 22 endast
488 354 24 22 sä
527 362 46 14 som
588 355 26 21 R.
629 362 18 14 o.
663 358 26 18 A.
705 356 81 27 antagit
801 356 129 22 densamma.
957 357 45 21 Det

171 385 23 19 är
217 384 48 20 icke
289 391 25 13 en
339 384 112 28 principiel
474 386 95 24 motsats,
585 387 49 17 utan
659 384 112 21 skilnaden
794 386 23 19 är
840 385 56 21 blott
911 386 41 20 den
969 389 35 17 att

172 413 111 27 principen
308 414 5 19 i
337 412 37 20 det
397 420 39 13 ena
458 412 62 20 fallet
541 412 136 28 genomföres
701 413 6 19 i
728 420 26 13 en
770 414 74 25 större,
859 415 6 19 i
882 414 37 20 det
934 414 66 21 andra

173 441 61 21 fallet
253 442 2 20 i
271 448 26 14 en
314 441 67 27 något
396 440 81 21 mindre
493 441 154 27 utsträckning.

240 469 42 28 Jag
306 470 105 20 behöfver
432 469 47 21 icke
500 469 55 21 inför
578 469 36 21 det
637 469 65 21 ärade
723 469 90 22 Ständet
829 470 74 26 uttala,
918 474 32 18 att
964 472 37 27 jag

172 498 34 21 för
222 499 43 20 min
282 498 34 21 del
332 498 56 21 helst
401 498 57 27 säge,
468 501 31 17 att
510 498 64 20 äfven
586 498 297 22 ministerstatssekreteraren
895 500 40 20 och
946 500 55 21 hans

173 527 82 28 adjoint
271 531 107 24 upptoges
394 526 63 22 bland
474 526 55 26 dem,
543 534 45 13 som
605 528 36 19 äro
657 526 88 21 föremäl
762 527 33 21 för
810 528 138 27 ansvarighet
963 536 37 13 en-

173 556 39 27 ligt
235 555 165 28 ifrågavarande
423 555 40 27 lag.
494 554 93 22 Senaten
610 554 39 21 har
670 556 21 26 ju
716 555 101 28 enhälligt
837 556 100 21 hemstält
961 556 39 22 hos

172 584 62 21 Hans
251 584 102 28 Majestät
367 587 31 17 att
414 584 29 20 uti
460 584 159 27 propositionen
636 583 66 21 mätte
717 584 50 27 ingä
783 591 24 13 en
823 584 68 21 sädan
907 585 94 21 bestäm-

172 613 58 27 ning.
259 612 53 21 Men
334 613 36 27 jag
389 612 40 21 kan
452 612 55 21 dock
528 612 47 21 icke
591 612 34 20 för
640 612 43 20 min
700 612 33 21 del
750 613 5 20 i
771 612 70 28 nägon
859 613 47 21 män
922 614 79 20 under-

174 641 70 21 känna
270 641 26 21 de
320 641 139 28 synpunkter,
474 648 45 13 som
541 640 27 21 de
591 640 67 21 första
681 640 64 22 ärade
763 641 93 21 talarene
869 641 38 21 här
922 642 78 21 anfört.

173 670 49 21 Och
239 669 36 22 vid
293 677 25 13 en
341 669 95 28 objektiv
452 669 132 27 granskning
600 669 39 21 bör
653 676 48 14 man
718 669 64 21 äfven
798 670 116 28 medgifva,
929 674 33 18 att
976 671 24 20 sä

174 699 79 27 vigtigt
275 698 37 21 det
335 700 26 18 än
385 705 50 14 vore
458 701 31 17 att
510 698 47 25 den,
573 705 45 13 som
634 698 125 27 föredrager
773 698 68 21 finska
857 698 93 22 ärenden
966 699 35 21 för

173 727 86 21 landets
276 727 94 24 monark,
382 726 72 22 blefve
468 727 6 20 i
490 727 46 20 sina
552 726 181 27 embetsätgärder
744 726 88 21 föremål
844 728 35 20 för
889 728 111 20 enahanda

174 756 133 27 granskning
331 762 44 14 som
396 755 100 27 Senaten,
512 755 22 21 sä
550 755 115 27 föreligger
681 754 55 22 dock
752 755 40 21 den
808 756 92 25 skilnad,
915 759 32 17 att
962 757 40 19 mi-

175 784 259 21 nistertatssekreteraren
458 784 5 20 i
487 784 31 20 sin
542 783 160 28 handläggning
724 784 23 20 af
769 784 100 28 styrelse-
890 784 51 21 eller
956 784 45 21 för-

175 812 211 28 valtningsätgärder
409 812 47 21 icke
480 812 87 21 utöfvar
587 812 70 27 någon
680 812 174 27 beslutanderätt,
871 813 75 21 medan
962 813 39 21 Se-

175 845 63 17 naten
264 841 97 21 deremot
383 841 38 21 har
443 844 31 18 att
494 840 46 21 dels
563 842 96 27 uppgöra
675 840 81 28 förslag
771 841 40 21 och
827 841 125 21 utlåtanden
968 842 32 20 till

173 870 120 21 Monarken
317 870 46 20 dels
385 869 47 21 med
456 869 135 29 sjelfständig
610 869 161 27 afgöranderätt
786 870 106 21 behandla
908 870 93 21 tusental

175 898 100 22 ärenden.
305 898 112 22 Praktiskt
432 898 48 21 sedt
495 898 38 20 har
548 898 37 20 det
600 898 84 21 således
700 905 24 13 en
742 898 49 21 vida
806 900 69 19 större
890 898 111 28 betydelse

173 930 31 18 att
215 927 108 21 Senatens
339 927 115 21 ledamöter
470 928 36 19 äro
522 926 158 21 underkastade
695 926 42 21 den
753 927 143 27 ansvarighet,
906 935 44 13 som
963 927 40 21 här

175 958 23 19 är
214 956 61 28 fräga
291 964 40 18 om,
347 957 26 19 än
390 959 31 17 att
436 955 298 21 ministerstatssekreteraren
750 955 37 21 det
801 957 28 19 är.
853 955 42 28 Jag
904 956 39 20 har
953 960 49 24 sagt

174 985 67 26 detta,
257 985 48 21 icke
328 984 34 21 för
377 988 31 17 att
423 984 94 27 förringa
534 984 124 28 betydelsen
671 984 22 20 af
709 987 30 17 att
755 984 248 21 ministerstatssekrete-

173 1021 60 14 raren
251 1013 74 22 blefve
342 1012 79 28 dragen
443 1012 67 21 under
531 1012 70 21 denna
616 1012 47 28 lags
680 1012 164 28 bestämningar,
860 1020 47 14 men
924 1013 34 21 för
970 1016 32 18 att

174 1042 93 28 päpeka,
282 1045 32 18 att
337 1049 26 13 en
387 1040 106 22 ätskilnad
516 1040 112 28 härvidlag
643 1041 121 27 förefinnes,
779 1041 88 21 hvilken
884 1042 5 20 i
905 1042 32 20 sin
954 1042 47 20 män

173 1071 55 21 talar
244 1071 35 21 för
293 1074 32 18 att
341 1078 48 13 man
405 1070 35 21 mä
452 1070 90 20 omfatta
558 1070 68 27 lagen,
637 1069 65 21 äfven
718 1077 33 13 om
768 1077 46 13 man
827 1070 48 21 icke
888 1070 33 21 för
932 1070 70 21 denna

173 1099 60 28 gång
257 1100 74 28 lyckas
355 1099 108 21 utsträcka
486 1098 41 21 den
543 1101 32 18 att
591 1098 89 21 omfatta
697 1098 65 22 också
778 1099 225 21 ministerstatssekre-

173 1133 90 17 teraren.

243 1156 68 22 Hvad
333 1156 133 21 vidkommer
486 1155 37 21 det
538 1155 23 21 af
576 1155 33 21 Hr
624 1155 111 29 Törngren
751 1156 126 21 framstälda
892 1156 111 28 förslaget,

175 1187 23 20 är
214 1185 36 22 det
266 1189 32 17 att
313 1185 88 28 hoppas,
417 1188 31 17 att
469 1184 37 21 det
521 1184 54 21 skall
591 1184 72 21 kunna
679 1184 48 21 leda
742 1184 31 21 till
789 1184 90 28 lösning.
908 1184 42 28 Jag
965 1185 37 21 vill

176 1214 74 22 derför
265 1214 48 22 icke
327 1214 54 26 yrka
396 1213 28 29 pä
440 1221 26 13 en
482 1213 131 27 förändring,
625 1213 66 21 ehuru
707 1214 35 27 jag
757 1213 60 21 tänkt
833 1214 50 27 mig,
893 1217 31 17 att
936 1213 66 21 äfven

176 1247 32 17 ett
223 1247 66 17 annat
304 1242 171 28 tillvägagäende
491 1249 51 13 vore
558 1242 89 27 möjligt,
662 1242 105 27 nämligen
783 1245 31 17 att
829 1242 26 21 R.
867 1250 18 14 o.
896 1243 26 20 A.
933 1242 71 21 skulle

191 1272 101 21 odkänna
315 1270 320 28 sammanjemkningsförslaget
658 1270 76 22 endast
756 1270 27 28 pä
805 1270 78 22 sädant
907 1272 49 23 sätt,
971 1274 33 18 att

194 1300 104 22 tänderna
314 1300 69 21 tillika
398 1299 69 21 skulle
482 1299 83 21 anmäla
581 1302 37 22 att,
634 1299 34 21 för
683 1299 41 21 den
740 1299 100 21 händelse
855 1299 63 21 Hans
935 1300 70 27 Maje-

175 1331 44 19 stät
235 1329 48 21 icke
300 1328 79 28 ansäge
394 1329 34 27 sig
442 1328 74 21 kunna
530 1328 137 20 sanktionera
683 1328 12 21 9
711 1328 12 27 &
739 1328 5 20 i
761 1327 64 21 sädan
842 1328 88 28 lydelse,
940 1328 65 22 Stän-

175 1358 65 21 derna
259 1358 124 21 alternativt
404 1358 82 26 antagit
509 1356 127 29 paragrafen
660 1356 7 21 i
682 1356 41 21 den
739 1356 80 28 lydelse
834 1356 27 22 R.
877 1364 18 14 o.
910 1358 27 20 A.
952 1356 52 22 tidi-

174 1394 52 21 gare
243 1387 92 21 beslutit.
367 1385 43 21 Det
432 1385 38 21 har
492 1385 70 27 någon
584 1384 63 28 gång,
663 1392 34 14 om
716 1385 40 21 ock
772 1385 74 26 sällan,
861 1386 143 26 förekommit,

175 1419 33 17 att
232 1415 35 21 vid
292 1415 51 21 våra
366 1414 128 28 landtdagar
516 1414 127 21 alternativa
664 1414 69 20 beslut
749 1414 109 20 framförts
874 1414 32 20 till
922 1414 82 21 stadfä-

175 1444 72 22 stelse.
278 1444 67 20 Detta
368 1444 23 20 är
406 1442 127 28 visserligen
549 1445 32 18 ett
595 1442 178 28 tillvägagäende,
789 1450 45 13 som
850 1442 56 22 blott
920 1442 84 21 undan-

175 1474 84 27 tagsvis
275 1472 42 22 kan
334 1472 131 21 förekomma
477 1471 39 21 och
533 1472 6 20 i
555 1472 64 26 ingen
636 1471 101 21 händelse
752 1471 68 21 skulle
836 1471 72 21 kunna
919 1471 85 27 anlitas,

176 1509 35 14 om
233 1502 38 20 det
286 1500 62 29 gälde
368 1503 32 19 att
415 1500 117 21 framställa
547 1500 8 20 i
570 1500 84 28 princip
670 1500 57 20 olika
742 1500 70 21 beslut
827 1507 46 14 som
889 1500 114 21 alternativ
