1086 1767
171 107 42 20 814
427 112 24 16 R.
465 116 17 12 o.
495 112 22 16 A.
530 112 59 17 1906.
613 113 28 16 30
654 113 96 20 Augusti.

171 181 94 25 dermed,
286 184 31 18 att
341 179 95 29 lydelsen
461 180 23 21 af
506 180 125 28 paragrafen
654 180 125 28 härigenom
797 182 86 22 komme
899 187 31 17 att
946 184 55 21 stä
987 175 16 37 i

172 210 140 20 konformitet
327 208 49 22 med
393 209 12 27 $
422 210 26 19 32
460 210 6 19 i
479 208 40 21 den
532 216 39 20 nya
582 209 241 29 landtdagsordningen,
835 211 68 28 enligt
912 212 89 22 hvilken

171 238 130 28 landtdagen
326 237 76 21 endast
425 237 32 21 till
476 237 93 21 ledamot
584 237 23 21 af
621 241 89 18 senaten
729 251 24 3 —
769 239 62 21 alltsä
847 240 49 21 icke
911 241 33 21 till
959 241 43 21 Mi-

171 266 271 22 nisterstatssekreteraren
459 266 39 20 och
514 266 53 20 hans
583 266 82 28 adjoint
680 279 27 3 —
724 274 51 21 eger
789 268 62 21 ställa
874 270 105 27 spörsmäl
995 270 6 20 i

171 295 161 28 angelägenhet,
348 301 46 14 som
410 296 34 18 rör
458 294 53 21 hans
528 295 222 21 embetsverksamhet.

240 364 57 20 Frih.
336 362 156 22 Cronstedt:
508 362 52 22 Med
571 362 102 22 afseende
685 364 58 26 derä,
753 367 32 18 att
795 364 72 22 denna
879 366 45 27 lags
935 367 67 21 ända-

171 392 41 21 mål
235 392 63 21 äfven
322 394 30 23 är,
367 391 67 21 såsom
452 391 111 22 Utskottet
578 391 124 22 framhåller
717 392 28 28 pä
766 393 38 21 sid.
829 394 27 21 12
879 394 42 22 och
936 394 13 22 &
964 395 38 21 det

171 420 138 22 rättelseblad
333 428 46 13 som
402 420 73 21 blifvit
498 420 101 26 utdeladt,
623 423 32 18 att
675 421 79 28 jemväl
778 422 159 28 promulgation
960 424 41 21 och

171 450 134 28 publikation
322 449 24 21 af
362 449 90 27 olagliga
468 449 61 20 akter
543 449 61 21 skola
620 457 51 13 vara
687 450 158 22 underkastade
861 451 64 22 straff
934 453 68 28 enligt

171 479 70 20 denna
265 479 41 27 lag,
328 485 62 14 anser
412 478 35 27 jag
470 477 36 21 det
526 485 49 13 vara
591 478 137 27 synnerligen
744 479 94 28 önskligt
854 480 41 21 och
910 481 33 20 till
960 481 42 22 och

171 507 48 20 med
236 506 135 27 nödvändigt
379 509 31 18 att
417 506 66 21 ocksä
491 507 298 21 ministerstatssekreteraren
800 508 42 21 och
853 509 53 20 hans
918 509 84 28 adjoint

172 535 68 21 blifva
258 534 128 22 omnämnda
403 535 6 20 i
428 534 70 21 denna
514 535 99 27 paragraf
628 535 41 21 och
682 535 100 22 likstälda
798 537 5 20 i
820 537 60 21 detta
896 537 104 22 afseende

171 564 47 21 med
240 567 100 18 senatens
363 563 177 21 viceordförande
556 563 40 21 och
612 563 123 27 ledamöter,
751 565 39 20 och
807 565 143 22 uuderstöder
965 567 36 28 jag

171 593 79 25 derför,
266 592 71 21 säsom
353 592 35 27 jag
402 593 65 19 redan
484 591 89 28 tidigare
590 592 98 26 nämnde,
704 592 123 23 Utskottets
844 594 88 28 förslag.

240 661 71 21 Sedan
328 661 58 20 Frih.
428 661 211 27 Langenskiöld
656 663 57 20 ännu
729 662 43 21 fäst
783 664 216 27 uppmärksamheten

171 690 35 20 vid
222 693 32 18 att
269 691 6 20 i
291 691 13 20 9
324 691 12 26 &
353 689 21 20 af
396 689 122 22 Utskottets
541 689 116 28 lagförslag
679 690 48 21 stod
751 691 218 22 »viceordföranden»
994 694 5 19 i

171 719 70 20 stället
257 718 34 21 för
309 717 231 22 »viceordförandene»
557 718 40 21 och
613 718 150 22 diskussionen
779 719 87 22 härmed
884 721 116 26 afstannat,

170 747 125 21 framstälde
311 747 35 20 Hr
361 746 204 21 Landtmarskalken
582 747 32 20 till
629 747 26 21 R.
671 754 18 14 0.
705 748 38 21 A:s
761 748 132 22 besvarande
904 749 96 29 följande

359 831 450 30 Omröstningsproposition:

240 907 55 28 Den,
310 915 46 13 som
371 907 126 27 godkänner
513 908 11 26 $
540 908 12 20 9
569 907 66 28 enligt
651 907 123 22 Utskottets
785 909 88 28 förslag,
884 911 68 20 röstar
967 911 31 28 ja;

240 965 76 21 vinner
335 965 41 27 nej,
396 964 38 21 har
453 964 25 21 R.
494 972 18 13 o.
528 965 26 20 A.
569 964 97 28 godkänt
681 966 12 27 &
710 966 12 20 9
739 966 64 28 enligt
818 966 69 22 första
903 975 96 14 reserva-

169 995 79 20 tionen.

240 1080 77 21 Denna
338 1080 132 27 proposition
493 1079 130 22 besvarades
645 1080 36 21 vid
706 1080 71 22 derom
796 1082 85 21 anstäld
898 1084 100 27 votering

170 1109 47 20 med
241 1109 26 21 22
291 1109 20 28 ja
333 1107 40 22 och
394 1109 25 20 31
436 1109 45 27 nej;
496 1108 41 21 och
553 1116 38 13 var
606 1109 13 21 9
636 1109 12 27 $
663 1109 59 28 förty
737 1114 91 24 antagen
845 1111 69 28 enligt
928 1111 69 22 första

169 1138 166 21 reservationen.

239 1195 84 22 10—12
339 1194 24 28 88
378 1194 126 28 godkändes
520 1195 149 22 oförändrade.

237 1281 12 22 I
265 1281 54 29 följd
335 1281 24 21 af
372 1280 27 22 de
415 1281 36 21 vid
471 1281 98 22 ärendets
592 1281 132 30 behandling
746 1282 82 23 fattade
843 1283 100 23 besluten
960 1284 36 22 be-

169 1310 41 22 slöt
225 1310 27 22 R.
267 1317 19 15 o.
301 1311 27 21 A.
345 1309 27 29 pä
393 1309 35 22 Hr
445 1309 221 23 Landtmarskalkens
689 1311 157 30 framställning
869 1315 32 19 att
921 1312 75 23 betän-

170 1338 80 22 kandet
271 1339 69 21 skulle
359 1338 165 22 äterremitteras
547 1339 32 21 till
598 1339 229 29 Grundlagsutskottet
843 1342 6 20 i
865 1342 103 22 afseende
983 1343 13 21 &

169 1367 27 22 de
211 1368 24 21 af
249 1368 26 22 R.
291 1375 18 14 o.
325 1368 25 20 A.
366 1367 102 28 vidtagna
483 1367 153 29 ändringarnas
652 1368 162 24 observerande.
