1084 1761
358 110 247 32 'Tjenstemannafrågan.
859 111 41 20 793

69 188 90 26 ledning
180 186 22 21 af
218 186 34 22 Hr
267 185 125 21 Estlanders
408 188 85 18 senaste
508 185 139 27 andragande
664 185 23 21 få
702 185 81 26 anföra,
799 184 100 22 hurusom

72 215 122 23 Ständerna
216 214 67 22 redan
298 214 90 28 tidigare
404 214 86 20 utöfver
505 213 74 27 frågan
595 220 36 14 om
648 222 29 20 ny
693 213 207 28 landtdagsordning

70 245 32 21 till
119 242 231 29 Grundlagsutskottet
365 243 117 20 remitterat
498 242 63 20 äfven
578 249 25 13 en
622 250 71 13 annan
715 242 184 27 grundlagsfråga,

71 272 106 27 nämligen
193 272 41 20 den
272 271 123 28 proposition,
418 278 45 14 som
485 270 67 27 gäller
573 270 108 21 allmänna
704 270 135 27 stadganden
863 278 37 13 an-

70 300 82 29 gående
168 299 134 29 tryckfrihet,
318 299 144 27 församlings-
478 298 40 22 och
533 298 185 28 föreningsfrihet.

140 357 34 20 Hr
195 356 53 21 Rolf
270 355 161 22 Thesleff:
454 355 41 28 Jag
517 355 37 21 ber
569 357 31 18 att
615 355 24 21 få
654 355 130 21 understöda
801 355 34 21 Hr
850 354 49 21 Est-

74 385 84 22 landers
182 385 65 21 förslag
285 385 40 20 och
347 386 39 26 gör
408 384 36 21 det
465 383 123 28 isynnerhet
603 383 81 28 derför,
700 387 31 17 att
747 383 153 28 Lagutskottet

70 414 92 28 tidigare
178 393 114 42 bebandlat
308 412 238 29 tjenstemannafrågan.

142 499 34 22 Då
191 499 191 27 öfverläggningen
398 499 6 20 i
420 497 152 28 remissfrågan
583 497 89 22 härmed
684 498 134 23 afstannade,
829 498 70 21 öfver-

73 528 99 22 lemnade
192 528 35 21 Hr
246 527 206 21 Landtmarskalken
468 527 32 20 till
516 526 25 21 R.
558 534 19 13 o.
592 527 39 20 A:s
648 526 133 22 besvarande
804 527 95 27 följande

263 607 449 27 Omröstningsproposition:

142 683 54 26 Den,
212 690 46 14 som
274 681 37 21 vill
327 682 108 20 remittera
450 680 165 28 ifrägavarande
632 680 79 28 nädiga
721 682 132 27 proposition
867 682 32 20 till

72 711 238 28 Grundlagsutskottet,
325 712 68 19 röstar
408 710 30 27 ja;

143 770 74 19 vinner
233 768 40 28 nej,
288 767 39 21 har
341 767 26 21 R.
378 774 18 14 o.
412 768 25 20 A.
453 767 118 20 remitterat
587 766 41 21 den
645 767 79 28 nädiga
740 768 159 27 propositionen

72 799 34 20 till
122 797 157 28 Lagutskottet.

144 860 84 21 Genom
244 861 31 18 att
289 858 91 22 besvara
396 858 69 21 denna
481 858 277 28 omröstningsproposition
770 858 47 21 med
829 859 72 20 öfver-

75 888 98 29 vägande
188 888 20 28 ja
230 887 54 21 hade
300 887 28 21 R.
343 894 18 14 o.
376 887 27 20 A.
419 886 87 22 beslutit
521 887 108 20 remittera
645 886 79 28 nädiga
739 888 160 27 propositionen

74 918 43 21 N:o
134 918 26 20 18
176 917 31 21 till
224 915 240 28 Grundlagsutskottet;
480 914 41 22 och
538 914 44 22 blef
605 915 94 21 beslutet
717 917 74 20 härom
807 915 94 21 omedel-

74 946 48 22 bart
137 945 109 29 justeradt.

145 1078 33 20 Hr
198 1076 73 28 Georg
292 1076 172 21 Schauman
487 1075 66 21 utbad
577 1076 32 27 sig
632 1076 63 21 ordet
717 1076 34 21 för
766 1079 31 18 att
812 1076 89 26 anmäla,

76 1110 30 18 att
129 1106 41 21 han
194 1106 47 21 icke
264 1106 95 20 närvarit
379 1104 35 22 vid
431 1108 83 17 senaste
530 1105 85 27 plenum
633 1104 41 22 och
689 1104 84 22 säledes
789 1105 48 21 icke
853 1105 47 21 med

76 1136 31 21 sin
132 1137 44 19 röst
199 1134 93 28 bidragit
313 1134 33 20 till
367 1134 27 20 de
410 1133 74 21 dervid
501 1133 83 28 afgifna
599 1133 140 21 uttalandena
755 1133 62 21 öfver
832 1134 26 20 de
875 1133 27 21 dä

75 1164 80 21 timade
171 1162 146 22 händelserna.

420 1293 139 23 Elektorsval.

146 1358 57 21 Enär
218 1357 34 22 Hr
267 1357 84 21 Lorenz
367 1357 107 26 Lindelöf,
496 1364 44 14 som
557 1365 28 12 nu
601 1357 103 21 inlemnat
720 1357 71 28 pollet,
807 1358 54 20 varit
877 1365 26 13 en

76 1387 24 22 af
113 1387 27 22 R.
156 1395 18 13 o.
190 1387 38 21 A:s
244 1386 110 25 elektorer,
377 1385 67 28 ansäg
467 1385 33 22 Hr
522 1385 209 22 Landtmarskalken
747 1387 32 26 sig
795 1385 52 22 böra
862 1386 41 21 till-

76 1415 62 29 fräga
153 1415 97 25 Ständet,
264 1414 105 22 huruvida
386 1414 37 21 det
438 1415 48 20 icke
501 1414 50 20 ville
562 1417 47 18 utse
620 1422 26 13 en
659 1415 84 20 valman
754 1415 5 20 i
772 1415 52 20 hans
836 1415 68 25 ställe,

77 1444 40 22 och
134 1444 27 21 dä
175 1444 26 21 R.
216 1451 19 13 o.
251 1444 25 20 A.
292 1442 71 22 härtill
379 1442 127 29 samtyckte,
522 1442 134 29 uppmanade
679 1442 35 22 Hr
729 1443 174 21 Landtmarskal-

77 1473 40 20 ken
135 1472 91 22 Ständet
241 1474 31 19 att
287 1471 56 21 hälla
360 1472 32 27 sig
409 1471 74 21 beredt
498 1473 32 19 att
546 1471 55 20 efter
611 1478 26 14 en
649 1474 63 25 gvart
724 1472 83 21 timmes
818 1471 85 21 rädrum

77 1501 89 21 aflemna
182 1501 46 21 sina
244 1499 112 22 valsedlar.
