1086 1767
199 118 42 22 830
454 123 24 17 R.
492 127 19 12 o.
522 123 25 16 A.
560 122 59 17 1906.
643 123 24 17 31
679 123 98 21 Augusti.

270 192 79 20 Denna
373 191 132 28 proposition
530 190 129 22 besvarades
683 191 48 21 med
754 192 160 27 öfvervägande
930 194 45 27 nej;
990 193 43 21 och

199 220 56 22 hade
279 220 26 21 R.
321 227 19 14 o.
356 220 27 20 A.
399 219 95 25 sälunda,
510 220 47 20 med
577 219 160 27 godkännande
759 220 22 20 af
797 220 33 21 Hr
845 220 127 22 Estlanders
988 222 44 20 för-

200 249 53 27 slag,
269 249 90 21 beslutit
375 251 31 17 att
430 249 4 19 2
450 255 61 14 mom.
527 249 5 19 i
550 249 11 19 1
578 249 12 26 $
605 248 70 21 skulle
691 248 79 21 erhålla
786 248 95 29 följande
898 250 90 27 lydelse:

270 277 76 21 Säsom
364 276 77 21 allmän
463 276 54 21 skall
534 277 17 27 ej
568 276 41 21 den
625 277 169 21 sammankomst
809 285 69 17 anses,
894 278 32 21 till
942 278 88 22 hvilken

200 306 75 21 endast
299 306 26 20 de
343 312 39 20 ega
406 304 98 26 tillträde,
520 312 45 14 som
581 306 37 20 äro
641 306 135 27 personligen
793 306 103 28 inbjudna
912 307 52 21 eller
979 307 52 21 höra

199 334 32 21 till
247 334 102 28 förening
365 334 51 20 eller
432 334 144 27 korporation,
591 333 88 21 hvilken
696 334 70 21 säsom
783 334 66 21 sädan
866 335 110 28 inbjudits.

269 402 13 29 8
298 404 13 20 2
327 402 126 28 godkändes
470 401 134 22 oförändrad.

268 466 11 28 s
292 451 23 48 3.

267 534 34 21 Hr
325 533 234 29 Björkenheim:
582 532 44 22 För
641 534 42 20 min
706 534 34 20 del
756 534 37 21 ber
807 535 36 27 jag
859 534 22 21 fä
896 535 74 21 förena
986 537 45 27 mig

200 563 49 21 med
265 563 27 21 de
315 562 74 26 talare,
404 570 45 13 som
473 562 35 20 vid
525 562 120 27 gärdagens
661 562 122 22 diskussion
800 564 145 21 understödde
961 572 68 13 reser-

198 593 103 20 vationen
310 591 43 21 N:o
364 592 17 20 1.
408 590 34 21 En
458 590 50 21 ärad
525 591 71 25 talare,
613 590 34 21 Hr
662 590 134 25 Cederholm,
811 592 107 24 framhöll,
933 596 31 17 att
980 600 48 14 man

197 621 7 21 i
223 620 155 28 Lagutskottet
399 619 56 21 helst
470 619 68 21 skulle
553 618 65 22 hafva
635 619 100 21 undvikit
750 623 31 17 att
797 621 5 19 i
818 620 71 21 denna
905 620 35 28 lag
955 622 74 27 intaga

199 649 66 27 nägra
291 648 161 22 bestämmelser
470 648 89 20 rörande
582 648 265 28 anmälningsskyldighet,
862 649 39 21 och
918 650 111 28 samtidigt

198 677 101 21 framhöll
316 677 49 26 han,
381 676 101 21 hurusom
498 676 153 28 Lagutskottet
666 677 81 27 antagit
763 684 24 14 en
801 678 66 20 sädan
879 678 150 21 bestämmelse

198 707 5 20 i
222 706 59 21 detta
305 705 109 26 afseende,
438 712 44 14 som
504 706 39 26 gör
566 704 129 28 stadgandet
718 713 33 13 om
771 706 259 28 anmälningsskyldighet

197 735 32 21 till
247 735 24 21 sä
293 734 54 28 godt
363 741 45 13 som
432 734 158 27 betydelselöst.
620 733 42 28 Jag
678 734 67 21 mäste
769 734 98 26 erkänna,
883 738 31 18 att
929 736 35 27 jag
979 736 49 21 icke

196 765 44 20 rätt
257 762 80 22 förstär
353 762 121 21 ändamälet
490 762 46 20 med
553 762 115 21 stiftandet
683 762 23 21 af
722 763 63 27 lagar,
795 762 85 22 hvilkas
894 763 135 22 bestämmel-

196 800 36 14 ser
256 792 109 21 betraktas
388 791 71 21 såsom
483 790 164 28 betydelselösa.
677 790 33 22 En
733 799 68 13 annan
825 792 52 21 ärad
899 792 73 26 talare,
994 792 36 22 Hr

197 820 132 25 Schauman,
353 819 104 26 framhöll,
480 822 32 18 att
530 819 41 21 han
595 818 207 29 öfverhufvudtaget
825 820 48 21 icke
897 821 39 21 alls
959 821 69 21 skulle

196 849 69 21 önska
283 848 71 28 någon
378 848 34 28 lag
428 848 111 28 angående
555 848 106 20 allmänna
677 848 196 27 sammankomster,
888 852 51 18 utan
956 850 72 20 kunde

197 886 51 13 vara
265 878 50 20 fullt
338 876 92 22 tillfreds
447 876 48 21 med
519 876 40 21 den
576 876 35 28 lag
626 876 110 28 angående
749 877 116 28 yttrande-,
881 878 147 28 församlings-

197 906 41 22 och
256 905 185 28 föreningsfrihet,
456 912 45 14 som
527 912 49 21 nyss
593 905 129 22 tillkommit.
751 906 40 28 Jag
807 905 67 22 måste
890 907 138 27 naturligtvis

196 939 41 23 tro,
254 939 31 17 att
301 934 34 21 Hr
347 934 119 21 Schauman
482 934 38 20 har
536 934 69 20 denna
621 934 62 27 åsigt,
699 934 40 21 och
754 935 34 27 jag
803 939 37 16 vet
855 935 28 27 ju,
899 938 31 18 att
945 936 6 20 i
968 935 60 21 detta

197 964 50 21 land
259 964 68 20 finnes
339 970 25 14 en
376 962 34 21 hel
421 962 43 29 hop
480 970 107 20 personer,
598 970 45 14 som
660 962 65 22 hafva
736 970 78 14 samma
831 963 62 28 åsigt.
917 964 111 21 Otvifvel-

196 993 70 27 aktigt
280 994 23 19 är
318 992 29 28 ju,
362 995 32 17 att
409 991 145 21 anarkisterna
565 992 6 20 i
583 991 48 21 vårt
647 991 49 21 land
714 992 67 20 skulle
797 999 50 14 vara
863 996 55 17 mest
933 992 94 22 tillfreds

196 1021 89 21 dermed
297 1020 41 22 och
349 1019 105 22 måhända
470 1020 70 23 äfven.
551 1019 65 21 andra
633 1021 156 25 associationer,
805 1028 44 14 som
866 1020 33 22 stä
915 1020 47 22 dem
979 1023 49 19 när-

195 1054 62 17 mast.
290 1049 51 21 Men
358 1048 37 22 det
418 1050 22 19 är
456 1048 33 21 väl
507 1048 48 22 icke
570 1048 38 21 vår
624 1048 87 28 uppgift
726 1052 32 18 att
773 1049 35 21 vid
825 1049 114 22 stiftandet
954 1050 23 20 af
992 1050 36 28 lag

196 1080 56 20 rätta
275 1086 36 13 oss
335 1077 55 21 efter
412 1077 62 21 dessa
498 1077 151 27 medborgares
665 1077 135 28 önskningar.
831 1078 44 20 Det
893 1079 24 19 är
933 1078 33 21 väl
988 1078 40 21 vår

196 1107 88 29 uppgift
307 1110 32 17 att
355 1106 76 21 främst
454 1106 53 21 söka
530 1106 115 27 tillgodose
668 1106 26 20 de
719 1106 130 28 önskningar
872 1106 40 22 och
928 1107 100 28 anspråk,

196 1144 45 13 som
257 1136 64 28 hysas
338 1135 23 21 af
373 1135 133 28 majoriteten
518 1134 23 21 af
552 1134 139 28 medborgare
704 1136 5 20 i
721 1135 47 21 vårt
783 1135 56 27 land,
855 1135 41 21 och
910 1136 36 27 jag
961 1136 67 27 vågar

196 1166 58 20 ännu
271 1168 32 17 tro
321 1167 31 17 att
375 1164 133 27 majoriteten
525 1163 22 21 af
562 1163 68 21 finska
646 1163 138 29 medborgare
800 1164 79 21 önskar
894 1164 80 21 sådana
990 1165 37 20 be-

196 1193 135 21 stämmelser
347 1192 111 28 angående
474 1192 106 21 allmänna
594 1192 191 21 sammankomster
795 1192 41 22 och
848 1192 61 22 deras
920 1192 107 28 hållande,

196 1230 46 13 som
260 1224 51 26 göra
328 1221 36 21 det
380 1220 107 29 praktiskt
502 1221 82 27 möjligt
599 1220 35 21 för
649 1220 174 29 myndigheterna
840 1224 31 18 att
886 1222 62 20 öfver
963 1221 63 21 dessa

194 1250 196 22 sammankomster
413 1250 76 20 utöfva
506 1250 39 20 den
563 1249 100 26 kontroll,
679 1253 51 17 utan
746 1250 87 21 hvilken
849 1250 178 28 myndigheterna

196 1280 49 21 icke
263 1280 71 20 kunna
359 1278 52 28 fylla
426 1279 32 20 sin
481 1278 87 28 uppgift
591 1281 30 18 att
637 1286 62 13 svara
722 1278 33 21 för
771 1278 91 28 ordning
885 1278 40 22 och
948 1279 77 21 allmän

197 1308 106 22 säkerhet.
333 1307 53 21 Man
403 1307 72 21 ställer
491 1307 27 27 på
533 1306 177 29 myndigheterna
725 1308 58 20 detta
805 1307 93 29 anspråk
911 1320 28 2 —
955 1308 71 20 dertill

196 1338 24 20 är
236 1345 47 13 man
301 1337 21 27 ju
339 1336 49 20 fullt
405 1335 117 29 berättigad
535 1348 25 2 —
572 1343 48 13 men
635 1343 47 13 man
698 1336 38 21 har
751 1336 27 20 då
793 1336 48 21 icke
857 1336 65 21 heller
937 1338 43 19 rätt
994 1340 33 18 att

194 1368 67 26 vägra
285 1369 31 17 att
339 1365 61 27 gifva
423 1364 176 28 myndigheterna
623 1364 48 21 stöd
695 1366 5 19 i
722 1364 79 22 sådana
824 1365 202 28 lagbestämningar,

195 1402 46 14 som
259 1396 52 26 göra
328 1393 37 21 det
380 1393 34 21 för
430 1393 47 21 dem
495 1393 106 28 praktiskt
618 1393 82 28 möjligt
716 1396 31 18 att
762 1393 91 28 fullgöra
869 1394 45 20 sina
930 1394 95 28 skyldig-

195 1423 68 21 heter.
294 1422 44 21 Det
361 1424 23 18 är
399 1422 27 28 på
450 1422 62 20 dessa
534 1421 95 28 grunder
651 1421 39 21 och
708 1422 26 28 på
754 1422 26 21 de
796 1422 53 26 skäl,
864 1430 45 13 som
926 1423 5 20 i
946 1422 39 28 går
1003 1422 23 21 af

195 1452 108 21 särskilda
319 1451 65 21 talare
408 1451 88 25 anförts,
513 1458 45 13 som
582 1451 41 27 jag,
639 1458 43 13 som
704 1450 67 28 sagdt,
787 1450 98 22 förordar
901 1451 40 21 den
958 1451 68 21 första

193 1481 167 21 reservationen.
