1086 1764
348 113 244 32 Tjenstemannafrägan.
850 115 41 21 905

62 193 37 22 vid
123 191 128 22 utöfvandet
272 190 24 21 af
311 190 62 21 dessa
388 190 89 28 ijenster
493 189 56 21 dock
565 192 108 25 presterat
689 193 31 17 ett
735 191 68 19 sämre
819 190 73 20 arbete

61 224 26 19 än
113 220 68 22 under
203 219 95 21 normala
320 218 148 21 förhällanden
490 218 23 20 af
528 217 142 21 innehafvare
687 218 23 20 af
725 217 63 21 dessa
803 218 90 28 tjenster

61 250 91 26 fordras,
168 256 27 13 nu
214 247 139 21 tillerkännas
369 246 42 28 hög
425 246 54 28 årlig
495 247 119 26 ersättning
631 246 68 21 under
715 250 30 17 ett
761 246 51 21 eller
827 250 66 18 annat

62 286 70 14 nama.
162 277 11 21 I
196 276 59 22 detta
278 275 102 21 afseende
404 275 66 21 måste
493 276 35 26 jag
548 274 86 22 således
651 274 74 22 förena
742 275 43 27 mig
800 282 34 14 om
851 275 40 21 den

62 306 67 22 andra
145 305 171 21 reservationens
339 303 115 21 uttalande.
484 303 62 21 Dock
563 303 71 21 skulle
650 304 36 27 jag
701 303 66 21 önska
783 305 52 26 göra
851 303 41 21 den

62 335 98 27 ändring,
175 337 30 18 att
220 334 36 27 jag
272 332 47 21 icke
335 332 68 21 skulle
419 332 50 28 vilja
485 333 57 26 säga,
559 331 37 21 det
612 331 68 21 sådan
692 332 126 28 tjensteman
832 332 60 21 »icke

63 364 38 21 bör
117 363 94 21 tilldelas
227 368 50 14 vare
294 362 32 26 sig
342 362 88 26 pension
448 360 51 21 eller
515 360 26 20 de
552 360 110 21 förmäner
676 368 46 13 som
733 360 66 28 enligt
810 360 83 21 förord-

63 394 78 26 ningen
158 391 22 21 af
195 390 41 21 den
249 391 12 20 3
274 389 102 21 Februari
389 390 54 20 1868
454 389 118 21 tillkomma
583 388 57 25 dem,
651 388 84 21 hvilkas
748 388 146 29 befattningar

62 421 120 26 indragas»,
204 422 50 18 utan
276 418 69 21 skulle
368 418 73 25 önska,
464 420 31 18 att
518 417 58 21 detta
600 417 70 21 skulle
694 417 103 21 stiliseras
817 417 29 26 sä,
862 420 31 18 att

63 449 120 21 Ständerna
206 447 72 27 uttala,
295 449 31 19 att
349 446 62 21 dessa
427 447 126 27 tjenstemän
569 446 46 20 icke
631 448 39 19 äro
688 446 131 27 berättigade
843 454 50 13 vare

65 479 32 27 sig
113 478 32 20 till
169 477 88 27 pension
274 475 52 21 eller
340 474 107 21 förmåner
462 482 19 14 o.
497 482 15 13 s.
528 482 26 18 v.,
569 474 41 21 och
627 474 70 21 likaså
712 482 63 21 synes
791 474 36 21 det
844 476 49 26 mig,

63 511 32 17 att
111 514 25 13 en
152 512 69 15 annan
238 504 91 27 ändring
344 503 22 22 af
381 510 80 14 samma
477 503 56 21 kläm
549 504 23 20 är
588 503 23 21 af
627 503 78 22 nöden.
728 503 46 21 Här
789 505 62 26 säges
863 506 31 18 att

65 535 63 21 dessa
144 535 126 28 tjenstemän
287 533 48 20 icke
352 532 50 21 böra
419 531 115 28 berättigas
550 532 31 20 till
598 533 92 26 pension
707 532 50 21 eller
769 532 32 21 till
813 532 26 21 de
850 532 44 21 för-

64 564 74 21 mäner
153 571 18 13 o.
187 570 16 13 s.
219 570 20 13 v.
268 562 45 20 Det
328 568 63 21 synes
407 561 55 20 dock
479 568 50 13 vara
546 560 108 28 sjelffallet
670 563 32 18 att
717 560 26 21 de
759 561 68 20 måste
843 568 52 14 vara

67 591 132 28 berättigade
223 591 31 20 till
278 590 42 21 den
344 590 88 27 pension
455 589 26 21 de
505 590 55 19 varit
575 589 136 28 berättigade
725 589 40 27 till,
780 589 71 21 derest
867 589 27 21 de

65 621 106 28 qvarstått
194 621 5 20 i
224 619 26 21 de
271 619 146 26 befattningar
433 617 26 22 de
475 618 91 27 tidigare
583 617 105 22 innehaft.
719 617 41 28 Jag
775 621 61 24 tager
852 619 43 26 mig

65 649 84 22 således
165 649 92 20 friheten
274 647 86 26 föreslå,
375 650 32 17 att
422 646 69 21 denna
509 647 54 20 kläm
579 646 68 21 måtte
664 646 22 21 få
697 646 93 28 följande
802 646 92 28 lydelse:

67 681 44 18 »att
135 678 26 21 de
184 677 106 27 olagligen
314 675 116 21 utnämnde
454 676 177 27 tjenstemännen,
654 682 45 14 som
716 676 7 20 i
742 675 115 28 anledning
873 675 22 21 af

65 707 42 21 den
124 706 23 21 af
162 705 120 22 Ständerna
298 707 93 24 antagna
408 703 155 28 författningen
581 703 85 21 komme
682 706 32 18 att
729 703 50 28 afgå
789 703 48 22 från
848 705 47 20 sina

66 736 85 28 platser,
167 735 46 20 icke
229 736 36 19 äro
282 732 139 27 berättigade,
436 740 50 13 vare
503 733 32 26 sig
547 732 31 21 till
590 732 68 21 sådan
670 733 96 27 pension,
777 740 44 13 som
834 732 57 21 med-

66 765 63 27 följer
152 764 60 20 deras
236 770 28 13 nu
280 761 158 21 innehafvande
455 761 149 27 befattningar,
622 761 52 21 eller
690 761 31 21 till
737 761 26 21 de
779 761 113 27 förmåner,

66 801 45 13 som
129 793 64 26 enligt
208 791 154 26 förordningen
379 789 22 21 af
416 790 41 20 den
474 791 12 20 3
498 789 101 21 Februari
612 790 56 21 1868
684 790 118 21 tillkomma
813 789 80 22 sådana

66 822 134 27 tjenstemän,
216 820 83 21 hvilkas
317 819 146 27 befattningar
478 818 117 27 indragas.»

137 849 62 21 Hvad
224 848 101 21 beträftar
348 847 40 21 den
412 847 95 28 följande
532 847 112 26 klämmen,
668 847 23 20 så
713 855 63 19 synes
792 847 35 21 det
844 848 49 27 mig,

67 879 76 20 liksom
160 878 36 21 det
210 877 38 21 har
263 880 60 24 synts
339 880 143 21 reservanten,
498 875 96 28 omöjligt
604 875 42 22 och
657 876 122 27 onaturligt,
789 879 32 17 att
831 876 63 21 Stän-

67 907 66 21 derna
149 906 66 21 skulle
231 905 67 21 uttala
315 905 33 26 sig
364 905 6 20 i
386 911 25 14 en
427 904 67 21 sådan
511 904 100 28 riktning,
627 907 32 18 att
675 904 118 21 Ständerna
806 904 87 21 dermed

67 936 70 22 skulle
153 935 85 21 afskära
254 933 137 29 möjligheten
407 933 35 20 för
457 933 27 20 de
499 933 135 27 tjenstemän,
650 933 73 20 hvilka
739 933 106 28 olagligen
862 933 33 20 af-

67 968 61 21 satts,
150 964 46 21 från
221 967 31 17 att
274 962 53 21 söka
350 962 41 20 den
415 963 124 26 ersättning,
554 969 45 13 som
624 963 48 20 dem
695 962 141 27 ovilkorligen
852 962 43 21 till-

68 994 95 20 kommer
179 992 39 21 och
234 990 81 29 hvarpå
332 990 26 22 de
374 990 56 28 förty
448 990 66 21 måste
527 991 70 20 kunna
608 992 52 26 göra
672 990 97 28 anspråk.
785 990 32 21 På
827 990 67 22 sådan

67 1022 71 28 grund
153 1021 93 21 anhåller
261 1021 35 27 jag
312 1022 31 18 att
359 1019 23 21 få
392 1019 75 21 förena
479 1020 42 26 mig
532 1026 33 14 om
577 1022 150 18 reservantens
738 1019 80 28 förslag
829 1019 65 21 äfven

68 1052 6 20 i
91 1052 58 20 detta
165 1049 107 22 afseende.

139 1107 33 21 Hr
186 1106 68 22 Adolf
270 1105 152 21 Aminoff:
447 1104 33 21 Då
497 1106 35 26 jag
547 1104 73 21 tillåtit
636 1105 43 27 mig
695 1108 31 18 att
737 1106 5 20 i
753 1105 143 21 förevarande

70 1136 61 28 fråga
147 1136 83 20 anhålla
246 1142 33 14 om
296 1134 67 23 ordet,
379 1134 24 20 så
417 1134 38 20 har
467 1133 36 21 det
519 1134 57 20 skett
586 1133 106 21 måhända
704 1133 75 21 främst
791 1133 27 29 på
827 1133 68 28 grund

72 1166 23 20 af
110 1163 188 28 inledningsorden
315 1163 6 20 i
338 1162 41 21 den
396 1162 68 28 fjerde
480 1162 165 21 reservationen.
666 1162 34 21 De
716 1170 63 20 synas
794 1163 43 27 mig
847 1170 50 20 syn-

71 1194 95 28 nerligen
182 1192 107 28 märkliga.
319 1191 148 21 Reservanten
483 1192 71 26 säger:
572 1190 87 28 »Lifligt
675 1191 127 28 öfvertygad
819 1198 33 13 om
867 1194 32 18 att

73 1223 36 21 det
124 1224 6 19 i
147 1222 40 20 den
204 1221 48 21 nåd.
268 1228 60 20 prop.
343 1219 106 28 ingående
465 1220 40 21 och
521 1219 23 21 af
561 1219 112 21 Utskottet
688 1219 115 21 förordade
819 1220 80 27 lagför-

71 1252 75 27 slaget,
169 1258 43 14 som
237 1250 71 28 bryter
331 1253 44 16 mot
397 1248 70 21 andan
491 1249 5 20 i
514 1248 47 20 vårt
576 1248 62 21 lands
654 1248 129 28 grundlagar
798 1248 40 21 och
854 1251 45 18 mot

72 1280 62 21 deras
157 1279 80 28 tydliga
260 1277 140 28 stadganden,
417 1277 54 21 skall
494 1277 68 21 rubba
578 1276 47 21 vårt
642 1277 56 21 folks
714 1277 65 21 redan
796 1284 27 14 nu
841 1277 58 21 svik-

71 1308 66 21 tande
153 1307 122 21 förtroende
292 1306 31 21 till
341 1306 73 28 lagens
437 1305 146 29 förpligtande
599 1305 58 21 kraft
673 1306 40 20 och
729 1306 89 20 sålunda
834 1306 65 20 fram-

72 1337 56 21 kalla
152 1336 136 27 oberäknelig
307 1335 76 27 olycka
400 1336 5 19 i
422 1334 47 21 vårt
485 1334 144 27 samhälleliga
646 1334 40 21 och
702 1334 97 28 statsliga
814 1334 31 26 lif,
862 1334 37 21 ber

71 1366 36 28 jag
130 1366 155 20 vördsammast
308 1367 31 17 att
359 1363 21 21 få
396 1362 113 22 framhålla
525 1362 113 28 följande.>
670 1363 147 21 Reservanten
833 1363 66 21 fram-

72 1394 73 26 häller,
160 1394 52 21 huru
229 1392 103 29 olyckligt
348 1395 31 18 ett
394 1392 77 21 sådant
487 1391 117 28 lagförslag
620 1391 69 22 skulle
700 1399 56 14 vara.
780 1391 51 22 Han
843 1391 57 22 före-

73 1423 42 22 slår
131 1423 24 21 så
178 1427 30 16 att
230 1424 56 25 säga,
302 1424 32 18 att
350 1421 36 21 det
401 1420 66 21 måtte
484 1421 72 27 läggas
572 1420 27 21 ad
616 1423 53 18 acta.
698 1420 39 21 Ett
752 1420 77 21 sådant
844 1424 55 17 utta-

72 1452 64 21 lande
151 1451 109 21 förefaller
275 1451 42 26 mig
333 1449 117 22 emellertid
467 1449 88 21 alldeles
572 1449 134 28 obegripligt.
736 1449 89 21 Folkets
841 1449 58 21 svik-

72 1481 65 21 tande
161 1479 121 22 förtroende
305 1478 32 21 till
361 1478 73 28 lagens
455 1477 146 29 förpligtande
618 1478 57 20 kraft
690 1478 69 21 skulle
775 1478 66 27 enligt
857 1478 43 20 min

72 1513 33 18 tro
122 1509 105 21 definitivt
242 1507 85 26 rubbas,
336 1514 34 14 om
380 1514 27 13 nu
417 1506 165 29 ifrågavarande
592 1506 35 28 lag
634 1506 48 21 icke
693 1506 84 21 komme
788 1507 32 20 till
831 1505 70 28 stånd,
