1081 1756
402 95 161 32 Näringslagen.
861 96 42 21 583

72 174 52 28 göra
147 172 36 20 det
206 170 24 22 så
254 169 61 22 svårt
333 176 44 14 som
394 169 83 28 möjligt
491 168 34 22 för
541 168 165 22 vederbörande
721 169 183 29 polismyndighet

73 204 31 19 att
120 200 96 21 försäkra
232 200 34 26 sig
282 205 34 14 om
333 198 62 20 deras
411 204 106 22 personer,
533 198 18 28 ej
567 197 86 21 mindre
669 199 27 19 än
713 201 31 18 att
759 198 52 28 eljes
822 198 23 21 få
855 198 48 21 dem

72 229 98 28 lagförda
185 228 35 21 för
235 226 57 22 hvad
308 226 27 21 de
350 227 56 27 gjort
421 226 32 27 sig
468 226 99 28 skyldiga
581 226 42 27 till,
634 226 25 21 så
674 226 112 21 förefaller
801 226 36 22 det
853 227 50 27 mig,

72 260 64 25 säger
150 258 40 27 jag,
206 254 117 30 påkalladt,
334 258 31 17 att
379 254 212 28 gårdfarihandlaren
608 255 6 20 i
632 254 81 21 sådana
728 254 38 22 fall
787 255 68 21 skulle
871 254 33 22 åt-

73 287 106 21 minstone
201 284 102 21 förverka
326 283 41 21 den
391 282 107 28 rättighet,
519 290 46 14 som
588 282 81 22 honom
692 282 92 28 tidigare
803 283 100 29 beviljats

72 314 57 22 efter
151 314 37 20 det
209 314 133 25 guvernören
358 312 85 27 pröfvat
459 311 77 21 honom
553 311 71 21 såsom
641 312 112 27 oförvitlig
768 312 87 28 lämplig
871 314 32 19 att

73 345 84 20 komma
177 344 6 19 i
206 340 127 29 åtnjutande
356 340 22 21 af
399 340 70 20 denna
484 341 48 20 rätt.
563 340 67 21 Detta
647 340 119 28 stadgande
782 340 69 21 skulle
866 341 37 27 jag

73 372 57 28 förty
147 378 50 14 anse
213 370 52 20 böra
280 368 93 29 qvarstå.

143 428 33 21 Hr
198 427 123 21 Fraser:
344 426 41 27 Jag
408 433 37 13 var
467 433 24 13 en
514 426 23 20 af
558 426 55 23 dem,
630 433 45 14 som
692 427 7 20 i
714 426 39 27 går
768 426 85 21 röstade
869 426 35 21 för

74 457 155 27 bordläggning
251 455 24 20 af
291 454 145 21 betänkandet
458 454 33 21 till
506 453 42 22 den
567 455 34 25 26,
617 454 90 21 hvarför
721 455 36 27 jag
773 454 66 21 också
854 454 49 21 icke

73 486 50 21 kom
140 488 30 17 att
184 487 57 25 yttra
258 483 43 27 mig
318 483 4 20 i
339 482 41 21 den
397 483 105 20 allmänna
517 482 160 21 diskussionen.
699 482 42 28 Jag
753 483 37 21 ber
801 483 28 20 då
839 486 32 17 att
881 482 23 22 få

73 515 6 20 i
89 514 43 27 dag
147 515 51 26 säga
213 512 37 21 det
265 512 35 27 jag
317 511 50 21 ville
383 513 50 25 säga
444 512 6 20 i
461 511 43 28 går.
535 511 226 22 Ekonomiutskottets
777 512 111 21 motiverin

72 544 35 20 för
129 541 141 28 frigifvandet
292 540 24 21 af
331 539 186 28 gärdfarihandeln
534 547 63 14 anser
611 540 37 28 jag
663 547 52 14 vara
730 540 131 28 fullkomligt
876 519 28 49 pä

73 573 34 20 sin
124 571 60 28 plats.
214 570 43 21 Om
274 569 67 20 ocksä
356 569 123 20 densamma
495 576 24 13 ur
534 568 129 21 merkantila
679 569 133 28 synpunkter
824 570 23 19 är
858 576 46 13 um-

74 600 74 27 bärlig,
169 599 24 20 sä
208 598 39 21 har
269 598 42 20 den
327 597 56 21 dock
406 597 81 28 ganska
509 597 65 28 djupa
597 597 117 21 historiska
730 599 67 19 rötter
812 597 41 22 och
870 598 34 27 jag

74 635 64 14 anser
160 627 72 21 derför
255 629 31 18 att
309 625 70 22 denna
401 625 78 21 handel
495 625 47 22 icke
559 625 38 21 bör
613 626 158 28 omöjliggöras.
801 625 52 22 Med
867 605 37 42 Hr

74 657 94 27 Ramsay
191 657 23 20 är
229 656 35 27 jag
284 662 52 13 ense
351 661 41 20 om,
408 657 31 18 att
454 654 47 21 icke
517 654 66 21 heller
598 654 67 28 några
681 656 87 26 gränser
784 654 51 21 böra
849 662 56 20 upp-

73 685 75 22 ställas
171 685 34 20 för
228 683 131 26 densamma,
374 690 50 14 vare
447 683 33 27 sig
502 683 137 27 länegränser
655 683 52 21 eller
722 683 71 21 andra.
824 683 41 28 Jag
881 685 24 19 är

74 713 111 28 angående
200 713 69 21 finska
284 711 134 28 infödingars
434 711 93 21 idkande
543 711 22 21 af
579 711 176 28 gårdfarihandel
772 711 131 28 fullkomligt

74 742 168 26 frihandelsvän,
259 748 47 13 men
331 741 34 26 jag
383 747 35 14 ser
433 740 48 21 med
497 740 94 28 motvilja
607 741 32 20 uti
655 747 76 14 senare
746 740 106 21 klämmen
868 741 7 20 i
890 741 13 26 $

75 772 27 21 10
118 771 13 21 &
142 771 38 21 sid.
191 771 23 20 31
224 777 26 14 en
268 769 149 21 bestämmelse
433 772 31 17 att
480 768 47 21 med
543 769 140 27 iakttagande
699 769 24 20 af
737 769 56 20 hvad
810 769 6 20 i
832 769 71 21 denna

75 799 100 29 paragraf
197 801 61 25 säges
281 797 35 21 mä
338 797 96 22 tillstånd
457 797 32 21 till
512 797 94 21 idkande
631 797 22 21 af
671 797 174 28 gärdfarihandel
862 797 41 22 ock

75 828 109 21 meddelas
206 827 48 27 den,
270 834 46 13 som
340 826 47 21 icke
404 828 23 19 är
448 826 54 21 finsk
526 826 146 27 medborgare.
703 825 65 22 Hvad
792 826 59 21 detta
867 826 37 21 be-

75 857 79 26 träffar,
166 857 36 20 ber
211 857 35 27 jag
257 855 35 21 för
303 855 43 20 min
359 855 122 28 personliga
493 854 34 21 del
543 854 28 29 pä
586 854 37 21 det
638 854 145 22 bestämdaste
799 855 23 20 fä
837 862 67 21 oppo-

75 893 52 14 nera
143 886 49 27 mig.
222 884 34 21 En
273 883 54 22 finsk
344 891 47 13 man
408 885 23 19 är
446 883 144 21 underkastad
606 883 55 21 finsk
677 883 35 28 lag
727 883 40 21 och
784 883 41 21 kan
839 883 64 21 äfven

76 914 69 21 under
160 914 47 21 icke
223 913 49 21 fullt
288 912 95 21 normala
398 911 148 22 förhällanden
563 912 73 21 ställas
647 912 33 21 till
692 919 77 14 ansvar
780 912 57 21 inför
849 911 55 22 finsk

75 943 93 21 domstol
191 941 41 22 och
248 941 82 27 nödgas
354 940 49 28 lyda
418 941 54 20 finsk
493 940 130 28 myndighet.
655 940 65 21 Detta
740 942 23 19 är
779 941 48 20 icke
843 940 61 21 fallet

76 971 48 21 med
140 970 66 22 andra
228 972 27 19 än
271 969 68 21 finska
362 968 145 28 medborgare,
523 969 168 27 enkannerligen
708 969 47 21 icke
770 968 49 22 med
835 968 70 29 ryska.

74 1000 44 27 Jag
133 1001 23 19 är
172 1006 49 14 ense
237 998 48 21 med
301 998 35 20 Hr
351 997 88 26 Munck,
456 997 63 21 hvars
535 997 110 21 uttalande
661 997 72 28 gifver
748 998 43 27 mig
804 1004 26 14 en
841 997 64 21 osökt

76 1028 117 28 anledning
215 1030 31 18 att
262 1026 91 22 relatera
374 1026 35 20 för
423 1026 37 21 det
476 1026 122 27 Höglofliga
614 1025 93 22 Ständet
723 1033 26 14 en
765 1033 69 14 annan
852 1026 52 20 liten

76 1056 76 29 episod
175 1056 46 21 frän
238 1056 27 20 de
288 1054 121 28 förgängna
424 1054 57 21 ären.
510 1054 74 28 Ryska
600 1054 147 28 medbergare,
762 1056 64 26 ryska
841 1054 65 28 gärd-

76 1084 166 23 farihandlande
265 1084 37 21 vill
317 1084 37 28 jag
377 1083 48 21 icke
440 1090 23 14 se
479 1084 5 20 i
501 1083 48 21 värt
564 1083 56 21 land.
650 1083 50 21 Och
715 1084 36 28 jag
765 1083 38 21 vill
819 1083 47 21 icke
882 1090 23 14 se

78 1114 48 21 dem
142 1114 23 21 af
181 1121 25 14 en
230 1112 86 29 mycket
339 1113 69 27 vigtig
423 1112 70 20 orsak.
523 1112 54 21 1901
594 1112 6 20 i
615 1111 44 22 Juli
675 1112 76 20 mänad
769 1112 44 21 blef
827 1112 35 27 jag
879 1111 27 29 pä

77 1151 26 13 en
120 1143 42 27 hög
186 1142 54 21 finsk
256 1141 144 21 embetsmans
424 1140 123 28 upprepade
562 1140 104 28 inbjudan
681 1141 6 20 i
703 1140 85 21 tillfälle
803 1143 32 18 att
850 1148 56 13 sam-

80 1172 43 20 tala
147 1171 47 21 med
210 1170 78 22 honom
311 1169 69 21 under
395 1169 74 28 loppet
490 1169 23 21 af
533 1168 117 22 halfannan
673 1170 78 20 timme.
781 1168 44 22 Det
847 1169 60 21 vari

79 1201 75 27 början
171 1200 22 20 af
208 1199 50 26 Juli,
274 1198 40 22 och
337 1198 35 28 jag
387 1201 44 17 tror
451 1197 69 28 nägon
537 1198 42 27 dag
594 1204 75 15 senare
685 1198 52 21 eller
751 1197 71 29 nägon
838 1197 69 21 vecka

77 1236 76 14 senare
176 1226 126 24 emanerade
326 1226 62 28 lagen
411 1234 35 13 om
468 1226 196 28 gärdfarihandeln.
693 1226 81 21 Mellan
794 1226 42 21 den
851 1226 56 27 höga

77 1258 176 21 embetsmannen
270 1255 39 21 och
326 1256 44 27 mig
385 1255 92 28 uppstod
494 1262 26 14 en
536 1255 52 27 liflig
603 1254 124 22 diskussion
743 1255 41 21 och
799 1262 27 14 en
842 1255 65 28 skarp

78 1286 164 28 replikvexling.
270 1284 42 28 Jag
330 1284 94 21 kommer
440 1283 88 21 alldeles
544 1283 49 21 med
610 1283 83 21 visshet
707 1283 50 28 ihåg
773 1283 26 21 de
815 1283 38 21 ord
864 1283 42 21 han

77 1315 92 28 yttrade,
186 1314 66 21 sedan
274 1312 42 22 han
333 1313 57 20 visat
413 1313 43 27 mig
471 1312 27 20 de
521 1312 124 26 dokument,
667 1320 46 13 som
737 1312 68 21 skulle
827 1312 28 28 gä
874 1312 33 21 till

79 1343 106 21 riksrådet
207 1342 35 21 för
257 1345 31 17 att
310 1341 95 21 skrifvas
429 1340 68 22 under
517 1340 41 22 och
573 1348 45 14 som
634 1340 63 28 gälde
719 1341 64 27 ryska
802 1340 106 28 gärdfari-

79 1372 127 21 handlande.
236 1370 50 22 Han
309 1369 83 21 tillade:
417 1369 40 21 Ser
471 1369 36 26 Ni,
523 1370 41 20 min
581 1370 48 25 vän,
644 1369 70 21 denna
730 1370 34 27 lag
780 1369 66 21 mäste
863 1372 44 18 eta-

80 1401 76 26 bleras,
171 1400 88 21 emedan
283 1399 28 28 pä
326 1398 71 21 denna
421 1400 42 26 väg
478 1398 61 21 skola
555 1398 20 21 vi
592 1399 75 27 tränga
682 1405 35 13 oss
733 1398 61 26 fram,
809 1398 40 21 och
864 1398 43 20 till-

79 1429 48 21 lade
150 1429 48 26 han,
213 1428 48 22 icke
284 1431 51 17 utan
359 1426 122 28 förargelse,
497 1426 27 21 dä
547 1426 29 21 Ni
592 1426 17 28 ej
634 1426 57 21 velat
707 1426 48 28 böja
770 1426 64 21 Eder.
865 1426 43 21 Det

78 1457 124 29 Höglofliga
224 1456 92 22 Ständet
339 1456 41 20 kan
404 1455 35 21 väl
463 1456 62 27 gissa,
546 1455 63 24 hvem
633 1455 70 21 denna
718 1455 129 21 embetsman
864 1462 43 14 var.

79 1486 63 21 Efter
158 1493 26 14 en
199 1485 82 28 ganska
296 1484 60 21 stark
372 1484 158 27 replikvexling
545 1483 13 21 å
568 1483 105 22 hvardera
689 1483 60 22 sidan
765 1484 83 21 slutade
859 1483 48 26 han,
