<?xml version="1.0" encoding="UTF-8"?>
<alto xmlns="http://www.loc.gov/standards/alto/ns-v3#" xmlns:xlink="http://www.w3.org/1999/xlink" xmlns:xsi="http://www.w3.org/2001/XMLSchema-instance" xsi:schemaLocation="http://www.loc.gov/standards/alto/ns-v3# http://www.loc.gov/alto/v3/alto-3-0.xsd">
	<Description>
		<MeasurementUnit>pixel</MeasurementUnit>
		<sourceImageInformation>
			<fileName>/tmp/tess_b17wxl85_input.PNG</fileName>
		</sourceImageInformation>
		<OCRProcessing ID="OCR_0">
			<ocrProcessingStep>
				<processingSoftware>
					<softwareName>tesseract 5.3.4</softwareName>
				</processingSoftware>
			</ocrProcessingStep>
		</OCRProcessing>
	</Description>
	<Layout>
		<Page WIDTH="1086" HEIGHT="1761" PHYSICAL_IMG_NR="0" ID="page_0">
			<PrintSpace HPOS="0" VPOS="0" WIDTH="1086" HEIGHT="1761">
				<ComposedBlock ID="cblock_0" HPOS="183" VPOS="123" WIDTH="552" HEIGHT="22">
					<TextBlock ID="block_0" HPOS="183" VPOS="123" WIDTH="552" HEIGHT="22">
						<TextLine ID="line_0" HPOS="183" VPOS="123" WIDTH="552" HEIGHT="22">
							<String ID="string_0" HPOS="183" VPOS="123" WIDTH="42" HEIGHT="22" WC="0.96" CONTENT="502"/><SP WIDTH="228" VPOS="123" HPOS="225"/>
							<String ID="string_1" HPOS="453" VPOS="128" WIDTH="24" HEIGHT="16" WC="0.96" CONTENT="R."/><SP WIDTH="14" VPOS="128" HPOS="477"/>
							<String ID="string_2" HPOS="491" VPOS="132" WIDTH="17" HEIGHT="12" WC="0.95" CONTENT="o."/><SP WIDTH="13" VPOS="132" HPOS="508"/>
							<String ID="string_3" HPOS="521" VPOS="128" WIDTH="24" HEIGHT="16" WC="0.95" CONTENT="A."/><SP WIDTH="13" VPOS="128" HPOS="545"/>
							<String ID="string_4" HPOS="558" VPOS="127" WIDTH="60" HEIGHT="17" WC="0.95" CONTENT="1906."/><SP WIDTH="25" VPOS="127" HPOS="618"/>
							<String ID="string_5" HPOS="643" VPOS="127" WIDTH="23" HEIGHT="17" WC="0.86" CONTENT="12"/><SP WIDTH="12" VPOS="127" HPOS="666"/>
							<String ID="string_6" HPOS="678" VPOS="127" WIDTH="57" HEIGHT="17" WC="0.96" CONTENT="Juni."/>
						</TextLine>
					</TextBlock>
				</ComposedBlock>
				<GraphicalElement ID="cblock_1" HPOS="182" VPOS="157" WIDTH="832" HEIGHT="3"></GraphicalElement >
				<GraphicalElement ID="cblock_2" HPOS="386" VPOS="156" WIDTH="628" HEIGHT="4"></GraphicalElement >
				<ComposedBlock ID="cblock_3" HPOS="181" VPOS="195" WIDTH="833" HEIGHT="1344">
					<TextBlock ID="block_1" HPOS="181" VPOS="195" WIDTH="833" HEIGHT="712">
						<TextLine ID="line_1" HPOS="253" VPOS="195" WIDTH="761" HEIGHT="29">
							<String ID="string_7" HPOS="253" VPOS="197" WIDTH="45" HEIGHT="21" WC="0.92" CONTENT="För"/><SP WIDTH="15" VPOS="197" HPOS="298"/>
							<String ID="string_8" HPOS="313" VPOS="196" WIDTH="66" HEIGHT="27" WC="0.92" CONTENT="öfrigt"/><SP WIDTH="21" VPOS="196" HPOS="379"/>
							<String ID="string_9" HPOS="400" VPOS="195" WIDTH="36" HEIGHT="22" WC="0.96" CONTENT="vill"/><SP WIDTH="15" VPOS="195" HPOS="436"/>
							<String ID="string_10" HPOS="451" VPOS="196" WIDTH="41" HEIGHT="27" WC="0.96" CONTENT="jag,"/><SP WIDTH="16" VPOS="196" HPOS="492"/>
							<String ID="string_11" HPOS="508" VPOS="195" WIDTH="28" HEIGHT="21" WC="0.96" CONTENT="dä"/><SP WIDTH="19" VPOS="195" HPOS="536"/>
							<String ID="string_12" HPOS="555" VPOS="196" WIDTH="35" HEIGHT="27" WC="0.96" CONTENT="jag"/><SP WIDTH="15" VPOS="196" HPOS="590"/>
							<String ID="string_13" HPOS="605" VPOS="200" WIDTH="74" HEIGHT="17" WC="0.93" CONTENT="senast"/><SP WIDTH="15" VPOS="200" HPOS="679"/>
							<String ID="string_14" HPOS="694" VPOS="195" WIDTH="94" HEIGHT="22" WC="0.92" CONTENT="uttalade"/><SP WIDTH="16" VPOS="195" HPOS="788"/>
							<String ID="string_15" HPOS="804" VPOS="197" WIDTH="44" HEIGHT="26" WC="0.93" CONTENT="mig"/><SP WIDTH="15" VPOS="197" HPOS="848"/>
							<String ID="string_16" HPOS="863" VPOS="197" WIDTH="102" HEIGHT="27" WC="0.92" CONTENT="temligen"/><SP WIDTH="16" VPOS="197" HPOS="965"/>
							<String ID="string_17" HPOS="981" VPOS="200" WIDTH="33" HEIGHT="18" WC="0.91" CONTENT="ut-"/>
						</TextLine>
						<TextLine ID="line_2" HPOS="183" VPOS="223" WIDTH="831" HEIGHT="30">
							<String ID="string_18" HPOS="183" VPOS="226" WIDTH="76" HEIGHT="27" WC="0.93" CONTENT="förligt"/><SP WIDTH="15" VPOS="226" HPOS="259"/>
							<String ID="string_19" HPOS="274" VPOS="226" WIDTH="7" HEIGHT="20" WC="0.96" CONTENT="i"/><SP WIDTH="17" VPOS="226" HPOS="281"/>
							<String ID="string_20" HPOS="298" VPOS="225" WIDTH="73" HEIGHT="24" WC="0.96" CONTENT="saken,"/><SP WIDTH="15" VPOS="225" HPOS="371"/>
							<String ID="string_21" HPOS="386" VPOS="232" WIDTH="28" HEIGHT="13" WC="0.92" CONTENT="nu"/><SP WIDTH="22" VPOS="232" HPOS="414"/>
							<String ID="string_22" HPOS="436" VPOS="227" WIDTH="94" HEIGHT="25" WC="0.82" CONTENT="upptapa"/><SP WIDTH="16" VPOS="227" HPOS="530"/>
							<String ID="string_23" HPOS="546" VPOS="224" WIDTH="77" HEIGHT="21" WC="0.93" CONTENT="endast"/><SP WIDTH="15" VPOS="224" HPOS="623"/>
							<String ID="string_24" HPOS="638" VPOS="223" WIDTH="66" HEIGHT="28" WC="0.96" CONTENT="några"/><SP WIDTH="16" VPOS="223" HPOS="704"/>
							<String ID="string_25" HPOS="720" VPOS="224" WIDTH="22" HEIGHT="21" WC="0.96" CONTENT="få"/><SP WIDTH="16" VPOS="224" HPOS="742"/>
							<String ID="string_26" HPOS="758" VPOS="225" WIDTH="92" HEIGHT="27" WC="0.96" CONTENT="punkter"/><SP WIDTH="16" VPOS="225" HPOS="850"/>
							<String ID="string_27" HPOS="866" VPOS="226" WIDTH="5" HEIGHT="20" WC="0.96" CONTENT="i"/><SP WIDTH="17" VPOS="226" HPOS="871"/>
							<String ID="string_28" HPOS="888" VPOS="225" WIDTH="26" HEIGHT="22" WC="0.93" CONTENT="de"/><SP WIDTH="15" VPOS="225" HPOS="914"/>
							<String ID="string_29" HPOS="929" VPOS="225" WIDTH="85" HEIGHT="28" WC="0.93" CONTENT="afgifna"/>
						</TextLine>
						<TextLine ID="line_3" HPOS="208" VPOS="252" WIDTH="805" HEIGHT="23">
							<String ID="string_30" HPOS="208" VPOS="254" WIDTH="112" HEIGHT="21" WC="0.86" CONTENT="trandena."/><SP WIDTH="31" VPOS="254" HPOS="320"/>
							<String ID="string_31" HPOS="351" VPOS="253" WIDTH="33" HEIGHT="21" WC="0.96" CONTENT="Hr"/><SP WIDTH="10" VPOS="253" HPOS="384"/>
							<String ID="string_32" HPOS="394" VPOS="252" WIDTH="138" HEIGHT="22" WC="0.96" CONTENT="Svinhufvud"/><SP WIDTH="17" VPOS="252" HPOS="532"/>
							<String ID="string_33" HPOS="549" VPOS="252" WIDTH="37" HEIGHT="21" WC="0.93" CONTENT="har"/><SP WIDTH="16" VPOS="252" HPOS="586"/>
							<String ID="string_34" HPOS="602" VPOS="253" WIDTH="102" HEIGHT="20" WC="0.96" CONTENT="särskildt"/><SP WIDTH="16" VPOS="253" HPOS="704"/>
							<String ID="string_35" HPOS="720" VPOS="252" WIDTH="88" HEIGHT="22" WC="0.96" CONTENT="betonat"/><SP WIDTH="16" VPOS="252" HPOS="808"/>
							<String ID="string_36" HPOS="824" VPOS="253" WIDTH="40" HEIGHT="21" WC="0.93" CONTENT="den"/><SP WIDTH="17" VPOS="253" HPOS="864"/>
							<String ID="string_37" HPOS="881" VPOS="254" WIDTH="132" HEIGHT="21" WC="0.90" CONTENT="omständig-"/>
						</TextLine>
						<TextLine ID="line_4" HPOS="200" VPOS="261" WIDTH="814" HEIGHT="48">
							<String ID="string_38" HPOS="200" VPOS="286" WIDTH="56" HEIGHT="22" WC="0.96" CONTENT="eten,"/><SP WIDTH="15" VPOS="286" HPOS="256"/>
							<String ID="string_39" HPOS="271" VPOS="285" WIDTH="33" HEIGHT="18" WC="0.96" CONTENT="att"/><SP WIDTH="22" VPOS="285" HPOS="304"/>
							<String ID="string_40" HPOS="326" VPOS="282" WIDTH="28" HEIGHT="20" WC="0.93" CONTENT="de"/><SP WIDTH="14" VPOS="282" HPOS="354"/>
							<String ID="string_41" HPOS="368" VPOS="281" WIDTH="126" HEIGHT="28" WC="0.91" CONTENT="lagstridiga"/><SP WIDTH="22" VPOS="281" HPOS="494"/>
							<String ID="string_42" HPOS="516" VPOS="281" WIDTH="105" HEIGHT="27" WC="0.92" CONTENT="ätgärder,"/><SP WIDTH="17" VPOS="281" HPOS="621"/>
							<String ID="string_43" HPOS="638" VPOS="288" WIDTH="34" HEIGHT="14" WC="0.93" CONTENT="om"/><SP WIDTH="19" VPOS="288" HPOS="672"/>
							<String ID="string_44" HPOS="691" VPOS="281" WIDTH="73" HEIGHT="21" WC="0.91" CONTENT="hvilka"/><SP WIDTH="16" VPOS="281" HPOS="764"/>
							<String ID="string_45" HPOS="780" VPOS="282" WIDTH="5" HEIGHT="20" WC="0.96" CONTENT="i"/><SP WIDTH="17" VPOS="282" HPOS="785"/>
							<String ID="string_46" HPOS="802" VPOS="281" WIDTH="60" HEIGHT="21" WC="0.97" CONTENT="detta"/><SP WIDTH="16" VPOS="281" HPOS="862"/>
							<String ID="string_47" HPOS="878" VPOS="261" WIDTH="136" HEIGHT="43" WC="0.96" CONTENT="betänkande"/>
						</TextLine>
						<TextLine ID="line_5" HPOS="182" VPOS="309" WIDTH="832" HEIGHT="50">
							<String ID="string_48" HPOS="182" VPOS="313" WIDTH="25" HEIGHT="19" WC="0.96" CONTENT="är"/><SP WIDTH="23" VPOS="313" HPOS="207"/>
							<String ID="string_49" HPOS="230" VPOS="310" WIDTH="68" HEIGHT="28" WC="0.96" CONTENT="fråga,"/><SP WIDTH="16" VPOS="310" HPOS="298"/>
							<String ID="string_50" HPOS="314" VPOS="310" WIDTH="80" HEIGHT="49" WC="0.28" CONTENT="men"/><SP WIDTH="23" VPOS="310" HPOS="394"/>
							<String ID="string_51" HPOS="417" VPOS="309" WIDTH="75" HEIGHT="21" WC="0.91" CONTENT="länkar"/><SP WIDTH="14" VPOS="309" HPOS="492"/>
							<String ID="string_52" HPOS="506" VPOS="310" WIDTH="6" HEIGHT="20" WC="0.96" CONTENT="i"/><SP WIDTH="17" VPOS="310" HPOS="512"/>
							<String ID="string_53" HPOS="529" VPOS="309" WIDTH="40" HEIGHT="21" WC="0.93" CONTENT="den"/><SP WIDTH="24" VPOS="309" HPOS="569"/>
							<String ID="string_54" HPOS="593" VPOS="309" WIDTH="83" HEIGHT="28" WC="0.93" CONTENT="politik,"/><SP WIDTH="15" VPOS="309" HPOS="676"/>
							<String ID="string_55" HPOS="691" VPOS="317" WIDTH="45" HEIGHT="13" WC="0.93" CONTENT="som"/><SP WIDTH="23" VPOS="317" HPOS="736"/>
							<String ID="string_56" HPOS="759" VPOS="310" WIDTH="46" HEIGHT="27" WC="0.92" CONTENT="gätt"/><SP WIDTH="17" VPOS="310" HPOS="805"/>
							<String ID="string_57" HPOS="822" VPOS="314" WIDTH="23" HEIGHT="17" WC="0.96" CONTENT="ut"/><SP WIDTH="19" VPOS="314" HPOS="845"/>
							<String ID="string_58" HPOS="864" VPOS="310" WIDTH="27" HEIGHT="28" WC="0.96" CONTENT="pä"/><SP WIDTH="16" VPOS="310" HPOS="891"/>
							<String ID="string_59" HPOS="907" VPOS="318" WIDTH="25" HEIGHT="13" WC="0.93" CONTENT="en"/><SP WIDTH="17" VPOS="318" HPOS="932"/>
							<String ID="string_60" HPOS="949" VPOS="314" WIDTH="65" HEIGHT="18" WC="0.91" CONTENT="stats-"/>
						</TextLine>
						<TextLine ID="line_6" HPOS="183" VPOS="338" WIDTH="830" HEIGHT="28">
							<String ID="string_61" HPOS="183" VPOS="339" WIDTH="116" HEIGHT="27" WC="0.92" CONTENT="hvälfning"/><SP WIDTH="16" VPOS="339" HPOS="299"/>
							<String ID="string_62" HPOS="315" VPOS="339" WIDTH="6" HEIGHT="20" WC="0.95" CONTENT="i"/><SP WIDTH="37" VPOS="339" HPOS="321"/>
							<String ID="string_63" HPOS="358" VPOS="338" WIDTH="76" HEIGHT="26" WC="0.95" CONTENT="Finland,"/><SP WIDTH="19" VPOS="338" HPOS="434"/>
							<String ID="string_64" HPOS="453" VPOS="338" WIDTH="41" HEIGHT="21" WC="0.96" CONTENT="och"/><SP WIDTH="15" VPOS="338" HPOS="494"/>
							<String ID="string_65" HPOS="509" VPOS="340" WIDTH="32" HEIGHT="19" WC="0.93" CONTENT="att"/><SP WIDTH="14" VPOS="340" HPOS="541"/>
							<String ID="string_66" HPOS="555" VPOS="350" WIDTH="27" HEIGHT="3" WC="0.92" CONTENT="—"/><SP WIDTH="12" VPOS="350" HPOS="582"/>
							<String ID="string_67" HPOS="594" VPOS="345" WIDTH="34" HEIGHT="13" WC="0.96" CONTENT="om"/><SP WIDTH="15" VPOS="345" HPOS="628"/>
							<String ID="string_68" HPOS="643" VPOS="338" WIDTH="36" HEIGHT="28" WC="0.93" CONTENT="jag"/><SP WIDTH="15" VPOS="338" HPOS="679"/>
							<String ID="string_69" HPOS="694" VPOS="338" WIDTH="83" HEIGHT="21" WC="0.92" CONTENT="förstod"/><SP WIDTH="17" VPOS="338" HPOS="777"/>
							<String ID="string_70" HPOS="794" VPOS="338" WIDTH="41" HEIGHT="21" WC="0.93" CONTENT="den"/><SP WIDTH="17" VPOS="338" HPOS="835"/>
							<String ID="string_71" HPOS="852" VPOS="338" WIDTH="64" HEIGHT="22" WC="0.92" CONTENT="ärade"/><SP WIDTH="15" VPOS="338" HPOS="916"/>
							<String ID="string_72" HPOS="931" VPOS="339" WIDTH="82" HEIGHT="21" WC="0.91" CONTENT="talaren"/>
						</TextLine>
						<TextLine ID="line_7" HPOS="183" VPOS="366" WIDTH="829" HEIGHT="28">
							<String ID="string_73" HPOS="183" VPOS="370" WIDTH="44" HEIGHT="19" WC="0.89" CONTENT="rätt"/><SP WIDTH="16" VPOS="370" HPOS="227"/>
							<String ID="string_74" HPOS="243" VPOS="380" WIDTH="26" HEIGHT="3" WC="0.89" CONTENT="—"/><SP WIDTH="16" VPOS="380" HPOS="269"/>
							<String ID="string_75" HPOS="285" VPOS="367" WIDTH="33" HEIGHT="21" WC="0.95" CONTENT="till"/><SP WIDTH="24" VPOS="367" HPOS="318"/>
							<String ID="string_76" HPOS="342" VPOS="366" WIDTH="52" HEIGHT="28" WC="0.93" CONTENT="följd"/><SP WIDTH="24" VPOS="366" HPOS="394"/>
							<String ID="string_77" HPOS="418" VPOS="366" WIDTH="61" HEIGHT="21" WC="0.93" CONTENT="deraf"/><SP WIDTH="22" VPOS="366" HPOS="479"/>
							<String ID="string_78" HPOS="501" VPOS="366" WIDTH="43" HEIGHT="24" WC="0.96" CONTENT="allt,"/><SP WIDTH="16" VPOS="366" HPOS="544"/>
							<String ID="string_79" HPOS="560" VPOS="374" WIDTH="45" HEIGHT="13" WC="0.96" CONTENT="som"/><SP WIDTH="17" VPOS="374" HPOS="605"/>
							<String ID="string_80" HPOS="622" VPOS="367" WIDTH="5" HEIGHT="20" WC="0.93" CONTENT="i"/><SP WIDTH="17" VPOS="367" HPOS="627"/>
							<String ID="string_81" HPOS="644" VPOS="366" WIDTH="77" HEIGHT="21" WC="0.92" CONTENT="sädant"/><SP WIDTH="21" VPOS="366" HPOS="721"/>
							<String ID="string_82" HPOS="742" VPOS="366" WIDTH="56" HEIGHT="28" WC="0.96" CONTENT="syfte"/><SP WIDTH="16" VPOS="366" HPOS="798"/>
							<String ID="string_83" HPOS="814" VPOS="367" WIDTH="38" HEIGHT="21" WC="0.96" CONTENT="har"/><SP WIDTH="14" VPOS="367" HPOS="852"/>
							<String ID="string_84" HPOS="866" VPOS="368" WIDTH="63" HEIGHT="24" WC="0.96" CONTENT="skett,"/><SP WIDTH="16" VPOS="368" HPOS="929"/>
							<String ID="string_85" HPOS="945" VPOS="367" WIDTH="67" HEIGHT="22" WC="0.96" CONTENT="borde"/>
						</TextLine>
						<TextLine ID="line_8" HPOS="184" VPOS="394" WIDTH="828" HEIGHT="29">
							<String ID="string_86" HPOS="184" VPOS="399" WIDTH="52" HEIGHT="19" WC="0.96" CONTENT="utan"/><SP WIDTH="17" VPOS="399" HPOS="236"/>
							<String ID="string_87" HPOS="253" VPOS="396" WIDTH="75" HEIGHT="21" WC="0.96" CONTENT="vidare"/><SP WIDTH="17" VPOS="396" HPOS="328"/>
							<String ID="string_88" HPOS="345" VPOS="402" WIDTH="49" HEIGHT="14" WC="0.93" CONTENT="vara"/><SP WIDTH="16" VPOS="402" HPOS="394"/>
							<String ID="string_89" HPOS="410" VPOS="395" WIDTH="91" HEIGHT="28" WC="0.90" CONTENT="ogiltigt."/><SP WIDTH="30" VPOS="395" HPOS="501"/>
							<String ID="string_90" HPOS="531" VPOS="394" WIDTH="33" HEIGHT="22" WC="0.93" CONTENT="En"/><SP WIDTH="16" VPOS="394" HPOS="564"/>
							<String ID="string_91" HPOS="580" VPOS="394" WIDTH="59" HEIGHT="28" WC="0.92" CONTENT="dylik"/><SP WIDTH="16" VPOS="394" HPOS="639"/>
							<String ID="string_92" HPOS="655" VPOS="395" WIDTH="145" HEIGHT="28" WC="0.93" CONTENT="uppfattning,"/><SP WIDTH="16" VPOS="395" HPOS="800"/>
							<String ID="string_93" HPOS="816" VPOS="395" WIDTH="20" HEIGHT="22" WC="0.93" CONTENT="d."/><SP WIDTH="14" VPOS="395" HPOS="836"/>
							<String ID="string_94" HPOS="850" VPOS="403" WIDTH="19" HEIGHT="13" WC="0.95" CONTENT="v."/><SP WIDTH="13" VPOS="403" HPOS="869"/>
							<String ID="string_95" HPOS="882" VPOS="403" WIDTH="16" HEIGHT="14" WC="0.95" CONTENT="s."/><SP WIDTH="15" VPOS="403" HPOS="898"/>
							<String ID="string_96" HPOS="913" VPOS="396" WIDTH="38" HEIGHT="21" WC="0.96" CONTENT="det"/><SP WIDTH="14" VPOS="396" HPOS="951"/>
							<String ID="string_97" HPOS="965" VPOS="396" WIDTH="47" HEIGHT="27" WC="0.96" CONTENT="slut,"/>
						</TextLine>
						<TextLine ID="line_9" HPOS="182" VPOS="423" WIDTH="831" HEIGHT="28">
							<String ID="string_98" HPOS="182" VPOS="425" WIDTH="88" HEIGHT="21" WC="0.91" CONTENT="hvartill"/><SP WIDTH="17" VPOS="425" HPOS="270"/>
							<String ID="string_99" HPOS="287" VPOS="424" WIDTH="42" HEIGHT="21" WC="0.96" CONTENT="han"/><SP WIDTH="17" VPOS="424" HPOS="329"/>
							<String ID="string_100" HPOS="346" VPOS="424" WIDTH="55" HEIGHT="25" WC="0.96" CONTENT="kom,"/><SP WIDTH="15" VPOS="424" HPOS="401"/>
							<String ID="string_101" HPOS="416" VPOS="425" WIDTH="23" HEIGHT="19" WC="0.96" CONTENT="är"/><SP WIDTH="15" VPOS="425" HPOS="439"/>
							<String ID="string_102" HPOS="454" VPOS="423" WIDTH="67" HEIGHT="28" WC="0.96" CONTENT="enligt"/><SP WIDTH="16" VPOS="423" HPOS="521"/>
							<String ID="string_103" HPOS="537" VPOS="424" WIDTH="42" HEIGHT="19" WC="0.96" CONTENT="min"/><SP WIDTH="16" VPOS="424" HPOS="579"/>
							<String ID="string_104" HPOS="595" VPOS="423" WIDTH="65" HEIGHT="20" WC="0.93" CONTENT="tanke"/><SP WIDTH="16" VPOS="423" HPOS="660"/>
							<String ID="string_105" HPOS="676" VPOS="424" WIDTH="48" HEIGHT="20" WC="0.96" CONTENT="icke"/><SP WIDTH="15" VPOS="424" HPOS="724"/>
							<String ID="string_106" HPOS="739" VPOS="424" WIDTH="84" HEIGHT="27" WC="0.96" CONTENT="riktigt;"/><SP WIDTH="17" VPOS="424" HPOS="823"/>
							<String ID="string_107" HPOS="840" VPOS="424" WIDTH="40" HEIGHT="21" WC="0.84" CONTENT="och"/><SP WIDTH="14" VPOS="424" HPOS="880"/>
							<String ID="string_108" HPOS="894" VPOS="424" WIDTH="66" HEIGHT="21" WC="0.96" CONTENT="sådan"/><SP WIDTH="14" VPOS="424" HPOS="960"/>
							<String ID="string_109" HPOS="974" VPOS="424" WIDTH="39" HEIGHT="21" WC="0.96" CONTENT="har"/>
						</TextLine>
						<TextLine ID="line_10" HPOS="183" VPOS="451" WIDTH="830" HEIGHT="30">
							<String ID="string_110" HPOS="183" VPOS="453" WIDTH="169" HEIGHT="28" WC="0.95" CONTENT="uppfattningen"/><SP WIDTH="23" VPOS="453" HPOS="352"/>
							<String ID="string_111" HPOS="375" VPOS="451" WIDTH="47" HEIGHT="22" WC="0.96" CONTENT="icke"/><SP WIDTH="23" VPOS="451" HPOS="422"/>
							<String ID="string_112" HPOS="445" VPOS="451" WIDTH="67" HEIGHT="21" WC="0.96" CONTENT="heller"/><SP WIDTH="22" VPOS="451" HPOS="512"/>
							<String ID="string_113" HPOS="534" VPOS="452" WIDTH="55" HEIGHT="20" WC="0.96" CONTENT="varit"/><SP WIDTH="15" VPOS="452" HPOS="589"/>
							<String ID="string_114" HPOS="604" VPOS="451" WIDTH="39" HEIGHT="21" WC="0.96" CONTENT="hos"/><SP WIDTH="16" VPOS="451" HPOS="643"/>
							<String ID="string_115" HPOS="659" VPOS="451" WIDTH="103" HEIGHT="22" WC="0.96" CONTENT="Finlands"/><SP WIDTH="16" VPOS="451" HPOS="762"/>
							<String ID="string_116" HPOS="778" VPOS="452" WIDTH="46" HEIGHT="21" WC="0.97" CONTENT="folk"/><SP WIDTH="16" VPOS="452" HPOS="824"/>
							<String ID="string_117" HPOS="840" VPOS="452" WIDTH="68" HEIGHT="21" WC="0.93" CONTENT="under"/><SP WIDTH="15" VPOS="452" HPOS="908"/>
							<String ID="string_118" HPOS="923" VPOS="453" WIDTH="90" HEIGHT="28" WC="0.93" CONTENT="olaglig-"/>
						</TextLine>
						<TextLine ID="line_11" HPOS="182" VPOS="480" WIDTH="830" HEIGHT="30">
							<String ID="string_119" HPOS="182" VPOS="481" WIDTH="117" HEIGHT="22" WC="0.84" CONTENT="hetstiden."/><SP WIDTH="30" VPOS="481" HPOS="299"/>
							<String ID="string_120" HPOS="329" VPOS="481" WIDTH="33" HEIGHT="20" WC="0.93" CONTENT="En"/><SP WIDTH="24" VPOS="481" HPOS="362"/>
							<String ID="string_121" HPOS="386" VPOS="480" WIDTH="73" HEIGHT="28" WC="0.96" CONTENT="åtgärd"/><SP WIDTH="24" VPOS="480" HPOS="459"/>
							<String ID="string_122" HPOS="483" VPOS="480" WIDTH="23" HEIGHT="21" WC="0.96" CONTENT="af"/><SP WIDTH="15" VPOS="480" HPOS="506"/>
							<String ID="string_123" HPOS="521" VPOS="487" WIDTH="25" HEIGHT="14" WC="0.93" CONTENT="en"/><SP WIDTH="24" VPOS="487" HPOS="546"/>
							<String ID="string_124" HPOS="570" VPOS="481" WIDTH="99" HEIGHT="27" WC="0.96" CONTENT="regering"/><SP WIDTH="22" VPOS="481" HPOS="669"/>
							<String ID="string_125" HPOS="691" VPOS="481" WIDTH="24" HEIGHT="20" WC="0.93" CONTENT="är"/><SP WIDTH="13" VPOS="481" HPOS="715"/>
							<String ID="string_126" HPOS="728" VPOS="481" WIDTH="63" HEIGHT="27" WC="0.96" CONTENT="giltig"/><SP WIDTH="23" VPOS="481" HPOS="791"/>
							<String ID="string_127" HPOS="814" VPOS="481" WIDTH="52" HEIGHT="21" WC="0.93" CONTENT="eller"/><SP WIDTH="22" VPOS="481" HPOS="866"/>
							<String ID="string_128" HPOS="888" VPOS="481" WIDTH="75" HEIGHT="28" WC="0.96" CONTENT="ogiltig"/><SP WIDTH="21" VPOS="481" HPOS="963"/>
							<String ID="string_129" HPOS="984" VPOS="481" WIDTH="28" HEIGHT="29" WC="0.97" CONTENT="pä"/>
						</TextLine>
						<TextLine ID="line_12" HPOS="182" VPOS="508" WIDTH="830" HEIGHT="30">
							<String ID="string_130" HPOS="182" VPOS="510" WIDTH="70" HEIGHT="28" WC="0.95" CONTENT="grund"/><SP WIDTH="24" VPOS="510" HPOS="252"/>
							<String ID="string_131" HPOS="276" VPOS="509" WIDTH="24" HEIGHT="22" WC="0.95" CONTENT="af"/><SP WIDTH="15" VPOS="509" HPOS="300"/>
							<String ID="string_132" HPOS="315" VPOS="509" WIDTH="49" HEIGHT="21" WC="0.95" CONTENT="dess"/><SP WIDTH="23" VPOS="509" HPOS="364"/>
							<String ID="string_133" HPOS="387" VPOS="517" WIDTH="52" HEIGHT="19" WC="0.93" CONTENT="egen"/><SP WIDTH="25" VPOS="517" HPOS="439"/>
							<String ID="string_134" HPOS="464" VPOS="508" WIDTH="154" HEIGHT="25" WC="0.83" CONTENT="beskaffenhet,"/><SP WIDTH="16" VPOS="508" HPOS="618"/>
							<String ID="string_135" HPOS="634" VPOS="509" WIDTH="48" HEIGHT="20" WC="0.96" CONTENT="icke"/><SP WIDTH="23" VPOS="509" HPOS="682"/>
							<String ID="string_136" HPOS="705" VPOS="509" WIDTH="27" HEIGHT="28" WC="0.96" CONTENT="pä"/><SP WIDTH="22" VPOS="509" HPOS="732"/>
							<String ID="string_137" HPOS="754" VPOS="509" WIDTH="69" HEIGHT="27" WC="0.94" CONTENT="grund"/><SP WIDTH="24" VPOS="509" HPOS="823"/>
							<String ID="string_138" HPOS="847" VPOS="509" WIDTH="23" HEIGHT="21" WC="0.96" CONTENT="af"/><SP WIDTH="19" VPOS="509" HPOS="870"/>
							<String ID="string_139" HPOS="889" VPOS="509" WIDTH="41" HEIGHT="21" WC="0.93" CONTENT="den"/><SP WIDTH="16" VPOS="509" HPOS="930"/>
							<String ID="string_140" HPOS="946" VPOS="510" WIDTH="66" HEIGHT="28" WC="0.91" CONTENT="afsigt"/>
						</TextLine>
						<TextLine ID="line_13" HPOS="183" VPOS="537" WIDTH="829" HEIGHT="49">
							<String ID="string_141" HPOS="183" VPOS="539" WIDTH="53" HEIGHT="21" WC="0.95" CONTENT="eller"/><SP WIDTH="16" VPOS="539" HPOS="236"/>
							<String ID="string_142" HPOS="252" VPOS="539" WIDTH="37" HEIGHT="20" WC="0.96" CONTENT="det"/><SP WIDTH="16" VPOS="539" HPOS="289"/>
							<String ID="string_143" HPOS="305" VPOS="538" WIDTH="63" HEIGHT="28" WC="0.93" CONTENT="syfte,"/><SP WIDTH="16" VPOS="538" HPOS="368"/>
							<String ID="string_144" HPOS="384" VPOS="537" WIDTH="60" HEIGHT="21" WC="0.92" CONTENT="hvari"/><SP WIDTH="16" VPOS="537" HPOS="444"/>
							<String ID="string_145" HPOS="460" VPOS="537" WIDTH="130" HEIGHT="49" WC="0.63" CONTENT="handlingen"/><SP WIDTH="17" VPOS="537" HPOS="590"/>
							<String ID="string_146" HPOS="607" VPOS="537" WIDTH="119" HEIGHT="28" WC="0.92" CONTENT="företagits."/><SP WIDTH="28" VPOS="537" HPOS="726"/>
							<String ID="string_147" HPOS="754" VPOS="538" WIDTH="40" HEIGHT="21" WC="0.93" CONTENT="Att"/><SP WIDTH="16" VPOS="538" HPOS="794"/>
							<String ID="string_148" HPOS="810" VPOS="538" WIDTH="66" HEIGHT="21" WC="0.93" CONTENT="också"/><SP WIDTH="16" VPOS="538" HPOS="876"/>
							<String ID="string_149" HPOS="892" VPOS="538" WIDTH="120" HEIGHT="21" WC="0.90" CONTENT="Ständerna"/>
						</TextLine>
						<TextLine ID="line_14" HPOS="183" VPOS="565" WIDTH="828" HEIGHT="29">
							<String ID="string_150" HPOS="183" VPOS="567" WIDTH="38" HEIGHT="21" WC="0.96" CONTENT="vid"/><SP WIDTH="16" VPOS="567" HPOS="221"/>
							<String ID="string_151" HPOS="237" VPOS="570" WIDTH="86" HEIGHT="18" WC="0.93" CONTENT="senaste"/><SP WIDTH="17" VPOS="570" HPOS="323"/>
							<String ID="string_152" HPOS="340" VPOS="565" WIDTH="102" HEIGHT="28" WC="0.92" CONTENT="landtdag"/><SP WIDTH="15" VPOS="565" HPOS="442"/>
							<String ID="string_153" HPOS="457" VPOS="565" WIDTH="63" HEIGHT="22" WC="0.96" CONTENT="stodo"/><SP WIDTH="16" VPOS="565" HPOS="520"/>
							<String ID="string_154" HPOS="536" VPOS="573" WIDTH="13" HEIGHT="21" WC="0.96" CONTENT="på"/><SP WIDTH="30" VPOS="573" HPOS="549"/>
							<String ID="string_155" HPOS="579" VPOS="565" WIDTH="70" HEIGHT="22" WC="0.97" CONTENT="denna"/><SP WIDTH="16" VPOS="565" HPOS="649"/>
							<String ID="string_156" HPOS="665" VPOS="565" WIDTH="138" HEIGHT="27" WC="0.96" CONTENT="ståndpunkt,"/><SP WIDTH="16" VPOS="565" HPOS="803"/>
							<String ID="string_157" HPOS="819" VPOS="566" WIDTH="94" HEIGHT="28" WC="0.96" CONTENT="framgår"/><SP WIDTH="18" VPOS="566" HPOS="913"/>
							<String ID="string_158" HPOS="931" VPOS="567" WIDTH="23" HEIGHT="20" WC="0.96" CONTENT="af"/><SP WIDTH="16" VPOS="567" HPOS="954"/>
							<String ID="string_159" HPOS="970" VPOS="567" WIDTH="41" HEIGHT="21" WC="0.96" CONTENT="den"/>
						</TextLine>
						<TextLine ID="line_15" HPOS="181" VPOS="593" WIDTH="828" HEIGHT="29">
							<String ID="string_160" HPOS="181" VPOS="603" WIDTH="17" HEIGHT="13" WC="0.96" CONTENT="s."/><SP WIDTH="16" VPOS="603" HPOS="198"/>
							<String ID="string_161" HPOS="214" VPOS="596" WIDTH="20" HEIGHT="20" WC="0.96" CONTENT="k."/><SP WIDTH="16" VPOS="596" HPOS="234"/>
							<String ID="string_162" HPOS="250" VPOS="599" WIDTH="58" HEIGHT="17" WC="0.93" CONTENT="stora"/><SP WIDTH="15" VPOS="599" HPOS="308"/>
							<String ID="string_163" HPOS="323" VPOS="595" WIDTH="124" HEIGHT="27" WC="0.90" CONTENT="petitionen."/><SP WIDTH="23" VPOS="595" HPOS="447"/>
							<String ID="string_164" HPOS="470" VPOS="594" WIDTH="74" HEIGHT="21" WC="0.93" CONTENT="Skulle"/><SP WIDTH="15" VPOS="594" HPOS="544"/>
							<String ID="string_165" HPOS="559" VPOS="593" WIDTH="122" HEIGHT="22" WC="0.91" CONTENT="Ständerna"/><SP WIDTH="16" VPOS="593" HPOS="681"/>
							<String ID="string_166" HPOS="697" VPOS="594" WIDTH="64" HEIGHT="21" WC="0.96" CONTENT="hafva"/><SP WIDTH="15" VPOS="594" HPOS="761"/>
							<String ID="string_167" HPOS="776" VPOS="597" WIDTH="77" HEIGHT="23" WC="0.75" CONTENT="ansett,"/><SP WIDTH="9" VPOS="597" HPOS="853"/>
							<String ID="string_168" HPOS="862" VPOS="598" WIDTH="31" HEIGHT="17" WC="0.95" CONTENT="att"/><SP WIDTH="10" VPOS="598" HPOS="893"/>
							<String ID="string_169" HPOS="903" VPOS="595" WIDTH="38" HEIGHT="21" WC="0.96" CONTENT="allt"/><SP WIDTH="11" VPOS="595" HPOS="941"/>
							<String ID="string_170" HPOS="952" VPOS="595" WIDTH="57" HEIGHT="21" WC="0.96" CONTENT="hvad"/>
						</TextLine>
						<TextLine ID="line_16" HPOS="182" VPOS="622" WIDTH="828" HEIGHT="29">
							<String ID="string_171" HPOS="182" VPOS="624" WIDTH="70" HEIGHT="21" WC="0.93" CONTENT="under"/><SP WIDTH="16" VPOS="624" HPOS="252"/>
							<String ID="string_172" HPOS="268" VPOS="622" WIDTH="186" HEIGHT="29" WC="0.91" CONTENT="olaglighetstiden"/><SP WIDTH="17" VPOS="622" HPOS="454"/>
							<String ID="string_173" HPOS="471" VPOS="623" WIDTH="59" HEIGHT="20" WC="0.96" CONTENT="skett"/><SP WIDTH="15" VPOS="623" HPOS="530"/>
							<String ID="string_174" HPOS="545" VPOS="623" WIDTH="55" HEIGHT="20" WC="0.96" CONTENT="varit"/><SP WIDTH="15" VPOS="623" HPOS="600"/>
							<String ID="string_175" HPOS="615" VPOS="622" WIDTH="92" HEIGHT="28" WC="0.74" CONTENT="ogiltigt,"/><SP WIDTH="10" VPOS="622" HPOS="707"/>
							<String ID="string_176" HPOS="717" VPOS="622" WIDTH="24" HEIGHT="22" WC="0.96" CONTENT="så"/><SP WIDTH="15" VPOS="622" HPOS="741"/>
							<String ID="string_177" HPOS="756" VPOS="622" WIDTH="55" HEIGHT="22" WC="0.93" CONTENT="hade"/><SP WIDTH="15" VPOS="622" HPOS="811"/>
							<String ID="string_178" HPOS="826" VPOS="622" WIDTH="120" HEIGHT="22" WC="0.91" CONTENT="Ständerna"/><SP WIDTH="17" VPOS="622" HPOS="946"/>
							<String ID="string_179" HPOS="963" VPOS="624" WIDTH="47" HEIGHT="21" WC="0.96" CONTENT="icke"/>
						</TextLine>
						<TextLine ID="line_17" HPOS="182" VPOS="650" WIDTH="829" HEIGHT="29">
							<String ID="string_180" HPOS="182" VPOS="653" WIDTH="78" HEIGHT="21" WC="0.96" CONTENT="uttalat"/><SP WIDTH="16" VPOS="653" HPOS="260"/>
							<String ID="string_181" HPOS="276" VPOS="656" WIDTH="32" HEIGHT="17" WC="0.96" CONTENT="att"/><SP WIDTH="22" VPOS="656" HPOS="308"/>
							<String ID="string_182" HPOS="330" VPOS="652" WIDTH="57" HEIGHT="20" WC="0.96" CONTENT="vissa"/><SP WIDTH="16" VPOS="652" HPOS="387"/>
							<String ID="string_183" HPOS="403" VPOS="651" WIDTH="23" HEIGHT="21" WC="0.93" CONTENT="af"/><SP WIDTH="21" VPOS="651" HPOS="426"/>
							<String ID="string_184" HPOS="447" VPOS="650" WIDTH="122" HEIGHT="22" WC="0.90" CONTENT="Ständerna"/><SP WIDTH="14" VPOS="650" HPOS="569"/>
							<String ID="string_185" HPOS="583" VPOS="650" WIDTH="71" HEIGHT="22" WC="0.96" CONTENT="såsom"/><SP WIDTH="16" VPOS="650" HPOS="654"/>
							<String ID="string_186" HPOS="670" VPOS="651" WIDTH="92" HEIGHT="28" WC="0.96" CONTENT="olagliga"/><SP WIDTH="14" VPOS="651" HPOS="762"/>
							<String ID="string_187" HPOS="776" VPOS="651" WIDTH="135" HEIGHT="22" WC="0.92" CONTENT="betecknade"/><SP WIDTH="16" VPOS="651" HPOS="911"/>
							<String ID="string_188" HPOS="927" VPOS="652" WIDTH="84" HEIGHT="21" WC="0.92" CONTENT="förord-"/>
						</TextLine>
						<TextLine ID="line_18" HPOS="182" VPOS="679" WIDTH="828" HEIGHT="30">
							<String ID="string_189" HPOS="182" VPOS="682" WIDTH="77" HEIGHT="27" WC="0.96" CONTENT="ningar"/><SP WIDTH="23" VPOS="682" HPOS="259"/>
							<String ID="string_190" HPOS="282" VPOS="680" WIDTH="67" HEIGHT="22" WC="0.96" CONTENT="borde"/><SP WIDTH="22" VPOS="680" HPOS="349"/>
							<String ID="string_191" HPOS="371" VPOS="680" WIDTH="114" HEIGHT="21" WC="0.82" CONTENT="revideras."/><SP WIDTH="30" VPOS="680" HPOS="485"/>
							<String ID="string_192" HPOS="515" VPOS="679" WIDTH="65" HEIGHT="21" WC="0.96" CONTENT="Detta"/><SP WIDTH="24" VPOS="679" HPOS="580"/>
							<String ID="string_193" HPOS="604" VPOS="679" WIDTH="75" HEIGHT="29" WC="0.93" CONTENT="gjorde"/><SP WIDTH="23" VPOS="679" HPOS="679"/>
							<String ID="string_194" HPOS="702" VPOS="679" WIDTH="120" HEIGHT="22" WC="0.91" CONTENT="Ständerna"/><SP WIDTH="23" VPOS="679" HPOS="822"/>
							<String ID="string_195" HPOS="845" VPOS="680" WIDTH="118" HEIGHT="22" WC="0.96" CONTENT="emellertid"/><SP WIDTH="17" VPOS="680" HPOS="963"/>
							<String ID="string_196" HPOS="980" VPOS="682" WIDTH="30" HEIGHT="20" WC="0.96" CONTENT="uti"/>
						</TextLine>
						<TextLine ID="line_19" HPOS="182" VPOS="708" WIDTH="827" HEIGHT="29">
							<String ID="string_197" HPOS="182" VPOS="718" WIDTH="30" HEIGHT="13" WC="0.95" CONTENT="nu"/><SP WIDTH="15" VPOS="718" HPOS="212"/>
							<String ID="string_198" HPOS="227" VPOS="708" WIDTH="165" HEIGHT="28" WC="0.96" CONTENT="ifrågavarande"/><SP WIDTH="16" VPOS="708" HPOS="392"/>
							<String ID="string_199" HPOS="408" VPOS="709" WIDTH="96" HEIGHT="27" WC="0.94" CONTENT="petition."/><SP WIDTH="30" VPOS="709" HPOS="504"/>
							<String ID="string_200" HPOS="534" VPOS="708" WIDTH="45" HEIGHT="21" WC="0.96" CONTENT="Der"/><SP WIDTH="15" VPOS="708" HPOS="579"/>
							<String ID="string_201" HPOS="594" VPOS="708" WIDTH="122" HEIGHT="28" WC="0.96" CONTENT="uppräknas"/><SP WIDTH="16" VPOS="708" HPOS="716"/>
							<String ID="string_202" HPOS="732" VPOS="716" WIDTH="25" HEIGHT="13" WC="0.96" CONTENT="en"/><SP WIDTH="16" VPOS="716" HPOS="757"/>
							<String ID="string_203" HPOS="773" VPOS="708" WIDTH="35" HEIGHT="22" WC="0.96" CONTENT="hel"/><SP WIDTH="16" VPOS="708" HPOS="808"/>
							<String ID="string_204" HPOS="824" VPOS="708" WIDTH="77" HEIGHT="28" WC="0.96" CONTENT="mängd"/><SP WIDTH="16" VPOS="708" HPOS="901"/>
							<String ID="string_205" HPOS="917" VPOS="709" WIDTH="92" HEIGHT="28" WC="0.96" CONTENT="olagliga"/>
						</TextLine>
						<TextLine ID="line_20" HPOS="183" VPOS="736" WIDTH="829" HEIGHT="29">
							<String ID="string_206" HPOS="183" VPOS="738" WIDTH="154" HEIGHT="27" WC="0.95" CONTENT="författningar"/><SP WIDTH="15" VPOS="738" HPOS="337"/>
							<String ID="string_207" HPOS="352" VPOS="737" WIDTH="39" HEIGHT="21" WC="0.93" CONTENT="och"/><SP WIDTH="23" VPOS="737" HPOS="391"/>
							<String ID="string_208" HPOS="414" VPOS="736" WIDTH="95" HEIGHT="22" WC="0.90" CONTENT="anhålles"/><SP WIDTH="22" VPOS="736" HPOS="509"/>
							<String ID="string_209" HPOS="531" VPOS="740" WIDTH="30" HEIGHT="18" WC="0.96" CONTENT="att"/><SP WIDTH="16" VPOS="740" HPOS="561"/>
							<String ID="string_210" HPOS="577" VPOS="737" WIDTH="27" HEIGHT="20" WC="0.96" CONTENT="de"/><SP WIDTH="16" VPOS="737" HPOS="604"/>
							<String ID="string_211" HPOS="620" VPOS="736" WIDTH="60" HEIGHT="22" WC="0.92" CONTENT="skola"/><SP WIDTH="16" VPOS="736" HPOS="680"/>
							<String ID="string_212" HPOS="696" VPOS="737" WIDTH="128" HEIGHT="28" WC="0.92" CONTENT="upphäfvas,"/><SP WIDTH="16" VPOS="737" HPOS="824"/>
							<String ID="string_213" HPOS="840" VPOS="737" WIDTH="117" HEIGHT="21" WC="0.91" CONTENT="hvarjemte"/><SP WIDTH="17" VPOS="737" HPOS="957"/>
							<String ID="string_214" HPOS="974" VPOS="745" WIDTH="38" HEIGHT="13" WC="0.90" CONTENT="an-"/>
						</TextLine>
						<TextLine ID="line_21" HPOS="182" VPOS="746" WIDTH="829" HEIGHT="48">
							<String ID="string_215" HPOS="182" VPOS="767" WIDTH="72" HEIGHT="21" WC="0.90" CONTENT="hållan"/><SP WIDTH="16" VPOS="767" HPOS="254"/>
							<String ID="string_216" HPOS="270" VPOS="766" WIDTH="85" HEIGHT="28" WC="0.96" CONTENT="gjordes"/><SP WIDTH="21" VPOS="766" HPOS="355"/>
							<String ID="string_217" HPOS="376" VPOS="773" WIDTH="33" HEIGHT="13" WC="0.96" CONTENT="om"/><SP WIDTH="16" VPOS="773" HPOS="409"/>
							<String ID="string_218" HPOS="425" VPOS="766" WIDTH="93" HEIGHT="20" WC="0.96" CONTENT="revision"/><SP WIDTH="24" VPOS="766" HPOS="518"/>
							<String ID="string_219" HPOS="542" VPOS="765" WIDTH="23" HEIGHT="21" WC="0.96" CONTENT="af"/><SP WIDTH="15" VPOS="765" HPOS="565"/>
							<String ID="string_220" HPOS="580" VPOS="766" WIDTH="69" HEIGHT="27" WC="0.96" CONTENT="öfriga"/><SP WIDTH="16" VPOS="766" HPOS="649"/>
							<String ID="string_221" HPOS="665" VPOS="766" WIDTH="5" HEIGHT="20" WC="0.96" CONTENT="i"/><SP WIDTH="17" VPOS="766" HPOS="670"/>
							<String ID="string_222" HPOS="687" VPOS="765" WIDTH="84" HEIGHT="28" WC="0.95" CONTENT="bilagan"/><SP WIDTH="16" VPOS="765" HPOS="771"/>
							<String ID="string_223" HPOS="787" VPOS="766" WIDTH="33" HEIGHT="20" WC="0.96" CONTENT="till"/><SP WIDTH="16" VPOS="766" HPOS="820"/>
							<String ID="string_224" HPOS="836" VPOS="746" WIDTH="175" HEIGHT="48" WC="0.92" CONTENT="ständerpetitio-"/>
						</TextLine>
						<TextLine ID="line_22" HPOS="183" VPOS="793" WIDTH="828" HEIGHT="29">
							<String ID="string_225" HPOS="183" VPOS="803" WIDTH="41" HEIGHT="13" WC="0.95" CONTENT="nen."/><SP WIDTH="18" VPOS="803" HPOS="224"/>
							<String ID="string_226" HPOS="242" VPOS="794" WIDTH="93" HEIGHT="22" WC="0.96" CONTENT="nämnda"/><SP WIDTH="15" VPOS="794" HPOS="335"/>
							<String ID="string_227" HPOS="350" VPOS="793" WIDTH="133" HEIGHT="29" WC="0.96" CONTENT="stadganden"/><SP WIDTH="17" VPOS="793" HPOS="483"/>
							<String ID="string_228" HPOS="500" VPOS="794" WIDTH="40" HEIGHT="21" WC="0.96" CONTENT="och"/><SP WIDTH="15" VPOS="794" HPOS="540"/>
							<String ID="string_229" HPOS="555" VPOS="794" WIDTH="156" HEIGHT="28" WC="0.96" CONTENT="författningar"/><SP WIDTH="15" VPOS="794" HPOS="711"/>
							<String ID="string_230" HPOS="726" VPOS="795" WIDTH="5" HEIGHT="20" WC="0.96" CONTENT="i"/><SP WIDTH="17" VPOS="795" HPOS="731"/>
							<String ID="string_231" HPOS="748" VPOS="794" WIDTH="56" HEIGHT="28" WC="0.96" CONTENT="syfte"/><SP WIDTH="16" VPOS="794" HPOS="804"/>
							<String ID="string_232" HPOS="820" VPOS="798" WIDTH="32" HEIGHT="18" WC="0.93" CONTENT="att"/><SP WIDTH="14" VPOS="798" HPOS="852"/>
							<String ID="string_233" HPOS="866" VPOS="794" WIDTH="145" HEIGHT="22" WC="0.92" CONTENT="afvikelserna"/>
						</TextLine>
						<TextLine ID="line_23" HPOS="183" VPOS="822" WIDTH="827" HEIGHT="29">
							<String ID="string_234" HPOS="183" VPOS="824" WIDTH="48" HEIGHT="21" WC="0.96" CONTENT="från"/><SP WIDTH="16" VPOS="824" HPOS="231"/>
							<String ID="string_235" HPOS="247" VPOS="823" WIDTH="108" HEIGHT="28" WC="0.96" CONTENT="grundlag"/><SP WIDTH="16" VPOS="823" HPOS="355"/>
							<String ID="string_236" HPOS="371" VPOS="822" WIDTH="52" HEIGHT="22" WC="0.95" CONTENT="eller"/><SP WIDTH="15" VPOS="822" HPOS="423"/>
							<String ID="string_237" HPOS="438" VPOS="822" WIDTH="76" HEIGHT="21" WC="0.96" CONTENT="allmän"/><SP WIDTH="17" VPOS="822" HPOS="514"/>
							<String ID="string_238" HPOS="531" VPOS="822" WIDTH="34" HEIGHT="28" WC="0.95" CONTENT="lag"/><SP WIDTH="17" VPOS="822" HPOS="565"/>
							<String ID="string_239" HPOS="582" VPOS="822" WIDTH="33" HEIGHT="21" WC="0.96" CONTENT="må"/><SP WIDTH="17" VPOS="822" HPOS="615"/>
							<String ID="string_240" HPOS="632" VPOS="822" WIDTH="69" HEIGHT="21" WC="0.93" CONTENT="blifva"/><SP WIDTH="14" VPOS="822" HPOS="701"/>
							<String ID="string_241" HPOS="715" VPOS="822" WIDTH="128" HEIGHT="28" WC="0.89" CONTENT="aflägsnade."/><SP WIDTH="31" VPOS="822" HPOS="843"/>
							<String ID="string_242" HPOS="874" VPOS="823" WIDTH="53" HEIGHT="21" WC="0.96" CONTENT="Man"/><SP WIDTH="16" VPOS="823" HPOS="927"/>
							<String ID="string_243" HPOS="943" VPOS="823" WIDTH="67" HEIGHT="28" WC="0.96" CONTENT="ansåg"/>
						</TextLine>
						<TextLine ID="line_24" HPOS="183" VPOS="850" WIDTH="828" HEIGHT="30">
							<String ID="string_244" HPOS="183" VPOS="852" WIDTH="85" HEIGHT="22" WC="0.96" CONTENT="således"/><SP WIDTH="22" VPOS="852" HPOS="268"/>
							<String ID="string_245" HPOS="290" VPOS="855" WIDTH="32" HEIGHT="18" WC="0.96" CONTENT="att"/><SP WIDTH="15" VPOS="855" HPOS="322"/>
							<String ID="string_246" HPOS="337" VPOS="852" WIDTH="58" HEIGHT="21" WC="0.96" CONTENT="vissa"/><SP WIDTH="15" VPOS="852" HPOS="395"/>
							<String ID="string_247" HPOS="410" VPOS="851" WIDTH="156" HEIGHT="27" WC="0.81" CONTENT="förordningar,"/><SP WIDTH="15" VPOS="851" HPOS="566"/>
							<String ID="string_248" HPOS="581" VPOS="850" WIDTH="67" HEIGHT="22" WC="0.96" CONTENT="ehuru"/><SP WIDTH="16" VPOS="850" HPOS="648"/>
							<String ID="string_249" HPOS="664" VPOS="851" WIDTH="111" HEIGHT="21" WC="0.96" CONTENT="tillkomna"/><SP WIDTH="15" VPOS="851" HPOS="775"/>
							<String ID="string_250" HPOS="790" VPOS="852" WIDTH="69" HEIGHT="20" WC="0.93" CONTENT="under"/><SP WIDTH="15" VPOS="852" HPOS="859"/>
							<String ID="string_251" HPOS="874" VPOS="852" WIDTH="137" HEIGHT="28" WC="0.92" CONTENT="olaglighets-"/>
						</TextLine>
						<TextLine ID="line_25" HPOS="181" VPOS="879" WIDTH="760" HEIGHT="28">
							<String ID="string_252" HPOS="181" VPOS="881" WIDTH="68" HEIGHT="26" WC="0.96" CONTENT="tiden,"/><SP WIDTH="15" VPOS="881" HPOS="249"/>
							<String ID="string_253" HPOS="264" VPOS="880" WIDTH="67" HEIGHT="22" WC="0.96" CONTENT="borde"/><SP WIDTH="16" VPOS="880" HPOS="331"/>
							<String ID="string_254" HPOS="347" VPOS="880" WIDTH="67" HEIGHT="21" WC="0.93" CONTENT="delvis"/><SP WIDTH="17" VPOS="880" HPOS="414"/>
							<String ID="string_255" HPOS="431" VPOS="879" WIDTH="126" HEIGHT="28" WC="0.92" CONTENT="upphäfvas,"/><SP WIDTH="16" VPOS="879" HPOS="557"/>
							<String ID="string_256" HPOS="573" VPOS="887" WIDTH="48" HEIGHT="13" WC="0.96" CONTENT="men"/><SP WIDTH="16" VPOS="887" HPOS="621"/>
							<String ID="string_257" HPOS="637" VPOS="880" WIDTH="69" HEIGHT="20" WC="0.92" CONTENT="delvis"/><SP WIDTH="16" VPOS="880" HPOS="706"/>
							<String ID="string_258" HPOS="722" VPOS="880" WIDTH="102" HEIGHT="21" WC="0.92" CONTENT="förblifva"/><SP WIDTH="12" VPOS="880" HPOS="824"/>
							<String ID="string_259" HPOS="836" VPOS="880" WIDTH="105" HEIGHT="27" WC="0.81" CONTENT="gällande."/>
						</TextLine>
					</TextBlock>
					<TextBlock ID="block_2" HPOS="182" VPOS="907" WIDTH="831" HEIGHT="632">
						<TextLine ID="line_26" HPOS="253" VPOS="907" WIDTH="758" HEIGHT="29">
							<String ID="string_260" HPOS="253" VPOS="909" WIDTH="34" HEIGHT="21" WC="0.96" CONTENT="En"/><SP WIDTH="23" VPOS="909" HPOS="287"/>
							<String ID="string_261" HPOS="310" VPOS="916" WIDTH="70" HEIGHT="13" WC="0.96" CONTENT="annan"/><SP WIDTH="24" VPOS="916" HPOS="380"/>
							<String ID="string_262" HPOS="404" VPOS="908" WIDTH="146" HEIGHT="27" WC="0.95" CONTENT="anmärkning,"/><SP WIDTH="15" VPOS="908" HPOS="550"/>
							<String ID="string_263" HPOS="565" VPOS="915" WIDTH="46" HEIGHT="14" WC="0.96" CONTENT="som"/><SP WIDTH="24" VPOS="915" HPOS="611"/>
							<String ID="string_264" HPOS="635" VPOS="907" WIDTH="38" HEIGHT="22" WC="0.96" CONTENT="här"/><SP WIDTH="23" VPOS="907" HPOS="673"/>
							<String ID="string_265" HPOS="696" VPOS="908" WIDTH="37" HEIGHT="21" WC="0.96" CONTENT="har"/><SP WIDTH="22" VPOS="908" HPOS="733"/>
							<String ID="string_266" HPOS="755" VPOS="909" WIDTH="66" HEIGHT="27" WC="0.96" CONTENT="gjorts"/><SP WIDTH="23" VPOS="909" HPOS="821"/>
							<String ID="string_267" HPOS="844" VPOS="909" WIDTH="22" HEIGHT="20" WC="0.95" CONTENT="af"/><SP WIDTH="16" VPOS="909" HPOS="866"/>
							<String ID="string_268" HPOS="882" VPOS="908" WIDTH="33" HEIGHT="21" WC="0.93" CONTENT="Hr"/><SP WIDTH="15" VPOS="908" HPOS="915"/>
							<String ID="string_269" HPOS="930" VPOS="908" WIDTH="81" HEIGHT="22" WC="0.92" CONTENT="Ceder-"/>
						</TextLine>
						<TextLine ID="line_27" HPOS="183" VPOS="936" WIDTH="828" HEIGHT="29">
							<String ID="string_270" HPOS="183" VPOS="938" WIDTH="64" HEIGHT="26" WC="0.96" CONTENT="holm,"/><SP WIDTH="15" VPOS="938" HPOS="247"/>
							<String ID="string_271" HPOS="262" VPOS="940" WIDTH="24" HEIGHT="19" WC="0.96" CONTENT="är"/><SP WIDTH="20" VPOS="940" HPOS="286"/>
							<String ID="string_272" HPOS="306" VPOS="937" WIDTH="48" HEIGHT="26" WC="0.96" CONTENT="den,"/><SP WIDTH="14" VPOS="937" HPOS="354"/>
							<String ID="string_273" HPOS="368" VPOS="940" WIDTH="32" HEIGHT="17" WC="0.96" CONTENT="att"/><SP WIDTH="22" VPOS="940" HPOS="400"/>
							<String ID="string_274" HPOS="422" VPOS="944" WIDTH="26" HEIGHT="13" WC="0.96" CONTENT="en"/><SP WIDTH="16" VPOS="944" HPOS="448"/>
							<String ID="string_275" HPOS="464" VPOS="936" WIDTH="68" HEIGHT="21" WC="0.96" CONTENT="sådan"/><SP WIDTH="23" VPOS="936" HPOS="532"/>
							<String ID="string_276" HPOS="555" VPOS="936" WIDTH="144" HEIGHT="29" WC="0.96" CONTENT="uppfattning,"/><SP WIDTH="16" VPOS="936" HPOS="699"/>
							<String ID="string_277" HPOS="715" VPOS="944" WIDTH="45" HEIGHT="13" WC="0.96" CONTENT="som"/><SP WIDTH="24" VPOS="944" HPOS="760"/>
							<String ID="string_278" HPOS="784" VPOS="937" WIDTH="40" HEIGHT="20" WC="0.96" CONTENT="den"/><SP WIDTH="21" VPOS="937" HPOS="824"/>
							<String ID="string_279" HPOS="845" VPOS="937" WIDTH="92" HEIGHT="21" WC="0.43" CONTENT="Senaten"/><SP WIDTH="17" VPOS="937" HPOS="937"/>
							<String ID="string_280" HPOS="954" VPOS="937" WIDTH="57" HEIGHT="22" WC="0.92" CONTENT="före-"/>
						</TextLine>
						<TextLine ID="line_28" HPOS="183" VPOS="965" WIDTH="827" HEIGHT="29">
							<String ID="string_281" HPOS="183" VPOS="967" WIDTH="64" HEIGHT="25" WC="0.92" CONTENT="trädt,"/><SP WIDTH="15" VPOS="967" HPOS="247"/>
							<String ID="string_282" HPOS="262" VPOS="966" WIDTH="71" HEIGHT="21" WC="0.90" CONTENT="skulle"/><SP WIDTH="20" VPOS="966" HPOS="333"/>
							<String ID="string_283" HPOS="353" VPOS="965" WIDTH="47" HEIGHT="22" WC="0.93" CONTENT="leda"/><SP WIDTH="16" VPOS="965" HPOS="400"/>
							<String ID="string_284" HPOS="416" VPOS="965" WIDTH="77" HEIGHT="25" WC="0.91" CONTENT="dertill,"/><SP WIDTH="15" VPOS="965" HPOS="493"/>
							<String ID="string_285" HPOS="508" VPOS="968" WIDTH="31" HEIGHT="17" WC="0.96" CONTENT="att"/><SP WIDTH="20" VPOS="968" HPOS="539"/>
							<String ID="string_286" HPOS="559" VPOS="965" WIDTH="70" HEIGHT="21" WC="0.93" CONTENT="såsom"/><SP WIDTH="25" VPOS="965" HPOS="629"/>
							<String ID="string_287" HPOS="654" VPOS="965" WIDTH="134" HEIGHT="28" WC="0.92" CONTENT="konseqvens"/><SP WIDTH="23" VPOS="965" HPOS="788"/>
							<String ID="string_288" HPOS="811" VPOS="965" WIDTH="85" HEIGHT="22" WC="0.91" CONTENT="derutaf"/><SP WIDTH="15" VPOS="965" HPOS="896"/>
							<String ID="string_289" HPOS="911" VPOS="967" WIDTH="6" HEIGHT="20" WC="0.96" CONTENT="i"/><SP WIDTH="16" VPOS="967" HPOS="917"/>
							<String ID="string_290" HPOS="933" VPOS="966" WIDTH="77" HEIGHT="28" WC="0.95" CONTENT="sjelfva"/>
						</TextLine>
						<TextLine ID="line_29" HPOS="183" VPOS="993" WIDTH="828" HEIGHT="29">
							<String ID="string_291" HPOS="183" VPOS="995" WIDTH="77" HEIGHT="22" WC="0.96" CONTENT="verket"/><SP WIDTH="16" VPOS="995" HPOS="260"/>
							<String ID="string_292" HPOS="276" VPOS="994" WIDTH="90" HEIGHT="22" WC="0.96" CONTENT="envälde"/><SP WIDTH="19" VPOS="994" HPOS="366"/>
							<String ID="string_293" HPOS="385" VPOS="994" WIDTH="51" HEIGHT="21" WC="0.93" CONTENT="eller"/><SP WIDTH="15" VPOS="994" HPOS="436"/>
							<String ID="string_294" HPOS="451" VPOS="993" WIDTH="201" HEIGHT="29" WC="0.90" CONTENT="sjelfherskarmakt"/><SP WIDTH="14" VPOS="993" HPOS="652"/>
							<String ID="string_295" HPOS="666" VPOS="993" WIDTH="94" HEIGHT="22" WC="0.96" CONTENT="infördes"/><SP WIDTH="16" VPOS="993" HPOS="760"/>
							<String ID="string_296" HPOS="776" VPOS="995" WIDTH="6" HEIGHT="20" WC="0.96" CONTENT="i"/><SP WIDTH="16" VPOS="995" HPOS="782"/>
							<String ID="string_297" HPOS="798" VPOS="994" WIDTH="78" HEIGHT="21" WC="0.96" CONTENT="landet."/><SP WIDTH="30" VPOS="994" HPOS="876"/>
							<String ID="string_298" HPOS="906" VPOS="994" WIDTH="66" HEIGHT="21" WC="0.96" CONTENT="Detta"/><SP WIDTH="16" VPOS="994" HPOS="972"/>
							<String ID="string_299" HPOS="988" VPOS="997" WIDTH="23" HEIGHT="18" WC="0.96" CONTENT="är"/>
						</TextLine>
						<TextLine ID="line_30" HPOS="183" VPOS="1022" WIDTH="827" HEIGHT="29">
							<String ID="string_300" HPOS="183" VPOS="1031" WIDTH="29" HEIGHT="14" WC="0.96" CONTENT="nu"/><SP WIDTH="16" VPOS="1031" HPOS="212"/>
							<String ID="string_301" HPOS="228" VPOS="1027" WIDTH="32" HEIGHT="18" WC="0.96" CONTENT="ett"/><SP WIDTH="15" VPOS="1027" HPOS="260"/>
							<String ID="string_302" HPOS="275" VPOS="1023" WIDTH="23" HEIGHT="22" WC="0.96" CONTENT="af"/><SP WIDTH="15" VPOS="1023" HPOS="298"/>
							<String ID="string_303" HPOS="313" VPOS="1023" WIDTH="63" HEIGHT="21" WC="0.95" CONTENT="dessa"/><SP WIDTH="21" VPOS="1023" HPOS="376"/>
							<String ID="string_304" HPOS="397" VPOS="1022" WIDTH="138" HEIGHT="29" WC="0.96" CONTENT="påståenden,"/><SP WIDTH="15" VPOS="1022" HPOS="535"/>
							<String ID="string_305" HPOS="550" VPOS="1030" WIDTH="45" HEIGHT="13" WC="0.96" CONTENT="som"/><SP WIDTH="17" VPOS="1030" HPOS="595"/>
							<String ID="string_306" HPOS="612" VPOS="1022" WIDTH="107" HEIGHT="21" WC="0.96" CONTENT="innehålla"/><SP WIDTH="17" VPOS="1022" HPOS="719"/>
							<String ID="string_307" HPOS="736" VPOS="1026" WIDTH="30" HEIGHT="17" WC="0.96" CONTENT="ett"/><SP WIDTH="15" VPOS="1026" HPOS="766"/>
							<String ID="string_308" HPOS="781" VPOS="1022" WIDTH="85" HEIGHT="29" WC="0.96" CONTENT="mycket"/><SP WIDTH="16" VPOS="1022" HPOS="866"/>
							<String ID="string_309" HPOS="882" VPOS="1023" WIDTH="45" HEIGHT="21" WC="0.96" CONTENT="litet"/><SP WIDTH="16" VPOS="1023" HPOS="927"/>
							<String ID="string_310" HPOS="943" VPOS="1023" WIDTH="67" HEIGHT="28" WC="0.96" CONTENT="grand"/>
						</TextLine>
						<TextLine ID="line_31" HPOS="182" VPOS="1051" WIDTH="829" HEIGHT="28">
							<String ID="string_311" HPOS="182" VPOS="1053" WIDTH="25" HEIGHT="20" WC="0.96" CONTENT="af"/><SP WIDTH="15" VPOS="1053" HPOS="207"/>
							<String ID="string_312" HPOS="222" VPOS="1053" WIDTH="98" HEIGHT="26" WC="0.95" CONTENT="sanning,"/><SP WIDTH="15" VPOS="1053" HPOS="320"/>
							<String ID="string_313" HPOS="335" VPOS="1059" WIDTH="48" HEIGHT="14" WC="0.95" CONTENT="men"/><SP WIDTH="23" VPOS="1059" HPOS="383"/>
							<String ID="string_314" HPOS="406" VPOS="1051" WIDTH="32" HEIGHT="21" WC="0.95" CONTENT="till"/><SP WIDTH="15" VPOS="1051" HPOS="438"/>
							<String ID="string_315" HPOS="453" VPOS="1051" WIDTH="53" HEIGHT="21" WC="0.96" CONTENT="allra"/><SP WIDTH="23" VPOS="1051" HPOS="506"/>
							<String ID="string_316" HPOS="529" VPOS="1052" WIDTH="78" HEIGHT="20" WC="0.96" CONTENT="största"/><SP WIDTH="16" VPOS="1052" HPOS="607"/>
							<String ID="string_317" HPOS="623" VPOS="1051" WIDTH="62" HEIGHT="21" WC="0.96" CONTENT="delen"/><SP WIDTH="17" VPOS="1051" HPOS="685"/>
							<String ID="string_318" HPOS="702" VPOS="1053" WIDTH="22" HEIGHT="19" WC="0.96" CONTENT="är"/><SP WIDTH="16" VPOS="1053" HPOS="724"/>
							<String ID="string_319" HPOS="740" VPOS="1051" WIDTH="87" HEIGHT="21" WC="0.95" CONTENT="alldeles"/><SP WIDTH="17" VPOS="1051" HPOS="827"/>
							<String ID="string_320" HPOS="844" VPOS="1051" WIDTH="93" HEIGHT="28" WC="0.94" CONTENT="oriktigt."/><SP WIDTH="30" VPOS="1051" HPOS="937"/>
							<String ID="string_321" HPOS="967" VPOS="1052" WIDTH="44" HEIGHT="21" WC="0.94" CONTENT="Det"/>
						</TextLine>
						<TextLine ID="line_32" HPOS="184" VPOS="1079" WIDTH="827" HEIGHT="29">
							<String ID="string_322" HPOS="184" VPOS="1081" WIDTH="55" HEIGHT="21" WC="0.96" CONTENT="hade"/><SP WIDTH="17" VPOS="1081" HPOS="239"/>
							<String ID="string_323" HPOS="256" VPOS="1081" WIDTH="55" HEIGHT="21" WC="0.95" CONTENT="varit"/><SP WIDTH="22" VPOS="1081" HPOS="311"/>
							<String ID="string_324" HPOS="333" VPOS="1081" WIDTH="106" HEIGHT="27" WC="0.95" CONTENT="riktigare,"/><SP WIDTH="16" VPOS="1081" HPOS="439"/>
							<String ID="string_325" HPOS="455" VPOS="1087" WIDTH="34" HEIGHT="14" WC="0.94" CONTENT="om"/><SP WIDTH="24" VPOS="1087" HPOS="489"/>
							<String ID="string_326" HPOS="513" VPOS="1079" WIDTH="40" HEIGHT="22" WC="0.96" CONTENT="den"/><SP WIDTH="17" VPOS="1079" HPOS="553"/>
							<String ID="string_327" HPOS="570" VPOS="1079" WIDTH="65" HEIGHT="22" WC="0.96" CONTENT="ärade"/><SP WIDTH="20" VPOS="1079" HPOS="635"/>
							<String ID="string_328" HPOS="655" VPOS="1080" WIDTH="81" HEIGHT="21" WC="0.96" CONTENT="talaren"/><SP WIDTH="20" VPOS="1080" HPOS="736"/>
							<String ID="string_329" HPOS="756" VPOS="1080" WIDTH="54" HEIGHT="21" WC="0.96" CONTENT="hade"/><SP WIDTH="17" VPOS="1080" HPOS="810"/>
							<String ID="string_330" HPOS="827" VPOS="1084" WIDTH="53" HEIGHT="24" WC="0.95" CONTENT="sagt,"/><SP WIDTH="15" VPOS="1084" HPOS="880"/>
							<String ID="string_331" HPOS="895" VPOS="1084" WIDTH="31" HEIGHT="17" WC="0.96" CONTENT="att"/><SP WIDTH="15" VPOS="1084" HPOS="926"/>
							<String ID="string_332" HPOS="941" VPOS="1080" WIDTH="70" HEIGHT="22" WC="0.96" CONTENT="denna"/>
						</TextLine>
						<TextLine ID="line_33" HPOS="184" VPOS="1108" WIDTH="827" HEIGHT="30">
							<String ID="string_333" HPOS="184" VPOS="1109" WIDTH="140" HEIGHT="29" WC="0.92" CONTENT="uppfattning"/><SP WIDTH="16" VPOS="1109" HPOS="324"/>
							<String ID="string_334" HPOS="340" VPOS="1109" WIDTH="80" HEIGHT="21" WC="0.92" CONTENT="lemnar"/><SP WIDTH="15" VPOS="1109" HPOS="420"/>
							<String ID="string_335" HPOS="435" VPOS="1116" WIDTH="45" HEIGHT="13" WC="0.96" CONTENT="rum"/><SP WIDTH="16" VPOS="1116" HPOS="480"/>
							<String ID="string_336" HPOS="496" VPOS="1108" WIDTH="35" HEIGHT="21" WC="0.95" CONTENT="för"/><SP WIDTH="15" VPOS="1108" HPOS="531"/>
							<String ID="string_337" HPOS="546" VPOS="1108" WIDTH="52" HEIGHT="21" WC="0.96" CONTENT="eller"/><SP WIDTH="16" VPOS="1108" HPOS="598"/>
							<String ID="string_338" HPOS="614" VPOS="1108" WIDTH="89" HEIGHT="21" WC="0.96" CONTENT="innebär"/><SP WIDTH="15" VPOS="1108" HPOS="703"/>
							<String ID="string_339" HPOS="718" VPOS="1109" WIDTH="110" HEIGHT="27" WC="0.96" CONTENT="möjlighet"/><SP WIDTH="14" VPOS="1109" HPOS="828"/>
							<String ID="string_340" HPOS="842" VPOS="1109" WIDTH="32" HEIGHT="20" WC="0.93" CONTENT="till"/><SP WIDTH="17" VPOS="1109" HPOS="874"/>
							<String ID="string_341" HPOS="891" VPOS="1109" WIDTH="120" HEIGHT="21" WC="0.91" CONTENT="maktmiss-"/>
						</TextLine>
						<TextLine ID="line_34" HPOS="185" VPOS="1137" WIDTH="826" HEIGHT="28">
							<String ID="string_342" HPOS="185" VPOS="1139" WIDTH="53" HEIGHT="20" WC="0.96" CONTENT="bruk"/><SP WIDTH="24" VPOS="1139" HPOS="238"/>
							<String ID="string_343" HPOS="262" VPOS="1138" WIDTH="48" HEIGHT="21" WC="0.96" CONTENT="från"/><SP WIDTH="24" VPOS="1138" HPOS="310"/>
							<String ID="string_344" HPOS="334" VPOS="1138" WIDTH="148" HEIGHT="27" WC="0.96" CONTENT="Regeringens"/><SP WIDTH="20" VPOS="1138" HPOS="482"/>
							<String ID="string_345" HPOS="502" VPOS="1137" WIDTH="45" HEIGHT="21" WC="0.96" CONTENT="sida"/><SP WIDTH="21" VPOS="1137" HPOS="547"/>
							<String ID="string_346" HPOS="568" VPOS="1137" WIDTH="28" HEIGHT="28" WC="0.96" CONTENT="på"/><SP WIDTH="15" VPOS="1137" HPOS="596"/>
							<String ID="string_347" HPOS="611" VPOS="1140" WIDTH="32" HEIGHT="17" WC="0.96" CONTENT="ett"/><SP WIDTH="15" VPOS="1140" HPOS="643"/>
							<String ID="string_348" HPOS="658" VPOS="1138" WIDTH="55" HEIGHT="20" WC="0.96" CONTENT="visst"/><SP WIDTH="14" VPOS="1138" HPOS="713"/>
							<String ID="string_349" HPOS="727" VPOS="1137" WIDTH="87" HEIGHT="21" WC="0.96" CONTENT="område"/><SP WIDTH="16" VPOS="1137" HPOS="814"/>
							<String ID="string_350" HPOS="830" VPOS="1137" WIDTH="22" HEIGHT="21" WC="0.92" CONTENT="af"/><SP WIDTH="15" VPOS="1137" HPOS="852"/>
							<String ID="string_351" HPOS="867" VPOS="1138" WIDTH="144" HEIGHT="21" WC="0.92" CONTENT="statsförvalt-"/>
						</TextLine>
						<TextLine ID="line_35" HPOS="184" VPOS="1165" WIDTH="828" HEIGHT="30">
							<String ID="string_352" HPOS="184" VPOS="1168" WIDTH="85" HEIGHT="27" WC="0.93" CONTENT="ningen."/><SP WIDTH="31" VPOS="1168" HPOS="269"/>
							<String ID="string_353" HPOS="300" VPOS="1167" WIDTH="66" HEIGHT="20" WC="0.96" CONTENT="Detta"/><SP WIDTH="16" VPOS="1167" HPOS="366"/>
							<String ID="string_354" HPOS="382" VPOS="1166" WIDTH="55" HEIGHT="20" WC="0.96" CONTENT="hade"/><SP WIDTH="17" VPOS="1166" HPOS="437"/>
							<String ID="string_355" HPOS="454" VPOS="1166" WIDTH="54" HEIGHT="20" WC="0.96" CONTENT="varit"/><SP WIDTH="16" VPOS="1166" HPOS="508"/>
							<String ID="string_356" HPOS="524" VPOS="1166" WIDTH="80" HEIGHT="26" WC="0.96" CONTENT="riktigt,"/><SP WIDTH="16" VPOS="1166" HPOS="604"/>
							<String ID="string_357" HPOS="620" VPOS="1173" WIDTH="48" HEIGHT="13" WC="0.96" CONTENT="men"/><SP WIDTH="16" VPOS="1173" HPOS="668"/>
							<String ID="string_358" HPOS="684" VPOS="1165" WIDTH="75" HEIGHT="21" WC="0.96" CONTENT="härvid"/><SP WIDTH="15" VPOS="1165" HPOS="759"/>
							<String ID="string_359" HPOS="774" VPOS="1167" WIDTH="24" HEIGHT="19" WC="0.96" CONTENT="är"/><SP WIDTH="15" VPOS="1167" HPOS="798"/>
							<String ID="string_360" HPOS="813" VPOS="1166" WIDTH="55" HEIGHT="21" WC="0.96" CONTENT="först"/><SP WIDTH="14" VPOS="1166" HPOS="868"/>
							<String ID="string_361" HPOS="882" VPOS="1171" WIDTH="31" HEIGHT="15" WC="0.96" CONTENT="att"/><SP WIDTH="16" VPOS="1171" HPOS="913"/>
							<String ID="string_362" HPOS="929" VPOS="1166" WIDTH="83" HEIGHT="25" WC="0.96" CONTENT="beakta,"/>
						</TextLine>
						<TextLine ID="line_36" HPOS="184" VPOS="1194" WIDTH="828" HEIGHT="28">
							<String ID="string_363" HPOS="184" VPOS="1198" WIDTH="33" HEIGHT="19" WC="0.96" CONTENT="att"/><SP WIDTH="15" VPOS="1198" HPOS="217"/>
							<String ID="string_364" HPOS="232" VPOS="1195" WIDTH="60" HEIGHT="21" WC="0.96" CONTENT="detta"/><SP WIDTH="23" VPOS="1195" HPOS="292"/>
							<String ID="string_365" HPOS="315" VPOS="1194" WIDTH="48" HEIGHT="22" WC="0.91" CONTENT="icke"/><SP WIDTH="22" VPOS="1194" HPOS="363"/>
							<String ID="string_366" HPOS="385" VPOS="1194" WIDTH="89" HEIGHT="21" WC="0.96" CONTENT="innebär"/><SP WIDTH="22" VPOS="1194" HPOS="474"/>
							<String ID="string_367" HPOS="496" VPOS="1194" WIDTH="67" HEIGHT="28" WC="0.96" CONTENT="något"/><SP WIDTH="22" VPOS="1194" HPOS="563"/>
							<String ID="string_368" HPOS="585" VPOS="1194" WIDTH="92" HEIGHT="21" WC="0.96" CONTENT="envälde"/><SP WIDTH="18" VPOS="1194" HPOS="677"/>
							<String ID="string_369" HPOS="695" VPOS="1197" WIDTH="50" HEIGHT="18" WC="0.95" CONTENT="utan"/><SP WIDTH="17" VPOS="1197" HPOS="745"/>
							<String ID="string_370" HPOS="762" VPOS="1194" WIDTH="76" HEIGHT="22" WC="0.96" CONTENT="endast"/><SP WIDTH="15" VPOS="1194" HPOS="838"/>
							<String ID="string_371" HPOS="853" VPOS="1199" WIDTH="31" HEIGHT="16" WC="0.96" CONTENT="att"/><SP WIDTH="16" VPOS="1199" HPOS="884"/>
							<String ID="string_372" HPOS="900" VPOS="1195" WIDTH="112" HEIGHT="21" WC="0.96" CONTENT="statsmakt"/>
						</TextLine>
						<TextLine ID="line_37" HPOS="184" VPOS="1222" WIDTH="828" HEIGHT="29">
							<String ID="string_373" HPOS="184" VPOS="1225" WIDTH="41" HEIGHT="20" WC="0.96" CONTENT="kan"/><SP WIDTH="25" VPOS="1225" HPOS="225"/>
							<String ID="string_374" HPOS="250" VPOS="1224" WIDTH="131" HEIGHT="21" WC="0.96" CONTENT="missbrukas"/><SP WIDTH="23" VPOS="1224" HPOS="381"/>
							<String ID="string_375" HPOS="404" VPOS="1223" WIDTH="28" HEIGHT="28" WC="0.96" CONTENT="på"/><SP WIDTH="16" VPOS="1223" HPOS="432"/>
							<String ID="string_376" HPOS="448" VPOS="1226" WIDTH="30" HEIGHT="18" WC="0.96" CONTENT="ett"/><SP WIDTH="23" VPOS="1226" HPOS="478"/>
							<String ID="string_377" HPOS="501" VPOS="1224" WIDTH="54" HEIGHT="20" WC="0.96" CONTENT="visst"/><SP WIDTH="23" VPOS="1224" HPOS="555"/>
							<String ID="string_378" HPOS="578" VPOS="1222" WIDTH="93" HEIGHT="22" WC="0.93" CONTENT="område."/><SP WIDTH="31" VPOS="1222" HPOS="671"/>
							<String ID="string_379" HPOS="702" VPOS="1222" WIDTH="82" HEIGHT="22" WC="0.95" CONTENT="Vidare"/><SP WIDTH="24" VPOS="1222" HPOS="784"/>
							<String ID="string_380" HPOS="808" VPOS="1224" WIDTH="38" HEIGHT="20" WC="0.96" CONTENT="bör"/><SP WIDTH="24" VPOS="1224" HPOS="846"/>
							<String ID="string_381" HPOS="870" VPOS="1223" WIDTH="86" HEIGHT="21" WC="0.96" CONTENT="beaktas"/><SP WIDTH="24" VPOS="1223" HPOS="956"/>
							<String ID="string_382" HPOS="980" VPOS="1227" WIDTH="32" HEIGHT="17" WC="0.96" CONTENT="att"/>
						</TextLine>
						<TextLine ID="line_38" HPOS="184" VPOS="1251" WIDTH="828" HEIGHT="30">
							<String ID="string_383" HPOS="184" VPOS="1253" WIDTH="108" HEIGHT="28" WC="0.96" CONTENT="knappast"/><SP WIDTH="22" VPOS="1253" HPOS="292"/>
							<String ID="string_384" HPOS="314" VPOS="1252" WIDTH="70" HEIGHT="28" WC="0.96" CONTENT="någon"/><SP WIDTH="24" VPOS="1252" HPOS="384"/>
							<String ID="string_385" HPOS="408" VPOS="1252" WIDTH="141" HEIGHT="20" WC="0.95" CONTENT="konstitution"/><SP WIDTH="16" VPOS="1252" HPOS="549"/>
							<String ID="string_386" HPOS="565" VPOS="1251" WIDTH="62" HEIGHT="21" WC="0.96" CONTENT="torde"/><SP WIDTH="16" VPOS="1251" HPOS="627"/>
							<String ID="string_387" HPOS="643" VPOS="1251" WIDTH="106" HEIGHT="21" WC="0.96" CONTENT="innehålla"/><SP WIDTH="15" VPOS="1251" HPOS="749"/>
							<String ID="string_388" HPOS="764" VPOS="1252" WIDTH="50" HEIGHT="20" WC="0.96" CONTENT="fullt"/><SP WIDTH="14" VPOS="1252" HPOS="814"/>
							<String ID="string_389" HPOS="828" VPOS="1252" WIDTH="127" HEIGHT="28" WC="0.96" CONTENT="tillräckliga"/><SP WIDTH="16" VPOS="1252" HPOS="955"/>
							<String ID="string_390" HPOS="971" VPOS="1252" WIDTH="41" HEIGHT="21" WC="0.95" CONTENT="och"/>
						</TextLine>
						<TextLine ID="line_39" HPOS="184" VPOS="1280" WIDTH="828" HEIGHT="29">
							<String ID="string_391" HPOS="184" VPOS="1282" WIDTH="116" HEIGHT="27" WC="0.91" CONTENT="fullgiltiga"/><SP WIDTH="22" VPOS="1282" HPOS="300"/>
							<String ID="string_392" HPOS="322" VPOS="1281" WIDTH="108" HEIGHT="27" WC="0.95" CONTENT="garantier"/><SP WIDTH="23" VPOS="1281" HPOS="430"/>
							<String ID="string_393" HPOS="453" VPOS="1283" WIDTH="45" HEIGHT="18" WC="0.96" CONTENT="mot"/><SP WIDTH="18" VPOS="1283" HPOS="498"/>
							<String ID="string_394" HPOS="516" VPOS="1280" WIDTH="173" HEIGHT="21" WC="0.95" CONTENT="maktmissbruk."/><SP WIDTH="29" VPOS="1280" HPOS="689"/>
							<String ID="string_395" HPOS="718" VPOS="1280" WIDTH="42" HEIGHT="28" WC="0.96" CONTENT="Jag"/><SP WIDTH="15" VPOS="1280" HPOS="760"/>
							<String ID="string_396" HPOS="775" VPOS="1281" WIDTH="105" HEIGHT="20" WC="0.96" CONTENT="erkänner"/><SP WIDTH="14" VPOS="1281" HPOS="880"/>
							<String ID="string_397" HPOS="894" VPOS="1288" WIDTH="71" HEIGHT="20" WC="0.96" CONTENT="gerna,"/><SP WIDTH="15" VPOS="1288" HPOS="965"/>
							<String ID="string_398" HPOS="980" VPOS="1284" WIDTH="32" HEIGHT="18" WC="0.96" CONTENT="att"/>
						</TextLine>
						<TextLine ID="line_40" HPOS="182" VPOS="1308" WIDTH="830" HEIGHT="30">
							<String ID="string_399" HPOS="182" VPOS="1310" WIDTH="29" HEIGHT="21" WC="0.95" CONTENT="de"/><SP WIDTH="16" VPOS="1310" HPOS="211"/>
							<String ID="string_400" HPOS="227" VPOS="1310" WIDTH="108" HEIGHT="28" WC="0.96" CONTENT="garantier"/><SP WIDTH="20" VPOS="1310" HPOS="335"/>
							<String ID="string_401" HPOS="355" VPOS="1309" WIDTH="37" HEIGHT="21" WC="0.96" CONTENT="vår"/><SP WIDTH="16" VPOS="1309" HPOS="392"/>
							<String ID="string_402" HPOS="408" VPOS="1309" WIDTH="95" HEIGHT="27" WC="0.96" CONTENT="urgamla"/><SP WIDTH="16" VPOS="1309" HPOS="503"/>
							<String ID="string_403" HPOS="519" VPOS="1308" WIDTH="143" HEIGHT="22" WC="0.96" CONTENT="konstitution"/><SP WIDTH="16" VPOS="1308" HPOS="662"/>
							<String ID="string_404" HPOS="678" VPOS="1309" WIDTH="110" HEIGHT="21" WC="0.96" CONTENT="innehållit"/><SP WIDTH="16" VPOS="1309" HPOS="788"/>
							<String ID="string_405" HPOS="804" VPOS="1309" WIDTH="47" HEIGHT="21" WC="0.96" CONTENT="icke"/><SP WIDTH="16" VPOS="1309" HPOS="851"/>
							<String ID="string_406" HPOS="867" VPOS="1310" WIDTH="36" HEIGHT="20" WC="0.91" CONTENT="äro"/><SP WIDTH="16" VPOS="1310" HPOS="903"/>
							<String ID="string_407" HPOS="919" VPOS="1309" WIDTH="93" HEIGHT="21" WC="0.91" CONTENT="tillräck-"/>
						</TextLine>
						<TextLine ID="line_41" HPOS="184" VPOS="1337" WIDTH="828" HEIGHT="30">
							<String ID="string_408" HPOS="184" VPOS="1340" WIDTH="48" HEIGHT="27" WC="0.83" CONTENT="liga."/><SP WIDTH="30" VPOS="1340" HPOS="232"/>
							<String ID="string_409" HPOS="262" VPOS="1338" WIDTH="34" HEIGHT="22" WC="0.95" CONTENT="En"/><SP WIDTH="17" VPOS="1338" HPOS="296"/>
							<String ID="string_410" HPOS="313" VPOS="1346" WIDTH="28" HEIGHT="20" WC="0.96" CONTENT="ny"/><SP WIDTH="22" VPOS="1346" HPOS="341"/>
							<String ID="string_411" HPOS="363" VPOS="1338" WIDTH="67" HEIGHT="21" WC="0.96" CONTENT="sådan"/><SP WIDTH="19" VPOS="1338" HPOS="430"/>
							<String ID="string_412" HPOS="449" VPOS="1338" WIDTH="85" HEIGHT="27" WC="0.96" CONTENT="garanti"/><SP WIDTH="16" VPOS="1338" HPOS="534"/>
							<String ID="string_413" HPOS="550" VPOS="1337" WIDTH="95" HEIGHT="21" WC="0.96" CONTENT="kommer"/><SP WIDTH="17" VPOS="1337" HPOS="645"/>
							<String ID="string_414" HPOS="662" VPOS="1337" WIDTH="102" HEIGHT="21" WC="0.96" CONTENT="Finlands"/><SP WIDTH="16" VPOS="1337" HPOS="764"/>
							<String ID="string_415" HPOS="780" VPOS="1338" WIDTH="45" HEIGHT="20" WC="0.96" CONTENT="folk"/><SP WIDTH="16" VPOS="1338" HPOS="825"/>
							<String ID="string_416" HPOS="841" VPOS="1340" WIDTH="31" HEIGHT="19" WC="0.96" CONTENT="att"/><SP WIDTH="16" VPOS="1340" HPOS="872"/>
							<String ID="string_417" HPOS="888" VPOS="1338" WIDTH="71" HEIGHT="24" WC="0.96" CONTENT="vinna,"/><SP WIDTH="15" VPOS="1338" HPOS="959"/>
							<String ID="string_418" HPOS="974" VPOS="1340" WIDTH="38" HEIGHT="19" WC="0.96" CONTENT="när"/>
						</TextLine>
						<TextLine ID="line_42" HPOS="184" VPOS="1366" WIDTH="828" HEIGHT="28">
							<String ID="string_419" HPOS="184" VPOS="1367" WIDTH="38" HEIGHT="22" WC="0.96" CONTENT="det"/><SP WIDTH="14" VPOS="1367" HPOS="222"/>
							<String ID="string_420" HPOS="236" VPOS="1367" WIDTH="32" HEIGHT="21" WC="0.96" CONTENT="till"/><SP WIDTH="24" VPOS="1367" HPOS="268"/>
							<String ID="string_421" HPOS="292" VPOS="1366" WIDTH="120" HEIGHT="22" WC="0.96" CONTENT="Monarken"/><SP WIDTH="20" VPOS="1366" HPOS="412"/>
							<String ID="string_422" HPOS="432" VPOS="1366" WIDTH="89" HEIGHT="21" WC="0.96" CONTENT="insända"/><SP WIDTH="16" VPOS="1366" HPOS="521"/>
							<String ID="string_423" HPOS="537" VPOS="1366" WIDTH="117" HEIGHT="28" WC="0.96" CONTENT="lagförslag"/><SP WIDTH="15" VPOS="1366" HPOS="654"/>
							<String ID="string_424" HPOS="669" VPOS="1366" WIDTH="110" HEIGHT="28" WC="0.93" CONTENT="angående"/><SP WIDTH="15" VPOS="1366" HPOS="779"/>
							<String ID="string_425" HPOS="794" VPOS="1366" WIDTH="218" HEIGHT="28" WC="0.91" CONTENT="styrelseledamöter-"/>
						</TextLine>
						<TextLine ID="line_43" HPOS="184" VPOS="1394" WIDTH="828" HEIGHT="30">
							<String ID="string_426" HPOS="184" VPOS="1404" WIDTH="38" HEIGHT="13" WC="0.93" CONTENT="nas"/><SP WIDTH="17" VPOS="1404" HPOS="222"/>
							<String ID="string_427" HPOS="239" VPOS="1395" WIDTH="138" HEIGHT="29" WC="0.91" CONTENT="ansvarighet"/><SP WIDTH="16" VPOS="1395" HPOS="377"/>
							<String ID="string_428" HPOS="393" VPOS="1395" WIDTH="55" HEIGHT="21" WC="0.96" CONTENT="inför"/><SP WIDTH="16" VPOS="1395" HPOS="448"/>
							<String ID="string_429" HPOS="464" VPOS="1395" WIDTH="197" HEIGHT="27" WC="0.96" CONTENT="representationen"/><SP WIDTH="18" VPOS="1395" HPOS="661"/>
							<String ID="string_430" HPOS="679" VPOS="1395" WIDTH="39" HEIGHT="20" WC="0.96" CONTENT="blir"/><SP WIDTH="15" VPOS="1395" HPOS="718"/>
							<String ID="string_431" HPOS="733" VPOS="1395" WIDTH="40" HEIGHT="27" WC="0.93" CONTENT="lag."/><SP WIDTH="32" VPOS="1395" HPOS="773"/>
							<String ID="string_432" HPOS="805" VPOS="1395" WIDTH="51" HEIGHT="21" WC="0.96" CONTENT="Men"/><SP WIDTH="16" VPOS="1395" HPOS="856"/>
							<String ID="string_433" HPOS="872" VPOS="1402" WIDTH="34" HEIGHT="14" WC="0.96" CONTENT="om"/><SP WIDTH="16" VPOS="1402" HPOS="906"/>
							<String ID="string_434" HPOS="922" VPOS="1394" WIDTH="90" HEIGHT="22" WC="0.96" CONTENT="sålunda"/>
						</TextLine>
						<TextLine ID="line_44" HPOS="184" VPOS="1423" WIDTH="828" HEIGHT="28">
							<String ID="string_435" HPOS="184" VPOS="1426" WIDTH="6" HEIGHT="20" WC="0.96" CONTENT="i"/><SP WIDTH="12" VPOS="1426" HPOS="190"/>
							<String ID="string_436" HPOS="202" VPOS="1426" WIDTH="60" HEIGHT="20" WC="0.95" CONTENT="detta"/><SP WIDTH="15" VPOS="1426" HPOS="262"/>
							<String ID="string_437" HPOS="277" VPOS="1424" WIDTH="103" HEIGHT="22" WC="0.96" CONTENT="afseende"/><SP WIDTH="16" VPOS="1424" HPOS="380"/>
							<String ID="string_438" HPOS="396" VPOS="1424" WIDTH="75" HEIGHT="21" WC="0.96" CONTENT="luckor"/><SP WIDTH="15" VPOS="1424" HPOS="471"/>
							<String ID="string_439" HPOS="486" VPOS="1423" WIDTH="42" HEIGHT="21" WC="0.93" CONTENT="och"/><SP WIDTH="16" VPOS="1423" HPOS="528"/>
							<String ID="string_440" HPOS="544" VPOS="1423" WIDTH="175" HEIGHT="28" WC="0.88" CONTENT="bristfälligheter"/><SP WIDTH="14" VPOS="1423" HPOS="719"/>
							<String ID="string_441" HPOS="733" VPOS="1423" WIDTH="73" HEIGHT="27" WC="0.96" CONTENT="finnas,"/><SP WIDTH="16" VPOS="1423" HPOS="806"/>
							<String ID="string_442" HPOS="822" VPOS="1423" WIDTH="24" HEIGHT="21" WC="0.96" CONTENT="så"/><SP WIDTH="16" VPOS="1423" HPOS="846"/>
							<String ID="string_443" HPOS="862" VPOS="1424" WIDTH="71" HEIGHT="20" WC="0.96" CONTENT="kunna"/><SP WIDTH="16" VPOS="1424" HPOS="933"/>
							<String ID="string_444" HPOS="949" VPOS="1424" WIDTH="63" HEIGHT="21" WC="0.96" CONTENT="dessa"/>
						</TextLine>
						<TextLine ID="line_45" HPOS="184" VPOS="1452" WIDTH="829" HEIGHT="29">
							<String ID="string_445" HPOS="184" VPOS="1453" WIDTH="48" HEIGHT="22" WC="0.96" CONTENT="icke"/><SP WIDTH="23" VPOS="1453" HPOS="232"/>
							<String ID="string_446" HPOS="255" VPOS="1453" WIDTH="64" HEIGHT="28" WC="0.96" CONTENT="fyllas"/><SP WIDTH="22" VPOS="1453" HPOS="319"/>
							<String ID="string_447" HPOS="341" VPOS="1460" WIDTH="76" HEIGHT="21" WC="0.96" CONTENT="genom"/><SP WIDTH="24" VPOS="1460" HPOS="417"/>
							<String ID="string_448" HPOS="441" VPOS="1460" WIDTH="25" HEIGHT="13" WC="0.96" CONTENT="en"/><SP WIDTH="23" VPOS="1460" HPOS="466"/>
							<String ID="string_449" HPOS="489" VPOS="1452" WIDTH="66" HEIGHT="21" WC="0.96" CONTENT="sådan"/><SP WIDTH="16" VPOS="1452" HPOS="555"/>
							<String ID="string_450" HPOS="571" VPOS="1452" WIDTH="100" HEIGHT="27" WC="0.96" CONTENT="tolkning"/><SP WIDTH="15" VPOS="1452" HPOS="671"/>
							<String ID="string_451" HPOS="686" VPOS="1452" WIDTH="23" HEIGHT="20" WC="0.92" CONTENT="af"/><SP WIDTH="14" VPOS="1452" HPOS="709"/>
							<String ID="string_452" HPOS="723" VPOS="1452" WIDTH="131" HEIGHT="25" WC="0.91" CONTENT="rättsbuden,"/><SP WIDTH="16" VPOS="1452" HPOS="854"/>
							<String ID="string_453" HPOS="870" VPOS="1460" WIDTH="44" HEIGHT="13" WC="0.93" CONTENT="som"/><SP WIDTH="18" VPOS="1460" HPOS="914"/>
							<String ID="string_454" HPOS="932" VPOS="1452" WIDTH="81" HEIGHT="27" WC="0.90" CONTENT="Lagut-"/>
						</TextLine>
						<TextLine ID="line_46" HPOS="184" VPOS="1480" WIDTH="829" HEIGHT="29">
							<String ID="string_455" HPOS="184" VPOS="1482" WIDTH="81" HEIGHT="21" WC="0.96" CONTENT="skottet"/><SP WIDTH="15" VPOS="1482" HPOS="265"/>
							<String ID="string_456" HPOS="280" VPOS="1482" WIDTH="57" HEIGHT="27" WC="0.96" CONTENT="gjort"/><SP WIDTH="16" VPOS="1482" HPOS="337"/>
							<String ID="string_457" HPOS="353" VPOS="1481" WIDTH="104" HEIGHT="28" WC="0.96" CONTENT="gällande,"/><SP WIDTH="11" VPOS="1481" HPOS="457"/>
							<String ID="string_458" HPOS="468" VPOS="1484" WIDTH="50" HEIGHT="17" WC="0.96" CONTENT="utan"/><SP WIDTH="17" VPOS="1484" HPOS="518"/>
							<String ID="string_459" HPOS="535" VPOS="1480" WIDTH="60" HEIGHT="21" WC="0.96" CONTENT="detta"/><SP WIDTH="15" VPOS="1480" HPOS="595"/>
							<String ID="string_460" HPOS="610" VPOS="1480" WIDTH="69" HEIGHT="21" WC="0.96" CONTENT="skulle"/><SP WIDTH="16" VPOS="1480" HPOS="679"/>
							<String ID="string_461" HPOS="695" VPOS="1480" WIDTH="47" HEIGHT="21" WC="0.96" CONTENT="leda"/><SP WIDTH="16" VPOS="1480" HPOS="742"/>
							<String ID="string_462" HPOS="758" VPOS="1481" WIDTH="31" HEIGHT="20" WC="0.96" CONTENT="till"/><SP WIDTH="15" VPOS="1481" HPOS="789"/>
							<String ID="string_463" HPOS="804" VPOS="1482" WIDTH="57" HEIGHT="19" WC="0.96" CONTENT="ännu"/><SP WIDTH="16" VPOS="1482" HPOS="861"/>
							<String ID="string_464" HPOS="877" VPOS="1482" WIDTH="67" HEIGHT="19" WC="0.93" CONTENT="större"/><SP WIDTH="15" VPOS="1482" HPOS="944"/>
							<String ID="string_465" HPOS="959" VPOS="1480" WIDTH="54" HEIGHT="28" WC="0.92" CONTENT="god-"/>
						</TextLine>
						<TextLine ID="line_47" HPOS="183" VPOS="1509" WIDTH="829" HEIGHT="30">
							<String ID="string_466" HPOS="183" VPOS="1511" WIDTH="71" HEIGHT="28" WC="0.94" CONTENT="tycke."/><SP WIDTH="46" VPOS="1511" HPOS="254"/>
							<String ID="string_467" HPOS="300" VPOS="1517" WIDTH="27" HEIGHT="21" WC="0.96" CONTENT="Jag"/><SP WIDTH="16" VPOS="1517" HPOS="327"/>
							<String ID="string_468" HPOS="343" VPOS="1510" WIDTH="41" HEIGHT="21" WC="0.96" CONTENT="kan"/><SP WIDTH="23" VPOS="1510" HPOS="384"/>
							<String ID="string_469" HPOS="407" VPOS="1509" WIDTH="47" HEIGHT="22" WC="0.96" CONTENT="icke"/><SP WIDTH="16" VPOS="1509" HPOS="454"/>
							<String ID="string_470" HPOS="470" VPOS="1509" WIDTH="112" HEIGHT="21" WC="0.96" CONTENT="underlåta"/><SP WIDTH="15" VPOS="1509" HPOS="582"/>
							<String ID="string_471" HPOS="597" VPOS="1511" WIDTH="33" HEIGHT="19" WC="0.96" CONTENT="att"/><SP WIDTH="15" VPOS="1511" HPOS="630"/>
							<String ID="string_472" HPOS="645" VPOS="1510" WIDTH="6" HEIGHT="19" WC="0.96" CONTENT="i"/><SP WIDTH="16" VPOS="1510" HPOS="651"/>
							<String ID="string_473" HPOS="667" VPOS="1509" WIDTH="152" HEIGHT="28" WC="0.96" CONTENT="sammanhang"/><SP WIDTH="15" VPOS="1509" HPOS="819"/>
							<String ID="string_474" HPOS="834" VPOS="1509" WIDTH="86" HEIGHT="21" WC="0.96" CONTENT="härmed"/><SP WIDTH="18" VPOS="1509" HPOS="920"/>
							<String ID="string_475" HPOS="938" VPOS="1509" WIDTH="74" HEIGHT="21" WC="0.96" CONTENT="beröra"/>
						</TextLine>
					</TextBlock>
				</ComposedBlock>
			</PrintSpace>
		</Page>
	</Layout>
</alto>
