1084 1764
183 110 41 21 770
443 114 25 17 R.
482 119 17 12 o.
511 114 26 17 A.
549 114 60 17 1908.
632 114 11 16 1
655 114 98 20 Augusti.

465 204 92 23 Värfvad
574 204 162 28 ordningsmilis.

251 269 34 21 Hr
300 268 117 22 Fraser
438 268 108 20 fortsatte:
566 267 34 27 Ja,
614 268 36 27 jag
665 275 113 21 upprepar,
793 271 32 17 att
841 269 34 27 jag
890 268 123 28 principielt

182 298 131 27 fullkomligt
329 296 73 22 ställer
417 297 43 27 mig
475 296 27 28 på
517 304 81 13 samma
614 296 134 28 ståndpunkt
763 304 44 14 som
823 276 35 41 Hr
873 296 139 22 Svinhufvud

182 326 40 22 och
238 326 73 21 andra.
341 325 98 21 Hvarför
460 326 35 27 jag
510 325 48 21 icke
574 324 48 22 dess
645 324 83 22 mindre
743 326 54 26 tagit
813 326 43 26 mig
871 325 93 21 friheten
981 329 32 17 att

181 356 30 20 uti
228 356 43 20 min
287 354 92 28 petition
395 353 86 21 förorda
497 360 26 14 en
539 353 90 21 värfvad
646 353 166 28 ordningsmilis,
828 361 39 13 var
879 354 38 20 det
927 357 30 18 att
969 355 44 27 mig

181 387 80 25 syntes,
284 386 32 18 att
338 382 207 21 tidsförhällandena
569 389 51 13 voro
636 381 24 21 så
680 382 155 26 allvarsamma,
851 382 65 21 redan
933 382 28 21 dä
977 383 35 27 jag

181 412 104 21 nedskref
307 411 72 21 denna
402 411 95 27 petition,
519 413 32 18 att
570 410 26 21 de
612 410 76 20 kräfde
704 410 97 21 fattande
817 411 23 20 af
856 411 156 28 ögonblickligt

181 440 77 22 beslut.
282 440 41 21 Att
339 439 84 21 tiderna
439 440 6 20 i
461 439 70 21 denna
546 438 65 22 stund
626 440 37 19 äro
680 440 26 19 än
720 439 95 25 bistrare,
826 440 61 20 torde
899 440 34 20 väl
945 440 66 20 kano-

181 476 72 18 nerna,
276 476 46 14 som
347 468 58 28 ljuda
427 468 47 20 från
498 467 92 21 nordens
614 467 116 24 Gibraltar,
754 468 50 20 bära
828 469 67 19 vittne
911 476 40 13 om.
982 468 31 21 Af

182 497 71 21 denna
268 496 65 22 orsak
351 496 117 21 besvarade
483 496 36 28 jag
534 496 75 27 frägan
626 503 33 13 om
676 498 65 18 sättet
757 496 34 21 för
806 504 26 13 en
849 496 97 21 inhemsk
963 497 49 20 ord-

180 527 75 27 nings-
269 526 42 21 och
327 524 171 22 säkerhetsmakt
521 524 47 21 med
592 527 32 18 att
646 524 42 20 den
713 524 38 21 bör
775 532 50 13 vara
846 525 97 26 värfvad,
963 525 48 21 icke

181 554 149 29 värnepligtig.
361 553 132 27 Fordringen
517 552 27 28 pä
560 556 32 18 att
614 554 71 20 armen
709 553 51 21 eller
782 554 83 20 milisen
889 554 54 20 skall
961 562 50 12 vara

181 583 90 21 värfvad
295 582 126 29 uppstäldes
444 582 75 20 enbart
542 581 28 28 pä
585 581 41 21 den
650 581 76 27 grund,
741 584 31 18 att
793 589 25 13 en
835 582 91 21 värfvad
947 586 64 24 trupp

181 612 41 20 kan
239 619 49 13 man
304 611 120 28 hopbringa
440 614 59 17 snart
513 610 64 28 sagdt
593 610 27 28 pä
635 611 27 20 24
678 611 90 23 timmar,
780 610 75 21 medan
869 611 34 27 jag
915 611 96 20 deremot

182 640 89 26 befarar,
287 643 32 17 att
335 647 26 13 en
377 639 143 28 värnepligtig
535 640 57 19 arm6
608 638 41 21 kan
667 639 84 20 komma
767 639 31 20 till
814 639 63 21 ständ
889 639 55 21 först
955 640 56 20 efter

180 670 28 20 24
224 668 107 27 månader,
355 667 40 21 och
411 668 20 20 vi
455 667 94 21 behöfva
572 667 47 21 icke
642 667 58 21 lefva
724 675 44 13 mer
790 669 25 19 än
840 668 82 20 hälften
944 668 23 20 af
983 669 27 19 24

180 697 81 21 veckor
276 697 35 21 för
326 699 33 19 att
373 696 65 20 redan
454 699 50 17 utan
521 703 26 13 en
564 697 56 19 armé
636 696 34 20 stä
685 695 117 22 beröfvade
818 697 17 27 ej
854 696 54 21 blott
919 696 37 21 allt
967 696 43 26 det,

180 734 45 13 som
242 727 22 19 vi
287 725 69 21 under
379 724 61 22 dessa
463 724 23 21 år
501 724 47 20 med
572 727 56 18 svett
652 724 40 21 och
716 724 68 26 möda,
803 724 48 21 med
876 725 77 21 strider
969 725 40 21 och

180 754 146 22 umbäranden
350 754 81 27 skapat,
454 756 51 18 utan
529 752 65 21 äfven
618 752 70 21 dertill
712 753 42 25 det,
770 760 44 14 som
831 753 80 21 seklers
929 754 80 25 mödor,

180 784 73 20 arbete
269 782 40 22 och
333 782 78 21 strider
433 781 64 21 hafva
520 782 66 27 gifvit
601 788 42 14 oss.
674 781 96 21 Stunden
792 783 22 19 är
829 782 90 20 sälunda
936 783 73 27 vigtig.

180 812 52 20 Man
256 811 35 21 mä
306 811 49 21 icke
378 810 98 21 använda
499 810 42 20 den
557 810 33 20 till
606 813 56 17 toma
678 810 152 21 formalistiska
853 818 156 20 resonnemang

180 841 31 20 till
227 839 138 29 åberopande
380 839 23 21 af
419 840 12 20 2
447 838 40 22 och
503 840 26 20 51
546 839 32 27 $8.
607 838 43 28 Jag
665 846 63 13 anser
743 838 59 21 detta
818 846 50 14 vara
885 846 25 14 en
930 839 79 21 forma-

180 870 54 24 lism,
250 876 44 14 som
317 868 49 21 icke
382 869 23 19 är
427 867 27 28 pä
470 868 31 20 sin
526 867 56 28 plats
597 868 6 20 i
620 867 133 21 närvarande
774 868 148 20 allvarsamma
941 869 68 26 ögon-

180 898 64 26 blick,
260 897 27 21 dä
302 897 38 21 det
361 896 65 28 gäller
441 896 48 21 hela
505 895 47 21 värt
573 896 62 20 lands
652 896 39 20 och
708 896 48 20 värt
771 896 57 21 folks
845 896 92 21 framtid.
967 896 42 28 Jag

180 928 23 19 är
219 927 5 20 i
241 926 76 21 många
334 925 92 28 punkter
441 932 51 13 ense
508 924 48 21 med
572 924 58 21 Frih.
647 924 117 21 Cronstedt
780 925 39 21 och
834 925 64 21 äfven
916 925 47 21 med
976 925 33 21 Hr

180 963 42 13 von
232 954 91 28 Wright,
335 953 126 26 Ferdinand,
477 953 40 21 och
534 953 42 21 kan
592 953 74 21 derför
681 953 47 21 icke
744 957 65 17 annat
824 955 26 19 än
867 961 57 18 anse,
936 957 30 17 att
978 957 31 17 ett

180 984 70 28 afslag
260 982 13 22 ä
283 983 118 28 petitionen
417 982 69 21 skulle
502 982 39 20 hos
557 981 47 21 hela
622 981 46 21 vårt
684 981 45 21 folk
746 982 67 21 väcka
827 982 87 21 känslor
925 982 46 20 utaf
981 990 26 13 en

180 1012 49 21 svär
246 1012 134 26 besvikning,
391 1018 44 14 som
453 1010 70 21 kunde
539 1010 35 21 för
590 1010 48 21 värt
653 1010 45 20 folk
714 1010 65 21 hafva
794 1010 115 28 ödesdigra
925 1010 83 28 följder.

179 1040 42 28 Jag
232 1042 23 20 är
266 1040 60 28 längt
342 1039 55 21 ifrän
413 1042 32 18 att
459 1046 52 14 anse
527 1040 43 20 min
586 1040 91 27 petition
694 1046 50 14 vara
760 1039 137 27 mönstergill,
913 1040 95 20 hvarken

179 1069 56 21 hvad
260 1069 128 27 motivering
411 1068 50 20 eller
477 1068 100 20 slutkläm
601 1067 104 21 beträffar.
734 1067 42 28 Jag
792 1068 37 20 har
845 1070 66 26 öppet
926 1068 83 26 uttalat,

179 1102 31 17 att
226 1098 149 21 slutklämmen
395 1096 116 22 innefattar
527 1096 33 21 för
576 1096 76 28 många
668 1096 155 28 divergerande
840 1097 97 27 punkter.
967 1096 42 28 Jag

179 1134 63 14 anser
257 1126 54 26 icke,
327 1128 32 18 att
380 1126 20 20 vi
417 1125 92 21 behöfde
531 1129 77 23 genast
624 1132 25 14 en
673 1124 123 28 fullfjädrad
813 1127 57 19 arm6
886 1125 47 21 med
950 1126 58 20 artil-

180 1156 44 24 leri,
240 1156 139 27 genitrupper
395 1154 39 21 och
451 1153 183 28 skärgärdsflotta,
649 1161 48 13 men
712 1154 36 28 jag
764 1154 70 27 ansåg,
850 1154 69 20 under
929 1154 36 20 det
973 1154 35 28 jag

179 1184 75 21 tänkte
270 1184 27 28 pä
321 1184 58 20 detta
397 1183 88 27 projekt,
501 1186 32 17 att
555 1182 131 21 tillkomsten
710 1182 22 21 af
748 1190 26 13 en
790 1183 58 20 stark
864 1182 145 28 skyddsmilis,

180 1221 26 13 en
223 1212 174 25 säkerhetsmilis,
413 1211 71 21 kunde
503 1211 133 21 underlättas
653 1211 22 20 af
690 1210 40 22 den
747 1211 192 28 omständigheten,
955 1215 30 17 att
1002 1212 5 20 i

179 1242 37 21 det
232 1243 21 19 vi
275 1241 172 27 sammanbringa
467 1240 124 21 densamma
614 1241 21 20 vi
651 1240 29 28 pä
694 1247 79 14 samma
796 1240 57 28 gång
870 1241 70 20 kunna
956 1240 52 28 hysa

180 1271 173 28 förhoppningen
377 1272 31 18 att
423 1270 6 19 i
445 1269 115 21 framtiden
584 1276 22 13 se
623 1268 71 21 denna
717 1269 55 21 milis
795 1269 115 21 utvecklad
934 1269 31 20 till
981 1277 26 12 en

179 1301 62 19 arm6.
271 1299 43 21 Det
331 1305 38 14 var
392 1305 26 14 en
433 1301 48 18 rent
502 1297 98 21 finansiel
615 1297 68 28 fräga,
698 1305 26 14 en
747 1297 95 22 finansiel
858 1298 89 28 hänsyn,
962 1305 46 14 som

178 1328 74 28 gjorde
267 1331 32 18 att
313 1328 36 27 jag
364 1327 74 20 tänkte
454 1326 30 21 sä.
514 1326 44 21 Det
574 1327 23 20 är
612 1326 35 21 väl
663 1326 128 28 fullkomligt
807 1326 88 28 onödigt
915 1326 34 21 för
965 1327 43 28 mig

179 1361 31 16 att
226 1357 48 27 ingä
285 1357 6 20 i
303 1357 95 20 närmare
414 1355 132 28 granskning
562 1354 22 21 af
604 1355 44 26 det,
663 1362 45 14 som
723 1355 36 28 jag
774 1355 67 28 ansäg
856 1363 51 13 vara
922 1355 35 21 för
972 1363 35 13 oss

179 1393 25 13 en
229 1385 104 28 lifsfräga,
350 1387 22 25 ty
396 1384 40 21 den
453 1387 101 18 motsatta
578 1383 83 28 äsigten
678 1383 38 22 har
738 1384 42 21 fått
795 1384 72 21 alltför
882 1384 125 28 kompetent

179 1414 89 27 försvar,
292 1421 48 13 men
356 1414 35 27 jag
413 1412 66 28 vägar
495 1412 57 21 dock
575 1412 56 21 sluta
648 1412 54 26 med,
716 1416 32 17 att
771 1412 57 21 hvad
845 1414 25 19 än
895 1413 36 20 det
946 1412 62 28 Hög-

179 1443 70 27 lofliga
273 1441 92 22 Ständet
380 1441 34 21 mä
436 1443 57 26 göra,
509 1448 34 13 om
568 1448 48 13 man
634 1441 37 20 vill
689 1444 49 25 taga
755 1441 46 21 bort
816 1441 73 28 början
907 1441 50 21 eller
973 1449 33 13 om

179 1479 48 13 man
244 1471 36 21 vill
296 1471 60 27 slopa
379 1470 71 26 slutet,
466 1469 23 22 sä
505 1469 67 21 mäste
594 1477 49 13 man
659 1469 69 22 lemna
744 1477 53 21 gvar
813 1477 25 14 en
855 1470 44 26 sak,
915 1470 40 21 och
971 1470 36 21 det

178 1501 23 20 är
217 1503 31 18 att
264 1500 127 21 ätminstone
411 1499 47 20 icke
474 1498 70 28 afslag
559 1498 72 28 gifves
648 1498 27 28 pä
691 1499 123 28 petitionen,
831 1502 50 17 utan
897 1502 32 18 att
943 1499 42 20 den
1001 1500 5 19 i
