1086 1764
369 107 220 34 Förehingsfriheten.
855 107 45 22 öd

67 187 101 27 förening
182 189 32 18 att
236 186 72 20 kunna
323 184 70 21 blifva
415 183 114 21 kollektivt
542 183 112 28 inbjuden,
669 183 21 21 d.
706 191 19 13 v.
741 189 16 15 s.
772 182 49 22 dess:
838 182 60 22 med-

67 217 91 21 lerämar
172 214 72 21 kunna
259 212 99 29 inbjudas
373 212 32 21 till
420 211 166 22 sammankomst
601 218 79 21 genom
697 212 104 20 kollektiv
809 211 86 28 inbjud=

68 246 59 25 ning.
143 243 12 21 I
165 243 40 21 den
217 241 66 30 andra
299 241 126 28 paragrafen
436 241 6 20 i
454 240 61 28 lagen
531 247 34 14 om
581 240 107 21 allmänna
704 239 194 22 sammankomster

68 273 47 22 åter
130 272 97 27 tillägges
243 270 100 27 förening
358 276 25 14 en
399 273 70 17 arinan
484 270 47 23 rätt,
546 268 109 28 nämligen
668 268 131 28 rättigheten
809 272 32 17 att
852 269 45 20 för-

68 295 92 39 snstalta
172 275 80 58 allmän
268 297 172 22 sammankomst.
465 297 42 21 Det
517 297 59 20 heter
587 297 116 28 nämligen,
713 299 32 19 att
757 296 72 28 »dylik
840 302 56 15 sama

68 329 122 22 mankoinst
205 327 35 22 må
261 326 137 21 föranstaltas
414 325 23 22 af
452 325 53 21 finsk
521 325 147 28 medborgare,
683 333 45 14 som
745 325 92 28 åtnjuter
852 324 43 28 god

68 357 56 29 frejd
148 356 40 22 och
208 356 48 21 icke
278 355 46 21 står
338 354 68 21 under
428 353 184 29 förmynderskap,
635 354 26 21 sä
675 354 42 21 ock
740 353 23 21 af
779 354 118 27 förening».

68 387 77 28 Enligt
168 386 41 20 min
233 384 64 21 tanke
321 383 40 21 kan
377 383 36 20 det
436 390 42 20 nog
501 383 65 20 finnas
589 382 47 21 skäl
653 382 34 21 för
706 385 31 18 att
757 382 140 21 förenämnda

69 415 125 27 rättigheter
210 413 47 21 icke
273 412 69 21 skulle
363 411 138 21 tillerkännas
517 418 25 13 en
559 411 48 21 icke
623 410 151 29 inregistrerad
791 411 108 27 förening,

69 443 91 22 emedan
177 448 47 15 man
240 449 33 13 om
290 440 70 21 denna
377 440 109 27 förenings
503 439 138 21 medlemmar
656 440 49 20 icke
716 439 38 21 har
764 439 41 21 den
818 439 80 21 känne-

68 473 57 25 dom,
141 479 44 14 som
201 478 25 13 ur
243 469 210 27 föreningsregistret
468 468 41 21 kan
525 468 83 21 hemtas
624 467 135 22 beträffande
776 467 122 22 inskrifven

68 501 75 22 sådan.
172 499 52 21 Men
247 499 84 20 dermot
346 505 35 13 ser
402 497 35 28 jag
452 496 35 21 för
507 497 43 20 min
566 495 35 22 del
625 497 48 20 icke
694 496 71 28 någon
781 495 117 28 anledning

69 527 112 29 föreligga,
191 527 88 22 hvarför
291 526 48 21 icke
355 533 25 14 en
397 524 163 29 oinregistrerad
576 525 101 27 förening
692 525 71 21 kunde
779 525 118 27 berättigas

69 561 33 18 att
117 556 125 22 föranstalta
265 555 77 21 allmän
358 553 167 22 sammankomst
547 553 43 21 lika
606 553 25 21 sä
650 554 35 20 väl
700 561 46 14 som
762 553 137 28 registrerad.

68 587 35 28 Ty
127 593 26 14 en
170 585 46 21 icke
240 583 127 28 registrerad
390 583 99 27 förening
512 583 23 20 är
549 582 21 28 ju
594 581 57 22 dock
668 589 26 14 en
711 582 64 28 laglig
790 582 107 27 förening,

69 613 43 24 och
127 615 71 20 säkert
220 615 29 24 är,
264 615 32 18 att
319 611 76 28 många
410 611 123 27 föreningar
555 610 116 22 framdeles
696 611 84 20 komma
796 613 31 18 att
842 610 55 21 fort-

71 643 62 22 bestå
148 643 70 21 såsom
234 641 47 22 icke
296 639 171 29 inregistrerade.
499 639 42 21 Det
556 641 23 19 är
594 639 35 21 väl
646 641 49 19 sant
710 639 40 21 och
762 639 61 21 torde
839 639 58 20 inom

71 673 113 22 Utskottet
206 669 134 25 framhällits,
356 672 31 17 att
409 676 34 13 om
459 668 58 27 dylik
533 667 99 29 förening
648 668 48 21 icke
712 668 50 28 sjelf
777 667 71 22 kunde
864 667 35 21 sä-

69 709 47 14 som
133 699 65 22 sädan
220 697 107 30 uppträda
342 704 46 14 som
410 694 149 23 föranstaltare
582 696 24 21 af
621 696 79 21 allmän
723 697 176 24 sammankomst,

69 730 26 21 sä
111 728 71 22 kunde
198 727 56 22 dock
270 726 137 21 medlemmar
421 726 23 20 af
459 725 122 21 densamma
596 725 119 28 tjenstgöra
731 733 45 13 som
792 732 106 14 samman-

71 758 81 22 kallare
167 756 41 22 och
223 755 75 22 dervid
315 754 65 22 också
396 754 93 28 angifva,
505 757 31 17 att
551 753 27 22 de
593 753 74 28 gjorde
684 753 36 22 det
735 753 13 21 å
759 753 139 28 föreningens

72 788 87 26 vägnar,
174 793 47 13 men
240 784 70 21 denna
325 783 92 28 omgäng
432 783 38 21 har
485 783 47 20 icke
548 782 70 28 nägon
635 783 45 20 inre
697 782 122 28 anledning,
834 782 65 21 hvar-

71 815 36 22 för
121 814 37 21 det
173 821 61 21 synes
247 813 47 27 mig,
305 814 31 19 att
352 819 25 14 en
389 813 42 19 rätt
447 813 31 19 att
493 811 126 21 föranstälta
635 811 77 21 allmän
729 811 168 21 sammankomst

71 843 75 22 kunde
168 846 50 18 utan
234 841 74 22 vidare
332 840 119 21 medgifvas
473 839 65 21 äfven
555 839 47 22 icke
625 839 151 28 inregistrerad
792 839 107 28 förening.

71 873 44 28 Jag
131 872 37 21 ber
190 870 72 22 derför
284 873 32 18 att
331 869 23 20 få
386 868 69 21 föreslå
471 867 94 29 följande
581 868 152 28 omstilisering
749 868 22 21 af
786 869 52 20 sista
855 875 45 14 mo-

73 904 82 18 tbentet
171 898 21 23 af
208 900 11 27 8
231 899 36 22 31:
285 897 130 28 »Rättighet,
430 904 45 14 som
492 896 27 29 pä
533 896 69 28 grund
619 897 23 20 af
658 897 11 20 1
686 897 13 27 &
715 897 6 20 i
736 897 61 28 lagen
811 902 33 15 om
861 896 38 21 all-

73 931 79 20 männä
176 927 189 22 sammankomster
387 927 24 20 är
432 925 115 22 tillerkänd
571 925 107 28 förening,
700 925 129 22 tillkommer
851 925 50 21 icke

72 958 107 27 förening,
193 956 87 22 hvilken
301 955 48 21 icke
365 955 72 20 blifvit
453 955 5 20 i
474 954 212 27 föreningsregistret
701 954 138 21 inskrifven.»

144 1010 33 25 Hr
199 1013 74 28 Georg
296 1019 56 14 von
375 1011 120 22 Wendt:
517 1011 43 28 Jag
578 1011 39 22 ber
632 1014 32 19 att
684 1011 23 21 få
722 1011 131 21 understöda
868 1010 36 22 Hr

74 1043 132 26 Estlanders,
216 1042 72 25 Ernst,
298 1041 86 28 förslag.

146 1100 33 21 Hr
200 1098 197 23 Cederholm:
418 1097 43 28 Jag
476 1097 38 22 har
533 1097 35 21 för
583 1097 42 21 min
641 1097 35 21 del
693 1097 47 22 icke
757 1097 65 28 något
837 1098 66 25 emot,

74 1133 33 18 att
123 1137 26 13 en
173 1128 65 21 sädän
262 1127 141 28 omredigering
440 1126 24 21 af
479 1127 52 20 sista
555 1129 116 18 momentet
686 1127 6 20 i
708 1125 70 22 denna
801 1125 101 29 paragraf

75 1162 51 24 eget
142 1162 51 21 rum,
208 1162 45 15 soti
269 1156 33 21 Hr
318 1155 116 22 Estlander
449 1155 116 27 föreslagit.
594 1154 13 21 I
622 1154 78 28 sjelfva
715 1155 75 20 verket
805 1153 96 22 uttalade

74 1188 37 28 jag
133 1187 43 27 niig
190 1187 7 20 i
214 1185 112 22 Utskottet
341 1184 6 21 i
363 1184 70 21 denna
456 1184 101 27 riktning,
572 1183 66 21 ehuru
654 1183 36 28 jag
704 1183 48 22 icke
768 1183 47 21 haft
831 1183 71 27 någon

75 1215 116 27 ätiledhing
213 1217 32 18 att
266 1213 100 28 särskildt
389 1216 109 17 reservera
522 1213 42 26 mig
580 1216 44 17 mot
639 1211 125 22 Utskottets
780 1212 124 27 stilisering,

75 1243 91 23 &medäti
178 1245 5 19 i
195 1243 76 28 sjelfva
286 1241 77 22 verket
377 1241 68 28 enligt
459 1241 41 20 den
517 1240 139 28 formulering
672 1240 152 29 Lagutskottet
836 1240 66 28 gifvit

77 1269 138 32 lägförslaget
230 1278 34 14 om
286 1270 106 21 allmänna
415 1269 191 22 sammankomster
621 1276 25 14 en
663 1269 55 21 enda
734 1274 77 23 person
827 1271 22 19 är
864 1269 39 20 be-

76 1302 88 27 fättigad
180 1303 31 19 att
221 1299 152 22 sammankalla
385 1299 88 20 allmänt
489 1299 62 24 möte,
567 1297 41 22 och
623 1297 36 22 vid
676 1297 76 22 sådant
767 1297 136 22 förhållande

75 1331 66 27 synes
157 1329 37 21 här
208 1328 48 22 icke
271 1332 51 17 vara
337 1327 61 28 fråga
413 1334 34 14 om
464 1327 69 27 någon
549 1326 155 29 inskränkning
719 1327 6 20 i
743 1327 26 20 de
782 1326 121 21 oinskrifna

77 1359 161 27 föreningarnas
254 1357 47 24 rätt,
312 1361 46 16 som
373 1355 69 22 skulle
458 1355 65 21 häfva
541 1354 70 29 någon
627 1362 45 14 som
688 1355 56 21 helst
757 1355 96 28 praktisk
865 1355 39 20 be-

77 1387 91 28 tydelse,
179 1386 27 21 dä
215 1387 21 27 ju
252 1385 88 22 hvilken
356 1388 45 17 som
417 1384 55 21 helst
488 1383 92 22 medlem
595 1383 23 21 af
633 1383 127 28 föreningen
775 1387 74 18 ensam
858 1383 45 21 kan

77 1415 153 22 sammankalla
246 1414 76 21 allmän
338 1413 175 21 sämmankörmst.

80 1489 1 3 :
149 1471 57 22 Frib
228 1479 57 13 von
308 1470 211 21 Willebrand:
543 1469 35 22 Då
597 1469 72 22 såsom
692 1469 23 21 af
730 1469 34 21 Hr
787 1467 122 27 Estlander,

79 1501 73 26 Ernst,
167 1501 39 21 och
229 1502 73 19 senast
314 1499 26 21 af
360 1499 35 20 Hr
410 1499 130 21 Cederholm
562 1498 111 29 päpekats,
689 1502 31 17 ett
734 1497 125 28 stadgande,
875 1496 35 22 af-
