1086 1764
361 106 214 32 Föreningsfriheten.
859 109 43 20 853

71 185 13 27 8
100 185 24 20 är
139 183 24 21 så
184 182 80 22 dunkel
288 181 41 22 och
345 182 40 21 kan
408 181 69 22 tillåta
492 181 24 21 så
539 181 77 28 mänga
639 181 59 22 olika
720 182 128 29 tolkningar,
870 185 32 18 att

71 214 36 27 jag
122 211 185 28 fortsättningsvis
329 210 67 21 måste
412 209 94 22 vidhålla
522 210 49 21 dess
587 210 135 28 uteslutning
738 211 51 20 eller
804 218 25 14 en
845 211 57 21 åter-

71 241 76 22 remiss
164 241 6 20 i
186 240 57 28 syfte
261 242 32 18 att
308 238 49 21 hela
379 239 180 27 föreningsrätten
575 239 6 20 i
597 238 76 22 landet
696 239 72 21 blefve
785 239 116 28 fråntagen

71 269 68 22 andra
162 270 26 19 än
211 268 68 21 finska
303 267 145 28 medborgare,
471 267 82 21 hvilket
574 267 36 28 jag
634 267 48 22 icke
706 267 67 22 finner
793 270 66 19 annat
874 269 27 20 än

72 297 85 28 skäligt.

142 354 34 21 Hr
191 353 29 23 V.
237 361 56 14 von
309 353 130 28 Wright:
454 352 12 21 I
482 355 88 18 motsats
586 352 32 21 till
634 352 59 21 Frih.
709 360 41 13 von
766 352 135 23 Willebrand

73 384 42 21 kan
126 383 36 28 jag
177 382 113 28 ingalunda
307 381 97 22 betrakta
420 381 65 22 saken
503 381 132 21 beträffande
651 381 252 28 arbetareföreningarna

73 412 30 27 sä,
119 415 32 18 att
166 411 62 21 dessa
244 411 124 26 föreningar
383 410 49 21 icke
448 410 68 21 skulle
532 409 51 21 falla
599 409 70 22 under
683 410 101 21 rubriken
801 410 102 28 korpora-

73 442 76 25 tioner,
163 447 57 14 »som
237 439 134 27 väsentligen
387 438 93 28 fullfölja
495 438 101 28 politiska
612 438 94 28 syften».
735 438 42 28 Jag
792 440 23 19 är
830 439 73 20 öfver-

73 469 68 29 tygad
156 476 40 18 om,
211 471 32 18 att
258 469 38 20 när
312 467 116 21 valstriden
445 467 108 27 verkligen
572 466 72 29 börjar
658 467 7 20 i
681 467 48 20 värt
740 467 56 25 land,
807 467 24 21 sä
841 467 61 21 skola

73 498 53 21 allas
142 499 54 26 ögon
212 498 83 27 öppnas
317 496 35 21 för
367 499 31 18 att
413 495 63 22 dessa
492 495 123 28 föreningar
631 495 110 28 verkligen
757 495 92 29 fullfölja
865 503 38 21 po-

74 526 72 21 litiska
161 525 78 29 syften.

144 582 34 22 Hr
200 582 74 27 Georg
297 589 56 13 von
376 581 118 21 Wendt:
515 581 42 27 Jag
572 581 38 21 vill
625 584 116 25 yttermera
757 582 6 20 i
778 581 123 28 anslutning

74 612 33 20 till
130 611 34 21 Hr
179 618 41 14 von
238 610 97 28 Wrights
357 610 136 27 andragande
516 609 80 26 anföra,
612 612 32 18 att
663 609 28 21 dä
706 609 65 21 redan
787 609 60 21 detta
862 609 39 21 fall

75 640 42 21 kan
132 640 59 28 gifva
208 639 115 27 anledning
338 638 32 21 till
386 638 23 21 sä
422 638 56 20 olika
489 638 123 28 tolkningar
623 638 57 21 inom
692 638 97 26 Ständet,
800 638 24 21 sä
835 638 66 21 borde

75 668 114 22 framtiden
206 668 101 28 besparas
324 674 25 14 en
366 666 138 28 fortsättning
520 666 22 21 af
557 666 72 21 denna
644 667 172 27 tolkningsstrid.

145 725 34 21 Hr
192 724 64 22 Ferd.
272 732 57 13 von
348 724 130 21 Wright:
494 723 74 22 Afven
585 724 34 28 jag
635 724 38 21 ber
688 726 32 19 att
735 723 23 21 få
773 724 130 21 understöda

75 755 43 21 den
134 754 66 21 andra
215 753 161 21 reservationen
392 760 25 14 och
448 752 102 22 särskildt
565 760 14 20 pä
608 752 27 21 de
651 752 53 25 skäl,
720 760 45 14 som
781 751 83 23 anförts
880 752 23 21 af

75 783 35 21 Hr
133 782 134 26 Cederholm,
282 784 110 25 gentemot
414 781 34 21 Hr
464 788 42 14 von
532 780 79 22 Wendt
633 781 82 28 päyrka
738 784 32 18 att
785 782 12 20 5
814 782 12 26 &
843 781 60 21 bibe-

76 812 68 21 hälles
167 811 23 21 sä
204 811 33 21 till
260 811 57 25 vida,
332 812 31 19 att
386 810 38 21 der
439 810 144 27 uttryckligen
607 810 120 28 stipuleras,
742 813 31 17 att
795 817 108 21 personer,

77 848 45 14 som
139 840 49 28 vilja
210 839 83 21 inträda
310 840 6 19 i
331 838 124 28 föreningar
470 839 6 20 i
492 838 59 21 detta
569 838 52 21 land
636 838 48 22 med
700 838 134 28 väsentligen
849 838 54 29 poli-

76 869 54 21 tiskt
145 868 62 29 syfte,
222 868 62 21 skola
300 874 51 15 vara
366 867 72 21 finnar.

147 925 61 21 Efter
225 924 86 22 härmed
335 924 92 21 afslutad
450 924 122 21 diskussion
587 924 126 21 framstälde
728 924 34 21 Hr
777 924 130 21 Landtmar-

77 954 90 22 skalken
183 954 31 21 till
229 954 27 21 R.
271 961 19 13 o.
305 954 39 20 A:s
360 953 133 21 besvarande
509 952 55 22 efter
579 952 122 22 hvarandra
716 952 93 29 följande
825 955 81 19 tvenne

250 1038 488 28 Omröstningspropositioner:

149 1098 39 26 1:0)
204 1097 55 25 Den,
275 1104 44 14 som
336 1096 37 21 vill
388 1096 33 20 till
436 1096 211 28 kontraproposition
664 1098 57 19 emot
734 1096 123 22 Utskottets
868 1096 38 22 be-

78 1126 108 26 tänkande
202 1125 133 22 beträffande
352 1126 12 26 $
378 1126 13 20 5
407 1128 77 24 antaga
500 1124 65 21 andra
579 1125 168 26 reservationen,
762 1126 69 20 röstar
845 1126 33 28 ja;

148 1184 74 21 vinner
242 1183 41 28 nej,
297 1182 39 21 har
351 1182 25 21 R.
392 1189 19 14 o.
426 1182 27 21 A.
468 1182 32 20 till
516 1182 211 28 kontraproposition
743 1185 56 18 emot
813 1182 94 22 Utskot-

77 1216 44 18 tets
144 1212 135 22 betänkande
303 1212 83 27 antagit
407 1210 35 22 Hr
457 1218 43 14 von
522 1210 93 22 Wendts
638 1210 82 28 förslag
741 1218 35 14 om
791 1212 46 26 8:ns
859 1213 46 19 ute-

79 1241 105 22 slutande.

148 1298 77 22 Denna
258 1297 279 28 omröstningsproposition
567 1296 129 22 besvarades
727 1296 48 22 med
806 1296 100 22 öfvervä-

78 1327 70 29 gande
163 1328 25 26 ja.

148 1385 41 26 2:0)
205 1383 55 28 Den,
275 1390 46 14 som
340 1382 126 28 godkänner
481 1382 124 22 Utskottets
621 1382 136 21 betänkande
772 1382 133 22 beträffande

79 1414 13 27 8
108 1414 19 27 5,
143 1414 68 20 röstar
225 1413 31 28 ja;

148 1470 75 21 vinner
245 1469 41 28 nej,
301 1468 39 21 har
358 1468 25 21 R.
399 1475 19 14 o.
434 1468 25 21 A.
476 1467 133 22 beträffande
625 1469 12 26 $
653 1469 12 20 5
682 1468 89 21 beslutit
790 1468 116 28 godkänna

78 1499 160 22 reservationen
251 1497 33 27 II;
