1081 1761
179 118 41 21 708
456 122 24 16 R.
493 126 19 12 o.
523 122 26 16 A.
560 121 60 17 1906.
640 121 25 17 13
676 121 52 17 Juli.

178 191 45 21 stär
245 191 33 21 till
302 188 115 30 Ryssland,
439 188 42 22 och
502 188 59 22 detta
580 189 68 28 gäller
663 189 69 28 enligt
746 190 44 20 min
806 189 66 22 tanke
887 190 67 21 ocksä
971 190 41 21 den

178 219 35 22 del
236 219 24 21 af
282 220 41 26 &:n,
347 225 46 14 som
415 217 153 28 Lagutskottet
590 218 103 25 uteslutit,
717 218 106 28 nämligen
848 226 35 13 om
899 218 66 22 straff
979 218 34 21 för

179 248 48 26 den,
242 255 46 14 som
304 254 79 21 genom
399 246 120 28 uppenbart
534 246 149 28 sanningslösa
699 246 111 28 uppgifter
819 247 65 21 söker
895 247 69 21 väcka
976 247 37 21 hat

179 276 41 21 och
235 276 110 27 missämja
361 254 89 42 emellan
467 274 175 28 Kejsaredömets
652 274 127 28 befolkning
794 274 41 22 och
852 275 83 21 landets
951 276 60 20 inne-

179 305 101 28 byggare.
310 303 43 28 Jag
377 303 41 20 kan
441 303 48 21 icke
505 304 43 19 rätt
562 303 54 20 fatta
633 302 27 29 på
676 302 57 22 hvad
749 303 69 27 grund
835 303 71 22 denna
922 304 90 21 uteslut-

179 334 52 27 ning
246 333 39 20 har
299 333 66 20 skett.
393 331 42 28 Jag
455 331 126 28 medgifver,
604 335 30 17 att
650 331 67 21 saken
734 331 48 22 icke
797 333 24 19 är
836 332 24 21 af
874 332 25 21 så
913 335 46 18 stor
975 332 37 21 be-

180 361 90 29 tydelse,
284 368 50 14 men
350 360 69 21 finner
433 359 34 22 för
482 360 44 21 min
542 359 34 22 del
592 359 59 22 detta
667 359 119 29 stadgande
798 360 111 28 påkalladt
922 361 41 21 och
975 361 37 20 ber

179 391 23 20 få
218 389 88 22 förorda
321 390 29 20 24
365 389 12 27 &
393 388 68 28 enligt
484 388 123 22 Utskottets
625 388 81 28 förslag
722 388 40 22 och
778 390 27 20 25
821 389 13 28 &
850 389 67 28 enligt
932 397 80 20 propo-

180 419 99 21 sitionen.

249 475 34 21 Hr
305 474 197 28 Furuhjelm:
529 473 9 22 I
561 473 116 28 anledning
692 474 23 21 af
730 474 57 21 Frih.
804 474 92 22 Wredes
911 475 101 28 yttrande

179 504 38 22 ber
232 505 35 27 jag
283 506 32 19 att
329 503 24 21 fä
368 503 56 21 fästa
440 502 216 29 uppmärksamheten
673 503 36 20 vid
726 506 38 23 att,
779 504 6 20 i
799 503 38 21 fall
854 503 74 22 landet
940 504 71 28 nägon

180 533 57 28 gäng
253 533 86 20 komme
355 534 31 18 att
400 531 83 28 hugnas
499 531 48 21 med
564 538 26 14 en
605 531 123 22 reaktionär
742 531 41 22 och
799 536 58 17 emot
872 532 92 21 friheten
979 533 33 20 ill-

180 561 60 28 villig
262 561 107 28 regering,
392 560 36 21 det
447 560 34 21 för
497 567 26 14 en
540 559 66 22 sädan
622 561 100 26 regering
738 560 41 21 kan
796 561 68 20 blifva
879 564 78 25 ytterst
972 562 40 20 lätt

180 592 31 18 att
225 596 78 21 genom
319 588 136 28 fördöljande
471 588 23 21 af
508 588 28 20 de
551 588 128 27 handlingar
702 591 99 25 parterna
819 589 79 27 begära
913 590 98 21 försvära

180 618 51 21 eller
254 617 140 29 omöjliggöra
416 620 31 18 att
469 616 133 28 ädagalägga
620 617 120 27 sanningen
756 617 23 21 af
794 618 117 28 uppgifter,
926 626 46 13 som
989 618 22 21 af

182 648 118 26 egeringen
324 645 127 21 betecknats
467 652 46 14 som
529 645 98 27 oriktiga.

249 703 34 21 Hr
302 702 31 22 af
360 702 190 21 Hällström:
573 702 60 21 Minä
657 702 120 28 puolestani
800 704 88 28 pitäisin
911 707 99 19 onnetto-

180 735 108 21 muutena,
302 732 33 28 jos
351 738 26 14 ne
394 731 60 21 kaksi
471 730 97 29 pykälää,
582 732 64 27 joista
658 735 38 24 nyt
709 739 27 13 on
746 732 112 28 yhteisesti
871 733 140 27 keskusteltu,

179 760 200 21 lakiehdotuksesta
402 760 126 27 poistetaan.
559 759 89 28 Pyydän
671 760 119 21 sentähden
813 761 65 21 ilman
902 762 108 27 pitempää

180 790 166 20 motiveerausta
362 787 101 22 ehdottaa
479 787 71 22 niiden
566 788 150 28 säilyttämistä
732 788 156 23 Valiokunnan
905 789 106 22 ehdotuk-

179 825 38 14 sen
233 817 99 22 mukaan.

249 875 34 21 Hr
305 874 225 28 Charpentier:
553 873 99 21 Orsaken
676 874 32 20 till
729 877 32 18 att
785 875 47 21 frän
849 876 27 20 25
892 876 12 26 &
920 876 89 21 uteslöts

180 904 26 21 de
222 904 23 21 af
260 903 59 21 Frih.
345 902 78 21 Wrede
442 902 96 21 citerade
554 902 66 21 orden
636 902 6 20 i
658 903 161 27 propositionen
841 903 39 21 har
895 904 66 21 också
976 905 33 20 sin

179 932 95 22 historia.
303 932 45 20 Det
369 930 106 28 föreslogs
498 931 58 21 inom
580 930 154 28 Lagutskottet
756 935 31 17 att
809 932 32 21 till
864 932 99 28 tillägget
977 933 32 21 till

180 961 129 27 strafflagen
325 960 70 21 skulle
410 959 62 28 fogas
488 962 31 18 ett
535 962 47 26 nytt
597 959 119 28 stadgande
732 960 79 28 derom,
824 963 33 19 att
867 961 142 28 uppeggande

179 990 32 21 till
227 989 37 22 hat
279 988 42 22 och
337 988 107 28 missämja
460 988 78 21 mellan
554 988 159 21 folkklasserna
728 989 57 21 inom
802 992 50 24 eget
867 989 49 21 land
940 990 69 21 skulle

179 1018 68 22 blifva
269 1016 89 29 belagdt
379 1016 48 22 med
450 1016 72 27 straff,
544 1024 48 14 men
614 1016 60 22 detta
697 1017 81 28 förslag
793 1018 38 20 föll
848 1018 48 21 med
913 1020 11 20 7
941 1020 68 20 röster

180 1049 57 19 emot
252 1047 19 21 8.
301 1045 53 22 Med
370 1045 117 28 anledning
502 1045 62 21 häraf
579 1045 78 28 ansägs
672 1046 48 21 icke
736 1046 67 22 heller
813 1046 66 29 nägot
889 1047 120 28 stadgande

179 1075 111 28 angäende
306 1074 142 29 uppeggande
463 1074 33 21 till
511 1074 37 21 hat
562 1074 41 21 och
618 1074 108 29 missämja
741 1075 76 21 mellan
834 1076 70 20 folket
919 1076 38 22 här
967 1076 41 21 och

179 1105 6 20 i
209 1103 152 29 Kejsardömet
384 1110 51 14 vara
458 1102 28 29 pä
508 1103 34 21 sin
559 1102 61 29 plats.
650 1102 66 22 Detta
732 1105 24 19 är
770 1104 91 21 orsaken
877 1104 31 21 till
925 1108 32 18 att
971 1104 37 22 det

180 1133 87 27 förslag,
283 1140 45 13 som
345 1132 6 20 i
367 1131 114 22 Utskottet
497 1131 28 29 pä
541 1131 66 21 andra
622 1131 47 21 skäl
685 1132 88 22 väcktes
788 1140 33 14 om
839 1133 136 22 uteslutande
986 1133 23 21 af

180 1162 62 20 dessa
257 1160 165 28 ifrågavarande
438 1160 37 21 två
490 1160 63 21 rader
568 1160 47 20 från
632 1160 12 27 &
660 1161 33 26 25,
710 1168 55 13 vann
783 1161 65 28 nödig
864 1162 111 28 majoritet.

248 1251 71 22 Sedan
343 1251 151 22 diskussionen
517 1251 112 28 angående
652 1251 59 22 detta
726 1252 81 29 förslag
821 1253 33 21 till
870 1253 35 29 lag
919 1254 87 21 härmed

179 1281 116 27 afstannat,
315 1280 162 21 öfverlemnade
492 1279 35 22 Hr
542 1279 208 23 Landtmarskalken
766 1282 32 21 till
813 1281 103 22 Ståndets
933 1283 75 21 besva-

179 1309 67 22 rande
261 1309 95 29 följande

365 1395 454 29 Omröstningsproposition:

248 1481 55 27 Den,
318 1488 46 15 som
380 1480 38 22 vill
434 1480 50 29 ingå
505 1481 7 21 i
533 1480 199 30 detaljgranskning
753 1481 24 22 af
799 1482 148 29 föreliggande
962 1484 45 29 lag-

178 1511 88 28 förslag,
280 1511 69 20 röstar
363 1510 30 28 ja;
