1081 1759
343 119 36 20 Ny
391 118 217 20 Riddarhusordning.
855 113 42 20 527

137 189 12 25 8
165 188 39 21 43.
234 186 271 22 Riddarhussekreteraren
516 185 38 21 och
567 185 261 22 Riddarhuskamreraren
842 189 55 18 samt

67 216 69 27 öfrige
155 216 128 27 tjenstemän
299 214 100 22 tillsättas
416 214 28 27 pä
459 216 43 19 sätt
517 214 117 21 adelsmöte
649 214 122 22 förordnar.

137 245 12 27 8
163 244 37 22 44.
231 244 46 21 När
291 243 60 27 fräga
375 242 89 28 uppstär
487 249 34 14 om
537 242 91 26 ändring
642 242 24 21 af
680 244 71 20 denna
766 242 130 22 Riddarhus-

68 274 99 26 ordning,
183 272 52 22 skall
252 272 65 21 saken
333 272 59 20 alltid
408 272 120 20 remitteras
543 270 31 22 till
590 271 90 26 utskott,
697 278 47 14 som
763 271 37 21 har
815 273 31 19 att
861 272 36 20 be-

67 302 108 22 tänkande
193 300 98 22 deröfver
314 300 32 21 till
361 300 128 21 adelsmötet
504 299 82 27 afgifva.
617 299 75 22 Skulle
708 302 68 18 mötet
797 300 8 20 i
826 300 71 20 anled-

68 331 53 26 ning
144 329 61 22 deraf
224 329 85 21 besluta
324 329 70 26 nägon
419 328 90 26 ändring
524 328 22 20 af
559 328 252 27 Riddarhusordningen,
833 328 65 21 varde

69 366 82 14 samma
173 358 72 21 beslut
259 358 7 21 i
282 356 170 27 underdänighet
471 356 153 21 öfverlemnadt
647 357 32 21 till
702 357 61 21 Hans
787 356 110 27 Majestäts

68 388 85 26 Nädiga
175 386 141 25 stadfästelse,
333 386 39 20 och
394 386 96 20 kommer
514 385 40 25 det,
570 385 23 21 sä
615 384 67 22 framt
705 386 36 20 det
762 384 137 22 oförändradt

69 416 131 28 godkännes,
216 418 32 18 att
263 416 76 26 genast
353 414 22 21 få
391 414 97 26 gällande
503 413 61 21 kraft.

141 445 12 26 8
167 444 38 21 45.
235 444 34 20 De
289 443 77 25 beslut,
382 442 71 21 hvilka
475 442 105 21 innehälla
600 448 51 15 svar
667 442 28 27 pä
710 442 188 27 framställningar,

69 474 72 21 hvilka
155 473 32 21 till
203 472 156 26 Ridderskapet
375 471 39 21 och
430 471 68 21 Adeln
516 470 84 26 aflätits,
616 470 111 22 äfvensom
745 471 26 21 de
786 470 112 22 framställ-

69 503 84 26 ningar,
175 500 72 22 hvilka
271 500 117 21 adelsmöte
413 500 93 25 beslutit,
529 499 59 21 skola
614 505 78 20 genom
719 499 122 21 skrifvelser
867 499 31 21 till

70 532 62 20 Hans
147 530 100 26 Majestät
262 528 96 27 afgifvas.

141 559 10 27 8
167 559 36 21 46.
235 558 25 26 Ej
281 558 35 20 mä
338 557 71 27 nägon
430 556 120 27 expedition
564 556 47 21 frän
628 556 118 21 adelsmöte
761 557 57 26 utgä,
834 556 65 21 innan

71 588 41 21 den
128 587 70 21 blifvit
212 586 98 27 justerad
325 585 55 21 inför
395 587 68 19 mötet
478 585 52 21 eller
545 585 26 21 de
586 584 182 27 förtroendemän,
784 592 45 14 som
845 586 7 20 i
868 585 31 21 sä-

72 617 52 21 dant
139 616 100 21 afseende
254 616 85 20 utsetts.

170 644 36 22 47.
236 643 125 21 Adelsmöte
383 642 35 21 mä
433 642 17 26 ej
474 641 88 22 fortfara
577 642 75 26 längre
667 642 31 21 tid
714 644 26 18 än
756 642 46 27 fyra
817 642 83 24 veckor,

72 674 24 21 sä
111 673 65 21 framt
194 672 17 27 ej
229 672 66 21 minst
310 674 33 18 tre
361 670 127 28 fjerdedelar
504 670 23 21 af
540 670 158 27 Ridderskapet
714 671 39 21 och
769 670 80 22 Adelns
865 670 35 22 vid

72 704 67 19 mötet
161 700 176 28 representerade
355 700 138 21 medlemmar
509 699 134 21 annorlunda
656 699 90 21 besluta.
776 699 124 21 Adelsmöte

73 731 34 21 må
123 730 54 22 dock
196 729 95 25 afslutas,
307 729 65 20 innan
387 728 47 27 fyra
449 728 77 21 veckor
541 728 140 26 tilländagått,
698 728 70 21 såvidt
783 728 117 21 ärendenas

73 759 130 27 behandling
218 758 36 22 det
269 758 84 20 tillåter.

144 789 11 26 8
171 788 37 27 48.
234 787 83 21 Genom
341 786 70 21 denna
433 784 216 28 Riddarhusordning
672 785 77 21 varder
770 784 131 22 Riddarhus-

74 817 119 27 ordningen
209 815 22 21 af
245 816 40 20 den
301 815 25 21 21
344 814 61 27 April
422 814 55 21 1869
493 814 31 20 till
539 812 55 22 kraft
609 814 40 20 och
665 814 79 20 verkan
761 813 100 27 upphäfd.

145 952 135 28 Helsingfors
297 953 40 21 den
355 953 11 20 1
382 952 52 22 Juni
451 952 61 20 1906.

145 1128 11 20 I
176 1127 39 21 den
239 1126 86 26 slutliga
347 1124 157 27 behandlingen
527 1124 23 21 af
563 1124 58 21 detta
642 1124 79 21 ärende
737 1123 62 22 hafva
815 1123 88 27 deltagit

76 1156 142 22 ordföranden
242 1154 98 21 Friherre
364 1153 147 25 Cedercreutz,
536 1152 145 22 ledamöterne
707 1152 99 22 Friherre
829 1152 25 22 G.
876 1152 26 22 A.

77 1185 135 27 Gripenberg
234 1185 55 19 samt
310 1182 82 21 Herrar
414 1181 68 22 Adolf
495 1180 95 22 Aminoff
604 1181 90 27 (delvis),
711 1181 73 27 Georg
800 1180 102 26 Granfelt,

76 1214 22 21 af
120 1213 119 22 Hällström
262 1211 83 27 (delvis)
367 1210 39 22 och
428 1210 150 26 Wallensköld,
601 1210 112 21 äfvensom
737 1210 166 27 suppleanterne

76 1242 84 21 Herrar
182 1242 25 20 A.
224 1247 40 15 von
288 1240 74 21 Collan
383 1240 27 26 j:r
426 1239 88 27 (delvis),
530 1239 50 21 Uno
595 1238 150 27 Wasastjerna
760 1238 39 22 och
815 1238 52 22 Axel
883 1238 22 22 af

77 1271 106 21 Forselles
199 1269 89 27 (delvis).
