1084 1767
164 115 41 21 812
417 120 26 16 R.
455 124 18 12 o.
485 120 24 16 A.
522 119 60 17 1906.
606 119 28 17 30
647 119 95 21 Augusti.

360 210 446 28 Omröstningsproposition:

233 280 54 26 Den,
313 286 46 14 som
385 278 124 28 godkänner
532 280 12 20 2
567 286 62 13 mom.
646 279 6 20 i
668 279 14 21 8
698 280 12 26 8
730 279 22 21 af
772 279 125 22 Utskottets
919 279 76 22 betän-

165 308 75 26 kande,
255 310 70 19 röstar
339 308 30 28 ja;

234 366 75 21 vinner
332 366 41 27 nej,
395 365 39 21 har
455 365 26 21 R.
497 372 18 14 0.
530 366 27 20 A.
578 364 98 28 godkänt
698 366 13 20 2
734 373 62 15 mom.
815 367 6 20 i
845 367 14 21 8
880 367 13 27 &
917 366 80 22 sådant

165 395 37 21 det
216 394 61 28 lyder
293 395 6 20 i
316 394 78 28 nädiga
411 394 168 28 propositionen.

233 480 59 21 Enär
308 480 70 21 denna
395 480 132 27 proposition
545 479 43 22 blef
604 479 104 22 besvarad
725 480 47 21 med
789 482 26 20 21
831 481 21 28 ja
863 481 40 21 och
915 483 28 20 35
955 482 41 27 nej,

165 509 54 21 hade
234 509 26 21 R.
276 516 19 14 o.
310 509 27 20 A.
353 508 96 28 godkänt
465 511 12 18 2
493 515 62 14 mom.
571 509 6 20 i
594 509 12 20 8
622 509 13 26 $
652 509 66 27 enligt
734 509 77 28 nädiga
827 511 168 26 propositionen.

234 605 46 23 Vid
297 605 180 28 föredragningen
493 605 22 21 af
531 606 13 26 $
560 606 12 20 9
588 605 71 21 anhöll

234 674 33 22 Hr
282 675 159 27 Törngren
465 681 34 14 om
523 673 61 22 ordet
604 673 41 22 och
660 675 94 27 yttrade:
771 675 96 22 Oaktadt
883 675 34 28 jag
933 677 24 20 är
972 676 23 21 af

166 703 40 22 den
223 703 174 29 uppfattningen,
412 705 31 18 att
459 703 309 21 ministerstatssekreterarens
789 704 138 27 ansvarighet
943 712 52 13 vore

166 732 22 21 af
203 732 51 21 allra
278 733 79 20 största
377 731 111 28 betydelse
510 731 42 21 och
566 731 36 28 jag
617 731 32 20 till
665 731 54 22 fullo
735 732 57 21 inser
807 732 37 21 det
860 733 113 28 vanskliga
988 735 6 19 i

166 764 31 17 att
212 761 52 20 söka
280 760 93 21 beräkna
389 759 120 22 chancerna
525 760 34 20 för
574 759 70 21 denna
660 760 46 27 lags
722 760 155 27 stadfästande,
892 761 24 21 sä
932 769 63 14 anser

166 790 35 27 jag
217 789 62 26 ändä,
302 793 31 17 att
356 788 123 21 införandet
494 789 7 20 i
517 789 35 26 lag
568 789 22 20 af
606 788 41 21 den
664 789 140 28 bestämning,
819 797 45 14 som
881 789 114 22 Utskottet

166 818 38 21 här
218 818 112 27 föreslagit
354 817 47 21 med
422 817 103 21 afseende
541 817 13 20 &
569 817 298 22 ministerstatssekreteraren
885 818 40 21 och
943 818 52 22 hans

166 847 86 28 adjoint,
267 846 70 21 skulle
353 846 6 20 i
375 846 51 21 allra
442 845 76 28 högsta
533 845 53 28 grad
602 846 113 27 äfventyra
726 846 149 28 lagförslagets
887 847 108 26 sanktion,

166 875 88 21 hvarför
267 875 36 28 jag
319 875 5 20 i
341 874 42 21 den
399 874 95 28 punkten
511 874 81 28 nödgas
608 874 90 21 omfatta
715 876 159 20 reservationen
890 875 41 22 N:o
949 877 17 20 1.

236 944 33 21 Hr
283 943 124 22 Munck:
419 943 63 22 Huru
498 943 95 28 önskligt
609 945 26 19 än
653 943 122 22 införandet
790 944 23 21 af
828 952 26 13 en
870 944 41 21 isä
928 944 67 22 måtto

166 973 126 28 fullständig
308 972 240 28 ministeransvarighet,
564 972 104 21 afseende
684 973 63 20 äfven
764 973 26 20 de
801 973 37 20 två
849 981 107 20 personer,
967 973 27 22 de

166 1002 55 21 enda
237 1003 5 20 i
260 1001 84 22 hvilkas
359 1001 46 21 tite]
422 1001 61 21 ordet
499 1001 96 20 minister
610 1001 67 27 ingär,
693 1003 26 19 än
735 1009 57 17 vore,
807 1002 82 27 nödgas
904 1003 35 27 jag
955 1002 40 21 lik-

167 1031 32 20 väl
224 1030 74 21 förena
322 1031 43 24 mig
385 1029 47 21 med
449 1029 41 22 den
506 1029 132 28 föregäende
654 1031 64 20 ärade
733 1030 79 21 talaren
829 1031 42 20 och
886 1031 108 28 tillstyrka

166 1060 159 20 reservationen
348 1058 42 21 N:o
416 1059 17 20 1.
463 1058 42 27 Jag
528 1058 38 21 har
581 1059 20 27 ju
618 1059 135 28 personligen
770 1059 55 20 varit
840 1060 6 20 i
863 1059 84 21 tillfälle
963 1063 32 17 att

166 1095 29 17 se,
211 1088 87 21 hvilken
315 1091 46 18 stor
375 1087 39 21 roll
431 1087 298 21 ministerstatssekreteraren
752 1087 40 21 kan
809 1088 59 28 spela
884 1088 40 21 och
940 1088 55 21 hvil-

167 1117 39 20 ken
231 1116 110 28 betydelse
365 1115 40 22 han
421 1115 38 22 har
477 1115 62 21 öfver
562 1115 118 21 ärendenas
703 1115 62 28 gäng,
781 1116 40 21 och
837 1117 69 21 skulle
922 1117 73 20 derför

167 1153 50 13 vara
239 1145 40 21 den
301 1145 88 20 främste
411 1148 32 17 att
465 1144 86 21 förorda
574 1152 26 13 en
624 1145 235 28 ministeransvarighet
874 1146 5 20 i
897 1145 40 21 den
961 1149 34 17 ut-

168 1174 122 27 sträckning
307 1175 12 26 $
336 1174 11 20 9
364 1173 38 21 här
417 1173 62 26 afser,
496 1180 46 13 men
557 1173 23 20 af
590 1181 80 13 samma
681 1174 63 20 orsak
755 1181 44 14 som
811 1174 41 21 den
864 1174 131 27 föregående

167 1203 63 20 ärade
253 1203 81 20 talaren
354 1202 69 21 skulle
439 1203 35 26 jag
489 1209 58 18 anse,
563 1205 31 17 att
610 1203 11 26 $
638 1202 18 25 9,
672 1201 66 22 sådan
754 1202 41 21 den
811 1210 28 13 nu
856 1203 60 27 lyder
931 1203 6 20 i
954 1202 41 22 Ut-

167 1231 91 21 skottets
275 1231 142 26 betänkande,
433 1230 66 21 borde
515 1230 87 28 utbytas
618 1234 44 17 mot
677 1231 158 21 reservationen
851 1231 43 22 N:o
911 1232 18 25 1,
944 1231 20 22 d.
975 1239 20 13 v.

167 1267 15 14 s.
198 1264 31 17 att
244 1263 58 18 utom
318 1263 137 18 senatorerna
471 1259 77 21 endast
564 1259 140 28 prokuratorn
721 1259 68 22 skulle
804 1259 50 28 ingä
863 1260 63 21 bland
939 1260 56 24 dem,

167 1296 44 13 som
229 1289 49 20 bära
291 1289 181 20 ministeransvar.

236 1358 55 21 Frih.
334 1357 224 27 Langenskiöld:
582 1356 74 22 Ehuru
680 1358 62 20 äfven
761 1358 35 28 jag
811 1358 68 21 måste
895 1358 101 26 erkänna,

168 1390 29 18 att
214 1386 163 28 ifrägavarande
393 1386 42 28 lag,
450 1386 46 20 ifall
513 1386 41 20 den
571 1386 47 21 icke
635 1386 95 21 kommer
742 1390 30 17 att
783 1387 89 21 omfatta
889 1388 107 20 minister-

168 1415 199 22 statssekreteraren
383 1415 41 21 och
439 1414 54 22 hans
509 1414 89 28 adjoint,
615 1415 41 21 blir
672 1415 114 28 bristfällig
802 1415 40 22 och
854 1415 141 28 ofullständig

167 1444 39 21 och
230 1444 73 21 derför
325 1444 46 21 icke
394 1443 51 21 fullt
463 1443 205 27 tillfredsställande,
684 1451 62 21 synes
762 1444 36 20 det
813 1445 44 27 mig
872 1444 56 22 dock
944 1452 51 13 vara

168 1473 22 21 af
204 1472 24 22 sä
242 1472 168 28 utomordentlig
426 1473 46 27 vigt
487 1475 32 18 att
537 1472 37 21 det
589 1472 33 20 fäs
639 1472 31 21 till
689 1472 62 21 ständ
768 1480 25 13 en
811 1472 40 28 lag,
867 1473 66 21 sädan
949 1480 46 14 som

168 1502 40 20 den
232 1500 169 29 ifrägavarande,
423 1500 102 22 afseende
548 1504 101 18 senatens
673 1501 182 27 viceordförande,
879 1502 118 21 ledamöter
