1081 1761
190 109 44 20 €98
471 112 25 16 R.
509 116 17 12 o.
539 112 25 16 A.
576 112 59 16 1906.
659 112 24 16 13
694 112 52 16 Juli.

367 214 487 28 Omröstningspropositioner:

262 274 41 24 1:0)
321 272 56 24 Den,
403 278 44 14 som
471 271 36 21 vill
530 270 31 21 till
585 271 207 27 kontraproposition
816 274 59 19 emot
897 272 125 22 Utskottets

193 300 137 22 betänkande
355 299 141 21 oförändradt
518 302 77 24 antaga
617 298 34 21 Hr
667 298 151 29 Charpentiers
842 300 80 27 förslag
942 308 34 13 om
992 301 31 26 &:s

191 328 168 29 godkännande,
383 327 56 22 dock
462 327 47 21 med
533 327 74 28 utbyte
629 327 22 20 af
667 328 11 19 1
695 335 61 13 mom.
773 329 5 19 i
795 329 33 26 8:n
850 332 44 17 mot
910 329 11 20 1
939 336 61 14 mom.
1016 330 6 19 i

193 357 48 22 nåd.
257 365 67 21 prop.,
339 358 70 19 röstar
423 357 30 27 ja;

263 415 78 20 vinner
365 414 39 27 nej,
420 413 38 21 har
472 413 26 21 R.
514 420 19 14 o.
548 413 27 20 A.
589 413 32 20 till
646 413 210 28 kontraproposition
878 415 81 28 antagit
981 414 41 21 den

193 443 149 22 betänkandet
360 441 116 28 vidfogade
492 442 159 20 reservationen
667 445 31 17 att
714 442 33 27 $:n
764 441 64 22 måtte
845 450 24 13 ur
884 443 139 28 lagförslaget

193 472 63 28 utgä;

262 529 89 21 hvilken
368 528 132 28 proposition
516 527 129 21 besvarades
661 527 47 21 med
725 527 161 28 öfvervägande
900 529 27 28 ja.

262 586 43 27 2:0)
324 585 56 25 Den,
395 592 45 13 som
456 584 125 28 godkänner
597 583 123 22 Utskottets
737 584 142 26 betänkande,
894 587 69 20 röstar
977 587 31 27 ja;

264 643 77 20 vinner
357 642 42 27 nej,
414 641 38 21 har
467 641 26 21 R.
509 648 18 14 o.
543 641 25 21 A.
583 640 98 28 godkänt
696 640 34 22 Hr
745 640 152 29 Charpentiers
912 642 88 28 förslag.

263 705 35 21 Då
315 704 70 22 denna
403 704 276 28 omröstningsproposition
696 704 35 20 vid
748 704 108 21 verkstäld
874 705 98 27 votering
988 704 36 22 be-

194 734 104 22 svarades
321 733 49 21 med
389 734 25 20 10
430 734 21 26 ja
467 732 40 22 ock
523 733 26 20 28
565 732 40 28 nej,
621 732 56 21 hade
699 732 25 21 R.
740 740 19 14 o.
773 733 27 20 A.
816 733 88 21 beslutit
922 736 31 18 att
968 734 56 20 äter-

195 763 110 21 remittera
325 762 28 21 25
369 763 13 24 &
398 761 31 20 till
454 760 112 23 Utskottet
586 762 5 19 i
608 760 102 21 afseende
732 761 13 20 å
760 761 118 28 utbytande
901 762 23 20 af
946 762 49 21 dess
1012 763 11 20 1

196 794 95 18 moment
308 793 44 18 mot
370 791 10 19 1
398 792 115 18 momentet
529 790 5 20 i
552 790 27 20 25
595 789 12 27 $
623 791 5 18 i
645 789 41 21 den
702 789 48 21 nåd.
765 797 59 20 prop.

263 853 34 22 Hr
313 852 190 22 Cederholm
524 852 70 21 anhöll
611 855 32 18 att
658 851 23 22 få
696 852 32 21 till
743 853 129 27 protokollet
887 853 137 26 antecknadt,

192 885 35 19 att
241 882 42 21 han
300 882 50 20 icke
366 881 91 27 deltagit
472 881 6 20 i
494 881 40 20 den
551 881 139 27 omröstning,
705 888 45 13 som
766 888 28 14 nu
810 885 36 24 egt
861 889 52 13 rum.

265 944 34 22 Hr
316 943 207 22 Landtmarskalken
539 942 119 22 hemstälde
673 943 57 25 härä,
745 943 104 21 huruvida
866 944 36 21 det
913 944 48 21 icke
972 951 51 14 vore

196 976 53 18 mest
266 973 108 26 sakenligt
398 976 31 17 att
444 975 48 24 taga
515 972 67 20 under
597 972 138 28 ompröfning
750 972 39 21 den
806 972 23 21 af
844 974 27 20 25
887 973 13 27 &
916 973 106 21 beroende

194 1003 16 20 4
223 1002 11 28 8
249 1002 56 21 först
322 1001 66 21 sedan
405 1000 48 22 hela
469 1002 12 19 5
497 1000 56 28 Kap.
571 1000 71 21 blifvit
657 1001 163 28 genomgånget;
836 1001 41 21 och
893 1001 27 21 dä
935 1001 88 21 R.o.A.

195 1031 72 21 härtill
292 1030 69 25 biföll,
385 1029 122 28 öfvergicks
529 1029 32 21 till
585 1028 129 28 behandling
729 1030 22 20 af
765 1030 27 20 26
808 1031 19 26 &,
843 1030 87 21 hvilken
946 1030 76 21 liksom

196 1061 27 20 27
240 1060 12 26 &
269 1063 77 23 antogs
362 1063 50 16 utan
429 1058 126 21 diskussion.

262 1118 28 20 28
306 1117 19 27 8.

263 1174 34 21 Hr
309 1173 215 22 Svinhufvud:
535 1173 81 21 Tämän
629 1173 91 28 pykälän
732 1173 88 21 suhteen
832 1174 100 21 tahtoisin
942 1175 80 24 esittää,

195 1204 46 20 että
257 1202 122 21 armollisen
397 1202 108 27 esityksen
522 1206 103 16 vastaava
641 1203 90 20 säännös
747 1203 169 20 ensimmäisessä
929 1209 94 14 momen-

194 1233 54 20 tissa
264 1231 180 28 hyväksyttäisiin
461 1231 61 20 aivan
538 1230 97 21 niinkuin
655 1229 47 22 Hra
720 1230 127 22 Cederholm
868 1231 155 21 vastalausees-

194 1268 52 13 saan
263 1259 110 22 ehdottaa.
402 1259 77 21 Minun
496 1259 118 21 mielestäni
633 1258 130 22 Valiokunta
779 1261 18 19 ei
813 1260 33 21 ole
862 1261 102 27 esittänyt
978 1261 45 20 riit-

193 1289 60 21 täviä
269 1289 55 28 syitä
341 1287 140 22 muutokseen
493 1288 19 27 ja
523 1287 122 21 armollisen
661 1288 107 27 esityksen
784 1290 92 19 säännös
891 1292 77 17 tuntuu
984 1289 38 20 mi-

195 1321 62 18 nusta
273 1317 114 28 nykyoloja
403 1317 94 27 paraiten
514 1316 139 21 vastaavalta.

264 1380 35 21 Hr
322 1379 223 28 Charpentier:
565 1379 42 28 Jag
623 1379 68 21 skulle
712 1380 34 21 för
761 1381 41 20 min
820 1380 33 21 del
870 1381 49 28 vilja
936 1381 87 21 förorda

194 1409 134 28 antagandet
351 1409 22 20 af
389 1409 10 20 1
416 1415 63 14 mom.
502 1408 77 21 liksom
603 1408 64 21 äfven
691 1408 21 21 af
734 1409 68 27 öfriga
825 1413 95 17 moment
939 1411 6 19 i
967 1409 56 21 före-

196 1438 94 21 varande
315 1436 104 29 paragraf.
450 1436 44 21 Det
517 1444 63 20 synes
603 1437 43 27 mig
662 1444 49 14 vara
734 1444 25 14 en
776 1438 92 27 naturlig
890 1439 37 20 sak
944 1441 36 22 att,
996 1438 28 21 dä

196 1467 36 28 lag
255 1466 88 27 stadgar
365 1468 32 18 att
419 1466 58 20 vissa
500 1465 93 21 ärenden
618 1465 47 20 icke
688 1465 22 21 fä
732 1465 116 22 behandlas
868 1466 22 21 af
905 1468 68 19 rätten
991 1466 33 21 för

195 1497 71 26 öppna
291 1495 74 20 dörrar
381 1493 40 22 och
445 1493 62 22 deras
531 1493 131 28 behandling
684 1494 82 21 således
788 1496 23 19 är
826 1495 76 26 sluten,
918 1495 36 21 det
975 1495 48 21 icke
