1084 1759
327 116 149 21 Laglighetens
489 114 159 18 återställande.
861 110 42 20 505

144 188 40 20 Att
206 186 109 20 diskutera
339 184 104 21 Senatens
465 182 189 29 rättsståndpunkt
669 183 130 21 tillkommer
813 182 90 22 sålunda

75 216 51 22 allra
144 216 63 20 minst
222 215 49 26 mig.
297 212 52 22 Men
365 213 35 27 jag
415 214 23 19 är
453 212 60 20 lifligt
529 211 127 28 öfvertygad
674 219 34 13 om
725 215 31 17 att
772 212 36 20 det
823 211 80 21 äskade

76 243 198 23 förtroendevotum
298 241 93 21 Senaten
415 240 159 28 otvifvelaktigt
596 240 63 21 torde
682 240 23 21 af
720 240 26 21 R.
762 248 18 13 o.
795 241 27 20 A.
837 240 68 21 undfå

75 273 49 22 icke
139 272 34 21 får
195 271 70 21 tolkas
287 269 72 22 såsom
375 273 31 17 ett
421 268 87 22 odeladt
526 268 159 28 godkännande
700 268 24 22 af
738 268 41 21 den
796 268 109 22 rättstolk-

76 303 52 26 ning
150 299 271 22 Justitiedepartementets
443 296 117 29 högtärade
583 296 191 22 Viceordförande
790 297 115 28 förebragt.

76 329 33 29 Ty
126 328 126 27 visserligen
284 334 24 13 har
323 333 48 14 man
387 327 42 20 rätt
444 328 31 18 att
490 325 90 21 förvåna
595 325 33 28 sig
644 325 64 21 öfver
718 329 32 17 att
762 325 99 27 Senaten,
872 325 34 22 så-

76 366 45 14 som
146 357 36 21 vid
206 359 84 18 senaste
313 355 86 28 plenum
423 361 38 14 var
479 353 66 26 fallet,
560 353 106 22 åberopar
682 361 26 14 en
724 353 23 22 af
762 353 143 22 rättskänslan

77 385 100 30 godkänd
202 383 86 34 åtgärds
313 384 160 27 konseqvenser
495 382 71 21 såsom
588 383 34 20 stöd
662 386 44 17 mot
725 382 113 28 åtgärdens
854 384 53 19 rätt-

78 420 109 28 mätighet.
216 418 74 22 Äfven
317 416 86 23 oafsedt
425 419 30 18 att
479 416 66 21 andra
570 416 152 21 skrämmande
748 417 159 28 konseqvenser

79 450 72 20 kunna
167 447 108 29 upprullas
291 454 25 13 ur
331 445 41 22 den
388 445 151 28 rättstolkning
556 445 93 21 Senaten
661 445 125 28 föredragit,
796 445 111 28 påminner

78 478 67 25 detta,
160 481 31 16 att
206 483 48 14 man
278 475 54 21 låter
347 474 87 21 fruktan
457 474 34 21 för
506 473 190 28 konseqvenserna
712 473 74 29 inflyta
801 473 28 28 på
843 475 64 20 rätts-

79 506 77 27 frågor,
172 504 105 28 åtskilligt
292 511 35 14 om
343 503 41 20 den
400 502 70 28 gamla
485 503 101 27 regimen.
612 502 138 28 Regeringen
767 502 104 21 erkänner
885 503 22 28 ju

79 535 104 21 rättvisan
194 534 6 20 i
212 533 27 21 de
254 531 111 30 yrkanden
381 531 152 28 Lagutskottet
549 531 130 21 framställer
690 532 5 20 i
708 531 97 22 bemälda
820 531 88 28 tjenste-

80 562 148 28 mannafråga;
251 561 40 21 den
308 561 67 20 stöter
398 561 33 26 sig
447 559 76 22 endast
537 559 36 21 vid
590 559 84 22 formen
690 559 35 22 för
740 559 62 22 deras
820 567 88 20 genom-

80 591 97 22 förande.
206 589 126 22 Emellertid
355 590 24 19 är
393 588 38 21 det
450 589 43 28 just
509 588 30 21 uti
562 587 38 22 fall
624 595 46 14 som
694 587 165 29 ifrågavarande
881 595 26 14 en

81 621 99 28 regering
202 625 63 22 synes
288 625 39 20 ega
350 621 32 17 att
405 617 60 21 kasta
488 616 96 21 formella
608 616 172 29 betänkligheter
799 617 22 20 åt
841 616 68 22 sidan.

82 649 48 21 Den
148 649 25 20 13
189 648 23 21 af
234 647 26 21 de
284 645 175 22 vördnadsvärda
482 645 143 28 domarregler
648 645 58 22 Frih.
722 645 79 22 Wrede
827 646 40 20 lärt
882 653 25 14 en

81 685 67 22 yngre
179 676 108 21 generation
303 677 32 19 att
349 681 45 14 som
411 681 25 14 en
452 674 42 28 hög
508 674 82 21 instans
606 674 68 21 citera
690 674 50 28 lyde
752 681 56 14 rsom
821 673 87 22 bekant:

154 684 72 43 Then
250 704 87 27 Menige
359 703 64 21 Mans
446 703 60 21 besta
529 704 23 19 är
574 702 50 21 then
640 706 104 25 yppersta
759 703 94 27 Laghen,
869 702 40 22 och

83 734 94 22 therföre
192 733 46 22 thet
254 740 45 14 som
321 732 68 21 finnes
411 731 51 22 then
485 731 88 28 Menige
596 731 52 21 Man
670 731 24 21 til
711 735 60 24 nytto
786 739 63 18 wara,
864 731 46 21 thet

84 764 38 21 bör
144 763 66 21 hollas
234 761 34 21 för
290 760 67 28 Lagh,
379 759 84 22 ändoch
485 764 22 17 at
529 759 124 22 bescriffuin
677 760 62 28 Lagh
754 760 65 21 effter
834 759 75 22 Orden

84 799 64 22 synes
164 789 131 23 annorlunda
311 789 68 28 lyda.»

153 820 106 27 Reglerna
275 820 11 20 7
303 817 41 22 och
359 818 13 21 9
387 817 66 21 häfda
476 817 127 21 detsamma:
629 817 69 21 »Thet
721 817 53 22 Rätt
796 817 39 22 och
859 817 51 21 Skäl

85 849 47 22 icke
156 851 28 23 är,
198 848 46 21 thet
267 848 41 20 kan
331 847 48 20 icke
394 846 67 21 heller
475 853 56 14 wara
546 845 82 28 Lagh».
659 845 70 22 Dessa
744 845 77 28 farliga
836 845 75 28 regler,

83 886 46 13 som
152 879 26 19 än
196 877 68 21 bättre
279 875 56 28 gälla
358 878 145 18 statsmannen
527 876 26 19 än
569 874 109 27 domaren,
694 876 36 20 äro
746 874 48 22 icke
809 874 33 21 för
858 874 53 21 hvar

83 915 55 17 man,
154 906 40 21 och
209 905 27 21 de
259 905 26 20 ha
301 904 45 21 ofta
363 903 149 26 missbrukats;
528 910 48 14 men
591 910 34 14 om
641 903 107 28 någonsin
764 903 57 21 salus
837 903 73 28 populi

85 936 38 21 bör
146 935 64 21 fattas
231 941 45 14 som
297 939 98 21 suprema
418 932 41 26 lex,
474 931 23 22 så
520 933 24 19 är
559 931 42 26 det,
617 933 39 19 när
672 932 26 21 de
722 931 89 22 anförda
827 931 84 22 domar-

84 964 96 28 reglerna
197 962 77 25 kunde,
289 961 70 22 såsom
376 968 28 13 nu
419 962 23 19 är
457 961 61 20 fallet
533 960 39 21 hos
588 967 42 20 oss,
641 960 107 22 tillämpas
764 960 23 21 af
802 962 54 25 män,
864 967 46 14 som

85 991 135 28 obestridligt
236 990 58 21 ledas
310 990 23 21 af
348 989 192 28 sjelfuppoffrande
556 989 97 21 sträfvan
670 989 32 21 till
721 989 75 21 landets
808 989 40 27 väl,
857 991 54 24 män,

84 1029 46 14 som
152 1021 44 21 helt
219 1023 36 24 egt
277 1018 112 29 folkviljan
413 1018 78 21 bakom
514 1019 32 20 sin
570 1017 58 22 makt
644 1017 41 22 och
702 1025 52 18 som,
769 1017 56 22 hvad
841 1017 27 21 de
883 1019 27 19 än

85 1050 69 27 vågat,
170 1048 68 22 skulle
254 1048 71 21 funnit
341 1046 132 22 omedelbart
488 1046 48 21 stöd
551 1046 38 21 hos
600 1045 85 22 landets
696 1046 94 22 samlade
801 1053 110 22 represen-

84 1082 76 17 tanter.

154 1106 43 21 Det
219 1107 23 20 är
257 1105 42 21 min
324 1104 56 21 fasta
396 1104 137 27 förvissning,
549 1107 31 18 att
600 1103 72 22 denna
688 1103 38 22 vår
741 1103 170 28 högtvärderade

85 1136 91 27 Regering
214 1134 54 21 skall
283 1133 74 28 lyckas
378 1132 51 22 reda
445 1136 23 17 ut
483 1132 41 21 den
541 1132 134 21 närvarande
692 1131 62 22 svåra
770 1133 141 25 situationen;

85 1167 40 19 och
141 1166 23 19 är
194 1167 21 18 det
230 1162 72 21 derför
312 1162 20 28 jag
362 1163 69 20 röstar
446 1161 39 25 för,
496 1164 32 19 att
543 1161 49 21 dess
605 1161 88 21 fordran
710 1161 131 21 beträffande
856 1161 56 27 Lag-

85 1193 115 22 utskottets
222 1191 136 22 betänkande
381 1189 34 22 mä
438 1189 101 27 villfaras,
555 1189 59 22 detta
638 1189 56 22 dock
717 1189 56 22 helst
788 1190 67 27 enligt
870 1189 41 21 den

84 1222 122 25 resolution,
228 1227 45 14 som
297 1219 34 21 Hr
346 1218 128 22 Cederholm
497 1218 118 28 föreslagit,
630 1219 7 20 i
653 1219 37 20 det
712 1221 32 18 att
760 1218 69 21 denna
848 1225 63 21 synes

86 1250 96 28 oväldigt
197 1250 84 21 komma
297 1247 56 22 bäda
369 1251 99 25 parterna
483 1247 32 21 till
531 1249 73 19 mötes.

158 1307 34 21 Hr
213 1305 236 29 Björkenheim:
473 1304 33 22 Ur
529 1304 40 21 den
592 1304 156 28 försiggängna
762 1304 150 21 diskussionen

86 1337 38 20 har
138 1335 78 29 tydligt
236 1333 103 28 framgätt
354 1337 31 17 att
408 1333 37 21 det
460 1332 130 28 förtroende,
605 1340 46 14 som
674 1333 49 21 rädt
746 1333 76 21 mellan
841 1341 71 20 repre-

86 1365 133 22 sentationen
236 1363 40 21 och
292 1362 42 21 den
350 1361 123 22 nuvarande
489 1361 100 23 Senaten,
605 1361 48 22 icke
670 1361 72 22 blifvit
757 1363 6 20 i
779 1362 68 28 nägon
863 1361 49 22 män

86 1393 98 22 rubbadt.
213 1392 76 22 Under
309 1391 77 21 sädant
401 1390 134 21 förhällande
551 1391 23 20 är
589 1389 37 22 det
641 1390 48 21 icke
706 1390 22 21 af
744 1390 115 21 nämnvärd
876 1390 37 21 be-

86 1422 89 29 tydelse,
198 1419 104 23 huruvida
326 1419 102 22 Ständets
451 1419 108 28 majoritet
578 1419 102 21 omfattar
695 1419 37 21 det
748 1419 22 21 af
785 1419 33 21 Hr
833 1418 80 22 Ceder-

87 1451 57 21 Holm
167 1449 73 29 gjorda
260 1449 105 27 förslaget
385 1448 32 20 till
433 1447 117 21 resolution
566 1447 52 21 eller
633 1447 37 21 det
686 1448 23 20 af
723 1447 34 21 Hr
773 1447 140 29 Charpentier

88 1479 83 21 väckta.
200 1478 51 21 Men
268 1477 27 21 dä
313 1480 32 18 ett
359 1476 88 28 förslag,
462 1476 77 21 sådant
555 1483 45 14 som
616 1475 35 22 Hr
667 1476 158 28 Charpentiers,
841 1476 72 21 blifvit

87 1506 127 27 framstäldt,
229 1506 40 22 och
292 1505 28 21 dä
335 1506 6 20 i
358 1504 59 22 detta
433 1504 81 28 förslag
529 1504 77 22 uttalas
623 1504 102 22 Ständets
741 1504 123 22 förtroende
879 1504 34 22 för
