1084 1761
341 135 96 17 Värfvad
449 135 165 20 ordningsmilis.
851 129 42 21 753

134 211 34 22 Hr
190 209 209 22 Landtmarskalken
421 209 100 28 föredrog
543 208 47 22 näd.
613 216 61 21 prop.
696 209 42 21 N:o
757 209 27 21 16
800 216 34 14 om

63 239 114 30 angäende
192 241 43 19 rätt
250 239 34 20 för
299 237 208 22 Storfurstendömet
522 236 104 22 Finlands
642 237 105 28 landtdag
760 240 31 18 att
802 237 95 28 granska

63 268 153 28 lagligheten
240 267 28 22 af
289 266 287 27 styrelseledamöternas
600 265 225 28 embetsätgärder;
855 265 42 22 och

64 296 92 23 emedan
168 295 71 22 denna
255 295 48 21 näd.
319 301 60 21 prop.
399 294 84 28 jemlikt
497 295 38 19 sitt
557 293 95 21 innehäll
668 294 41 21 och
724 294 12 28 &
752 295 26 20 12
795 295 6 19 i
816 294 81 28 lagför-

65 326 71 27 slaget
151 332 39 14 var
204 324 24 21 af
242 322 186 30 grundlagsnatur,
443 322 32 21 till
491 322 53 28 följd
559 322 78 21 hvaraf
648 322 71 28 nägon
732 322 165 28 öfverläggning

65 354 38 21 vid
126 353 172 29 propositionens
321 352 76 20 remiss
419 351 31 21 till
474 351 83 21 utskott
578 350 49 22 icke
647 350 72 22 kuode
734 350 163 28 ifrägakomma,

65 382 121 22 hemstälde
202 380 36 22 Hr
254 379 208 23 Landtmarskalken
486 382 31 18 att
537 378 67 28 sagda
624 378 50 22 nåd.
690 387 60 21 prop.
765 379 133 21 omedelbart

65 410 71 22 skulle
156 410 119 21 remitteras
289 408 34 22 till
339 407 236 29 Grundlagsutskottet.

137 466 26 22 R.
178 473 18 15 o.
212 467 27 20 A.
255 465 61 22 biföll
331 465 33 21 till
379 465 71 21 denna
465 464 163 28 framställning.

139 626 101 21 Derefter
255 624 112 29 föredrogs
392 625 41 21 och
449 624 113 22 bordlades
577 624 32 21 till
625 624 172 29 morgondagens
808 625 87 28 plenum

68 655 50 22 näd.
134 662 59 21 prop.
208 655 42 21 N:o
267 655 32 24 17,
314 653 112 28 angäende
441 653 47 28 Lag
503 660 34 14 om
552 653 154 28 föreningar.

352 819 91 22 Värfvad
459 818 162 29 ordningsmilis.

141 889 34 21 Hr
197 888 207 22 Landtmarskalken
428 887 131 27 meddelade,
579 890 31 18 att
625 888 35 21 Hr
675 888 77 21 Fraser
771 888 34 22 för
820 888 79 22 honom

71 920 89 20 företett
175 917 41 22 och
230 917 33 21 till
278 916 103 22 Ständets
397 916 132 22 sekreterare
547 916 103 32 inlemnat
665 924 27 14 en
708 916 121 29 skriftligen
845 924 56 21 upp-

72 951 44 18 satt
131 947 97 28 petition,
243 953 46 14 som
304 944 53 22 härä
372 945 23 21 af

142 1003 34 22 Hr
190 1003 115 21 Fraser
319 1002 111 50 uppläste
451 1002 42 21 och
508 1009 38 14 var
561 1002 23 21 af
599 1002 97 28 följande
704 1002 104 22 innehåll:
827 1002 74 22 Sedan

71 1034 37 28 jag
124 1033 39 21 sist
184 1032 67 21 ehuru
273 1034 50 18 utan
357 1030 102 28 framgång
474 1030 55 22 hade
545 1032 50 19 äran
610 1034 58 24 yttra
683 1032 44 27 mig
742 1032 5 20 i
764 1031 91 21 Ståndet
877 1032 28 20 ha

73 1062 50 21 icke
139 1068 43 14 mer
197 1062 26 20 än
239 1064 78 17 tvenne
333 1060 81 21 veckor
429 1059 112 21 förrunnit.
564 1059 52 21 Men
627 1060 58 21 hvad
696 1060 65 21 hafva
772 1060 48 22 icke
831 1060 71 25 dessa,

74 1090 69 22 under
158 1089 84 28 vanliga
257 1088 56 22 tider
328 1088 80 28 hastigt
422 1088 138 28 genomlefda
575 1088 161 29 sommardagar
752 1088 99 22 medfört.
875 1089 27 21 Vi

76 1119 67 22 hafva
153 1118 43 21 fått
206 1117 90 28 inseglet
307 1117 28 28 på
350 1117 39 21 vår
404 1125 41 20 nya
461 1117 245 28 landtdagsförfattning
720 1117 41 22 och
776 1119 7 20 i
798 1118 109 28 Ryssland

75 1148 39 21 har
129 1147 115 28 uppslaget
272 1146 61 21 gifvits
348 1146 33 21 till
397 1153 26 14 en
438 1145 131 28 utveckling,
584 1153 26 14 en
626 1146 64 21 säker
708 1147 131 27 utveckling,
855 1154 49 14 men

76 1183 88 14 numera
179 1176 48 21 icke
243 1154 28 49 vä
285 1174 79 28 fredlig
380 1176 47 26 väg,
437 1177 52 18 utan
504 1181 78 21 genom
597 1176 33 19 ett
640 1174 118 22 bottenlöst
767 1175 38 21 haf
815 1175 23 21 af
849 1176 58 20 ännu

75 1204 85 22 oanade
175 1204 73 21 blods-
262 1203 41 21 och
319 1202 112 22 väldsdäd.
461 1202 66 22 Detta
543 1202 37 22 har
595 1202 60 22 tiden
672 1203 75 21 mellan
764 1203 40 21 den
822 1205 25 20 17
864 1204 43 21 och

76 1234 27 21 31
120 1232 43 22 Juli
178 1233 80 21 hemtat
272 1232 23 21 ät
309 1239 42 14 oss.

126 1273 6 7 +
147 1261 55 21 Lika
217 1261 47 21 litet
279 1261 20 21 vi
315 1260 49 21 med
380 1260 83 21 visshet
478 1260 72 21 kunde
572 1262 51 26 säga
638 1263 34 18 att
686 1260 39 22 vär
740 1268 41 21 nya
797 1268 113 21 represen-

77 1290 69 22 tation
168 1290 24 21 sä
214 1292 59 19 snart
295 1288 69 23 skulle
388 1288 115 25 bekräftas,
525 1288 44 22 lika
584 1289 60 21 svärt
660 1289 55 21 hade
731 1290 22 20 vi
768 1292 32 18 att
816 1297 48 18 ana,
879 1292 32 19 att

77 1319 43 21 den
143 1319 68 21 första
233 1318 124 21 riksduman
373 1317 66 21 redan
462 1317 43 22 den
527 1318 27 21 23
574 1317 43 21 Juli
634 1318 56 21 1906
713 1318 69 21 skulle
802 1318 109 29 upplösas.

77 1348 44 27 Jag
144 1348 65 27 vägar
229 1346 73 22 derför
324 1346 63 28 änyo,
410 1346 66 21 ehuru
499 1346 65 22 redan
588 1346 86 29 engäng
693 1346 23 21 af
730 1346 35 22 Hr
781 1346 72 22 Baron
870 1347 41 22 och

79 1376 207 22 Landtmarskalken
310 1374 115 28 förvägrad
449 1378 32 18 att
495 1378 57 25 yttra
569 1376 43 26 mig
627 1376 6 20 i
650 1375 103 21 liknande
769 1375 80 28 frågor,
865 1383 46 14 som

79 1405 49 21 icke
151 1404 61 22 stode
227 1405 7 20 i
250 1404 71 21 direkt
343 1404 154 27 sammanhang
517 1403 48 21 med
582 1403 207 28 landtdagsarbetet,
802 1404 111 22 vördsamt

78 1433 87 23 anhålla
181 1441 33 13 om
230 1436 32 18 att
276 1433 43 27 mig
335 1432 48 21 icke
399 1432 34 24 mä
449 1432 111 28 förvägras
576 1435 31 18 att
620 1432 72 22 denna
706 1432 59 28 gång
781 1432 22 22 få
818 1434 52 26 göra
886 1440 27 14 en

80 1470 29 20 ny
125 1463 89 20 erinran.

153 1491 41 20 Att
216 1491 42 20 min
281 1490 90 25 erinran,
393 1489 48 21 mitt
463 1489 82 28 förslag
561 1489 51 21 eller
628 1489 106 22 måhända
749 1490 91 27 petition
858 1489 56 22 dock

81 1519 49 21 icke
145 1519 45 21 står
204 1519 24 20 sä
244 1518 87 21 alldeles
346 1517 135 22 främmande
497 1517 34 22 för
546 1525 36 14 oss
595 1518 52 21 eller
657 1517 24 22 sä
692 1521 58 18 utom
762 1518 153 28 landtdagens,

824 1559 23 18 48
