1081 1759
359 113 24 17 R.
396 117 18 13 o.
426 113 25 17 A.
463 112 59 18 1906.
540 113 24 17 15
575 113 59 17 Juni.
870 108 41 20 557

221 243 147 35 Fredagen
388 243 55 27 den
464 243 33 27 15
515 242 72 28 Juni
607 242 40 28 kl.
665 243 13 27 1
696 250 24 20 €.
738 251 35 19 m.

152 318 148 27 Meddelades,
322 321 32 18 att
376 318 66 21 sedan
465 318 179 28 nästföregäende
668 318 84 28 plenum
788 318 52 22 pollet
855 318 57 21 äter-

78 348 66 22 stälts
167 348 35 21 för
224 347 87 27 Adliga;
326 348 60 20 ätten
400 346 43 22 N:o
458 347 19 20 5.
506 346 126 28 Jägerhorn
651 348 30 27 af
700 322 100 57 Spurila,
816 346 23 22 af
853 346 59 22 Herr

78 376 56 22 Carl
160 376 74 28 Georg
260 375 130 28 Jägerhorn,
420 374 233 28 Vicehäradshöfding,
680 378 56 19 samt
760 376 89 27 uttagits
876 375 35 21 för

77 412 85 15 samma
178 406 32 20 ätt
224 404 24 22 af
263 404 57 22 Herr
333 403 107 23 Reinhold
456 403 66 22 Ernst
538 404 72 22 Petter
640 404 115 28 Jägerhorn,
764 403 146 23 Vicehärads-

78 434 99 28 höfding.

152 546 202 29 Protokollsutdrag
364 547 62 21 öfver
436 547 26 22 R.
470 554 19 14 o.
497 548 39 20 A:s
545 547 36 21 vid
592 547 122 28 gårdagens
725 547 86 29 plenum
827 547 82 22 fattade

81 577 73 21 beslut
169 576 110 29 upplästes
295 576 32 21 till
342 576 103 28 justering
460 575 40 22 och
514 575 133 28 godkändes.

434 724 118 23 Utskotten.

149 782 57 22 Frän
229 781 103 23 Ständets
354 782 83 20 valmän
452 781 56 21 hade
523 781 69 29 ingätt
607 784 32 19 ett
655 782 113 28 protokoll,
782 782 78 22 hvaraf
875 784 31 20 in-

78 811 113 21 hemtades
207 814 31 18 att
253 810 128 22 valmännen
397 813 74 18 utsett:

150 868 32 22 till
204 868 96 22 ledamot
315 868 6 21 i
336 867 154 29 Lagutskottet
505 868 7 21 i
527 868 71 22 stället
621 868 35 22 för
677 868 58 22 Herr
749 868 23 22 af
786 868 120 28 Frosterus,

80 905 47 14 som
151 897 97 21 äterstält
270 896 72 29 pollet,
365 897 139 28 suppleanten
525 898 6 20 i
552 904 81 14 samma
655 898 83 20 utskott
760 897 58 22 Herr
840 898 66 28 Björn

77 926 175 22 Schauman
276 925 48 21 med
341 926 25 20 17
383 927 68 19 röster
472 925 41 22 och
536 926 31 20 till
590 926 115 28 suppleant
719 927 7 20 i
741 926 81 22 dennes
844 927 62 21 ställe

80 955 60 21 Herr
155 955 54 21 Otto
225 954 98 28 Hjalmar
338 953 152 22 Granfelt
506 954 46 21 med
570 955 26 21 18
612 956 78 25 röster;
706 959 54 17 samt

149 1012 31 21 till
196 1011 139 29 suppleanter
351 1012 5 20 i
372 1011 251 28 Expeditionsutskottet
637 1011 82 22 Herrar
730 1012 74 28 Eynar
816 1012 19 22 T
843 1012 33 22 he
885 1020 21 14 s-

76 1040 65 22 leff
156 1040 47 22 med
221 1041 26 21 18
262 1040 41 21 och
318 1039 74 29 Georg
407 1047 57 14 von
482 1040 108 21 Wendt
606 1040 49 22 med
672 1041 24 21 17
713 1042 74 20 röster.

382 1189 103 29 Afgjorda
500 1190 98 22 ärenden.

148 1247 122 28 Förcdrogs
294 1254 26 14 en
345 1246 47 22 frän
416 1246 166 22 Statsutskottet
604 1248 107 28 ingängen
726 1248 114 22 skrifvelse
855 1248 49 22 med

78 1276 106 26 anmälan,
199 1279 32 18 att
252 1275 94 28 lagenlig
364 1276 108 28 pluralitet
488 1276 86 21 vunnits
590 1276 34 21 för
639 1276 67 28 sagda
721 1277 93 21 utskotts
831 1277 73 21 betän-

80 1304 86 22 kanden
188 1304 57 22 N:ris
269 1305 5 20 4
289 1304 19 21 B
330 1305 6 20 i
360 1304 115 28 anledning
496 1304 24 22 af
541 1304 49 22 näd.
612 1312 60 21 prop.
694 1305 42 21 N:o
752 1306 18 25 7,
793 1305 111 29 angäende

78 1332 332 28 kommunikationsfonden,
426 1332 41 22 och
482 1332 41 22 N:o
534 1334 12 20 7
558 1334 8 20 i
576 1333 117 29 anledning
703 1334 23 20 af
736 1334 48 21 näd.
792 1342 60 20 prop.
862 1334 42 22 N:o

78 1363 34 25 12,
128 1362 111 28 angående
259 1361 27 21 de
302 1361 36 21 vid
354 1361 130 29 landtdagen
501 1361 50 22 åren
568 1363 141 21 1905—1906
725 1370 25 14 ur
764 1362 141 28 bevillnings-

77 1390 70 22 medel
163 1390 80 22 äskade
259 1390 75 28 anslag
348 1393 56 18 samt
418 1398 34 13 om
468 1390 106 29 reglering
592 1391 23 21 af
630 1391 273 28 hevillningsbudgeten

75 1419 37 21 för
127 1419 51 21 åren
195 1419 54 21 1906
265 1418 40 22 och
321 1419 61 21 1907.
