1081 1764
186 116 42 20 734
463 121 24 16 R.
501 125 17 12 o.
530 121 26 17 A.
568 121 60 16 1906.
652 121 24 16 16
688 121 52 18 Juli.

184 189 40 21 och
242 189 35 21 det
293 189 107 21 vidhäller
415 189 34 27 jag
471 202 15 2 —
498 190 6 19 i
523 189 121 21 Utskottets
660 189 142 27 betänkande,
818 193 32 19 att
865 191 41 22 den
923 195 94 19 omstän-

184 218 111 27 digheten,
309 220 33 18 att
357 217 116 26 adelsman,
489 225 45 13 som
551 217 47 21 icke
612 218 42 27 fylt
665 218 25 20 21
703 217 29 26 är,
744 218 47 21 icke
805 226 50 20 eger
865 222 43 20 rätt
918 224 31 18 att
965 225 51 18 utan

184 247 47 20 sina
248 246 119 21 föräldrars
383 246 108 28 samtycke
507 246 50 28 ingå
572 246 114 27 giftermål,
703 247 47 20 icke
764 248 23 19 är
798 247 66 28 något
875 250 145 28 privilegium,

185 275 28 20 då
228 276 8 20 i
251 275 72 27 regeln
348 274 74 28 hvarje
439 274 58 21 såväl
520 274 109 21 adelsman
650 282 44 13 som
712 275 127 22 ofrälseman
857 277 47 21 icke
920 278 39 21 har
973 280 44 20 rätt

184 306 32 18 att
232 304 47 20 före
291 304 25 20 21
329 303 24 21 år
369 302 49 28 ingå
432 302 124 28 äktenskap.
581 303 40 21 Om
638 303 66 21 också
718 304 194 30 Lagberedningen
924 307 6 20 i
942 307 38 21 det
993 308 23 20 af

184 332 34 20 Hr
229 339 42 13 von
283 332 79 21 Collan
379 332 97 27 upplästa
494 331 146 21 betänkandet
655 331 38 21 har
708 332 105 21 förklarat
828 333 71 22 såsom
914 335 101 27 gällande

184 360 130 28 stadgandet
330 361 6 19 i
349 362 12 25 &
373 361 26 19 26
416 363 37 23 att,
469 359 28 21 då
512 360 107 20 adelsman
636 360 111 21 förverkar
762 362 37 20 sitt
813 362 118 28 jordagods
947 364 72 21 under

184 389 88 25 kronan,
289 388 111 22 efterlåtes
423 388 118 21 detsamma
558 388 69 28 någon
644 396 70 13 annan
731 390 6 20 i
753 390 90 27 slägten,
858 391 25 21 så
898 392 67 27 vågar
979 393 37 27 jag

183 417 136 21 fortfarande
335 416 101 27 vidhålla,
451 420 32 17 att
498 416 37 21 det
551 417 47 21 icke
614 417 67 21 finnes
693 417 65 28 något
769 418 119 28 stadgande
899 420 5 20 i
914 421 100 27 gällande

183 446 41 27 lag,
241 446 66 27 enligt
325 445 84 21 hvilket
424 445 108 21 adelsman
549 446 69 20 skulle
634 446 72 20 kunna
722 446 101 22 förverka
839 448 38 20 sitt
891 449 126 28 jordagods.

183 474 44 21 Det
243 474 38 21 har
303 474 127 21 framhållits
445 473 70 21 såsom
532 481 26 13 en
574 474 95 28 löjlighet
686 477 30 18 att
731 474 26 22 R.
773 482 19 14 o.
808 476 26 21 A.
850 484 28 13 nu
894 477 69 21 skulle
982 478 36 21 af-

183 504 52 26 säga
257 504 33 26 sig
313 504 46 20 sina
383 502 134 21 återstående
540 502 128 28 privilegier.
697 502 42 29 Jag
762 504 37 20 vill
824 504 87 22 härmed
936 507 77 21 endast

183 532 70 20 erinra
268 534 31 18 att
315 531 28 27 på
360 531 117 21 1860-talet
492 530 38 21 det
544 531 48 21 icke
608 531 78 28 ansågs
702 532 71 21 såsom
789 532 69 28 löjligt
873 537 32 17 att
920 534 26 22 R.
957 542 19 14 o.
987 536 30 21 A.

182 560 29 21 då
234 560 74 21 afsade
325 560 34 27 sig
381 559 127 28 privilegier,
524 567 34 13 om
581 559 74 21 hvilka
670 560 35 28 jag
728 561 48 21 icke
792 562 51 20 ville
865 564 58 26 säga,
938 567 31 17 att
986 564 27 21 de

183 596 53 14 voro
252 596 56 13 mera
328 588 123 28 betydande
471 590 26 18 än
513 588 91 20 flertalet
620 588 22 20 af
658 588 54 27 dem,
728 596 46 14 som
791 589 92 22 Ständet
898 598 28 14 nu
943 592 73 22 skulle

182 617 76 27 afsäga
281 618 39 26 sig,
336 620 15 17 t.
367 624 32 13 ex.
413 616 70 21 forum
507 616 157 28 privilegiatum
689 617 40 21 och
750 621 188 25 patronatsrätten.
971 621 43 21 Det

183 646 72 20 kunde
277 646 21 28 ju
315 645 49 21 icke
388 645 73 21 beröra
485 645 69 27 öfriga
577 645 139 28 medborgare
740 647 143 27 synnerligen,
905 648 109 22 huruvida

182 674 110 21 adelsman
309 674 6 20 i
331 674 68 20 första
422 674 81 20 instans
527 673 89 21 dömdes
639 674 23 20 af
682 674 66 28 högre
764 676 47 25 rätt,
827 676 20 21 d.
864 684 19 13 v.
899 684 16 14 s.
930 677 86 22 hofritt.

182 703 52 21 eller
255 703 24 21 af
300 702 117 26 underrätt,
437 702 40 21 och
501 704 179 26 patronatsrätten
704 703 87 28 spelade
815 705 63 27 ingen
902 707 113 28 synnerlig

182 732 46 20 roll.
259 731 130 21 Adelsmans
411 732 43 19 rätt
469 733 31 18 att
524 733 87 25 utpanta
634 732 47 20 sina
697 732 122 28 fordringar
834 733 39 21 hos
889 734 46 21 sina
951 735 62 21 land-

182 760 83 22 bönder
288 767 39 14 var
343 767 24 13 en
391 760 86 27 mycket
500 762 45 18 stor
568 759 118 28 obillighet,
701 768 47 13 men
771 760 69 22 denna
857 762 100 28 rättighet
973 763 40 22 har

180 789 26 21 R.
222 796 19 14 o.
254 789 27 21 A.
297 788 66 21 ocksä
379 788 70 27 afsagt
464 788 39 27 sig.
534 788 43 20 För
593 788 42 20 min
652 788 34 21 del
702 789 69 21 skulle
785 790 35 27 jag
835 790 56 22 finna
908 792 37 20 det
961 800 50 14 vara

182 817 83 21 mindre
281 816 161 29 löjeväckande,
452 824 33 13 om
503 816 25 22 R.
539 824 18 13 o.
568 817 26 20 A.
611 816 35 21 vid
664 816 40 22 den
720 818 53 21 sista
788 818 109 28 landtdag,
913 820 32 21 till
956 820 56 22 hvil-

182 846 42 21 ken
248 845 37 21 det
307 847 24 19 är
353 845 131 25 församladt,
507 845 69 21 skulle
599 845 73 21 skrida
694 846 32 20 till
749 846 75 28 åtgärd
848 848 34 20 för
905 848 26 21 de
954 849 56 21 äter-

181 874 91 22 stående
288 874 162 28 privilegiernas
466 873 142 26 afskaftande,
623 875 27 19 än
666 881 34 13 om
716 874 36 22 det
769 875 106 22 anförtror
886 876 58 22 detta
956 885 55 21 upp-

181 903 53 27 drag
257 903 22 20 åt
294 906 30 17 ett
349 902 109 21 blifvande
478 902 118 21 adelsmöte
620 902 48 21 med
684 902 49 22 dess
750 904 123 28 obetydliga
889 906 122 28 uppgifter;

180 932 41 21 och
245 934 47 18 rent
307 931 23 21 af
353 930 177 28 förödmjukande
554 931 68 21 skulle
645 931 36 28 jag
703 939 51 13 anse
777 932 37 21 det
834 940 51 14 vara
901 934 34 21 för
950 934 60 22 detta

180 960 115 28 höglofliga
318 959 70 26 stånd,
410 966 33 14 om
467 959 118 21 detsamma
609 959 160 23 öfverlemnade
793 961 21 21 åt
834 962 41 21 den
898 962 112 22 blifvande

180 989 122 21 kammaren
318 991 32 18 att
365 991 50 17 utan
431 988 73 20 vidare
520 988 27 28 pä
562 988 68 28 grund
648 988 22 21 af
682 989 13 27 $
708 990 44 20 60
746 984 15 39 i
769 989 41 21 den
827 998 42 20 nya
884 991 127 28 landtdags-

180 1017 118 28 ordningen
323 1016 89 22 beröfva
427 1016 26 22 R.
468 1024 19 14 o.
503 1017 27 21 A.
546 1016 49 22 dess
619 1018 128 27 privilegier.
777 1018 42 28 Jag
842 1019 66 28 vägar
923 1020 86 22 säledes

179 1046 143 28 återupprepa
339 1046 47 20 mitt
399 1045 103 28 yrkande.

247 1103 58 21 Frih,
332 1102 182 22 Cronstedt:
541 1102 43 22 Det
609 1103 101 28 öfvergär
732 1104 42 20 min
798 1104 211 30 fattningsförmäga,

178 1132 55 21 huru
249 1140 47 13 man
313 1131 54 21 skall
382 1131 71 21 kunna
470 1131 92 21 likställa
578 1131 70 21 forum
664 1132 156 28 privilegiatum
837 1134 47 21 med
901 1134 27 21 de
942 1136 67 27 privi-

179 1161 72 27 legier,
265 1168 45 14 som
327 1162 56 19 ännu
399 1160 86 21 äterstä.
512 1160 34 21 Hr
562 1160 120 22 Schauman
698 1160 38 22 har
751 1162 84 26 uttalat,
850 1165 31 19 att
897 1164 20 20 vi
933 1164 76 21 alltför

179 1190 86 27 mycket
280 1190 71 20 skatta
367 1188 22 21 ät
403 1189 118 21 formalism
537 1189 41 21 och
593 1189 92 27 glömma
702 1190 116 28 sanningen
835 1192 6 19 i
857 1191 72 22 ordet:
955 1192 53 21 bok-

178 1218 85 21 stafven
280 1217 73 21 dödar.
383 1218 10 27 $
430 1218 7 20 2i
447 1217 248 28 Landtdagsordningen
711 1219 69 21 tolkar
795 1219 34 21 Hr
840 1219 120 23 Schauman
977 1221 32 26 sä,

178 1250 38 23 att,
232 1247 71 21 såvidt
327 1254 25 13 en
369 1246 60 29 fråga
453 1246 48 21 icke
524 1247 110 20 inkräktar
657 1247 27 28 på
700 1247 131 22 Monarkens
854 1251 48 24 rätt,
921 1249 86 22 således

178 1276 73 27 hvarje
267 1275 67 28 fråga,
349 1283 45 14 som
418 1275 47 21 icke
481 1275 111 21 inkräktar
607 1275 28 28 på
650 1275 131 22 Monarkens
797 1279 48 25 rätt,
861 1277 41 22 kan
920 1279 35 20 vid
972 1287 36 12 ur-

178 1306 51 19 tima
251 1304 104 28 landtdag
377 1307 112 25 upptagas.
519 1304 44 21 Det
585 1305 23 20 är
624 1303 83 22 således
730 1306 104 21 tusentals
858 1306 79 28 frågor,
959 1315 46 13 som

178 1333 71 21 kunde
265 1335 104 26 upptagas
385 1333 31 20 till
433 1332 136 28 behandling,
580 1333 40 20 och
636 1333 57 21 dock
704 1334 100 27 säger
778 1328 30 39 82
817 1335 2 20 i
829 1335 178 28 Landtdagsord-

178 1363 78 26 ningen
272 1361 152 28 uttryckligen:
449 1370 10 11 >
462 1361 46 21 Vid
525 1362 77 20 urtima
618 1361 103 28 landtdag
737 1362 34 21 mä
787 1363 76 21 endast
873 1364 132 21 förekomma

178 1390 85 26 ärende,
279 1397 44 14 som
348 1389 108 22 föranledt
471 1390 103 21 kallelsen
590 1390 53 21 eller
658 1391 22 20 af
694 1390 106 29 Kejsaren
817 1392 62 28 eljest
893 1393 32 20 till
942 1393 66 21 Stän-

178 1419 65 21 derna
259 1418 149 25 öfverlemnas,
424 1419 24 20 sä
463 1419 41 20 ock
520 1419 57 20 hvad
594 1419 48 20 med
659 1419 69 28 dylikt
743 1420 78 21 ärende
838 1428 50 20 eger
903 1422 102 27 oskiljak-

177 1449 41 26 tigt
233 1447 173 28 sammanhang».
436 1447 44 21 Det
495 1449 24 19 är
534 1455 26 13 en
576 1447 135 22 förvånande
727 1448 139 29 ringaktning
881 1449 34 22 Hr
923 1450 82 21 Schau-

177 1484 47 13 man
241 1476 78 21 uttalat
333 1475 34 22 för
382 1476 95 21 formens
494 1476 118 28 betydelse.
641 1476 93 22 Formen
750 1477 37 21 har
802 1477 56 22 dock
875 1478 28 28 pä
917 1481 88 24 rättens,

177 1505 27 28 pä
219 1505 152 28 privaträttens
391 1504 78 21 likaväl
487 1512 46 14 som
549 1504 28 29 pä
592 1504 42 21 den
651 1505 110 29 offentliga
776 1508 82 20 rättens
874 1507 89 22 område
979 1515 26 14 en
