1086 1759
182 118 42 20 866
459 122 25 16 R.
496 126 18 12 o.
526 121 25 17 A.
563 120 59 18 1906.
647 120 12 18 7
671 120 58 21 Sept.

286 262 148 34 Fredagen
452 262 55 27 den
525 262 16 26 7
559 261 168 35 September
745 262 38 26 kl.
801 262 15 26 7
830 270 23 18 e.
870 270 36 19 m.

251 336 143 23 Meddelades
400 339 31 19 att
438 336 65 22 sedan
508 335 178 29 nästföregäende
693 336 86 28 plenum
787 336 67 28 pollet
862 336 107 23 äterstälts
975 337 36 21 för

501 392 96 29 Grefliga
612 394 61 20 ätten
679 401 8 13 :

181 452 43 21 N:o
239 452 20 20 4.
288 450 104 28 Armfelt,
408 450 22 21 af
446 449 82 22 Grefve
543 449 50 22 Carl
609 450 124 21 Alexander
749 450 102 28 Armfelt,
865 450 144 23 Hofmästare

319 478 38 22 vid
372 478 62 22 Hans
449 478 114 29 Majestäts
578 478 48 27 hof;
961 489 5 5 Ä

249 540 56 18 samt
319 536 89 28 uttagits
424 535 35 22 för

468 592 139 28 Friherrliga
621 594 62 19 ätten
691 600 8 13 :

180 652 42 21 N:o
239 652 32 21 57.
301 658 44 14 von
366 650 100 28 Alfthan,
484 649 24 22 af
529 649 98 21 Friherre
649 648 99 22 Kristian
770 649 55 22 Axel
841 657 44 15 von
904 650 104 28 Alfthan,

317 678 59 22 Med.
393 686 19 14 o.
427 678 47 22 Kir.
490 678 89 21 Doktor.

470 768 242 28 Församlingsfriheten.

247 828 44 21 Till
306 827 60 22 detta
381 826 85 29 plenum
482 826 55 22 hade
552 826 110 28 bordlagts

249 885 165 29 Lagutskottets
433 883 79 29 förslag
527 883 32 21 till
577 883 206 29 sammanjemkning
798 884 23 22 af
837 884 27 22 de
879 885 124 29 skiljaktiga

179 914 78 27 beslut,
276 914 60 22 hvari
357 913 89 21 ständen
468 915 87 19 stannat
569 912 36 22 vid
628 912 157 28 behandlingen
800 913 23 21 af
839 913 165 29 Lagutskottets

178 942 139 23 betänkande
340 942 42 21 N:o
398 942 12 21 3
427 942 6 20 i
448 941 116 28 anledning
585 940 23 22 af
628 940 49 22 näd.
697 948 58 22 prop.
774 941 41 22 N:o
839 943 33 26 15,
891 942 113 28 angäende

178 972 48 28 Lag
241 979 34 14 om
291 971 107 21 allmänna
413 970 196 22 sammankomster.

248 1028 45 23 Vid
315 1026 109 23 verkstäld
448 1026 198 28 detaljgranskning
665 1026 23 22 af
710 1028 294 28 sammanjemkningsbetän-

177 1057 81 22 kandet
272 1056 74 22 blefvo
361 1056 97 28 samtliga
467 1056 22 20 af
499 1055 114 22 Utskottet
623 1055 125 22 framstälda
758 1035 65 42 försla
839 1072 6 10 ,
855 1064 45 14 som
912 1057 91 22 berörde

177 1086 26 22 R.
218 1093 20 14 o.
253 1086 33 26 A,
302 1088 50 18 utan
368 1084 121 22 diskussion
505 1083 124 29 godkända;
645 1083 41 22 och
702 1084 45 21 blef
760 1060 130 57 protokollet
900 1085 104 23 häröfver

178 1117 76 26 genast
268 1112 110 30 justeradt.

244 1257 58 23 Från
324 1256 154 29 Lagutskottet
502 1256 55 21 hade
581 1256 114 21 inkommit
716 1256 125 22 Utskottets
864 1257 81 29 förslag
966 1258 34 21 till

176 1286 205 29 sammanjemkning
400 1285 23 22 af
438 1285 26 21 de
479 1285 123 28 skiljaktiga
624 1284 76 27 beslut,
719 1284 60 22 hvari
801 1285 92 22 stånden
914 1289 86 19 stannat

177 1316 36 21 vid
229 1315 159 27 behandlingen
404 1314 22 21 af
443 1314 122 21 Utskottets
587 1313 135 22 betänkande
737 1314 42 21 N:o
794 1316 13 20 4
823 1315 7 20 i
846 1314 115 29 anledning
976 1315 27 21 af

175 1344 49 22 nåd.
239 1351 60 22 prop.
313 1343 43 21 N:o
372 1344 33 25 17,
420 1342 110 28 angående
545 1342 47 28 Lag
607 1349 34 14 om
656 1341 150 29 föreningar.

243 1402 66 21 Detta
331 1399 298 29 sammanjemkningsförslag
647 1399 114 23 bordlades
779 1400 32 21 till
827 1400 174 29 morgondagens

175 1431 92 28 plenum.
