<?xml version="1.0" encoding="UTF-8"?>
<alto xmlns="http://www.loc.gov/standards/alto/ns-v3#" xmlns:xlink="http://www.w3.org/1999/xlink" xmlns:xsi="http://www.w3.org/2001/XMLSchema-instance" xsi:schemaLocation="http://www.loc.gov/standards/alto/ns-v3# http://www.loc.gov/alto/v3/alto-3-0.xsd">
	<Description>
		<MeasurementUnit>pixel</MeasurementUnit>
		<sourceImageInformation>
			<fileName>/tmp/tess_00kripjd_input.PNG</fileName>
		</sourceImageInformation>
		<OCRProcessing ID="OCR_0">
			<ocrProcessingStep>
				<processingSoftware>
					<softwareName>tesseract 5.3.4</softwareName>
				</processingSoftware>
			</ocrProcessingStep>
		</OCRProcessing>
	</Description>
	<Layout>
		<Page WIDTH="1081" HEIGHT="1761" PHYSICAL_IMG_NR="0" ID="page_0">
			<PrintSpace HPOS="0" VPOS="0" WIDTH="1081" HEIGHT="1761">
				<ComposedBlock ID="cblock_0" HPOS="184" VPOS="146" WIDTH="554" HEIGHT="20">
					<TextBlock ID="block_0" HPOS="184" VPOS="146" WIDTH="554" HEIGHT="20">
						<TextLine ID="line_0" HPOS="184" VPOS="146" WIDTH="554" HEIGHT="20">
							<String ID="string_0" HPOS="184" VPOS="146" WIDTH="42" HEIGHT="20" WC="0.94" CONTENT="574"/><SP WIDTH="237" VPOS="146" HPOS="226"/>
							<String ID="string_1" HPOS="463" VPOS="149" WIDTH="24" HEIGHT="17" WC="0.96" CONTENT="R."/><SP WIDTH="14" VPOS="149" HPOS="487"/>
							<String ID="string_2" HPOS="501" VPOS="154" WIDTH="17" HEIGHT="12" WC="0.96" CONTENT="o."/><SP WIDTH="13" VPOS="154" HPOS="518"/>
							<String ID="string_3" HPOS="531" VPOS="149" WIDTH="22" HEIGHT="16" WC="0.96" CONTENT="A."/><SP WIDTH="13" VPOS="149" HPOS="553"/>
							<String ID="string_4" HPOS="566" VPOS="149" WIDTH="60" HEIGHT="17" WC="0.96" CONTENT="1906."/><SP WIDTH="19" VPOS="149" HPOS="626"/>
							<String ID="string_5" HPOS="645" VPOS="149" WIDTH="24" HEIGHT="16" WC="0.96" CONTENT="16"/><SP WIDTH="12" VPOS="149" HPOS="669"/>
							<String ID="string_6" HPOS="681" VPOS="149" WIDTH="57" HEIGHT="17" WC="0.95" CONTENT="Juni."/>
						</TextLine>
					</TextBlock>
				</ComposedBlock>
				<GraphicalElement ID="cblock_1" HPOS="189" VPOS="175" WIDTH="827" HEIGHT="9"></GraphicalElement >
				<ComposedBlock ID="cblock_2" HPOS="186" VPOS="217" WIDTH="836" HEIGHT="484">
					<TextBlock ID="block_1" HPOS="186" VPOS="217" WIDTH="836" HEIGHT="484">
						<TextLine ID="line_1" HPOS="189" VPOS="217" WIDTH="831" HEIGHT="30">
							<String ID="string_7" HPOS="189" VPOS="219" WIDTH="159" HEIGHT="28" WC="0.92" CONTENT="skränkningar"/><SP WIDTH="15" VPOS="219" HPOS="348"/>
							<String ID="string_8" HPOS="363" VPOS="218" WIDTH="8" HEIGHT="21" WC="0.92" CONTENT="i"/><SP WIDTH="15" VPOS="218" HPOS="371"/>
							<String ID="string_9" HPOS="386" VPOS="219" WIDTH="69" HEIGHT="19" WC="0.92" CONTENT="rätten"/><SP WIDTH="23" VPOS="219" HPOS="455"/>
							<String ID="string_10" HPOS="478" VPOS="221" WIDTH="31" HEIGHT="17" WC="0.93" CONTENT="att"/><SP WIDTH="16" VPOS="221" HPOS="509"/>
							<String ID="string_11" HPOS="525" VPOS="217" WIDTH="50" HEIGHT="21" WC="0.92" CONTENT="idka"/><SP WIDTH="19" VPOS="217" HPOS="575"/>
							<String ID="string_12" HPOS="594" VPOS="217" WIDTH="174" HEIGHT="28" WC="0.92" CONTENT="gärdfarihandel"/><SP WIDTH="16" VPOS="217" HPOS="768"/>
							<String ID="string_13" HPOS="784" VPOS="217" WIDTH="72" HEIGHT="22" WC="0.92" CONTENT="blifvit"/><SP WIDTH="16" VPOS="217" HPOS="856"/>
							<String ID="string_14" HPOS="872" VPOS="217" WIDTH="148" HEIGHT="23" WC="0.93" CONTENT="beständande"/>
						</TextLine>
						<TextLine ID="line_2" HPOS="189" VPOS="245" WIDTH="833" HEIGHT="28">
							<String ID="string_15" HPOS="189" VPOS="248" WIDTH="56" HEIGHT="21" WC="0.92" CONTENT="ända"/><SP WIDTH="16" VPOS="248" HPOS="245"/>
							<String ID="string_16" HPOS="261" VPOS="247" WIDTH="31" HEIGHT="21" WC="0.96" CONTENT="till"/><SP WIDTH="22" VPOS="247" HPOS="292"/>
							<String ID="string_17" HPOS="314" VPOS="247" WIDTH="41" HEIGHT="21" WC="0.96" CONTENT="vär"/><SP WIDTH="14" VPOS="247" HPOS="355"/>
							<String ID="string_18" HPOS="369" VPOS="246" WIDTH="38" HEIGHT="25" WC="0.95" CONTENT="tid,"/><SP WIDTH="16" VPOS="246" HPOS="407"/>
							<String ID="string_19" HPOS="423" VPOS="246" WIDTH="41" HEIGHT="21" WC="0.96" CONTENT="kan"/><SP WIDTH="21" VPOS="246" HPOS="464"/>
							<String ID="string_20" HPOS="485" VPOS="245" WIDTH="67" HEIGHT="28" WC="0.95" CONTENT="enligt"/><SP WIDTH="15" VPOS="245" HPOS="552"/>
							<String ID="string_21" HPOS="567" VPOS="247" WIDTH="42" HEIGHT="20" WC="0.93" CONTENT="min"/><SP WIDTH="16" VPOS="247" HPOS="609"/>
							<String ID="string_22" HPOS="625" VPOS="245" WIDTH="56" HEIGHT="28" WC="0.91" CONTENT="äsigt"/><SP WIDTH="16" VPOS="245" HPOS="681"/>
							<String ID="string_23" HPOS="697" VPOS="246" WIDTH="49" HEIGHT="21" WC="0.90" CONTENT="icke"/><SP WIDTH="16" VPOS="246" HPOS="746"/>
							<String ID="string_24" HPOS="762" VPOS="245" WIDTH="117" HEIGHT="22" WC="0.91" CONTENT="betecknas"/><SP WIDTH="16" VPOS="245" HPOS="879"/>
							<String ID="string_25" HPOS="895" VPOS="246" WIDTH="77" HEIGHT="21" WC="0.93" CONTENT="endast"/><SP WIDTH="14" VPOS="246" HPOS="972"/>
							<String ID="string_26" HPOS="986" VPOS="246" WIDTH="36" HEIGHT="22" WC="0.93" CONTENT="sä-"/>
						</TextLine>
						<TextLine ID="line_3" HPOS="189" VPOS="274" WIDTH="831" HEIGHT="29">
							<String ID="string_27" HPOS="189" VPOS="283" WIDTH="46" HEIGHT="14" WC="0.95" CONTENT="som"/><SP WIDTH="26" VPOS="283" HPOS="235"/>
							<String ID="string_28" HPOS="261" VPOS="283" WIDTH="25" HEIGHT="13" WC="0.93" CONTENT="en"/><SP WIDTH="25" VPOS="283" HPOS="286"/>
							<String ID="string_29" HPOS="311" VPOS="275" WIDTH="114" HEIGHT="28" WC="0.91" CONTENT="gvarlefva"/><SP WIDTH="23" VPOS="275" HPOS="425"/>
							<String ID="string_30" HPOS="448" VPOS="275" WIDTH="23" HEIGHT="20" WC="0.97" CONTENT="af"/><SP WIDTH="22" VPOS="275" HPOS="471"/>
							<String ID="string_31" HPOS="493" VPOS="277" WIDTH="31" HEIGHT="18" WC="0.93" CONTENT="ett"/><SP WIDTH="23" VPOS="277" HPOS="524"/>
							<String ID="string_32" HPOS="547" VPOS="274" WIDTH="58" HEIGHT="21" WC="0.93" CONTENT="äldre"/><SP WIDTH="22" VPOS="274" HPOS="605"/>
							<String ID="string_33" HPOS="627" VPOS="274" WIDTH="181" HEIGHT="28" WC="0.85" CONTENT="äskädningssätt."/><SP WIDTH="33" VPOS="274" HPOS="808"/>
							<String ID="string_34" HPOS="841" VPOS="274" WIDTH="31" HEIGHT="22" WC="0.93" CONTENT="Ur"/><SP WIDTH="23" VPOS="274" HPOS="872"/>
							<String ID="string_35" HPOS="895" VPOS="274" WIDTH="125" HEIGHT="22" WC="0.96" CONTENT="Utskottets"/>
						</TextLine>
						<TextLine ID="line_4" HPOS="188" VPOS="302" WIDTH="832" HEIGHT="29">
							<String ID="string_36" HPOS="188" VPOS="304" WIDTH="161" HEIGHT="27" WC="0.96" CONTENT="framställning"/><SP WIDTH="23" VPOS="304" HPOS="349"/>
							<String ID="string_37" HPOS="372" VPOS="303" WIDTH="23" HEIGHT="21" WC="0.93" CONTENT="af"/><SP WIDTH="22" VPOS="303" HPOS="395"/>
							<String ID="string_38" HPOS="417" VPOS="302" WIDTH="88" HEIGHT="28" WC="0.92" CONTENT="frägans"/><SP WIDTH="25" VPOS="302" HPOS="505"/>
							<String ID="string_39" HPOS="530" VPOS="302" WIDTH="88" HEIGHT="21" WC="0.93" CONTENT="historik"/><SP WIDTH="24" VPOS="302" HPOS="618"/>
							<String ID="string_40" HPOS="642" VPOS="302" WIDTH="95" HEIGHT="28" WC="0.91" CONTENT="framgär"/><SP WIDTH="24" VPOS="302" HPOS="737"/>
							<String ID="string_41" HPOS="761" VPOS="304" WIDTH="99" HEIGHT="25" WC="0.91" CONTENT="tvärtom,"/><SP WIDTH="23" VPOS="304" HPOS="860"/>
							<String ID="string_42" HPOS="883" VPOS="306" WIDTH="31" HEIGHT="18" WC="0.96" CONTENT="att"/><SP WIDTH="25" VPOS="306" HPOS="914"/>
							<String ID="string_43" HPOS="939" VPOS="310" WIDTH="81" HEIGHT="14" WC="0.96" CONTENT="samma"/>
						</TextLine>
						<TextLine ID="line_5" HPOS="188" VPOS="331" WIDTH="832" HEIGHT="29">
							<String ID="string_44" HPOS="188" VPOS="332" WIDTH="180" HEIGHT="28" WC="0.73" CONTENT="äskädningssätt"/><SP WIDTH="22" VPOS="332" HPOS="368"/>
							<String ID="string_45" HPOS="390" VPOS="331" WIDTH="55" HEIGHT="21" WC="0.96" CONTENT="ända"/><SP WIDTH="22" VPOS="331" HPOS="445"/>
							<String ID="string_46" HPOS="467" VPOS="331" WIDTH="32" HEIGHT="21" WC="0.93" CONTENT="till"/><SP WIDTH="24" VPOS="331" HPOS="499"/>
							<String ID="string_47" HPOS="523" VPOS="334" WIDTH="83" HEIGHT="18" WC="0.96" CONTENT="senaste"/><SP WIDTH="16" VPOS="334" HPOS="606"/>
							<String ID="string_48" HPOS="622" VPOS="331" WIDTH="56" HEIGHT="21" WC="0.96" CONTENT="tider"/><SP WIDTH="16" VPOS="331" HPOS="678"/>
							<String ID="string_49" HPOS="694" VPOS="331" WIDTH="90" HEIGHT="28" WC="0.96" CONTENT="kraftigt"/><SP WIDTH="14" VPOS="331" HPOS="784"/>
							<String ID="string_50" HPOS="798" VPOS="332" WIDTH="57" HEIGHT="27" WC="0.96" CONTENT="gjort"/><SP WIDTH="15" VPOS="332" HPOS="855"/>
							<String ID="string_51" HPOS="870" VPOS="332" WIDTH="34" HEIGHT="27" WC="0.96" CONTENT="sig"/><SP WIDTH="14" VPOS="332" HPOS="904"/>
							<String ID="string_52" HPOS="918" VPOS="332" WIDTH="102" HEIGHT="27" WC="0.96" CONTENT="gällande"/>
						</TextLine>
						<TextLine ID="line_6" HPOS="188" VPOS="359" WIDTH="832" HEIGHT="29">
							<String ID="string_53" HPOS="188" VPOS="361" WIDTH="61" HEIGHT="21" WC="0.95" CONTENT="såväl"/><SP WIDTH="24" VPOS="361" HPOS="249"/>
							<String ID="string_54" HPOS="273" VPOS="362" WIDTH="58" HEIGHT="20" WC="0.93" CONTENT="inom"/><SP WIDTH="25" VPOS="362" HPOS="331"/>
							<String ID="string_55" HPOS="356" VPOS="360" WIDTH="197" HEIGHT="20" WC="0.95" CONTENT="administrationen"/><SP WIDTH="24" VPOS="360" HPOS="553"/>
							<String ID="string_56" HPOS="577" VPOS="367" WIDTH="44" HEIGHT="13" WC="0.96" CONTENT="som"/><SP WIDTH="24" VPOS="367" HPOS="621"/>
							<String ID="string_57" HPOS="645" VPOS="359" WIDTH="38" HEIGHT="21" WC="0.92" CONTENT="vid"/><SP WIDTH="23" VPOS="359" HPOS="683"/>
							<String ID="string_58" HPOS="706" VPOS="360" WIDTH="161" HEIGHT="27" WC="0.91" CONTENT="landtdagarna,"/><SP WIDTH="23" VPOS="360" HPOS="867"/>
							<String ID="string_59" HPOS="890" VPOS="360" WIDTH="34" HEIGHT="21" WC="0.93" CONTENT="för"/><SP WIDTH="20" VPOS="360" HPOS="924"/>
							<String ID="string_60" HPOS="944" VPOS="360" WIDTH="76" HEIGHT="28" WC="0.96" CONTENT="hvarje"/>
						</TextLine>
						<TextLine ID="line_7" HPOS="188" VPOS="388" WIDTH="832" HEIGHT="30">
							<String ID="string_61" HPOS="188" VPOS="390" WIDTH="59" HEIGHT="28" WC="0.92" CONTENT="gäng"/><SP WIDTH="14" VPOS="390" HPOS="247"/>
							<String ID="string_62" HPOS="261" VPOS="390" WIDTH="72" HEIGHT="20" WC="0.93" CONTENT="denna"/><SP WIDTH="17" VPOS="390" HPOS="333"/>
							<String ID="string_63" HPOS="350" VPOS="388" WIDTH="62" HEIGHT="28" WC="0.91" CONTENT="fräga"/><SP WIDTH="15" VPOS="388" HPOS="412"/>
							<String ID="string_64" HPOS="427" VPOS="389" WIDTH="56" HEIGHT="20" WC="0.97" CONTENT="varit"/><SP WIDTH="16" VPOS="389" HPOS="483"/>
							<String ID="string_65" HPOS="499" VPOS="388" WIDTH="52" HEIGHT="21" WC="0.93" CONTENT="före."/><SP WIDTH="30" VPOS="388" HPOS="551"/>
							<String ID="string_66" HPOS="581" VPOS="388" WIDTH="34" HEIGHT="21" WC="0.92" CONTENT="Gä"/><SP WIDTH="16" VPOS="388" HPOS="615"/>
							<String ID="string_67" HPOS="631" VPOS="389" WIDTH="20" HEIGHT="19" WC="0.93" CONTENT="vi"/><SP WIDTH="18" VPOS="389" HPOS="651"/>
							<String ID="string_68" HPOS="669" VPOS="388" WIDTH="75" HEIGHT="28" WC="0.93" CONTENT="frägan"/><SP WIDTH="16" VPOS="388" HPOS="744"/>
							<String ID="string_69" HPOS="760" VPOS="389" WIDTH="21" HEIGHT="20" WC="0.96" CONTENT="in"/><SP WIDTH="16" VPOS="389" HPOS="781"/>
							<String ID="string_70" HPOS="797" VPOS="388" WIDTH="28" HEIGHT="28" WC="0.93" CONTENT="pä"/><SP WIDTH="15" VPOS="388" HPOS="825"/>
							<String ID="string_71" HPOS="840" VPOS="388" WIDTH="68" HEIGHT="27" WC="0.91" CONTENT="lifvet,"/><SP WIDTH="10" VPOS="388" HPOS="908"/>
							<String ID="string_72" HPOS="918" VPOS="388" WIDTH="68" HEIGHT="22" WC="0.91" CONTENT="mäste"/><SP WIDTH="12" VPOS="388" HPOS="986"/>
							<String ID="string_73" HPOS="998" VPOS="389" WIDTH="22" HEIGHT="21" WC="0.96" CONTENT="vi"/>
						</TextLine>
						<TextLine ID="line_8" HPOS="188" VPOS="416" WIDTH="832" HEIGHT="29">
							<String ID="string_74" HPOS="188" VPOS="419" WIDTH="36" HEIGHT="21" WC="0.96" CONTENT="väl"/><SP WIDTH="16" VPOS="419" HPOS="224"/>
							<String ID="string_75" HPOS="240" VPOS="418" WIDTH="53" HEIGHT="21" WC="0.96" CONTENT="söka"/><SP WIDTH="16" VPOS="418" HPOS="293"/>
							<String ID="string_76" HPOS="309" VPOS="418" WIDTH="39" HEIGHT="20" WC="0.93" CONTENT="det"/><SP WIDTH="15" VPOS="418" HPOS="348"/>
							<String ID="string_77" HPOS="363" VPOS="416" WIDTH="118" HEIGHT="28" WC="0.91" CONTENT="afgörande"/><SP WIDTH="15" VPOS="416" HPOS="481"/>
							<String ID="string_78" HPOS="496" VPOS="417" WIDTH="89" HEIGHT="21" WC="0.93" CONTENT="motivet"/><SP WIDTH="14" VPOS="417" HPOS="585"/>
							<String ID="string_79" HPOS="599" VPOS="416" WIDTH="35" HEIGHT="21" WC="0.93" CONTENT="för"/><SP WIDTH="15" VPOS="416" HPOS="634"/>
							<String ID="string_80" HPOS="649" VPOS="416" WIDTH="125" HEIGHT="22" WC="0.92" CONTENT="Utskottets"/><SP WIDTH="15" VPOS="416" HPOS="774"/>
							<String ID="string_81" HPOS="789" VPOS="416" WIDTH="149" HEIGHT="29" WC="0.90" CONTENT="tillstyrkande"/><SP WIDTH="11" VPOS="416" HPOS="938"/>
							<String ID="string_82" HPOS="949" VPOS="417" WIDTH="23" HEIGHT="21" WC="0.96" CONTENT="af"/><SP WIDTH="11" VPOS="417" HPOS="972"/>
							<String ID="string_83" HPOS="983" VPOS="420" WIDTH="37" HEIGHT="23" WC="0.96" CONTENT="ett,"/>
						</TextLine>
						<TextLine ID="line_9" HPOS="188" VPOS="444" WIDTH="831" HEIGHT="30">
							<String ID="string_84" HPOS="188" VPOS="447" WIDTH="127" HEIGHT="27" WC="0.91" CONTENT="visserligen"/><SP WIDTH="17" VPOS="447" HPOS="315"/>
							<String ID="string_85" HPOS="332" VPOS="445" WIDTH="187" HEIGHT="28" WC="0.91" CONTENT="reglementeradt,"/><SP WIDTH="15" VPOS="445" HPOS="519"/>
							<String ID="string_86" HPOS="534" VPOS="444" WIDTH="132" HEIGHT="28" WC="0.92" CONTENT="frigifvande"/><SP WIDTH="15" VPOS="444" HPOS="666"/>
							<String ID="string_87" HPOS="681" VPOS="445" WIDTH="23" HEIGHT="21" WC="0.93" CONTENT="af"/><SP WIDTH="15" VPOS="445" HPOS="704"/>
							<String ID="string_88" HPOS="719" VPOS="445" WIDTH="188" HEIGHT="28" WC="0.92" CONTENT="gärdfarihandeln"/><SP WIDTH="12" VPOS="445" HPOS="907"/>
							<String ID="string_89" HPOS="919" VPOS="446" WIDTH="5" HEIGHT="20" WC="0.96" CONTENT="i"/><SP WIDTH="12" VPOS="446" HPOS="924"/>
							<String ID="string_90" HPOS="936" VPOS="445" WIDTH="83" HEIGHT="29" WC="0.97" CONTENT="hänsyn"/>
						</TextLine>
						<TextLine ID="line_10" HPOS="188" VPOS="473" WIDTH="832" HEIGHT="29">
							<String ID="string_91" HPOS="188" VPOS="476" WIDTH="36" HEIGHT="20" WC="0.96" CONTENT="för"/><SP WIDTH="14" VPOS="476" HPOS="224"/>
							<String ID="string_92" HPOS="238" VPOS="475" WIDTH="151" HEIGHT="27" WC="0.93" CONTENT="Regeringens"/><SP WIDTH="23" VPOS="475" HPOS="389"/>
							<String ID="string_93" HPOS="412" VPOS="474" WIDTH="81" HEIGHT="21" WC="0.96" CONTENT="önskan"/><SP WIDTH="24" VPOS="474" HPOS="493"/>
							<String ID="string_94" HPOS="517" VPOS="477" WIDTH="30" HEIGHT="17" WC="0.96" CONTENT="att"/><SP WIDTH="23" VPOS="477" HPOS="547"/>
							<String ID="string_95" HPOS="570" VPOS="473" WIDTH="27" HEIGHT="29" WC="0.93" CONTENT="pä"/><SP WIDTH="23" VPOS="473" HPOS="597"/>
							<String ID="string_96" HPOS="620" VPOS="474" WIDTH="73" HEIGHT="27" WC="0.96" CONTENT="lagligt"/><SP WIDTH="21" VPOS="474" HPOS="693"/>
							<String ID="string_97" HPOS="714" VPOS="475" WIDTH="42" HEIGHT="19" WC="0.93" CONTENT="sätt"/><SP WIDTH="15" VPOS="475" HPOS="756"/>
							<String ID="string_98" HPOS="771" VPOS="474" WIDTH="23" HEIGHT="20" WC="0.96" CONTENT="få"/><SP WIDTH="16" VPOS="474" HPOS="794"/>
							<String ID="string_99" HPOS="810" VPOS="474" WIDTH="40" HEIGHT="20" WC="0.93" CONTENT="den"/><SP WIDTH="17" VPOS="474" HPOS="850"/>
							<String ID="string_100" HPOS="867" VPOS="474" WIDTH="91" HEIGHT="21" WC="0.95" CONTENT="konflikt"/><SP WIDTH="14" VPOS="474" HPOS="958"/>
							<String ID="string_101" HPOS="972" VPOS="475" WIDTH="48" HEIGHT="25" WC="0.96" CONTENT="löst,"/>
						</TextLine>
						<TextLine ID="line_11" HPOS="190" VPOS="502" WIDTH="832" HEIGHT="28">
							<String ID="string_102" HPOS="190" VPOS="511" WIDTH="45" HEIGHT="14" WC="0.96" CONTENT="som"/><SP WIDTH="25" VPOS="511" HPOS="235"/>
							<String ID="string_103" HPOS="260" VPOS="504" WIDTH="56" HEIGHT="21" WC="0.93" CONTENT="1900"/><SP WIDTH="17" VPOS="504" HPOS="316"/>
							<String ID="string_104" HPOS="333" VPOS="503" WIDTH="34" HEIGHT="21" WC="0.92" CONTENT="ärs"/><SP WIDTH="24" VPOS="503" HPOS="367"/>
							<String ID="string_105" HPOS="391" VPOS="502" WIDTH="170" HEIGHT="21" WC="0.91" CONTENT="administrativa"/><SP WIDTH="23" VPOS="502" HPOS="561"/>
							<String ID="string_106" HPOS="584" VPOS="502" WIDTH="126" HEIGHT="28" WC="0.92" CONTENT="förordning"/><SP WIDTH="22" VPOS="502" HPOS="710"/>
							<String ID="string_107" HPOS="732" VPOS="502" WIDTH="158" HEIGHT="22" WC="0.90" CONTENT="ästadkommit."/><SP WIDTH="30" VPOS="502" HPOS="890"/>
							<String ID="string_108" HPOS="920" VPOS="502" WIDTH="52" HEIGHT="22" WC="0.95" CONTENT="Men"/><SP WIDTH="16" VPOS="502" HPOS="972"/>
							<String ID="string_109" HPOS="988" VPOS="503" WIDTH="34" HEIGHT="21" WC="0.96" CONTENT="för"/>
						</TextLine>
						<TextLine ID="line_12" HPOS="189" VPOS="530" WIDTH="832" HEIGHT="29">
							<String ID="string_110" HPOS="189" VPOS="533" WIDTH="44" HEIGHT="21" WC="0.95" CONTENT="min"/><SP WIDTH="24" VPOS="533" HPOS="233"/>
							<String ID="string_111" HPOS="257" VPOS="532" WIDTH="34" HEIGHT="21" WC="0.95" CONTENT="del"/><SP WIDTH="17" VPOS="532" HPOS="291"/>
							<String ID="string_112" HPOS="308" VPOS="532" WIDTH="38" HEIGHT="20" WC="0.96" CONTENT="vill"/><SP WIDTH="24" VPOS="532" HPOS="346"/>
							<String ID="string_113" HPOS="370" VPOS="532" WIDTH="35" HEIGHT="27" WC="0.93" CONTENT="jag"/><SP WIDTH="15" VPOS="532" HPOS="405"/>
							<String ID="string_114" HPOS="420" VPOS="531" WIDTH="49" HEIGHT="21" WC="0.92" CONTENT="icke"/><SP WIDTH="22" VPOS="531" HPOS="469"/>
							<String ID="string_115" HPOS="491" VPOS="531" WIDTH="48" HEIGHT="20" WC="0.96" CONTENT="med"/><SP WIDTH="16" VPOS="531" HPOS="539"/>
							<String ID="string_116" HPOS="555" VPOS="531" WIDTH="42" HEIGHT="20" WC="0.93" CONTENT="min"/><SP WIDTH="24" VPOS="531" HPOS="597"/>
							<String ID="string_117" HPOS="621" VPOS="532" WIDTH="44" HEIGHT="20" WC="0.93" CONTENT="röst"/><SP WIDTH="16" VPOS="532" HPOS="665"/>
							<String ID="string_118" HPOS="681" VPOS="530" WIDTH="88" HEIGHT="28" WC="0.92" CONTENT="bidraga"/><SP WIDTH="20" VPOS="530" HPOS="769"/>
							<String ID="string_119" HPOS="789" VPOS="531" WIDTH="31" HEIGHT="20" WC="0.96" CONTENT="till"/><SP WIDTH="16" VPOS="531" HPOS="820"/>
							<String ID="string_120" HPOS="836" VPOS="531" WIDTH="70" HEIGHT="21" WC="0.93" CONTENT="denna"/><SP WIDTH="16" VPOS="531" HPOS="906"/>
							<String ID="string_121" HPOS="922" VPOS="531" WIDTH="99" HEIGHT="28" WC="0.92" CONTENT="partiella"/>
						</TextLine>
						<TextLine ID="line_13" HPOS="188" VPOS="559" WIDTH="833" HEIGHT="30">
							<String ID="string_122" HPOS="188" VPOS="561" WIDTH="129" HEIGHT="28" WC="0.96" CONTENT="förändring"/><SP WIDTH="24" VPOS="561" HPOS="317"/>
							<String ID="string_123" HPOS="341" VPOS="560" WIDTH="23" HEIGHT="20" WC="0.93" CONTENT="af"/><SP WIDTH="23" VPOS="560" HPOS="364"/>
							<String ID="string_124" HPOS="387" VPOS="559" WIDTH="154" HEIGHT="28" WC="0.92" CONTENT="näringslagen,"/><SP WIDTH="20" VPOS="559" HPOS="541"/>
							<String ID="string_125" HPOS="561" VPOS="559" WIDTH="90" HEIGHT="21" WC="0.96" CONTENT="emedan"/><SP WIDTH="21" VPOS="559" HPOS="651"/>
							<String ID="string_126" HPOS="672" VPOS="560" WIDTH="41" HEIGHT="27" WC="0.93" CONTENT="jag,"/><SP WIDTH="16" VPOS="560" HPOS="713"/>
							<String ID="string_127" HPOS="729" VPOS="559" WIDTH="65" HEIGHT="21" WC="0.96" CONTENT="ehuru"/><SP WIDTH="17" VPOS="559" HPOS="794"/>
							<String ID="string_128" HPOS="811" VPOS="559" WIDTH="116" HEIGHT="28" WC="0.93" CONTENT="ingalunda"/><SP WIDTH="15" VPOS="559" HPOS="927"/>
							<String ID="string_129" HPOS="942" VPOS="560" WIDTH="79" HEIGHT="20" WC="0.93" CONTENT="under-"/>
						</TextLine>
						<TextLine ID="line_14" HPOS="191" VPOS="588" WIDTH="829" HEIGHT="27">
							<String ID="string_130" HPOS="191" VPOS="589" WIDTH="116" HEIGHT="22" WC="0.89" CONTENT="skattande"/><SP WIDTH="24" VPOS="589" HPOS="307"/>
							<String ID="string_131" HPOS="331" VPOS="588" WIDTH="173" HEIGHT="21" WC="0.90" CONTENT="önskvärdheten"/><SP WIDTH="25" VPOS="588" HPOS="504"/>
							<String ID="string_132" HPOS="529" VPOS="588" WIDTH="22" HEIGHT="20" WC="0.96" CONTENT="af"/><SP WIDTH="14" VPOS="588" HPOS="551"/>
							<String ID="string_133" HPOS="565" VPOS="588" WIDTH="42" HEIGHT="27" WC="0.93" CONTENT="god"/><SP WIDTH="24" VPOS="588" HPOS="607"/>
							<String ID="string_134" HPOS="631" VPOS="588" WIDTH="142" HEIGHT="27" WC="0.92" CONTENT="grannsämja,"/><SP WIDTH="15" VPOS="588" HPOS="773"/>
							<String ID="string_135" HPOS="788" VPOS="595" WIDTH="62" HEIGHT="13" WC="0.96" CONTENT="anser"/><SP WIDTH="16" VPOS="595" HPOS="850"/>
							<String ID="string_136" HPOS="866" VPOS="588" WIDTH="37" HEIGHT="21" WC="0.93" CONTENT="det"/><SP WIDTH="14" VPOS="588" HPOS="903"/>
							<String ID="string_137" HPOS="917" VPOS="588" WIDTH="103" HEIGHT="27" WC="0.92" CONTENT="riktigare"/>
						</TextLine>
						<TextLine ID="line_15" HPOS="187" VPOS="616" WIDTH="833" HEIGHT="28">
							<String ID="string_138" HPOS="187" VPOS="621" WIDTH="33" HEIGHT="18" WC="0.91" CONTENT="att"/><SP WIDTH="23" VPOS="621" HPOS="220"/>
							<String ID="string_139" HPOS="243" VPOS="617" WIDTH="136" HEIGHT="22" WC="0.84" CONTENT="öfverlemna"/><SP WIDTH="22" VPOS="617" HPOS="379"/>
							<String ID="string_140" HPOS="401" VPOS="616" WIDTH="23" HEIGHT="21" WC="0.96" CONTENT="ät"/><SP WIDTH="15" VPOS="616" HPOS="424"/>
							<String ID="string_141" HPOS="439" VPOS="616" WIDTH="42" HEIGHT="21" WC="0.96" CONTENT="den"/><SP WIDTH="23" VPOS="616" HPOS="481"/>
							<String ID="string_142" HPOS="504" VPOS="623" WIDTH="41" HEIGHT="21" WC="0.93" CONTENT="nya"/><SP WIDTH="23" VPOS="623" HPOS="545"/>
							<String ID="string_143" HPOS="568" VPOS="616" WIDTH="244" HEIGHT="28" WC="0.92" CONTENT="folkrepresentationen"/><SP WIDTH="24" VPOS="616" HPOS="812"/>
							<String ID="string_144" HPOS="836" VPOS="619" WIDTH="32" HEIGHT="18" WC="0.96" CONTENT="att"/><SP WIDTH="20" VPOS="619" HPOS="868"/>
							<String ID="string_145" HPOS="888" VPOS="617" WIDTH="45" HEIGHT="20" WC="0.96" CONTENT="lösa"/><SP WIDTH="16" VPOS="617" HPOS="933"/>
							<String ID="string_146" HPOS="949" VPOS="617" WIDTH="71" HEIGHT="20" WC="0.96" CONTENT="denna"/>
						</TextLine>
						<TextLine ID="line_16" HPOS="188" VPOS="644" WIDTH="832" HEIGHT="30">
							<String ID="string_147" HPOS="188" VPOS="646" WIDTH="62" HEIGHT="28" WC="0.92" CONTENT="fräga"/><SP WIDTH="16" VPOS="646" HPOS="250"/>
							<String ID="string_148" HPOS="266" VPOS="647" WIDTH="6" HEIGHT="20" WC="0.96" CONTENT="i"/><SP WIDTH="17" VPOS="647" HPOS="272"/>
							<String ID="string_149" HPOS="289" VPOS="645" WIDTH="156" HEIGHT="27" WC="0.95" CONTENT="sammanhang"/><SP WIDTH="22" VPOS="645" HPOS="445"/>
							<String ID="string_150" HPOS="467" VPOS="645" WIDTH="46" HEIGHT="20" WC="0.95" CONTENT="med"/><SP WIDTH="18" VPOS="645" HPOS="513"/>
							<String ID="string_151" HPOS="531" VPOS="645" WIDTH="40" HEIGHT="20" WC="0.96" CONTENT="den"/><SP WIDTH="21" VPOS="645" HPOS="571"/>
							<String ID="string_152" HPOS="592" VPOS="644" WIDTH="66" HEIGHT="21" WC="0.96" CONTENT="redan"/><SP WIDTH="17" VPOS="644" HPOS="658"/>
							<String ID="string_153" HPOS="675" VPOS="645" WIDTH="63" HEIGHT="27" WC="0.93" CONTENT="länge"/><SP WIDTH="15" VPOS="645" HPOS="738"/>
							<String ID="string_154" HPOS="753" VPOS="645" WIDTH="129" HEIGHT="21" WC="0.93" CONTENT="förberedda"/><SP WIDTH="16" VPOS="645" HPOS="882"/>
							<String ID="string_155" HPOS="898" VPOS="646" WIDTH="122" HEIGHT="20" WC="0.91" CONTENT="revisionen"/>
						</TextLine>
						<TextLine ID="line_17" HPOS="186" VPOS="673" WIDTH="387" HEIGHT="28">
							<String ID="string_156" HPOS="186" VPOS="675" WIDTH="24" HEIGHT="21" WC="0.96" CONTENT="af"/><SP WIDTH="14" VPOS="675" HPOS="210"/>
							<String ID="string_157" HPOS="224" VPOS="675" WIDTH="49" HEIGHT="21" WC="0.96" CONTENT="hela"/><SP WIDTH="16" VPOS="675" HPOS="273"/>
							<String ID="string_158" HPOS="289" VPOS="674" WIDTH="40" HEIGHT="21" WC="0.93" CONTENT="vär"/><SP WIDTH="16" VPOS="674" HPOS="329"/>
							<String ID="string_159" HPOS="345" VPOS="673" WIDTH="228" HEIGHT="28" WC="0.90" CONTENT="näringslagstiftning."/>
						</TextLine>
					</TextBlock>
				</ComposedBlock>
				<ComposedBlock ID="cblock_3" HPOS="181" VPOS="730" WIDTH="839" HEIGHT="835">
					<TextBlock ID="block_2" HPOS="181" VPOS="730" WIDTH="839" HEIGHT="832">
						<TextLine ID="line_18" HPOS="257" VPOS="730" WIDTH="763" HEIGHT="28">
							<String ID="string_160" HPOS="257" VPOS="731" WIDTH="35" HEIGHT="22" WC="0.96" CONTENT="Hr"/><SP WIDTH="24" VPOS="731" HPOS="292"/>
							<String ID="string_161" HPOS="316" VPOS="731" WIDTH="102" HEIGHT="21" WC="0.96" CONTENT="Wilhelm"/><SP WIDTH="21" VPOS="731" HPOS="418"/>
							<String ID="string_162" HPOS="439" VPOS="730" WIDTH="140" HEIGHT="28" WC="0.96" CONTENT="Ramsay:"/><SP WIDTH="22" VPOS="730" HPOS="579"/>
							<String ID="string_163" HPOS="601" VPOS="730" WIDTH="34" HEIGHT="21" WC="0.93" CONTENT="De"/><SP WIDTH="20" VPOS="730" HPOS="635"/>
							<String ID="string_164" HPOS="655" VPOS="731" WIDTH="149" HEIGHT="20" WC="0.95" CONTENT="restriktioner"/><SP WIDTH="22" VPOS="731" HPOS="804"/>
							<String ID="string_165" HPOS="826" VPOS="731" WIDTH="30" HEIGHT="20" WC="0.96" CONTENT="uti"/><SP WIDTH="18" VPOS="731" HPOS="856"/>
							<String ID="string_166" HPOS="874" VPOS="731" WIDTH="12" HEIGHT="27" WC="0.71" CONTENT="8"/><SP WIDTH="16" VPOS="731" HPOS="886"/>
							<String ID="string_167" HPOS="902" VPOS="731" WIDTH="26" HEIGHT="21" WC="0.96" CONTENT="10"/><SP WIDTH="16" VPOS="731" HPOS="928"/>
							<String ID="string_168" HPOS="944" VPOS="731" WIDTH="23" HEIGHT="20" WC="0.93" CONTENT="af"/><SP WIDTH="16" VPOS="731" HPOS="967"/>
							<String ID="string_169" HPOS="983" VPOS="733" WIDTH="37" HEIGHT="18" WC="0.91" CONTENT="nä-"/>
						</TextLine>
						<TextLine ID="line_19" HPOS="188" VPOS="758" WIDTH="832" HEIGHT="30">
							<String ID="string_170" HPOS="188" VPOS="761" WIDTH="131" HEIGHT="27" WC="0.93" CONTENT="ringslagen,"/><SP WIDTH="9" VPOS="761" HPOS="319"/>
							<String ID="string_171" HPOS="328" VPOS="767" WIDTH="46" HEIGHT="14" WC="0.92" CONTENT="som"/><SP WIDTH="17" VPOS="767" HPOS="374"/>
							<String ID="string_172" HPOS="391" VPOS="761" WIDTH="36" HEIGHT="19" WC="0.96" CONTENT="äro"/><SP WIDTH="16" VPOS="761" HPOS="427"/>
							<String ID="string_173" HPOS="443" VPOS="759" WIDTH="120" HEIGHT="27" WC="0.66" CONTENT="föreslagna"/><SP WIDTH="12" VPOS="759" HPOS="563"/>
							<String ID="string_174" HPOS="575" VPOS="759" WIDTH="22" HEIGHT="20" WC="0.93" CONTENT="af"/><SP WIDTH="10" VPOS="759" HPOS="597"/>
							<String ID="string_175" HPOS="607" VPOS="758" WIDTH="120" HEIGHT="26" WC="0.96" CONTENT="Utskottet,"/><SP WIDTH="8" VPOS="758" HPOS="727"/>
							<String ID="string_176" HPOS="735" VPOS="759" WIDTH="65" HEIGHT="20" WC="0.96" CONTENT="hafva"/><SP WIDTH="14" VPOS="759" HPOS="800"/>
							<String ID="string_177" HPOS="814" VPOS="759" WIDTH="27" HEIGHT="28" WC="0.97" CONTENT="pä"/><SP WIDTH="11" VPOS="759" HPOS="841"/>
							<String ID="string_178" HPOS="852" VPOS="761" WIDTH="43" HEIGHT="26" WC="0.93" CONTENT="mig"/><SP WIDTH="10" VPOS="761" HPOS="895"/>
							<String ID="string_179" HPOS="905" VPOS="759" WIDTH="48" HEIGHT="21" WC="0.96" CONTENT="icke"/><SP WIDTH="11" VPOS="759" HPOS="953"/>
							<String ID="string_180" HPOS="964" VPOS="760" WIDTH="56" HEIGHT="27" WC="0.96" CONTENT="gjort"/>
						</TextLine>
						<TextLine ID="line_20" HPOS="190" VPOS="787" WIDTH="829" HEIGHT="30">
							<String ID="string_181" HPOS="190" VPOS="789" WIDTH="68" HEIGHT="28" WC="0.96" CONTENT="något"/><SP WIDTH="15" VPOS="789" HPOS="258"/>
							<String ID="string_182" HPOS="273" VPOS="789" WIDTH="116" HEIGHT="27" WC="0.95" CONTENT="angenämt"/><SP WIDTH="16" VPOS="789" HPOS="389"/>
							<String ID="string_183" HPOS="405" VPOS="788" WIDTH="90" HEIGHT="27" WC="0.89" CONTENT="intryck."/><SP WIDTH="31" VPOS="788" HPOS="495"/>
							<String ID="string_184" HPOS="526" VPOS="787" WIDTH="43" HEIGHT="21" WC="0.96" CONTENT="Det"/><SP WIDTH="16" VPOS="787" HPOS="569"/>
							<String ID="string_185" HPOS="585" VPOS="795" WIDTH="34" HEIGHT="13" WC="0.96" CONTENT="ser"/><SP WIDTH="15" VPOS="795" HPOS="619"/>
							<String ID="string_186" HPOS="634" VPOS="790" WIDTH="24" HEIGHT="17" WC="0.96" CONTENT="ut"/><SP WIDTH="16" VPOS="790" HPOS="658"/>
							<String ID="string_187" HPOS="674" VPOS="794" WIDTH="44" HEIGHT="14" WC="0.96" CONTENT="som"/><SP WIDTH="17" VPOS="794" HPOS="718"/>
							<String ID="string_188" HPOS="735" VPOS="795" WIDTH="33" HEIGHT="13" WC="0.93" CONTENT="om"/><SP WIDTH="18" VPOS="795" HPOS="768"/>
							<String ID="string_189" HPOS="786" VPOS="787" WIDTH="118" HEIGHT="27" WC="0.93" CONTENT="Utskottet,"/><SP WIDTH="10" VPOS="787" HPOS="904"/>
							<String ID="string_190" HPOS="914" VPOS="788" WIDTH="53" HEIGHT="21" WC="0.93" CONTENT="nödt"/><SP WIDTH="11" VPOS="788" HPOS="967"/>
							<String ID="string_191" HPOS="978" VPOS="788" WIDTH="41" HEIGHT="21" WC="0.96" CONTENT="och"/>
						</TextLine>
						<TextLine ID="line_21" HPOS="190" VPOS="815" WIDTH="829" HEIGHT="30">
							<String ID="string_192" HPOS="190" VPOS="821" WIDTH="91" HEIGHT="24" WC="0.92" CONTENT="tvunget"/><SP WIDTH="24" VPOS="821" HPOS="281"/>
							<String ID="string_193" HPOS="305" VPOS="820" WIDTH="32" HEIGHT="18" WC="0.93" CONTENT="att"/><SP WIDTH="22" VPOS="820" HPOS="337"/>
							<String ID="string_194" HPOS="359" VPOS="817" WIDTH="96" HEIGHT="27" WC="0.89" CONTENT="tillämpa"/><SP WIDTH="21" VPOS="817" HPOS="455"/>
							<String ID="string_195" HPOS="476" VPOS="815" WIDTH="192" HEIGHT="29" WC="0.92" CONTENT="näringsfrihetens"/><SP WIDTH="22" VPOS="815" HPOS="668"/>
							<String ID="string_196" HPOS="690" VPOS="817" WIDTH="82" HEIGHT="27" WC="0.93" CONTENT="princip"/><SP WIDTH="16" VPOS="817" HPOS="772"/>
							<String ID="string_197" HPOS="788" VPOS="817" WIDTH="64" HEIGHT="20" WC="0.92" CONTENT="äfven"/><SP WIDTH="18" VPOS="817" HPOS="852"/>
							<String ID="string_198" HPOS="870" VPOS="816" WIDTH="28" HEIGHT="29" WC="0.93" CONTENT="pä"/><SP WIDTH="14" VPOS="816" HPOS="898"/>
							<String ID="string_199" HPOS="912" VPOS="817" WIDTH="107" HEIGHT="27" WC="0.92" CONTENT="gärdfari-"/>
						</TextLine>
						<TextLine ID="line_22" HPOS="191" VPOS="844" WIDTH="827" HEIGHT="28">
							<String ID="string_200" HPOS="191" VPOS="846" WIDTH="106" HEIGHT="21" WC="0.96" CONTENT="handelns"/><SP WIDTH="24" VPOS="846" HPOS="297"/>
							<String ID="string_201" HPOS="321" VPOS="845" WIDTH="94" HEIGHT="25" WC="0.96" CONTENT="område,"/><SP WIDTH="23" VPOS="845" HPOS="415"/>
							<String ID="string_202" HPOS="438" VPOS="845" WIDTH="56" HEIGHT="20" WC="0.91" CONTENT="dock"/><SP WIDTH="24" VPOS="845" HPOS="494"/>
							<String ID="string_203" HPOS="518" VPOS="852" WIDTH="78" HEIGHT="20" WC="0.92" CONTENT="ogerna"/><SP WIDTH="23" VPOS="852" HPOS="596"/>
							<String ID="string_204" HPOS="619" VPOS="845" WIDTH="57" HEIGHT="27" WC="0.95" CONTENT="gjort"/><SP WIDTH="22" VPOS="845" HPOS="676"/>
							<String ID="string_205" HPOS="698" VPOS="844" WIDTH="36" HEIGHT="21" WC="0.96" CONTENT="det"/><SP WIDTH="23" VPOS="844" HPOS="734"/>
							<String ID="string_206" HPOS="757" VPOS="845" WIDTH="39" HEIGHT="21" WC="0.96" CONTENT="och"/><SP WIDTH="17" VPOS="845" HPOS="796"/>
							<String ID="string_207" HPOS="813" VPOS="845" WIDTH="47" HEIGHT="21" WC="0.96" CONTENT="med"/><SP WIDTH="18" VPOS="845" HPOS="860"/>
							<String ID="string_208" HPOS="878" VPOS="853" WIDTH="38" HEIGHT="13" WC="0.93" CONTENT="ena"/><SP WIDTH="16" VPOS="853" HPOS="916"/>
							<String ID="string_209" HPOS="932" VPOS="845" WIDTH="86" HEIGHT="21" WC="0.96" CONTENT="handen"/>
						</TextLine>
						<TextLine ID="line_23" HPOS="190" VPOS="873" WIDTH="829" HEIGHT="29">
							<String ID="string_210" HPOS="190" VPOS="875" WIDTH="59" HEIGHT="21" WC="0.93" CONTENT="velat"/><SP WIDTH="16" VPOS="875" HPOS="249"/>
							<String ID="string_211" HPOS="265" VPOS="878" WIDTH="50" HEIGHT="24" WC="0.92" CONTENT="taga"/><SP WIDTH="21" VPOS="878" HPOS="315"/>
							<String ID="string_212" HPOS="336" VPOS="873" WIDTH="88" HEIGHT="21" WC="0.93" CONTENT="tillbaka"/><SP WIDTH="17" VPOS="873" HPOS="424"/>
							<String ID="string_213" HPOS="441" VPOS="873" WIDTH="56" HEIGHT="21" WC="0.92" CONTENT="hvad"/><SP WIDTH="17" VPOS="873" HPOS="497"/>
							<String ID="string_214" HPOS="514" VPOS="873" WIDTH="37" HEIGHT="21" WC="0.96" CONTENT="det"/><SP WIDTH="15" VPOS="873" HPOS="551"/>
							<String ID="string_215" HPOS="566" VPOS="873" WIDTH="47" HEIGHT="20" WC="0.96" CONTENT="med"/><SP WIDTH="17" VPOS="873" HPOS="613"/>
							<String ID="string_216" HPOS="630" VPOS="873" WIDTH="41" HEIGHT="20" WC="0.96" CONTENT="den"/><SP WIDTH="17" VPOS="873" HPOS="671"/>
							<String ID="string_217" HPOS="688" VPOS="873" WIDTH="66" HEIGHT="21" WC="0.93" CONTENT="andra"/><SP WIDTH="15" VPOS="873" HPOS="754"/>
							<String ID="string_218" HPOS="769" VPOS="873" WIDTH="71" HEIGHT="27" WC="0.87" CONTENT="gifvit."/><SP WIDTH="29" VPOS="873" HPOS="840"/>
							<String ID="string_219" HPOS="869" VPOS="873" WIDTH="51" HEIGHT="21" WC="0.95" CONTENT="Man"/><SP WIDTH="18" VPOS="873" HPOS="920"/>
							<String ID="string_220" HPOS="938" VPOS="874" WIDTH="37" HEIGHT="20" WC="0.96" CONTENT="vill"/><SP WIDTH="16" VPOS="874" HPOS="975"/>
							<String ID="string_221" HPOS="991" VPOS="873" WIDTH="28" HEIGHT="29" WC="0.96" CONTENT="pä"/>
						</TextLine>
						<TextLine ID="line_24" HPOS="187" VPOS="901" WIDTH="831" HEIGHT="29">
							<String ID="string_222" HPOS="187" VPOS="903" WIDTH="41" HEIGHT="21" WC="0.96" CONTENT="allt"/><SP WIDTH="15" VPOS="903" HPOS="228"/>
							<String ID="string_223" HPOS="243" VPOS="905" WIDTH="44" HEIGHT="19" WC="0.97" CONTENT="sätt"/><SP WIDTH="12" VPOS="905" HPOS="287"/>
							<String ID="string_224" HPOS="299" VPOS="904" WIDTH="51" HEIGHT="26" WC="0.96" CONTENT="göra"/><SP WIDTH="18" VPOS="904" HPOS="350"/>
							<String ID="string_225" HPOS="368" VPOS="902" WIDTH="37" HEIGHT="20" WC="0.93" CONTENT="det"/><SP WIDTH="16" VPOS="902" HPOS="405"/>
							<String ID="string_226" HPOS="421" VPOS="902" WIDTH="60" HEIGHT="20" WC="0.96" CONTENT="svårt"/><SP WIDTH="15" VPOS="902" HPOS="481"/>
							<String ID="string_227" HPOS="496" VPOS="902" WIDTH="33" HEIGHT="20" WC="0.93" CONTENT="för"/><SP WIDTH="15" VPOS="902" HPOS="529"/>
							<String ID="string_228" HPOS="544" VPOS="901" WIDTH="189" HEIGHT="28" WC="0.79" CONTENT="gärdfarihandeln"/><SP WIDTH="17" VPOS="901" HPOS="733"/>
							<String ID="string_229" HPOS="750" VPOS="905" WIDTH="32" HEIGHT="17" WC="0.93" CONTENT="att"/><SP WIDTH="14" VPOS="905" HPOS="782"/>
							<String ID="string_230" HPOS="796" VPOS="902" WIDTH="58" HEIGHT="20" WC="0.96" CONTENT="lefva"/><SP WIDTH="11" VPOS="902" HPOS="854"/>
							<String ID="string_231" HPOS="865" VPOS="910" WIDTH="49" HEIGHT="20" WC="0.96" CONTENT="upp."/><SP WIDTH="23" VPOS="910" HPOS="914"/>
							<String ID="string_232" HPOS="937" VPOS="902" WIDTH="34" HEIGHT="21" WC="0.96" CONTENT="En"/><SP WIDTH="12" VPOS="902" HPOS="971"/>
							<String ID="string_233" HPOS="983" VPOS="902" WIDTH="35" HEIGHT="21" WC="0.96" CONTENT="del"/>
						</TextLine>
						<TextLine ID="line_25" HPOS="187" VPOS="910" WIDTH="831" HEIGHT="48">
							<String ID="string_234" HPOS="187" VPOS="932" WIDTH="23" HEIGHT="21" WC="0.96" CONTENT="af"/><SP WIDTH="23" VPOS="932" HPOS="210"/>
							<String ID="string_235" HPOS="233" VPOS="932" WIDTH="27" HEIGHT="20" WC="0.96" CONTENT="de"/><SP WIDTH="23" VPOS="932" HPOS="260"/>
							<String ID="string_236" HPOS="283" VPOS="930" WIDTH="124" HEIGHT="28" WC="0.93" CONTENT="föreslagna"/><SP WIDTH="24" VPOS="930" HPOS="407"/>
							<String ID="string_237" HPOS="431" VPOS="930" WIDTH="174" HEIGHT="21" WC="0.92" CONTENT="restriktionerna"/><SP WIDTH="22" VPOS="930" HPOS="605"/>
							<String ID="string_238" HPOS="627" VPOS="930" WIDTH="73" HEIGHT="21" WC="0.91" CONTENT="blefvo"/><SP WIDTH="16" VPOS="930" HPOS="700"/>
							<String ID="string_239" HPOS="716" VPOS="930" WIDTH="64" HEIGHT="21" WC="0.96" CONTENT="redan"/><SP WIDTH="18" VPOS="930" HPOS="780"/>
							<String ID="string_240" HPOS="798" VPOS="930" WIDTH="35" HEIGHT="21" WC="0.96" CONTENT="vid"/><SP WIDTH="17" VPOS="930" HPOS="833"/>
							<String ID="string_241" HPOS="850" VPOS="910" WIDTH="119" HEIGHT="48" WC="0.70" CONTENT="gårdagens"/><SP WIDTH="16" VPOS="910" HPOS="969"/>
							<String ID="string_242" HPOS="985" VPOS="930" WIDTH="33" HEIGHT="21" WC="0.92" CONTENT="di-"/>
						</TextLine>
						<TextLine ID="line_26" HPOS="188" VPOS="958" WIDTH="830" HEIGHT="29">
							<String ID="string_243" HPOS="188" VPOS="961" WIDTH="99" HEIGHT="21" WC="0.90" CONTENT="skussion"/><SP WIDTH="18" VPOS="961" HPOS="287"/>
							<String ID="string_244" HPOS="305" VPOS="958" WIDTH="128" HEIGHT="22" WC="0.96" CONTENT="kritiserade"/><SP WIDTH="16" VPOS="958" HPOS="433"/>
							<String ID="string_245" HPOS="449" VPOS="959" WIDTH="22" HEIGHT="21" WC="0.96" CONTENT="af"/><SP WIDTH="16" VPOS="959" HPOS="471"/>
							<String ID="string_246" HPOS="487" VPOS="966" WIDTH="25" HEIGHT="13" WC="0.96" CONTENT="en"/><SP WIDTH="16" VPOS="966" HPOS="512"/>
							<String ID="string_247" HPOS="528" VPOS="958" WIDTH="50" HEIGHT="21" WC="0.96" CONTENT="ärad"/><SP WIDTH="12" VPOS="958" HPOS="578"/>
							<String ID="string_248" HPOS="590" VPOS="958" WIDTH="73" HEIGHT="26" WC="0.95" CONTENT="talare,"/><SP WIDTH="12" VPOS="958" HPOS="663"/>
							<String ID="string_249" HPOS="675" VPOS="959" WIDTH="105" HEIGHT="27" WC="0.96" CONTENT="nämligen"/><SP WIDTH="14" VPOS="959" HPOS="780"/>
							<String ID="string_250" HPOS="794" VPOS="959" WIDTH="100" HEIGHT="28" WC="0.96" CONTENT="tilläggen"/><SP WIDTH="12" VPOS="959" HPOS="894"/>
							<String ID="string_251" HPOS="906" VPOS="959" WIDTH="112" HEIGHT="27" WC="0.96" CONTENT="angående"/>
						</TextLine>
						<TextLine ID="line_27" HPOS="187" VPOS="987" WIDTH="831" HEIGHT="31">
							<String ID="string_252" HPOS="187" VPOS="990" WIDTH="147" HEIGHT="28" WC="0.92" CONTENT="förpassning,"/><SP WIDTH="23" VPOS="990" HPOS="334"/>
							<String ID="string_253" HPOS="357" VPOS="987" WIDTH="20" HEIGHT="22" WC="0.93" CONTENT="d."/><SP WIDTH="16" VPOS="987" HPOS="377"/>
							<String ID="string_254" HPOS="393" VPOS="995" WIDTH="20" HEIGHT="13" WC="0.96" CONTENT="v."/><SP WIDTH="16" VPOS="995" HPOS="413"/>
							<String ID="string_255" HPOS="429" VPOS="995" WIDTH="17" HEIGHT="14" WC="0.95" CONTENT="s."/><SP WIDTH="15" VPOS="995" HPOS="446"/>
							<String ID="string_256" HPOS="461" VPOS="988" WIDTH="52" HEIGHT="20" WC="0.96" CONTENT="sista"/><SP WIDTH="24" VPOS="988" HPOS="513"/>
							<String ID="string_257" HPOS="537" VPOS="988" WIDTH="114" HEIGHT="27" WC="0.96" CONTENT="meningen"/><SP WIDTH="17" VPOS="988" HPOS="651"/>
							<String ID="string_258" HPOS="668" VPOS="988" WIDTH="5" HEIGHT="20" WC="0.96" CONTENT="i"/><SP WIDTH="18" VPOS="988" HPOS="673"/>
							<String ID="string_259" HPOS="691" VPOS="987" WIDTH="68" HEIGHT="21" WC="0.96" CONTENT="första"/><SP WIDTH="23" VPOS="987" HPOS="759"/>
							<String ID="string_260" HPOS="782" VPOS="988" WIDTH="85" HEIGHT="28" WC="0.96" CONTENT="stycket"/><SP WIDTH="15" VPOS="988" HPOS="867"/>
							<String ID="string_261" HPOS="882" VPOS="988" WIDTH="39" HEIGHT="20" WC="0.96" CONTENT="sid."/><SP WIDTH="16" VPOS="988" HPOS="921"/>
							<String ID="string_262" HPOS="937" VPOS="988" WIDTH="27" HEIGHT="21" WC="0.93" CONTENT="30"/><SP WIDTH="16" VPOS="988" HPOS="964"/>
							<String ID="string_263" HPOS="980" VPOS="995" WIDTH="38" HEIGHT="14" WC="0.93" CONTENT="an-"/>
						</TextLine>
						<TextLine ID="line_28" HPOS="186" VPOS="1016" WIDTH="832" HEIGHT="30">
							<String ID="string_264" HPOS="186" VPOS="1018" WIDTH="85" HEIGHT="28" WC="0.93" CONTENT="gående"/><SP WIDTH="15" VPOS="1018" HPOS="271"/>
							<String ID="string_265" HPOS="286" VPOS="1018" WIDTH="119" HEIGHT="27" WC="0.92" CONTENT="guvernörs"/><SP WIDTH="16" VPOS="1018" HPOS="405"/>
							<String ID="string_266" HPOS="421" VPOS="1016" WIDTH="102" HEIGHT="28" WC="0.96" CONTENT="rättighet"/><SP WIDTH="16" VPOS="1016" HPOS="523"/>
							<String ID="string_267" HPOS="539" VPOS="1019" WIDTH="31" HEIGHT="18" WC="0.93" CONTENT="att"/><SP WIDTH="15" VPOS="1019" HPOS="570"/>
							<String ID="string_268" HPOS="585" VPOS="1016" WIDTH="104" HEIGHT="21" WC="0.96" CONTENT="återkalla"/><SP WIDTH="21" VPOS="1016" HPOS="689"/>
							<String ID="string_269" HPOS="710" VPOS="1016" WIDTH="95" HEIGHT="21" WC="0.96" CONTENT="tillstånd"/><SP WIDTH="17" VPOS="1016" HPOS="805"/>
							<String ID="string_270" HPOS="822" VPOS="1016" WIDTH="31" HEIGHT="21" WC="0.93" CONTENT="till"/><SP WIDTH="16" VPOS="1016" HPOS="853"/>
							<String ID="string_271" HPOS="869" VPOS="1016" WIDTH="149" HEIGHT="28" WC="0.91" CONTENT="gärdfarihan-"/>
						</TextLine>
						<TextLine ID="line_29" HPOS="188" VPOS="1045" WIDTH="830" HEIGHT="27">
							<String ID="string_272" HPOS="188" VPOS="1046" WIDTH="36" HEIGHT="22" WC="0.92" CONTENT="del"/><SP WIDTH="15" VPOS="1046" HPOS="224"/>
							<String ID="string_273" HPOS="239" VPOS="1046" WIDTH="13" HEIGHT="21" WC="0.92" CONTENT="&amp;"/><SP WIDTH="17" VPOS="1046" HPOS="252"/>
							<String ID="string_274" HPOS="269" VPOS="1046" WIDTH="40" HEIGHT="21" WC="0.96" CONTENT="sid."/><SP WIDTH="17" VPOS="1046" HPOS="309"/>
							<String ID="string_275" HPOS="326" VPOS="1046" WIDTH="33" HEIGHT="20" WC="0.96" CONTENT="31."/><SP WIDTH="30" VPOS="1046" HPOS="359"/>
							<String ID="string_276" HPOS="389" VPOS="1045" WIDTH="70" HEIGHT="21" WC="0.93" CONTENT="Dessa"/><SP WIDTH="23" VPOS="1045" HPOS="459"/>
							<String ID="string_277" HPOS="482" VPOS="1048" WIDTH="80" HEIGHT="18" WC="0.92" CONTENT="tvenne"/><SP WIDTH="23" VPOS="1048" HPOS="562"/>
							<String ID="string_278" HPOS="585" VPOS="1046" WIDTH="116" HEIGHT="26" WC="0.92" CONTENT="meningar,"/><SP WIDTH="16" VPOS="1046" HPOS="701"/>
							<String ID="string_279" HPOS="717" VPOS="1052" WIDTH="44" HEIGHT="14" WC="0.96" CONTENT="som"/><SP WIDTH="17" VPOS="1052" HPOS="761"/>
							<String ID="string_280" HPOS="778" VPOS="1045" WIDTH="40" HEIGHT="21" WC="0.93" CONTENT="den"/><SP WIDTH="17" VPOS="1045" HPOS="818"/>
							<String ID="string_281" HPOS="835" VPOS="1046" WIDTH="64" HEIGHT="20" WC="0.92" CONTENT="ärade"/><SP WIDTH="15" VPOS="1046" HPOS="899"/>
							<String ID="string_282" HPOS="914" VPOS="1045" WIDTH="80" HEIGHT="21" WC="0.92" CONTENT="talaren"/><SP WIDTH="18" VPOS="1045" HPOS="994"/>
							<String ID="string_283" HPOS="1012" VPOS="1046" WIDTH="6" HEIGHT="20" WC="0.96" CONTENT="i"/>
						</TextLine>
						<TextLine ID="line_30" HPOS="182" VPOS="1073" WIDTH="836" HEIGHT="31">
							<String ID="string_284" HPOS="182" VPOS="1076" WIDTH="40" HEIGHT="28" WC="0.91" CONTENT="gär"/><SP WIDTH="23" VPOS="1076" HPOS="222"/>
							<String ID="string_285" HPOS="245" VPOS="1074" WIDTH="106" HEIGHT="22" WC="0.90" CONTENT="framlade"/><SP WIDTH="16" VPOS="1074" HPOS="351"/>
							<String ID="string_286" HPOS="367" VPOS="1074" WIDTH="5" HEIGHT="20" WC="0.96" CONTENT="i"/><SP WIDTH="17" VPOS="1074" HPOS="372"/>
							<String ID="string_287" HPOS="389" VPOS="1074" WIDTH="63" HEIGHT="20" WC="0.93" CONTENT="deras"/><SP WIDTH="16" VPOS="1074" HPOS="452"/>
							<String ID="string_288" HPOS="468" VPOS="1075" WIDTH="55" HEIGHT="19" WC="0.93" CONTENT="rätta"/><SP WIDTH="17" VPOS="1075" HPOS="523"/>
							<String ID="string_289" HPOS="540" VPOS="1073" WIDTH="118" HEIGHT="28" WC="0.93" CONTENT="belysning,"/><SP WIDTH="16" VPOS="1073" HPOS="658"/>
							<String ID="string_290" HPOS="674" VPOS="1073" WIDTH="68" HEIGHT="21" WC="0.95" CONTENT="skulle"/><SP WIDTH="13" VPOS="1073" HPOS="742"/>
							<String ID="string_291" HPOS="755" VPOS="1074" WIDTH="35" HEIGHT="28" WC="0.93" CONTENT="jag"/><SP WIDTH="10" VPOS="1074" HPOS="790"/>
							<String ID="string_292" HPOS="800" VPOS="1081" WIDTH="65" HEIGHT="20" WC="0.93" CONTENT="gerna"/><SP WIDTH="11" VPOS="1081" HPOS="865"/>
							<String ID="string_293" HPOS="876" VPOS="1081" WIDTH="22" HEIGHT="14" WC="0.93" CONTENT="se"/><SP WIDTH="11" VPOS="1081" HPOS="898"/>
							<String ID="string_294" HPOS="909" VPOS="1074" WIDTH="109" HEIGHT="21" WC="0.90" CONTENT="uteslutna"/>
						</TextLine>
						<TextLine ID="line_31" HPOS="186" VPOS="1102" WIDTH="832" HEIGHT="30">
							<String ID="string_295" HPOS="186" VPOS="1112" WIDTH="26" HEIGHT="13" WC="0.89" CONTENT="ur"/><SP WIDTH="24" VPOS="1112" HPOS="212"/>
							<String ID="string_296" HPOS="236" VPOS="1103" WIDTH="147" HEIGHT="29" WC="0.89" CONTENT="lagförslaget."/><SP WIDTH="31" VPOS="1103" HPOS="383"/>
							<String ID="string_297" HPOS="414" VPOS="1102" WIDTH="115" HEIGHT="21" WC="0.93" CONTENT="Dessutom"/><SP WIDTH="24" VPOS="1102" HPOS="529"/>
							<String ID="string_298" HPOS="553" VPOS="1102" WIDTH="67" HEIGHT="21" WC="0.92" CONTENT="finnes"/><SP WIDTH="24" VPOS="1102" HPOS="620"/>
							<String ID="string_299" HPOS="644" VPOS="1102" WIDTH="37" HEIGHT="21" WC="0.96" CONTENT="det"/><SP WIDTH="22" VPOS="1102" HPOS="681"/>
							<String ID="string_300" HPOS="703" VPOS="1110" WIDTH="25" HEIGHT="13" WC="0.93" CONTENT="en"/><SP WIDTH="25" VPOS="1110" HPOS="728"/>
							<String ID="string_301" HPOS="753" VPOS="1102" WIDTH="116" HEIGHT="27" WC="0.92" CONTENT="föreskrift,"/><SP WIDTH="23" VPOS="1102" HPOS="869"/>
							<String ID="string_302" HPOS="892" VPOS="1110" WIDTH="44" HEIGHT="14" WC="0.93" CONTENT="som"/><SP WIDTH="17" VPOS="1110" HPOS="936"/>
							<String ID="string_303" HPOS="953" VPOS="1110" WIDTH="65" HEIGHT="21" WC="0.92" CONTENT="synes"/>
						</TextLine>
						<TextLine ID="line_32" HPOS="188" VPOS="1131" WIDTH="830" HEIGHT="30">
							<String ID="string_304" HPOS="188" VPOS="1133" WIDTH="89" HEIGHT="28" WC="0.93" CONTENT="mycket"/><SP WIDTH="15" VPOS="1133" HPOS="277"/>
							<String ID="string_305" HPOS="292" VPOS="1131" WIDTH="109" HEIGHT="28" WC="0.93" CONTENT="oegentlig"/><SP WIDTH="12" VPOS="1131" HPOS="401"/>
							<String ID="string_306" HPOS="413" VPOS="1131" WIDTH="40" HEIGHT="22" WC="0.96" CONTENT="och"/><SP WIDTH="12" VPOS="1131" HPOS="453"/>
							<String ID="string_307" HPOS="465" VPOS="1139" WIDTH="44" HEIGHT="13" WC="0.93" CONTENT="som"/><SP WIDTH="17" VPOS="1139" HPOS="509"/>
							<String ID="string_308" HPOS="526" VPOS="1131" WIDTH="120" HEIGHT="28" WC="0.92" CONTENT="säkerligen"/><SP WIDTH="17" VPOS="1131" HPOS="646"/>
							<String ID="string_309" HPOS="663" VPOS="1131" WIDTH="95" HEIGHT="21" WC="0.96" CONTENT="kommer"/><SP WIDTH="10" VPOS="1131" HPOS="758"/>
							<String ID="string_310" HPOS="768" VPOS="1134" WIDTH="31" HEIGHT="18" WC="0.93" CONTENT="att"/><SP WIDTH="7" VPOS="1134" HPOS="799"/>
							<String ID="string_311" HPOS="806" VPOS="1131" WIDTH="67" HEIGHT="22" WC="0.93" CONTENT="hafva"/><SP WIDTH="8" VPOS="1131" HPOS="873"/>
							<String ID="string_312" HPOS="881" VPOS="1131" WIDTH="65" HEIGHT="22" WC="0.93" CONTENT="andra"/><SP WIDTH="9" VPOS="1131" HPOS="946"/>
							<String ID="string_313" HPOS="955" VPOS="1131" WIDTH="63" HEIGHT="22" WC="0.92" CONTENT="verk-"/>
						</TextLine>
						<TextLine ID="line_33" HPOS="188" VPOS="1159" WIDTH="829" HEIGHT="30">
							<String ID="string_314" HPOS="188" VPOS="1163" WIDTH="77" HEIGHT="26" WC="0.91" CONTENT="ningar"/><SP WIDTH="24" VPOS="1163" HPOS="265"/>
							<String ID="string_315" HPOS="289" VPOS="1163" WIDTH="26" HEIGHT="18" WC="0.93" CONTENT="än"/><SP WIDTH="25" VPOS="1163" HPOS="315"/>
							<String ID="string_316" HPOS="340" VPOS="1159" WIDTH="115" HEIGHT="23" WC="0.92" CONTENT="Utskottet"/><SP WIDTH="15" VPOS="1159" HPOS="455"/>
							<String ID="string_317" HPOS="470" VPOS="1160" WIDTH="62" HEIGHT="20" WC="0.96" CONTENT="tänkt"/><SP WIDTH="15" VPOS="1160" HPOS="532"/>
							<String ID="string_318" HPOS="547" VPOS="1161" WIDTH="42" HEIGHT="26" WC="0.96" CONTENT="sig;"/><SP WIDTH="19" VPOS="1161" HPOS="589"/>
							<String ID="string_319" HPOS="608" VPOS="1159" WIDTH="36" HEIGHT="21" WC="0.97" CONTENT="det"/><SP WIDTH="16" VPOS="1159" HPOS="644"/>
							<String ID="string_320" HPOS="660" VPOS="1161" WIDTH="23" HEIGHT="19" WC="0.96" CONTENT="är"/><SP WIDTH="15" VPOS="1161" HPOS="683"/>
							<String ID="string_321" HPOS="698" VPOS="1160" WIDTH="48" HEIGHT="26" WC="0.95" CONTENT="den,"/><SP WIDTH="16" VPOS="1160" HPOS="746"/>
							<String ID="string_322" HPOS="762" VPOS="1163" WIDTH="30" HEIGHT="17" WC="0.93" CONTENT="att"/><SP WIDTH="15" VPOS="1163" HPOS="792"/>
							<String ID="string_323" HPOS="807" VPOS="1160" WIDTH="175" HEIGHT="27" WC="0.92" CONTENT="gärdfarihandel"/><SP WIDTH="16" VPOS="1160" HPOS="982"/>
							<String ID="string_324" HPOS="998" VPOS="1161" WIDTH="19" HEIGHT="27" WC="0.90" CONTENT="ej"/>
						</TextLine>
						<TextLine ID="line_34" HPOS="187" VPOS="1188" WIDTH="831" HEIGHT="29">
							<String ID="string_325" HPOS="187" VPOS="1190" WIDTH="35" HEIGHT="21" WC="0.94" CONTENT="mä"/><SP WIDTH="25" VPOS="1190" HPOS="222"/>
							<String ID="string_326" HPOS="247" VPOS="1190" WIDTH="23" HEIGHT="20" WC="0.95" CONTENT="af"/><SP WIDTH="16" VPOS="1190" HPOS="270"/>
							<String ID="string_327" HPOS="286" VPOS="1196" WIDTH="81" HEIGHT="14" WC="0.96" CONTENT="samma"/><SP WIDTH="21" VPOS="1196" HPOS="367"/>
							<String ID="string_328" HPOS="388" VPOS="1196" WIDTH="77" HEIGHT="21" WC="0.93" CONTENT="person"/><SP WIDTH="24" VPOS="1196" HPOS="465"/>
							<String ID="string_329" HPOS="489" VPOS="1188" WIDTH="61" HEIGHT="21" WC="0.86" CONTENT="idkas"/><SP WIDTH="15" VPOS="1188" HPOS="550"/>
							<String ID="string_330" HPOS="565" VPOS="1189" WIDTH="7" HEIGHT="19" WC="0.96" CONTENT="i"/><SP WIDTH="16" VPOS="1189" HPOS="572"/>
							<String ID="string_331" HPOS="588" VPOS="1188" WIDTH="51" HEIGHT="21" WC="0.96" CONTENT="flere"/><SP WIDTH="16" VPOS="1188" HPOS="639"/>
							<String ID="string_332" HPOS="655" VPOS="1190" WIDTH="26" HEIGHT="19" WC="0.97" CONTENT="än"/><SP WIDTH="17" VPOS="1190" HPOS="681"/>
							<String ID="string_333" HPOS="698" VPOS="1191" WIDTH="31" HEIGHT="18" WC="0.96" CONTENT="ett"/><SP WIDTH="15" VPOS="1191" HPOS="729"/>
							<String ID="string_334" HPOS="744" VPOS="1188" WIDTH="40" HEIGHT="22" WC="0.92" CONTENT="län."/><SP WIDTH="30" VPOS="1188" HPOS="784"/>
							<String ID="string_335" HPOS="814" VPOS="1188" WIDTH="75" HEIGHT="22" WC="0.92" CONTENT="Säsom"/><SP WIDTH="17" VPOS="1188" HPOS="889"/>
							<String ID="string_336" HPOS="906" VPOS="1188" WIDTH="40" HEIGHT="22" WC="0.93" CONTENT="alla"/><SP WIDTH="16" VPOS="1188" HPOS="946"/>
							<String ID="string_337" HPOS="962" VPOS="1191" WIDTH="56" HEIGHT="24" WC="0.96" CONTENT="veta,"/>
						</TextLine>
						<TextLine ID="line_35" HPOS="182" VPOS="1216" WIDTH="836" HEIGHT="30">
							<String ID="string_338" HPOS="182" VPOS="1220" WIDTH="82" HEIGHT="26" WC="0.96" CONTENT="utgöra"/><SP WIDTH="24" VPOS="1220" HPOS="264"/>
							<String ID="string_339" HPOS="288" VPOS="1218" WIDTH="27" HEIGHT="20" WC="0.93" CONTENT="de"/><SP WIDTH="20" VPOS="1218" HPOS="315"/>
							<String ID="string_340" HPOS="335" VPOS="1217" WIDTH="172" HEIGHT="21" WC="0.91" CONTENT="administrativa"/><SP WIDTH="20" VPOS="1217" HPOS="507"/>
							<String ID="string_341" HPOS="527" VPOS="1218" WIDTH="117" HEIGHT="27" WC="0.92" CONTENT="gränserna"/><SP WIDTH="24" VPOS="1218" HPOS="644"/>
							<String ID="string_342" HPOS="668" VPOS="1216" WIDTH="47" HEIGHT="22" WC="0.91" CONTENT="icke"/><SP WIDTH="23" VPOS="1216" HPOS="715"/>
							<String ID="string_343" HPOS="738" VPOS="1217" WIDTH="38" HEIGHT="21" WC="0.92" CONTENT="alls"/><SP WIDTH="24" VPOS="1217" HPOS="776"/>
							<String ID="string_344" HPOS="800" VPOS="1217" WIDTH="66" HEIGHT="28" WC="0.92" CONTENT="nägra"/><SP WIDTH="14" VPOS="1217" HPOS="866"/>
							<String ID="string_345" HPOS="880" VPOS="1219" WIDTH="88" HEIGHT="26" WC="0.96" CONTENT="gränser"/><SP WIDTH="15" VPOS="1219" HPOS="968"/>
							<String ID="string_346" HPOS="983" VPOS="1217" WIDTH="35" HEIGHT="21" WC="0.96" CONTENT="för"/>
						</TextLine>
						<TextLine ID="line_36" HPOS="187" VPOS="1245" WIDTH="831" HEIGHT="28">
							<String ID="string_347" HPOS="187" VPOS="1246" WIDTH="144" HEIGHT="23" WC="0.92" CONTENT="samfärdseln"/><SP WIDTH="24" VPOS="1246" HPOS="331"/>
							<String ID="string_348" HPOS="355" VPOS="1246" WIDTH="40" HEIGHT="21" WC="0.94" CONTENT="och"/><SP WIDTH="24" VPOS="1246" HPOS="395"/>
							<String ID="string_349" HPOS="419" VPOS="1246" WIDTH="100" HEIGHT="21" WC="0.77" CONTENT="handeln."/><SP WIDTH="30" VPOS="1246" HPOS="519"/>
							<String ID="string_350" HPOS="549" VPOS="1246" WIDTH="43" HEIGHT="20" WC="0.94" CONTENT="Om"/><SP WIDTH="23" VPOS="1246" HPOS="592"/>
							<String ID="string_351" HPOS="615" VPOS="1253" WIDTH="49" HEIGHT="13" WC="0.94" CONTENT="man"/><SP WIDTH="24" VPOS="1253" HPOS="664"/>
							<String ID="string_352" HPOS="688" VPOS="1245" WIDTH="28" HEIGHT="21" WC="0.96" CONTENT="dä"/><SP WIDTH="14" VPOS="1245" HPOS="716"/>
							<String ID="string_353" HPOS="730" VPOS="1253" WIDTH="77" HEIGHT="20" WC="0.93" CONTENT="genom"/><SP WIDTH="17" VPOS="1253" HPOS="807"/>
							<String ID="string_354" HPOS="824" VPOS="1246" WIDTH="78" HEIGHT="27" WC="0.93" CONTENT="lagbud"/><SP WIDTH="16" VPOS="1246" HPOS="902"/>
							<String ID="string_355" HPOS="918" VPOS="1246" WIDTH="100" HEIGHT="21" WC="0.96" CONTENT="försöker"/>
						</TextLine>
						<TextLine ID="line_37" HPOS="187" VPOS="1274" WIDTH="831" HEIGHT="28">
							<String ID="string_356" HPOS="187" VPOS="1276" WIDTH="118" HEIGHT="21" WC="0.92" CONTENT="inskränka"/><SP WIDTH="16" VPOS="1276" HPOS="305"/>
							<String ID="string_357" HPOS="321" VPOS="1274" WIDTH="93" HEIGHT="22" WC="0.96" CONTENT="handeln"/><SP WIDTH="17" VPOS="1274" HPOS="414"/>
							<String ID="string_358" HPOS="431" VPOS="1274" WIDTH="31" HEIGHT="21" WC="0.93" CONTENT="till"/><SP WIDTH="16" VPOS="1274" HPOS="462"/>
							<String ID="string_359" HPOS="478" VPOS="1274" WIDTH="139" HEIGHT="28" WC="0.92" CONTENT="godtyckliga"/><SP WIDTH="16" VPOS="1274" HPOS="617"/>
							<String ID="string_360" HPOS="633" VPOS="1274" WIDTH="40" HEIGHT="22" WC="0.93" CONTENT="och"/><SP WIDTH="17" VPOS="1274" HPOS="673"/>
							<String ID="string_361" HPOS="690" VPOS="1274" WIDTH="118" HEIGHT="28" WC="0.92" CONTENT="onaturliga"/><SP WIDTH="12" VPOS="1274" HPOS="808"/>
							<String ID="string_362" HPOS="820" VPOS="1277" WIDTH="93" HEIGHT="25" WC="0.96" CONTENT="gränser,"/><SP WIDTH="10" VPOS="1277" HPOS="913"/>
							<String ID="string_363" HPOS="923" VPOS="1274" WIDTH="25" HEIGHT="22" WC="0.96" CONTENT="sä"/><SP WIDTH="10" VPOS="1274" HPOS="948"/>
							<String ID="string_364" HPOS="958" VPOS="1274" WIDTH="60" HEIGHT="22" WC="0.96" CONTENT="leder"/>
						</TextLine>
						<TextLine ID="line_38" HPOS="186" VPOS="1302" WIDTH="832" HEIGHT="30">
							<String ID="string_365" HPOS="186" VPOS="1305" WIDTH="61" HEIGHT="21" WC="0.86" CONTENT="detta"/><SP WIDTH="22" VPOS="1305" HPOS="247"/>
							<String ID="string_366" HPOS="269" VPOS="1304" WIDTH="73" HEIGHT="21" WC="0.96" CONTENT="säkert"/><SP WIDTH="22" VPOS="1304" HPOS="342"/>
							<String ID="string_367" HPOS="364" VPOS="1304" WIDTH="31" HEIGHT="20" WC="0.93" CONTENT="till"/><SP WIDTH="18" VPOS="1304" HPOS="395"/>
							<String ID="string_368" HPOS="413" VPOS="1303" WIDTH="172" HEIGHT="21" WC="0.91" CONTENT="öfverträdelser."/><SP WIDTH="30" VPOS="1303" HPOS="585"/>
							<String ID="string_369" HPOS="615" VPOS="1302" WIDTH="31" HEIGHT="22" WC="0.93" CONTENT="Vi"/><SP WIDTH="25" VPOS="1302" HPOS="646"/>
							<String ID="string_370" HPOS="671" VPOS="1303" WIDTH="92" HEIGHT="21" WC="0.91" CONTENT="behöfva"/><SP WIDTH="23" VPOS="1303" HPOS="763"/>
							<String ID="string_371" HPOS="786" VPOS="1303" WIDTH="54" HEIGHT="21" WC="0.96" CONTENT="blott"/><SP WIDTH="22" VPOS="1303" HPOS="840"/>
							<String ID="string_372" HPOS="862" VPOS="1304" WIDTH="65" HEIGHT="20" WC="0.97" CONTENT="tänka"/><SP WIDTH="16" VPOS="1304" HPOS="927"/>
							<String ID="string_373" HPOS="943" VPOS="1304" WIDTH="27" HEIGHT="28" WC="0.96" CONTENT="pä"/><SP WIDTH="16" VPOS="1304" HPOS="970"/>
							<String ID="string_374" HPOS="986" VPOS="1306" WIDTH="32" HEIGHT="18" WC="0.96" CONTENT="ett"/>
						</TextLine>
						<TextLine ID="line_39" HPOS="187" VPOS="1332" WIDTH="830" HEIGHT="29">
							<String ID="string_375" HPOS="187" VPOS="1333" WIDTH="97" HEIGHT="28" WC="0.93" CONTENT="exempel"/><SP WIDTH="17" VPOS="1333" HPOS="284"/>
							<String ID="string_376" HPOS="301" VPOS="1332" WIDTH="70" HEIGHT="22" WC="0.92" CONTENT="säsom"/><SP WIDTH="17" VPOS="1332" HPOS="371"/>
							<String ID="string_377" HPOS="388" VPOS="1332" WIDTH="122" HEIGHT="28" WC="0.93" CONTENT="Kymmene"/><SP WIDTH="15" VPOS="1332" HPOS="510"/>
							<String ID="string_378" HPOS="525" VPOS="1332" WIDTH="73" HEIGHT="25" WC="0.91" CONTENT="elfdal,"/><SP WIDTH="17" VPOS="1332" HPOS="598"/>
							<String ID="string_379" HPOS="615" VPOS="1339" WIDTH="45" HEIGHT="13" WC="0.96" CONTENT="som"/><SP WIDTH="12" VPOS="1339" HPOS="660"/>
							<String ID="string_380" HPOS="672" VPOS="1333" WIDTH="62" HEIGHT="26" WC="0.93" CONTENT="utgör"/><SP WIDTH="10" VPOS="1333" HPOS="734"/>
							<String ID="string_381" HPOS="744" VPOS="1333" WIDTH="62" HEIGHT="27" WC="0.92" CONTENT="gräns"/><SP WIDTH="12" VPOS="1333" HPOS="806"/>
							<String ID="string_382" HPOS="818" VPOS="1332" WIDTH="88" HEIGHT="21" WC="0.92" CONTENT="emellan"/><SP WIDTH="12" VPOS="1332" HPOS="906"/>
							<String ID="string_383" HPOS="918" VPOS="1332" WIDTH="99" HEIGHT="28" WC="0.96" CONTENT="Nylands"/>
						</TextLine>
						<TextLine ID="line_40" HPOS="190" VPOS="1360" WIDTH="828" HEIGHT="30">
							<String ID="string_384" HPOS="190" VPOS="1363" WIDTH="41" HEIGHT="21" WC="0.93" CONTENT="och"/><SP WIDTH="16" VPOS="1363" HPOS="231"/>
							<String ID="string_385" HPOS="247" VPOS="1362" WIDTH="104" HEIGHT="26" WC="0.92" CONTENT="Wiborgs"/><SP WIDTH="16" VPOS="1362" HPOS="351"/>
							<String ID="string_386" HPOS="367" VPOS="1361" WIDTH="42" HEIGHT="21" WC="0.93" CONTENT="län."/><SP WIDTH="30" VPOS="1361" HPOS="409"/>
							<String ID="string_387" HPOS="439" VPOS="1360" WIDTH="45" HEIGHT="22" WC="0.94" CONTENT="Där"/><SP WIDTH="15" VPOS="1360" HPOS="484"/>
							<String ID="string_388" HPOS="499" VPOS="1360" WIDTH="64" HEIGHT="22" WC="0.93" CONTENT="råder"/><SP WIDTH="14" VPOS="1360" HPOS="563"/>
							<String ID="string_389" HPOS="577" VPOS="1360" WIDTH="54" HEIGHT="28" WC="0.66" CONTENT="liflig"/><SP WIDTH="15" VPOS="1360" HPOS="631"/>
							<String ID="string_390" HPOS="646" VPOS="1360" WIDTH="125" HEIGHT="21" WC="0.96" CONTENT="samfärdsel"/><SP WIDTH="17" VPOS="1360" HPOS="771"/>
							<String ID="string_391" HPOS="788" VPOS="1361" WIDTH="88" HEIGHT="21" WC="0.96" CONTENT="emellan"/><SP WIDTH="18" VPOS="1361" HPOS="876"/>
							<String ID="string_392" HPOS="894" VPOS="1361" WIDTH="79" HEIGHT="29" WC="0.96" CONTENT="byarna"/><SP WIDTH="16" VPOS="1361" HPOS="973"/>
							<String ID="string_393" HPOS="989" VPOS="1360" WIDTH="29" HEIGHT="28" WC="0.97" CONTENT="pä"/>
						</TextLine>
						<TextLine ID="line_41" HPOS="187" VPOS="1389" WIDTH="830" HEIGHT="29">
							<String ID="string_394" HPOS="187" VPOS="1391" WIDTH="57" HEIGHT="21" WC="0.95" CONTENT="båda"/><SP WIDTH="20" VPOS="1391" HPOS="244"/>
							<String ID="string_395" HPOS="264" VPOS="1390" WIDTH="59" HEIGHT="22" WC="0.96" CONTENT="sidor"/><SP WIDTH="21" VPOS="1390" HPOS="323"/>
							<String ID="string_396" HPOS="344" VPOS="1389" WIDTH="23" HEIGHT="21" WC="0.93" CONTENT="af"/><SP WIDTH="15" VPOS="1389" HPOS="367"/>
							<String ID="string_397" HPOS="382" VPOS="1389" WIDTH="83" HEIGHT="27" WC="0.91" CONTENT="elfven;"/><SP WIDTH="19" VPOS="1389" HPOS="465"/>
							<String ID="string_398" HPOS="484" VPOS="1389" WIDTH="53" HEIGHT="21" WC="0.96" CONTENT="huru"/><SP WIDTH="18" VPOS="1389" HPOS="537"/>
							<String ID="string_399" HPOS="555" VPOS="1389" WIDTH="54" HEIGHT="21" WC="0.95" CONTENT="skall"/><SP WIDTH="16" VPOS="1389" HPOS="609"/>
							<String ID="string_400" HPOS="625" VPOS="1396" WIDTH="48" HEIGHT="14" WC="0.96" CONTENT="man"/><SP WIDTH="17" VPOS="1396" HPOS="673"/>
							<String ID="string_401" HPOS="690" VPOS="1389" WIDTH="27" HEIGHT="21" WC="0.96" CONTENT="dä"/><SP WIDTH="15" VPOS="1389" HPOS="717"/>
							<String ID="string_402" HPOS="732" VPOS="1389" WIDTH="64" HEIGHT="21" WC="0.96" CONTENT="tänka"/><SP WIDTH="15" VPOS="1389" HPOS="796"/>
							<String ID="string_403" HPOS="811" VPOS="1390" WIDTH="39" HEIGHT="28" WC="0.96" CONTENT="sig,"/><SP WIDTH="15" VPOS="1390" HPOS="850"/>
							<String ID="string_404" HPOS="865" VPOS="1393" WIDTH="31" HEIGHT="17" WC="0.93" CONTENT="att"/><SP WIDTH="14" VPOS="1393" HPOS="896"/>
							<String ID="string_405" HPOS="910" VPOS="1390" WIDTH="107" HEIGHT="28" WC="0.92" CONTENT="gärdfari-"/>
						</TextLine>
						<TextLine ID="line_42" HPOS="186" VPOS="1418" WIDTH="831" HEIGHT="27">
							<String ID="string_406" HPOS="186" VPOS="1419" WIDTH="119" HEIGHT="22" WC="0.92" CONTENT="handlarne"/><SP WIDTH="24" VPOS="1419" HPOS="305"/>
							<String ID="string_407" HPOS="329" VPOS="1418" WIDTH="60" HEIGHT="21" WC="0.96" CONTENT="skola"/><SP WIDTH="24" VPOS="1418" HPOS="389"/>
							<String ID="string_408" HPOS="413" VPOS="1418" WIDTH="72" HEIGHT="21" WC="0.93" CONTENT="kunna"/><SP WIDTH="23" VPOS="1418" HPOS="485"/>
							<String ID="string_409" HPOS="508" VPOS="1418" WIDTH="57" HEIGHT="21" WC="0.93" CONTENT="hälla"/><SP WIDTH="23" VPOS="1418" HPOS="565"/>
							<String ID="string_410" HPOS="588" VPOS="1419" WIDTH="33" HEIGHT="26" WC="0.96" CONTENT="sig"/><SP WIDTH="15" VPOS="1419" HPOS="621"/>
							<String ID="string_411" HPOS="636" VPOS="1418" WIDTH="47" HEIGHT="21" WC="0.96" CONTENT="hela"/><SP WIDTH="16" VPOS="1418" HPOS="683"/>
							<String ID="string_412" HPOS="699" VPOS="1418" WIDTH="59" HEIGHT="21" WC="0.96" CONTENT="tiden"/><SP WIDTH="16" VPOS="1418" HPOS="758"/>
							<String ID="string_413" HPOS="774" VPOS="1418" WIDTH="7" HEIGHT="20" WC="0.94" CONTENT="i"/><SP WIDTH="15" VPOS="1418" HPOS="781"/>
							<String ID="string_414" HPOS="796" VPOS="1418" WIDTH="38" HEIGHT="21" WC="0.96" CONTENT="det"/><SP WIDTH="14" VPOS="1418" HPOS="834"/>
							<String ID="string_415" HPOS="848" VPOS="1426" WIDTH="40" HEIGHT="14" WC="0.93" CONTENT="ena"/><SP WIDTH="15" VPOS="1426" HPOS="888"/>
							<String ID="string_416" HPOS="903" VPOS="1418" WIDTH="58" HEIGHT="21" WC="0.92" CONTENT="länet"/><SP WIDTH="15" VPOS="1418" HPOS="961"/>
							<String ID="string_417" HPOS="976" VPOS="1418" WIDTH="41" HEIGHT="21" WC="0.96" CONTENT="och"/>
						</TextLine>
						<TextLine ID="line_43" HPOS="185" VPOS="1446" WIDTH="833" HEIGHT="28">
							<String ID="string_418" HPOS="185" VPOS="1448" WIDTH="49" HEIGHT="21" WC="0.91" CONTENT="icke"/><SP WIDTH="24" VPOS="1448" HPOS="234"/>
							<String ID="string_419" HPOS="258" VPOS="1447" WIDTH="83" HEIGHT="22" WC="0.91" CONTENT="ströfva"/><SP WIDTH="24" VPOS="1447" HPOS="341"/>
							<String ID="string_420" HPOS="365" VPOS="1447" WIDTH="22" HEIGHT="21" WC="0.95" CONTENT="af"/><SP WIDTH="23" VPOS="1447" HPOS="387"/>
							<String ID="string_421" HPOS="410" VPOS="1446" WIDTH="41" HEIGHT="22" WC="0.96" CONTENT="och"/><SP WIDTH="22" VPOS="1446" HPOS="451"/>
							<String ID="string_422" HPOS="473" VPOS="1454" WIDTH="26" HEIGHT="14" WC="0.96" CONTENT="an"/><SP WIDTH="16" VPOS="1454" HPOS="499"/>
							<String ID="string_423" HPOS="515" VPOS="1446" WIDTH="41" HEIGHT="22" WC="0.93" CONTENT="och"/><SP WIDTH="17" VPOS="1446" HPOS="556"/>
							<String ID="string_424" HPOS="573" VPOS="1446" WIDTH="71" HEIGHT="21" WC="0.93" CONTENT="drifva"/><SP WIDTH="15" VPOS="1446" HPOS="644"/>
							<String ID="string_425" HPOS="659" VPOS="1446" WIDTH="78" HEIGHT="22" WC="0.96" CONTENT="handel"/><SP WIDTH="16" VPOS="1446" HPOS="737"/>
							<String ID="string_426" HPOS="753" VPOS="1446" WIDTH="27" HEIGHT="28" WC="0.93" CONTENT="pä"/><SP WIDTH="15" VPOS="1446" HPOS="780"/>
							<String ID="string_427" HPOS="795" VPOS="1446" WIDTH="105" HEIGHT="22" WC="0.91" CONTENT="hvardera"/><SP WIDTH="16" VPOS="1446" HPOS="900"/>
							<String ID="string_428" HPOS="916" VPOS="1447" WIDTH="62" HEIGHT="21" WC="0.96" CONTENT="sidan"/><SP WIDTH="16" VPOS="1447" HPOS="978"/>
							<String ID="string_429" HPOS="994" VPOS="1446" WIDTH="24" HEIGHT="22" WC="0.97" CONTENT="af"/>
						</TextLine>
						<TextLine ID="line_44" HPOS="188" VPOS="1475" WIDTH="828" HEIGHT="28">
							<String ID="string_430" HPOS="188" VPOS="1477" WIDTH="100" HEIGHT="21" WC="0.90" CONTENT="elfdalen."/><SP WIDTH="30" VPOS="1477" HPOS="288"/>
							<String ID="string_431" HPOS="318" VPOS="1475" WIDTH="115" HEIGHT="22" WC="0.92" CONTENT="Likartadt"/><SP WIDTH="23" VPOS="1475" HPOS="433"/>
							<String ID="string_432" HPOS="456" VPOS="1477" WIDTH="23" HEIGHT="19" WC="0.92" CONTENT="är"/><SP WIDTH="20" VPOS="1477" HPOS="479"/>
							<String ID="string_433" HPOS="499" VPOS="1475" WIDTH="145" HEIGHT="21" WC="0.92" CONTENT="förhällandet"/><SP WIDTH="15" VPOS="1475" HPOS="644"/>
							<String ID="string_434" HPOS="659" VPOS="1475" WIDTH="28" HEIGHT="28" WC="0.93" CONTENT="pä"/><SP WIDTH="15" VPOS="1475" HPOS="687"/>
							<String ID="string_435" HPOS="702" VPOS="1476" WIDTH="91" HEIGHT="27" WC="0.92" CONTENT="gränsen"/><SP WIDTH="17" VPOS="1476" HPOS="793"/>
							<String ID="string_436" HPOS="810" VPOS="1476" WIDTH="88" HEIGHT="21" WC="0.92" CONTENT="emellan"/><SP WIDTH="16" VPOS="1476" HPOS="898"/>
							<String ID="string_437" HPOS="914" VPOS="1475" WIDTH="102" HEIGHT="28" WC="0.92" CONTENT="Wiborgs"/>
						</TextLine>
						<TextLine ID="line_45" HPOS="182" VPOS="1503" WIDTH="836" HEIGHT="29">
							<String ID="string_438" HPOS="182" VPOS="1505" WIDTH="41" HEIGHT="22" WC="0.95" CONTENT="och"/><SP WIDTH="23" VPOS="1505" HPOS="223"/>
							<String ID="string_439" HPOS="246" VPOS="1505" WIDTH="94" HEIGHT="27" WC="0.95" CONTENT="Kuopio"/><SP WIDTH="24" VPOS="1505" HPOS="340"/>
							<String ID="string_440" HPOS="364" VPOS="1504" WIDTH="34" HEIGHT="21" WC="0.96" CONTENT="län"/><SP WIDTH="17" VPOS="1504" HPOS="398"/>
							<String ID="string_441" HPOS="415" VPOS="1503" WIDTH="37" HEIGHT="22" WC="0.96" CONTENT="vid"/><SP WIDTH="17" VPOS="1503" HPOS="452"/>
							<String ID="string_442" HPOS="469" VPOS="1504" WIDTH="125" HEIGHT="28" WC="0.96" CONTENT="Jänisjärvi,"/><SP WIDTH="15" VPOS="1504" HPOS="594"/>
							<String ID="string_443" HPOS="609" VPOS="1503" WIDTH="39" HEIGHT="22" WC="0.96" CONTENT="der"/><SP WIDTH="14" VPOS="1503" HPOS="648"/>
							<String ID="string_444" HPOS="662" VPOS="1505" WIDTH="36" HEIGHT="27" WC="0.93" CONTENT="jag"/><SP WIDTH="14" VPOS="1505" HPOS="698"/>
							<String ID="string_445" HPOS="712" VPOS="1505" WIDTH="77" HEIGHT="20" WC="0.93" CONTENT="vistats"/><SP WIDTH="16" VPOS="1505" HPOS="789"/>
							<String ID="string_446" HPOS="805" VPOS="1504" WIDTH="41" HEIGHT="21" WC="0.97" CONTENT="och"/><SP WIDTH="16" VPOS="1504" HPOS="846"/>
							<String ID="string_447" HPOS="862" VPOS="1504" WIDTH="38" HEIGHT="21" WC="0.93" CONTENT="der"/><SP WIDTH="14" VPOS="1504" HPOS="900"/>
							<String ID="string_448" HPOS="914" VPOS="1505" WIDTH="19" HEIGHT="26" WC="0.92" CONTENT="ej"/><SP WIDTH="16" VPOS="1505" HPOS="933"/>
							<String ID="string_449" HPOS="949" VPOS="1504" WIDTH="69" HEIGHT="21" WC="0.95" CONTENT="heller"/>
						</TextLine>
						<TextLine ID="line_46" HPOS="181" VPOS="1521" WIDTH="836" HEIGHT="44">
							<String ID="string_450" HPOS="181" VPOS="1535" WIDTH="145" HEIGHT="27" WC="0.91" CONTENT="länegränsen"/><SP WIDTH="27" VPOS="1535" HPOS="326"/>
							<String ID="string_451" HPOS="353" VPOS="1534" WIDTH="64" HEIGHT="26" WC="0.93" CONTENT="utgör"/><SP WIDTH="24" VPOS="1534" HPOS="417"/>
							<String ID="string_452" HPOS="441" VPOS="1534" WIDTH="64" HEIGHT="26" WC="0.92" CONTENT="gräns"/><SP WIDTH="26" VPOS="1534" HPOS="505"/>
							<String ID="string_453" HPOS="531" VPOS="1534" WIDTH="34" HEIGHT="19" WC="0.93" CONTENT="för"/><SP WIDTH="24" VPOS="1534" HPOS="565"/>
							<String ID="string_454" HPOS="589" VPOS="1532" WIDTH="147" HEIGHT="21" WC="0.92" CONTENT="samfärdseln."/><SP WIDTH="30" VPOS="1532" HPOS="736"/>
							<String ID="string_455" HPOS="766" VPOS="1521" WIDTH="138" HEIGHT="44" WC="0.89" CONTENT="Ängbätarna"/><SP WIDTH="16" VPOS="1521" HPOS="904"/>
							<String ID="string_456" HPOS="920" VPOS="1535" WIDTH="47" HEIGHT="19" WC="0.90" CONTENT="röra"/><SP WIDTH="17" VPOS="1535" HPOS="967"/>
							<String ID="string_457" HPOS="984" VPOS="1533" WIDTH="33" HEIGHT="27" WC="0.96" CONTENT="sig"/>
						</TextLine>
					</TextBlock>
				</ComposedBlock>
			</PrintSpace>
		</Page>
	</Layout>
</alto>
