1081 1761
178 114 42 20 714
454 119 24 16 R.
491 123 18 12 o.
521 118 25 17 A.
559 118 59 17 1908.
642 118 24 16 16
678 118 51 17 Juli.

179 187 123 22 Utskottets
318 190 50 24 eget
385 187 134 21 betänkande
535 187 47 21 med
599 186 116 28 anledning
731 186 22 20 af
768 186 41 21 den
826 194 41 20 nya
883 187 125 21 riddarhus-

179 216 119 27 ordningen
322 216 36 20 för
380 215 25 21 R.
421 222 18 14 o.
455 216 26 20 A.
511 216 52 20 Deri
585 218 60 25 säges
669 215 126 27 visserligen
819 215 28 27 pä
863 216 39 21 sid.
918 217 23 20 2:
960 215 48 21 »Dä

179 244 113 22 Utskottet
315 252 30 13 nu
368 244 117 20 emellertid
502 244 47 21 icke
566 244 57 21 velat
638 243 98 28 företaga
751 243 67 21 andra
835 243 150 29 förändringar
1001 244 6 20 i

179 272 243 27 Riddarhusordningen
438 274 26 19 än
481 272 32 26 de,
529 280 45 14 som
591 272 22 21 af
624 272 290 27 representationsreformen
936 272 72 22 direkt

178 300 108 26 kräfvas»,
302 301 83 20 hvilket
401 301 21 27 ju
440 301 39 20 kan
496 301 61 27 gifva
572 301 116 26 anledning
703 300 38 24 till,
757 303 32 17 att
804 307 48 14 man
869 301 72 21 kunde
953 301 54 28 hysa

178 329 41 21 den
242 329 62 28 &sigt,
326 332 32 17 att
379 329 228 21 Riddarhusutskottet
623 328 36 21 vid
676 328 149 28 uppgörandet
840 329 23 20 af
878 329 70 21 denna
964 329 44 22 rid-

178 357 172 28 darhusordning
372 357 38 21 har
432 358 57 20 velat
504 358 43 20 låta
562 359 13 26 &
591 358 12 20 2
619 357 64 21 lända
702 357 33 20 till
750 357 149 22 efterrättelse.
929 358 79 21 Denna

178 387 64 20 tanke
258 386 68 21 mäste
343 386 117 21 emellertid
477 386 85 21 förfalla
577 386 36 21 vid
629 385 176 28 genomläsandet
821 386 23 20 af
859 386 40 21 den
911 394 42 21 nya
963 387 45 20 rid-

180 414 208 28 darhusordningen,
403 414 38 21 der
456 415 50 20 flere
517 415 114 26 ändringar
644 414 41 21 och
695 414 50 21 flere
757 414 80 27 förslag
848 415 66 21 finnas
925 415 82 28 gjorda,

178 451 44 13 som
240 443 132 21 ätminstone
386 444 35 27 jag
437 443 27 28 pä
480 444 53 20 intet
548 445 43 19 sätt
607 443 40 20 kan
661 450 51 13 anse
723 442 134 22 omedelbart
867 443 140 22 förorsakade

178 471 23 22 af
223 472 297 27 representationsreformen.
549 471 34 27 Ja,
605 472 38 20 der
665 471 67 21 finnes
750 474 14 18 t.
780 479 18 12 0.
815 479 26 13 m.
858 479 25 13 en
900 472 106 27 paragraf,

178 507 44 14 som
246 500 71 21 direkt
340 500 45 21 står
400 501 5 20 i
422 500 53 21 strid
499 500 47 21 med
569 499 112 29 grundlag,
703 499 106 28 nämligen
827 500 12 27 8
855 501 33 25 38,
904 501 44 20 deri
969 501 38 21 det

178 530 68 26 säges,
262 531 32 18 att
309 529 26 20 R.
351 536 18 13 o.
385 529 38 20 A:s
440 529 122 28 privilegier
583 529 34 20 för
637 528 154 28 upphäfvande
807 528 74 21 fordra
897 530 28 26 3/,
940 531 66 26 majo-

178 558 50 20 ritet
243 570 27 3 —
285 558 35 27 jag
337 557 37 20 vill
393 557 69 21 lemna
478 557 79 21 derhän
574 557 26 21 de
616 557 69 27 öfriga
701 557 100 28 speciella
819 557 187 22 bestämmelserna

177 598 29 2 —
221 588 50 18 utan
294 589 32 17 att
349 593 47 13 man
420 585 38 21 der
479 589 60 24 tager
561 585 81 28 hänsyn
666 585 32 21 till
717 587 12 25 8
745 586 26 20 60
787 586 6 19 i
809 585 42 21 den
873 593 40 20 nya
937 586 70 20 landt-

178 614 179 28 dagsordningen,
373 614 45 20 deri
434 614 37 20 det
486 614 45 21 stär
546 617 32 17 att
593 614 185 28 privilegiefrägor
790 614 85 27 afgöras
887 614 28 28 pä
925 622 81 14 samma

178 644 42 19 sätt
235 650 45 13 som
296 642 68 21 andra
380 642 73 28 frägor
467 642 24 21 af
504 642 186 28 grundlagsnatur.
719 642 76 21 Redan
816 642 42 21 den
873 643 133 28 omständig-

178 671 70 25 heten,
270 674 32 18 att
325 670 150 28 privilegierna
498 673 37 19 äro
557 671 98 28 inryckta
671 672 6 19 i
693 672 12 26 8
721 672 34 24 38,
777 672 38 26 gör
838 671 37 21 det
898 672 61 23 klart,
975 674 31 18 att

178 699 70 21 denna
264 699 207 28 riddarhusordning
485 700 66 20 sädan
568 700 41 20 den
621 707 28 13 nu
664 699 119 28 föreligger,
798 700 86 21 absolut
900 700 47 21 icke
964 701 41 20 kan

178 728 22 20 få
215 728 133 21 Monarkens
362 728 164 28 godkännande,
541 732 23 24 ty
580 728 118 21 Monarken
715 728 41 20 kan
773 728 50 28 föga
839 736 42 20 nog
892 729 70 27 någon
973 728 32 22 tid

178 756 55 21 efter
248 756 37 21 det
300 756 42 21 han
360 756 156 21 undertecknat
531 764 26 13 en
569 756 162 28 grundlagsakt,
741 757 146 21 underteckna
899 760 32 17 ett
941 761 65 17 annat

178 785 122 28 lagförslag,
324 792 45 14 som
393 785 44 20 stär
452 786 6 19 i
475 785 52 21 strid
551 785 47 21 med
614 785 139 28 grundlagen.
784 785 74 21 Redan
875 786 70 21 denna
961 793 45 14 om-

178 813 128 28 ständighet,
329 816 32 18 att
383 813 92 22 Ständet
497 813 90 22 sålunda
608 813 66 21 fattat
695 817 31 17 ett
747 814 78 26 beslut;
837 821 45 14 som
899 814 48 21 icke
963 814 41 21 kan

178 841 63 22 lända
256 842 32 21 till
304 841 150 26 efterrättelse,
469 842 66 21 redan
551 842 76 25 denna,
642 844 62 25 säger
719 843 40 27 jag,
777 844 45 26 gör,
837 846 32 17 att
884 843 122 28 privilegie-

178 871 75 27 frägan
270 877 92 19 numera,
378 878 33 13 om
428 871 41 21 ock
485 871 48 21 icke
548 871 97 27 tidigare,
659 871 44 21 stär
724 872 6 19 i
752 871 133 28 oskiljaktigt
900 879 106 13 samman-

178 898 62 28 hang,
262 899 144 26 alldenstund,
429 906 35 14 om
487 906 48 14 man
553 899 48 21 icke
624 900 41 20 kan
689 899 148 21 ästadkomma
859 903 31 17 ett
913 900 92 27 upphäf-

178 928 69 20 vande
263 928 23 20 af
302 928 155 27 privilegierna,
469 927 40 21 den
526 935 41 20 nya
583 927 230 29 riddarhusordningen
830 928 47 22 icke
896 928 41 21 kan
951 928 53 28 god-

178 956 88 22 kännas.
296 956 45 21 Det
356 956 67 21 finnes
443 956 118 21 emellertid
577 956 64 21 äfven
658 960 31 17 ett
704 960 64 17 annat
783 957 159 27 sammanhang,
958 964 47 14 som

178 984 120 28 flerfaldiga
319 984 81 28 gånger
422 985 65 21 redan
510 985 90 28 tidigare
624 985 110 28 påpekats.
763 985 12 21 I
790 993 26 13 en
833 986 61 27 fråga
910 986 41 20 kan
968 985 37 21 det

178 1014 106 28 knappast
307 1014 69 20 finnas
392 1016 31 19 ett
437 1015 96 19 närmare
549 1014 152 27 sammanhang
717 1015 26 19 än
759 1014 42 26 det,
816 1022 45 13 som
878 1015 103 20 existerar
998 1015 5 19 i

178 1043 40 21 och
234 1042 48 21 med
298 1043 42 21 den
356 1042 192 28 omständigheten,
563 1045 31 19 att
608 1042 27 22 R.
650 1050 19 14 o.
684 1044 25 20 A.
725 1043 7 21 i
747 1050 80 14 samma
837 1042 64 22 stund
913 1043 37 21 det
960 1042 44 21 för-

178 1072 56 20 lorar
248 1071 37 21 det
300 1070 126 30 dyrbaraste
441 1072 142 27 privilegium,
598 1071 218 28 sjelfskrifvenheten,
832 1072 65 21 äfven
913 1071 91 21 förlorar

178 1102 68 19 rätten
262 1103 32 18 att
309 1100 67 21 uttala
392 1101 34 27 sig
441 1107 34 14 om
491 1101 47 20 sina
553 1108 54 20 egna
623 1100 123 28 privilegier
762 1100 26 28 pä
803 1108 81 14 samma
899 1102 43 19 sätt
957 1108 46 13 som

178 1129 113 25 tillförene,
309 1129 91 21 förlorar
415 1130 68 20 rätten
499 1132 32 18 att
547 1130 6 20 i
569 1130 52 20 sista
637 1128 56 21 hand
710 1129 83 21 besluta
809 1137 34 13 om
860 1129 62 21 dessa
938 1129 66 28 privi-

177 1158 72 26 legier.
280 1158 74 21 Skulle
370 1157 26 21 R.
410 1165 19 14 o.
446 1159 26 19 A.
487 1157 117 21 emellertid
627 1157 144 28 tilläfventyrs
795 1166 27 12 nu
837 1158 63 25 finna,
915 1161 32 17 att
962 1158 12 27 &
990 1160 12 19 2

178 1187 67 20 mäste
268 1186 70 21 tolkas
355 1187 5 20 i
377 1193 25 14 en
419 1187 110 26 strängare
551 1186 61 25 form,
627 1185 24 22 sä
667 1185 40 22 kan
723 1187 35 27 jag
773 1186 117 21 emellertid
907 1186 28 28 pä
950 1187 54 20 intet

177 1217 42 19 sätt
235 1215 78 20 förlika
328 1215 44 27 mig
388 1215 48 20 med
453 1214 40 21 den
510 1215 63 26 kläm,
588 1222 46 13 som
651 1214 112 22 Utskottet
777 1215 39 21 här
831 1215 116 27 föreslagit.
969 1215 35 21 Dä

177 1244 25 21 R.
218 1251 18 14 o.
252 1245 26 20 A.
295 1244 41 20 kan
354 1243 88 22 beredas
459 1243 83 21 tillfälle
557 1246 32 19 att
604 1243 68 21 uttala
687 1244 33 27 sig
740 1251 34 13 om
790 1243 63 22 dessa
884 1243 118 28 privilegiers

178 1272 129 28 behöflighet
330 1271 52 22 eller
406 1272 151 27 obehöflighet,
579 1271 24 22 sä
627 1275 36 17 vet
687 1273 34 27 jag
742 1272 52 26 icke,
809 1272 88 21 hvarför
912 1272 91 21 Ständet

177 1301 54 21 skall
255 1301 96 21 undvika
367 1303 31 18 ett
420 1300 69 29 dylikt
504 1300 115 21 uttalande.
649 1300 74 22 Skulle
739 1301 25 21 R.
779 1308 19 14 o.
816 1301 24 21 A.
856 1308 28 14 nu
900 1304 44 18 mot
959 1301 44 21 för-

178 1330 76 21 modan
278 1330 56 20 finna
356 1330 34 27 sig
412 1329 109 21 föranledt
541 1332 32 19 att
588 1332 45 18 mot
647 1330 37 20 sitt
699 1329 91 28 tidigare
805 1329 124 22 förfarande
943 1330 61 21 tolka

177 1359 13 27 8
205 1360 13 20 2
234 1359 6 20 i
256 1366 25 13 en
304 1359 86 26 trängre
413 1358 62 24 form,
497 1358 24 21 sä
543 1358 82 28 hoppas
645 1358 34 28 jag
695 1361 31 18 att
741 1358 92 21 Ständet
848 1358 49 21 ville
913 1358 91 21 omfatta

177 1387 95 28 följande
288 1387 66 21 kläm:
385 1387 24 21 R.
433 1394 18 13 o.
475 1387 33 25 A.,
529 1394 45 13 som
597 1387 35 20 för
651 1387 32 20 sin
703 1387 34 21 del
753 1395 62 13 anser
829 1386 103 22 Ständets
947 1387 56 21 äter-

177 1416 89 20 stående
282 1415 123 29 privilegier
421 1415 51 21 böra
488 1415 128 28 upphäfvas,
631 1423 35 13 ser
681 1416 32 26 sig
729 1415 28 28 pä
771 1415 69 28 grund
856 1415 22 21 af
893 1416 36 26 $2
940 1415 24 21 L.
975 1415 29 21 O.

177 1444 135 21 förhindradt
327 1446 32 18 att
374 1451 28 13 nu
419 1443 88 21 vidtaga
522 1443 75 27 ätgärd
613 1444 7 20 i
635 1443 82 22 frägan.

244 1472 43 28 Jag
310 1472 36 21 vill
372 1451 121 42 emöllertid
514 1472 89 28 hoppas,
624 1475 32 18 att
686 1479 25 14 den
728 1472 152 21 formalistiska
895 1480 46 20 syn,
957 1479 46 14 som

176 1501 242 21 Riddarhusutskottets
434 1500 138 21 medlemmar
588 1501 55 20 visat
659 1501 6 20 i
676 1500 41 22 och
733 1501 47 21 med
791 1501 160 28 uppställandet
961 1501 43 21 och
