1086 1748
354 100 145 20 Laglighetens
512 98 158 18 återställande.
886 96 42 20 487

99 167 79 26 hållen,
193 174 34 14 ser
246 168 36 27 jag
297 170 31 18 ett
348 166 198 23 förtroendevotum
561 167 48 22 från
626 168 163 29 Lagutskottets
805 168 47 23 sida
867 172 62 25 gent-

97 199 60 18 emot
172 195 84 22 landets
272 195 123 22 nuvarande
411 196 102 27 regering.

168 224 58 21 Frih.
251 223 81 22 Wrede
356 224 84 28 yttrade
466 225 35 20 vid
527 227 84 18 senaste
638 225 96 28 plenum:
762 225 166 22 »Förhällandet

97 254 26 20 är
139 254 4 19 i
160 253 77 28 sjelfva
254 253 76 20 verket
345 253 42 26 det,
403 256 30 17 att
449 253 38 20 här
502 253 114 27 föreligger
632 261 27 13 en
675 253 151 27 rättskonflikt,
839 254 88 21 hvilken

98 281 49 22 icke
164 282 40 20 kan
228 281 56 21 lösas
301 281 48 20 med
366 281 85 28 vanliga
467 281 75 24 medel,
557 285 49 17 utan
624 281 77 22 endast
717 282 47 21 med
781 283 147 21 utomordent-

98 310 43 27 liga
157 309 75 26 medel,
248 309 107 28 nämligen
371 317 26 13 en
413 309 243 29 lagstiftningsätgärd».
685 310 42 29 Jag
742 312 23 20 är
781 318 50 14 ense
847 318 40 19 om,
896 314 31 23 att

97 338 40 21 här
152 338 114 28 föreligger
282 345 26 14 en
325 337 96 26 konflikt,
437 345 44 14 som
499 337 104 22 måhända
619 339 48 21 icke
683 339 41 21 kan
741 339 56 21 lösas
814 339 48 22 med
874 347 54 14 van-

97 367 43 27 liga
156 366 75 21 medel.
262 366 52 21 Men
330 366 41 21 den
387 367 82 27 logiska
485 367 114 21 slutsatsen
615 369 31 24 är,
661 367 66 27 enligt
743 368 43 21 min
797 368 71 26 tanke,
879 369 48 20 icke

96 395 50 26 den,
162 399 30 17 att
215 395 73 21 derför
311 402 25 13 en
361 395 220 28 lagstiftningsåtgärd
604 397 25 20 är
646 395 97 29 behöflig,
758 399 50 18 utan
832 396 49 27 den,
896 399 32 19 att

97 423 136 28 Regeringen
252 424 37 20 bör
304 424 78 20 insätta
398 423 27 21 all
441 424 32 21 sin
489 423 54 28 goda
560 423 50 29 vilja
627 424 41 21 och
683 424 41 21 alla
739 425 47 20 sina
803 425 80 21 krafter
899 425 28 28 på

97 456 34 17 att
146 452 23 21 få
184 452 118 21 konflikten
318 451 47 22 löst.

167 481 43 20 Det
226 488 63 21 synes
305 480 49 21 icke
370 481 79 27 logiskt
464 481 82 28 möjligt
561 483 35 24 att,
608 481 72 21 derest
696 481 93 22 Senaten
806 481 61 28 ingår
878 482 49 21 med

95 517 29 14 en
148 509 136 28 fullständigt
307 509 119 21 motiverad
445 509 156 28 framställning
617 517 34 14 om
668 510 55 21 hvad
741 509 163 22 förhållandena
919 511 6 20 i

97 538 74 21 landet
186 539 6 20 i
208 538 60 21 detta
284 537 102 22 afseende
402 537 127 29 oafvisligen
546 538 81 26 kräfva,
643 546 25 13 en
685 538 67 21 sådan
767 539 159 28 framställning

95 567 58 21 efter
167 567 123 20 manifestet
306 566 23 21 af
344 566 40 21 den
401 568 14 19 4
425 566 123 22 November
560 567 54 21 1905
630 567 55 21 skall
701 567 22 21 af
739 567 120 21 Monarken
874 567 51 22 lem-

97 603 38 13 nas
152 599 49 17 utan
218 595 109 21 afseende.
357 595 51 21 Men
425 602 34 14 om
475 595 24 21 så
514 595 68 21 skulle
597 595 39 21 ske
652 595 41 22 och
708 603 34 14 om
759 595 93 22 Senaten
869 596 57 21 inför

96 631 27 14 en
140 623 66 22 sådan
222 624 102 21 situation
341 623 68 22 skulle
426 631 51 14 anse
492 623 37 22 det
544 623 134 29 nödvändigt
694 627 31 18 att
740 624 62 21 ställa
813 625 46 20 sina
871 625 55 28 plat-

96 660 36 14 ser
147 652 31 21 till
194 652 132 21 Monarkens
342 652 135 28 förfogande,
493 652 24 21 sä
531 654 23 19 är
568 653 35 27 jag
619 652 128 29 öfvertygad
763 660 41 19 om,
819 653 48 21 att
857 648 10 37 i
880 653 44 21 lan-

96 681 38 22 det
157 681 61 28 ingen
243 683 45 19 röst
310 681 69 20 skulle
395 681 47 28 höja
459 682 33 27 sig
507 681 34 21 för
556 684 31 18 att
604 681 94 21 bestrida
714 681 105 22 Senatens
835 683 42 20 rätt
893 682 31 21 till

96 714 32 17 ett
151 709 76 22 sädant
250 713 53 24 steg,
326 709 40 21 och
382 709 54 21 huru
457 709 113 28 ödesdigra
587 709 105 29 följderna
707 709 23 22 af
745 713 32 18 ett
792 709 70 29 dylikt
877 713 48 26 steg

96 740 28 19 än
141 738 71 21 kunde
235 745 51 14 vara
302 738 34 21 för
359 737 78 27 landet,
453 745 45 14 som
523 738 123 27 derigenom
669 738 109 21 riskerade
797 741 31 18 att
845 738 79 22 förlora

96 767 43 21 den
156 767 105 21 mähända
278 767 60 20 bästa
354 766 110 22 inhemska
480 767 98 28 regering
593 767 21 20 vi
638 767 104 27 nägonsin
759 770 42 25 egt,
815 767 24 21 sä
855 767 69 22 skulle

96 796 61 21 detta
173 795 123 22 förfarande
312 795 29 21 dä
356 795 67 21 mästa
440 795 104 21 erkännas
560 795 68 21 säsom
645 795 49 21 fullt
710 795 65 28 lojalt.

166 824 65 21 Hvad
255 823 102 22 beträffar
379 823 124 22 Utskottets
526 824 101 27 ställning
650 824 31 21 till
705 824 75 27 frägan
803 831 34 14 om
861 825 64 28 ryska

95 853 95 29 spräket,
206 852 24 22 sä
253 853 36 20 vill
305 853 36 27 jag
363 852 53 21 fatta
440 853 43 27 mig
501 853 51 20 kort.
581 852 152 21 Betänkandet
756 853 32 20 till
803 853 70 21 denna
890 854 34 21 del

96 882 85 28 föreläg
192 882 24 21 sä
228 881 52 28 godt
296 888 46 14 som
358 881 80 28 färdigt
453 881 66 21 redan
535 881 27 21 dä
578 882 40 20 den
634 886 86 16 senaste
735 882 64 28 ryska
815 882 110 28 spräkför-

96 911 123 27 fattningen
236 910 79 21 utkom.
347 910 47 21 Den
411 910 34 21 del
461 910 22 20 af
500 910 150 26 betänkandet,
666 917 44 14 som
722 910 67 27 päller
800 910 71 22 denna
881 911 45 21 för-

97 940 99 27 fattning,
219 939 83 21 tillkom
326 938 89 21 sålunda
437 938 101 22 särskildt
554 939 34 21 för
608 939 40 27 sig,
663 938 41 22 och
721 938 123 22 Utskottets
861 939 64 21 fram-

96 968 102 28 ställning
220 967 128 21 härutinnan
371 967 62 28 afsåg
455 967 48 21 icke
526 970 31 18 ett
578 966 135 22 bedömande
733 967 23 21 af
773 967 104 21 Senatens
893 968 32 21 åt-

95 996 84 29 gärder,
194 1000 50 17 utan
268 995 76 21 endast
360 999 31 17 ett
413 999 43 17 tort
477 995 165 22 konstaterande
664 996 28 26 af,
708 997 5 19 i
731 996 73 21 hvilka
819 996 105 22 hänseen-

96 1025 43 21 den
155 1024 141 28 laglighetens
319 1024 48 21 kraf
383 1025 6 20 i
405 1024 61 28 fråga
488 1032 34 13 om
538 1024 103 28 språkens
657 1024 138 28 användning
810 1025 7 21 i
833 1025 92 21 embets-

97 1054 80 21 verken
200 1055 57 19 ännu
280 1052 49 22 icke
352 1053 103 28 uppfylts.
485 1052 43 22 För
550 1054 42 20 min
616 1052 36 22 del
672 1052 95 22 uttalade
786 1054 35 28 jag
837 1053 86 21 redan
910 1048 17 38 i

96 1082 154 28 Lagutskottet
272 1081 41 21 den
340 1081 83 28 åsigten
446 1081 41 21 och
510 1082 62 28 hyser
594 1081 42 21 den
659 1081 134 22 fortfarande
815 1085 32 17 att
869 1082 56 22 efter

96 1110 140 22 utfärdandet
258 1110 24 21 af
301 1110 43 20 den
367 1113 84 18 senaste
474 1110 155 28 författningen
645 1111 5 20 i
667 1112 71 19 ämnet
761 1114 32 17 ett
814 1110 110 22 uttalande

97 1139 48 22 från
161 1139 131 22 Ständernas
308 1138 47 22 sida
368 1139 6 20 i
391 1138 58 22 detta
465 1138 152 28 sammanhang
632 1138 48 22 icke
696 1146 39 14 var
751 1138 106 29 behöfligt,
873 1143 51 17 utan

96 1175 88 43 fnärare
200 1167 79 29 egnadt
295 1170 32 18 att
342 1167 95 27 förringa
453 1167 124 29 betydelsen
593 1167 23 21 af
631 1170 31 18 ett
674 1167 110 21 uttalande
795 1168 6 20 i
813 1167 40 21 den
867 1172 58 17 stora

96 1197 81 21 frågan.

131 1204 14 20 4
165 1225 41 28 Jag
222 1224 37 23 ber
281 1224 101 29 slutligen
405 1228 31 17 att
452 1224 22 21 fä
493 1224 74 22 beröra
582 1226 58 20 ännu
656 1232 25 13 en
697 1224 67 28 fräga,
779 1232 46 14 som
842 1224 80 29 logiskt

96 1258 61 25 taget
172 1254 81 21 kanske
269 1253 112 28 rätteligen
397 1253 55 21 hade
469 1253 47 21 bort
532 1261 50 13 vara
598 1253 41 22 den
656 1253 67 21 första
735 1254 5 20 i
753 1254 48 20 mitt
814 1253 110 22 uttalande

97 1296 25 3 —
140 1283 75 28 frägan
232 1290 33 13 om
282 1282 70 21 denna
369 1283 76 20 urtima
461 1282 113 28 landtdags
589 1283 43 20 rätt
647 1285 32 18 att
694 1286 50 23 taga
759 1283 33 27 sig
807 1282 56 21 talan
877 1283 5 20 i
897 1289 25 14 en

96 1312 63 28 fräga
181 1311 66 22 sädan
270 1318 47 13 som
340 1310 42 22 den
401 1310 147 22 förevarande.
577 1310 41 28 Jag
635 1311 49 20 ville
700 1310 34 21 för
749 1311 43 20 min
808 1310 34 21 del
859 1318 22 14 se
897 1318 26 14 en

96 1344 47 18 stor
157 1340 99 28 förtjenst
278 1339 39 21 hos
341 1339 239 22 utskottsbetänkandet
600 1339 52 26 deri,
668 1342 32 18 att
720 1339 112 22 Utskottet
848 1339 28 28 pä
891 1343 32 18 ett

97 1369 25 22 sä
137 1369 55 21 klart
207 1368 40 22 och
266 1367 108 22 bindande
389 1369 43 20 sätt
447 1367 72 22 utredt
535 1367 69 22 denna
620 1368 38 21 sak
674 1367 41 22 och
727 1367 114 28 ädagalagt
854 1367 71 22 denna

97 1397 142 28 landtdagens
260 1398 48 20 rätt.
338 1396 160 29 Landtdagens,
514 1404 25 13 en
562 1397 76 20 urtima
654 1396 113 28 landtdags
784 1396 79 21 likaväl
877 1403 46 15 som

97 1434 27 14 en
147 1427 86 27 lagtima
256 1425 114 28 landtdags
394 1426 42 20 rätt
458 1428 31 17 att
509 1428 49 25 taga
573 1426 33 27 sig
621 1425 56 21 talan
694 1425 6 20 i
716 1424 60 28 fräga
792 1432 34 14 om
841 1428 31 18 ett
888 1425 37 22 be-

97 1455 89 22 stäende
209 1453 214 22 konstitutionsbrott
445 1455 23 19 är
484 1461 26 14 en
533 1455 47 24 rätt,
596 1461 44 14 som
661 1455 23 19 är
699 1453 51 21 svär
769 1456 31 18 att
816 1453 108 22 bindande

98 1484 80 25 bevisa,
193 1483 81 21 kanske
289 1483 44 27 just
350 1482 76 21 främst
441 1481 79 27 derför,
535 1485 31 18 att
581 1482 70 21 denna
667 1484 41 19 rätt
719 1483 24 20 är
753 1481 23 22 sä
787 1482 138 21 axiomatiskt
