<?xml version="1.0" encoding="UTF-8"?>
<alto xmlns="http://www.loc.gov/standards/alto/ns-v3#" xmlns:xlink="http://www.w3.org/1999/xlink" xmlns:xsi="http://www.w3.org/2001/XMLSchema-instance" xsi:schemaLocation="http://www.loc.gov/standards/alto/ns-v3# http://www.loc.gov/alto/v3/alto-3-0.xsd">
	<Description>
		<MeasurementUnit>pixel</MeasurementUnit>
		<sourceImageInformation>
			<fileName>/tmp/tess_3c5q4_jq_input.PNG</fileName>
		</sourceImageInformation>
		<OCRProcessing ID="OCR_0">
			<ocrProcessingStep>
				<processingSoftware>
					<softwareName>tesseract 5.3.4</softwareName>
				</processingSoftware>
			</ocrProcessingStep>
		</OCRProcessing>
	</Description>
	<Layout>
		<Page WIDTH="1084" HEIGHT="1764" PHYSICAL_IMG_NR="0" ID="page_0">
			<PrintSpace HPOS="0" VPOS="0" WIDTH="1084" HEIGHT="1764">
				<ComposedBlock ID="cblock_0" HPOS="175" VPOS="99" WIDTH="547" HEIGHT="29">
					<TextBlock ID="block_0" HPOS="175" VPOS="99" WIDTH="547" HEIGHT="29">
						<TextLine ID="line_0" HPOS="175" VPOS="99" WIDTH="547" HEIGHT="29">
							<String ID="string_0" HPOS="175" VPOS="99" WIDTH="41" HEIGHT="21" WC="0.96" CONTENT="758"/><SP WIDTH="236" VPOS="99" HPOS="216"/>
							<String ID="string_1" HPOS="452" VPOS="103" WIDTH="25" HEIGHT="16" WC="0.95" CONTENT="R."/><SP WIDTH="13" VPOS="103" HPOS="477"/>
							<String ID="string_2" HPOS="490" VPOS="107" WIDTH="17" HEIGHT="11" WC="0.84" CONTENT="o."/><SP WIDTH="14" VPOS="107" HPOS="507"/>
							<String ID="string_3" HPOS="521" VPOS="102" WIDTH="24" HEIGHT="17" WC="0.96" CONTENT="A."/><SP WIDTH="13" VPOS="102" HPOS="545"/>
							<String ID="string_4" HPOS="558" VPOS="102" WIDTH="60" HEIGHT="17" WC="0.91" CONTENT="1908."/><SP WIDTH="19" VPOS="102" HPOS="618"/>
							<String ID="string_5" HPOS="637" VPOS="102" WIDTH="23" HEIGHT="17" WC="0.94" CONTENT="31"/><SP WIDTH="12" VPOS="102" HPOS="660"/>
							<String ID="string_6" HPOS="672" VPOS="102" WIDTH="50" HEIGHT="26" WC="0.96" CONTENT="Juli."/>
						</TextLine>
					</TextBlock>
				</ComposedBlock>
				<GraphicalElement ID="cblock_1" HPOS="174" VPOS="130" WIDTH="832" HEIGHT="4"></GraphicalElement >
				<ComposedBlock ID="cblock_2" HPOS="425" VPOS="209" WIDTH="334" HEIGHT="28">
					<TextBlock ID="block_1" HPOS="425" VPOS="209" WIDTH="334" HEIGHT="28">
						<TextLine ID="line_1" HPOS="425" VPOS="209" WIDTH="334" HEIGHT="28">
							<String ID="string_7" HPOS="425" VPOS="210" WIDTH="83" HEIGHT="27" WC="0.92" CONTENT="Dagens"/><SP WIDTH="16" VPOS="210" HPOS="508"/>
							<String ID="string_8" HPOS="524" VPOS="209" WIDTH="98" HEIGHT="28" WC="0.92" CONTENT="politiska"/><SP WIDTH="16" VPOS="209" HPOS="622"/>
							<String ID="string_9" HPOS="638" VPOS="209" WIDTH="121" HEIGHT="22" WC="0.92" CONTENT="händelser."/>
						</TextLine>
					</TextBlock>
				</ComposedBlock>
				<ComposedBlock ID="cblock_3" HPOS="176" VPOS="277" WIDTH="831" HEIGHT="61">
					<TextBlock ID="block_2" HPOS="176" VPOS="277" WIDTH="831" HEIGHT="61">
						<TextLine ID="line_2" HPOS="244" VPOS="277" WIDTH="763" HEIGHT="28">
							<String ID="string_10" HPOS="244" VPOS="280" WIDTH="33" HEIGHT="22" WC="0.92" CONTENT="Hr"/><SP WIDTH="23" VPOS="280" HPOS="277"/>
							<String ID="string_11" HPOS="300" VPOS="278" WIDTH="210" HEIGHT="23" WC="0.90" CONTENT="Landtmarskalken"/><SP WIDTH="23" VPOS="278" HPOS="510"/>
							<String ID="string_12" HPOS="533" VPOS="277" WIDTH="149" HEIGHT="28" WC="0.90" CONTENT="tillkännagaf,"/><SP WIDTH="22" VPOS="277" HPOS="682"/>
							<String ID="string_13" HPOS="704" VPOS="281" WIDTH="32" HEIGHT="18" WC="0.96" CONTENT="att"/><SP WIDTH="14" VPOS="281" HPOS="736"/>
							<String ID="string_14" HPOS="750" VPOS="277" WIDTH="35" HEIGHT="22" WC="0.96" CONTENT="Hr"/><SP WIDTH="15" VPOS="277" HPOS="785"/>
							<String ID="string_15" HPOS="800" VPOS="277" WIDTH="55" HEIGHT="22" WC="0.93" CONTENT="Rein"/><SP WIDTH="16" VPOS="277" HPOS="855"/>
							<String ID="string_16" HPOS="871" VPOS="278" WIDTH="89" HEIGHT="22" WC="0.91" CONTENT="anhällit"/><SP WIDTH="15" VPOS="278" HPOS="960"/>
							<String ID="string_17" HPOS="975" VPOS="281" WIDTH="32" HEIGHT="19" WC="0.96" CONTENT="att"/>
						</TextLine>
						<TextLine ID="line_3" HPOS="176" VPOS="305" WIDTH="797" HEIGHT="33">
							<String ID="string_18" HPOS="176" VPOS="309" WIDTH="22" HEIGHT="22" WC="0.96" CONTENT="få"/><SP WIDTH="15" VPOS="309" HPOS="198"/>
							<String ID="string_19" HPOS="213" VPOS="311" WIDTH="52" HEIGHT="27" WC="0.92" CONTENT="göra"/><SP WIDTH="15" VPOS="311" HPOS="265"/>
							<String ID="string_20" HPOS="280" VPOS="311" WIDTH="31" HEIGHT="19" WC="0.96" CONTENT="ett"/><SP WIDTH="16" VPOS="311" HPOS="311"/>
							<String ID="string_21" HPOS="327" VPOS="307" WIDTH="118" HEIGHT="26" WC="0.96" CONTENT="uttalande,"/><SP WIDTH="15" VPOS="307" HPOS="445"/>
							<String ID="string_22" HPOS="460" VPOS="307" WIDTH="49" HEIGHT="20" WC="0.93" CONTENT="med"/><SP WIDTH="16" VPOS="307" HPOS="509"/>
							<String ID="string_23" HPOS="525" VPOS="305" WIDTH="116" HEIGHT="29" WC="0.95" CONTENT="anledning"/><SP WIDTH="15" VPOS="305" HPOS="641"/>
							<String ID="string_24" HPOS="656" VPOS="306" WIDTH="77" HEIGHT="21" WC="0.96" CONTENT="hvaraf"/><SP WIDTH="15" VPOS="306" HPOS="733"/>
							<String ID="string_25" HPOS="748" VPOS="306" WIDTH="62" HEIGHT="21" WC="0.93" CONTENT="ordet"/><SP WIDTH="15" VPOS="306" HPOS="810"/>
							<String ID="string_26" HPOS="825" VPOS="307" WIDTH="110" HEIGHT="22" WC="0.92" CONTENT="lemnades"/><SP WIDTH="16" VPOS="307" HPOS="935"/>
							<String ID="string_27" HPOS="951" VPOS="307" WIDTH="22" HEIGHT="22" WC="0.96" CONTENT="ät"/>
						</TextLine>
					</TextBlock>
				</ComposedBlock>
				<ComposedBlock ID="cblock_4" HPOS="172" VPOS="369" WIDTH="834" HEIGHT="595">
					<TextBlock ID="block_3" HPOS="173" VPOS="369" WIDTH="833" HEIGHT="252">
						<TextLine ID="line_4" HPOS="243" VPOS="369" WIDTH="763" HEIGHT="28">
							<String ID="string_28" HPOS="243" VPOS="371" WIDTH="34" HEIGHT="22" WC="0.95" CONTENT="Hr"/><SP WIDTH="15" VPOS="371" HPOS="277"/>
							<String ID="string_29" HPOS="292" VPOS="371" WIDTH="92" HEIGHT="25" WC="0.95" CONTENT="Rein,"/><SP WIDTH="14" VPOS="371" HPOS="384"/>
							<String ID="string_30" HPOS="398" VPOS="377" WIDTH="46" HEIGHT="14" WC="0.93" CONTENT="som"/><SP WIDTH="15" VPOS="377" HPOS="444"/>
							<String ID="string_31" HPOS="459" VPOS="369" WIDTH="94" HEIGHT="28" WC="0.96" CONTENT="yttrade:"/><SP WIDTH="20" VPOS="369" HPOS="553"/>
							<String ID="string_32" HPOS="573" VPOS="369" WIDTH="11" HEIGHT="20" WC="0.96" CONTENT="I"/><SP WIDTH="15" VPOS="369" HPOS="584"/>
							<String ID="string_33" HPOS="599" VPOS="369" WIDTH="103" HEIGHT="21" WC="0.92" CONTENT="afseende"/><SP WIDTH="16" VPOS="369" HPOS="702"/>
							<String ID="string_34" HPOS="718" VPOS="369" WIDTH="12" HEIGHT="21" WC="0.91" CONTENT="å"/><SP WIDTH="16" VPOS="369" HPOS="730"/>
							<String ID="string_35" HPOS="746" VPOS="369" WIDTH="41" HEIGHT="21" WC="0.96" CONTENT="den"/><SP WIDTH="16" VPOS="369" HPOS="787"/>
							<String ID="string_36" HPOS="803" VPOS="370" WIDTH="109" HEIGHT="26" WC="0.96" CONTENT="situation,"/><SP WIDTH="16" VPOS="370" HPOS="912"/>
							<String ID="string_37" HPOS="928" VPOS="371" WIDTH="6" HEIGHT="20" WC="0.93" CONTENT="i"/><SP WIDTH="16" VPOS="371" HPOS="934"/>
							<String ID="string_38" HPOS="950" VPOS="370" WIDTH="56" HEIGHT="22" WC="0.92" CONTENT="hvil-"/>
						</TextLine>
						<TextLine ID="line_5" HPOS="174" VPOS="397" WIDTH="831" HEIGHT="28">
							<String ID="string_39" HPOS="174" VPOS="401" WIDTH="42" HEIGHT="21" WC="0.95" CONTENT="ken"/><SP WIDTH="23" VPOS="401" HPOS="216"/>
							<String ID="string_40" HPOS="239" VPOS="401" WIDTH="22" HEIGHT="20" WC="0.96" CONTENT="vi"/><SP WIDTH="23" VPOS="401" HPOS="261"/>
							<String ID="string_41" HPOS="284" VPOS="399" WIDTH="35" HEIGHT="22" WC="0.96" CONTENT="för"/><SP WIDTH="23" VPOS="399" HPOS="319"/>
							<String ID="string_42" HPOS="342" VPOS="398" WIDTH="133" HEIGHT="21" WC="0.93" CONTENT="närvarande"/><SP WIDTH="23" VPOS="398" HPOS="475"/>
							<String ID="string_43" HPOS="498" VPOS="397" WIDTH="84" HEIGHT="22" WC="0.91" CONTENT="befinna"/><SP WIDTH="22" VPOS="397" HPOS="582"/>
							<String ID="string_44" HPOS="604" VPOS="405" WIDTH="35" HEIGHT="14" WC="0.96" CONTENT="oss"/><SP WIDTH="16" VPOS="405" HPOS="639"/>
							<String ID="string_45" HPOS="655" VPOS="397" WIDTH="47" HEIGHT="22" WC="0.93" CONTENT="med"/><SP WIDTH="17" VPOS="397" HPOS="702"/>
							<String ID="string_46" HPOS="719" VPOS="397" WIDTH="116" HEIGHT="28" WC="0.92" CONTENT="anledning"/><SP WIDTH="15" VPOS="397" HPOS="835"/>
							<String ID="string_47" HPOS="850" VPOS="398" WIDTH="23" HEIGHT="21" WC="0.97" CONTENT="af"/><SP WIDTH="15" VPOS="398" HPOS="873"/>
							<String ID="string_48" HPOS="888" VPOS="398" WIDTH="42" HEIGHT="21" WC="0.93" CONTENT="den"/><SP WIDTH="15" VPOS="398" HPOS="930"/>
							<String ID="string_49" HPOS="945" VPOS="399" WIDTH="60" HEIGHT="26" WC="0.93" CONTENT="strid,"/>
						</TextLine>
						<TextLine ID="line_6" HPOS="175" VPOS="425" WIDTH="831" HEIGHT="30">
							<String ID="string_50" HPOS="175" VPOS="437" WIDTH="46" HEIGHT="14" WC="0.96" CONTENT="som"/><SP WIDTH="24" VPOS="437" HPOS="221"/>
							<String ID="string_51" HPOS="245" VPOS="429" WIDTH="38" HEIGHT="20" WC="0.92" CONTENT="har"/><SP WIDTH="22" VPOS="429" HPOS="283"/>
							<String ID="string_52" HPOS="305" VPOS="427" WIDTH="93" HEIGHT="22" WC="0.91" CONTENT="utbrutit"/><SP WIDTH="21" VPOS="427" HPOS="398"/>
							<String ID="string_53" HPOS="419" VPOS="427" WIDTH="89" HEIGHT="20" WC="0.92" CONTENT="emellan"/><SP WIDTH="15" VPOS="427" HPOS="508"/>
							<String ID="string_54" HPOS="523" VPOS="425" WIDTH="105" HEIGHT="22" WC="0.96" CONTENT="särskilda"/><SP WIDTH="16" VPOS="425" HPOS="628"/>
							<String ID="string_55" HPOS="644" VPOS="426" WIDTH="60" HEIGHT="21" WC="0.96" CONTENT="delar"/><SP WIDTH="15" VPOS="426" HPOS="704"/>
							<String ID="string_56" HPOS="719" VPOS="426" WIDTH="23" HEIGHT="21" WC="0.97" CONTENT="af"/><SP WIDTH="15" VPOS="426" HPOS="742"/>
							<String ID="string_57" HPOS="757" VPOS="426" WIDTH="41" HEIGHT="21" WC="0.96" CONTENT="den"/><SP WIDTH="15" VPOS="426" HPOS="798"/>
							<String ID="string_58" HPOS="813" VPOS="427" WIDTH="66" HEIGHT="28" WC="0.93" CONTENT="ryska"/><SP WIDTH="15" VPOS="427" HPOS="879"/>
							<String ID="string_59" HPOS="894" VPOS="427" WIDTH="112" HEIGHT="27" WC="0.92" CONTENT="militären,"/>
						</TextLine>
						<TextLine ID="line_7" HPOS="173" VPOS="454" WIDTH="832" HEIGHT="31">
							<String ID="string_60" HPOS="173" VPOS="457" WIDTH="26" HEIGHT="22" WC="0.93" CONTENT="sä"/><SP WIDTH="15" VPOS="457" HPOS="199"/>
							<String ID="string_61" HPOS="214" VPOS="457" WIDTH="62" HEIGHT="22" WC="0.92" CONTENT="utber"/><SP WIDTH="21" VPOS="457" HPOS="276"/>
							<String ID="string_62" HPOS="297" VPOS="457" WIDTH="38" HEIGHT="28" WC="0.96" CONTENT="jag"/><SP WIDTH="22" VPOS="457" HPOS="335"/>
							<String ID="string_63" HPOS="357" VPOS="457" WIDTH="42" HEIGHT="26" WC="0.96" CONTENT="mig"/><SP WIDTH="22" VPOS="457" HPOS="399"/>
							<String ID="string_64" HPOS="421" VPOS="457" WIDTH="32" HEIGHT="19" WC="0.93" CONTENT="att"/><SP WIDTH="21" VPOS="457" HPOS="453"/>
							<String ID="string_65" HPOS="474" VPOS="455" WIDTH="24" HEIGHT="21" WC="0.92" CONTENT="fä"/><SP WIDTH="18" VPOS="455" HPOS="498"/>
							<String ID="string_66" HPOS="516" VPOS="455" WIDTH="57" HEIGHT="20" WC="0.93" CONTENT="inför"/><SP WIDTH="14" VPOS="455" HPOS="573"/>
							<String ID="string_67" HPOS="587" VPOS="454" WIDTH="93" HEIGHT="22" WC="0.93" CONTENT="Ständet"/><SP WIDTH="14" VPOS="454" HPOS="680"/>
							<String ID="string_68" HPOS="694" VPOS="455" WIDTH="86" HEIGHT="26" WC="0.93" CONTENT="föreslä,"/><SP WIDTH="15" VPOS="455" HPOS="780"/>
							<String ID="string_69" HPOS="795" VPOS="455" WIDTH="37" HEIGHT="21" WC="0.93" CONTENT="det"/><SP WIDTH="15" VPOS="455" HPOS="832"/>
							<String ID="string_70" HPOS="847" VPOS="455" WIDTH="92" HEIGHT="22" WC="0.92" CONTENT="Ständet"/><SP WIDTH="16" VPOS="455" HPOS="939"/>
							<String ID="string_71" HPOS="955" VPOS="456" WIDTH="50" HEIGHT="21" WC="0.96" CONTENT="ville"/>
						</TextLine>
						<TextLine ID="line_8" HPOS="175" VPOS="483" WIDTH="830" HEIGHT="32">
							<String ID="string_72" HPOS="175" VPOS="486" WIDTH="116" HEIGHT="29" WC="0.93" CONTENT="godkänna"/><SP WIDTH="23" VPOS="486" HPOS="291"/>
							<String ID="string_73" HPOS="314" VPOS="484" WIDTH="96" HEIGHT="28" WC="0.96" CONTENT="följande"/><SP WIDTH="23" VPOS="484" HPOS="410"/>
							<String ID="string_74" HPOS="433" VPOS="483" WIDTH="111" HEIGHT="22" WC="0.96" CONTENT="uttalande"/><SP WIDTH="21" VPOS="483" HPOS="544"/>
							<String ID="string_75" HPOS="565" VPOS="483" WIDTH="41" HEIGHT="21" WC="0.93" CONTENT="och"/><SP WIDTH="14" VPOS="483" HPOS="606"/>
							<String ID="string_76" HPOS="620" VPOS="483" WIDTH="70" HEIGHT="21" WC="0.91" CONTENT="tilläta"/><SP WIDTH="15" VPOS="483" HPOS="690"/>
							<String ID="string_77" HPOS="705" VPOS="487" WIDTH="32" HEIGHT="17" WC="0.93" CONTENT="att"/><SP WIDTH="15" VPOS="487" HPOS="737"/>
							<String ID="string_78" HPOS="752" VPOS="483" WIDTH="118" HEIGHT="22" WC="0.92" CONTENT="detsamma"/><SP WIDTH="15" VPOS="483" HPOS="870"/>
							<String ID="string_79" HPOS="885" VPOS="483" WIDTH="71" HEIGHT="22" WC="0.92" CONTENT="säsom"/><SP WIDTH="16" VPOS="483" HPOS="956"/>
							<String ID="string_80" HPOS="972" VPOS="487" WIDTH="33" HEIGHT="19" WC="0.93" CONTENT="ut-"/>
						</TextLine>
						<TextLine ID="line_9" HPOS="175" VPOS="511" WIDTH="831" HEIGHT="32">
							<String ID="string_81" HPOS="175" VPOS="515" WIDTH="62" HEIGHT="28" WC="0.87" CONTENT="tryck"/><SP WIDTH="23" VPOS="515" HPOS="237"/>
							<String ID="string_82" HPOS="260" VPOS="514" WIDTH="34" HEIGHT="21" WC="0.93" CONTENT="för"/><SP WIDTH="23" VPOS="514" HPOS="294"/>
							<String ID="string_83" HPOS="317" VPOS="512" WIDTH="103" HEIGHT="23" WC="0.92" CONTENT="Ständets"/><SP WIDTH="23" VPOS="512" HPOS="420"/>
							<String ID="string_84" HPOS="443" VPOS="512" WIDTH="87" HEIGHT="27" WC="0.93" CONTENT="mening"/><SP WIDTH="19" VPOS="512" HPOS="530"/>
							<String ID="string_85" HPOS="549" VPOS="515" WIDTH="106" HEIGHT="25" WC="0.93" CONTENT="upptages"/><SP WIDTH="15" VPOS="515" HPOS="655"/>
							<String ID="string_86" HPOS="670" VPOS="512" WIDTH="32" HEIGHT="21" WC="0.93" CONTENT="till"/><SP WIDTH="16" VPOS="512" HPOS="702"/>
							<String ID="string_87" HPOS="718" VPOS="511" WIDTH="135" HEIGHT="29" WC="0.92" CONTENT="protokollet,"/><SP WIDTH="16" VPOS="511" HPOS="853"/>
							<String ID="string_88" HPOS="869" VPOS="513" WIDTH="42" HEIGHT="21" WC="0.93" CONTENT="och"/><SP WIDTH="14" VPOS="513" HPOS="911"/>
							<String ID="string_89" HPOS="925" VPOS="513" WIDTH="81" HEIGHT="22" WC="0.93" CONTENT="tilläter"/>
						</TextLine>
						<TextLine ID="line_10" HPOS="174" VPOS="540" WIDTH="831" HEIGHT="32">
							<String ID="string_90" HPOS="174" VPOS="544" WIDTH="36" HEIGHT="28" WC="0.96" CONTENT="jag"/><SP WIDTH="22" VPOS="544" HPOS="210"/>
							<String ID="string_91" HPOS="232" VPOS="543" WIDTH="44" HEIGHT="27" WC="0.93" CONTENT="mig"/><SP WIDTH="23" VPOS="543" HPOS="276"/>
							<String ID="string_92" HPOS="299" VPOS="542" WIDTH="104" HEIGHT="27" WC="0.91" CONTENT="derjemte"/><SP WIDTH="19" VPOS="542" HPOS="403"/>
							<String ID="string_93" HPOS="422" VPOS="541" WIDTH="91" HEIGHT="28" WC="0.92" CONTENT="upplysa"/><SP WIDTH="16" VPOS="541" HPOS="513"/>
							<String ID="string_94" HPOS="529" VPOS="544" WIDTH="31" HEIGHT="17" WC="0.96" CONTENT="att"/><SP WIDTH="15" VPOS="544" HPOS="560"/>
							<String ID="string_95" HPOS="575" VPOS="543" WIDTH="31" HEIGHT="18" WC="0.93" CONTENT="ett"/><SP WIDTH="15" VPOS="543" HPOS="606"/>
							<String ID="string_96" HPOS="621" VPOS="540" WIDTH="71" HEIGHT="28" WC="0.93" CONTENT="dylikt"/><SP WIDTH="14" VPOS="540" HPOS="692"/>
							<String ID="string_97" HPOS="706" VPOS="541" WIDTH="81" HEIGHT="27" WC="0.96" CONTENT="förslag"/><SP WIDTH="15" VPOS="541" HPOS="787"/>
							<String ID="string_98" HPOS="802" VPOS="548" WIDTH="46" HEIGHT="13" WC="0.96" CONTENT="som"/><SP WIDTH="16" VPOS="548" HPOS="848"/>
							<String ID="string_99" HPOS="864" VPOS="541" WIDTH="59" HEIGHT="22" WC="0.93" CONTENT="detta"/><SP WIDTH="15" VPOS="541" HPOS="923"/>
							<String ID="string_100" HPOS="938" VPOS="541" WIDTH="67" HEIGHT="22" WC="0.93" CONTENT="fram-"/>
						</TextLine>
						<TextLine ID="line_11" HPOS="174" VPOS="569" WIDTH="831" HEIGHT="29">
							<String ID="string_101" HPOS="174" VPOS="572" WIDTH="62" HEIGHT="21" WC="0.91" CONTENT="stälts"/><SP WIDTH="22" VPOS="572" HPOS="236"/>
							<String ID="string_102" HPOS="258" VPOS="572" WIDTH="67" HEIGHT="20" WC="0.91" CONTENT="äfven"/><SP WIDTH="17" VPOS="572" HPOS="325"/>
							<String ID="string_103" HPOS="342" VPOS="571" WIDTH="7" HEIGHT="20" WC="0.96" CONTENT="i"/><SP WIDTH="16" VPOS="571" HPOS="349"/>
							<String ID="string_104" HPOS="365" VPOS="569" WIDTH="98" HEIGHT="28" WC="0.93" CONTENT="samtliga"/><SP WIDTH="16" VPOS="569" HPOS="463"/>
							<String ID="string_105" HPOS="479" VPOS="569" WIDTH="69" HEIGHT="28" WC="0.91" CONTENT="öfriga"/><SP WIDTH="16" VPOS="569" HPOS="548"/>
							<String ID="string_106" HPOS="564" VPOS="569" WIDTH="70" HEIGHT="21" WC="0.90" CONTENT="ständ."/><SP WIDTH="22" VPOS="569" HPOS="634"/>
							<String ID="string_107" HPOS="656" VPOS="569" WIDTH="113" HEIGHT="28" WC="0.90" CONTENT="Förslaget"/><SP WIDTH="10" VPOS="569" HPOS="769"/>
							<String ID="string_108" HPOS="779" VPOS="569" WIDTH="31" HEIGHT="21" WC="0.93" CONTENT="till"/><SP WIDTH="11" VPOS="569" HPOS="810"/>
							<String ID="string_109" HPOS="821" VPOS="569" WIDTH="112" HEIGHT="22" WC="0.93" CONTENT="uttalande"/><SP WIDTH="11" VPOS="569" HPOS="933"/>
							<String ID="string_110" HPOS="944" VPOS="570" WIDTH="61" HEIGHT="28" WC="0.93" CONTENT="lyder"/>
						</TextLine>
						<TextLine ID="line_12" HPOS="174" VPOS="600" WIDTH="100" HEIGHT="21">
							<String ID="string_111" HPOS="174" VPOS="600" WIDTH="100" HEIGHT="21" WC="0.92" CONTENT="sälunda:"/>
						</TextLine>
					</TextBlock>
					<TextBlock ID="block_4" HPOS="172" VPOS="625" WIDTH="834" HEIGHT="339">
						<TextLine ID="line_13" HPOS="246" VPOS="625" WIDTH="759" HEIGHT="29">
							<String ID="string_112" HPOS="246" VPOS="627" WIDTH="44" HEIGHT="23" WC="0.96" CONTENT="Vid"/><SP WIDTH="25" VPOS="627" HPOS="290"/>
							<String ID="string_113" HPOS="315" VPOS="626" WIDTH="134" HEIGHT="22" WC="0.91" CONTENT="närvarande"/><SP WIDTH="22" VPOS="626" HPOS="449"/>
							<String ID="string_114" HPOS="471" VPOS="626" WIDTH="149" HEIGHT="21" WC="0.91" CONTENT="allvarsamma"/><SP WIDTH="15" VPOS="626" HPOS="620"/>
							<String ID="string_115" HPOS="635" VPOS="625" WIDTH="94" HEIGHT="29" WC="0.92" CONTENT="sakläge,"/><SP WIDTH="15" VPOS="625" HPOS="729"/>
							<String ID="string_116" HPOS="744" VPOS="626" WIDTH="29" HEIGHT="21" WC="0.96" CONTENT="dä"/><SP WIDTH="14" VPOS="626" HPOS="773"/>
							<String ID="string_117" HPOS="787" VPOS="626" WIDTH="6" HEIGHT="21" WC="0.93" CONTENT="i"/><SP WIDTH="16" VPOS="626" HPOS="793"/>
							<String ID="string_118" HPOS="809" VPOS="626" WIDTH="84" HEIGHT="22" WC="0.92" CONTENT="landets"/><SP WIDTH="17" VPOS="626" HPOS="893"/>
							<String ID="string_119" HPOS="910" VPOS="626" WIDTH="95" HEIGHT="22" WC="0.92" CONTENT="hufvud-"/>
						</TextLine>
						<TextLine ID="line_14" HPOS="173" VPOS="654" WIDTH="831" HEIGHT="30">
							<String ID="string_120" HPOS="173" VPOS="656" WIDTH="49" HEIGHT="23" WC="0.96" CONTENT="stad"/><SP WIDTH="16" VPOS="656" HPOS="222"/>
							<String ID="string_121" HPOS="238" VPOS="664" WIDTH="27" HEIGHT="14" WC="0.93" CONTENT="en"/><SP WIDTH="16" VPOS="664" HPOS="265"/>
							<String ID="string_122" HPOS="281" VPOS="655" WIDTH="87" HEIGHT="29" WC="0.92" CONTENT="väpnad"/><SP WIDTH="17" VPOS="655" HPOS="368"/>
							<String ID="string_123" HPOS="385" VPOS="655" WIDTH="63" HEIGHT="28" WC="0.92" CONTENT="kamp"/><SP WIDTH="13" VPOS="655" HPOS="448"/>
							<String ID="string_124" HPOS="461" VPOS="654" WIDTH="91" HEIGHT="21" WC="0.92" CONTENT="utbrutit"/><SP WIDTH="15" VPOS="654" HPOS="552"/>
							<String ID="string_125" HPOS="567" VPOS="654" WIDTH="77" HEIGHT="21" WC="0.96" CONTENT="mellan"/><SP WIDTH="16" VPOS="654" HPOS="644"/>
							<String ID="string_126" HPOS="660" VPOS="654" WIDTH="38" HEIGHT="21" WC="0.93" CONTENT="här"/><SP WIDTH="15" VPOS="654" HPOS="698"/>
							<String ID="string_127" HPOS="713" VPOS="654" WIDTH="97" HEIGHT="28" WC="0.92" CONTENT="förlagda"/><SP WIDTH="19" VPOS="654" HPOS="810"/>
							<String ID="string_128" HPOS="829" VPOS="655" WIDTH="65" HEIGHT="28" WC="0.93" CONTENT="ryska"/><SP WIDTH="15" VPOS="655" HPOS="894"/>
							<String ID="string_129" HPOS="909" VPOS="658" WIDTH="95" HEIGHT="26" WC="0.93" CONTENT="trupper,"/>
						</TextLine>
						<TextLine ID="line_15" HPOS="176" VPOS="682" WIDTH="829" HEIGHT="30">
							<String ID="string_130" HPOS="176" VPOS="686" WIDTH="83" HEIGHT="21" WC="0.92" CONTENT="känner"/><SP WIDTH="18" VPOS="686" HPOS="259"/>
							<String ID="string_131" HPOS="277" VPOS="686" WIDTH="33" HEIGHT="26" WC="0.93" CONTENT="sig"/><SP WIDTH="23" VPOS="686" HPOS="310"/>
							<String ID="string_132" HPOS="333" VPOS="683" WIDTH="93" HEIGHT="22" WC="0.92" CONTENT="Ständet"/><SP WIDTH="22" VPOS="683" HPOS="426"/>
							<String ID="string_133" HPOS="448" VPOS="682" WIDTH="86" HEIGHT="22" WC="0.93" CONTENT="manadt"/><SP WIDTH="16" VPOS="682" HPOS="534"/>
							<String ID="string_134" HPOS="550" VPOS="685" WIDTH="32" HEIGHT="19" WC="0.93" CONTENT="att"/><SP WIDTH="14" VPOS="685" HPOS="582"/>
							<String ID="string_135" HPOS="596" VPOS="682" WIDTH="71" HEIGHT="22" WC="0.91" CONTENT="säsom"/><SP WIDTH="15" VPOS="682" HPOS="667"/>
							<String ID="string_136" HPOS="682" VPOS="683" WIDTH="32" HEIGHT="21" WC="0.93" CONTENT="sin"/><SP WIDTH="17" VPOS="683" HPOS="714"/>
							<String ID="string_137" HPOS="731" VPOS="683" WIDTH="144" HEIGHT="29" WC="0.89" CONTENT="öfvertygelse"/><SP WIDTH="16" VPOS="683" HPOS="875"/>
							<String ID="string_138" HPOS="891" VPOS="684" WIDTH="66" HEIGHT="21" WC="0.92" CONTENT="uttala"/><SP WIDTH="17" VPOS="684" HPOS="957"/>
							<String ID="string_139" HPOS="974" VPOS="687" WIDTH="31" HEIGHT="18" WC="0.96" CONTENT="att"/>
						</TextLine>
						<TextLine ID="line_16" HPOS="174" VPOS="710" WIDTH="830" HEIGHT="30">
							<String ID="string_140" HPOS="174" VPOS="713" WIDTH="105" HEIGHT="23" WC="0.96" CONTENT="Finlands"/><SP WIDTH="21" VPOS="713" HPOS="279"/>
							<String ID="string_141" HPOS="300" VPOS="713" WIDTH="49" HEIGHT="21" WC="0.93" CONTENT="folk"/><SP WIDTH="20" VPOS="713" HPOS="349"/>
							<String ID="string_142" HPOS="369" VPOS="711" WIDTH="147" HEIGHT="28" WC="0.96" CONTENT="omsorgsfullt"/><SP WIDTH="16" VPOS="711" HPOS="516"/>
							<String ID="string_143" HPOS="532" VPOS="712" WIDTH="38" HEIGHT="20" WC="0.97" CONTENT="bör"/><SP WIDTH="14" VPOS="712" HPOS="570"/>
							<String ID="string_144" HPOS="584" VPOS="710" WIDTH="97" HEIGHT="22" WC="0.96" CONTENT="undvika"/><SP WIDTH="15" VPOS="710" HPOS="681"/>
							<String ID="string_145" HPOS="696" VPOS="714" WIDTH="32" HEIGHT="18" WC="0.93" CONTENT="att"/><SP WIDTH="14" VPOS="714" HPOS="728"/>
							<String ID="string_146" HPOS="742" VPOS="714" WIDTH="50" HEIGHT="26" WC="0.96" CONTENT="taga"/><SP WIDTH="14" VPOS="714" HPOS="792"/>
							<String ID="string_147" HPOS="806" VPOS="712" WIDTH="71" HEIGHT="28" WC="0.96" CONTENT="någon"/><SP WIDTH="17" VPOS="712" HPOS="877"/>
							<String ID="string_148" HPOS="894" VPOS="712" WIDTH="60" HEIGHT="21" WC="0.96" CONTENT="aktiv"/><SP WIDTH="15" VPOS="712" HPOS="954"/>
							<String ID="string_149" HPOS="969" VPOS="712" WIDTH="35" HEIGHT="22" WC="0.97" CONTENT="del"/>
						</TextLine>
						<TextLine ID="line_17" HPOS="174" VPOS="739" WIDTH="831" HEIGHT="50">
							<String ID="string_150" HPOS="174" VPOS="744" WIDTH="7" HEIGHT="20" WC="0.96" CONTENT="i"/><SP WIDTH="16" VPOS="744" HPOS="181"/>
							<String ID="string_151" HPOS="197" VPOS="742" WIDTH="42" HEIGHT="22" WC="0.93" CONTENT="den"/><SP WIDTH="16" VPOS="742" HPOS="239"/>
							<String ID="string_152" HPOS="255" VPOS="742" WIDTH="61" HEIGHT="26" WC="0.91" CONTENT="strid,"/><SP WIDTH="15" VPOS="742" HPOS="316"/>
							<String ID="string_153" HPOS="331" VPOS="748" WIDTH="46" HEIGHT="14" WC="0.93" CONTENT="som"/><SP WIDTH="16" VPOS="748" HPOS="377"/>
							<String ID="string_154" HPOS="393" VPOS="740" WIDTH="67" HEIGHT="29" WC="0.92" CONTENT="pägär"/><SP WIDTH="15" VPOS="740" HPOS="460"/>
							<String ID="string_155" HPOS="475" VPOS="740" WIDTH="57" HEIGHT="21" WC="0.96" CONTENT="inom"/><SP WIDTH="16" VPOS="740" HPOS="532"/>
							<String ID="string_156" HPOS="548" VPOS="740" WIDTH="38" HEIGHT="21" WC="0.96" CONTENT="det"/><SP WIDTH="10" VPOS="740" HPOS="586"/>
							<String ID="string_157" HPOS="596" VPOS="739" WIDTH="66" HEIGHT="50" WC="0.36" CONTENT="Ko"/><SP WIDTH="15" VPOS="739" HPOS="662"/>
							<String ID="string_158" HPOS="677" VPOS="740" WIDTH="118" HEIGHT="22" WC="0.91" CONTENT="samhället."/><SP WIDTH="29" VPOS="740" HPOS="795"/>
							<String ID="string_159" HPOS="824" VPOS="740" WIDTH="45" HEIGHT="22" WC="0.96" CONTENT="Det"/><SP WIDTH="14" VPOS="740" HPOS="869"/>
							<String ID="string_160" HPOS="883" VPOS="741" WIDTH="64" HEIGHT="28" WC="0.93" CONTENT="ryska"/><SP WIDTH="16" VPOS="741" HPOS="947"/>
							<String ID="string_161" HPOS="963" VPOS="741" WIDTH="42" HEIGHT="21" WC="0.93" CONTENT="fol-"/>
						</TextLine>
						<TextLine ID="line_18" HPOS="175" VPOS="768" WIDTH="829" HEIGHT="30">
							<String ID="string_162" HPOS="175" VPOS="771" WIDTH="48" HEIGHT="22" WC="0.87" CONTENT="kets"/><SP WIDTH="23" VPOS="771" HPOS="223"/>
							<String ID="string_163" HPOS="246" VPOS="770" WIDTH="143" HEIGHT="28" WC="0.95" CONTENT="frihetskamp"/><SP WIDTH="18" VPOS="770" HPOS="389"/>
							<String ID="string_164" HPOS="407" VPOS="768" WIDTH="40" HEIGHT="22" WC="0.93" CONTENT="har"/><SP WIDTH="14" VPOS="768" HPOS="447"/>
							<String ID="string_165" HPOS="461" VPOS="768" WIDTH="66" HEIGHT="22" WC="0.96" CONTENT="väckt"/><SP WIDTH="15" VPOS="768" HPOS="527"/>
							<String ID="string_166" HPOS="542" VPOS="768" WIDTH="41" HEIGHT="21" WC="0.93" CONTENT="den"/><SP WIDTH="31" VPOS="768" HPOS="583"/>
							<String ID="string_167" HPOS="614" VPOS="769" WIDTH="85" HEIGHT="27" WC="0.93" CONTENT="djupaste"/><SP WIDTH="12" VPOS="769" HPOS="699"/>
							<String ID="string_168" HPOS="711" VPOS="768" WIDTH="108" HEIGHT="29" WC="0.92" CONTENT="genklang"/><SP WIDTH="15" VPOS="768" HPOS="819"/>
							<String ID="string_169" HPOS="834" VPOS="769" WIDTH="39" HEIGHT="21" WC="0.93" CONTENT="hos"/><SP WIDTH="16" VPOS="769" HPOS="873"/>
							<String ID="string_170" HPOS="889" VPOS="769" WIDTH="47" HEIGHT="22" WC="0.96" CONTENT="vårt"/><SP WIDTH="16" VPOS="769" HPOS="936"/>
							<String ID="string_171" HPOS="952" VPOS="769" WIDTH="52" HEIGHT="22" WC="0.97" CONTENT="folk."/>
						</TextLine>
						<TextLine ID="line_19" HPOS="174" VPOS="797" WIDTH="830" HEIGHT="30">
							<String ID="string_172" HPOS="174" VPOS="800" WIDTH="53" HEIGHT="21" WC="0.96" CONTENT="Men"/><SP WIDTH="23" VPOS="800" HPOS="227"/>
							<String ID="string_173" HPOS="250" VPOS="800" WIDTH="23" HEIGHT="21" WC="0.93" CONTENT="vi"/><SP WIDTH="22" VPOS="800" HPOS="273"/>
							<String ID="string_174" HPOS="295" VPOS="806" WIDTH="40" HEIGHT="21" WC="0.92" CONTENT="ega"/><SP WIDTH="24" VPOS="806" HPOS="335"/>
							<String ID="string_175" HPOS="359" VPOS="799" WIDTH="63" HEIGHT="27" WC="0.96" CONTENT="ingen"/><SP WIDTH="20" VPOS="799" HPOS="422"/>
							<String ID="string_176" HPOS="442" VPOS="798" WIDTH="43" HEIGHT="20" WC="0.96" CONTENT="rätt"/><SP WIDTH="15" VPOS="798" HPOS="485"/>
							<String ID="string_177" HPOS="500" VPOS="800" WIDTH="32" HEIGHT="18" WC="0.96" CONTENT="att"/><SP WIDTH="15" VPOS="800" HPOS="532"/>
							<String ID="string_178" HPOS="547" VPOS="798" WIDTH="6" HEIGHT="20" WC="0.93" CONTENT="i"/><SP WIDTH="16" VPOS="798" HPOS="553"/>
							<String ID="string_179" HPOS="569" VPOS="797" WIDTH="124" HEIGHT="21" WC="0.92" CONTENT="densamma"/><SP WIDTH="15" VPOS="797" HPOS="693"/>
							<String ID="string_180" HPOS="708" VPOS="797" WIDTH="101" HEIGHT="21" WC="0.92" CONTENT="inblanda"/><SP WIDTH="15" VPOS="797" HPOS="809"/>
							<String ID="string_181" HPOS="824" VPOS="805" WIDTH="43" HEIGHT="14" WC="0.92" CONTENT="oss."/><SP WIDTH="30" VPOS="805" HPOS="867"/>
							<String ID="string_182" HPOS="897" VPOS="797" WIDTH="48" HEIGHT="23" WC="0.88" CONTENT="Vär"/><SP WIDTH="15" VPOS="797" HPOS="945"/>
							<String ID="string_183" HPOS="960" VPOS="800" WIDTH="44" HEIGHT="19" WC="0.91" CONTENT="sär-"/>
						</TextLine>
						<TextLine ID="line_20" HPOS="173" VPOS="825" WIDTH="832" HEIGHT="31">
							<String ID="string_184" HPOS="173" VPOS="828" WIDTH="72" HEIGHT="22" WC="0.90" CONTENT="skilda"/><SP WIDTH="14" VPOS="828" HPOS="245"/>
							<String ID="string_185" HPOS="259" VPOS="827" WIDTH="90" HEIGHT="29" WC="0.92" CONTENT="uppgift"/><SP WIDTH="14" VPOS="827" HPOS="349"/>
							<String ID="string_186" HPOS="363" VPOS="826" WIDTH="86" HEIGHT="28" WC="0.92" CONTENT="älägger"/><SP WIDTH="15" VPOS="826" HPOS="449"/>
							<String ID="string_187" HPOS="464" VPOS="833" WIDTH="36" HEIGHT="14" WC="0.97" CONTENT="oss"/><SP WIDTH="15" VPOS="833" HPOS="500"/>
							<String ID="string_188" HPOS="515" VPOS="828" WIDTH="32" HEIGHT="18" WC="0.96" CONTENT="att"/><SP WIDTH="15" VPOS="828" HPOS="547"/>
							<String ID="string_189" HPOS="562" VPOS="826" WIDTH="53" HEIGHT="20" WC="0.93" CONTENT="söka"/><SP WIDTH="15" VPOS="826" HPOS="615"/>
							<String ID="string_190" HPOS="630" VPOS="825" WIDTH="66" HEIGHT="21" WC="0.92" CONTENT="häfda"/><SP WIDTH="16" VPOS="825" HPOS="696"/>
							<String ID="string_191" HPOS="712" VPOS="825" WIDTH="39" HEIGHT="21" WC="0.93" CONTENT="vär"/><SP WIDTH="19" VPOS="825" HPOS="751"/>
							<String ID="string_192" HPOS="770" VPOS="826" WIDTH="149" HEIGHT="28" WC="0.92" CONTENT="sjelfständiga"/><SP WIDTH="16" VPOS="826" HPOS="919"/>
							<String ID="string_193" HPOS="935" VPOS="827" WIDTH="70" HEIGHT="21" WC="0.92" CONTENT="natio-"/>
						</TextLine>
						<TextLine ID="line_21" HPOS="174" VPOS="854" WIDTH="831" HEIGHT="29">
							<String ID="string_194" HPOS="174" VPOS="857" WIDTH="56" HEIGHT="21" WC="0.94" CONTENT="nella"/><SP WIDTH="23" VPOS="857" HPOS="230"/>
							<String ID="string_195" HPOS="253" VPOS="856" WIDTH="128" HEIGHT="27" WC="0.94" CONTENT="utveckling"/><SP WIDTH="22" VPOS="856" HPOS="381"/>
							<String ID="string_196" HPOS="403" VPOS="854" WIDTH="42" HEIGHT="22" WC="0.96" CONTENT="och"/><SP WIDTH="22" VPOS="854" HPOS="445"/>
							<String ID="string_197" HPOS="467" VPOS="854" WIDTH="42" HEIGHT="21" WC="0.93" CONTENT="den"/><SP WIDTH="16" VPOS="854" HPOS="509"/>
							<String ID="string_198" HPOS="525" VPOS="854" WIDTH="113" HEIGHT="28" WC="0.92" CONTENT="uräldriga,"/><SP WIDTH="16" VPOS="854" HPOS="638"/>
							<String ID="string_199" HPOS="654" VPOS="854" WIDTH="123" HEIGHT="28" WC="0.91" CONTENT="lagbundna"/><SP WIDTH="15" VPOS="854" HPOS="777"/>
							<String ID="string_200" HPOS="792" VPOS="854" WIDTH="71" HEIGHT="27" WC="0.96" CONTENT="frihet,"/><SP WIDTH="14" VPOS="854" HPOS="863"/>
							<String ID="string_201" HPOS="877" VPOS="862" WIDTH="47" HEIGHT="14" WC="0.96" CONTENT="som"/><SP WIDTH="16" VPOS="862" HPOS="924"/>
							<String ID="string_202" HPOS="940" VPOS="856" WIDTH="24" HEIGHT="20" WC="0.96" CONTENT="är"/><SP WIDTH="15" VPOS="856" HPOS="964"/>
							<String ID="string_203" HPOS="979" VPOS="862" WIDTH="26" HEIGHT="14" WC="0.96" CONTENT="en"/>
						</TextLine>
						<TextLine ID="line_22" HPOS="174" VPOS="882" WIDTH="831" HEIGHT="32">
							<String ID="string_204" HPOS="174" VPOS="885" WIDTH="119" HEIGHT="29" WC="0.90" CONTENT="betingelse"/><SP WIDTH="23" VPOS="885" HPOS="293"/>
							<String ID="string_205" HPOS="316" VPOS="884" WIDTH="80" HEIGHT="22" WC="0.95" CONTENT="derför."/><SP WIDTH="30" VPOS="884" HPOS="396"/>
							<String ID="string_206" HPOS="426" VPOS="883" WIDTH="45" HEIGHT="21" WC="0.96" CONTENT="Det"/><SP WIDTH="22" VPOS="883" HPOS="471"/>
							<String ID="string_207" HPOS="493" VPOS="884" WIDTH="24" HEIGHT="20" WC="0.96" CONTENT="är"/><SP WIDTH="22" VPOS="884" HPOS="517"/>
							<String ID="string_208" HPOS="539" VPOS="883" WIDTH="39" HEIGHT="21" WC="0.93" CONTENT="vär"/><SP WIDTH="18" VPOS="883" HPOS="578"/>
							<String ID="string_209" HPOS="596" VPOS="882" WIDTH="57" HEIGHT="22" WC="0.93" CONTENT="fasta"/><SP WIDTH="16" VPOS="882" HPOS="653"/>
							<String ID="string_210" HPOS="669" VPOS="882" WIDTH="145" HEIGHT="29" WC="0.91" CONTENT="öfvertygelse"/><SP WIDTH="15" VPOS="882" HPOS="814"/>
							<String ID="string_211" HPOS="829" VPOS="886" WIDTH="33" HEIGHT="18" WC="0.96" CONTENT="att"/><SP WIDTH="15" VPOS="886" HPOS="862"/>
							<String ID="string_212" HPOS="877" VPOS="884" WIDTH="22" HEIGHT="21" WC="0.93" CONTENT="vi"/><SP WIDTH="15" VPOS="884" HPOS="899"/>
							<String ID="string_213" HPOS="914" VPOS="883" WIDTH="91" HEIGHT="22" WC="0.96" CONTENT="sålunda"/>
						</TextLine>
						<TextLine ID="line_23" HPOS="174" VPOS="911" WIDTH="832" HEIGHT="31">
							<String ID="string_214" HPOS="174" VPOS="914" WIDTH="68" HEIGHT="22" WC="0.92" CONTENT="ocksä"/><SP WIDTH="15" VPOS="914" HPOS="242"/>
							<String ID="string_215" HPOS="257" VPOS="914" WIDTH="54" HEIGHT="28" WC="0.88" CONTENT="fylla"/><SP WIDTH="23" VPOS="914" HPOS="311"/>
							<String ID="string_216" HPOS="334" VPOS="912" WIDTH="39" HEIGHT="22" WC="0.93" CONTENT="vär"/><SP WIDTH="15" VPOS="912" HPOS="373"/>
							<String ID="string_217" HPOS="388" VPOS="912" WIDTH="55" HEIGHT="28" WC="0.93" CONTENT="pligt"/><SP WIDTH="14" VPOS="912" HPOS="443"/>
							<String ID="string_218" HPOS="457" VPOS="914" WIDTH="46" HEIGHT="19" WC="0.97" CONTENT="mot"/><SP WIDTH="14" VPOS="914" HPOS="503"/>
							<String ID="string_219" HPOS="517" VPOS="911" WIDTH="38" HEIGHT="22" WC="0.96" CONTENT="det"/><SP WIDTH="15" VPOS="911" HPOS="555"/>
							<String ID="string_220" HPOS="570" VPOS="914" WIDTH="58" HEIGHT="19" WC="0.96" CONTENT="stora"/><SP WIDTH="15" VPOS="914" HPOS="628"/>
							<String ID="string_221" HPOS="643" VPOS="911" WIDTH="52" HEIGHT="27" WC="0.96" CONTENT="folk,"/><SP WIDTH="16" VPOS="911" HPOS="695"/>
							<String ID="string_222" HPOS="711" VPOS="912" WIDTH="49" HEIGHT="21" WC="0.93" CONTENT="med"/><SP WIDTH="15" VPOS="912" HPOS="760"/>
							<String ID="string_223" HPOS="775" VPOS="912" WIDTH="82" HEIGHT="22" WC="0.91" CONTENT="hvilket"/><SP WIDTH="15" VPOS="912" HPOS="857"/>
							<String ID="string_224" HPOS="872" VPOS="912" WIDTH="21" HEIGHT="21" WC="0.93" CONTENT="vi"/><SP WIDTH="16" VPOS="912" HPOS="893"/>
							<String ID="string_225" HPOS="909" VPOS="914" WIDTH="37" HEIGHT="20" WC="0.93" CONTENT="äro"/><SP WIDTH="15" VPOS="914" HPOS="946"/>
							<String ID="string_226" HPOS="961" VPOS="912" WIDTH="45" HEIGHT="22" WC="0.92" CONTENT="för-"/>
						</TextLine>
						<TextLine ID="line_24" HPOS="172" VPOS="942" WIDTH="76" HEIGHT="22">
							<String ID="string_227" HPOS="172" VPOS="942" WIDTH="76" HEIGHT="22" WC="0.96" CONTENT="enade."/>
						</TextLine>
					</TextBlock>
				</ComposedBlock>
				<ComposedBlock ID="cblock_5" HPOS="174" VPOS="997" WIDTH="832" HEIGHT="289">
					<TextBlock ID="block_5" HPOS="174" VPOS="997" WIDTH="832" HEIGHT="289">
						<TextLine ID="line_25" HPOS="244" VPOS="997" WIDTH="761" HEIGHT="29">
							<String ID="string_228" HPOS="244" VPOS="999" WIDTH="58" HEIGHT="22" WC="0.87" CONTENT="Frih."/><SP WIDTH="15" VPOS="999" HPOS="302"/>
							<String ID="string_229" HPOS="317" VPOS="998" WIDTH="71" HEIGHT="22" WC="0.96" CONTENT="Adolf"/><SP WIDTH="22" VPOS="998" HPOS="388"/>
							<String ID="string_230" HPOS="410" VPOS="1006" WIDTH="57" HEIGHT="14" WC="0.96" CONTENT="von"/><SP WIDTH="22" VPOS="1006" HPOS="467"/>
							<String ID="string_231" HPOS="489" VPOS="997" WIDTH="190" HEIGHT="22" WC="0.93" CONTENT="Bonsdorff:"/><SP WIDTH="25" VPOS="997" HPOS="679"/>
							<String ID="string_232" HPOS="704" VPOS="997" WIDTH="72" HEIGHT="22" WC="0.93" CONTENT="Jemte"/><SP WIDTH="22" VPOS="997" HPOS="776"/>
							<String ID="string_233" HPOS="798" VPOS="998" WIDTH="37" HEIGHT="21" WC="0.96" CONTENT="det"/><SP WIDTH="21" VPOS="998" HPOS="835"/>
							<String ID="string_234" HPOS="856" VPOS="999" WIDTH="36" HEIGHT="27" WC="0.96" CONTENT="jag"/><SP WIDTH="23" VPOS="999" HPOS="892"/>
							<String ID="string_235" HPOS="915" VPOS="998" WIDTH="38" HEIGHT="22" WC="0.96" CONTENT="ber"/><SP WIDTH="21" VPOS="998" HPOS="953"/>
							<String ID="string_236" HPOS="974" VPOS="1001" WIDTH="31" HEIGHT="19" WC="0.96" CONTENT="att"/>
						</TextLine>
						<TextLine ID="line_26" HPOS="174" VPOS="1026" WIDTH="831" HEIGHT="30">
							<String ID="string_237" HPOS="174" VPOS="1029" WIDTH="24" HEIGHT="21" WC="0.96" CONTENT="få"/><SP WIDTH="14" VPOS="1029" HPOS="198"/>
							<String ID="string_238" HPOS="212" VPOS="1029" WIDTH="77" HEIGHT="21" WC="0.96" CONTENT="förena"/><SP WIDTH="14" VPOS="1029" HPOS="289"/>
							<String ID="string_239" HPOS="303" VPOS="1029" WIDTH="45" HEIGHT="27" WC="0.96" CONTENT="mig"/><SP WIDTH="15" VPOS="1029" HPOS="348"/>
							<String ID="string_240" HPOS="363" VPOS="1035" WIDTH="34" HEIGHT="13" WC="0.96" CONTENT="om"/><SP WIDTH="16" VPOS="1035" HPOS="397"/>
							<String ID="string_241" HPOS="413" VPOS="1027" WIDTH="38" HEIGHT="21" WC="0.96" CONTENT="det"/><SP WIDTH="14" VPOS="1027" HPOS="451"/>
							<String ID="string_242" HPOS="465" VPOS="1026" WIDTH="75" HEIGHT="30" WC="0.96" CONTENT="gjorda"/><SP WIDTH="15" VPOS="1026" HPOS="540"/>
							<String ID="string_243" HPOS="555" VPOS="1026" WIDTH="111" HEIGHT="28" WC="0.96" CONTENT="förslaget,"/><SP WIDTH="14" VPOS="1026" HPOS="666"/>
							<String ID="string_244" HPOS="680" VPOS="1026" WIDTH="80" HEIGHT="22" WC="0.95" CONTENT="tillåter"/><SP WIDTH="12" VPOS="1026" HPOS="760"/>
							<String ID="string_245" HPOS="772" VPOS="1027" WIDTH="37" HEIGHT="28" WC="0.96" CONTENT="jag"/><SP WIDTH="15" VPOS="1027" HPOS="809"/>
							<String ID="string_246" HPOS="824" VPOS="1027" WIDTH="44" HEIGHT="28" WC="0.95" CONTENT="mig"/><SP WIDTH="15" VPOS="1027" HPOS="868"/>
							<String ID="string_247" HPOS="883" VPOS="1027" WIDTH="68" HEIGHT="21" WC="0.96" CONTENT="uttala"/><SP WIDTH="10" VPOS="1027" HPOS="951"/>
							<String ID="string_248" HPOS="961" VPOS="1028" WIDTH="44" HEIGHT="20" WC="0.96" CONTENT="min"/>
						</TextLine>
						<TextLine ID="line_27" HPOS="175" VPOS="1054" WIDTH="831" HEIGHT="32">
							<String ID="string_249" HPOS="175" VPOS="1057" WIDTH="81" HEIGHT="29" WC="0.92" CONTENT="fägnad"/><SP WIDTH="15" VPOS="1057" HPOS="256"/>
							<String ID="string_250" HPOS="271" VPOS="1057" WIDTH="64" HEIGHT="21" WC="0.96" CONTENT="öfver"/><SP WIDTH="15" VPOS="1057" HPOS="335"/>
							<String ID="string_251" HPOS="350" VPOS="1059" WIDTH="31" HEIGHT="18" WC="0.85" CONTENT="att"/><SP WIDTH="16" VPOS="1059" HPOS="381"/>
							<String ID="string_252" HPOS="397" VPOS="1055" WIDTH="45" HEIGHT="22" WC="0.92" CONTENT="deri"/><SP WIDTH="16" VPOS="1055" HPOS="442"/>
							<String ID="string_253" HPOS="458" VPOS="1055" WIDTH="49" HEIGHT="22" WC="0.96" CONTENT="med"/><SP WIDTH="16" VPOS="1055" HPOS="507"/>
							<String ID="string_254" HPOS="523" VPOS="1055" WIDTH="28" HEIGHT="22" WC="0.96" CONTENT="all"/><SP WIDTH="15" VPOS="1055" HPOS="551"/>
							<String ID="string_255" HPOS="566" VPOS="1054" WIDTH="66" HEIGHT="29" WC="0.96" CONTENT="nödig"/><SP WIDTH="14" VPOS="1054" HPOS="632"/>
							<String ID="string_256" HPOS="646" VPOS="1055" WIDTH="108" HEIGHT="28" WC="0.96" CONTENT="tydlighet"/><SP WIDTH="10" VPOS="1055" HPOS="754"/>
							<String ID="string_257" HPOS="764" VPOS="1055" WIDTH="67" HEIGHT="21" WC="0.93" CONTENT="finnes"/><SP WIDTH="26" VPOS="1055" HPOS="831"/>
							<String ID="string_258" HPOS="857" VPOS="1056" WIDTH="97" HEIGHT="21" WC="0.91" CONTENT="pointerad"/><SP WIDTH="13" VPOS="1056" HPOS="954"/>
							<String ID="string_259" HPOS="967" VPOS="1055" WIDTH="39" HEIGHT="22" WC="0.96" CONTENT="vår"/>
						</TextLine>
						<TextLine ID="line_28" HPOS="176" VPOS="1084" WIDTH="829" HEIGHT="49">
							<String ID="string_260" HPOS="176" VPOS="1089" WIDTH="106" HEIGHT="19" WC="0.96" CONTENT="varmaste"/><SP WIDTH="15" VPOS="1089" HPOS="282"/>
							<String ID="string_261" HPOS="297" VPOS="1085" WIDTH="93" HEIGHT="29" WC="0.96" CONTENT="sympati"/><SP WIDTH="15" VPOS="1085" HPOS="390"/>
							<String ID="string_262" HPOS="405" VPOS="1084" WIDTH="34" HEIGHT="22" WC="0.96" CONTENT="för"/><SP WIDTH="15" VPOS="1084" HPOS="439"/>
							<String ID="string_263" HPOS="454" VPOS="1084" WIDTH="38" HEIGHT="22" WC="0.96" CONTENT="det"/><SP WIDTH="14" VPOS="1084" HPOS="492"/>
							<String ID="string_264" HPOS="506" VPOS="1084" WIDTH="64" HEIGHT="28" WC="0.96" CONTENT="ryska"/><SP WIDTH="16" VPOS="1084" HPOS="570"/>
							<String ID="string_265" HPOS="586" VPOS="1084" WIDTH="80" HEIGHT="21" WC="0.96" CONTENT="folkets"/><SP WIDTH="16" VPOS="1084" HPOS="666"/>
							<String ID="string_266" HPOS="682" VPOS="1084" WIDTH="64" HEIGHT="49" WC="0.59" CONTENT="|"/><SP WIDTH="15" VPOS="1084" HPOS="746"/>
							<String ID="string_267" HPOS="761" VPOS="1084" WIDTH="34" HEIGHT="21" WC="0.95" CONTENT="för"/><SP WIDTH="14" VPOS="1084" HPOS="795"/>
							<String ID="string_268" HPOS="809" VPOS="1084" WIDTH="66" HEIGHT="21" WC="0.95" CONTENT="frihet"/><SP WIDTH="14" VPOS="1084" HPOS="875"/>
							<String ID="string_269" HPOS="889" VPOS="1084" WIDTH="42" HEIGHT="22" WC="0.93" CONTENT="och"/><SP WIDTH="16" VPOS="1084" HPOS="931"/>
							<String ID="string_270" HPOS="947" VPOS="1086" WIDTH="58" HEIGHT="20" WC="0.92" CONTENT="män-"/>
						</TextLine>
						<TextLine ID="line_29" HPOS="175" VPOS="1112" WIDTH="830" HEIGHT="29">
							<String ID="string_271" HPOS="175" VPOS="1115" WIDTH="112" HEIGHT="21" WC="0.83" CONTENT="niskorätt."/><SP WIDTH="30" VPOS="1115" HPOS="287"/>
							<String ID="string_272" HPOS="317" VPOS="1114" WIDTH="11" HEIGHT="21" WC="0.94" CONTENT="I"/><SP WIDTH="24" VPOS="1114" HPOS="328"/>
							<String ID="string_273" HPOS="352" VPOS="1113" WIDTH="153" HEIGHT="28" WC="0.93" CONTENT="sammanhang"/><SP WIDTH="22" VPOS="1113" HPOS="505"/>
							<String ID="string_274" HPOS="527" VPOS="1112" WIDTH="88" HEIGHT="22" WC="0.96" CONTENT="dermed"/><SP WIDTH="23" VPOS="1112" HPOS="615"/>
							<String ID="string_275" HPOS="638" VPOS="1112" WIDTH="42" HEIGHT="22" WC="0.96" CONTENT="och"/><SP WIDTH="16" VPOS="1112" HPOS="680"/>
							<String ID="string_276" HPOS="696" VPOS="1120" WIDTH="32" HEIGHT="14" WC="0.96" CONTENT="med"/><SP WIDTH="32" VPOS="1120" HPOS="728"/>
							<String ID="string_277" HPOS="760" VPOS="1112" WIDTH="64" HEIGHT="22" WC="0.93" CONTENT="tanke"/><SP WIDTH="16" VPOS="1112" HPOS="824"/>
							<String ID="string_278" HPOS="840" VPOS="1112" WIDTH="43" HEIGHT="22" WC="0.96" CONTENT="fäst"/><SP WIDTH="16" VPOS="1112" HPOS="883"/>
							<String ID="string_279" HPOS="899" VPOS="1112" WIDTH="27" HEIGHT="29" WC="0.96" CONTENT="pä"/><SP WIDTH="15" VPOS="1112" HPOS="926"/>
							<String ID="string_280" HPOS="941" VPOS="1112" WIDTH="64" HEIGHT="23" WC="0.96" CONTENT="dessa"/>
						</TextLine>
						<TextLine ID="line_30" HPOS="175" VPOS="1141" WIDTH="828" HEIGHT="31">
							<String ID="string_281" HPOS="175" VPOS="1144" WIDTH="118" HEIGHT="28" WC="0.91" CONTENT="sympatier"/><SP WIDTH="15" VPOS="1144" HPOS="293"/>
							<String ID="string_282" HPOS="308" VPOS="1143" WIDTH="41" HEIGHT="21" WC="0.97" CONTENT="kan"/><SP WIDTH="16" VPOS="1143" HPOS="349"/>
							<String ID="string_283" HPOS="365" VPOS="1142" WIDTH="35" HEIGHT="28" WC="0.93" CONTENT="jag"/><SP WIDTH="15" VPOS="1142" HPOS="400"/>
							<String ID="string_284" HPOS="415" VPOS="1141" WIDTH="48" HEIGHT="22" WC="0.92" CONTENT="icke"/><SP WIDTH="16" VPOS="1141" HPOS="463"/>
							<String ID="string_285" HPOS="479" VPOS="1141" WIDTH="112" HEIGHT="22" WC="0.93" CONTENT="underläta"/><SP WIDTH="15" VPOS="1141" HPOS="591"/>
							<String ID="string_286" HPOS="606" VPOS="1144" WIDTH="32" HEIGHT="18" WC="0.93" CONTENT="att"/><SP WIDTH="16" VPOS="1144" HPOS="638"/>
							<String ID="string_287" HPOS="654" VPOS="1141" WIDTH="66" HEIGHT="21" WC="0.92" CONTENT="uttala"/><SP WIDTH="12" VPOS="1141" HPOS="720"/>
							<String ID="string_288" HPOS="732" VPOS="1142" WIDTH="47" HEIGHT="20" WC="0.93" CONTENT="mitt"/><SP WIDTH="12" VPOS="1142" HPOS="779"/>
							<String ID="string_289" HPOS="791" VPOS="1141" WIDTH="66" HEIGHT="29" WC="0.92" CONTENT="djupa"/><SP WIDTH="12" VPOS="1141" HPOS="857"/>
							<String ID="string_290" HPOS="869" VPOS="1141" WIDTH="134" HEIGHT="29" WC="0.93" CONTENT="beklagande"/>
						</TextLine>
						<TextLine ID="line_31" HPOS="174" VPOS="1170" WIDTH="830" HEIGHT="28">
							<String ID="string_291" HPOS="174" VPOS="1173" WIDTH="64" HEIGHT="21" WC="0.93" CONTENT="öfver"/><SP WIDTH="16" VPOS="1173" HPOS="238"/>
							<String ID="string_292" HPOS="254" VPOS="1180" WIDTH="25" HEIGHT="13" WC="0.96" CONTENT="en"/><SP WIDTH="16" VPOS="1180" HPOS="279"/>
							<String ID="string_293" HPOS="295" VPOS="1172" WIDTH="40" HEIGHT="21" WC="0.46" CONTENT="här"/><SP WIDTH="15" VPOS="1172" HPOS="335"/>
							<String ID="string_294" HPOS="350" VPOS="1172" WIDTH="6" HEIGHT="20" WC="0.96" CONTENT="i"/><SP WIDTH="16" VPOS="1172" HPOS="356"/>
							<String ID="string_295" HPOS="372" VPOS="1171" WIDTH="48" HEIGHT="21" WC="0.96" CONTENT="vårt"/><SP WIDTH="14" VPOS="1171" HPOS="420"/>
							<String ID="string_296" HPOS="434" VPOS="1170" WIDTH="51" HEIGHT="22" WC="0.93" CONTENT="land"/><SP WIDTH="16" VPOS="1170" HPOS="485"/>
							<String ID="string_297" HPOS="501" VPOS="1170" WIDTH="86" HEIGHT="28" WC="0.93" CONTENT="nyligen"/><SP WIDTH="16" VPOS="1170" HPOS="587"/>
							<String ID="string_298" HPOS="603" VPOS="1170" WIDTH="101" HEIGHT="27" WC="0.92" CONTENT="passerad"/><SP WIDTH="17" VPOS="1170" HPOS="704"/>
							<String ID="string_299" HPOS="721" VPOS="1170" WIDTH="108" HEIGHT="26" WC="0.96" CONTENT="händelse,"/><SP WIDTH="10" VPOS="1170" HPOS="829"/>
							<String ID="string_300" HPOS="839" VPOS="1170" WIDTH="107" HEIGHT="28" WC="0.92" CONTENT="nämligen"/><SP WIDTH="11" VPOS="1170" HPOS="946"/>
							<String ID="string_301" HPOS="957" VPOS="1170" WIDTH="47" HEIGHT="22" WC="0.92" CONTENT="Gu-"/>
						</TextLine>
						<TextLine ID="line_32" HPOS="176" VPOS="1198" WIDTH="828" HEIGHT="29">
							<String ID="string_302" HPOS="176" VPOS="1202" WIDTH="116" HEIGHT="20" WC="0.92" CONTENT="vernörens"/><SP WIDTH="16" VPOS="1202" HPOS="292"/>
							<String ID="string_303" HPOS="308" VPOS="1201" WIDTH="6" HEIGHT="20" WC="0.93" CONTENT="i"/><SP WIDTH="13" VPOS="1201" HPOS="314"/>
							<String ID="string_304" HPOS="327" VPOS="1199" WIDTH="100" HEIGHT="28" WC="0.92" CONTENT="Wiborgs"/><SP WIDTH="16" VPOS="1199" HPOS="427"/>
							<String ID="string_305" HPOS="443" VPOS="1199" WIDTH="34" HEIGHT="21" WC="0.93" CONTENT="län"/><SP WIDTH="17" VPOS="1199" HPOS="477"/>
							<String ID="string_306" HPOS="494" VPOS="1198" WIDTH="142" HEIGHT="28" WC="0.92" CONTENT="inblandning"/><SP WIDTH="14" VPOS="1198" HPOS="636"/>
							<String ID="string_307" HPOS="650" VPOS="1199" WIDTH="7" HEIGHT="20" WC="0.96" CONTENT="i"/><SP WIDTH="16" VPOS="1199" HPOS="657"/>
							<String ID="string_308" HPOS="673" VPOS="1201" WIDTH="31" HEIGHT="19" WC="0.96" CONTENT="ett"/><SP WIDTH="14" VPOS="1201" HPOS="704"/>
							<String ID="string_309" HPOS="718" VPOS="1198" WIDTH="24" HEIGHT="22" WC="0.96" CONTENT="af"/><SP WIDTH="14" VPOS="1198" HPOS="742"/>
							<String ID="string_310" HPOS="756" VPOS="1198" WIDTH="97" HEIGHT="22" WC="0.96" CONTENT="enskilda"/><SP WIDTH="16" VPOS="1198" HPOS="853"/>
							<String ID="string_311" HPOS="869" VPOS="1200" WIDTH="63" HEIGHT="27" WC="0.93" CONTENT="ryska"/><SP WIDTH="13" VPOS="1200" HPOS="932"/>
							<String ID="string_312" HPOS="945" VPOS="1199" WIDTH="59" HEIGHT="21" WC="0.92" CONTENT="med-"/>
						</TextLine>
						<TextLine ID="line_33" HPOS="175" VPOS="1227" WIDTH="829" HEIGHT="31">
							<String ID="string_313" HPOS="175" VPOS="1229" WIDTH="91" HEIGHT="29" WC="0.89" CONTENT="borgare"/><SP WIDTH="22" VPOS="1229" HPOS="266"/>
							<String ID="string_314" HPOS="288" VPOS="1229" WIDTH="67" HEIGHT="21" WC="0.91" CONTENT="hället"/><SP WIDTH="18" VPOS="1229" HPOS="355"/>
							<String ID="string_315" HPOS="373" VPOS="1230" WIDTH="56" HEIGHT="19" WC="0.96" CONTENT="möte"/><SP WIDTH="15" VPOS="1230" HPOS="429"/>
							<String ID="string_316" HPOS="444" VPOS="1229" WIDTH="7" HEIGHT="20" WC="0.93" CONTENT="i"/><SP WIDTH="16" VPOS="1229" HPOS="451"/>
							<String ID="string_317" HPOS="467" VPOS="1227" WIDTH="102" HEIGHT="29" WC="0.92" CONTENT="Wiborgs"/><SP WIDTH="23" VPOS="1227" HPOS="569"/>
							<String ID="string_318" HPOS="592" VPOS="1227" WIDTH="48" HEIGHT="21" WC="0.93" CONTENT="stad"/><SP WIDTH="23" VPOS="1227" HPOS="640"/>
							<String ID="string_319" HPOS="663" VPOS="1227" WIDTH="75" HEIGHT="28" WC="0.92" CONTENT="(Bra!),"/><SP WIDTH="15" VPOS="1227" HPOS="738"/>
							<String ID="string_320" HPOS="753" VPOS="1227" WIDTH="35" HEIGHT="21" WC="0.93" CONTENT="för"/><SP WIDTH="13" VPOS="1227" HPOS="788"/>
							<String ID="string_321" HPOS="801" VPOS="1227" WIDTH="87" HEIGHT="21" WC="0.93" CONTENT="hvilken"/><SP WIDTH="17" VPOS="1227" HPOS="888"/>
							<String ID="string_322" HPOS="905" VPOS="1227" WIDTH="99" HEIGHT="22" WC="0.93" CONTENT="inbland-"/>
						</TextLine>
						<TextLine ID="line_34" HPOS="175" VPOS="1256" WIDTH="784" HEIGHT="30">
							<String ID="string_323" HPOS="175" VPOS="1259" WIDTH="53" HEIGHT="27" WC="0.93" CONTENT="ning"/><SP WIDTH="16" VPOS="1259" HPOS="228"/>
							<String ID="string_324" HPOS="244" VPOS="1258" WIDTH="98" HEIGHT="21" WC="0.92" CONTENT="bemälde"/><SP WIDTH="15" VPOS="1258" HPOS="342"/>
							<String ID="string_325" HPOS="357" VPOS="1258" WIDTH="108" HEIGHT="26" WC="0.92" CONTENT="guvernör"/><SP WIDTH="15" VPOS="1258" HPOS="465"/>
							<String ID="string_326" HPOS="480" VPOS="1256" WIDTH="128" HEIGHT="28" WC="0.92" CONTENT="näppeligen"/><SP WIDTH="16" VPOS="1256" HPOS="608"/>
							<String ID="string_327" HPOS="624" VPOS="1256" WIDTH="61" HEIGHT="21" WC="0.93" CONTENT="torde"/><SP WIDTH="15" VPOS="1256" HPOS="685"/>
							<String ID="string_328" HPOS="700" VPOS="1256" WIDTH="48" HEIGHT="21" WC="0.93" CONTENT="haft"/><SP WIDTH="14" VPOS="1256" HPOS="748"/>
							<String ID="string_329" HPOS="762" VPOS="1256" WIDTH="47" HEIGHT="21" WC="0.96" CONTENT="stöd"/><SP WIDTH="17" VPOS="1256" HPOS="809"/>
							<String ID="string_330" HPOS="826" VPOS="1257" WIDTH="6" HEIGHT="20" WC="0.96" CONTENT="i"/><SP WIDTH="16" VPOS="1257" HPOS="832"/>
							<String ID="string_331" HPOS="848" VPOS="1256" WIDTH="54" HEIGHT="22" WC="0.96" CONTENT="finsk"/><SP WIDTH="16" VPOS="1256" HPOS="902"/>
							<String ID="string_332" HPOS="918" VPOS="1256" WIDTH="41" HEIGHT="28" WC="0.96" CONTENT="lag."/>
						</TextLine>
					</TextBlock>
				</ComposedBlock>
				<ComposedBlock ID="cblock_6" HPOS="174" VPOS="1312" WIDTH="830" HEIGHT="117">
					<TextBlock ID="block_6" HPOS="174" VPOS="1312" WIDTH="830" HEIGHT="117">
						<TextLine ID="line_35" HPOS="245" VPOS="1312" WIDTH="759" HEIGHT="30">
							<String ID="string_333" HPOS="245" VPOS="1315" WIDTH="34" HEIGHT="21" WC="0.96" CONTENT="Hr"/><SP WIDTH="15" VPOS="1315" HPOS="279"/>
							<String ID="string_334" HPOS="294" VPOS="1315" WIDTH="76" HEIGHT="21" WC="0.96" CONTENT="Alexis"/><SP WIDTH="16" VPOS="1315" HPOS="370"/>
							<String ID="string_335" HPOS="386" VPOS="1313" WIDTH="216" HEIGHT="29" WC="0.96" CONTENT="Gripenberg:"/><SP WIDTH="25" VPOS="1313" HPOS="602"/>
							<String ID="string_336" HPOS="627" VPOS="1312" WIDTH="44" HEIGHT="22" WC="0.96" CONTENT="För"/><SP WIDTH="15" VPOS="1312" HPOS="671"/>
							<String ID="string_337" HPOS="686" VPOS="1314" WIDTH="43" HEIGHT="20" WC="0.96" CONTENT="min"/><SP WIDTH="16" VPOS="1314" HPOS="729"/>
							<String ID="string_338" HPOS="745" VPOS="1313" WIDTH="35" HEIGHT="21" WC="0.96" CONTENT="del"/><SP WIDTH="16" VPOS="1313" HPOS="780"/>
							<String ID="string_339" HPOS="796" VPOS="1313" WIDTH="37" HEIGHT="21" WC="0.96" CONTENT="ber"/><SP WIDTH="14" VPOS="1313" HPOS="833"/>
							<String ID="string_340" HPOS="847" VPOS="1314" WIDTH="36" HEIGHT="27" WC="0.93" CONTENT="jag"/><SP WIDTH="15" VPOS="1314" HPOS="883"/>
							<String ID="string_341" HPOS="898" VPOS="1314" WIDTH="67" HEIGHT="21" WC="0.92" CONTENT="ocksä"/><SP WIDTH="15" VPOS="1314" HPOS="965"/>
							<String ID="string_342" HPOS="980" VPOS="1314" WIDTH="24" HEIGHT="21" WC="0.96" CONTENT="få"/>
						</TextLine>
						<TextLine ID="line_36" HPOS="175" VPOS="1341" WIDTH="828" HEIGHT="31">
							<String ID="string_343" HPOS="175" VPOS="1344" WIDTH="76" HEIGHT="22" WC="0.92" CONTENT="förena"/><SP WIDTH="22" VPOS="1344" HPOS="251"/>
							<String ID="string_344" HPOS="273" VPOS="1344" WIDTH="44" HEIGHT="28" WC="0.96" CONTENT="mig"/><SP WIDTH="22" VPOS="1344" HPOS="317"/>
							<String ID="string_345" HPOS="339" VPOS="1350" WIDTH="34" HEIGHT="14" WC="0.95" CONTENT="om"/><SP WIDTH="24" VPOS="1350" HPOS="373"/>
							<String ID="string_346" HPOS="397" VPOS="1342" WIDTH="37" HEIGHT="22" WC="0.96" CONTENT="det"/><SP WIDTH="22" VPOS="1342" HPOS="434"/>
							<String ID="string_347" HPOS="456" VPOS="1342" WIDTH="23" HEIGHT="22" WC="0.96" CONTENT="af"/><SP WIDTH="15" VPOS="1342" HPOS="479"/>
							<String ID="string_348" HPOS="494" VPOS="1342" WIDTH="34" HEIGHT="21" WC="0.96" CONTENT="Hr"/><SP WIDTH="15" VPOS="1342" HPOS="528"/>
							<String ID="string_349" HPOS="543" VPOS="1342" WIDTH="55" HEIGHT="21" WC="0.96" CONTENT="Rein"/><SP WIDTH="16" VPOS="1342" HPOS="598"/>
							<String ID="string_350" HPOS="614" VPOS="1341" WIDTH="122" HEIGHT="29" WC="0.93" CONTENT="föreslagna"/><SP WIDTH="16" VPOS="1341" HPOS="736"/>
							<String ID="string_351" HPOS="752" VPOS="1342" WIDTH="119" HEIGHT="21" WC="0.91" CONTENT="uttalandet"/><SP WIDTH="20" VPOS="1342" HPOS="871"/>
							<String ID="string_352" HPOS="891" VPOS="1342" WIDTH="112" HEIGHT="22" WC="0.92" CONTENT="äfvensom"/>
						</TextLine>
						<TextLine ID="line_37" HPOS="175" VPOS="1370" WIDTH="828" HEIGHT="28">
							<String ID="string_353" HPOS="175" VPOS="1372" WIDTH="95" HEIGHT="26" WC="0.92" CONTENT="förorda,"/><SP WIDTH="14" VPOS="1372" HPOS="270"/>
							<String ID="string_354" HPOS="284" VPOS="1375" WIDTH="32" HEIGHT="19" WC="0.93" CONTENT="att"/><SP WIDTH="15" VPOS="1375" HPOS="316"/>
							<String ID="string_355" HPOS="331" VPOS="1371" WIDTH="93" HEIGHT="22" WC="0.92" CONTENT="Ständet"/><SP WIDTH="15" VPOS="1371" HPOS="424"/>
							<String ID="string_356" HPOS="439" VPOS="1371" WIDTH="50" HEIGHT="21" WC="0.93" CONTENT="ville"/><SP WIDTH="16" VPOS="1371" HPOS="489"/>
							<String ID="string_357" HPOS="505" VPOS="1370" WIDTH="83" HEIGHT="21" WC="0.91" CONTENT="biträda"/><SP WIDTH="15" VPOS="1370" HPOS="588"/>
							<String ID="string_358" HPOS="603" VPOS="1370" WIDTH="119" HEIGHT="21" WC="0.93" CONTENT="detsamma"/><SP WIDTH="14" VPOS="1370" HPOS="722"/>
							<String ID="string_359" HPOS="736" VPOS="1378" WIDTH="76" HEIGHT="20" WC="0.96" CONTENT="genom"/><SP WIDTH="17" VPOS="1378" HPOS="812"/>
							<String ID="string_360" HPOS="829" VPOS="1373" WIDTH="31" HEIGHT="18" WC="0.93" CONTENT="att"/><SP WIDTH="10" VPOS="1373" HPOS="860"/>
							<String ID="string_361" HPOS="870" VPOS="1370" WIDTH="69" HEIGHT="22" WC="0.91" CONTENT="tilläta"/><SP WIDTH="15" VPOS="1370" HPOS="939"/>
							<String ID="string_362" HPOS="954" VPOS="1372" WIDTH="49" HEIGHT="20" WC="0.97" CONTENT="dess"/>
						</TextLine>
						<TextLine ID="line_38" HPOS="174" VPOS="1398" WIDTH="641" HEIGHT="31">
							<String ID="string_363" HPOS="174" VPOS="1400" WIDTH="118" HEIGHT="29" WC="0.92" CONTENT="intagande"/><SP WIDTH="15" VPOS="1400" HPOS="292"/>
							<String ID="string_364" HPOS="307" VPOS="1401" WIDTH="7" HEIGHT="20" WC="0.96" CONTENT="i"/><SP WIDTH="16" VPOS="1401" HPOS="314"/>
							<String ID="string_365" HPOS="330" VPOS="1400" WIDTH="49" HEIGHT="21" WC="0.92" CONTENT="dess"/><SP WIDTH="16" VPOS="1400" HPOS="379"/>
							<String ID="string_366" HPOS="395" VPOS="1399" WIDTH="108" HEIGHT="29" WC="0.92" CONTENT="protokoll"/><SP WIDTH="16" VPOS="1399" HPOS="503"/>
							<String ID="string_367" HPOS="519" VPOS="1399" WIDTH="71" HEIGHT="22" WC="0.92" CONTENT="säsom"/><SP WIDTH="15" VPOS="1399" HPOS="590"/>
							<String ID="string_368" HPOS="605" VPOS="1398" WIDTH="103" HEIGHT="22" WC="0.93" CONTENT="Ständets"/><SP WIDTH="17" VPOS="1398" HPOS="708"/>
							<String ID="string_369" HPOS="725" VPOS="1399" WIDTH="90" HEIGHT="28" WC="0.96" CONTENT="mening."/>
						</TextLine>
					</TextBlock>
				</ComposedBlock>
				<ComposedBlock ID="cblock_7" HPOS="176" VPOS="1455" WIDTH="829" HEIGHT="56">
					<TextBlock ID="block_7" HPOS="176" VPOS="1455" WIDTH="829" HEIGHT="56">
						<TextLine ID="line_39" HPOS="246" VPOS="1455" WIDTH="759" HEIGHT="30">
							<String ID="string_370" HPOS="246" VPOS="1457" WIDTH="33" HEIGHT="22" WC="0.96" CONTENT="Hr"/><SP WIDTH="19" VPOS="1457" HPOS="279"/>
							<String ID="string_371" HPOS="298" VPOS="1457" WIDTH="123" HEIGHT="22" WC="0.96" CONTENT="Fraser:"/><SP WIDTH="27" VPOS="1457" HPOS="421"/>
							<String ID="string_372" HPOS="448" VPOS="1456" WIDTH="43" HEIGHT="29" WC="0.95" CONTENT="Jag"/><SP WIDTH="16" VPOS="1456" HPOS="491"/>
							<String ID="string_373" HPOS="507" VPOS="1456" WIDTH="38" HEIGHT="21" WC="0.93" CONTENT="ber"/><SP WIDTH="15" VPOS="1456" HPOS="545"/>
							<String ID="string_374" HPOS="560" VPOS="1455" WIDTH="90" HEIGHT="22" WC="0.93" CONTENT="äfvensä"/><SP WIDTH="16" VPOS="1455" HPOS="650"/>
							<String ID="string_375" HPOS="666" VPOS="1455" WIDTH="34" HEIGHT="22" WC="0.96" CONTENT="för"/><SP WIDTH="15" VPOS="1455" HPOS="700"/>
							<String ID="string_376" HPOS="715" VPOS="1457" WIDTH="43" HEIGHT="20" WC="0.96" CONTENT="min"/><SP WIDTH="16" VPOS="1457" HPOS="758"/>
							<String ID="string_377" HPOS="774" VPOS="1455" WIDTH="34" HEIGHT="22" WC="0.92" CONTENT="del"/><SP WIDTH="15" VPOS="1455" HPOS="808"/>
							<String ID="string_378" HPOS="823" VPOS="1456" WIDTH="23" HEIGHT="21" WC="0.92" CONTENT="fä"/><SP WIDTH="15" VPOS="1456" HPOS="846"/>
							<String ID="string_379" HPOS="861" VPOS="1456" WIDTH="28" HEIGHT="29" WC="0.96" CONTENT="pä"/><SP WIDTH="15" VPOS="1456" HPOS="889"/>
							<String ID="string_380" HPOS="904" VPOS="1456" WIDTH="37" HEIGHT="21" WC="0.93" CONTENT="det"/><SP WIDTH="15" VPOS="1456" HPOS="941"/>
							<String ID="string_381" HPOS="956" VPOS="1464" WIDTH="49" HEIGHT="14" WC="0.92" CONTENT="var-"/>
						</TextLine>
						<TextLine ID="line_40" HPOS="176" VPOS="1484" WIDTH="828" HEIGHT="27">
							<String ID="string_382" HPOS="176" VPOS="1491" WIDTH="68" HEIGHT="18" WC="0.92" CONTENT="maste"/><SP WIDTH="16" VPOS="1491" HPOS="244"/>
							<String ID="string_383" HPOS="260" VPOS="1485" WIDTH="131" HEIGHT="23" WC="0.92" CONTENT="understöda"/><SP WIDTH="16" VPOS="1485" HPOS="391"/>
							<String ID="string_384" HPOS="407" VPOS="1485" WIDTH="34" HEIGHT="22" WC="0.93" CONTENT="Hr"/><SP WIDTH="15" VPOS="1485" HPOS="441"/>
							<String ID="string_385" HPOS="456" VPOS="1485" WIDTH="67" HEIGHT="22" WC="0.92" CONTENT="Reins"/><SP WIDTH="15" VPOS="1485" HPOS="523"/>
							<String ID="string_386" HPOS="538" VPOS="1484" WIDTH="118" HEIGHT="27" WC="0.96" CONTENT="uttalande,"/><SP WIDTH="16" VPOS="1484" HPOS="656"/>
							<String ID="string_387" HPOS="672" VPOS="1492" WIDTH="47" HEIGHT="13" WC="0.96" CONTENT="men"/><SP WIDTH="17" VPOS="1492" HPOS="719"/>
							<String ID="string_388" HPOS="736" VPOS="1488" WIDTH="57" HEIGHT="17" WC="0.93" CONTENT="emot"/><SP WIDTH="15" VPOS="1488" HPOS="793"/>
							<String ID="string_389" HPOS="808" VPOS="1484" WIDTH="57" HEIGHT="22" WC="0.92" CONTENT="Frih."/><SP WIDTH="16" VPOS="1484" HPOS="865"/>
							<String ID="string_390" HPOS="881" VPOS="1493" WIDTH="41" HEIGHT="13" WC="0.93" CONTENT="von"/><SP WIDTH="13" VPOS="1493" HPOS="922"/>
							<String ID="string_391" HPOS="935" VPOS="1485" WIDTH="69" HEIGHT="22" WC="0.93" CONTENT="Bons-"/>
						</TextLine>
					</TextBlock>
				</ComposedBlock>
			</PrintSpace>
		</Page>
	</Layout>
</alto>
