<?xml version="1.0" encoding="UTF-8"?>
<alto xmlns="http://www.loc.gov/standards/alto/ns-v3#" xmlns:xlink="http://www.w3.org/1999/xlink" xmlns:xsi="http://www.w3.org/2001/XMLSchema-instance" xsi:schemaLocation="http://www.loc.gov/standards/alto/ns-v3# http://www.loc.gov/alto/v3/alto-3-0.xsd">
	<Description>
		<MeasurementUnit>pixel</MeasurementUnit>
		<sourceImageInformation>
			<fileName>/tmp/tess_aje01k7__input.PNG</fileName>
		</sourceImageInformation>
		<OCRProcessing ID="OCR_0">
			<ocrProcessingStep>
				<processingSoftware>
					<softwareName>tesseract 5.3.4</softwareName>
				</processingSoftware>
			</ocrProcessingStep>
		</OCRProcessing>
	</Description>
	<Layout>
		<Page WIDTH="1086" HEIGHT="1748" PHYSICAL_IMG_NR="0" ID="page_0">
			<PrintSpace HPOS="0" VPOS="0" WIDTH="1086" HEIGHT="1748">
				<ComposedBlock ID="cblock_0" HPOS="360" VPOS="115" WIDTH="538" HEIGHT="27">
					<TextBlock ID="block_0" HPOS="360" VPOS="115" WIDTH="538" HEIGHT="27">
						<TextLine ID="line_0" HPOS="360" VPOS="115" WIDTH="538" HEIGHT="27">
							<String ID="string_0" HPOS="360" VPOS="120" WIDTH="241" HEIGHT="22" WC="0.91" CONTENT="Tjenstemannafrågan."/><SP WIDTH="256" VPOS="120" HPOS="601"/>
							<String ID="string_1" HPOS="857" VPOS="115" WIDTH="41" HEIGHT="21" WC="0.96" CONTENT="891"/>
						</TextLine>
					</TextBlock>
				</ComposedBlock>
				<GraphicalElement ID="cblock_1" HPOS="69" VPOS="146" WIDTH="831" HEIGHT="10"></GraphicalElement >
				<ComposedBlock ID="cblock_2" HPOS="69" VPOS="189" WIDTH="836" HEIGHT="1343">
					<TextBlock ID="block_1" HPOS="69" VPOS="189" WIDTH="831" HEIGHT="285">
						<TextLine ID="line_1" HPOS="69" VPOS="189" WIDTH="830" HEIGHT="29">
							<String ID="string_2" HPOS="69" VPOS="194" WIDTH="56" HEIGHT="24" WC="0.96" CONTENT="tion,"/><SP WIDTH="15" VPOS="194" HPOS="125"/>
							<String ID="string_3" HPOS="140" VPOS="199" WIDTH="37" HEIGHT="14" WC="0.96" CONTENT="ens"/><SP WIDTH="17" VPOS="199" HPOS="177"/>
							<String ID="string_4" HPOS="194" VPOS="192" WIDTH="5" HEIGHT="20" WC="0.96" CONTENT="i"/><SP WIDTH="17" VPOS="192" HPOS="199"/>
							<String ID="string_5" HPOS="216" VPOS="191" WIDTH="70" HEIGHT="21" WC="0.96" CONTENT="denna"/><SP WIDTH="16" VPOS="191" HPOS="286"/>
							<String ID="string_6" HPOS="302" VPOS="190" WIDTH="74" HEIGHT="28" WC="0.95" CONTENT="punkt,"/><SP WIDTH="16" VPOS="190" HPOS="376"/>
							<String ID="string_7" HPOS="392" VPOS="189" WIDTH="39" HEIGHT="22" WC="0.96" CONTENT="och"/><SP WIDTH="17" VPOS="189" HPOS="431"/>
							<String ID="string_8" HPOS="448" VPOS="190" WIDTH="59" HEIGHT="20" WC="0.95" CONTENT="detta"/><SP WIDTH="15" VPOS="190" HPOS="507"/>
							<String ID="string_9" HPOS="522" VPOS="189" WIDTH="183" HEIGHT="28" WC="0.96" CONTENT="hufvudsakligen"/><SP WIDTH="17" VPOS="189" HPOS="705"/>
							<String ID="string_10" HPOS="722" VPOS="190" WIDTH="27" HEIGHT="28" WC="0.96" CONTENT="på"/><SP WIDTH="16" VPOS="190" HPOS="749"/>
							<String ID="string_11" HPOS="765" VPOS="190" WIDTH="134" HEIGHT="28" WC="0.96" CONTENT="principiella"/>
						</TextLine>
						<TextLine ID="line_2" HPOS="69" VPOS="218" WIDTH="831" HEIGHT="28">
							<String ID="string_12" HPOS="69" VPOS="220" WIDTH="56" HEIGHT="22" WC="0.96" CONTENT="skäl."/><SP WIDTH="29" VPOS="220" HPOS="125"/>
							<String ID="string_13" HPOS="154" VPOS="219" WIDTH="52" HEIGHT="21" WC="0.96" CONTENT="Man"/><SP WIDTH="17" VPOS="219" HPOS="206"/>
							<String ID="string_14" HPOS="223" VPOS="219" WIDTH="41" HEIGHT="21" WC="0.96" CONTENT="kan"/><SP WIDTH="17" VPOS="219" HPOS="264"/>
							<String ID="string_15" HPOS="281" VPOS="218" WIDTH="106" HEIGHT="28" WC="0.96" CONTENT="knappast"/><SP WIDTH="16" VPOS="218" HPOS="387"/>
							<String ID="string_16" HPOS="403" VPOS="225" WIDTH="24" HEIGHT="14" WC="0.93" CONTENT="ur"/><SP WIDTH="14" VPOS="225" HPOS="427"/>
							<String ID="string_17" HPOS="441" VPOS="218" WIDTH="163" HEIGHT="28" WC="0.92" CONTENT="rättssynpunkt"/><SP WIDTH="17" VPOS="218" HPOS="604"/>
							<String ID="string_18" HPOS="621" VPOS="218" WIDTH="97" HEIGHT="21" WC="0.96" CONTENT="försvara"/><SP WIDTH="15" VPOS="218" HPOS="718"/>
							<String ID="string_19" HPOS="733" VPOS="221" WIDTH="33" HEIGHT="19" WC="0.96" CONTENT="ett"/><SP WIDTH="14" VPOS="221" HPOS="766"/>
							<String ID="string_20" HPOS="780" VPOS="218" WIDTH="76" HEIGHT="21" WC="0.93" CONTENT="sådant"/><SP WIDTH="11" VPOS="218" HPOS="856"/>
							<String ID="string_21" HPOS="867" VPOS="218" WIDTH="33" HEIGHT="21" WC="0.91" CONTENT="åt-"/>
						</TextLine>
						<TextLine ID="line_3" HPOS="69" VPOS="246" WIDTH="831" HEIGHT="31">
							<String ID="string_22" HPOS="69" VPOS="248" WIDTH="108" HEIGHT="29" WC="0.92" CONTENT="skiljande"/><SP WIDTH="15" VPOS="248" HPOS="177"/>
							<String ID="string_23" HPOS="192" VPOS="248" WIDTH="23" HEIGHT="21" WC="0.96" CONTENT="af"/><SP WIDTH="15" VPOS="248" HPOS="215"/>
							<String ID="string_24" HPOS="230" VPOS="247" WIDTH="42" HEIGHT="21" WC="0.96" CONTENT="den"/><SP WIDTH="16" VPOS="247" HPOS="272"/>
							<String ID="string_25" HPOS="288" VPOS="254" WIDTH="41" HEIGHT="14" WC="0.96" CONTENT="ena"/><SP WIDTH="15" VPOS="254" HPOS="329"/>
							<String ID="string_26" HPOS="344" VPOS="246" WIDTH="41" HEIGHT="22" WC="0.96" CONTENT="och"/><SP WIDTH="15" VPOS="246" HPOS="385"/>
							<String ID="string_27" HPOS="400" VPOS="246" WIDTH="67" HEIGHT="21" WC="0.96" CONTENT="andra"/><SP WIDTH="16" VPOS="246" HPOS="467"/>
							<String ID="string_28" HPOS="483" VPOS="246" WIDTH="83" HEIGHT="21" WC="0.96" CONTENT="klassen"/><SP WIDTH="17" VPOS="246" HPOS="566"/>
							<String ID="string_29" HPOS="583" VPOS="246" WIDTH="23" HEIGHT="21" WC="0.93" CONTENT="af"/><SP WIDTH="13" VPOS="246" HPOS="606"/>
							<String ID="string_30" HPOS="619" VPOS="247" WIDTH="135" HEIGHT="27" WC="0.90" CONTENT="tjenstemän."/><SP WIDTH="29" VPOS="247" HPOS="754"/>
							<String ID="string_31" HPOS="783" VPOS="247" WIDTH="117" HEIGHT="27" WC="0.96" CONTENT="Ingenting"/>
						</TextLine>
						<TextLine ID="line_4" HPOS="69" VPOS="274" WIDTH="831" HEIGHT="32">
							<String ID="string_32" HPOS="69" VPOS="281" WIDTH="126" HEIGHT="25" WC="0.95" CONTENT="garanterar"/><SP WIDTH="23" VPOS="281" HPOS="195"/>
							<String ID="string_33" HPOS="218" VPOS="279" WIDTH="32" HEIGHT="18" WC="0.95" CONTENT="att"/><SP WIDTH="15" VPOS="279" HPOS="250"/>
							<String ID="string_34" HPOS="265" VPOS="275" WIDTH="48" HEIGHT="21" WC="0.96" CONTENT="icke"/><SP WIDTH="22" VPOS="275" HPOS="313"/>
							<String ID="string_35" HPOS="335" VPOS="274" WIDTH="80" HEIGHT="22" WC="0.93" CONTENT="sådana"/><SP WIDTH="16" VPOS="274" HPOS="415"/>
							<String ID="string_36" HPOS="431" VPOS="274" WIDTH="205" HEIGHT="28" WC="0.91" CONTENT="rättskränkningar,"/><SP WIDTH="15" VPOS="274" HPOS="636"/>
							<String ID="string_37" HPOS="651" VPOS="282" WIDTH="45" HEIGHT="14" WC="0.92" CONTENT="som"/><SP WIDTH="24" VPOS="282" HPOS="696"/>
							<String ID="string_38" HPOS="720" VPOS="275" WIDTH="71" HEIGHT="21" WC="0.90" CONTENT="tarfva"/><SP WIDTH="15" VPOS="275" HPOS="791"/>
							<String ID="string_39" HPOS="806" VPOS="276" WIDTH="94" HEIGHT="25" WC="0.96" CONTENT="rättelse,"/>
						</TextLine>
						<TextLine ID="line_5" HPOS="71" VPOS="303" WIDTH="828" HEIGHT="28">
							<String ID="string_40" HPOS="71" VPOS="307" WIDTH="73" HEIGHT="21" WC="0.96" CONTENT="kunna"/><SP WIDTH="23" VPOS="307" HPOS="144"/>
							<String ID="string_41" HPOS="167" VPOS="305" WIDTH="65" HEIGHT="21" WC="0.96" CONTENT="hafva"/><SP WIDTH="23" VPOS="305" HPOS="232"/>
							<String ID="string_42" HPOS="255" VPOS="306" WIDTH="36" HEIGHT="25" WC="0.96" CONTENT="egt"/><SP WIDTH="15" VPOS="306" HPOS="291"/>
							<String ID="string_43" HPOS="306" VPOS="311" WIDTH="45" HEIGHT="13" WC="0.96" CONTENT="rum"/><SP WIDTH="24" VPOS="311" HPOS="351"/>
							<String ID="string_44" HPOS="375" VPOS="303" WIDTH="64" HEIGHT="21" WC="0.95" CONTENT="äfven"/><SP WIDTH="18" VPOS="303" HPOS="439"/>
							<String ID="string_45" HPOS="457" VPOS="303" WIDTH="34" HEIGHT="21" WC="0.96" CONTENT="vid"/><SP WIDTH="24" VPOS="303" HPOS="491"/>
							<String ID="string_46" HPOS="515" VPOS="304" WIDTH="151" HEIGHT="27" WC="0.95" CONTENT="utnämningar"/><SP WIDTH="15" VPOS="304" HPOS="666"/>
							<String ID="string_47" HPOS="681" VPOS="304" WIDTH="32" HEIGHT="20" WC="0.96" CONTENT="till"/><SP WIDTH="16" VPOS="304" HPOS="713"/>
							<String ID="string_48" HPOS="729" VPOS="303" WIDTH="170" HEIGHT="21" WC="0.96" CONTENT="administrativa"/>
						</TextLine>
						<TextLine ID="line_6" HPOS="69" VPOS="331" WIDTH="830" HEIGHT="32">
							<String ID="string_49" HPOS="69" VPOS="336" WIDTH="92" HEIGHT="27" WC="0.92" CONTENT="tjenster"/><SP WIDTH="15" VPOS="336" HPOS="161"/>
							<String ID="string_50" HPOS="176" VPOS="333" WIDTH="28" HEIGHT="29" WC="0.96" CONTENT="på"/><SP WIDTH="19" VPOS="333" HPOS="204"/>
							<String ID="string_51" HPOS="223" VPOS="332" WIDTH="69" HEIGHT="28" WC="0.96" CONTENT="grund"/><SP WIDTH="17" VPOS="332" HPOS="292"/>
							<String ID="string_52" HPOS="309" VPOS="332" WIDTH="23" HEIGHT="20" WC="0.96" CONTENT="af"/><SP WIDTH="15" VPOS="332" HPOS="332"/>
							<String ID="string_53" HPOS="347" VPOS="332" WIDTH="27" HEIGHT="21" WC="0.96" CONTENT="de"/><SP WIDTH="19" VPOS="332" HPOS="374"/>
							<String ID="string_54" HPOS="393" VPOS="339" WIDTH="77" HEIGHT="21" WC="0.96" CONTENT="genom"/><SP WIDTH="15" VPOS="339" HPOS="470"/>
							<String ID="string_55" HPOS="485" VPOS="333" WIDTH="14" HEIGHT="20" WC="0.93" CONTENT="4"/><SP WIDTH="16" VPOS="333" HPOS="499"/>
							<String ID="string_56" HPOS="515" VPOS="331" WIDTH="258" HEIGHT="22" WC="0.92" CONTENT="November-manifestet"/><SP WIDTH="16" VPOS="331" HPOS="773"/>
							<String ID="string_57" HPOS="789" VPOS="332" WIDTH="110" HEIGHT="28" WC="0.92" CONTENT="upphäfda"/>
						</TextLine>
						<TextLine ID="line_7" HPOS="69" VPOS="360" WIDTH="831" HEIGHT="29">
							<String ID="string_58" HPOS="69" VPOS="362" WIDTH="188" HEIGHT="27" WC="0.95" CONTENT="förordningarna."/><SP WIDTH="30" VPOS="362" HPOS="257"/>
							<String ID="string_59" HPOS="287" VPOS="360" WIDTH="111" HEIGHT="21" WC="0.93" CONTENT="Praktiskt"/><SP WIDTH="22" VPOS="360" HPOS="398"/>
							<String ID="string_60" HPOS="420" VPOS="360" WIDTH="49" HEIGHT="21" WC="0.91" CONTENT="sedt"/><SP WIDTH="14" VPOS="360" HPOS="469"/>
							<String ID="string_61" HPOS="483" VPOS="363" WIDTH="44" HEIGHT="18" WC="0.96" CONTENT="tror"/><SP WIDTH="21" VPOS="363" HPOS="527"/>
							<String ID="string_62" HPOS="548" VPOS="360" WIDTH="40" HEIGHT="28" WC="0.95" CONTENT="jag,"/><SP WIDTH="16" VPOS="360" HPOS="588"/>
							<String ID="string_63" HPOS="604" VPOS="363" WIDTH="32" HEIGHT="18" WC="0.96" CONTENT="att"/><SP WIDTH="21" VPOS="363" HPOS="636"/>
							<String ID="string_64" HPOS="657" VPOS="368" WIDTH="47" HEIGHT="13" WC="0.96" CONTENT="man"/><SP WIDTH="16" VPOS="368" HPOS="704"/>
							<String ID="string_65" HPOS="720" VPOS="360" WIDTH="65" HEIGHT="21" WC="0.96" CONTENT="äfven"/><SP WIDTH="16" VPOS="360" HPOS="785"/>
							<String ID="string_66" HPOS="801" VPOS="363" WIDTH="50" HEIGHT="18" WC="0.96" CONTENT="utan"/><SP WIDTH="17" VPOS="363" HPOS="851"/>
							<String ID="string_67" HPOS="868" VPOS="363" WIDTH="32" HEIGHT="19" WC="0.96" CONTENT="att"/>
						</TextLine>
						<TextLine ID="line_8" HPOS="69" VPOS="388" WIDTH="831" HEIGHT="30">
							<String ID="string_68" HPOS="69" VPOS="391" WIDTH="70" HEIGHT="22" WC="0.96" CONTENT="ändra"/><SP WIDTH="22" VPOS="391" HPOS="139"/>
							<String ID="string_69" HPOS="161" VPOS="390" WIDTH="77" HEIGHT="28" WC="0.96" CONTENT="sjelfva"/><SP WIDTH="24" VPOS="390" HPOS="238"/>
							<String ID="string_70" HPOS="262" VPOS="389" WIDTH="62" HEIGHT="27" WC="0.93" CONTENT="lagen"/><SP WIDTH="22" VPOS="389" HPOS="324"/>
							<String ID="string_71" HPOS="346" VPOS="388" WIDTH="41" HEIGHT="22" WC="0.96" CONTENT="kan"/><SP WIDTH="24" VPOS="388" HPOS="387"/>
							<String ID="string_72" HPOS="411" VPOS="388" WIDTH="36" HEIGHT="22" WC="0.96" CONTENT="vid"/><SP WIDTH="23" VPOS="388" HPOS="447"/>
							<String ID="string_73" HPOS="470" VPOS="388" WIDTH="162" HEIGHT="28" WC="0.96" CONTENT="tillämpningen"/><SP WIDTH="23" VPOS="388" HPOS="632"/>
							<String ID="string_74" HPOS="655" VPOS="389" WIDTH="28" HEIGHT="21" WC="0.95" CONTENT="nå"/><SP WIDTH="15" VPOS="389" HPOS="683"/>
							<String ID="string_75" HPOS="698" VPOS="389" WIDTH="37" HEIGHT="21" WC="0.96" CONTENT="det"/><SP WIDTH="21" VPOS="389" HPOS="735"/>
							<String ID="string_76" HPOS="756" VPOS="389" WIDTH="23" HEIGHT="21" WC="0.96" CONTENT="af"/><SP WIDTH="15" VPOS="389" HPOS="779"/>
							<String ID="string_77" HPOS="794" VPOS="388" WIDTH="34" HEIGHT="22" WC="0.92" CONTENT="Hr"/><SP WIDTH="15" VPOS="388" HPOS="828"/>
							<String ID="string_78" HPOS="843" VPOS="388" WIDTH="57" HEIGHT="22" WC="0.90" CONTENT="Her-"/>
						</TextLine>
						<TextLine ID="line_9" HPOS="71" VPOS="417" WIDTH="829" HEIGHT="29">
							<String ID="string_79" HPOS="71" VPOS="427" WIDTH="90" HEIGHT="14" WC="0.91" CONTENT="manson"/><SP WIDTH="29" VPOS="427" HPOS="161"/>
							<String ID="string_80" HPOS="190" VPOS="418" WIDTH="90" HEIGHT="22" WC="0.89" CONTENT="afsedda"/><SP WIDTH="29" VPOS="418" HPOS="280"/>
							<String ID="string_81" HPOS="309" VPOS="417" WIDTH="118" HEIGHT="26" WC="0.93" CONTENT="resultatet,"/><SP WIDTH="22" VPOS="417" HPOS="427"/>
							<String ID="string_82" HPOS="449" VPOS="417" WIDTH="105" HEIGHT="27" WC="0.96" CONTENT="nämligen"/><SP WIDTH="26" VPOS="417" HPOS="554"/>
							<String ID="string_83" HPOS="580" VPOS="420" WIDTH="31" HEIGHT="18" WC="0.96" CONTENT="att"/><SP WIDTH="25" VPOS="420" HPOS="611"/>
							<String ID="string_84" HPOS="636" VPOS="417" WIDTH="81" HEIGHT="21" WC="0.95" CONTENT="antalet"/><SP WIDTH="23" VPOS="417" HPOS="717"/>
							<String ID="string_85" HPOS="740" VPOS="418" WIDTH="160" HEIGHT="28" WC="0.96" CONTENT="tillämpningar"/>
						</TextLine>
						<TextLine ID="line_10" HPOS="71" VPOS="445" WIDTH="591" HEIGHT="29">
							<String ID="string_86" HPOS="71" VPOS="449" WIDTH="87" HEIGHT="21" WC="0.96" CONTENT="komme"/><SP WIDTH="15" VPOS="449" HPOS="158"/>
							<String ID="string_87" HPOS="173" VPOS="450" WIDTH="31" HEIGHT="18" WC="0.96" CONTENT="att"/><SP WIDTH="16" VPOS="450" HPOS="204"/>
							<String ID="string_88" HPOS="220" VPOS="446" WIDTH="68" HEIGHT="22" WC="0.96" CONTENT="blifva"/><SP WIDTH="15" VPOS="446" HPOS="288"/>
							<String ID="string_89" HPOS="303" VPOS="447" WIDTH="6" HEIGHT="20" WC="0.96" CONTENT="i"/><SP WIDTH="17" VPOS="447" HPOS="309"/>
							<String ID="string_90" HPOS="326" VPOS="446" WIDTH="119" HEIGHT="28" WC="0.96" CONTENT="möjligaste"/><SP WIDTH="16" VPOS="446" HPOS="445"/>
							<String ID="string_91" HPOS="461" VPOS="445" WIDTH="48" HEIGHT="21" WC="0.91" CONTENT="mån"/><SP WIDTH="16" VPOS="445" HPOS="509"/>
							<String ID="string_92" HPOS="525" VPOS="445" WIDTH="137" HEIGHT="28" WC="0.91" CONTENT="begränsadt."/>
						</TextLine>
					</TextBlock>
					<TextBlock ID="block_2" HPOS="71" VPOS="474" WIDTH="834" HEIGHT="1058">
						<TextLine ID="line_11" HPOS="142" VPOS="474" WIDTH="758" HEIGHT="28">
							<String ID="string_93" HPOS="142" VPOS="476" WIDTH="33" HEIGHT="21" WC="0.92" CONTENT="En"/><SP WIDTH="17" VPOS="476" HPOS="175"/>
							<String ID="string_94" HPOS="192" VPOS="474" WIDTH="154" HEIGHT="28" WC="0.91" CONTENT="betänklighet,"/><SP WIDTH="10" VPOS="474" HPOS="346"/>
							<String ID="string_95" HPOS="356" VPOS="482" WIDTH="45" HEIGHT="13" WC="0.93" CONTENT="som"/><SP WIDTH="10" VPOS="482" HPOS="401"/>
							<String ID="string_96" HPOS="411" VPOS="477" WIDTH="78" HEIGHT="25" WC="0.91" CONTENT="yppats"/><SP WIDTH="13" VPOS="477" HPOS="489"/>
							<String ID="string_97" HPOS="502" VPOS="477" WIDTH="58" HEIGHT="18" WC="0.96" CONTENT="emot"/><SP WIDTH="14" VPOS="477" HPOS="560"/>
							<String ID="string_98" HPOS="574" VPOS="474" WIDTH="36" HEIGHT="21" WC="0.96" CONTENT="det"/><SP WIDTH="16" VPOS="474" HPOS="610"/>
							<String ID="string_99" HPOS="626" VPOS="474" WIDTH="149" HEIGHT="28" WC="0.96" CONTENT="föreliggande"/><SP WIDTH="16" VPOS="474" HPOS="775"/>
							<String ID="string_100" HPOS="791" VPOS="474" WIDTH="109" HEIGHT="28" WC="0.96" CONTENT="förslaget,"/>
						</TextLine>
						<TextLine ID="line_12" HPOS="71" VPOS="502" WIDTH="827" HEIGHT="28">
							<String ID="string_101" HPOS="71" VPOS="506" WIDTH="129" HEIGHT="21" WC="0.96" CONTENT="åtminstone"/><SP WIDTH="16" VPOS="506" HPOS="200"/>
							<String ID="string_102" HPOS="216" VPOS="504" WIDTH="6" HEIGHT="21" WC="0.96" CONTENT="i"/><SP WIDTH="16" VPOS="504" HPOS="222"/>
							<String ID="string_103" HPOS="238" VPOS="504" WIDTH="50" HEIGHT="20" WC="0.96" CONTENT="dess"/><SP WIDTH="16" VPOS="504" HPOS="288"/>
							<String ID="string_104" HPOS="304" VPOS="503" WIDTH="22" HEIGHT="21" WC="0.96" CONTENT="af"/><SP WIDTH="15" VPOS="503" HPOS="326"/>
							<String ID="string_105" HPOS="341" VPOS="502" WIDTH="114" HEIGHT="22" WC="0.96" CONTENT="Utskottet"/><SP WIDTH="15" VPOS="502" HPOS="455"/>
							<String ID="string_106" HPOS="470" VPOS="502" WIDTH="114" HEIGHT="22" WC="0.96" CONTENT="förordade"/><SP WIDTH="15" VPOS="502" HPOS="584"/>
							<String ID="string_107" HPOS="599" VPOS="504" WIDTH="156" HEIGHT="26" WC="0.96" CONTENT="utsträckning,"/><SP WIDTH="16" VPOS="504" HPOS="755"/>
							<String ID="string_108" HPOS="771" VPOS="505" WIDTH="23" HEIGHT="19" WC="0.96" CONTENT="är"/><SP WIDTH="14" VPOS="505" HPOS="794"/>
							<String ID="string_109" HPOS="808" VPOS="503" WIDTH="41" HEIGHT="21" WC="0.96" CONTENT="den"/><SP WIDTH="13" VPOS="503" HPOS="849"/>
							<String ID="string_110" HPOS="862" VPOS="502" WIDTH="36" HEIGHT="22" WC="0.96" CONTENT="vid"/>
						</TextLine>
						<TextLine ID="line_13" HPOS="71" VPOS="531" WIDTH="830" HEIGHT="30">
							<String ID="string_111" HPOS="71" VPOS="537" WIDTH="33" HEIGHT="18" WC="0.96" CONTENT="ett"/><SP WIDTH="23" VPOS="537" HPOS="104"/>
							<String ID="string_112" HPOS="127" VPOS="532" WIDTH="130" HEIGHT="29" WC="0.94" CONTENT="föregående"/><SP WIDTH="23" VPOS="532" HPOS="257"/>
							<String ID="string_113" HPOS="280" VPOS="531" WIDTH="84" HEIGHT="21" WC="0.93" CONTENT="tillfälle"/><SP WIDTH="22" VPOS="531" HPOS="364"/>
							<String ID="string_114" HPOS="386" VPOS="531" WIDTH="65" HEIGHT="21" WC="0.96" CONTENT="äfven"/><SP WIDTH="16" VPOS="531" HPOS="451"/>
							<String ID="string_115" HPOS="467" VPOS="531" WIDTH="38" HEIGHT="21" WC="0.96" CONTENT="här"/><SP WIDTH="22" VPOS="531" HPOS="505"/>
							<String ID="string_116" HPOS="527" VPOS="531" WIDTH="23" HEIGHT="21" WC="0.96" CONTENT="af"/><SP WIDTH="15" VPOS="531" HPOS="550"/>
							<String ID="string_117" HPOS="565" VPOS="539" WIDTH="25" HEIGHT="13" WC="0.96" CONTENT="en"/><SP WIDTH="24" VPOS="539" HPOS="590"/>
							<String ID="string_118" HPOS="614" VPOS="532" WIDTH="54" HEIGHT="27" WC="0.96" CONTENT="högt"/><SP WIDTH="22" VPOS="532" HPOS="668"/>
							<String ID="string_119" HPOS="690" VPOS="532" WIDTH="64" HEIGHT="21" WC="0.96" CONTENT="aktad"/><SP WIDTH="17" VPOS="532" HPOS="754"/>
							<String ID="string_120" HPOS="771" VPOS="532" WIDTH="90" HEIGHT="20" WC="0.96" CONTENT="medlem"/><SP WIDTH="16" VPOS="532" HPOS="861"/>
							<String ID="string_121" HPOS="877" VPOS="531" WIDTH="24" HEIGHT="21" WC="0.96" CONTENT="af"/>
						</TextLine>
						<TextLine ID="line_14" HPOS="71" VPOS="560" WIDTH="828" HEIGHT="28">
							<String ID="string_122" HPOS="71" VPOS="562" WIDTH="61" HEIGHT="22" WC="0.96" CONTENT="detta"/><SP WIDTH="16" VPOS="562" HPOS="132"/>
							<String ID="string_123" HPOS="148" VPOS="561" WIDTH="62" HEIGHT="22" WC="0.96" CONTENT="stånd"/><SP WIDTH="17" VPOS="561" HPOS="210"/>
							<String ID="string_124" HPOS="227" VPOS="560" WIDTH="41" HEIGHT="22" WC="0.95" CONTENT="och"/><SP WIDTH="15" VPOS="560" HPOS="268"/>
							<String ID="string_125" HPOS="283" VPOS="560" WIDTH="23" HEIGHT="21" WC="0.95" CONTENT="af"/><SP WIDTH="15" VPOS="560" HPOS="306"/>
							<String ID="string_126" HPOS="321" VPOS="560" WIDTH="104" HEIGHT="28" WC="0.96" CONTENT="styrelsen"/><SP WIDTH="16" VPOS="560" HPOS="425"/>
							<String ID="string_127" HPOS="441" VPOS="560" WIDTH="122" HEIGHT="20" WC="0.93" CONTENT="förfäktade"/><SP WIDTH="15" VPOS="560" HPOS="563"/>
							<String ID="string_128" HPOS="578" VPOS="560" WIDTH="85" HEIGHT="28" WC="0.92" CONTENT="åsigten"/><SP WIDTH="13" VPOS="560" HPOS="663"/>
							<String ID="string_129" HPOS="676" VPOS="563" WIDTH="37" HEIGHT="23" WC="0.96" CONTENT="att,"/><SP WIDTH="10" VPOS="563" HPOS="713"/>
							<String ID="string_130" HPOS="723" VPOS="568" WIDTH="34" HEIGHT="14" WC="0.96" CONTENT="om"/><SP WIDTH="12" VPOS="568" HPOS="757"/>
							<String ID="string_131" HPOS="769" VPOS="568" WIDTH="26" HEIGHT="13" WC="0.93" CONTENT="en"/><SP WIDTH="16" VPOS="568" HPOS="795"/>
							<String ID="string_132" HPOS="811" VPOS="561" WIDTH="88" HEIGHT="27" WC="0.88" CONTENT="tjenste-"/>
						</TextLine>
						<TextLine ID="line_15" HPOS="71" VPOS="588" WIDTH="830" HEIGHT="28">
							<String ID="string_133" HPOS="71" VPOS="590" WIDTH="102" HEIGHT="22" WC="0.95" CONTENT="fullmakt"/><SP WIDTH="15" VPOS="590" HPOS="173"/>
							<String ID="string_134" HPOS="188" VPOS="590" WIDTH="38" HEIGHT="20" WC="0.96" CONTENT="har"/><SP WIDTH="15" VPOS="590" HPOS="226"/>
							<String ID="string_135" HPOS="241" VPOS="589" WIDTH="40" HEIGHT="21" WC="0.96" CONTENT="den"/><SP WIDTH="17" VPOS="589" HPOS="281"/>
							<String ID="string_136" HPOS="298" VPOS="588" WIDTH="78" HEIGHT="28" WC="0.96" CONTENT="riktiga"/><SP WIDTH="15" VPOS="588" HPOS="376"/>
							<String ID="string_137" HPOS="391" VPOS="588" WIDTH="82" HEIGHT="22" WC="0.96" CONTENT="formen"/><SP WIDTH="17" VPOS="588" HPOS="473"/>
							<String ID="string_138" HPOS="490" VPOS="588" WIDTH="40" HEIGHT="21" WC="0.96" CONTENT="och"/><SP WIDTH="15" VPOS="588" HPOS="530"/>
							<String ID="string_139" HPOS="545" VPOS="590" WIDTH="23" HEIGHT="19" WC="0.96" CONTENT="är"/><SP WIDTH="15" VPOS="590" HPOS="568"/>
							<String ID="string_140" HPOS="583" VPOS="588" WIDTH="101" HEIGHT="22" WC="0.96" CONTENT="utfärdad"/><SP WIDTH="16" VPOS="588" HPOS="684"/>
							<String ID="string_141" HPOS="700" VPOS="589" WIDTH="23" HEIGHT="21" WC="0.96" CONTENT="af"/><SP WIDTH="14" VPOS="589" HPOS="723"/>
							<String ID="string_142" HPOS="737" VPOS="589" WIDTH="49" HEIGHT="26" WC="0.95" CONTENT="den,"/><SP WIDTH="15" VPOS="589" HPOS="786"/>
							<String ID="string_143" HPOS="801" VPOS="596" WIDTH="46" HEIGHT="14" WC="0.93" CONTENT="som"/><SP WIDTH="16" VPOS="596" HPOS="847"/>
							<String ID="string_144" HPOS="863" VPOS="596" WIDTH="38" HEIGHT="14" WC="0.91" CONTENT="en-"/>
						</TextLine>
						<TextLine ID="line_16" HPOS="73" VPOS="616" WIDTH="827" HEIGHT="32">
							<String ID="string_145" HPOS="73" VPOS="620" WIDTH="42" HEIGHT="28" WC="0.95" CONTENT="ligt"/><SP WIDTH="23" VPOS="620" HPOS="115"/>
							<String ID="string_146" HPOS="138" VPOS="619" WIDTH="35" HEIGHT="28" WC="0.96" CONTENT="lag"/><SP WIDTH="15" VPOS="619" HPOS="173"/>
							<String ID="string_147" HPOS="188" VPOS="626" WIDTH="50" HEIGHT="20" WC="0.96" CONTENT="eger"/><SP WIDTH="22" VPOS="626" HPOS="238"/>
							<String ID="string_148" HPOS="260" VPOS="617" WIDTH="85" HEIGHT="21" WC="0.96" CONTENT="utfärda"/><SP WIDTH="23" VPOS="617" HPOS="345"/>
							<String ID="string_149" HPOS="368" VPOS="617" WIDTH="59" HEIGHT="28" WC="0.96" CONTENT="dylik"/><SP WIDTH="23" VPOS="617" HPOS="427"/>
							<String ID="string_150" HPOS="450" VPOS="616" WIDTH="106" HEIGHT="25" WC="0.95" CONTENT="fullmakt,"/><SP WIDTH="22" VPOS="616" HPOS="556"/>
							<String ID="string_151" HPOS="578" VPOS="617" WIDTH="42" HEIGHT="21" WC="0.96" CONTENT="den"/><SP WIDTH="17" VPOS="617" HPOS="620"/>
							<String ID="string_152" HPOS="637" VPOS="617" WIDTH="29" HEIGHT="21" WC="0.96" CONTENT="då"/><SP WIDTH="22" VPOS="617" HPOS="666"/>
							<String ID="string_153" HPOS="688" VPOS="617" WIDTH="67" HEIGHT="21" WC="0.96" CONTENT="borde"/><SP WIDTH="15" VPOS="617" HPOS="755"/>
							<String ID="string_154" HPOS="770" VPOS="625" WIDTH="62" HEIGHT="13" WC="0.96" CONTENT="anses"/><SP WIDTH="15" VPOS="625" HPOS="832"/>
							<String ID="string_155" HPOS="847" VPOS="624" WIDTH="53" HEIGHT="14" WC="0.96" CONTENT="vara"/>
						</TextLine>
						<TextLine ID="line_17" HPOS="72" VPOS="646" WIDTH="829" HEIGHT="30">
							<String ID="string_156" HPOS="72" VPOS="648" WIDTH="95" HEIGHT="28" WC="0.95" CONTENT="lagligen"/><SP WIDTH="22" VPOS="648" HPOS="167"/>
							<String ID="string_157" HPOS="189" VPOS="647" WIDTH="67" HEIGHT="27" WC="0.94" CONTENT="giltig."/><SP WIDTH="30" VPOS="647" HPOS="256"/>
							<String ID="string_158" HPOS="286" VPOS="646" WIDTH="44" HEIGHT="20" WC="0.95" CONTENT="Det"/><SP WIDTH="14" VPOS="646" HPOS="330"/>
							<String ID="string_159" HPOS="344" VPOS="647" WIDTH="23" HEIGHT="19" WC="0.96" CONTENT="är"/><SP WIDTH="23" VPOS="647" HPOS="367"/>
							<String ID="string_160" HPOS="390" VPOS="646" WIDTH="135" HEIGHT="27" WC="0.96" CONTENT="naturligtvis"/><SP WIDTH="15" VPOS="646" HPOS="525"/>
							<String ID="string_161" HPOS="540" VPOS="646" WIDTH="87" HEIGHT="25" WC="0.93" CONTENT="mycket"/><SP WIDTH="16" VPOS="646" HPOS="627"/>
							<String ID="string_162" HPOS="643" VPOS="646" WIDTH="66" HEIGHT="28" WC="0.92" CONTENT="djerft"/><SP WIDTH="15" VPOS="646" HPOS="709"/>
							<String ID="string_163" HPOS="724" VPOS="646" WIDTH="23" HEIGHT="21" WC="0.97" CONTENT="af"/><SP WIDTH="16" VPOS="646" HPOS="747"/>
							<String ID="string_164" HPOS="763" VPOS="647" WIDTH="42" HEIGHT="27" WC="0.95" CONTENT="mig"/><SP WIDTH="16" VPOS="647" HPOS="805"/>
							<String ID="string_165" HPOS="821" VPOS="649" WIDTH="31" HEIGHT="18" WC="0.93" CONTENT="att"/><SP WIDTH="16" VPOS="649" HPOS="852"/>
							<String ID="string_166" HPOS="868" VPOS="649" WIDTH="33" HEIGHT="18" WC="0.92" CONTENT="ut-"/>
						</TextLine>
						<TextLine ID="line_18" HPOS="71" VPOS="674" WIDTH="829" HEIGHT="28">
							<String ID="string_167" HPOS="71" VPOS="677" WIDTH="46" HEIGHT="21" WC="0.93" CONTENT="tala"/><SP WIDTH="15" VPOS="677" HPOS="117"/>
							<String ID="string_168" HPOS="132" VPOS="676" WIDTH="76" HEIGHT="21" WC="0.92" CONTENT="tvifvel"/><SP WIDTH="20" VPOS="676" HPOS="208"/>
							<String ID="string_169" HPOS="228" VPOS="674" WIDTH="110" HEIGHT="28" WC="0.96" CONTENT="angående"/><SP WIDTH="16" VPOS="674" HPOS="338"/>
							<String ID="string_170" HPOS="354" VPOS="682" WIDTH="26" HEIGHT="13" WC="0.93" CONTENT="en"/><SP WIDTH="16" VPOS="682" HPOS="380"/>
							<String ID="string_171" HPOS="396" VPOS="674" WIDTH="61" HEIGHT="28" WC="0.90" CONTENT="åsigt,"/><SP WIDTH="16" VPOS="674" HPOS="457"/>
							<String ID="string_172" HPOS="473" VPOS="681" WIDTH="46" HEIGHT="14" WC="0.93" CONTENT="som"/><SP WIDTH="15" VPOS="681" HPOS="519"/>
							<String ID="string_173" HPOS="534" VPOS="674" WIDTH="107" HEIGHT="28" WC="0.93" CONTENT="uppbäres"/><SP WIDTH="16" VPOS="674" HPOS="641"/>
							<String ID="string_174" HPOS="657" VPOS="674" WIDTH="23" HEIGHT="21" WC="0.96" CONTENT="af"/><SP WIDTH="15" VPOS="674" HPOS="680"/>
							<String ID="string_175" HPOS="695" VPOS="682" WIDTH="27" HEIGHT="14" WC="0.96" CONTENT="en"/><SP WIDTH="15" VPOS="682" HPOS="722"/>
							<String ID="string_176" HPOS="737" VPOS="674" WIDTH="25" HEIGHT="21" WC="0.96" CONTENT="så"/><SP WIDTH="15" VPOS="674" HPOS="762"/>
							<String ID="string_177" HPOS="777" VPOS="674" WIDTH="123" HEIGHT="28" WC="0.95" CONTENT="betydande"/>
						</TextLine>
						<TextLine ID="line_19" HPOS="72" VPOS="702" WIDTH="829" HEIGHT="29">
							<String ID="string_178" HPOS="72" VPOS="705" WIDTH="124" HEIGHT="21" WC="0.91" CONTENT="auktoritet."/><SP WIDTH="29" VPOS="705" HPOS="196"/>
							<String ID="string_179" HPOS="225" VPOS="704" WIDTH="52" HEIGHT="21" WC="0.95" CONTENT="Men"/><SP WIDTH="23" VPOS="704" HPOS="277"/>
							<String ID="string_180" HPOS="300" VPOS="704" WIDTH="36" HEIGHT="27" WC="0.89" CONTENT="jag"/><SP WIDTH="21" VPOS="704" HPOS="336"/>
							<String ID="string_181" HPOS="357" VPOS="702" WIDTH="78" HEIGHT="22" WC="0.89" CONTENT="tillstår"/><SP WIDTH="22" VPOS="702" HPOS="435"/>
							<String ID="string_182" HPOS="457" VPOS="706" WIDTH="32" HEIGHT="18" WC="0.96" CONTENT="att"/><SP WIDTH="21" VPOS="706" HPOS="489"/>
							<String ID="string_183" HPOS="510" VPOS="703" WIDTH="34" HEIGHT="28" WC="0.96" CONTENT="jag"/><SP WIDTH="38" VPOS="703" HPOS="544"/>
							<String ID="string_184" HPOS="582" VPOS="710" WIDTH="22" HEIGHT="14" WC="0.96" CONTENT="har"/><SP WIDTH="23" VPOS="710" HPOS="604"/>
							<String ID="string_185" HPOS="627" VPOS="703" WIDTH="60" HEIGHT="21" WC="0.96" CONTENT="svårt"/><SP WIDTH="22" VPOS="703" HPOS="687"/>
							<String ID="string_186" HPOS="709" VPOS="706" WIDTH="31" HEIGHT="18" WC="0.96" CONTENT="att"/><SP WIDTH="22" VPOS="706" HPOS="740"/>
							<String ID="string_187" HPOS="762" VPOS="703" WIDTH="67" HEIGHT="21" WC="0.93" CONTENT="förstå"/><SP WIDTH="19" VPOS="703" HPOS="829"/>
							<String ID="string_188" HPOS="848" VPOS="703" WIDTH="53" HEIGHT="21" WC="0.92" CONTENT="den-"/>
						</TextLine>
						<TextLine ID="line_20" HPOS="72" VPOS="731" WIDTH="829" HEIGHT="29">
							<String ID="string_189" HPOS="72" VPOS="741" WIDTH="88" HEIGHT="14" WC="0.96" CONTENT="samma."/><SP WIDTH="30" VPOS="741" HPOS="160"/>
							<String ID="string_190" HPOS="190" VPOS="732" WIDTH="42" HEIGHT="22" WC="0.95" CONTENT="Om"/><SP WIDTH="24" VPOS="732" HPOS="232"/>
							<String ID="string_191" HPOS="256" VPOS="732" WIDTH="47" HEIGHT="26" WC="0.95" CONTENT="den,"/><SP WIDTH="15" VPOS="732" HPOS="303"/>
							<String ID="string_192" HPOS="318" VPOS="738" WIDTH="46" HEIGHT="14" WC="0.96" CONTENT="som"/><SP WIDTH="24" VPOS="738" HPOS="364"/>
							<String ID="string_193" HPOS="388" VPOS="731" WIDTH="96" HEIGHT="21" WC="0.93" CONTENT="utfärdar"/><SP WIDTH="21" VPOS="731" HPOS="484"/>
							<String ID="string_194" HPOS="505" VPOS="732" WIDTH="213" HEIGHT="28" WC="0.90" CONTENT="tjenstefullmakten,"/><SP WIDTH="14" VPOS="732" HPOS="718"/>
							<String ID="string_195" HPOS="732" VPOS="732" WIDTH="75" HEIGHT="21" WC="0.92" CONTENT="dervid"/><SP WIDTH="21" VPOS="732" HPOS="807"/>
							<String ID="string_196" HPOS="828" VPOS="732" WIDTH="73" HEIGHT="20" WC="0.92" CONTENT="öfver-"/>
						</TextLine>
						<TextLine ID="line_21" HPOS="72" VPOS="760" WIDTH="829" HEIGHT="28">
							<String ID="string_197" HPOS="72" VPOS="762" WIDTH="85" HEIGHT="22" WC="0.96" CONTENT="skrider"/><SP WIDTH="22" VPOS="762" HPOS="157"/>
							<String ID="string_198" HPOS="179" VPOS="762" WIDTH="47" HEIGHT="20" WC="0.96" CONTENT="sina"/><SP WIDTH="23" VPOS="762" HPOS="226"/>
							<String ID="string_199" HPOS="249" VPOS="760" WIDTH="160" HEIGHT="28" WC="0.96" CONTENT="befogenheter,"/><SP WIDTH="22" VPOS="760" HPOS="409"/>
							<String ID="string_200" HPOS="431" VPOS="760" WIDTH="81" HEIGHT="21" WC="0.96" CONTENT="sådana"/><SP WIDTH="22" VPOS="760" HPOS="512"/>
							<String ID="string_201" HPOS="534" VPOS="760" WIDTH="26" HEIGHT="21" WC="0.96" CONTENT="de"/><SP WIDTH="24" VPOS="760" HPOS="560"/>
							<String ID="string_202" HPOS="584" VPOS="760" WIDTH="22" HEIGHT="21" WC="0.95" CONTENT="af"/><SP WIDTH="15" VPOS="760" HPOS="606"/>
							<String ID="string_203" HPOS="621" VPOS="760" WIDTH="134" HEIGHT="28" WC="0.93" CONTENT="grundlagen"/><SP WIDTH="23" VPOS="760" HPOS="755"/>
							<String ID="string_204" HPOS="778" VPOS="760" WIDTH="73" HEIGHT="22" WC="0.93" CONTENT="blifvit"/><SP WIDTH="15" VPOS="760" HPOS="851"/>
							<String ID="string_205" HPOS="866" VPOS="764" WIDTH="35" HEIGHT="17" WC="0.92" CONTENT="ut-"/>
						</TextLine>
						<TextLine ID="line_22" HPOS="73" VPOS="788" WIDTH="828" HEIGHT="30">
							<String ID="string_206" HPOS="73" VPOS="790" WIDTH="96" HEIGHT="26" WC="0.90" CONTENT="stakade,"/><SP WIDTH="15" VPOS="790" HPOS="169"/>
							<String ID="string_207" HPOS="184" VPOS="790" WIDTH="24" HEIGHT="21" WC="0.96" CONTENT="så"/><SP WIDTH="15" VPOS="790" HPOS="208"/>
							<String ID="string_208" HPOS="223" VPOS="796" WIDTH="63" HEIGHT="22" WC="0.96" CONTENT="synes"/><SP WIDTH="24" VPOS="796" HPOS="286"/>
							<String ID="string_209" HPOS="310" VPOS="789" WIDTH="48" HEIGHT="27" WC="0.96" CONTENT="mig,"/><SP WIDTH="15" VPOS="789" HPOS="358"/>
							<String ID="string_210" HPOS="373" VPOS="792" WIDTH="32" HEIGHT="18" WC="0.93" CONTENT="att"/><SP WIDTH="20" VPOS="792" HPOS="405"/>
							<String ID="string_211" HPOS="425" VPOS="788" WIDTH="137" HEIGHT="22" WC="0.91" CONTENT="fullmaktens"/><SP WIDTH="16" VPOS="788" HPOS="562"/>
							<String ID="string_212" HPOS="578" VPOS="789" WIDTH="100" HEIGHT="27" WC="0.96" CONTENT="giltighet"/><SP WIDTH="15" VPOS="789" HPOS="678"/>
							<String ID="string_213" HPOS="693" VPOS="791" WIDTH="23" HEIGHT="19" WC="0.96" CONTENT="är"/><SP WIDTH="16" VPOS="791" HPOS="716"/>
							<String ID="string_214" HPOS="732" VPOS="789" WIDTH="55" HEIGHT="21" WC="0.93" CONTENT="blott"/><SP WIDTH="14" VPOS="789" HPOS="787"/>
							<String ID="string_215" HPOS="801" VPOS="789" WIDTH="100" HEIGHT="25" WC="0.96" CONTENT="skenbar,"/>
						</TextLine>
						<TextLine ID="line_23" HPOS="73" VPOS="817" WIDTH="828" HEIGHT="29">
							<String ID="string_216" HPOS="73" VPOS="820" WIDTH="50" HEIGHT="21" WC="0.96" CONTENT="icke"/><SP WIDTH="16" VPOS="820" HPOS="123"/>
							<String ID="string_217" HPOS="139" VPOS="818" WIDTH="87" HEIGHT="28" WC="0.95" CONTENT="verklig."/><SP WIDTH="30" VPOS="818" HPOS="226"/>
							<String ID="string_218" HPOS="256" VPOS="817" WIDTH="49" HEIGHT="22" WC="0.96" CONTENT="Och"/><SP WIDTH="19" VPOS="817" HPOS="305"/>
							<String ID="string_219" HPOS="324" VPOS="817" WIDTH="53" HEIGHT="21" WC="0.95" CONTENT="huru"/><SP WIDTH="16" VPOS="817" HPOS="377"/>
							<String ID="string_220" HPOS="393" VPOS="817" WIDTH="69" HEIGHT="21" WC="0.96" CONTENT="skulle"/><SP WIDTH="15" VPOS="817" HPOS="462"/>
							<String ID="string_221" HPOS="477" VPOS="824" WIDTH="26" HEIGHT="14" WC="0.96" CONTENT="en"/><SP WIDTH="16" VPOS="824" HPOS="503"/>
							<String ID="string_222" HPOS="519" VPOS="817" WIDTH="103" HEIGHT="21" WC="0.96" CONTENT="skenbart"/><SP WIDTH="14" VPOS="817" HPOS="622"/>
							<String ID="string_223" HPOS="636" VPOS="818" WIDTH="62" HEIGHT="27" WC="0.96" CONTENT="giltig"/><SP WIDTH="15" VPOS="818" HPOS="698"/>
							<String ID="string_224" HPOS="713" VPOS="818" WIDTH="100" HEIGHT="21" WC="0.96" CONTENT="fullmakt"/><SP WIDTH="14" VPOS="818" HPOS="813"/>
							<String ID="string_225" HPOS="827" VPOS="818" WIDTH="74" HEIGHT="20" WC="0.96" CONTENT="kunna"/>
						</TextLine>
						<TextLine ID="line_24" HPOS="73" VPOS="846" WIDTH="828" HEIGHT="29">
							<String ID="string_226" HPOS="73" VPOS="848" WIDTH="105" HEIGHT="21" WC="0.96" CONTENT="likställas"/><SP WIDTH="16" VPOS="848" HPOS="178"/>
							<String ID="string_227" HPOS="194" VPOS="846" WIDTH="48" HEIGHT="22" WC="0.96" CONTENT="med"/><SP WIDTH="16" VPOS="846" HPOS="242"/>
							<String ID="string_228" HPOS="258" VPOS="854" WIDTH="26" HEIGHT="12" WC="0.96" CONTENT="en"/><SP WIDTH="17" VPOS="854" HPOS="284"/>
							<String ID="string_229" HPOS="301" VPOS="846" WIDTH="96" HEIGHT="28" WC="0.96" CONTENT="verklig?"/><SP WIDTH="16" VPOS="846" HPOS="397"/>
							<String ID="string_230" HPOS="413" VPOS="846" WIDTH="33" HEIGHT="21" WC="0.96" CONTENT="En"/><SP WIDTH="16" VPOS="846" HPOS="446"/>
							<String ID="string_231" HPOS="462" VPOS="853" WIDTH="69" HEIGHT="14" WC="0.96" CONTENT="annan"/><SP WIDTH="15" VPOS="853" HPOS="531"/>
							<String ID="string_232" HPOS="546" VPOS="847" WIDTH="39" HEIGHT="20" WC="0.96" CONTENT="sak"/><SP WIDTH="15" VPOS="847" HPOS="585"/>
							<String ID="string_233" HPOS="600" VPOS="848" WIDTH="29" HEIGHT="24" WC="0.96" CONTENT="är,"/><SP WIDTH="16" VPOS="848" HPOS="629"/>
							<String ID="string_234" HPOS="645" VPOS="854" WIDTH="64" HEIGHT="21" WC="0.96" CONTENT="synes"/><SP WIDTH="16" VPOS="854" HPOS="709"/>
							<String ID="string_235" HPOS="725" VPOS="847" WIDTH="47" HEIGHT="28" WC="0.96" CONTENT="mig,"/><SP WIDTH="17" VPOS="847" HPOS="772"/>
							<String ID="string_236" HPOS="789" VPOS="849" WIDTH="30" HEIGHT="18" WC="0.96" CONTENT="att"/><SP WIDTH="13" VPOS="849" HPOS="819"/>
							<String ID="string_237" HPOS="832" VPOS="846" WIDTH="69" HEIGHT="21" WC="0.96" CONTENT="under"/>
						</TextLine>
						<TextLine ID="line_25" HPOS="73" VPOS="874" WIDTH="828" HEIGHT="29">
							<String ID="string_238" HPOS="73" VPOS="877" WIDTH="159" HEIGHT="21" WC="0.96" CONTENT="revolutionära"/><SP WIDTH="24" VPOS="877" HPOS="232"/>
							<String ID="string_239" HPOS="256" VPOS="874" WIDTH="154" HEIGHT="27" WC="0.96" CONTENT="förhållanden,"/><SP WIDTH="15" VPOS="874" HPOS="410"/>
							<String ID="string_240" HPOS="425" VPOS="882" WIDTH="46" HEIGHT="14" WC="0.96" CONTENT="som"/><SP WIDTH="20" VPOS="882" HPOS="471"/>
							<String ID="string_241" HPOS="491" VPOS="874" WIDTH="26" HEIGHT="22" WC="0.96" CONTENT="de"/><SP WIDTH="17" VPOS="874" HPOS="517"/>
							<String ID="string_242" HPOS="534" VPOS="875" WIDTH="20" HEIGHT="20" WC="0.96" CONTENT="vi"/><SP WIDTH="16" VPOS="875" HPOS="554"/>
							<String ID="string_243" HPOS="570" VPOS="883" WIDTH="28" HEIGHT="12" WC="0.93" CONTENT="nu"/><SP WIDTH="22" VPOS="883" HPOS="598"/>
							<String ID="string_244" HPOS="620" VPOS="875" WIDTH="151" HEIGHT="28" WC="0.91" CONTENT="genomlefvat,"/><SP WIDTH="16" VPOS="875" HPOS="771"/>
							<String ID="string_245" HPOS="787" VPOS="874" WIDTH="114" HEIGHT="22" WC="0.96" CONTENT="samhället"/>
						</TextLine>
						<TextLine ID="line_26" HPOS="74" VPOS="903" WIDTH="827" HEIGHT="29">
							<String ID="string_246" HPOS="74" VPOS="906" WIDTH="43" HEIGHT="21" WC="0.96" CONTENT="kan"/><SP WIDTH="17" VPOS="906" HPOS="117"/>
							<String ID="string_247" HPOS="134" VPOS="905" WIDTH="66" HEIGHT="21" WC="0.96" CONTENT="blifva"/><SP WIDTH="22" VPOS="905" HPOS="200"/>
							<String ID="string_248" HPOS="222" VPOS="906" WIDTH="91" HEIGHT="25" WC="0.96" CONTENT="tvunget"/><SP WIDTH="15" VPOS="906" HPOS="313"/>
							<String ID="string_249" HPOS="328" VPOS="907" WIDTH="32" HEIGHT="17" WC="0.93" CONTENT="ati"/><SP WIDTH="15" VPOS="907" HPOS="360"/>
							<String ID="string_250" HPOS="375" VPOS="903" WIDTH="84" HEIGHT="28" WC="0.92" CONTENT="betjena"/><SP WIDTH="15" VPOS="903" HPOS="459"/>
							<String ID="string_251" HPOS="474" VPOS="904" WIDTH="34" HEIGHT="27" WC="0.96" CONTENT="sig"/><SP WIDTH="15" VPOS="904" HPOS="508"/>
							<String ID="string_252" HPOS="523" VPOS="903" WIDTH="22" HEIGHT="22" WC="0.96" CONTENT="af"/><SP WIDTH="13" VPOS="903" HPOS="545"/>
							<String ID="string_253" HPOS="558" VPOS="903" WIDTH="106" HEIGHT="28" WC="0.96" CONTENT="olagligen"/><SP WIDTH="16" VPOS="903" HPOS="664"/>
							<String ID="string_254" HPOS="680" VPOS="903" WIDTH="116" HEIGHT="22" WC="0.93" CONTENT="utnämnda"/><SP WIDTH="15" VPOS="903" HPOS="796"/>
							<String ID="string_255" HPOS="811" VPOS="905" WIDTH="90" HEIGHT="27" WC="0.93" CONTENT="tjenste-"/>
						</TextLine>
						<TextLine ID="line_27" HPOS="74" VPOS="931" WIDTH="827" HEIGHT="30">
							<String ID="string_256" HPOS="74" VPOS="936" WIDTH="55" HEIGHT="19" WC="0.91" CONTENT="män."/><SP WIDTH="31" VPOS="936" HPOS="129"/>
							<String ID="string_257" HPOS="160" VPOS="933" WIDTH="42" HEIGHT="21" WC="0.96" CONTENT="Det"/><SP WIDTH="16" VPOS="933" HPOS="202"/>
							<String ID="string_258" HPOS="218" VPOS="933" WIDTH="41" HEIGHT="21" WC="0.90" CONTENT="kan"/><SP WIDTH="23" VPOS="933" HPOS="259"/>
							<String ID="string_259" HPOS="282" VPOS="931" WIDTH="91" HEIGHT="27" WC="0.90" CONTENT="inträfta,"/><SP WIDTH="16" VPOS="931" HPOS="373"/>
							<String ID="string_260" HPOS="389" VPOS="935" WIDTH="31" HEIGHT="18" WC="0.96" CONTENT="att"/><SP WIDTH="23" VPOS="935" HPOS="420"/>
							<String ID="string_261" HPOS="443" VPOS="932" WIDTH="96" HEIGHT="21" WC="0.96" CONTENT="enskilda"/><SP WIDTH="21" VPOS="932" HPOS="539"/>
							<String ID="string_262" HPOS="560" VPOS="932" WIDTH="140" HEIGHT="29" WC="0.95" CONTENT="medborgare"/><SP WIDTH="16" VPOS="932" HPOS="700"/>
							<String ID="string_263" HPOS="716" VPOS="940" WIDTH="23" HEIGHT="13" WC="0.96" CONTENT="se"/><SP WIDTH="16" VPOS="940" HPOS="739"/>
							<String ID="string_264" HPOS="755" VPOS="933" WIDTH="33" HEIGHT="27" WC="0.96" CONTENT="sig"/><SP WIDTH="15" VPOS="933" HPOS="788"/>
							<String ID="string_265" HPOS="803" VPOS="935" WIDTH="98" HEIGHT="25" WC="0.96" CONTENT="tvungna"/>
						</TextLine>
						<TextLine ID="line_28" HPOS="73" VPOS="961" WIDTH="828" HEIGHT="28">
							<String ID="string_266" HPOS="73" VPOS="966" WIDTH="33" HEIGHT="18" WC="0.96" CONTENT="att"/><SP WIDTH="16" VPOS="966" HPOS="106"/>
							<String ID="string_267" HPOS="122" VPOS="962" WIDTH="69" HEIGHT="21" WC="0.96" CONTENT="vända"/><SP WIDTH="16" VPOS="962" HPOS="191"/>
							<String ID="string_268" HPOS="207" VPOS="962" WIDTH="33" HEIGHT="27" WC="0.96" CONTENT="sig"/><SP WIDTH="15" VPOS="962" HPOS="240"/>
							<String ID="string_269" HPOS="255" VPOS="961" WIDTH="31" HEIGHT="20" WC="0.96" CONTENT="till"/><SP WIDTH="16" VPOS="961" HPOS="286"/>
							<String ID="string_270" HPOS="302" VPOS="961" WIDTH="28" HEIGHT="20" WC="0.96" CONTENT="de"/><SP WIDTH="14" VPOS="961" HPOS="330"/>
							<String ID="string_271" HPOS="344" VPOS="961" WIDTH="95" HEIGHT="21" WC="0.93" CONTENT="faktiska"/><SP WIDTH="16" VPOS="961" HPOS="439"/>
							<String ID="string_272" HPOS="455" VPOS="961" WIDTH="246" HEIGHT="28" WC="0.92" CONTENT="tjensteinnehafvarena"/><SP WIDTH="17" VPOS="961" HPOS="701"/>
							<String ID="string_273" HPOS="718" VPOS="961" WIDTH="33" HEIGHT="21" WC="0.96" CONTENT="för"/><SP WIDTH="16" VPOS="961" HPOS="751"/>
							<String ID="string_274" HPOS="767" VPOS="964" WIDTH="30" HEIGHT="18" WC="0.96" CONTENT="att"/><SP WIDTH="16" VPOS="964" HPOS="797"/>
							<String ID="string_275" HPOS="813" VPOS="961" WIDTH="22" HEIGHT="21" WC="0.96" CONTENT="få"/><SP WIDTH="19" VPOS="961" HPOS="835"/>
							<String ID="string_276" HPOS="854" VPOS="962" WIDTH="47" HEIGHT="20" WC="0.96" CONTENT="sina"/>
						</TextLine>
						<TextLine ID="line_29" HPOS="73" VPOS="989" WIDTH="828" HEIGHT="30">
							<String ID="string_277" HPOS="73" VPOS="990" WIDTH="181" HEIGHT="29" WC="0.89" CONTENT="angelägenheter"/><SP WIDTH="22" VPOS="990" HPOS="254"/>
							<String ID="string_278" HPOS="276" VPOS="989" WIDTH="96" HEIGHT="26" WC="0.96" CONTENT="utredda,"/><SP WIDTH="23" VPOS="989" HPOS="372"/>
							<String ID="string_279" HPOS="395" VPOS="989" WIDTH="88" HEIGHT="21" WC="0.96" CONTENT="emedan"/><SP WIDTH="24" VPOS="989" HPOS="483"/>
							<String ID="string_280" HPOS="507" VPOS="989" WIDTH="63" HEIGHT="28" WC="0.96" CONTENT="ingen"/><SP WIDTH="23" VPOS="989" HPOS="570"/>
							<String ID="string_281" HPOS="593" VPOS="997" WIDTH="71" HEIGHT="13" WC="0.96" CONTENT="annan"/><SP WIDTH="23" VPOS="997" HPOS="664"/>
							<String ID="string_282" HPOS="687" VPOS="992" WIDTH="66" HEIGHT="25" WC="0.92" CONTENT="utväg"/><SP WIDTH="25" VPOS="992" HPOS="753"/>
							<String ID="string_283" HPOS="778" VPOS="990" WIDTH="123" HEIGHT="21" WC="0.90" CONTENT="förefinnes."/>
						</TextLine>
						<TextLine ID="line_30" HPOS="75" VPOS="1017" WIDTH="826" HEIGHT="30">
							<String ID="string_284" HPOS="75" VPOS="1020" WIDTH="48" HEIGHT="21" WC="0.96" CONTENT="Här"/><SP WIDTH="22" VPOS="1020" HPOS="123"/>
							<String ID="string_285" HPOS="145" VPOS="1019" WIDTH="114" HEIGHT="28" WC="0.96" CONTENT="föreligger"/><SP WIDTH="21" VPOS="1019" HPOS="259"/>
							<String ID="string_286" HPOS="280" VPOS="1018" WIDTH="60" HEIGHT="21" WC="0.96" CONTENT="force"/><SP WIDTH="23" VPOS="1018" HPOS="340"/>
							<String ID="string_287" HPOS="363" VPOS="1018" WIDTH="99" HEIGHT="28" WC="0.96" CONTENT="majeure,"/><SP WIDTH="23" VPOS="1018" HPOS="462"/>
							<String ID="string_288" HPOS="485" VPOS="1025" WIDTH="46" HEIGHT="14" WC="0.96" CONTENT="men"/><SP WIDTH="17" VPOS="1025" HPOS="531"/>
							<String ID="string_289" HPOS="548" VPOS="1017" WIDTH="28" HEIGHT="22" WC="0.96" CONTENT="då"/><SP WIDTH="21" VPOS="1017" HPOS="576"/>
							<String ID="string_290" HPOS="597" VPOS="1018" WIDTH="42" HEIGHT="21" WC="0.96" CONTENT="den"/><SP WIDTH="16" VPOS="1018" HPOS="639"/>
							<String ID="string_291" HPOS="655" VPOS="1018" WIDTH="89" HEIGHT="28" WC="0.96" CONTENT="upphör,"/><SP WIDTH="23" VPOS="1018" HPOS="744"/>
							<String ID="string_292" HPOS="767" VPOS="1018" WIDTH="24" HEIGHT="21" WC="0.96" CONTENT="så"/><SP WIDTH="15" VPOS="1018" HPOS="791"/>
							<String ID="string_293" HPOS="806" VPOS="1020" WIDTH="23" HEIGHT="19" WC="0.93" CONTENT="är"/><SP WIDTH="15" VPOS="1020" HPOS="829"/>
							<String ID="string_294" HPOS="844" VPOS="1026" WIDTH="57" HEIGHT="13" WC="0.92" CONTENT="sam-"/>
						</TextLine>
						<TextLine ID="line_31" HPOS="75" VPOS="1046" WIDTH="826" HEIGHT="29">
							<String ID="string_295" HPOS="75" VPOS="1048" WIDTH="66" HEIGHT="21" WC="0.96" CONTENT="hället"/><SP WIDTH="22" VPOS="1048" HPOS="141"/>
							<String ID="string_296" HPOS="163" VPOS="1048" WIDTH="47" HEIGHT="21" WC="0.96" CONTENT="icke"/><SP WIDTH="16" VPOS="1048" HPOS="210"/>
							<String ID="string_297" HPOS="226" VPOS="1047" WIDTH="72" HEIGHT="21" WC="0.96" CONTENT="längre"/><SP WIDTH="23" VPOS="1047" HPOS="298"/>
							<String ID="string_298" HPOS="321" VPOS="1046" WIDTH="96" HEIGHT="29" WC="0.96" CONTENT="skyldigt"/><SP WIDTH="22" VPOS="1046" HPOS="417"/>
							<String ID="string_299" HPOS="439" VPOS="1046" WIDTH="93" HEIGHT="21" WC="0.93" CONTENT="erkänna"/><SP WIDTH="22" VPOS="1046" HPOS="532"/>
							<String ID="string_300" HPOS="554" VPOS="1047" WIDTH="166" HEIGHT="21" WC="0.91" CONTENT="innehafvarnes"/><SP WIDTH="21" VPOS="1047" HPOS="720"/>
							<String ID="string_301" HPOS="741" VPOS="1049" WIDTH="42" HEIGHT="19" WC="0.96" CONTENT="rätt"/><SP WIDTH="15" VPOS="1049" HPOS="783"/>
							<String ID="string_302" HPOS="798" VPOS="1047" WIDTH="31" HEIGHT="21" WC="0.93" CONTENT="till"/><SP WIDTH="16" VPOS="1047" HPOS="829"/>
							<String ID="string_303" HPOS="845" VPOS="1048" WIDTH="56" HEIGHT="27" WC="0.92" CONTENT="tjen-"/>
						</TextLine>
						<TextLine ID="line_32" HPOS="74" VPOS="1051" WIDTH="827" HEIGHT="54">
							<String ID="string_304" HPOS="74" VPOS="1081" WIDTH="79" HEIGHT="17" WC="0.92" CONTENT="sterna."/><SP WIDTH="30" VPOS="1081" HPOS="153"/>
							<String ID="string_305" HPOS="183" VPOS="1075" WIDTH="47" HEIGHT="23" WC="0.96" CONTENT="Och"/><SP WIDTH="19" VPOS="1075" HPOS="230"/>
							<String ID="string_306" HPOS="249" VPOS="1051" WIDTH="71" HEIGHT="54" WC="0.96" CONTENT="deraf,"/><SP WIDTH="15" VPOS="1051" HPOS="320"/>
							<String ID="string_307" HPOS="335" VPOS="1079" WIDTH="31" HEIGHT="17" WC="0.96" CONTENT="att"/><SP WIDTH="23" VPOS="1079" HPOS="366"/>
							<String ID="string_308" HPOS="389" VPOS="1083" WIDTH="47" HEIGHT="13" WC="0.95" CONTENT="man"/><SP WIDTH="16" VPOS="1083" HPOS="436"/>
							<String ID="string_309" HPOS="452" VPOS="1075" WIDTH="106" HEIGHT="21" WC="0.96" CONTENT="förklarar"/><SP WIDTH="14" VPOS="1075" HPOS="558"/>
							<String ID="string_310" HPOS="572" VPOS="1075" WIDTH="62" HEIGHT="22" WC="0.93" CONTENT="deras"/><SP WIDTH="16" VPOS="1075" HPOS="634"/>
							<String ID="string_311" HPOS="650" VPOS="1075" WIDTH="124" HEIGHT="21" WC="0.91" CONTENT="fullmakter"/><SP WIDTH="15" VPOS="1075" HPOS="774"/>
							<String ID="string_312" HPOS="789" VPOS="1076" WIDTH="112" HEIGHT="27" WC="0.92" CONTENT="rättsligen"/>
						</TextLine>
						<TextLine ID="line_33" HPOS="75" VPOS="1103" WIDTH="827" HEIGHT="30">
							<String ID="string_313" HPOS="75" VPOS="1105" WIDTH="90" HEIGHT="28" WC="0.96" CONTENT="ogiltiga"/><SP WIDTH="15" VPOS="1105" HPOS="165"/>
							<String ID="string_314" HPOS="180" VPOS="1105" WIDTH="40" HEIGHT="21" WC="0.96" CONTENT="och"/><SP WIDTH="16" VPOS="1105" HPOS="220"/>
							<String ID="string_315" HPOS="236" VPOS="1104" WIDTH="26" HEIGHT="21" WC="0.96" CONTENT="de"/><SP WIDTH="16" VPOS="1104" HPOS="262"/>
							<String ID="string_316" HPOS="278" VPOS="1104" WIDTH="77" HEIGHT="28" WC="0.96" CONTENT="sjelfva"/><SP WIDTH="16" VPOS="1104" HPOS="355"/>
							<String ID="string_317" HPOS="371" VPOS="1103" WIDTH="98" HEIGHT="28" WC="0.96" CONTENT="skyldiga"/><SP WIDTH="16" VPOS="1103" HPOS="469"/>
							<String ID="string_318" HPOS="485" VPOS="1107" WIDTH="32" HEIGHT="18" WC="0.93" CONTENT="att"/><SP WIDTH="14" VPOS="1107" HPOS="517"/>
							<String ID="string_319" HPOS="531" VPOS="1103" WIDTH="56" HEIGHT="28" WC="0.92" CONTENT="afgå,"/><SP WIDTH="15" VPOS="1103" HPOS="587"/>
							<String ID="string_320" HPOS="602" VPOS="1111" WIDTH="64" HEIGHT="21" WC="0.96" CONTENT="synes"/><SP WIDTH="17" VPOS="1111" HPOS="666"/>
							<String ID="string_321" HPOS="683" VPOS="1105" WIDTH="42" HEIGHT="26" WC="0.96" CONTENT="mig"/><SP WIDTH="15" VPOS="1105" HPOS="725"/>
							<String ID="string_322" HPOS="740" VPOS="1104" WIDTH="48" HEIGHT="21" WC="0.93" CONTENT="icke"/><SP WIDTH="16" VPOS="1104" HPOS="788"/>
							<String ID="string_323" HPOS="804" VPOS="1104" WIDTH="98" HEIGHT="21" WC="0.91" CONTENT="nödvän-"/>
						</TextLine>
						<TextLine ID="line_34" HPOS="75" VPOS="1132" WIDTH="825" HEIGHT="30">
							<String ID="string_324" HPOS="75" VPOS="1134" WIDTH="48" HEIGHT="28" WC="0.95" CONTENT="digt"/><SP WIDTH="15" VPOS="1134" HPOS="123"/>
							<String ID="string_325" HPOS="138" VPOS="1133" WIDTH="50" HEIGHT="28" WC="0.96" CONTENT="följa"/><SP WIDTH="16" VPOS="1133" HPOS="188"/>
							<String ID="string_326" HPOS="204" VPOS="1135" WIDTH="31" HEIGHT="19" WC="0.95" CONTENT="att"/><SP WIDTH="15" VPOS="1135" HPOS="235"/>
							<String ID="string_327" HPOS="250" VPOS="1140" WIDTH="47" HEIGHT="13" WC="0.96" CONTENT="man"/><SP WIDTH="17" VPOS="1140" HPOS="297"/>
							<String ID="string_328" HPOS="314" VPOS="1133" WIDTH="67" HEIGHT="20" WC="0.96" CONTENT="måste"/><SP WIDTH="16" VPOS="1133" HPOS="381"/>
							<String ID="string_329" HPOS="397" VPOS="1133" WIDTH="93" HEIGHT="20" WC="0.96" CONTENT="förklara"/><SP WIDTH="16" VPOS="1133" HPOS="490"/>
							<String ID="string_330" HPOS="506" VPOS="1132" WIDTH="33" HEIGHT="21" WC="0.93" CONTENT="för"/><SP WIDTH="15" VPOS="1132" HPOS="539"/>
							<String ID="string_331" HPOS="554" VPOS="1132" WIDTH="108" HEIGHT="22" WC="0.91" CONTENT="nulliteter"/><SP WIDTH="15" VPOS="1132" HPOS="662"/>
							<String ID="string_332" HPOS="677" VPOS="1133" WIDTH="41" HEIGHT="20" WC="0.96" CONTENT="alla"/><SP WIDTH="15" VPOS="1133" HPOS="718"/>
							<String ID="string_333" HPOS="733" VPOS="1133" WIDTH="105" HEIGHT="27" WC="0.96" CONTENT="åtgärder,"/><SP WIDTH="15" VPOS="1133" HPOS="838"/>
							<String ID="string_334" HPOS="853" VPOS="1141" WIDTH="47" HEIGHT="13" WC="0.96" CONTENT="som"/>
						</TextLine>
						<TextLine ID="line_35" HPOS="75" VPOS="1161" WIDTH="828" HEIGHT="28">
							<String ID="string_335" HPOS="75" VPOS="1163" WIDTH="28" HEIGHT="20" WC="0.96" CONTENT="de"/><SP WIDTH="16" VPOS="1163" HPOS="103"/>
							<String ID="string_336" HPOS="119" VPOS="1162" WIDTH="91" HEIGHT="21" WC="0.96" CONTENT="faktiskt"/><SP WIDTH="19" VPOS="1162" HPOS="210"/>
							<String ID="string_337" HPOS="229" VPOS="1161" WIDTH="97" HEIGHT="28" WC="0.95" CONTENT="vidtagit."/><SP WIDTH="30" VPOS="1161" HPOS="326"/>
							<String ID="string_338" HPOS="356" VPOS="1161" WIDTH="43" HEIGHT="21" WC="0.96" CONTENT="Det"/><SP WIDTH="14" VPOS="1161" HPOS="399"/>
							<String ID="string_339" HPOS="413" VPOS="1163" WIDTH="24" HEIGHT="19" WC="0.96" CONTENT="är"/><SP WIDTH="14" VPOS="1163" HPOS="437"/>
							<String ID="string_340" HPOS="451" VPOS="1161" WIDTH="42" HEIGHT="28" WC="0.96" CONTENT="just"/><SP WIDTH="16" VPOS="1161" HPOS="493"/>
							<String ID="string_341" HPOS="509" VPOS="1161" WIDTH="80" HEIGHT="28" WC="0.96" CONTENT="följden"/><SP WIDTH="16" VPOS="1161" HPOS="589"/>
							<String ID="string_342" HPOS="605" VPOS="1161" WIDTH="23" HEIGHT="21" WC="0.96" CONTENT="af"/><SP WIDTH="16" VPOS="1161" HPOS="628"/>
							<String ID="string_343" HPOS="644" VPOS="1164" WIDTH="31" HEIGHT="18" WC="0.96" CONTENT="ett"/><SP WIDTH="15" VPOS="1164" HPOS="675"/>
							<String ID="string_344" HPOS="690" VPOS="1161" WIDTH="153" HEIGHT="22" WC="0.91" CONTENT="revolutionärt"/><SP WIDTH="15" VPOS="1161" HPOS="843"/>
							<String ID="string_345" HPOS="858" VPOS="1161" WIDTH="45" HEIGHT="22" WC="0.91" CONTENT="till-"/>
						</TextLine>
						<TextLine ID="line_36" HPOS="75" VPOS="1190" WIDTH="827" HEIGHT="28">
							<String ID="string_346" HPOS="75" VPOS="1191" WIDTH="72" HEIGHT="26" WC="0.96" CONTENT="stånd,"/><SP WIDTH="14" VPOS="1191" HPOS="147"/>
							<String ID="string_347" HPOS="161" VPOS="1198" WIDTH="45" HEIGHT="13" WC="0.96" CONTENT="som"/><SP WIDTH="16" VPOS="1198" HPOS="206"/>
							<String ID="string_348" HPOS="222" VPOS="1190" WIDTH="61" HEIGHT="21" WC="0.96" CONTENT="räckt"/><SP WIDTH="15" VPOS="1190" HPOS="283"/>
							<String ID="string_349" HPOS="298" VPOS="1193" WIDTH="31" HEIGHT="18" WC="0.96" CONTENT="ett"/><SP WIDTH="14" VPOS="1193" HPOS="329"/>
							<String ID="string_350" HPOS="343" VPOS="1190" WIDTH="58" HEIGHT="21" WC="0.96" CONTENT="antal"/><SP WIDTH="15" VPOS="1190" HPOS="401"/>
							<String ID="string_351" HPOS="416" VPOS="1190" WIDTH="30" HEIGHT="26" WC="0.96" CONTENT="år,"/><SP WIDTH="15" VPOS="1190" HPOS="446"/>
							<String ID="string_352" HPOS="461" VPOS="1193" WIDTH="31" HEIGHT="18" WC="0.96" CONTENT="att"/><SP WIDTH="15" VPOS="1193" HPOS="492"/>
							<String ID="string_353" HPOS="507" VPOS="1197" WIDTH="47" HEIGHT="14" WC="0.96" CONTENT="man"/><SP WIDTH="17" VPOS="1197" HPOS="554"/>
							<String ID="string_354" HPOS="571" VPOS="1190" WIDTH="47" HEIGHT="21" WC="0.96" CONTENT="icke"/><SP WIDTH="17" VPOS="1190" HPOS="618"/>
							<String ID="string_355" HPOS="635" VPOS="1190" WIDTH="41" HEIGHT="21" WC="0.93" CONTENT="kan"/><SP WIDTH="16" VPOS="1190" HPOS="676"/>
							<String ID="string_356" HPOS="692" VPOS="1190" WIDTH="110" HEIGHT="28" WC="0.92" CONTENT="upphäfva"/><SP WIDTH="15" VPOS="1190" HPOS="802"/>
							<String ID="string_357" HPOS="817" VPOS="1191" WIDTH="42" HEIGHT="20" WC="0.96" CONTENT="alla"/><SP WIDTH="15" VPOS="1191" HPOS="859"/>
							<String ID="string_358" HPOS="874" VPOS="1190" WIDTH="28" HEIGHT="21" WC="0.96" CONTENT="de"/>
						</TextLine>
						<TextLine ID="line_37" HPOS="75" VPOS="1218" WIDTH="827" HEIGHT="28">
							<String ID="string_359" HPOS="75" VPOS="1219" WIDTH="108" HEIGHT="22" WC="0.91" CONTENT="derunder"/><SP WIDTH="22" VPOS="1219" HPOS="183"/>
							<String ID="string_360" HPOS="205" VPOS="1219" WIDTH="103" HEIGHT="27" WC="0.96" CONTENT="vidtagna"/><SP WIDTH="15" VPOS="1219" HPOS="308"/>
							<String ID="string_361" HPOS="323" VPOS="1218" WIDTH="132" HEIGHT="28" WC="0.96" CONTENT="åtgärderna,"/><SP WIDTH="16" VPOS="1218" HPOS="455"/>
							<String ID="string_362" HPOS="471" VPOS="1218" WIDTH="88" HEIGHT="21" WC="0.96" CONTENT="emedan"/><SP WIDTH="17" VPOS="1218" HPOS="559"/>
							<String ID="string_363" HPOS="576" VPOS="1218" WIDTH="36" HEIGHT="21" WC="0.96" CONTENT="det"/><SP WIDTH="15" VPOS="1218" HPOS="612"/>
							<String ID="string_364" HPOS="627" VPOS="1219" WIDTH="69" HEIGHT="20" WC="0.96" CONTENT="skulle"/><SP WIDTH="16" VPOS="1219" HPOS="696"/>
							<String ID="string_365" HPOS="712" VPOS="1218" WIDTH="48" HEIGHT="21" WC="0.96" CONTENT="leda"/><SP WIDTH="15" VPOS="1218" HPOS="760"/>
							<String ID="string_366" HPOS="775" VPOS="1219" WIDTH="32" HEIGHT="20" WC="0.96" CONTENT="till"/><SP WIDTH="16" VPOS="1219" HPOS="807"/>
							<String ID="string_367" HPOS="823" VPOS="1219" WIDTH="79" HEIGHT="21" WC="0.96" CONTENT="allmän"/>
						</TextLine>
						<TextLine ID="line_38" HPOS="76" VPOS="1247" WIDTH="827" HEIGHT="28">
							<String ID="string_368" HPOS="76" VPOS="1249" WIDTH="121" HEIGHT="26" WC="0.96" CONTENT="förvirring,"/><SP WIDTH="16" VPOS="1249" HPOS="197"/>
							<String ID="string_369" HPOS="213" VPOS="1247" WIDTH="76" HEIGHT="21" WC="0.93" CONTENT="allmän"/><SP WIDTH="16" VPOS="1247" HPOS="289"/>
							<String ID="string_370" HPOS="305" VPOS="1247" WIDTH="173" HEIGHT="21" WC="0.90" CONTENT="rättsosäkerhet."/><SP WIDTH="30" VPOS="1247" HPOS="478"/>
							<String ID="string_371" HPOS="508" VPOS="1247" WIDTH="38" HEIGHT="21" WC="0.94" CONTENT="Ett"/><SP WIDTH="15" VPOS="1247" HPOS="546"/>
							<String ID="string_372" HPOS="561" VPOS="1247" WIDTH="24" HEIGHT="21" WC="0.96" CONTENT="så"/><SP WIDTH="15" VPOS="1247" HPOS="585"/>
							<String ID="string_373" HPOS="600" VPOS="1247" WIDTH="137" HEIGHT="28" WC="0.93" CONTENT="hänsynslöst"/><SP WIDTH="18" VPOS="1247" HPOS="737"/>
							<String ID="string_374" HPOS="755" VPOS="1247" WIDTH="108" HEIGHT="22" WC="0.92" CONTENT="häfdande"/><SP WIDTH="16" VPOS="1247" HPOS="863"/>
							<String ID="string_375" HPOS="879" VPOS="1247" WIDTH="24" HEIGHT="21" WC="0.96" CONTENT="af"/>
						</TextLine>
						<TextLine ID="line_39" HPOS="76" VPOS="1275" WIDTH="826" HEIGHT="30">
							<String ID="string_376" HPOS="76" VPOS="1277" WIDTH="129" HEIGHT="28" WC="0.95" CONTENT="lagligheten"/><SP WIDTH="23" VPOS="1277" HPOS="205"/>
							<String ID="string_377" HPOS="228" VPOS="1276" WIDTH="69" HEIGHT="21" WC="0.96" CONTENT="skulle"/><SP WIDTH="15" VPOS="1276" HPOS="297"/>
							<String ID="string_378" HPOS="312" VPOS="1275" WIDTH="32" HEIGHT="22" WC="0.96" CONTENT="slå"/><SP WIDTH="23" VPOS="1275" HPOS="344"/>
							<String ID="string_379" HPOS="367" VPOS="1275" WIDTH="62" HEIGHT="22" WC="0.96" CONTENT="öfver"/><SP WIDTH="15" VPOS="1275" HPOS="429"/>
							<String ID="string_380" HPOS="444" VPOS="1277" WIDTH="5" HEIGHT="20" WC="0.96" CONTENT="i"/><SP WIDTH="17" VPOS="1277" HPOS="449"/>
							<String ID="string_381" HPOS="466" VPOS="1276" WIDTH="32" HEIGHT="21" WC="0.96" CONTENT="sin"/><SP WIDTH="21" VPOS="1276" HPOS="498"/>
							<String ID="string_382" HPOS="519" VPOS="1279" WIDTH="88" HEIGHT="18" WC="0.96" CONTENT="motsats"/><SP WIDTH="16" VPOS="1279" HPOS="607"/>
							<String ID="string_383" HPOS="623" VPOS="1276" WIDTH="41" HEIGHT="21" WC="0.96" CONTENT="och"/><SP WIDTH="16" VPOS="1276" HPOS="664"/>
							<String ID="string_384" HPOS="680" VPOS="1275" WIDTH="55" HEIGHT="22" WC="0.93" CONTENT="vålla"/><SP WIDTH="16" VPOS="1275" HPOS="735"/>
							<String ID="string_385" HPOS="751" VPOS="1276" WIDTH="67" HEIGHT="26" WC="0.92" CONTENT="ofärd,"/><SP WIDTH="17" VPOS="1276" HPOS="818"/>
							<String ID="string_386" HPOS="835" VPOS="1276" WIDTH="67" HEIGHT="21" WC="0.96" CONTENT="ehuru"/>
						</TextLine>
						<TextLine ID="line_40" HPOS="76" VPOS="1304" WIDTH="827" HEIGHT="29">
							<String ID="string_387" HPOS="76" VPOS="1305" WIDTH="58" HEIGHT="22" WC="0.96" CONTENT="dock"/><SP WIDTH="23" VPOS="1305" HPOS="134"/>
							<String ID="string_388" HPOS="157" VPOS="1305" WIDTH="27" HEIGHT="21" WC="0.95" CONTENT="all"/><SP WIDTH="15" VPOS="1305" HPOS="184"/>
							<String ID="string_389" HPOS="199" VPOS="1305" WIDTH="35" HEIGHT="27" WC="0.95" CONTENT="lag"/><SP WIDTH="22" VPOS="1305" HPOS="234"/>
							<String ID="string_390" HPOS="256" VPOS="1305" WIDTH="99" HEIGHT="27" WC="0.96" CONTENT="slutligen"/><SP WIDTH="24" VPOS="1305" HPOS="355"/>
							<String ID="string_391" HPOS="379" VPOS="1304" WIDTH="68" HEIGHT="21" WC="0.96" CONTENT="måste"/><SP WIDTH="16" VPOS="1304" HPOS="447"/>
							<String ID="string_392" HPOS="463" VPOS="1304" WIDTH="64" HEIGHT="21" WC="0.96" CONTENT="hafva"/><SP WIDTH="23" VPOS="1304" HPOS="527"/>
							<String ID="string_393" HPOS="550" VPOS="1304" WIDTH="32" HEIGHT="21" WC="0.96" CONTENT="till"/><SP WIDTH="15" VPOS="1304" HPOS="582"/>
							<String ID="string_394" HPOS="597" VPOS="1304" WIDTH="98" HEIGHT="21" WC="0.96" CONTENT="ändamål"/><SP WIDTH="17" VPOS="1304" HPOS="695"/>
							<String ID="string_395" HPOS="712" VPOS="1307" WIDTH="31" HEIGHT="18" WC="0.96" CONTENT="att"/><SP WIDTH="15" VPOS="1307" HPOS="743"/>
							<String ID="string_396" HPOS="758" VPOS="1305" WIDTH="145" HEIGHT="28" WC="0.96" CONTENT="upprätthålla"/>
						</TextLine>
						<TextLine ID="line_41" HPOS="76" VPOS="1333" WIDTH="827" HEIGHT="29">
							<String ID="string_397" HPOS="76" VPOS="1333" WIDTH="78" HEIGHT="22" WC="0.96" CONTENT="allmän"/><SP WIDTH="16" VPOS="1333" HPOS="154"/>
							<String ID="string_398" HPOS="170" VPOS="1333" WIDTH="91" HEIGHT="27" WC="0.96" CONTENT="ordning"/><SP WIDTH="15" VPOS="1333" HPOS="261"/>
							<String ID="string_399" HPOS="276" VPOS="1333" WIDTH="39" HEIGHT="21" WC="0.96" CONTENT="och"/><SP WIDTH="16" VPOS="1333" HPOS="315"/>
							<String ID="string_400" HPOS="331" VPOS="1333" WIDTH="88" HEIGHT="21" WC="0.96" CONTENT="allmänt"/><SP WIDTH="16" VPOS="1333" HPOS="419"/>
							<String ID="string_401" HPOS="435" VPOS="1333" WIDTH="40" HEIGHT="21" WC="0.94" CONTENT="väl."/><SP WIDTH="29" VPOS="1333" HPOS="475"/>
							<String ID="string_402" HPOS="504" VPOS="1333" WIDTH="52" HEIGHT="21" WC="0.96" CONTENT="Men"/><SP WIDTH="16" VPOS="1333" HPOS="556"/>
							<String ID="string_403" HPOS="572" VPOS="1336" WIDTH="32" HEIGHT="17" WC="0.96" CONTENT="att"/><SP WIDTH="15" VPOS="1336" HPOS="604"/>
							<String ID="string_404" HPOS="619" VPOS="1333" WIDTH="112" HEIGHT="22" WC="0.94" CONTENT="samhället"/><SP WIDTH="16" VPOS="1333" HPOS="731"/>
							<String ID="string_405" HPOS="747" VPOS="1341" WIDTH="50" HEIGHT="13" WC="0.96" CONTENT="vore"/><SP WIDTH="10" VPOS="1341" HPOS="797"/>
							<String ID="string_406" HPOS="807" VPOS="1333" WIDTH="96" HEIGHT="29" WC="0.96" CONTENT="skyldigt"/>
						</TextLine>
						<TextLine ID="line_42" HPOS="77" VPOS="1361" WIDTH="826" HEIGHT="28">
							<String ID="string_407" HPOS="77" VPOS="1362" WIDTH="94" HEIGHT="22" WC="0.96" CONTENT="erkänna"/><SP WIDTH="16" VPOS="1362" HPOS="171"/>
							<String ID="string_408" HPOS="187" VPOS="1362" WIDTH="41" HEIGHT="21" WC="0.96" CONTENT="alla"/><SP WIDTH="16" VPOS="1362" HPOS="228"/>
							<String ID="string_409" HPOS="244" VPOS="1362" WIDTH="53" HEIGHT="25" WC="0.96" CONTENT="dem,"/><SP WIDTH="15" VPOS="1362" HPOS="297"/>
							<String ID="string_410" HPOS="312" VPOS="1369" WIDTH="46" HEIGHT="13" WC="0.96" CONTENT="som"/><SP WIDTH="16" VPOS="1369" HPOS="358"/>
							<String ID="string_411" HPOS="374" VPOS="1361" WIDTH="92" HEIGHT="28" WC="0.95" CONTENT="vidtagit"/><SP WIDTH="15" VPOS="1361" HPOS="466"/>
							<String ID="string_412" HPOS="481" VPOS="1361" WIDTH="63" HEIGHT="22" WC="0.96" CONTENT="dessa"/><SP WIDTH="15" VPOS="1361" HPOS="544"/>
							<String ID="string_413" HPOS="559" VPOS="1361" WIDTH="105" HEIGHT="28" WC="0.96" CONTENT="åtgärder,"/><SP WIDTH="16" VPOS="1361" HPOS="664"/>
							<String ID="string_414" HPOS="680" VPOS="1361" WIDTH="72" HEIGHT="22" WC="0.96" CONTENT="hvilka"/><SP WIDTH="17" VPOS="1361" HPOS="752"/>
							<String ID="string_415" HPOS="769" VPOS="1362" WIDTH="48" HEIGHT="21" WC="0.96" CONTENT="icke"/><SP WIDTH="14" VPOS="1362" HPOS="817"/>
							<String ID="string_416" HPOS="831" VPOS="1363" WIDTH="72" HEIGHT="20" WC="0.96" CONTENT="kunna"/>
						</TextLine>
						<TextLine ID="line_43" HPOS="78" VPOS="1390" WIDTH="826" HEIGHT="29">
							<String ID="string_417" HPOS="78" VPOS="1391" WIDTH="74" HEIGHT="21" WC="0.96" CONTENT="vidare"/><SP WIDTH="16" VPOS="1391" HPOS="152"/>
							<String ID="string_418" HPOS="168" VPOS="1391" WIDTH="83" HEIGHT="26" WC="0.96" CONTENT="rubbas,"/><SP WIDTH="15" VPOS="1391" HPOS="251"/>
							<String ID="string_419" HPOS="266" VPOS="1390" WIDTH="69" HEIGHT="21" WC="0.96" CONTENT="såsom"/><SP WIDTH="17" VPOS="1390" HPOS="335"/>
							<String ID="string_420" HPOS="352" VPOS="1390" WIDTH="77" HEIGHT="28" WC="0.93" CONTENT="lagliga"/><SP WIDTH="16" VPOS="1390" HPOS="429"/>
							<String ID="string_421" HPOS="445" VPOS="1391" WIDTH="135" HEIGHT="27" WC="0.92" CONTENT="tjenstemän,"/><SP WIDTH="14" VPOS="1391" HPOS="580"/>
							<String ID="string_422" HPOS="594" VPOS="1390" WIDTH="90" HEIGHT="21" WC="0.91" CONTENT="oaktadt"/><SP WIDTH="15" VPOS="1390" HPOS="684"/>
							<String ID="string_423" HPOS="699" VPOS="1391" WIDTH="62" HEIGHT="20" WC="0.96" CONTENT="deras"/><SP WIDTH="16" VPOS="1391" HPOS="761"/>
							<String ID="string_424" HPOS="777" VPOS="1392" WIDTH="127" HEIGHT="27" WC="0.96" CONTENT="utnämning"/>
						</TextLine>
						<TextLine ID="line_44" HPOS="78" VPOS="1419" WIDTH="826" HEIGHT="28">
							<String ID="string_425" HPOS="78" VPOS="1421" WIDTH="57" HEIGHT="20" WC="0.95" CONTENT="varit"/><SP WIDTH="21" VPOS="1421" HPOS="135"/>
							<String ID="string_426" HPOS="156" VPOS="1419" WIDTH="84" HEIGHT="28" WC="0.95" CONTENT="olaglig,"/><SP WIDTH="15" VPOS="1419" HPOS="240"/>
							<String ID="string_427" HPOS="255" VPOS="1419" WIDTH="40" HEIGHT="21" WC="0.93" CONTENT="och"/><SP WIDTH="23" VPOS="1419" HPOS="295"/>
							<String ID="string_428" HPOS="318" VPOS="1419" WIDTH="89" HEIGHT="21" WC="0.92" CONTENT="oaktadt"/><SP WIDTH="22" VPOS="1419" HPOS="407"/>
							<String ID="string_429" HPOS="429" VPOS="1419" WIDTH="112" HEIGHT="21" WC="0.96" CONTENT="samhället"/><SP WIDTH="21" VPOS="1419" HPOS="541"/>
							<String ID="string_430" HPOS="562" VPOS="1426" WIDTH="88" HEIGHT="14" WC="0.96" CONTENT="numera"/><SP WIDTH="22" VPOS="1426" HPOS="650"/>
							<String ID="string_431" HPOS="672" VPOS="1419" WIDTH="42" HEIGHT="21" WC="0.96" CONTENT="kan"/><SP WIDTH="31" VPOS="1419" HPOS="714"/>
							<String ID="string_432" HPOS="745" VPOS="1419" WIDTH="12" HEIGHT="20" WC="0.95" CONTENT="på"/><SP WIDTH="16" VPOS="1419" HPOS="757"/>
							<String ID="string_433" HPOS="773" VPOS="1419" WIDTH="50" HEIGHT="21" WC="0.96" CONTENT="fullt"/><SP WIDTH="15" VPOS="1419" HPOS="823"/>
							<String ID="string_434" HPOS="838" VPOS="1419" WIDTH="66" HEIGHT="28" WC="0.95" CONTENT="laglig"/>
						</TextLine>
						<TextLine ID="line_45" HPOS="79" VPOS="1427" WIDTH="825" HEIGHT="49">
							<String ID="string_435" HPOS="79" VPOS="1450" WIDTH="42" HEIGHT="26" WC="0.96" CONTENT="väg"/><SP WIDTH="15" VPOS="1450" HPOS="121"/>
							<String ID="string_436" HPOS="136" VPOS="1448" WIDTH="114" HEIGHT="28" WC="0.96" CONTENT="tillgodose"/><SP WIDTH="15" VPOS="1448" HPOS="250"/>
							<String ID="string_437" HPOS="265" VPOS="1448" WIDTH="45" HEIGHT="20" WC="0.92" CONTENT="sina"/><SP WIDTH="18" VPOS="1448" HPOS="310"/>
							<String ID="string_438" HPOS="328" VPOS="1447" WIDTH="69" HEIGHT="26" WC="0.91" CONTENT="behof,"/><SP WIDTH="15" VPOS="1447" HPOS="397"/>
							<String ID="string_439" HPOS="412" VPOS="1447" WIDTH="59" HEIGHT="21" WC="0.96" CONTENT="detta"/><SP WIDTH="16" VPOS="1447" HPOS="471"/>
							<String ID="string_440" HPOS="487" VPOS="1448" WIDTH="41" HEIGHT="20" WC="0.96" CONTENT="kan"/><SP WIDTH="16" VPOS="1448" HPOS="528"/>
							<String ID="string_441" HPOS="544" VPOS="1448" WIDTH="35" HEIGHT="27" WC="0.96" CONTENT="jag"/><SP WIDTH="15" VPOS="1448" HPOS="579"/>
							<String ID="string_442" HPOS="594" VPOS="1448" WIDTH="48" HEIGHT="20" WC="0.96" CONTENT="icke"/><SP WIDTH="13" VPOS="1448" HPOS="642"/>
							<String ID="string_443" HPOS="655" VPOS="1449" WIDTH="52" HEIGHT="20" WC="0.93" CONTENT="inse."/><SP WIDTH="23" VPOS="1449" HPOS="707"/>
							<String ID="string_444" HPOS="730" VPOS="1427" WIDTH="47" HEIGHT="42" WC="0.90" CONTENT="Här"/><SP WIDTH="12" VPOS="1427" HPOS="777"/>
							<String ID="string_445" HPOS="789" VPOS="1447" WIDTH="115" HEIGHT="28" WC="0.96" CONTENT="föreligger"/>
						</TextLine>
						<TextLine ID="line_46" HPOS="77" VPOS="1475" WIDTH="828" HEIGHT="30">
							<String ID="string_446" HPOS="77" VPOS="1478" WIDTH="23" HEIGHT="27" WC="0.96" CONTENT="ju"/><SP WIDTH="17" VPOS="1478" HPOS="100"/>
							<String ID="string_447" HPOS="117" VPOS="1484" WIDTH="85" HEIGHT="14" WC="0.95" CONTENT="numera"/><SP WIDTH="24" VPOS="1484" HPOS="202"/>
							<String ID="string_448" HPOS="226" VPOS="1476" WIDTH="46" HEIGHT="21" WC="0.96" CONTENT="icke"/><SP WIDTH="20" VPOS="1476" HPOS="272"/>
							<String ID="string_449" HPOS="292" VPOS="1475" WIDTH="70" HEIGHT="28" WC="0.96" CONTENT="någon"/><SP WIDTH="22" VPOS="1475" HPOS="362"/>
							<String ID="string_450" HPOS="384" VPOS="1476" WIDTH="59" HEIGHT="21" WC="0.96" CONTENT="force"/><SP WIDTH="16" VPOS="1476" HPOS="443"/>
							<String ID="string_451" HPOS="459" VPOS="1477" WIDTH="99" HEIGHT="28" WC="0.96" CONTENT="majeure,"/><SP WIDTH="15" VPOS="1477" HPOS="558"/>
							<String ID="string_452" HPOS="573" VPOS="1483" WIDTH="44" HEIGHT="14" WC="0.96" CONTENT="som"/><SP WIDTH="17" VPOS="1483" HPOS="617"/>
							<String ID="string_453" HPOS="634" VPOS="1476" WIDTH="68" HEIGHT="21" WC="0.96" CONTENT="skulle"/><SP WIDTH="17" VPOS="1476" HPOS="702"/>
							<String ID="string_454" HPOS="719" VPOS="1476" WIDTH="112" HEIGHT="21" WC="0.93" CONTENT="föranleda"/><SP WIDTH="18" VPOS="1476" HPOS="831"/>
							<String ID="string_455" HPOS="849" VPOS="1484" WIDTH="56" HEIGHT="13" WC="0.93" CONTENT="sam-"/>
						</TextLine>
						<TextLine ID="line_47" HPOS="78" VPOS="1505" WIDTH="788" HEIGHT="27">
							<String ID="string_456" HPOS="78" VPOS="1506" WIDTH="67" HEIGHT="21" WC="0.96" CONTENT="hället"/><SP WIDTH="15" VPOS="1506" HPOS="145"/>
							<String ID="string_457" HPOS="160" VPOS="1508" WIDTH="30" HEIGHT="18" WC="0.96" CONTENT="att"/><SP WIDTH="16" VPOS="1508" HPOS="190"/>
							<String ID="string_458" HPOS="206" VPOS="1506" WIDTH="5" HEIGHT="19" WC="0.96" CONTENT="i"/><SP WIDTH="17" VPOS="1506" HPOS="211"/>
							<String ID="string_459" HPOS="228" VPOS="1505" WIDTH="58" HEIGHT="20" WC="0.96" CONTENT="detta"/><SP WIDTH="15" VPOS="1505" HPOS="286"/>
							<String ID="string_460" HPOS="301" VPOS="1505" WIDTH="103" HEIGHT="20" WC="0.96" CONTENT="afseende"/><SP WIDTH="16" VPOS="1505" HPOS="404"/>
							<String ID="string_461" HPOS="420" VPOS="1512" WIDTH="23" HEIGHT="13" WC="0.96" CONTENT="se"/><SP WIDTH="15" VPOS="1512" HPOS="443"/>
							<String ID="string_462" HPOS="458" VPOS="1512" WIDTH="77" HEIGHT="20" WC="0.96" CONTENT="genom"/><SP WIDTH="15" VPOS="1512" HPOS="535"/>
							<String ID="string_463" HPOS="550" VPOS="1505" WIDTH="106" HEIGHT="27" WC="0.96" CONTENT="fingrarna"/><SP WIDTH="17" VPOS="1505" HPOS="656"/>
							<String ID="string_464" HPOS="673" VPOS="1505" WIDTH="47" HEIGHT="20" WC="0.96" CONTENT="med"/><SP WIDTH="17" VPOS="1505" HPOS="720"/>
							<String ID="string_465" HPOS="737" VPOS="1505" WIDTH="38" HEIGHT="20" WC="0.96" CONTENT="det"/><SP WIDTH="16" VPOS="1505" HPOS="775"/>
							<String ID="string_466" HPOS="791" VPOS="1507" WIDTH="75" HEIGHT="19" WC="0.95" CONTENT="orätta."/>
						</TextLine>
					</TextBlock>
				</ComposedBlock>
			</PrintSpace>
		</Page>
	</Layout>
</alto>
