1086 1767
196 113 41 20 934
468 118 24 16 R.
506 122 17 12 o.
536 118 24 16 A.
575 118 58 16 1906.
658 118 23 16 18
694 118 56 20 Sept.

196 194 27 13 on
239 186 72 21 näihin
335 186 41 20 asti
394 185 151 21 muodustanut
569 185 151 27 valtiopäivien
743 186 114 28 neljännen
878 194 57 18 osan,
949 188 22 27 ja
986 194 37 14 sen

196 214 108 28 mielipide
321 222 26 13 on
373 214 103 27 painanut
499 214 69 28 paljon
593 215 100 24 vaa'assa,
708 221 23 13 se
755 214 41 21 kun
812 222 27 13 on
862 215 116 21 edustanut
992 216 32 20 lu-

196 243 74 21 kuisaa
294 243 239 21 maalaisväestöämme.
563 242 90 20 Kenties
674 250 27 12 on
724 244 56 20 tämä
804 244 101 20 vaikutus
928 244 96 21 tulevilla

195 272 156 27 valtiopäivillä
376 271 61 20 oleva
454 271 55 20 vielä
531 271 140 27 tuntuvampi,
686 272 20 26 ja
722 272 139 20 varmaankin
878 280 26 13 on
921 280 23 13 se
961 273 63 21 esiin-

192 302 54 26 tyvä
260 300 154 26 yhteiskuntaa
433 299 135 27 suojelevana
583 300 20 26 ja
619 299 87 21 samalla
722 300 180 28 vapaamielisenä
919 302 105 20 voimana.

264 328 104 21 Ritaristo
383 328 19 26 ja
426 328 78 25 Aateli,
525 328 48 27 joka
598 331 43 24 nyt,
658 329 51 19 tänä
732 329 120 21 viimeisten
876 329 147 28 jäähyväisten

194 356 98 24 hetkenä,
315 360 74 17 tuntee
412 356 100 20 olevansa
536 356 95 20 arvoisaa
653 356 229 30 Talonpoikaissäätyä
902 358 121 28 likempänä

194 386 52 20 kuin
270 386 95 20 koskaan
390 392 75 17 ennen,
482 385 74 20 kiittää
578 384 62 21 Teitä
656 384 127 28 lämpimästi
808 386 91 27 hyvästä
917 386 106 28 yhteisso-

194 417 64 17 vusta
272 414 20 28 ja
304 414 116 20 sulkeutuu
436 413 172 21 luottamuksella
623 414 98 20 arvoisan
734 413 84 29 Säädyn
837 414 100 21 kaikkien
953 415 70 28 jäsen-

195 446 34 17 ten
246 442 152 28 ystävälliseen
416 442 112 20 muistoon.

263 518 74 20 Härpä
364 517 73 21 infann
464 518 32 26 sig
522 516 191 28 Borgareständets
740 517 133 28 deputation,
898 519 76 21 anförd
1000 519 22 21 af

195 546 153 22 Ordföranden
365 547 4 19 i
387 546 141 20 Direktionen
549 546 34 20 för
598 545 103 21 Finlands
717 546 61 20 Bank
798 546 40 22 Th.
855 547 167 28 Wegelius,

195 583 45 13 som
255 575 96 28 yttrade:

263 644 154 27 Högvälborne
444 642 57 22 Herr
526 643 70 21 Baron
620 643 41 21 och
685 643 189 23 Landtmarskalk!
899 645 121 28 Höglofliga

194 672 136 28 Ridderskap
348 671 40 21 och
404 671 66 21 Adel!

266 700 180 28 Borgareständet
469 700 37 21 ber
521 702 30 19 att
574 708 75 20 genom
673 708 41 19 oss,
730 702 45 20 sina
799 701 136 29 deputerade,
951 702 22 21 fä
988 703 32 21 till

194 729 124 28 Höglofliga
341 729 159 27 Ridderskapet
523 729 40 21 och
586 729 71 21 Adeln
681 729 104 21 frambära
806 738 25 12 en
849 731 52 20 sista
916 731 104 28 helsning,

194 758 40 21 den
258 759 53 20 sista
327 758 18 27 ej
371 757 54 21 blott
441 758 33 20 för
498 757 68 21 denna
589 757 107 28 landtdag,
712 762 50 17 utan
780 758 34 21 för
830 758 48 22 hela
893 759 41 21 den
950 760 30 20 tid
997 760 23 20 af

193 787 65 27 nägot
273 786 63 21 öfver
351 786 47 28 fyra
415 786 121 25 decennier,
551 786 121 21 hvarunder
687 786 26 21 de
730 787 46 27 fyra
792 787 90 21 ständen
900 788 35 20 vid
952 788 68 28 regel-

194 816 81 20 bundet
290 814 176 22 äterkommande
490 814 127 28 landtdagar
632 814 47 21 haft
694 816 33 26 sig
742 815 80 21 värden
838 824 34 13 om
890 819 30 18 ett
935 816 85 22 älskadt

194 844 129 21 fosterlands
339 850 156 21 gemensamma
512 843 177 27 angelägenheter
704 844 132 21 anförtrodd.

262 872 44 22 Det
321 874 23 19 är
360 872 106 27 naturligt,
478 875 30 17 att
524 872 35 20 vid
575 876 30 16 ett
621 872 84 21 tillfälle
718 872 76 21 sädant
804 880 47 14 som
863 873 58 21 detta
934 874 84 20 blicken

192 902 67 21 riktas
275 900 89 22 tillbaka
383 900 31 21 till
431 900 41 21 den
489 900 117 28 förgängna
621 900 66 26 tiden,
702 908 26 13 en
744 901 37 24 tid,
797 902 32 20 rik
846 902 27 28 pä
888 902 132 28 pröfningar,

193 938 47 13 men
258 929 32 22 rik
306 929 76 29 jemväl
399 928 28 29 pä
443 929 179 27 utomordentliga
638 930 113 26 vinningar
766 930 33 20 för
815 930 48 21 vårt
878 930 45 21 folk
940 930 27 28 pä
982 930 38 22 det

193 958 146 28 samhälleliga
350 957 40 21 och
403 958 119 25 kulturella,
538 958 58 20 säväl
613 965 45 13 som
674 958 27 28 pä
717 958 35 20 det
768 958 139 22 ekonomiska
917 959 102 21 omrädet.

195 988 33 20 Då
244 988 40 20 den
301 987 67 21 första
390 986 130 28 landtdagen
537 986 67 21 första
625 986 84 28 gången
725 986 55 21 efter
796 988 54 20 1809
867 987 33 21 års
917 988 102 27 märkliga

192 1015 215 27 ständerförsamling
430 1014 56 29 ånyo
507 1014 191 22 sammankallades
720 1014 23 22 är
759 1016 61 25 1863,
836 1023 52 14 voro
903 1016 116 21 förhällan-

193 1045 54 21 dena
264 1046 5 19 i
287 1044 46 21 värt
357 1043 48 21 land
430 1043 115 28 väsentligt
569 1043 65 21 andra
657 1045 25 19 än
700 1051 34 13 nu.
764 1044 78 21 Vanan
866 1048 32 17 att
913 1044 106 22 behandla

193 1074 105 20 allmänna
314 1072 179 27 angelägenheter
510 1080 36 13 var
561 1072 156 28 jemförelsevis
732 1072 94 28 sällsynt,
839 1073 55 21 helst
906 1073 41 21 den
960 1074 59 20 kom-

194 1102 83 21 munala
300 1101 154 28 sjelfstyrelsen
478 1101 78 21 befann
580 1102 32 26 sig
628 1102 5 19 i
649 1102 33 20 sin
705 1101 63 26 linda,
784 1101 40 21 den
842 1102 105 20 allmänna
963 1102 56 21 folk-

193 1130 181 27 undervisningen
392 1137 37 13 var
445 1132 31 18 ett
496 1130 160 27 önskningsmäl
673 1130 60 25 blott,
748 1130 34 20 för
796 1130 64 21 hvars
876 1130 142 22 realiserande

193 1159 102 29 planerna
311 1166 50 13 voro
378 1158 67 20 under
468 1158 143 28 utarbetning,
628 1158 233 22 kommunikationerna
882 1160 75 20 mellan
974 1160 45 20 lan-

192 1188 48 21 dets
263 1188 57 20 olika
336 1187 59 20 delar
418 1194 52 14 voro
494 1188 113 26 primitiva,
622 1187 36 21 det
681 1187 138 21 ekonomiska
842 1188 125 27 underlaget
985 1188 34 21 för

193 1216 84 22 landets
301 1215 125 28 utveckling
447 1218 69 25 svagt.
547 1215 74 22 Under
643 1216 80 20 sädana
739 1216 156 26 förhällanden,
911 1216 28 21 dä
954 1217 65 27 insigt

192 1245 41 21 och
256 1244 122 22 erfarenhet
392 1244 7 20 i
415 1244 106 21 allmänna
544 1244 48 20 värf
607 1244 40 21 och
670 1244 73 21 vidare
766 1252 52 20 vyer
838 1245 125 21 förefunnos
979 1245 38 21 hos

192 1274 156 28 jemförelsevis
365 1272 22 21 fä
402 1273 58 27 lager
476 1272 22 21 af
514 1272 117 26 samhället,
647 1280 38 14 var
700 1273 36 21 det
748 1274 100 27 naturligt
859 1277 31 17 att
902 1274 36 20 vid
950 1274 69 20 landt-

193 1302 81 28 dagens
289 1302 68 20 första
380 1301 64 21 ständ
459 1301 69 21 skulle
550 1301 78 21 samlas
644 1309 25 13 en
691 1302 120 28 betydande
828 1302 34 21 del
878 1302 22 21 af
915 1302 26 21 de
959 1302 59 22 bästa

193 1331 82 21 krafter
297 1330 72 21 landet
384 1330 72 20 kunde
480 1330 61 21 ställa
557 1330 34 20 för
613 1330 124 21 utförandet
752 1330 22 21 af
790 1330 36 21 det
843 1332 81 26 vigtiga
940 1331 79 26 arbete,

193 1367 45 14 som
262 1358 83 28 föreläg
367 1360 205 26 representationen,
595 1358 40 22 och
658 1362 31 18 att
711 1358 159 30 Ridderskapet
892 1360 40 20 och
948 1360 70 20 Adeln

194 1388 90 21 sälunda
296 1387 35 21 vid
343 1387 130 27 landtdagen
490 1387 67 21 skulle
574 1388 73 26 intaga
663 1395 25 13 en
705 1387 84 28 mycket
804 1388 140 28 framskjuten
957 1388 62 28 plats.

193 1416 117 22 Patriotisk
333 1416 129 25 hänförelse,
477 1416 99 27 omutligt
599 1416 141 21 fasthällande
756 1416 36 21 vid
812 1417 35 27 lag
862 1417 40 21 och
918 1418 47 24 rätt,
982 1417 37 21 fri-

193 1446 75 21 sinnad
285 1445 47 27 häg,
348 1448 50 17 utan
415 1445 64 20 tanke
496 1444 26 28 pä
538 1452 54 19 egna
609 1444 168 26 klassintressen,
788 1445 101 28 präglade
902 1446 37 20 det
952 1445 68 21 första

193 1474 97 21 ständets
314 1473 128 27 deltagande
458 1474 5 20 i
480 1473 38 21 det
540 1473 89 21 rastlösa
651 1473 78 26 arbete,
744 1480 44 14 som
805 1481 29 13 nu
850 1474 74 28 vidtog
939 1474 34 20 för
988 1477 32 18 att

193 1503 69 21 väcka
284 1502 31 22 till
331 1502 31 26 lif,
378 1501 69 28 stödja
471 1501 40 21 och
528 1505 128 25 uppmuntra
678 1502 41 21 alla
734 1502 133 28 möjligheter
881 1503 32 21 till
929 1503 91 21 utveck-
