1086 1750
174 118 42 20 892
450 122 25 16 R.
487 125 18 13 o.
515 121 25 16 A.
552 120 59 17 1906.
630 120 26 17 10
669 120 56 20 Sept.

244 189 99 22 Härmed
365 188 175 28 sammanhänger
555 188 41 20 den
612 187 82 28 frägan,
710 195 33 13 om
760 188 149 28 föreliggande
924 188 83 28 lagför-

176 219 46 27 slag
239 219 38 20 bör
297 217 109 22 betraktas
427 217 70 21 såsom
513 224 26 13 en
554 216 154 28 lagförklaring
724 216 50 21 eller
789 216 72 22 såsom
878 224 25 14 en
920 224 28 21 ny
965 217 43 27 lag.

177 247 77 21 Sävidt
268 248 36 27 jag
327 246 79 20 förmär
422 246 51 26 inse,
488 247 23 19 är
533 245 59 21 detta
607 244 81 28 förslag
710 252 25 14 en
752 245 161 28 lagförklaring,
928 245 77 22 sävida

177 284 45 13 som
246 275 37 21 det
306 274 89 22 innebär
417 281 26 13 en
459 274 124 27 utläggning
605 272 23 22 af
643 274 114 27 principer,
774 273 74 21 hvilka
871 274 72 27 ingäi
967 274 41 21 vär

177 304 105 28 grundlag
298 303 42 21 och
356 310 27 13 nu
404 302 23 21 fä
442 302 134 28 tillämpning
592 302 27 27 pä
634 302 57 20 vissa
706 302 125 20 förekomna
848 302 156 28 exceptionella

177 333 44 21 fall.
253 332 43 21 Det
312 331 68 22 skulle
402 331 73 21 derför
490 330 66 28 enligt
578 331 42 19 min
636 330 65 21 tanke
718 331 54 20 varit
789 331 75 25 bättre,
879 338 35 13 om
930 331 75 27 lagens

177 361 73 21 rubrik
266 360 56 22 hade
344 360 41 21 fått
400 359 102 21 förblifva
517 358 66 22 sådan
605 366 45 13 som
667 358 41 21 den
725 366 38 14 var
778 360 6 20 i
801 359 121 28 Kejserliga
938 359 70 21 Sena-

177 393 47 17 tens
241 390 87 26 förslag.
359 388 62 21 Dock
437 388 36 20 vill
488 388 36 28 jag
539 387 115 27 medgifva,
670 390 32 18 att
717 395 28 13 nu
761 387 147 28 föreliggande
923 388 85 27 förslag

177 418 49 22 icke
249 418 44 20 helt
309 417 41 21 och
372 416 66 22 hället
453 418 23 19 är
491 424 25 12 en
539 415 159 29 lagförklaring,
721 416 100 20 eftersom
843 416 38 20 det
895 416 21 28 ju
938 416 68 21 ocksä

177 447 119 21 innehåller
312 448 96 19 närmare
424 445 158 27 bestämningar
597 444 110 27 angående
723 445 37 20 det
775 447 48 22 sätt,
833 445 83 28 hvarpä
931 445 77 28 lagens

178 476 108 28 principer
309 474 61 21 skola
393 473 148 28 förverkligas,
556 476 14 18 t.
586 480 31 13 ex.
634 473 167 27 bestämningen,
817 476 32 18 att
869 473 61 26 lagen
951 473 55 22 skall

178 504 24 21 få
217 504 119 21 retroaktiv
353 503 86 25 verkan,
454 502 88 25 hvilket,
558 502 37 20 det
610 501 67 21 måste
694 502 126 27 medgifvas,
836 503 64 26 utgör
915 505 31 18 ett
959 505 49 25 nytt

178 531 163 29 lagstadgande.
370 531 11 20 I
397 531 77 28 sjelfva
490 530 75 21 verket
580 537 61 14 anser
656 531 34 26 jag
706 530 37 21 det
758 530 47 21 icke
821 531 58 26 ligga
894 531 24 20 så
933 530 75 21 alltför

178 564 45 18 stor
239 561 46 27 vigt
308 560 34 28 på,
357 559 53 21 huru
433 559 70 21 denna
519 559 33 28 lag
574 559 125 25 rubriceras,
714 559 66 20 också
801 559 80 27 derför,
896 562 32 17 att
943 560 7 19 i
965 559 42 20 alla

179 590 38 20 fall
233 590 49 20 dess
306 588 93 22 innebåll
415 588 64 20 redan
502 588 71 27 gifver
588 587 36 21 vid
648 587 84 21 handen
755 587 56 21 hvad
828 587 50 21 dess
900 588 57 28 syfte
977 589 30 19 är.

179 618 166 28 Propositionen
368 616 49 28 sjelf
440 616 104 21 erkänner
559 616 6 20 i
582 616 31 20 sin
637 616 88 27 ingress,
742 619 31 17 att
788 616 41 20 den
846 618 23 18 är
885 624 25 12 en
927 616 80 28 lagför-

179 647 83 27 klaring
284 646 41 21 och
342 645 57 21 detta
424 644 95 28 framgår
540 644 46 21 utaf
602 644 77 28 sjelfva
702 644 126 21 innehållets
853 644 155 22 beskaffenhet.

179 676 48 20 Den
244 675 38 21 har
298 674 128 21 åtminstone
442 674 6 20 i
465 673 106 27 väsentlig
586 673 48 21 mån
650 672 70 22 denna
736 674 105 20 karaktär.
867 672 42 28 Jag
925 673 36 21 vill
974 673 35 21 för

179 705 43 19 min
239 704 34 20 del
290 703 72 21 derför
378 703 47 20 icke
447 702 53 28 yrka
516 702 27 27 på
560 701 155 21 betänkandets
732 701 121 21 återremiss
869 702 31 20 till
918 701 90 22 Utskot-

179 736 31 17 tet
222 732 34 20 för
272 734 31 18 att
318 730 120 22 omarbetas
453 731 8 20 i
476 730 69 21 denna
561 730 99 27 riktning.

249 760 44 21 Det
308 762 24 18 är
354 759 181 27 hufvudsakligen
558 758 62 21 dessa
644 758 137 28 synpunkter,
798 766 45 14 som
860 759 89 21 förmått
965 759 43 27 mig

179 792 31 18 att
234 789 90 21 omfatta
348 788 142 28 lagförslaget,
513 787 24 21 så
558 787 141 21 formuleradt
721 794 46 14 som
789 787 37 21 det
848 787 23 21 af
895 787 114 22 Utskottet

179 818 79 21 blifvit.
287 818 47 24 Att,
350 816 69 22 såsom
435 824 25 13 en
477 819 115 22 reservant,
603 815 33 21 Hr
652 815 231 27 Danielson-Kalmari,
894 816 115 26 förmenar,

180 846 60 21 detta
264 846 92 26 förslags
379 845 120 27 antagande
521 845 83 20 komme
619 847 32 17 att
665 844 68 21 rubba
749 844 48 21 vårt
812 844 56 21 folks
884 844 124 21 förtroende

181 875 30 21 till
237 875 74 27 lagens
335 874 142 27 förpligtande
501 872 62 26 kraft,
579 873 40 20 kan
642 873 35 27 jag
699 873 24 21 så
739 873 84 28 mycket
847 873 82 21 mindre
952 873 57 21 före-

180 904 63 20 ställa
260 904 47 26 mig,
323 910 44 13 som
383 903 22 27 ju
421 902 70 21 denna
507 902 45 27 lags
568 901 48 21 hela
631 902 87 26 mening
733 902 39 20 och
789 901 57 29 syfte
859 903 23 19 är
894 904 31 18 att
936 901 72 21 stärka

180 932 146 28 grundlagens
346 931 69 27 helgd,
430 934 31 18 att
476 930 61 28 gifva
552 930 58 20 kraft
625 929 23 21 åt
663 933 70 17 satsen
750 938 33 13 om
800 930 49 21 dess
866 930 144 28 orubblighet,

181 962 6 19 i
204 961 36 21 det
264 964 30 17 att
310 960 38 21 här
370 960 92 27 stadgas,
478 959 54 21 huru
556 958 41 21 den
613 958 53 21 skall
689 958 125 26 återställas,
830 958 28 22 då
878 959 40 20 den
936 958 73 21 blifvit

181 989 85 21 kränkt.
296 988 119 27 Farhågan,
431 991 30 17 att
478 987 47 21 vårt
541 986 46 22 folk
602 987 69 21 skulle
687 987 72 21 kunna
774 988 30 20 till
821 987 42 21 den
879 988 51 27 grad
947 988 62 20 miss-

180 1018 101 28 uppfatta
298 1018 42 20 den
356 1016 121 28 föreslagna
493 1016 73 28 lagens
582 1016 91 27 mening,
688 1018 31 18 att
735 1016 48 21 dess
799 1016 76 21 känsla
891 1016 33 20 för
934 1016 74 27 lagens

181 1046 65 28 helgd
270 1046 123 28 derigenom
417 1046 84 20 komme
521 1048 31 18 att
567 1044 119 28 försvagas,
702 1044 69 21 denna
787 1044 89 28 farhäga
891 1052 63 20 synes
970 1044 39 21 hos

182 1075 48 21 värt
253 1075 45 21 folk
321 1074 114 21 förutsätta
459 1081 25 13 en
501 1074 66 20 sädan
591 1073 184 27 omdömeslöshet,
797 1080 45 14 som
858 1074 35 27 jag
913 1076 45 18 tror
978 1075 31 19 att

181 1104 49 21 icke
246 1104 70 27 nägon
333 1104 23 19 är
371 1102 118 28 berättigad
506 1105 32 18 att
552 1102 78 20 tillvita
644 1101 123 22 detsamma.

252 1131 139 22 Beträffande
407 1131 64 21 sedan
487 1131 162 27 tillämpningen
665 1130 23 21 af
703 1130 67 28 lagen,
786 1130 23 22 sä
824 1130 39 22 har
874 1130 35 21 det
920 1133 90 23 ansetts,

182 1164 32 18 att
240 1160 231 28 Grundlagsutskottet
496 1160 48 20 bort
567 1162 105 25 noggrant
694 1159 81 26 utreda,
800 1159 27 28 pä
851 1159 73 22 hvilka
941 1157 69 23 kate-

182 1191 72 27 gorier
272 1189 23 22 af
316 1190 134 27 tjenstemän,
466 1189 21 27 ja
508 1189 32 20 till
556 1188 41 21 och
619 1187 49 22 med
684 1188 27 28 pä
733 1187 53 22 huru
809 1188 78 28 mänga
908 1195 103 21 personer

183 1219 62 27 lagen
263 1219 84 20 komme
362 1221 31 17 att
408 1217 23 21 få
447 1217 140 28 tillämpning,
602 1216 28 29 pä
646 1217 36 20 det
698 1220 30 17 att
744 1217 119 21 Ständerna
877 1217 47 21 med
936 1217 74 21 säker-

183 1247 37 21 het
235 1247 65 21 mätte.
324 1247 71 20 kunna
419 1246 89 21 bedöma
530 1245 72 28 lagens
626 1245 86 22 verkan.
741 1245 42 21 Till
800 1253 25 13 en
846 1245 67 22 sädan
937 1245 73 22 utred-

184 1277 52 26 ning
251 1275 39 22 har
310 1275 114 22 Utskottet
439 1275 48 20 icke
507 1274 124 28 disponerat
646 1274 42 21 den
703 1274 78 28 nödiga
797 1275 64 25 tiden,
877 1274 41 21 och
934 1281 26 14 en
976 1273 34 22 sä-

183 1305 42 21 dan
242 1304 114 28 utredning
370 1305 23 19 är
408 1304 6 20 i
431 1303 77 29 sjelfva
524 1303 75 21 verket
614 1303 48 21 icke
679 1303 24 21 sä
719 1303 38 21 lätt
767 1303 66 24 giord.
860 1303 75 21 Också
946 1310 64 21 synes

182 1334 44 27 mig
242 1333 151 21 hufvudsaken
416 1340 57 18 vara,
489 1335 32 18 att
536 1331 120 22 Ständerna
676 1332 33 20 för
724 1333 33 20 sin
773 1332 32 21 del
826 1332 106 21 fastställa
948 1332 62 28 lagen

182 1363 32 20 uti
230 1362 66 21 sädan
320 1362 61 25 form,
396 1364 32 18 att
450 1361 41 21 den
508 1361 41 21 kan
572 1368 63 13 anses
651 1363 107 19 motsvara
777 1361 88 21 rättvisa
881 1360 40 22 och
938 1360 72 28 billiga

183 1391 55 26 kraf,
254 1390 76 22 medan
347 1390 160 28 tillämpningen
524 1389 81 21 lemnas
621 1389 22 21 ät
659 1389 120 28 Kejserliga
795 1389 100 21 Senaten.

252 1419 44 21 För
311 1420 43 20 min
377 1418 35 21 del
429 1418 66 28 vägar
517 1418 35 28 jag
567 1418 67 20 uttala
650 1418 40 20 den
707 1418 62 21 säkra
784 1418 180 28 förhoppningen,
979 1420 32 19 att

184 1448 41 22 den
242 1448 111 21 inhemska
374 1447 104 28 styrelsen
493 1447 7 20 i
516 1448 32 19 sin
570 1446 135 28 tillämpning
720 1446 54 21 skall
789 1446 28 28 gä
832 1446 88 28 tillväga
936 1446 27 28 pä
980 1448 31 19 ett

184 1479 49 23 sätt,
249 1484 45 14 som
313 1476 88 49 [eo
416 1476 61 27 lagen
493 1475 73 28 hvarje
583 1475 82 21 bismak
681 1475 23 21 af
719 1475 86 28 politisk
820 1475 64 21 hämd
901 1475 51 21 eller
966 1475 45 21 för-

183 1506 91 28 följelse.
303 1504 43 28 Jag
371 1504 110 22 föreställer
497 1504 49 28 mig,
562 1507 31 18 att
608 1504 80 20 antalet
703 1504 44 26 fall,
763 1504 27 21 dä
805 1505 6 20 i
822 1504 190 28 grundlagsvidrig
