1081 1761
180 119 42 22 550
456 125 24 16 R.
493 129 18 12 o.
523 125 25 16 A.
560 124 59 17 1908.
638 124 25 16 14
674 124 58 17 Juni.

250 194 34 21 Hr
299 193 48 21 Elis
364 192 180 28 Furuhjelm
566 192 71 21 senior
655 191 97 22 biträdde
768 191 34 22 Hr
816 192 89 22 Frasers
921 193 88 29 förslag.

251 251 34 21 Hr
308 249 121 22 Munck:
452 249 35 21 Då
502 249 64 21 äfven
589 249 34 28 jag
639 256 38 13 var
692 257 26 12 en
740 249 23 21 af
778 249 54 26 dem,
848 257 45 14 som
910 250 99 21 biträdde

183 279 58 21 Frih.
257 287 42 13 von
316 278 101 21 Kothens
433 277 80 27 förslag
527 277 110 27 angäende
653 278 75 20 remiss
743 277 32 21 till
793 277 117 27 Utskottet,
926 279 36 20 vill
974 279 36 27 jag

183 308 64 21 äfven
271 308 77 20 förena
364 307 43 27 mig
429 307 30 19 uti
476 305 56 21 Frih.
549 313 41 13 von
613 305 100 21 Kothens
732 306 110 21 uttalande
858 307 5 20 i
880 307 44 26 sak,
942 307 67 21 ehuru

182 337 35 27 jag
233 336 48 22 icke
303 335 52 21 fullt
369 335 62 27 gillar
453 334 41 21 den
510 334 77 28 skarpa
610 334 61 25 form,
687 335 5 19 i
709 334 87 21 hvilken
816 334 42 22 han
878 335 69 21 iklädt
962 336 48 21 det-

181 372 86 14 samma.

252 422 33 21 Hr
301 421 37 21 W.
353 419 165 22 Hackman:
533 419 58 22 Frih.
607 427 41 13 von
665 419 87 22 Kothen
768 420 38 21 har
818 421 5 19 i
835 428 26 13 en
873 420 61 27 form,
944 420 65 22 hvars

182 451 79 27 skärpa
277 450 36 28 jag
329 449 48 21 icke
392 448 28 29 pä
435 448 66 28 nägot
516 450 42 19 sätt
574 448 36 21 vill
626 448 95 26 klandra,
729 449 93 28 angripit
832 448 177 23 Statsutskottets

184 479 143 25 betänkande,
350 478 34 20 för
406 477 71 21 sävidt
499 476 37 22 det
559 476 100 22 beträffar
681 476 37 22 det
732 477 24 21 af
776 477 79 21 honom
871 478 78 21 väckta
966 478 43 21 för-

183 508 76 28 slaget.
289 506 29 22 Sä
333 506 87 28 mycket
441 506 36 27 jag
492 505 71 21 kunde
586 505 105 29 uppfatta,
709 513 63 21 synes
787 505 57 21 Frih.
861 514 42 13 von
919 506 90 22 Kothen

183 536 48 22 icke
247 536 64 20 hafva
333 535 46 21 fäst
393 534 65 28 nägot
479 534 102 21 afseende
597 534 36 21 vid
649 534 130 21 Ständernas
795 534 68 21 under
878 534 130 29 landtdagen

185 565 142 21 1904—1905
343 563 124 21 uttalanden
483 563 6 20 i
505 562 82 28 frägan.
616 562 76 21 Deruti
708 562 73 28 skiljer
796 564 33 27 sig
844 563 53 21 hans
912 564 98 27 uppfatt-

182 594 51 27 ning
256 592 57 21 ifrän
337 591 182 22 Statsutskottets.
549 590 165 22 Statsutskottet
736 598 67 19 anser,
819 594 31 18 att
866 594 30 18 ett
912 592 98 21 ständer-

185 623 58 20 möte
260 621 38 21 bör
314 620 95 22 undvika
424 623 31 17 att
470 619 99 21 ringakta
584 619 36 21 det
635 619 130 28 föregäende
778 619 164 22 ständermötets
953 623 57 18 utta-

185 650 62 21 lande
263 649 41 22 och
327 648 145 29 uppfattning.
525 651 21 18 Det
568 647 117 27 uttalande,
701 655 45 14 som
768 648 38 21 här
829 649 93 25 citerats,
938 649 70 28 lyder:

187 678 47 21 »Dä
255 677 219 22 Storfurstendömets
496 676 163 21 finansväsende
685 678 23 19 är
722 679 32 18 ett
775 676 45 22 helt
842 677 34 21 för
898 678 33 27 sig
954 680 56 19 samt

184 707 67 21 finska
275 705 130 26 statsmedel,
429 705 27 28 pä
471 707 42 19 sätt
535 705 64 21 äfven
616 705 94 27 framgår
724 705 24 21 af
762 706 26 20 27
805 706 12 26 $
833 705 177 28 Landtdagsord-

186 736 85 27 ningen,
289 735 52 21 böra
365 733 108 22 användas
495 733 33 21 till
550 733 103 22 Finlands
675 741 56 20 gagn
754 733 40 22 och
817 734 66 26 bästa,
898 734 24 21 sä
946 734 64 29 följer

184 764 68 26 häraf,
267 767 31 18 att
313 763 77 27 bidrag
404 762 32 21 till
451 762 64 28 ryska
530 762 232 26 riksskattkammaren,
779 762 82 21 »säsom
877 763 69 20 finska
961 763 49 21 kro-

186 800 53 13 nans
263 792 63 21 andel
350 792 5 20 i
379 791 65 21 rikets
467 791 106 20 allmänna
596 790 100 28 utgifter»
720 791 163 26 (förordnandet
902 792 69 27 punkt
990 793 20 25 2,

185 829 62 13 mom.
257 821 21 28 a)
291 821 48 21 icke
355 819 121 28 rättsenligt
492 819 40 21 kan
549 819 86 28 påföras
651 819 40 21 den
708 819 67 21 finska
792 819 113 28 budgeten,
920 820 90 21 såframt

184 851 20 27 ej
222 850 65 21 äfven
310 848 126 26 Ständerna,
452 848 55 21 efter
529 848 101 28 pröfning
648 848 22 21 af
686 848 101 28 utgiftens
802 848 98 21 ändamål
916 849 41 21 och
973 849 37 21 be-

186 879 57 27 lopp,
259 878 72 21 funnit
351 877 77 21 sädant
443 876 76 28 bidrag
534 884 51 13 vara
600 876 31 21 till
647 884 55 20 gagn
719 877 34 20 för
768 877 73 20 landet
856 877 51 21 eller
922 877 22 21 af
960 877 49 21 dess

184 906 149 29 förpliktelser
348 908 44 18 mot
413 904 154 28 Kejsardömet
588 904 127 28 päkalladt.»
748 904 64 22 Detta
828 905 110 21 uttalande
953 905 57 21 före-

184 935 65 21 faller
265 934 165 22 Statsutskottet
445 933 59 21 säväl
520 933 77 29 tydligt
613 940 44 14 som
674 933 150 21 uttömmande.
848 934 51 20 Men
916 934 94 21 derefter

184 964 65 28 följer
265 967 30 17 ett
311 962 111 22 uttalande
443 966 31 17 att
489 962 118 21 Ständerna
629 962 85 21 beslutit
730 965 31 18 att
778 962 50 21 »hos
845 962 61 22 Hans
922 962 88 28 Kejser-

184 993 42 27 liga
250 992 103 28 Majestät
375 991 84 21 anhälla
481 994 38 22 att,
534 992 63 20 innan
622 990 65 28 nägra
708 990 72 22 vidare
804 990 75 28 bidrag
898 991 31 21 till
946 991 64 28 ryska

185 1021 240 21 riksskattkammarens
441 1020 90 27 utgifter
546 1019 47 21 frän
609 1019 67 21 finska
692 1019 121 21 statsmedel
830 1020 137 26 utanordnas,
978 1020 32 21 till

184 1050 122 22 Ständerna
329 1048 68 22 skulle
420 1048 73 21 aflätas
516 1048 64 26 nädig
603 1048 132 28 proposition
756 1048 110 28 angäende
882 1048 80 21 sädana
979 1048 32 22 bi-

186 1078 66 29 drags
269 1077 98 22 ändamål
383 1076 40 22 och
440 1077 97 28 belopp».
567 1076 44 22 Det
626 1076 108 22 förefaller
750 1084 44 14 som
810 1084 33 14 om
859 1084 76 20 genom
947 1077 63 21 dessa

185 1107 55 22 båda
267 1105 125 23 uttalanden
418 1105 129 28 föregående
573 1105 114 28 landtdags
712 1107 90 27 position
826 1107 6 20 i
858 1106 74 28 frågan
959 1114 51 13 vore

185 1136 87 29 mycket
287 1135 79 28 tydligt
383 1134 126 29 preciserad.
539 1134 44 21 Det
598 1138 73 24 syntes
687 1134 164 22 Statsutskottet
866 1135 144 28 öfverflödigt,

185 1169 32 17 att
234 1163 124 22 nuvarande
381 1163 144 21 ständermöte
547 1163 69 21 skulle
640 1163 27 27 på
682 1167 46 23 nytt
749 1167 92 24 upptaga
858 1163 68 21 denna
943 1163 67 28 fråga,

186 1201 47 13 men
252 1192 112 22 Utskottet
380 1192 101 20 baserade
497 1192 38 20 sitt
551 1192 70 20 beslut
636 1191 40 21 och
691 1192 37 20 sitt
743 1192 110 21 uttalande
870 1192 26 28 pä
912 1195 30 17 ett
956 1200 54 20 upp-

185 1222 94 28 repande
295 1221 22 21 af
340 1220 129 28 föregäende
492 1220 103 21 Ständers
619 1220 75 21 beslut.
724 1220 42 22 Om
782 1228 28 13 nu
834 1220 123 22 Utskottets
974 1222 36 20 be-

186 1250 110 22 tänkande
319 1249 130 28 godkännes,
472 1248 23 22 sä
516 1252 119 18 motsvarar
656 1249 21 27 ju
700 1249 59 21 detta
782 1253 30 17 ett
834 1249 138 29 upprepande
988 1249 23 21 af

185 1278 132 29 föregående
333 1277 102 22 Ständers
453 1278 74 20 beslut.
556 1279 40 19 Att
611 1277 28 28 gå
654 1277 72 21 vidare
742 1278 40 21 och
796 1278 69 21 tillika
881 1278 77 21 beakta
974 1279 12 27 $
997 1279 13 20 2

186 1309 5 20 i
208 1306 259 29 Landtdagsordningens
487 1306 167 26 bestämmelser,
669 1313 62 21 synes
754 1306 127 22 ätminstone
901 1307 43 27 mig
960 1314 51 14 vara

186 1336 101 29 omöjligt.

255 1364 138 22 Beträffande
416 1363 57 21 Frih.
496 1362 128 22 Cronstedts
647 1364 139 28 anmärkning
807 1364 111 28 angäende
941 1363 70 23 Stats-

186 1394 117 21 utskottets
320 1393 128 27 motivering
463 1392 91 21 rörande
570 1392 26 21 de
612 1392 121 28 föreslagna
748 1392 196 22 läneannuiteterna
960 1393 50 21 ville

185 1423 35 28 jag
236 1424 83 23 nämna,
335 1425 30 17 att
381 1421 38 21 det
433 1421 126 27 visserligen
576 1420 36 22 vill
628 1428 68 21 synas,
712 1428 34 14 om
757 1428 47 14 man
817 1421 108 21 betraktar
934 1421 75 28 frägan

200 1451 54 27 tligt,
269 1458 45 13 som
331 1457 33 14 om
383 1450 166 21 Statsutskottet
564 1449 47 20 med
628 1450 154 27 hänvisningen
798 1450 33 21 till
846 1458 26 13 en
889 1451 122 20 emissions-

184 1458 59 47 lärs;
259 1487 44 13 som
324 1478 139 21 närmelsevis
483 1477 69 22 skulle
568 1481 108 18 motsvara
691 1477 40 22 den
747 1478 33 21 för
796 1479 37 20 det
847 1482 84 17 senaste
946 1478 64 27 lånet,

186 1507 55 22 hade
265 1507 83 22 fordrat
363 1507 72 28 något,
449 1513 46 14 som
518 1506 48 22 icke
582 1506 72 21 kunde
674 1507 88 28 uppnås.
792 1507 43 21 Om
851 1515 47 13 man
914 1508 96 20 närmare
