1081 1761
174 120 42 21 618
453 124 24 17 B.
491 129 18 11 o.
521 124 25 16 A.
559 123 60 18 1908.
637 123 27 17 28
675 124 58 17 Juni.

175 194 109 28 intrycket
299 192 24 22 af
347 192 96 28 löjlighet
465 191 47 22 med
536 193 46 20 sina
605 192 114 21 minutiösa
741 191 162 22 bestämmelser
922 200 34 13 om
973 195 33 18 ut-

175 223 65 24 skott,
255 222 119 21 arbetssätt
389 222 6 19 i
411 220 117 26 utskotten,
549 222 128 25 voteringar,
698 220 162 21 framställande
876 221 23 21 af
921 222 85 27 petitio-

176 259 43 18 ner,
234 251 109 20 motioner
358 249 40 21 och
415 249 73 28 dylikt.
518 249 45 20 Det
577 256 34 13 ser
634 252 23 17 ut
672 256 46 13 som
734 249 69 21 skulle
825 257 49 13 man
891 249 50 29 vilja
958 249 48 21 leka

175 279 179 28 representation,
369 277 28 21 dä
413 285 48 13 man
478 277 47 21 icke
541 277 34 21 får
589 279 52 25 göra
656 277 37 21 det
704 279 5 18 i
721 277 155 28 verkligheten.
905 278 101 21 l[vskrän-

176 308 71 20 kande
263 308 44 26 mig
324 306 33 21 till
373 306 59 20 detta
448 305 115 27 uttalande,
574 306 36 20 vill
626 306 36 27 jag
677 306 48 20 icke
740 307 51 26 göra
807 306 66 28 något
887 306 97 28 yrkande
1000 307 5 19 i

176 336 80 28 frågan,
272 335 29 21 då
316 335 38 21 det
369 334 45 21 helt
429 334 72 21 säkert
517 341 50 14 vore
583 334 84 21 lönlöst.

246 398 33 21 Hr
294 398 76 26 Georg
391 397 181 21 Schauman:
595 396 33 22 En
645 397 50 20 ärad
711 397 73 26 talare,
799 397 35 21 Hr
849 397 158 27 Wallensköld,

175 428 39 20 har
236 426 106 24 anmärkt,
360 429 31 17 att
413 425 40 21 den
470 425 23 21 af
516 426 43 27 mig
575 425 78 21 väckta
672 425 74 28 frågan
763 434 34 12 om
814 426 154 27 upphäfvande
984 426 23 21 af

176 456 74 21 adelns
265 454 137 22 återstående
419 453 122 28 privilegier
556 454 47 21 icke
614 453 70 21 skulle
692 449 35 37 stå
741 455 5 20 i
755 454 135 28 oskiljaktigt
900 461 107 14 samman-

176 484 57 27 hang
249 483 48 22 med
314 483 27 21 de
357 482 115 29 uppgifter,
487 489 46 14 som
549 482 104 27 förelegat
668 482 236 23 Riddarhusutskottet.
934 483 72 21 Emel-

176 512 62 21 lertid
255 511 96 28 framgår
370 511 37 21 det
422 510 161 28 otvifvelaktigt
597 511 23 20 af
635 511 28 21 38
679 511 12 26 8
707 512 6 19 i
729 511 40 21 den
786 511 122 28 föreslagna
923 511 84 22 riddar-

175 541 169 27 husordningen,
357 543 32 18 att
403 539 230 22 Riddarhusutskottet
644 539 91 28 nödgats
747 540 53 21 fatta
811 541 94 27 position
914 541 6 20 i
930 540 76 27 frågan

175 577 34 13 om
226 571 125 19 existensen
367 568 52 21 eller
435 567 157 28 berättigandet
608 568 23 20 af
646 567 25 22 R.
684 575 19 14 o.
714 569 38 20 A:s
767 568 137 21 återstående
920 569 86 27 privile-

176 599 56 27 gier;
248 598 12 27 $
276 598 28 20 38
320 596 87 28 stadgar
423 596 106 27 nämligen
545 599 32 17 att
591 596 8 21 i
614 596 79 27 frågor,
708 604 45 13 som
769 596 56 28 angä
841 596 26 22 R.
881 604 19 14 o.
911 598 38 20 Ä:s
963 598 43 27 pri-

177 627 95 27 vilegier,
287 626 56 21 skall
366 624 84 22 fordras
473 624 136 28 gvalificerad
634 625 111 27 majoritet.
776 625 35 21 Dä
827 626 48 20 mitt
889 625 117 26 uttalande,

176 663 47 13 som
245 656 22 26 ju
285 654 48 22 icke
356 653 94 21 innehöll
474 653 65 27 nägot
561 653 102 28 yrkande,
678 653 39 21 har
733 653 71 21 blifvit
819 654 24 20 af
858 654 66 28 nägra
939 654 67 21 talare

176 683 135 26 understödt,
327 682 38 21 ber
379 682 36 28 jag
429 682 23 20 få
468 682 150 20 omformulera
635 681 36 21 det
687 682 85 25 derhän,
787 686 32 17 att
835 682 26 21 R.
871 690 19 14 o.
900 683 26 21 A.
940 682 66 22 måtte

176 712 23 21 åt
214 710 231 23 Riddarhusutskottet
466 710 60 28 gifva
544 711 5 19 i
566 710 97 28 uppdrag
686 714 31 17 att
732 711 108 21 inkomma
861 711 48 21 med
925 711 81 27 förslag

176 748 34 14 om
228 739 155 29 upphäfvande
399 739 22 21 af
436 739 27 21 R.
478 746 19 14 o.
510 739 39 21 A:s
565 738 136 22 äterstäende
717 739 128 28 privilegier.

247 809 34 21 Hr
290 808 48 21 Elis
376 808 153 28 Furuhjelm
548 808 79 20 senior:
644 807 78 21 Sävidt
736 808 35 28 jag
787 808 81 21 erinrar
879 809 49 27 mig,
938 808 68 21 finnes

178 838 64 21 bland
258 837 26 21 R.
300 844 19 14 o.
335 837 38 20 A:s
397 836 136 21 äterstäende
556 836 123 28 privilegier
695 836 75 21 endast
785 840 31 17 ett
831 836 24 21 af
869 838 68 20 större
955 838 51 27 vigt,

177 866 107 27 nämligen
297 865 76 21 adelns
385 865 97 28 partiella
497 864 139 21 skattefrihet
650 864 35 21 för
699 864 51 22 dess
766 864 147 22 medlemmars
928 865 78 28 gärdar

176 896 7 20 i
199 895 107 21 städerna.
338 893 77 21 Derest
439 893 59 21 detta
521 893 87 26 obilliga
632 893 133 28 privilegium
786 893 48 22 icke
850 901 27 13 nu
894 893 27 28 pä
936 893 69 28 grund

176 924 24 21 af
216 923 24 22 R.
256 931 19 13 o.
290 923 40 21 A:s
347 922 70 21 beslut
440 921 36 22 vid
493 921 70 22 denna
583 921 103 28 landtdag
701 922 128 28 upphäfves,
844 922 110 21 förefaller
969 922 38 21 det

177 953 43 27 mig
243 951 71 22 säsom
330 958 34 13 om
389 950 121 29 privilegiet
533 950 84 21 komme
640 953 32 18 att
686 950 87 29 gvarstä
796 951 31 20 till
845 950 112 29 domedag,
972 951 34 27 dä,

176 981 68 27 enligt
260 979 57 22 hvad
340 980 36 27 jag
391 979 112 28 päminner
525 980 48 26 mig,
589 979 104 28 förslaget
708 979 31 21 till
755 987 27 20 ny
799 979 207 28 landtdagsordning

176 1010 49 21 icke
240 1008 120 22 innehäller
375 1008 64 28 nägot
455 1007 124 28 stadgande,
595 1007 54 21 huru
665 1008 6 20 i
685 1007 61 28 fräga
762 1015 33 14 om
811 1008 123 28 privilegier
949 1008 54 21 skall

176 1038 99 21 förfaras.
305 1036 191 28 Hufvudsakligen
521 1036 28 28 pä
563 1036 68 28 grund
655 1036 23 21 af
693 1036 61 21 dessa
771 1037 45 20 skäl
835 1037 36 20 ber
885 1037 36 28 jag
935 1040 31 18 att
982 1037 22 21 få

176 1066 85 22 biträda
276 1065 34 22 Hr
326 1065 74 28 Georg
416 1065 133 21 Schaumans
564 1069 85 17 senaste
664 1065 102 28 yrkande.

248 1135 32 21 Hr
299 1135 31 20 af
351 1134 185 21 Hällström:
559 1133 78 21 Koska
659 1133 46 21 Hra
728 1133 151 27 Schaumanin,
901 1134 102 28 Georgin,

176 1165 115 20 ehdotusta
307 1171 27 13 on
351 1170 37 13 sen
408 1162 92 21 uudessa
515 1162 115 20 muodossa
646 1162 131 24 kannatettu,
793 1163 44 20 niin
853 1170 50 13 saan
919 1163 84 27 puoles-

176 1194 44 20 tani
232 1192 144 25 huomauttaa,
387 1192 43 20 että
447 1191 91 21 minusta
554 1190 113 28 nykyisten
684 1191 151 28 valtiopäiväin
850 1192 152 27 ylimääräinen

177 1222 77 20 luonne
276 1221 64 21 tekee
363 1219 179 21 mahdottomaksi
565 1219 112 21 sellaiseen
701 1220 72 20 asiaan
794 1219 138 29 ryhtymisen,
953 1220 49 21 kuin

176 1250 72 21 minkä
264 1250 57 20 tämä
344 1248 91 21 ehdotus
451 1248 92 21 sisältää.
573 1248 34 20 En
623 1248 66 21 tahdo
705 1255 65 14 sanoa
785 1250 44 19 että
845 1256 23 13 se
884 1248 119 28 privilegio,

176 1280 54 28 josta
240 1278 46 21 Hra
295 1277 124 28 Furuhjelm
432 1278 99 24 mainitsi,
547 1277 46 20 olisi
611 1276 83 21 meidän
711 1276 132 22 aikanamme
856 1278 62 20 aivan
929 1277 75 23 oikeu-

176 1311 61 17 tettu.
267 1306 72 22 Mutta
355 1306 40 20 sitä
418 1306 62 28 paitsi
497 1313 27 13 on
547 1305 104 21 olemassa
668 1305 54 21 vielä
738 1307 46 19 eräs
799 1306 117 26 toinenkin,
932 1306 71 21 nimit-

177 1337 43 20 täin
238 1336 74 20 oikeus
329 1335 65 21 valita
417 1334 244 28 kalunkirjoitusmiehet
681 1334 150 28 kaupungissa,
847 1334 48 28 joka
911 1336 92 20 minusta

176 1372 29 14 on
221 1364 238 22 suuremmanarvoinen
476 1363 113 28 privilegio
606 1362 50 21 kuin
673 1363 111 21 edellinen.

246 1393 38 21 Jos
301 1392 77 21 näiden
402 1392 163 20 etuoikeuksien
589 1391 89 21 suhteen
695 1395 37 24 nyt
747 1391 93 21 oltaisiin
857 1392 40 20 sitä
913 1392 89 28 mielipi-

177 1423 65 25 dettä,
253 1423 43 19 että
308 1422 63 20 niistä
385 1421 107 20 voitaisiin
504 1420 85 28 hyvällä
600 1420 69 28 syyllä
679 1420 84 28 luopua,
775 1421 42 19 niin
830 1428 69 13 ennen
911 1420 91 21 kaikkea

177 1458 27 13 on
221 1451 80 27 tietysti
319 1449 154 21 noudatettava
496 1450 47 24 sitä,
560 1449 50 20 mitä
626 1449 106 20 voimassa
747 1449 62 20 oleva
825 1449 41 20 laki
883 1450 66 20 asiain
966 1450 37 19 kä-

175 1479 108 26 sittelystä
307 1478 64 21 näillä
395 1477 153 28 valtiopäivillä
571 1478 78 20 säätää.
678 1477 60 21 Tällä
761 1485 26 12 en
811 1477 66 21 tahdo
891 1478 112 21 sanotuksi

176 1509 46 20 että
245 1507 83 21 mikään
353 1508 58 19 estää
426 1505 201 22 lainsäädäntötietä
643 1507 125 20 seuraavina
783 1506 86 21 aikoina
885 1506 118 21 tekemästä
