1081 1764
157 125 43 21 682
433 129 24 16 R.
471 132 18 13 o.
501 128 25 17 A.
538 127 60 17 1908.
618 127 24 17 13
654 127 50 18 Juli.

161 199 108 28 missämja
285 197 79 22 mellan
380 196 174 28 Kejsaredömets
571 196 110 21 befolkning
712 196 41 22 och
769 196 84 22 landets
869 197 124 28 inbyggare,

161 227 88 23 straffes
273 226 50 22 med
349 226 61 20 böter
425 224 46 22 från
487 224 41 22 och
544 224 48 22 med
608 224 115 22 etthundra
738 224 33 22 till
787 225 41 21 och
844 225 47 21 med
909 229 84 18 ettusen

162 256 60 22 mark
245 256 53 21 eller
322 254 97 28 fängelse
435 254 18 28 ej
469 254 63 20 öfver
554 257 32 17 ett
602 252 44 22 år».
676 252 106 29 Slutligen
798 254 73 27 ingick
889 257 30 18 ett
935 254 60 21 stad-

161 284 79 29 gande:
258 283 61 22 »Har
335 282 70 28 någon
421 289 77 21 genom
509 281 128 29 tryckskrift
649 282 161 28 offentliggjort
820 282 117 26 uttalande,
948 290 45 14 som

161 315 24 19 är
208 313 79 28 egnadt
311 315 33 17 att
358 310 111 22 förorsaka
485 310 108 28 missämja
608 310 48 21 med
672 310 133 22 främmande
821 311 66 26 makt,
905 311 88 21 straffes

160 342 49 21 med
233 342 61 20 böter
317 340 48 21 från
389 339 41 21 och
452 338 48 22 med
516 338 114 22 etthundra
644 338 33 22 till
693 338 40 22 och
749 338 48 22 med
813 342 84 18 ettusen
914 340 80 20 mark».

162 370 70 22 Dessa
247 368 108 22 särskilda
370 368 128 28 pressdelikt
514 367 65 21 hafva
594 374 28 14 nu
638 367 132 28 smäningom
794 367 129 26 försvunnit,
945 376 48 13 men

161 399 38 21 det
214 398 68 22 finnes
298 398 50 20 litet
362 404 53 20 gvar
430 396 23 21 af
467 396 48 20 dem
532 399 14 18 t.
562 403 18 14 o.
596 403 26 13 m.
642 397 5 19 i
664 396 164 28 Lagutskottets
851 396 142 25 betänkande,

160 428 43 21 och
226 427 35 21 för
284 427 43 20 min
345 425 34 21 del
395 426 23 20 är
433 426 35 27 jag
483 425 23 20 af
521 424 42 21 den
580 424 88 28 äsigten,
684 427 32 18 att
730 424 63 22 dessa
809 424 120 22 äterstoder
945 426 48 20 icke

164 456 51 21 böra
230 455 121 21 inneslutas
367 454 6 20 i
389 453 38 21 vär
441 453 204 29 presslagstiftning.
674 452 42 28 Jag
735 460 68 19 anser,
818 456 33 18 att
866 453 127 29 strafflagen

161 484 102 29 erbjuder
278 482 91 22 alldeles
383 482 128 28 tillräckliga
526 482 107 27 garantier
648 484 46 18 mot
709 482 111 21 missbruk.
839 494 24 3 —
875 482 77 22 Såsom
963 486 31 17 ett

165 514 59 20 bevis
248 512 41 26 för,
311 511 74 21 hvilka
408 510 139 22 trakasserier
564 510 194 28 lagberedningens
773 510 82 28 förslag
870 510 124 25 innehåller,

162 541 55 22 skall
231 542 36 27 jag
283 541 27 21 be
326 543 33 17 att
373 539 23 21 få
411 539 76 21 anföra
503 540 26 20 12
545 539 17 27 $,
578 546 44 14 som
639 538 70 28 lyder:
727 538 39 28 »Ej
783 546 76 14 senare
877 540 26 20 än
922 539 72 28 tryck-

163 570 70 26 skrift,
256 568 69 22 hvarå
347 568 169 28 boktryckarens
539 574 63 14 namn
626 567 67 28 enligt
715 568 26 20 10
764 568 12 26 &
799 567 39 21 bör
854 575 51 13 vara
920 571 74 22 utsatt,

163 598 48 22 från
227 597 119 29 tryckeriet
360 596 111 26 utlämnas,
487 596 80 28 åligger
583 595 142 29 boktryckare
748 599 37 23 att,
801 599 44 18 mot
861 596 75 27 kvitto,
952 596 43 21 till-

164 627 62 21 ställa
241 630 32 18 ett
288 625 109 28 exemplar
413 624 61 22 däraf
489 624 107 21 allmänna
611 624 114 28 åklagaren
742 624 40 22 och
798 628 32 18 ett
845 628 66 18 annat
929 625 65 28 polis-

165 656 123 21 kammaren
303 655 8 20 i
327 653 68 22 stad».
426 653 33 21 Hr
479 652 141 29 Charpentier
636 652 60 22 torde
712 654 67 20 erinra
796 654 39 27 sig,
851 656 32 18 att
899 654 5 20 i
921 653 73 28 lagbe-

165 684 128 28 redningens
314 682 81 28 förslag
415 682 170 28 ursprungligen,
600 681 130 21 åtminstone
746 682 66 28 enligt
828 684 32 18 ett
875 682 118 26 korrektur,

165 720 45 14 som
225 713 36 28 jag
277 714 58 19 ännu
351 710 38 22 har
404 711 6 21 i
427 710 77 26 behåll,
519 710 73 28 ingick
608 710 62 21 ordet
690 710 95 21 »förrän»
810 710 128 28 tryckskrift
961 714 33 18 ut-

165 742 88 20 lämnas.
283 741 11 21 I
318 740 105 21 Senatens
446 739 80 27 förslag
549 738 60 22 heter
631 738 47 22 det:
696 738 37 22 »så
748 742 79 23 snart»,
843 738 41 22 och
899 739 95 28 skyldig-

166 770 63 21 heten
245 772 32 19 att
292 769 71 21 lemna
379 768 165 28 pliktexemplar
558 767 32 21 till
606 767 164 28 poliskammare
785 767 39 22 har
840 768 111 20 bortfallit.
983 768 10 27 $

165 800 27 20 61
209 799 7 21 i
231 797 195 29 lagberedningens
449 796 82 28 förslag
554 796 94 20 innehöll
671 799 31 17 ett
716 798 43 18 rätt
774 796 146 28 egendomligt
935 796 59 22 stad-

165 826 71 29 gande
254 826 23 22 af
291 828 80 26 ytterst
387 824 164 22 trakasserande
567 828 33 17 art
615 824 34 21 för
665 824 178 22 bokhandlarene.
874 824 45 22 Der
934 824 61 22 heter

165 856 46 21 det:
229 855 82 21 »Innan
328 853 111 29 spridning
454 854 23 20 af
491 857 59 17 utom
573 852 93 22 Finland
689 853 71 28 tryckt
775 853 65 21 skrift
855 853 34 21 mä
904 854 6 20 i
922 854 73 20 landet

164 891 79 21 genom
267 882 136 22 bokhandeln
427 882 52 21 eller
500 882 127 21 annorledes
646 883 40 26 äga
701 889 51 18 rum,
769 882 54 21 skall
839 884 31 18 ett
885 882 110 28 exemplar

166 913 23 21 af
204 912 91 22 skriften
311 910 144 22 öfverlämnas
470 910 33 22 till
520 910 165 26 Prokuratorn»,
700 918 46 14 som
769 910 90 22 sålunda
879 911 69 21 skulle
971 910 23 22 få

164 944 33 25 ett
212 943 69 19 större
296 940 104 22 bibliotek
417 939 22 21 af
455 939 100 21 utländsk
571 939 112 27 litteratur,
698 946 45 14 som
759 939 41 21 han
812 939 69 21 skulle
895 940 99 26 granska.

169 969 178 23 »Öfverträdelse
369 968 61 21 häraf
452 968 88 21 straffes
564 967 47 21 med
628 967 60 21 böter
703 967 47 21 från
767 968 40 21 och
823 968 48 21 med
887 968 60 28 tjugu
963 968 32 21 till

166 999 42 21 och
230 998 48 22 med
301 996 122 23 tvåhundra
441 997 81 20 mark».
552 996 34 21 En
602 996 156 28 inskränkning
772 998 62 26 göres
851 997 6 20 i
873 999 31 18 ett
919 1004 75 14 senare

167 1030 100 23 moment,
283 1026 38 22 der
337 1026 37 21 det
391 1026 68 20 heter:
477 1025 79 21 »Hvad
573 1032 27 14 nu
616 1026 24 20 är
655 1025 63 27 sagdt
733 1025 53 21 skall
802 1024 57 22 dock
875 1026 18 27 ej
905 1027 40 26 äga
953 1026 44 20 till-

167 1056 110 28 lämpning
293 1055 12 21 å
321 1055 65 21 skrift
401 1054 23 21 af
439 1054 137 21 uteslutande
599 1054 159 28 vetenskapligt
781 1054 52 20 eller
853 1054 143 28 konstnärligt

168 1084 94 22 innehåll
285 1084 52 21 eller
360 1083 13 21 å
395 1082 115 29 småtryck,
532 1083 18 27 ej
567 1082 67 21 häller
649 1082 13 21 å
677 1082 130 28 tryckskrift,
823 1090 46 13 som
886 1082 23 21 af
925 1083 70 27 någon

167 1120 78 22 genom
261 1116 77 25 posten
355 1112 118 21 rekvireras
490 1111 34 21 för
539 1118 53 22 egen
608 1110 110 28 räkning».
742 1112 11 26 $
765 1112 11 20 9
791 1112 22 20 är
829 1111 66 21 också
911 1112 86 27 mycket

168 1141 164 23 karaktäristisk
348 1141 34 21 för
397 1141 41 21 den
455 1140 62 27 anda,
537 1147 45 14 som
598 1139 116 28 genomgår
737 1139 192 28 lagberedningens
953 1140 44 21 för-

168 1171 56 28 slag;
249 1170 38 22 der
303 1170 61 21 heter
379 1169 44 21 det:
447 1169 45 21 »>Ar
508 1168 139 22 innehafvare
669 1168 23 21 af
706 1169 92 27 tryckeri
814 1168 91 21 hindrad
922 1172 31 17 att
969 1168 28 28 pä

168 1200 71 28 någon
262 1198 31 22 tid
318 1198 71 21 drifva
412 1198 123 28 tryckeriet,
550 1197 55 21 skall
620 1197 32 21 till
668 1196 146 22 föreståndare
830 1197 34 21 för
879 1197 118 21 detsamma

168 1228 69 22 under
259 1227 60 22 tiden
343 1230 88 25 antagas
454 1226 71 21 därtill
549 1226 89 27 behörig
660 1233 77 21 person
753 1225 40 22 och
809 1226 99 21 anmälan
923 1226 74 21 härom

169 1259 55 20 inom
242 1257 45 21 åtta
302 1257 67 27 dagar
383 1257 62 26 göras
461 1255 39 21 hos
517 1255 145 28 magistraten.
691 1254 136 22 Försummar
851 1255 47 25 den,
914 1254 13 21 å
942 1255 55 21 hvil-

169 1286 41 21 ken
227 1285 77 22 sådant
319 1285 130 25 ankommer,
465 1287 31 18 att
512 1285 52 26 göra
580 1283 104 26 anmälan,
699 1290 45 14 som
760 1291 28 13 nu
801 1286 65 25 sagts,
882 1283 49 21 böte
949 1283 49 21 från

169 1315 41 21 och
232 1313 49 22 med
303 1314 61 27 tjugu
386 1313 32 21 till
441 1312 41 21 och
506 1312 47 21 med
575 1311 121 22 tvåhundra
718 1312 59 21 mark
795 1311 41 22 och
858 1319 90 14 ansvare
964 1312 35 21 för

170 1342 133 30 tryckskrift,
327 1349 45 14 som
395 1341 68 22 under
487 1341 59 21 tiden
570 1341 106 20 utlämnas
691 1340 47 21 från
755 1341 135 28 tryckeriet».
921 1341 77 21 Denna

170 1371 101 30 paragraf
293 1371 38 21 har
354 1370 131 21 förmildrats
509 1370 5 21 i
538 1369 105 22 Senatens
659 1369 85 28 förslag,
759 1377 47 13 men
823 1371 38 19 när
877 1370 20 20 vi
914 1369 85 21 komma

170 1401 33 20 till
225 1399 165 29 Lagutskottets
415 1399 142 26 betänkande,
573 1398 56 21 finna
645 1399 21 20 vi
682 1401 32 18 att
724 1398 47 21 utaf
785 1397 71 22 denna
877 1399 11 26 $
911 1398 88 28 gvarstä

170 1429 78 21 endast
271 1428 96 29 följande
389 1427 48 22 ord:
463 1426 114 22 »Förestår
599 1426 140 21 innehafvare
762 1426 22 21 af
806 1427 93 28 tryckeri
915 1427 18 28 ej
950 1426 51 29 själf

170 1458 125 26 detsamma,
310 1464 90 13 ansvare
416 1456 56 21 dock
489 1456 34 21 för
539 1455 133 28 tryckskrift,
687 1463 45 13 som
748 1455 68 21 under
831 1455 59 21 tiden
903 1455 96 21 därifrån

171 1486 122 26 utlämnats,
315 1485 90 21 såframt
425 1484 42 21 han
491 1485 19 28 ej
526 1485 33 20 till
575 1483 147 22 föreståndare
738 1483 33 22 för
786 1484 117 28 tryckeriet
918 1485 83 26 antagit

171 1515 89 28 behörig
283 1521 77 22 person
383 1513 41 22 och
447 1513 74 21 därom
544 1513 80 20 anmält
647 1512 38 22 hos
701 1512 144 29 myndighet».
877 1513 9 27 $
905 1513 11 21 6
933 1513 68 28 enligt
