1081 1761
179 109 41 20 614
452 114 24 16 R.
490 118 18 12 o.
520 114 25 16 A.
557 114 59 17 1906.
636 114 27 16 26
675 115 57 16 Juni.

179 183 48 21 icke
243 182 88 28 mycket
346 182 24 20 af
384 189 25 13 en
426 181 57 28 gäng
498 189 42 21 nog
556 182 23 20 sä
592 187 57 15 stora
666 183 127 27 privilegier,
809 190 46 14 som
872 192 88 14 numera
973 186 37 20 äro

178 218 54 21 gvar
254 210 41 22 och
314 210 94 28 ätnjutas
431 210 23 20 af
476 210 27 21 de
521 210 116 23 adelsmän,
652 218 46 14 som
716 219 26 13 nu
759 212 73 27 finnas,
849 214 69 20 men.
908 206 14 39 i
935 213 74 28 hvarje

180 240 38 20 fall
242 246 52 14 vore
318 238 38 22 det
370 238 46 22 skäl
430 242 30 18 att
476 246 46 14 man
539 239 35 20 för
594 239 138 28 jemlikheten
753 240 64 21 äfven
841 240 81 22 offrade
946 242 63 21 dessa

180 268 28 27 pä
223 267 38 21 det
276 268 108 20 allmänna
400 267 136 21 otfferaltaret.
558 267 42 27 Jag
612 274 62 14 anser
682 267 92 22 Ständet
789 269 73 21 derför
878 270 130 21 åtminstone

179 296 47 21 med
243 295 105 22 afseende
364 295 12 21 &
392 295 58 21 detta
465 299 95 17 moment
575 295 51 21 böra
642 295 156 23 återremittera
813 297 148 22 betänkandet
976 299 32 20 till

181 324 118 22 Utskottet.

248 352 67 21 Hvad
339 352 95 27 återigen
460 352 99 21 beträffar
582 352 26 21 de
624 353 121 21 stundande
761 353 153 28 adelsmötena,
929 355 80 21 tillåter

178 382 36 27 jag
229 382 43 25 mig
288 385 32 17 att
336 381 65 21 hafva
418 388 24 13 en
459 381 136 27 fullständigt
610 389 70 13 annan
696 382 140 28 uppfattning
851 385 27 19 än
890 383 34 21 Hr
939 383 69 22 Thes-

179 410 43 21 lefi.
254 409 41 22 För
312 410 44 27 mig
371 410 84 20 komma
470 409 27 21 de
512 413 31 17 att
559 413 20 17 te
595 410 39 27 sig,
650 410 48 21 icke
720 410 69 21 såsom
808 415 32 16 ett
855 412 73 21 försök
945 412 23 21 af
982 413 26 21 R.

180 446 18 13 o.
214 439 26 20 A.
256 442 32 17 att
303 439 72 26 intaga
391 445 25 14 en
433 438 136 27 särställning
584 442 109 23 gentemot
710 439 45 20 folk
771 439 40 21 och
827 440 56 26 land,
898 444 52 17 utan
962 448 44 14 som

180 471 30 16 ett
235 467 146 27 hugfästande
406 467 23 20 af
458 467 130 22 traditioner,
610 467 85 21 hvilkas
722 467 108 22 vårdande
854 470 23 19 är
899 469 24 21 af
948 469 60 29 bety-

182 495 58 22 delse
257 496 35 20 för
307 495 74 28 hvarje
398 495 52 25 folk,
465 502 44 14 som
526 495 36 20 vill
578 495 28 27 gå
622 503 25 13 en
664 496 63 21 säker
742 496 40 21 och
797 496 51 28 lugp
865 497 87 22 framtid
975 498 32 21 till

180 525 62 20 möte.
265 524 34 21 De
316 524 84 20 komma
417 523 47 22 icke
480 527 32 17 att
526 523 59 28 spela
602 523 69 28 nägon
688 524 39 21 roll
743 525 5 20 i
765 524 35 21 det
816 525 112 28 offentliga
940 527 67 26 lifvet,

180 560 47 13 men
243 553 27 20 de
286 553 86 20 komma
388 555 31 18 att
433 553 6 20 i
456 552 40 21 den
514 552 108 21 enskildes
638 553 82 25 tankar,
732 553 126 28 handlingar
869 554 40 21 och
922 555 84 21 minnen

180 581 46 21 frän
245 581 27 20 de
296 581 73 26 dagar,
384 580 28 21 dä
427 581 62 21 dessa
506 582 69 19 möten
592 581 78 26 hällits,
685 581 59 28 spela
766 589 25 13 en
812 582 46 21 roll.
887 583 43 27 Jag
944 591 64 13 anser

179 609 118 21 emellertid
315 612 32 18 att
365 608 121 22 Utskottets
502 609 81 27 förslag
598 616 33 14 om
648 612 32 18 att
690 610 144 21 adelsmötena
848 610 71 22 kunna
935 612 73 28 fortgä

179 639 6 19 i
201 639 14 19 4
231 638 81 21 veckor
327 639 24 19 är
366 637 104 28 olyckligt
485 637 93 26 träffadt,
601 640 50 18 utan
670 638 50 21 böra
736 638 144 22 adelsmötena
896 640 72 27 fortgä
984 640 24 22 sä

180 666 62 28 länge
258 674 46 14 som
321 666 66 28 nägot
402 666 73 21 arbete
488 666 116 28 föreligger
624 670 31 17 att
670 666 71 21 utföra
757 668 40 20 och
812 668 64 20 alltsä
891 669 63 27 ingen
972 669 36 21 be-

178 696 118 27 gränsning
318 695 75 21 finnas.
424 694 63 22 Hvad
511 695 158 27 förvaltningen
693 696 23 20 af
738 695 25 21 R.
785 703 18 14 o.
823 698 39 19 A:s
878 696 78 22 fonder
972 698 36 20 be-

179 723 79 25 träffar,
281 724 25 21 sä
328 725 24 19 är
375 723 122 21 densamma
516 724 5 20 i
537 724 55 26 goda
613 724 81 20 händer
709 724 29 20 uti
755 728 30 17 ett
808 724 199 23 riddarhusutskott

180 752 46 21 med
244 752 40 21 den
302 753 198 26 sammansättning,
512 759 45 13 som
569 752 37 21 det
617 752 123 21 nuvarande
751 752 43 21 har.
816 752 42 28 Jag
870 761 64 14 anser
944 755 63 20 emel-

180 780 61 21 lertid
265 781 48 20 icke
336 784 32 17 att
391 781 21 20 vi
436 780 50 21 böra
510 780 60 21 stifta
595 781 33 27 lag
645 781 31 20 för
692 781 142 27 ögonblicket,
852 785 49 18 utan
918 783 20 20 vi
956 783 51 21 böra

180 813 48 24 taga
243 809 83 28 hänsyn
344 809 31 20 till
392 809 26 20 de
435 809 155 28 förändringar,
613 816 45 13 som
676 809 46 21 med
740 809 102 22 afseende
858 810 13 21 &
886 810 121 29 äskädning

179 838 41 21 och
234 837 82 28 äsigter
332 838 72 20 kunna
419 839 51 26 göra
486 838 33 27 sig
535 838 111 21 märkbara
661 837 13 21 å
690 837 26 22 de
732 838 99 21 framtida
855 838 152 23 adelsmötena.

180 866 32 21 Af
234 866 70 21 denna
328 866 64 20 orsak
408 873 62 13 anser
485 867 35 27 jag
536 870 31 16 att
583 874 46 12 man
647 866 105 21 definitivt
768 867 66 20 borde
850 867 77 21 fastslä
943 869 5 19 i
965 869 41 20 den

181 894 109 21 blifvande
307 894 239 28 riddarhusordningen,
557 894 54 21 huru
628 894 58 21 valet
701 894 23 21 af
738 894 40 22 den
794 895 137 22 förvaltande
947 904 60 20 myn-

180 923 102 27 digheten
300 923 55 21 skall
371 924 38 20 ske
432 923 40 21 och
495 927 31 17 att
550 923 112 27 dervidlag
684 923 27 21 de
734 924 56 20 olika
814 924 119 22 intressena
949 926 57 20 inom

179 952 93 21 Ständet
289 952 67 21 borde
373 952 67 20 blifva
455 952 176 27 representerade
647 952 28 27 pä
690 955 32 17 ett
736 952 77 21 sådant
828 954 49 23 sätt,
892 960 46 14 som
955 956 53 19 rätt-

180 981 44 21 vist
238 982 30 23 är,
278 988 64 14 anser
352 981 36 27 jag
403 988 51 13 vara
470 980 116 28 sjelffallet.

250 1009 65 21 Hvad
332 1010 40 20 sist
387 1008 39 22 och
443 1009 100 27 slutligen
559 1008 131 22 Monarkens
706 1010 42 20 rätt
763 1012 31 18 att
809 1010 83 21 förläna
903 1010 104 30 adelskap

181 1038 109 26 beträffar,
306 1038 25 21 sä
346 1038 38 20 har
408 1037 112 22 Utskottet
538 1037 136 28 fullständigt
689 1039 41 19 rätt
745 1038 6 20 i
767 1038 117 22 relationen
900 1042 32 18 att
947 1039 26 21 R.
988 1047 19 14 o.

180 1068 26 20 A.
221 1068 19 27 ej
257 1067 27 28 pä
300 1070 31 18 ett
342 1066 52 21 eller
408 1070 65 17 annat
486 1068 42 19 sätt
540 1066 40 21 kan
592 1066 87 21 försöka
690 1066 95 29 förgripa
796 1068 32 26 sig
840 1067 27 28 pä
878 1067 128 28 densamma,

180 1095 130 28 exempelvis
332 1102 77 20 genom
433 1095 109 21 uttalande
563 1095 23 20 af
608 1098 31 18 ett
657 1095 160 27 önskningsmäl
841 1096 47 20 med
904 1096 102 22 afseende

179 1124 13 20 å
214 1124 174 27 nobiliseringen,
411 1132 47 12 men
478 1123 28 21 dä
521 1131 25 13 en
564 1123 100 21 framtida
680 1124 107 21 adelsman
804 1124 48 22 icke
868 1124 90 22 erhåller
973 1126 32 20 sin

180 1153 112 27 värdighet
314 1153 35 20 för
370 1156 30 17 att
424 1152 86 21 dermed
534 1153 56 27 tjena
613 1152 72 21 landet
707 1153 6 20 i
736 1160 26 13 en
784 1152 24 22 sä
831 1154 176 27 utomordentligt

180 1182 68 27 vigtig
264 1181 88 28 uppgift
374 1189 45 12 som
444 1181 240 28 folkrepresentantens,
707 1185 50 16 utan
779 1181 90 21 erhäller
884 1181 122 22 densamma

179 1210 70 21 säsom
266 1218 26 13 en
308 1210 38 21 akt
362 1209 22 22 af
399 1212 66 25 gunst
479 1209 40 21 och
536 1209 42 21 näd
595 1223 26 2 —
638 1209 22 21 af
676 1216 25 14 en
717 1213 65 24 gunst
793 1210 40 21 och
847 1218 26 13 en
885 1210 42 21 näd
938 1211 67 21 sädan

179 1246 45 13 som
248 1239 41 20 den
313 1239 35 20 för
370 1238 139 27 ögonblicket
532 1238 41 21 kan
598 1245 49 14 vara
665 1251 24 2 —
706 1238 39 21 och
768 1238 28 21 dä
818 1238 41 21 han
882 1239 48 21 med
947 1239 59 22 detta

180 1267 103 28 adelskap
300 1267 75 21 vinner
398 1267 82 20 inträde
497 1267 5 20 i
519 1274 25 13 en
570 1267 125 28 församling
718 1267 41 21 och
781 1267 133 28 delaktighet
930 1269 6 20 i
956 1268 50 21 dess

179 1295 121 28 tillgängar,
315 1309 27 2 —
359 1303 25 13 en
398 1295 131 28 församling,
542 1303 44 13 som
604 1295 80 21 bestätt
699 1295 67 21 under
775 1295 157 28 ärhundraden,
942 1305 64 20 gene-

179 1326 68 19 ration
266 1325 56 20 efter
338 1325 132 27 generation,
492 1324 40 21 och
548 1324 120 28 tillgängar,
684 1331 44 14 som
746 1326 50 19 växt
810 1326 124 26 generation
952 1326 55 21 efter

179 1354 131 27 generation,
326 1361 63 13 anser
410 1353 36 28 jag
468 1353 38 20 det
528 1360 50 14 vara
602 1353 34 20 väl
661 1353 81 26 funnet,
757 1360 45 14 som
818 1353 62 28 ingär
894 1355 7 20 i
917 1354 41 21 den
974 1354 32 21 till

181 1382 145 21 betänkandet
342 1381 78 28 fogade
436 1382 168 21 reservationen.
636 1381 44 22 Vid
699 1382 121 27 jemförelse
836 1383 23 20 af
874 1383 132 27 penningens

180 1411 64 20 värde
268 1410 62 21 öfver
351 1410 90 25 hufvud,
462 1417 27 13 nu
512 1410 41 21 och
569 1409 68 21 under
652 1410 57 20 förra
725 1411 61 25 tider,
802 1418 64 20 synas
882 1411 43 27 mig
940 1411 67 27 afgif-

180 1443 59 17 terna
255 1439 33 21 till
304 1439 26 21 de
342 1446 55 20 resp.
409 1439 102 20 kassorna
528 1446 51 13 vara
598 1438 88 21 alldeles
705 1438 34 21 för
754 1438 44 28 lägt
820 1439 115 21 bestämda.
964 1440 42 28 Jag

180 1467 130 21 förbehåller
333 1467 43 27 mig
400 1467 57 28 förty
482 1470 32 17 att
531 1466 69 21 under
616 1467 224 28 detaljeranskningen
857 1467 23 22 få
894 1469 51 27 göra
961 1469 45 20 sär-

180 1496 69 21 skilda
264 1496 82 28 förslag
362 1497 5 19 i
384 1495 82 28 frägan.
