1081 1761
369 118 186 32 Tryckfrihetslag.
839 120 43 21 683

47 195 196 30 lagberedningens
258 193 81 28 förslag
355 193 160 28 omöjliggjorde
531 193 173 22 boktryckeriers
720 193 122 22 inrättande
853 193 29 28 på

47 225 81 22 landet.
158 223 92 22 Senaten
267 221 94 22 ändrade
376 221 59 22 detta
450 221 119 28 stadgande
601 221 72 26 derhän,
689 224 31 19 att
735 229 35 16 om
786 221 93 22 konces-

45 255 51 21 sion
120 252 66 21 borde
209 251 98 22 ansökas.
336 250 152 29 Lagutskottet
510 250 38 21 har
573 251 129 20 utmönstrat
726 249 67 23 också
818 249 61 22 detta

46 280 129 29 stadgande.

119 308 53 22 Man
186 308 39 21 har
239 307 109 28 äberopat,
363 306 125 28 visserligen
504 306 47 22 icke
567 307 146 28 uttryckligen
728 307 8 21 i
751 306 67 25 afton,
834 306 43 22 den

48 338 95 22 svenska
158 335 293 30 tryckfrihetsförordningen
475 334 69 22 säsom
560 338 31 18 ett
607 337 100 24 mönster,
723 342 48 14 men
787 334 38 22 det
840 336 40 20 bör

47 366 79 23 härvid
142 366 131 25 observeras,
289 367 31 18 att
335 364 42 21 den
387 364 94 21 svenska
495 363 295 29 tryckfrihetsförordningen
801 366 24 19 är
836 364 44 21 till-

48 396 102 21 kommen
165 394 33 21 för
214 393 37 21 det
265 392 68 22 första
348 392 209 28 grundlagsstridigt,
571 392 36 21 för
623 392 37 21 det
675 392 65 22 andra
757 392 27 28 pä
800 400 26 14 en
839 392 43 27 tid,

48 424 30 22 dä
96 423 125 22 reaktionen
244 421 73 27 rädde,
339 421 40 21 och
402 421 41 21 den
467 420 38 22 har
527 420 68 29 aldrig
611 420 126 28 betraktats,
753 428 50 14 vare
819 422 34 27 sig
875 422 7 20 i

46 452 94 28 Sverige
156 451 50 22 eller
221 450 146 25 annorstädes,
383 449 70 22 säsom
469 452 30 19 ett
515 451 100 20 mönster.

118 480 42 28 Jag
183 480 37 21 ber
234 479 100 28 slutligen
349 481 32 18 att
396 478 28 26 fä,
439 478 48 21 med
503 478 116 28 anledning
635 478 23 22 af
674 478 33 21 Hr
722 478 155 28 Charpentiers

47 509 107 30 yttrande,
176 507 171 28 tillkännagifva,
362 510 31 18 att
414 508 35 27 jag
464 507 48 21 icke
533 507 76 21 hittills
625 507 39 21 har
679 507 117 28 offentligt,
813 508 5 20 i
835 507 43 21 tid-

49 539 159 28 ningspressen,
227 536 77 21 uttalat
326 537 42 27 mig
383 537 6 20 i
405 536 69 21 denna
496 535 61 28 fräga
572 536 6 20 i
594 543 72 14 annan
681 535 56 22 form
752 537 27 20 än
796 539 32 18 att
842 537 36 27 jag

46 567 66 29 yrkat
128 566 28 28 pä
170 564 142 23 tillsättandet
327 564 22 21 af
364 572 26 13 en
407 564 78 21 komit6
501 564 34 21 för
549 565 162 27 granskningen
728 564 22 21 af
766 564 113 28 lagbered-

48 596 92 27 ningens
155 594 86 27 förslag.
271 592 48 22 Den
336 592 64 22 kritik
415 593 35 28 jag
466 594 6 19 i
487 593 43 27 dag
551 592 86 22 utöfvat
653 594 23 20 är
691 592 42 22 den
749 592 67 22 första
832 592 49 22 frän

48 625 44 21 min
108 623 52 22 sida.
189 622 27 22 Jag
246 621 82 28 hoppas
345 621 67 21 blifva
428 622 6 20 i
449 621 84 21 tillfälle
554 624 31 18 att
600 621 70 21 under
693 621 185 29 detaljdiskussio-

48 660 42 14 nen
106 651 80 22 föreslä
201 658 66 20 nägra
282 650 149 28 förändringar
447 650 6 21 i
469 650 165 28 Lagutskottets
650 650 87 28 förslag,
756 650 74 21 hvilka
845 650 37 28 jag

46 688 66 15 anser
143 688 50 14 vara
223 678 137 28 nödvändiga
389 678 34 22 för
453 678 188 29 upprätthällande
663 678 23 22 af
710 679 169 28 tryckfrihetens

49 710 91 28 princip.

118 766 35 21 Hr
175 765 223 28 Charpentier:
421 764 42 28 Jag
486 764 37 21 vill
546 764 47 22 icke
618 764 73 28 längre
707 764 115 29 uppehålla
840 765 43 21 den

48 796 108 21 allmänna
179 794 157 21 diskussionen.
365 793 42 28 Jag
429 793 38 21 vill
489 800 28 14 nu
537 792 77 22 endast
629 794 58 27 säga,
703 796 31 18 att
749 794 35 28 jag
799 794 39 21 har
854 801 27 14 en

49 832 71 14 annan
143 823 138 29 uppfattning
303 824 26 19 än
353 822 34 21 Hr
409 822 121 21 Schauman
563 829 35 14 om
625 822 118 28 begreppet
768 822 114 28 väsentlig.

48 853 43 27 Jag
106 852 39 22 har
160 851 114 28 ingalunda
291 850 97 27 bestridt,
403 853 32 18 att
450 850 194 28 lagberedningens
667 850 82 29 förslag
770 851 40 21 har
826 852 58 20 varit

51 882 7 20 i
75 881 65 21 behof
162 880 23 21 af
207 880 119 27 ändringar,
342 891 27 3 —
391 880 35 27 jag
441 879 38 20 har
494 878 49 29 sjelf
559 880 55 21 varit
630 879 49 21 med
694 886 35 14 om
744 882 32 19 att
793 880 88 27 vidtaga

52 909 76 28 många
151 909 114 27 ändringar
287 907 45 21 deri
358 919 25 4 —
398 915 48 14 men
461 908 36 27 jag
512 907 38 21 har
565 908 104 28 uppträdt
685 911 43 18 mot
745 907 137 29 påståendet,

52 941 32 19 att
106 938 37 21 det
166 938 54 21 varit
242 936 132 21 reaktionärt
395 936 40 21 och
458 939 32 18 att
512 936 37 21 det
564 936 38 21 har
616 937 69 27 gjorts
700 937 120 27 väsentliga
836 937 48 21 för-

52 967 118 27 bättringar
193 965 50 22 deri.
273 965 34 21 De
326 965 97 28 exempel
439 964 34 22 Hr
488 964 120 22 Schauman
624 965 100 21 framfört
744 966 76 27 tyckas
837 966 45 27 mig

52 998 92 19 tvärtom
153 1002 56 14 mera
218 994 72 22 bevisa
299 994 130 28 riktigheten
445 994 23 20 af
484 994 57 21 hvad
555 994 36 28 jag
606 994 39 21 här
660 994 38 21 har
714 998 52 24 sagt,
782 996 27 19 än
824 994 60 22 hvad

53 1024 34 22 Hr
103 1024 119 21 Schauman
239 1022 87 29 pästätt,
342 1026 22 24 ty
379 1030 35 14 om
430 1030 47 13 man
493 1022 23 21 af
531 1023 62 27 sjette
609 1023 101 27 kapitlets
722 1022 160 22 straffbestäm-

53 1054 75 26 ningar
144 1053 7 20 i
166 1051 192 29 lagberedningens
374 1051 80 27 förslag
469 1052 130 20 utmönstrar
614 1055 33 17 tre
662 1051 41 21 och
718 1053 39 27 gör
772 1051 37 21 det
820 1052 5 20 i
838 1052 42 21 den

53 1082 71 26 tanke,
146 1084 32 18 att
199 1081 36 20 det
255 1080 66 21 finnes
337 1079 81 21 sädana
435 1080 158 27 bestämningar
608 1080 67 21 redan
691 1081 6 19 i
713 1080 134 28 strafflagen,
865 1080 21 22 d.

54 1118 20 14 v.
90 1118 16 13 s.
121 1112 32 19 att
168 1109 79 22 sädana
264 1109 57 20 brott
336 1108 146 22 öfverhufvud
493 1108 68 21 blifva
572 1108 134 22 bestraffade
716 1116 79 20 genom
808 1109 78 21 straff-

54 1139 74 27 lagens
150 1137 124 29 stadgande,
297 1136 24 22 sä
343 1138 24 20 är
389 1137 37 21 det
447 1138 22 27 ju
492 1137 49 21 icke
564 1137 65 27 några
652 1137 116 28 ändringar
784 1138 6 20 i
806 1138 80 28 sjelfva

52 1168 75 21 saken.
151 1166 43 21 Det
208 1174 35 13 ser
258 1166 125 27 visserligen
400 1166 68 20 bättre
484 1169 29 22 ut,
529 1173 34 13 om
579 1166 37 20 det
631 1166 67 21 finnes
715 1166 82 21 mindre
809 1166 74 21 straff-

54 1196 166 27 bestämningar,
234 1194 40 22 och
289 1195 36 26 jag
340 1194 42 21 kan
399 1194 102 26 försäkra,
517 1197 32 18 att
563 1201 34 14 om
610 1195 21 20 vi
642 1194 42 21 fått
696 1195 188 28 bestämningarna

52 1232 37 14 om
114 1223 119 22 bokhandel
257 1223 41 21 och
321 1223 136 28 boktryckeri
481 1223 6 20 i
504 1223 156 27 näringslagen,
675 1223 27 21 de
718 1231 34 13 om
769 1223 117 28 offentliga

54 1253 138 27 handlingars
215 1251 126 28 utgifvande
365 1251 67 22 också
447 1252 6 20 i
469 1259 27 13 en
519 1251 57 21 skild
594 1251 35 28 lag
643 1251 42 22 och
700 1252 100 27 slutligen
817 1252 68 21 äfven

52 1282 30 21 de
98 1289 35 14 om
148 1280 138 28 rättegången
302 1281 6 20 i
325 1287 26 14 en
367 1280 54 21 skild
438 1280 39 27 lag,
494 1280 24 21 så
533 1280 69 21 skulle
613 1280 66 21 äfven
690 1280 194 29 lagberedningens

54 1310 84 28 förslag
158 1309 64 22 hafva
246 1309 71 21 blifvit
340 1312 103 24 mottaget
461 1308 48 21 med
525 1308 108 29 applåder.
664 1309 33 28 Ty
714 1317 48 13 man
778 1309 56 22 fäste
851 1310 34 27 sig

55 1339 78 21 främst
148 1338 37 21 vid
201 1337 135 29 mångfalden
353 1337 22 21 af
391 1337 224 28 straffbestämningar
637 1337 42 22 och
696 1338 73 27 tyckte
785 1339 7 20 i
808 1338 76 28 början

56 1367 137 22 beträffande
216 1374 26 13 en
265 1365 34 22 del
322 1366 23 21 af
365 1366 55 26 dem,
440 1369 31 18 att
487 1365 36 22 det
540 1373 38 14 var
593 1366 101 21 oerhördt
710 1379 27 3 —
749 1367 36 28 jag
802 1367 82 21 kanske

55 1395 147 22 öfverdrifver
217 1395 70 28 något,
297 1402 49 13 men
362 1402 48 13 man
426 1395 74 28 tyckte
515 1394 37 21 det
567 1395 6 20 i
589 1395 41 20 alla
647 1395 37 21 fall
694 1408 28 3 —
733 1399 31 17 att
780 1395 106 28 förslaget

56 1424 95 22 innehöll
173 1423 86 27 sådana,
282 1423 73 25 ehuru,
377 1431 35 13 om
434 1423 27 21 de
484 1423 69 28 ingått
575 1423 6 20 i
605 1423 106 22 allmänna
727 1424 159 27 näringslagen,

57 1454 64 26 ingen
138 1453 68 21 skulle
221 1452 46 21 haft
283 1451 66 28 något
364 1455 31 17 att
410 1453 51 26 säga
477 1451 80 21 derom.

126 1480 66 23 Hvad
209 1488 27 14 nu
252 1480 26 21 de
294 1480 67 21 andra
376 1480 118 29 exemplen,
505 1487 46 14 som
563 1479 33 22 Hr
606 1479 121 23 Schauman
738 1480 149 29 uppräknade,

58 1510 112 26 beträffar,
185 1509 23 22 så
224 1509 120 28 medgifver
359 1509 40 28 jag,
415 1512 31 18 att
461 1509 106 21 särskilda
588 1509 23 21 af
625 1509 50 21 dem
690 1511 36 19 äro
742 1509 55 28 goda
814 1517 72 14 exem-
