1081 1761
389 105 188 33 Tryckfrihetslag.
862 107 44 20 685

73 180 127 23 »likartadt»
225 182 58 19 emot
306 182 77 18 »annat
405 179 86 21 dermed
514 179 138 28 jemförligt»,
674 182 23 25 ty
719 179 37 22 det
771 179 67 28 gäller
854 180 49 21 icke

70 209 79 22 endast
171 211 31 18 att
224 208 37 21 det
282 207 99 28 redskap,
403 207 101 22 hvarmed
528 207 126 28 tryckskrift
678 207 154 28 reproduceras
848 208 53 21 eller

71 236 165 29 mångfaldigas,
250 238 23 19 är
289 243 26 14 en
331 243 67 21 press,
412 239 50 18 utan
483 238 31 19 att
529 235 36 22 det
580 237 23 20 är
619 239 32 18 ett
667 236 99 29 redskap,
781 236 48 21 med
845 236 59 21 hvil-

71 267 38 20 ket
132 273 47 13 man
198 265 63 21 snabt
277 265 42 20 kan
334 264 147 21 åstadkomma
504 267 31 18 ett
557 264 189 29 mångfaldigande
762 265 24 20 af
801 265 100 21 skriften.

70 295 44 27 Jag
130 293 90 21 föreslår
235 293 96 25 sålunda,
346 293 71 21 såsom
433 293 68 27 sagdt,
521 292 118 28 utbytande
655 293 23 21 af
693 293 61 21 ordet
772 293 128 21 »likartadt>

71 325 47 19 mot
135 325 76 18 »annat
227 321 88 21 dermed
329 320 137 30 jemförligt».

144 410 12 19 2
172 408 12 28 8
201 410 76 25 antogs
292 406 52 22 härä
359 406 136 22 oförändrad.

144 494 12 21 3
173 493 12 28 &
200 492 126 29 godkändes
343 495 51 18 utan
409 492 129 21 diskussion.

145 550 45 22 Vid
206 551 13 20 4
235 551 13 26 &
264 549 71 22 anhöll

141 607 34 21 Hr
190 606 185 22 Cederholm
391 614 34 14 om
441 606 61 22 ordet
517 606 40 22 och
572 606 95 28 yttrade:
700 606 34 22 Då
749 606 37 22 det
802 608 23 20 är
840 606 64 22 tänk-

71 637 56 24 bart,
150 638 32 19 att
203 635 68 28 fjerde
287 635 127 28 paragrafen
431 635 40 21 kan
488 642 62 14 anses
566 642 51 14 vara
634 635 108 21 beroende
758 635 22 21 af
796 635 107 21 huruvida

70 665 106 27 förslaget
190 672 34 13 om
239 665 28 20 25
283 664 45 27 $:ns
351 664 136 21 uteslutande
509 663 132 28 godkännes,
662 664 25 21 så
703 664 37 21 ber
754 665 36 27 jag
806 664 23 21 få
845 664 58 21 före-

70 694 38 26 slå,
133 696 31 18 att
186 692 91 22 Ståndet
299 692 48 21 icke
363 700 28 13 nu
407 692 50 21 ville
473 692 83 22 besluta
571 692 111 28 angående
697 693 14 20 4
727 693 19 27 8,
762 696 51 18 utan
829 693 73 21 lemna

71 722 78 28 frågan
171 729 34 14 om
228 721 69 21 denna
313 722 12 26 $
346 721 106 21 beroende
476 720 27 29 på
524 720 107 29 utgången
649 721 22 21 af
687 720 102 22 Ständets
806 722 71 20 beslut
894 722 6 20 i

74 750 104 22 afseende
194 750 13 21 å
222 750 12 27 $
250 751 33 20 25.

144 836 71 22 Sedan
230 836 58 21 Frih.
304 843 56 14 von
377 835 124 22 Kothen
517 835 80 22 biträdt
613 835 60 21 detta
689 836 87 28 förslag,
792 836 70 21 beslöt
880 836 27 22 R.

73 872 19 14 o.
108 866 28 19 A.
152 868 31 17 att
197 868 50 24 taga
262 865 13 20 4
291 865 12 26 &
319 864 68 21 uuder
403 864 136 28 ompröfning
560 864 54 21 först
636 864 56 21 efter
707 864 37 21 det
760 865 26 20 25
803 865 11 26 $
832 864 74 21 blifvit

74 893 129 22 behandlad.

147 951 12 20 2
176 950 59 29 kap:s
251 949 73 22 rubrik
339 949 132 29 godkändes.

145 1008 12 21 I
172 1008 102 21 afseende
289 1007 13 21 å
318 1009 12 20 5
346 1008 12 27 $
373 1008 85 28 yttrade

144 1066 34 21 Hr
192 1065 189 28 Furuhjelm:
405 1065 32 21 På
458 1065 52 28 skäl,
533 1073 45 13 som
601 1066 36 28 jag
655 1066 68 21 under
738 1066 41 22 den
796 1066 108 22 allmänna

74 1095 150 21 diskussionen
247 1094 64 21 redan
335 1094 55 21 hade
413 1096 50 19 äran
486 1094 79 26 anföra,
589 1094 38 22 ber
641 1095 35 28 jag
692 1095 111 21 vördsamt
817 1095 23 21 få
856 1095 44 21 till-

75 1124 76 28 styrka
166 1122 130 29 antagandet
311 1122 23 21 af
349 1123 13 21 5
379 1123 11 27 $
407 1123 66 27 enligt
489 1122 47 22 nåd.
551 1130 60 21 prop.

145 1181 34 21 Hr
201 1180 120 21 Fraser:
354 1179 11 22 I
387 1179 223 22 öfverensstämmelse
633 1181 49 21 med
704 1181 57 22 hvad
786 1182 36 28 jag
847 1181 59 22 hade

74 1211 53 20 äran
148 1212 57 25 yttra
228 1209 35 20 vid
286 1209 148 21 diskussionen
457 1216 35 14 om
509 1210 10 20 1
536 1210 11 27 $
563 1209 22 21 af
609 1209 37 22 det
661 1210 65 21 redan
749 1214 93 24 antagna
859 1210 46 21 för-

76 1239 70 27 slaget
168 1238 32 21 till
214 1245 29 20 ny
265 1237 206 28 landtdagsordning
490 1237 37 22 vill
542 1238 35 28 jag
593 1238 26 21 be
635 1241 32 18 att
682 1239 22 21 få
720 1239 80 21 föreslå
815 1239 33 21 för
864 1239 40 21 det

77 1267 125 28 Höglofliga
224 1265 91 22 Ständet
337 1269 32 18 att
391 1265 67 22 andra
480 1266 62 21 ordet
557 1267 6 20 i
579 1267 127 28 paragrafen
731 1267 94 22 »enhvar
845 1267 63 28 finsk

77 1295 152 28 medborgare»
254 1294 65 21 måtte
341 1294 78 22 ändras
442 1295 32 21 till
499 1295 93 21 »enhvar
612 1295 114 28 finländsk
744 1296 164 29 medborgare».

76 1324 44 28 Jag
134 1331 68 19 anser,
217 1326 32 19 att
263 1323 70 21 denna
349 1323 44 21 lilla
408 1323 91 28 ändring
516 1324 130 21 »finländsk»
663 1325 7 20 i
686 1325 72 21 stället
772 1325 35 21 för
824 1325 83 21 »finsk»

77 1352 40 22 har
139 1360 26 14 en
188 1352 50 22 vida
260 1353 67 20 större
346 1352 111 28 betydelse
479 1354 27 19 än
530 1360 47 13 man
600 1353 37 21 vid
652 1353 131 22 nämnandet
798 1354 23 21 af
837 1354 71 21 blotta

79 1381 63 22 ordet
157 1381 41 22 kan
213 1381 89 21 tillmäta
318 1381 129 22 densamma,

151 1439 33 21 Hr
198 1438 73 28 Georg
309 1438 161 22 Schauman:
493 1438 42 29 Jag
557 1446 51 14 vore
631 1439 80 22 beredd
726 1443 32 18 att
773 1440 135 22 understöda

80 1467 35 21 Hr
136 1467 134 28 Furuhjelms
293 1467 86 27 förslag,
402 1474 48 14 men
472 1467 28 21 då
516 1468 12 20 2
544 1474 62 14 mom.
621 1468 24 21 af
659 1469 12 27 8
688 1469 6 20 i
710 1469 160 27 propositionen
887 1470 25 20 är

80 1497 32 20 uti
130 1496 121 22 Utskottets
267 1495 136 22 betänkande
419 1495 122 22 öfverfördt
555 1496 32 21 till
599 1504 25 14 en
636 1505 75 14 senare
727 1498 106 28 paragraf,
848 1499 63 20 näm-
