1086 1748
353 116 241 33 Tjenstemannafrägan.
851 120 42 21 889

65 194 171 28 konjunkturens
252 193 111 27 vexlingar
378 193 84 20 komma
478 192 27 21 de
520 193 67 21 under
603 193 92 21 anförda
711 194 182 28 omständigheter

65 223 46 22 åter
127 223 6 20 i
149 222 69 27 gamla
241 221 107 22 välkända
371 221 147 21 förhållanden
538 221 47 21 med
601 221 90 28 lysande
708 222 114 21 befordran
839 223 6 20 i
859 225 34 18 ut-

65 253 49 25 sigt,
131 258 46 13 men
193 251 32 20 till
241 249 91 22 oerhörd
349 249 65 21 skada
430 249 34 21 för
479 249 78 22 landet.

136 279 74 21 Säsom
234 279 23 20 af
272 277 37 22 det
331 277 90 22 anförda
443 277 98 28 framgär,
565 278 72 21 kunna
656 279 168 27 tjenstemännen
841 279 53 21 hän-

65 309 60 20 föras
141 307 32 21 till
188 308 13 21 8
217 306 72 22 skilda
304 306 126 28 kategorier.

137 337 32 20 1:o
184 335 87 26 sådana,
287 342 46 14 som
349 336 6 19 i
371 335 52 28 följd
440 335 22 20 af
477 335 114 28 laglydnad
608 335 122 28 aflägsnats.

136 366 33 19 2:0
184 364 87 26 sådana,
295 371 52 19 som,
369 363 79 22 seende
471 364 33 27 sig
526 364 53 21 intet
603 364 72 21 kunna
696 366 84 23 uträtta,
796 364 98 28 frivilligt

66 393 77 28 afgått.

137 423 32 20 3:o
185 421 86 24 sådana,
287 427 45 14 som
354 420 132 22 fortfarande
509 421 129 28 tjenstgjort,
653 423 52 19 enär
725 421 27 21 de
768 421 47 22 icke
832 421 62 22 råkat

66 452 6 20 i
89 451 71 27 någon
177 449 162 30 pligtkollision.

136 480 33 19 4:0
185 478 86 26 sådana,
283 485 45 13 som
339 477 111 29 dagtingat
461 478 40 21 och
514 477 133 28 småningom
662 478 60 28 fogat
730 479 32 27 sig
770 479 6 20 i
785 481 109 25 systemet.

137 509 33 19 5:o
186 507 86 25 sådana,
283 514 46 13 som
344 507 7 20 i
366 506 211 29 russificeringssyfte
593 507 73 21 direkt
681 509 164 26 transporterats
861 507 33 21 till

67 537 101 21 Senaten.

138 566 32 20 6:0
186 564 87 26 sådana,
289 571 45 13 som
351 564 5 20 i
372 564 111 21 enahanda
504 564 56 28 syfte
582 564 70 22 under
667 564 156 28 våldsregimen
845 564 49 21 med

67 594 66 28 ryska
156 592 183 29 språkstipendier
361 593 76 20 vistats
453 592 13 21 å
488 596 33 17 ort
537 593 5 20 i
559 592 166 28 Kejsaredömet
748 593 33 21 för
804 596 31 18 att
858 592 36 22 vid

68 622 145 22 återkomsten
230 622 65 20 vinna
311 620 121 22 befordran.

139 652 32 20 7:0
187 650 86 26 sådana,
289 657 45 13 som
351 650 30 20 till
404 649 208 21 Statssekretariatet
628 650 171 21 kommenderats
815 650 34 21 för
864 652 31 19 att

69 679 36 22 vid
121 679 143 21 äterkomsten
281 678 70 21 säsom
367 678 133 21 karriärister
515 679 64 20 vinna
595 678 68 22 snabb
680 678 119 22 befordran.

138 709 39 25 8:0,
193 707 86 26 sädana,
295 714 45 14 som
363 706 49 22 med
427 707 63 28 ryska
513 706 184 29 spräkstipendier
717 708 74 20 vistats
807 707 13 21 &
835 707 60 21 säväl

69 741 32 17 ort
119 738 6 20 i
141 736 164 28 Kejsaredömet
327 742 44 14 som
388 735 41 21 ock
444 735 94 21 derefter
552 736 125 28 ytterligare
693 736 76 21 ansökt
784 736 40 21 och
840 744 54 13 vun-

69 767 31 20 nit
116 764 176 28 kommendering
307 764 38 21 vid
360 764 212 21 Statssekretariatet.

139 793 109 21 Mähända
270 792 72 21 kunna
365 794 56 19 ännu
444 792 50 22 flere
518 793 120 27 kategorier
653 793 23 21 af
698 793 127 27 tjenstemän
841 801 54 20 upp-

69 823 84 27 dragas.
176 822 77 21 Denna
268 821 110 28 indelning
394 828 63 22 synes
473 821 56 21 dock
545 829 50 13 vara
611 821 97 28 tillfylles
724 821 33 21 för
767 821 126 22 ändamälet.

69 852 43 21 Om
129 858 47 14 man
199 850 84 21 fränser
303 850 47 21 frän
366 850 27 20 de
416 853 32 18 tre
464 850 67 21 första
553 850 149 28 kategorierna
725 850 22 21 af
762 851 133 27 tjenstemän,

70 881 67 20 finnes
153 880 22 21 af
190 879 26 21 de
240 879 43 21 fem
299 886 74 13 senare
397 879 148 28 kategorierna
567 879 99 25 element,
689 887 45 13 som
757 879 138 26 fortfarande,

69 916 78 21 genom
163 912 31 17 att
210 907 83 22 behälla
309 908 46 20 sina
372 907 84 28 platser,
472 907 153 22 företrädesvis
639 908 6 20 i
661 907 99 24 Senaten,
775 911 68 18 trotsa
858 907 37 22 det

70 939 106 20 allmänna
191 936 217 22 rättsmedvetandets
425 936 53 22 kraf.
508 936 53 22 Med
576 936 37 21 det
637 936 70 22 kända
726 936 120 22 föredömet
862 937 33 21 för

70 969 90 26 ögonen,
182 966 100 20 hurusom
307 965 105 21 särskilda
437 965 169 21 administrativa
632 966 99 27 tjensters
756 965 139 21 innehafvare

71 995 77 21 ansökt
163 994 40 22 och
219 994 38 21 allt
272 993 134 21 fortfarande
422 994 80 20 ansöka
518 994 77 20 afsked
611 993 48 21 frän
675 995 47 19 sina
737 994 158 21 innehafvande

72 1024 142 27 befattningar
229 1023 35 20 för
279 1025 32 18 att
326 1022 80 21 enhvar
422 1022 27 28 pä
465 1023 37 20 sitt
524 1022 86 21 omräde
631 1022 108 21 äterställa
759 1022 77 28 lagliga
851 1022 44 21 för-

70 1052 114 22 hällanden
200 1051 41 21 och
256 1051 110 28 dymedels
382 1050 87 22 försona
492 1051 56 21 hvad
564 1051 27 21 de
615 1051 66 21 brutit
696 1058 75 20 genom
788 1054 31 18 att
834 1051 62 21 ställa

71 1082 33 27 sig
120 1082 5 20 i
143 1080 232 28 olaglighetsregimens
390 1080 72 28 tjenst,
474 1079 65 28 vägar
554 1087 48 13 man
619 1080 52 28 hysa
688 1080 41 20 den
744 1080 110 27 tillförsigt
865 1082 32 19 att

72 1113 30 18 ett
118 1109 110 22 enahanda
245 1108 123 21 förfarande
385 1109 57 20 inom
458 1108 48 21 kort
528 1108 54 21 skall
597 1110 52 26 göra
672 1109 33 27 sig
720 1108 97 28 gällande
838 1110 58 19 inom

72 1139 98 27 samtliga
192 1136 188 30 tjensteomräden,
403 1137 102 21 särskildt
522 1138 6 19 i
544 1136 100 22 Senaten.
674 1137 35 21 Då
731 1137 58 21 detta
812 1137 85 27 engång

72 1168 63 24 skett,
151 1167 121 21 ätervinner
287 1165 39 21 vär
340 1165 196 29 tjenstemannakär
554 1165 93 22 förvisso
663 1165 37 21 det
716 1166 129 26 förtroende,
860 1165 37 21 det

72 1195 107 22 anseende
194 1195 41 21 och
251 1194 41 21 den
308 1194 89 28 aktning
413 1194 69 21 denna
498 1194 39 21 kär
552 1194 72 21 städse
641 1194 107 21 tillförene
763 1194 92 28 ätnjutit.

142 1224 45 21 Min
204 1224 65 26 afsigt
291 1222 56 22 hade
363 1224 55 20 varit
441 1226 30 18 ett
486 1222 95 29 yrkande
603 1223 28 28 pä
646 1223 120 21 äterremiss
785 1223 23 21 af
823 1223 74 21 betän-

72 1253 81 21 kandet
167 1253 34 20 för
224 1251 169 22 införskaffande
416 1251 23 21 af
454 1251 113 28 utredning
582 1252 7 20 i
604 1252 64 28 syfte,
690 1251 105 21 huruvida
811 1251 26 21 de
853 1252 43 20 fem

72 1281 130 22 sistberörda
218 1281 150 27 kategorierna
378 1280 24 21 af
412 1280 127 28 tjenstemän
554 1280 101 21 hemfalla
671 1280 68 21 under
750 1280 147 28 föreliggande

72 1309 228 29 författningsförslag.
331 1309 47 21 Den
394 1308 74 22 härför
483 1308 139 28 erforderliga
637 1309 60 21 tiden
713 1316 63 21 synes
791 1308 56 22 dock
863 1309 34 21 för

73 1339 72 28 knapp
161 1340 6 20 i
182 1338 141 28 landtdagens
347 1337 52 21 elfte
414 1338 80 26 timme,
509 1337 88 21 hvarför
617 1338 35 28 jag
667 1338 125 20 inskränker
807 1338 42 28 mig
865 1338 32 20 till

72 1368 59 21 detta
148 1366 115 23 uttalande.

143 1425 33 21 Hr
197 1425 90 20 Rein:
311 1423 75 22 Säsom
410 1423 91 22 medlem
518 1423 22 21 af
561 1423 230 28 Grundlagsutskottet
811 1424 37 21 ber
863 1425 35 27 jag

72 1454 24 21 fä
112 1455 6 20 i
135 1453 84 22 korthet
242 1452 87 28 angifva
345 1452 27 21 de
395 1452 139 28 synpunkter,
549 1452 28 28 pä
596 1452 70 28 grund
685 1452 23 21 af
723 1452 73 22 hvilka
810 1453 41 28 jag,
866 1452 32 21 ät-

73 1484 106 20 minstone
195 1483 6 20 i
218 1481 129 24 hufvudsak,
364 1481 80 21 biträdt
459 1481 124 21 Utskottets
599 1481 117 28 majoritets
732 1481 56 28 äsigt
803 1481 41 21 och
853 1484 45 19 tror

72 1513 44 26 mig
139 1511 51 21 böra
212 1509 86 22 förorda
322 1509 156 22 betänkandets
500 1509 157 28 godkännande
680 1509 23 21 af
718 1509 37 22 det
775 1509 123 29 Höglofliga
