1081 1759
374 119 224 31 Adelsprivilegierna.
863 122 43 20 643

75 199 118 17 momentet
207 196 6 19 i
230 195 27 21 60
273 195 13 27 $
301 195 6 20 i
324 194 41 21 den
389 202 41 20 nya
452 194 236 28 landtdagsordningen
711 195 42 21 och
768 196 27 20 38
811 196 12 26 8
839 196 5 20 i
861 195 43 21 den

75 224 23 21 af
113 223 26 21 R.
155 230 19 14 o.
189 224 26 20 A.
231 226 93 24 antagna
339 230 41 21 nya
396 222 240 28 riddarhusordningen,
652 223 67 28 vägar
737 224 36 28 jag
787 224 48 21 icke
855 224 50 21 med

75 252 40 21 full
133 251 133 21 bestämdhet
281 251 68 21 uttala
365 252 49 27 mig.
436 251 42 28 Jag
493 251 165 22 haremellertid
670 252 41 21 den
722 252 184 28 föreställningen,

76 283 31 19 att
123 280 36 21 det
179 287 38 14 var
236 279 135 29 nödvändigt
393 282 33 18 att
440 280 5 20 i
462 280 41 20 den
520 287 40 21 nya
582 280 236 28 landtdagsordningen
834 282 71 20 införa

76 316 26 14 en
119 316 75 21 passus
218 308 131 21 beträffande
371 308 233 28 ständsprivilegierna,
619 309 70 21 under
705 309 153 28 förutsättning
873 312 32 19 att

77 337 66 28 några
158 336 62 22 stånd
236 336 116 22 framdeles
367 337 49 21 icke
431 337 69 21 skulle
517 337 83 21 komma
617 341 33 17 att
665 338 98 20 existera.
794 337 33 21 Då
838 338 67 21 emel-

75 366 64 21 lertid
162 365 25 21 R.
203 372 19 15 o.
237 366 26 20 A.
286 365 120 26 framdeles,
429 365 45 21 ifall
496 365 40 21 den
560 373 42 20 nya
626 366 231 28 riddarhusordningen
881 366 26 21 af

76 394 63 22 Hans
162 394 103 28 Majestät
286 394 133 28 godkännes,
441 394 95 20 kommer
558 397 31 17 att
612 394 159 22 sammanträda
785 394 32 21 till
833 394 73 22 adels-

76 424 72 20 möten
165 435 26 3 —
207 422 84 21 säledes
307 425 32 18 ett
353 422 57 28 slags
426 422 146 22 ständsmöten
588 435 28 3 —
632 423 25 21 sä
672 424 23 20 är
711 423 36 21 det
762 423 87 21 alldeles
865 431 38 13 na-

76 452 81 26 turligt,
172 454 32 18 att
220 452 2 20 i
238 451 42 21 den
296 458 41 21 nya
352 450 233 28 riddarhusordningen
600 451 67 21 äfven
684 451 65 28 nägot
764 452 54 20 skall
833 454 70 25 yttras

77 487 34 14 om
128 480 25 21 R.
169 486 18 14 0.
202 480 38 20 A:s
271 480 112 27 privilegier,
398 479 41 21 och
453 480 36 27 jag
503 479 121 22 föreställer
640 480 50 28 mig,
705 483 31 18 att
751 480 40 21 den
808 482 94 20 omstän-

77 508 108 28 digheten,
208 511 31 18 att
256 487 26 42 R
299 515 18 14 o.
332 508 26 21 A.
373 508 168 21 sammanträder
562 508 32 21 till
618 508 74 28 dylika
715 508 130 22 adelsmöten
869 509 38 21 för

77 540 31 18 att
123 536 75 28 afgöra
221 536 132 22 beträffande
375 538 47 20 sina
452 536 112 27 privilegier,
579 536 69 22 mäste
672 544 62 14 anses
751 538 100 20 innebära
867 537 40 21 det

77 568 37 24 att,
130 566 63 20 innan
210 565 41 21 den
268 565 111 21 blifvande
394 565 130 28 landtdagen
536 565 41 21 kan
588 566 93 21 afskaffa
692 566 128 28 privilegier,
828 566 74 22 hvilka

76 594 57 28 gälla
156 594 25 21 R.
197 601 18 14 o.
232 595 31 25 A.,
278 594 26 21 R.
320 601 19 14 o.
354 594 39 21 A:s
415 594 109 28 samtycke
547 594 71 21 dertill
634 594 108 22 erfordras
758 607 28 3 —
801 598 30 18 ett
846 602 60 14 sam-

77 623 71 28 tycke,
163 622 83 22 hvilket
268 622 64 22 alltsä
348 622 37 21 bör
407 622 72 28 gifvas
495 622 27 28 pä
537 622 154 22 adelsmötena.
720 622 51 22 Som
786 624 35 27 jag
836 623 67 21 redan

78 652 59 25 sade,
152 652 23 20 är
189 652 35 27 jag
245 651 48 21 icke
309 651 50 21 fullt
378 651 62 21 säker
455 658 34 14 om
504 654 31 18 att
550 651 71 21 denna
637 652 44 20 min
696 651 56 28 äsigt
767 653 23 19 är
804 652 101 28 juridiskt

77 680 107 28 riktig,
171 676 13 37 —
195 680 41 21 den
252 680 64 21 saken
334 680 37 20 vill
385 680 36 28 jag
436 680 89 20 sälunda
540 680 69 21 lemna
626 682 71 26 öppen
712 693 27 3 —
751 688 46 13 men
814 681 3 20 i
831 680 76 29 hvarje

78 708 102 22 händelse
199 712 44 17 tror
257 709 36 27 jag
307 708 54 26 icke,
377 708 28 28 pä
419 708 69 28 grund
504 708 24 21 af
542 710 12 20 2
570 709 12 27 $
596 709 7 20 i
620 716 28 14 nu
664 709 99 27 gällande
779 709 126 28 landtdags-

78 738 98 27 ordning,
191 740 31 18 att
244 737 25 21 R.
285 744 18 14 o.
319 738 26 20 A.
361 737 38 21 har
413 738 43 20 rätt
478 740 32 18 att
524 745 28 13 nu
568 737 50 27 ingå
634 737 48 21 med
699 738 89 28 petition
803 738 6 20 i
826 738 80 28 ifräga-

78 766 95 21 varande
197 768 62 19 ämne
283 766 32 20 tili
341 766 62 21 Hans
431 766 105 28 Majestät.
565 766 45 20 Det
635 766 56 21 enda
717 768 64 19 sättet
806 769 31 19 att
859 766 48 22 lösa

78 795 76 27 frägan
170 796 28 24 är,
214 794 66 28 enligt
295 795 42 20 min
354 794 61 28 äsigt,
431 797 31 18 att
477 794 36 21 vid
530 794 178 22 nästkommande
724 795 117 21 adelsmöte
851 796 54 27 göra

78 823 157 27 framställning
251 823 32 21 till
299 822 62 22 Hans
376 822 104 29 Majestät
494 830 35 14 om
544 822 147 22 afskaffandet
701 824 23 20 af
734 823 27 21 de
769 823 138 22 äterstäende

78 852 217 28 adelsprivilegierna,
317 851 42 22 och
379 853 24 19 är
424 852 36 28 jag
478 852 34 20 för
535 852 42 20 min
600 851 36 21 del
659 852 129 28 öfvertygad
811 860 40 19 om,
875 855 32 18 att

78 881 26 21 R.
119 888 20 14 0.
154 881 27 21 A.
196 880 47 22 icke
259 883 30 19 ett
305 880 115 28 ögonblick
436 879 96 22 kommer
546 883 32 18 att
592 881 67 21 tveka
675 884 32 18 att
721 882 52 26 göra
788 880 65 22 detta.

149 938 34 21 Hr
197 938 20 22 J.
233 945 55 14 von
305 937 178 21 Haartman:
499 937 70 22 Jemte
584 937 38 22 det
636 938 37 28 jag
688 939 6 20 i
711 941 88 18 motsats
815 938 32 21 till
864 938 43 22 den

80 971 85 18 senaste
189 966 65 22 ärade
281 966 81 21 talaren
388 968 23 19 är
434 966 47 21 med
507 967 167 27 petitionärerne
699 966 130 28 fullkomligt
855 974 53 14 ense

79 996 80 27 derom,
170 998 31 18 att
216 1003 28 13 nu
260 995 148 28 föreliggande
424 994 60 29 fräga
500 1002 50 20 eger
565 998 30 18 ett
611 995 79 21 sädant
705 995 132 28 oskiljaktigt
851 1003 58 14 sam-

79 1024 108 28 manhang
202 1024 48 21 med
273 1024 295 28 representationsreformen,
584 1027 31 17 att
638 1024 125 21 densamma
779 1024 35 21 vid
830 1025 77 21 urtima

80 1053 103 27 landtdag
205 1053 41 21 kan
262 1052 31 22 till
315 1052 131 28 behandling
469 1052 41 22 och
525 1052 117 28 afgörande
666 1052 138 27 förekomma,
820 1053 37 21 ber
871 1054 38 27 jag

80 1089 34 14 om
126 1085 31 18 att
168 1082 22 20 fä
200 1080 131 22 understöda
347 1082 177 27 petitionärernes
539 1081 82 28 förslag
636 1088 35 14 om
687 1082 129 28 petitionens
832 1082 77 21 remiss

80 1111 32 21 till
128 1110 235 22 Riddarhusutskottet.
393 1110 42 27 Jag
458 1110 38 20 ber
510 1110 102 28 derjemte
628 1113 32 17 att
675 1113 110 25 gentemot
800 1110 33 21 Hr
847 1110 63 22 Wal-

80 1139 98 21 lensköld
195 1138 22 22 fä
233 1140 68 20 erinra
317 1146 34 13 om
367 1141 36 24 att,
419 1139 6 20 i
441 1138 102 22 händelse
558 1138 42 21 den
616 1138 23 21 af
653 1138 28 22 R.
697 1146 19 14 o.
728 1139 26 21 A.
770 1138 36 22 vid
821 1142 88 18 senaste

80 1167 157 22 sammanträde
259 1170 92 24 antagna
373 1167 233 27 riddarhusordningen
622 1168 49 20 icke
688 1175 71 13 vunne
774 1168 135 20 Monarkens

80 1196 166 28 godkännande,
269 1196 69 27 nägon
361 1196 35 27 lag
419 1196 51 20 eller
492 1195 126 29 förordning
640 1196 111 28 angäende
773 1196 135 21 adelsmöten

80 1225 93 21 faktiskt
187 1225 48 21 icke
257 1224 68 22 skulle
341 1225 106 27 föreligga
468 1224 40 22 och
524 1227 31 18 att
570 1224 57 28 förty
644 1224 67 28 något
724 1224 99 28 yttrande
838 1225 23 21 af
877 1228 32 18 ett

81 1254 101 21 framtida
197 1253 116 21 adelsmöte
337 1253 91 21 rörande
443 1252 145 22 afskaffandet
603 1253 23 21 af
641 1253 26 21 R.
683 1260 19 14 o.
717 1254 38 20 A:s
771 1253 139 21 äterstäende

82 1282 122 29 privilegier
219 1282 67 21 under
301 1281 78 22 sädant
393 1282 135 21 förhällande
543 1281 47 22 icke
606 1282 69 21 skulle
691 1282 72 21 kunna
778 1282 113 22 inhemtas.

152 1340 34 20 Hr
201 1339 221 28 Charpentier:
444 1338 76 22 Säsom
536 1340 48 20 stöd
600 1339 34 21 för
649 1339 171 28 framläggandet
835 1340 22 20 af
872 1339 39 21 det

82 1368 87 28 förslag,
191 1368 26 21 de
233 1368 63 21 ärade
319 1368 167 28 petitionärerne
508 1368 62 28 gjort,
592 1367 39 22 har
646 1367 89 27 anförts,
751 1371 32 18 att
804 1368 107 28 förslaget

82 1397 46 22 stär
143 1398 5 20 i
165 1399 56 24 nära,
236 1396 133 28 oskiljaktigt
387 1396 154 28 sammanhang
557 1396 47 21 med
620 1396 42 21 den
678 1404 29 13 nu
724 1396 97 22 beslutna
837 1404 73 20 repre-

82 1425 278 28 sentationsförändringen.
389 1425 125 28 Begreppet
526 1424 146 29 »oskiljaktigi
687 1425 164 28 sammanhang»
865 1425 47 27 har,

83 1455 72 21 sävidt
176 1455 35 28 jag
233 1454 84 26 förstår,
332 1454 7 20 i
355 1453 25 21 R.
396 1461 19 13 o.
430 1454 26 20 A.
472 1453 80 21 tolkats
575 1454 134 21 annorlunda
729 1455 28 19 än
772 1454 7 20 i
795 1454 26 21 de
843 1454 68 21 andra

83 1483 97 26 ständen,
195 1482 41 22 och
258 1482 47 22 frän
320 1482 26 21 R.
362 1490 18 14 o.
396 1483 38 20 A:s
458 1482 134 28 ständpunkt
612 1482 38 21 har
666 1482 35 21 väl
717 1482 70 21 denna
802 1490 28 14 nu
846 1482 65 21 fram-

83 1512 64 28 lagda
163 1511 59 28 fräga
239 1511 133 28 oskiljaktigt
387 1510 153 28 sammanhang
555 1510 47 22 med
614 1510 38 22 det
662 1511 85 26 ärende,
756 1518 45 14 som
817 1513 95 19 närmast
