<?xml version="1.0" encoding="UTF-8"?>
<alto xmlns="http://www.loc.gov/standards/alto/ns-v3#" xmlns:xlink="http://www.w3.org/1999/xlink" xmlns:xsi="http://www.w3.org/2001/XMLSchema-instance" xsi:schemaLocation="http://www.loc.gov/standards/alto/ns-v3# http://www.loc.gov/alto/v3/alto-3-0.xsd">
	<Description>
		<MeasurementUnit>pixel</MeasurementUnit>
		<sourceImageInformation>
			<fileName>/tmp/tess_mv905zdv_input.PNG</fileName>
		</sourceImageInformation>
		<OCRProcessing ID="OCR_0">
			<ocrProcessingStep>
				<processingSoftware>
					<softwareName>tesseract 5.3.4</softwareName>
				</processingSoftware>
			</ocrProcessingStep>
		</OCRProcessing>
	</Description>
	<Layout>
		<Page WIDTH="1086" HEIGHT="1764" PHYSICAL_IMG_NR="0" ID="page_0">
			<PrintSpace HPOS="0" VPOS="0" WIDTH="1086" HEIGHT="1764">
				<ComposedBlock ID="cblock_0" HPOS="382" VPOS="111" WIDTH="526" HEIGHT="31">
					<TextBlock ID="block_0" HPOS="382" VPOS="111" WIDTH="526" HEIGHT="31">
						<TextLine ID="line_0" HPOS="382" VPOS="111" WIDTH="526" HEIGHT="31">
							<String ID="string_0" HPOS="382" VPOS="111" WIDTH="215" HEIGHT="31" WC="0.63" CONTENT="Föreningefriheten."/><SP WIDTH="269" VPOS="111" HPOS="597"/>
							<String ID="string_1" HPOS="866" VPOS="113" WIDTH="42" HEIGHT="20" WC="0.95" CONTENT="863"/>
						</TextLine>
					</TextBlock>
				</ComposedBlock>
				<GraphicalElement ID="cblock_1" HPOS="96" VPOS="146" WIDTH="808" HEIGHT="4"></GraphicalElement >
				<ComposedBlock ID="cblock_2" HPOS="78" VPOS="185" WIDTH="831" HEIGHT="486">
					<TextBlock ID="block_1" HPOS="78" VPOS="185" WIDTH="831" HEIGHT="486">
						<TextLine ID="line_1" HPOS="149" VPOS="185" WIDTH="758" HEIGHT="30">
							<String ID="string_2" HPOS="149" VPOS="188" WIDTH="57" HEIGHT="21" WC="0.83" CONTENT="Frih."/><SP WIDTH="15" VPOS="188" HPOS="206"/>
							<String ID="string_3" HPOS="221" VPOS="194" WIDTH="57" HEIGHT="14" WC="0.93" CONTENT="von"/><SP WIDTH="16" VPOS="194" HPOS="278"/>
							<String ID="string_4" HPOS="294" VPOS="185" WIDTH="211" HEIGHT="22" WC="0.91" CONTENT="Willebrand:"/><SP WIDTH="23" VPOS="185" HPOS="505"/>
							<String ID="string_5" HPOS="528" VPOS="185" WIDTH="57" HEIGHT="22" WC="0.73" CONTENT="Frih."/><SP WIDTH="16" VPOS="185" HPOS="585"/>
							<String ID="string_6" HPOS="601" VPOS="185" WIDTH="90" HEIGHT="26" WC="0.96" CONTENT="Wrede,"/><SP WIDTH="14" VPOS="185" HPOS="691"/>
							<String ID="string_7" HPOS="705" VPOS="186" WIDTH="25" HEIGHT="21" WC="0.93" CONTENT="R."/><SP WIDTH="16" VPOS="186" HPOS="730"/>
							<String ID="string_8" HPOS="746" VPOS="187" WIDTH="32" HEIGHT="25" WC="0.90" CONTENT="A.,"/><SP WIDTH="16" VPOS="187" HPOS="778"/>
							<String ID="string_9" HPOS="794" VPOS="186" WIDTH="113" HEIGHT="29" WC="0.94" CONTENT="påpekade"/>
						</TextLine>
						<TextLine ID="line_2" HPOS="78" VPOS="214" WIDTH="828" HEIGHT="29">
							<String ID="string_10" HPOS="78" VPOS="217" WIDTH="67" HEIGHT="22" WC="0.96" CONTENT="redan"/><SP WIDTH="17" VPOS="217" HPOS="145"/>
							<String ID="string_11" HPOS="162" VPOS="216" WIDTH="36" HEIGHT="21" WC="0.93" CONTENT="vid"/><SP WIDTH="14" VPOS="216" HPOS="198"/>
							<String ID="string_12" HPOS="212" VPOS="218" WIDTH="88" HEIGHT="19" WC="0.92" CONTENT="senaste"/><SP WIDTH="16" VPOS="218" HPOS="300"/>
							<String ID="string_13" HPOS="316" VPOS="215" WIDTH="85" HEIGHT="28" WC="0.91" CONTENT="plenum"/><SP WIDTH="15" VPOS="215" HPOS="401"/>
							<String ID="string_14" HPOS="416" VPOS="214" WIDTH="69" HEIGHT="21" WC="0.92" CONTENT="säsom"/><SP WIDTH="17" VPOS="214" HPOS="485"/>
							<String ID="string_15" HPOS="502" VPOS="217" WIDTH="30" HEIGHT="18" WC="0.96" CONTENT="ett"/><SP WIDTH="15" VPOS="217" HPOS="532"/>
							<String ID="string_16" HPOS="547" VPOS="214" WIDTH="45" HEIGHT="21" WC="0.92" CONTENT="skäl"/><SP WIDTH="17" VPOS="214" HPOS="592"/>
							<String ID="string_17" HPOS="609" VPOS="214" WIDTH="36" HEIGHT="21" WC="0.93" CONTENT="för"/><SP WIDTH="16" VPOS="214" HPOS="645"/>
							<String ID="string_18" HPOS="661" VPOS="215" WIDTH="159" HEIGHT="21" WC="0.91" CONTENT="bibehällandet"/><SP WIDTH="11" VPOS="215" HPOS="820"/>
							<String ID="string_19" HPOS="831" VPOS="215" WIDTH="23" HEIGHT="21" WC="0.96" CONTENT="af"/><SP WIDTH="10" VPOS="215" HPOS="854"/>
							<String ID="string_20" HPOS="864" VPOS="215" WIDTH="42" HEIGHT="21" WC="0.96" CONTENT="den"/>
						</TextLine>
						<TextLine ID="line_3" HPOS="78" VPOS="243" WIDTH="814" HEIGHT="32">
							<String ID="string_21" HPOS="78" VPOS="245" WIDTH="153" HEIGHT="30" WC="0.92" CONTENT="uppställning,"/><SP WIDTH="23" VPOS="245" HPOS="231"/>
							<String ID="string_22" HPOS="254" VPOS="251" WIDTH="46" HEIGHT="14" WC="0.96" CONTENT="som"/><SP WIDTH="17" VPOS="251" HPOS="300"/>
							<String ID="string_23" HPOS="317" VPOS="244" WIDTH="6" HEIGHT="20" WC="0.93" CONTENT="1"/><SP WIDTH="16" VPOS="244" HPOS="323"/>
							<String ID="string_24" HPOS="339" VPOS="251" WIDTH="74" HEIGHT="20" WC="0.93" CONTENT="prop:n"/><SP WIDTH="23" VPOS="251" HPOS="413"/>
							<String ID="string_25" HPOS="436" VPOS="243" WIDTH="128" HEIGHT="27" WC="0.93" CONTENT="föreslagits,"/><SP WIDTH="23" VPOS="243" HPOS="564"/>
							<String ID="string_26" HPOS="587" VPOS="245" WIDTH="32" HEIGHT="18" WC="0.96" CONTENT="att"/><SP WIDTH="23" VPOS="245" HPOS="619"/>
							<String ID="string_27" HPOS="642" VPOS="243" WIDTH="62" HEIGHT="28" WC="0.96" CONTENT="lagen"/><SP WIDTH="23" VPOS="243" HPOS="704"/>
							<String ID="string_28" HPOS="727" VPOS="251" WIDTH="35" HEIGHT="13" WC="0.92" CONTENT="om"/><SP WIDTH="22" VPOS="251" HPOS="762"/>
							<String ID="string_29" HPOS="784" VPOS="243" WIDTH="108" HEIGHT="22" WC="0.92" CONTENT="aktiebola"/>
						</TextLine>
						<TextLine ID="line_4" HPOS="79" VPOS="271" WIDTH="814" HEIGHT="30">
							<String ID="string_30" HPOS="79" VPOS="274" WIDTH="41" HEIGHT="23" WC="0.96" CONTENT="och"/><SP WIDTH="24" VPOS="274" HPOS="120"/>
							<String ID="string_31" HPOS="144" VPOS="273" WIDTH="60" HEIGHT="28" WC="0.96" CONTENT="lagen"/><SP WIDTH="18" VPOS="273" HPOS="204"/>
							<String ID="string_32" HPOS="222" VPOS="280" WIDTH="33" HEIGHT="14" WC="0.93" CONTENT="om"/><SP WIDTH="25" VPOS="280" HPOS="255"/>
							<String ID="string_33" HPOS="280" VPOS="271" WIDTH="110" HEIGHT="28" WC="0.71" CONTENT="andelslag"/><SP WIDTH="21" VPOS="271" HPOS="390"/>
							<String ID="string_34" HPOS="411" VPOS="273" WIDTH="37" HEIGHT="20" WC="0.96" CONTENT="äro"/><SP WIDTH="16" VPOS="273" HPOS="448"/>
							<String ID="string_35" HPOS="464" VPOS="271" WIDTH="153" HEIGHT="21" WC="0.96" CONTENT="konstruerade"/><SP WIDTH="24" VPOS="271" HPOS="617"/>
							<String ID="string_36" HPOS="641" VPOS="271" WIDTH="56" HEIGHT="22" WC="0.96" CONTENT="efter"/><SP WIDTH="14" VPOS="271" HPOS="697"/>
							<String ID="string_37" HPOS="711" VPOS="279" WIDTH="80" HEIGHT="14" WC="0.96" CONTENT="samma"/><SP WIDTH="23" VPOS="279" HPOS="791"/>
							<String ID="string_38" HPOS="814" VPOS="275" WIDTH="37" HEIGHT="25" WC="0.96" CONTENT="typ"/><SP WIDTH="16" VPOS="275" HPOS="851"/>
							<String ID="string_39" HPOS="867" VPOS="279" WIDTH="26" HEIGHT="14" WC="0.96" CONTENT="oc"/>
						</TextLine>
						<TextLine ID="line_5" HPOS="78" VPOS="299" WIDTH="831" HEIGHT="29">
							<String ID="string_40" HPOS="78" VPOS="306" WIDTH="33" HEIGHT="19" WC="0.96" CONTENT="att"/><SP WIDTH="22" VPOS="306" HPOS="111"/>
							<String ID="string_41" HPOS="133" VPOS="302" WIDTH="38" HEIGHT="21" WC="0.96" CONTENT="det"/><SP WIDTH="14" VPOS="302" HPOS="171"/>
							<String ID="string_42" HPOS="185" VPOS="301" WIDTH="28" HEIGHT="21" WC="0.93" CONTENT="dä"/><SP WIDTH="23" VPOS="301" HPOS="213"/>
							<String ID="string_43" HPOS="236" VPOS="308" WIDTH="52" HEIGHT="14" WC="0.95" CONTENT="vore"/><SP WIDTH="15" VPOS="308" HPOS="288"/>
							<String ID="string_44" HPOS="303" VPOS="301" WIDTH="23" HEIGHT="20" WC="0.95" CONTENT="af"/><SP WIDTH="22" VPOS="301" HPOS="326"/>
							<String ID="string_45" HPOS="348" VPOS="301" WIDTH="46" HEIGHT="27" WC="0.96" CONTENT="vigt"/><SP WIDTH="14" VPOS="301" HPOS="394"/>
							<String ID="string_46" HPOS="408" VPOS="303" WIDTH="31" HEIGHT="18" WC="0.93" CONTENT="att"/><SP WIDTH="23" VPOS="303" HPOS="439"/>
							<String ID="string_47" HPOS="462" VPOS="299" WIDTH="66" HEIGHT="22" WC="0.96" CONTENT="också"/><SP WIDTH="15" VPOS="299" HPOS="528"/>
							<String ID="string_48" HPOS="543" VPOS="299" WIDTH="27" HEIGHT="28" WC="0.96" CONTENT="pä"/><SP WIDTH="22" VPOS="299" HPOS="570"/>
							<String ID="string_49" HPOS="592" VPOS="299" WIDTH="61" HEIGHT="22" WC="0.93" CONTENT="detta"/><SP WIDTH="24" VPOS="299" HPOS="653"/>
							<String ID="string_50" HPOS="677" VPOS="300" WIDTH="124" HEIGHT="27" WC="0.49" CONTENT="beslägtade"/><SP WIDTH="15" VPOS="300" HPOS="801"/>
							<String ID="string_51" HPOS="816" VPOS="300" WIDTH="93" HEIGHT="28" WC="0.91" CONTENT="lagstift-"/>
						</TextLine>
						<TextLine ID="line_6" HPOS="79" VPOS="328" WIDTH="829" HEIGHT="31">
							<String ID="string_52" HPOS="79" VPOS="329" WIDTH="151" HEIGHT="30" WC="0.92" CONTENT="ningsomräde"/><SP WIDTH="16" VPOS="329" HPOS="230"/>
							<String ID="string_53" HPOS="246" VPOS="329" WIDTH="107" HEIGHT="22" WC="0.89" CONTENT="bibehälla"/><SP WIDTH="15" VPOS="329" HPOS="353"/>
							<String ID="string_54" HPOS="368" VPOS="335" WIDTH="80" HEIGHT="14" WC="0.93" CONTENT="samma"/><SP WIDTH="16" VPOS="335" HPOS="448"/>
							<String ID="string_55" HPOS="464" VPOS="328" WIDTH="167" HEIGHT="27" WC="0.92" CONTENT="förfaringssätt."/><SP WIDTH="25" VPOS="328" HPOS="631"/>
							<String ID="string_56" HPOS="656" VPOS="328" WIDTH="66" HEIGHT="21" WC="0.96" CONTENT="Detta"/><SP WIDTH="13" VPOS="328" HPOS="722"/>
							<String ID="string_57" HPOS="735" VPOS="329" WIDTH="46" HEIGHT="20" WC="0.96" CONTENT="skäl"/><SP WIDTH="11" VPOS="329" HPOS="781"/>
							<String ID="string_58" HPOS="792" VPOS="329" WIDTH="38" HEIGHT="20" WC="0.93" CONTENT="har"/><SP WIDTH="11" VPOS="329" HPOS="830"/>
							<String ID="string_59" HPOS="841" VPOS="328" WIDTH="67" HEIGHT="21" WC="0.91" CONTENT="ocksä"/>
						</TextLine>
						<TextLine ID="line_7" HPOS="79" VPOS="357" WIDTH="830" HEIGHT="29">
							<String ID="string_60" HPOS="79" VPOS="360" WIDTH="94" HEIGHT="21" WC="0.92" CONTENT="bestämt"/><SP WIDTH="22" VPOS="360" HPOS="173"/>
							<String ID="string_61" HPOS="195" VPOS="359" WIDTH="43" HEIGHT="27" WC="0.96" CONTENT="mig"/><SP WIDTH="16" VPOS="359" HPOS="238"/>
							<String ID="string_62" HPOS="254" VPOS="358" WIDTH="33" HEIGHT="21" WC="0.96" CONTENT="för"/><SP WIDTH="23" VPOS="358" HPOS="287"/>
							<String ID="string_63" HPOS="310" VPOS="360" WIDTH="32" HEIGHT="18" WC="0.96" CONTENT="att"/><SP WIDTH="15" VPOS="360" HPOS="342"/>
							<String ID="string_64" HPOS="357" VPOS="358" WIDTH="55" HEIGHT="20" WC="0.93" CONTENT="inom"/><SP WIDTH="24" VPOS="358" HPOS="412"/>
							<String ID="string_65" HPOS="436" VPOS="357" WIDTH="113" HEIGHT="21" WC="0.92" CONTENT="Utskottet"/><SP WIDTH="22" VPOS="357" HPOS="549"/>
							<String ID="string_66" HPOS="571" VPOS="358" WIDTH="58" HEIGHT="19" WC="0.92" CONTENT="rösta"/><SP WIDTH="24" VPOS="358" HPOS="629"/>
							<String ID="string_67" HPOS="653" VPOS="357" WIDTH="34" HEIGHT="20" WC="0.93" CONTENT="för"/><SP WIDTH="23" VPOS="357" HPOS="687"/>
							<String ID="string_68" HPOS="710" VPOS="357" WIDTH="159" HEIGHT="21" WC="0.91" CONTENT="bibehällandet"/><SP WIDTH="16" VPOS="357" HPOS="869"/>
							<String ID="string_69" HPOS="885" VPOS="357" WIDTH="24" HEIGHT="20" WC="0.96" CONTENT="af"/>
						</TextLine>
						<TextLine ID="line_8" HPOS="79" VPOS="385" WIDTH="829" HEIGHT="32">
							<String ID="string_70" HPOS="79" VPOS="388" WIDTH="173" HEIGHT="29" WC="0.93" CONTENT="propositionens"/><SP WIDTH="16" VPOS="388" HPOS="252"/>
							<String ID="string_71" HPOS="268" VPOS="385" WIDTH="152" HEIGHT="32" WC="0.91" CONTENT="uppställning."/><SP WIDTH="22" VPOS="385" HPOS="420"/>
							<String ID="string_72" HPOS="442" VPOS="385" WIDTH="42" HEIGHT="28" WC="0.96" CONTENT="Jag"/><SP WIDTH="15" VPOS="385" HPOS="484"/>
							<String ID="string_73" HPOS="499" VPOS="393" WIDTH="62" HEIGHT="13" WC="0.96" CONTENT="anser"/><SP WIDTH="14" VPOS="393" HPOS="561"/>
							<String ID="string_74" HPOS="575" VPOS="385" WIDTH="109" HEIGHT="28" WC="0.96" CONTENT="nämligen"/><SP WIDTH="16" VPOS="385" HPOS="684"/>
							<String ID="string_75" HPOS="700" VPOS="388" WIDTH="32" HEIGHT="19" WC="0.96" CONTENT="att"/><SP WIDTH="16" VPOS="388" HPOS="732"/>
							<String ID="string_76" HPOS="748" VPOS="393" WIDTH="25" HEIGHT="14" WC="0.93" CONTENT="en"/><SP WIDTH="17" VPOS="393" HPOS="773"/>
							<String ID="string_77" HPOS="790" VPOS="385" WIDTH="118" HEIGHT="22" WC="0.93" CONTENT="konformi-"/>
						</TextLine>
						<TextLine ID="line_9" HPOS="79" VPOS="413" WIDTH="829" HEIGHT="28">
							<String ID="string_78" HPOS="79" VPOS="420" WIDTH="32" HEIGHT="18" WC="0.96" CONTENT="tet"/><SP WIDTH="22" VPOS="420" HPOS="111"/>
							<String ID="string_79" HPOS="133" VPOS="416" WIDTH="76" HEIGHT="21" WC="0.96" CONTENT="mellan"/><SP WIDTH="25" VPOS="416" HPOS="209"/>
							<String ID="string_80" HPOS="234" VPOS="415" WIDTH="41" HEIGHT="21" WC="0.96" CONTENT="alla"/><SP WIDTH="16" VPOS="415" HPOS="275"/>
							<String ID="string_81" HPOS="291" VPOS="418" WIDTH="27" HEIGHT="17" WC="0.97" CONTENT="de"/><SP WIDTH="22" VPOS="418" HPOS="318"/>
							<String ID="string_82" HPOS="340" VPOS="414" WIDTH="63" HEIGHT="27" WC="0.95" CONTENT="lagar,"/><SP WIDTH="21" VPOS="414" HPOS="403"/>
							<String ID="string_83" HPOS="424" VPOS="421" WIDTH="46" HEIGHT="14" WC="0.93" CONTENT="som"/><SP WIDTH="16" VPOS="421" HPOS="470"/>
							<String ID="string_84" HPOS="486" VPOS="413" WIDTH="51" HEIGHT="21" WC="0.92" CONTENT="höra"/><SP WIDTH="21" VPOS="413" HPOS="537"/>
							<String ID="string_85" HPOS="558" VPOS="413" WIDTH="31" HEIGHT="21" WC="0.96" CONTENT="till"/><SP WIDTH="17" VPOS="413" HPOS="589"/>
							<String ID="string_86" HPOS="606" VPOS="414" WIDTH="40" HEIGHT="21" WC="0.93" CONTENT="vär"/><SP WIDTH="20" VPOS="414" HPOS="646"/>
							<String ID="string_87" HPOS="666" VPOS="414" WIDTH="188" HEIGHT="26" WC="0.92" CONTENT="associationsrätt,"/><SP WIDTH="16" VPOS="414" HPOS="854"/>
							<String ID="string_88" HPOS="870" VPOS="414" WIDTH="38" HEIGHT="21" WC="0.96" CONTENT="har"/>
						</TextLine>
						<TextLine ID="line_10" HPOS="79" VPOS="442" WIDTH="830" HEIGHT="29">
							<String ID="string_89" HPOS="79" VPOS="445" WIDTH="50" HEIGHT="22" WC="0.91" CONTENT="icke"/><SP WIDTH="16" VPOS="445" HPOS="129"/>
							<String ID="string_90" HPOS="145" VPOS="444" WIDTH="76" HEIGHT="21" WC="0.93" CONTENT="endast"/><SP WIDTH="16" VPOS="444" HPOS="221"/>
							<String ID="string_91" HPOS="237" VPOS="443" WIDTH="86" HEIGHT="21" WC="0.93" CONTENT="formelt"/><SP WIDTH="15" VPOS="443" HPOS="323"/>
							<String ID="string_92" HPOS="338" VPOS="443" WIDTH="96" HEIGHT="25" WC="0.96" CONTENT="intresse,"/><SP WIDTH="15" VPOS="443" HPOS="434"/>
							<String ID="string_93" HPOS="449" VPOS="445" WIDTH="50" HEIGHT="18" WC="0.93" CONTENT="utan"/><SP WIDTH="16" VPOS="445" HPOS="499"/>
							<String ID="string_94" HPOS="515" VPOS="442" WIDTH="66" HEIGHT="21" WC="0.92" CONTENT="ocksä"/><SP WIDTH="16" VPOS="442" HPOS="581"/>
							<String ID="string_95" HPOS="597" VPOS="442" WIDTH="85" HEIGHT="28" WC="0.93" CONTENT="sakligt."/><SP WIDTH="23" VPOS="442" HPOS="682"/>
							<String ID="string_96" HPOS="705" VPOS="443" WIDTH="40" HEIGHT="20" WC="0.96" CONTENT="Att"/><SP WIDTH="15" VPOS="443" HPOS="745"/>
							<String ID="string_97" HPOS="760" VPOS="443" WIDTH="36" HEIGHT="28" WC="0.93" CONTENT="jag"/><SP WIDTH="15" VPOS="443" HPOS="796"/>
							<String ID="string_98" HPOS="811" VPOS="443" WIDTH="98" HEIGHT="20" WC="0.93" CONTENT="emeller-"/>
						</TextLine>
						<TextLine ID="line_11" HPOS="78" VPOS="471" WIDTH="830" HEIGHT="28">
							<String ID="string_99" HPOS="78" VPOS="474" WIDTH="32" HEIGHT="21" WC="0.92" CONTENT="tid"/><SP WIDTH="18" VPOS="474" HPOS="110"/>
							<String ID="string_100" HPOS="128" VPOS="474" WIDTH="47" HEIGHT="20" WC="0.90" CONTENT="icke"/><SP WIDTH="22" VPOS="474" HPOS="175"/>
							<String ID="string_101" HPOS="197" VPOS="474" WIDTH="120" HEIGHT="19" WC="0.92" CONTENT="reserverat"/><SP WIDTH="16" VPOS="474" HPOS="317"/>
							<String ID="string_102" HPOS="333" VPOS="472" WIDTH="42" HEIGHT="27" WC="0.96" CONTENT="mig"/><SP WIDTH="15" VPOS="472" HPOS="375"/>
							<String ID="string_103" HPOS="390" VPOS="474" WIDTH="57" HEIGHT="18" WC="0.96" CONTENT="emot"/><SP WIDTH="16" VPOS="474" HPOS="447"/>
							<String ID="string_104" HPOS="463" VPOS="471" WIDTH="92" HEIGHT="20" WC="0.96" CONTENT="beslutet"/><SP WIDTH="15" VPOS="471" HPOS="555"/>
							<String ID="string_105" HPOS="570" VPOS="471" WIDTH="63" HEIGHT="20" WC="0.96" CONTENT="beror"/><SP WIDTH="16" VPOS="471" HPOS="633"/>
							<String ID="string_106" HPOS="649" VPOS="471" WIDTH="28" HEIGHT="28" WC="0.96" CONTENT="pä"/><SP WIDTH="14" VPOS="471" HPOS="677"/>
							<String ID="string_107" HPOS="691" VPOS="471" WIDTH="37" HEIGHT="21" WC="0.96" CONTENT="det"/><SP WIDTH="14" VPOS="471" HPOS="728"/>
							<String ID="string_108" HPOS="742" VPOS="472" WIDTH="58" HEIGHT="20" WC="0.93" CONTENT="inom"/><SP WIDTH="16" VPOS="472" HPOS="800"/>
							<String ID="string_109" HPOS="816" VPOS="471" WIDTH="92" HEIGHT="22" WC="0.91" CONTENT="Utskot-"/>
						</TextLine>
						<TextLine ID="line_12" HPOS="79" VPOS="499" WIDTH="828" HEIGHT="29">
							<String ID="string_110" HPOS="79" VPOS="506" WIDTH="32" HEIGHT="17" WC="0.92" CONTENT="tet"/><SP WIDTH="16" VPOS="506" HPOS="111"/>
							<String ID="string_111" HPOS="127" VPOS="501" WIDTH="125" HEIGHT="22" WC="0.92" CONTENT="framhällna"/><SP WIDTH="17" VPOS="501" HPOS="252"/>
							<String ID="string_112" HPOS="269" VPOS="500" WIDTH="90" HEIGHT="26" WC="0.92" CONTENT="faktum,"/><SP WIDTH="15" VPOS="500" HPOS="359"/>
							<String ID="string_113" HPOS="374" VPOS="507" WIDTH="44" HEIGHT="14" WC="0.96" CONTENT="som"/><SP WIDTH="16" VPOS="507" HPOS="418"/>
							<String ID="string_114" HPOS="434" VPOS="500" WIDTH="36" HEIGHT="27" WC="0.93" CONTENT="jag"/><SP WIDTH="15" VPOS="500" HPOS="470"/>
							<String ID="string_115" HPOS="485" VPOS="499" WIDTH="47" HEIGHT="21" WC="0.91" CONTENT="icke"/><SP WIDTH="15" VPOS="499" HPOS="532"/>
							<String ID="string_116" HPOS="547" VPOS="499" WIDTH="82" HEIGHT="21" WC="0.93" CONTENT="kunnat"/><SP WIDTH="15" VPOS="499" HPOS="629"/>
							<String ID="string_117" HPOS="644" VPOS="500" WIDTH="65" HEIGHT="27" WC="0.93" CONTENT="jäfva,"/><SP WIDTH="15" VPOS="500" HPOS="709"/>
							<String ID="string_118" HPOS="724" VPOS="503" WIDTH="31" HEIGHT="17" WC="0.97" CONTENT="att"/><SP WIDTH="15" VPOS="503" HPOS="755"/>
							<String ID="string_119" HPOS="770" VPOS="507" WIDTH="26" HEIGHT="14" WC="0.93" CONTENT="ur"/><SP WIDTH="13" VPOS="507" HPOS="796"/>
							<String ID="string_120" HPOS="809" VPOS="500" WIDTH="98" HEIGHT="28" WC="0.93" CONTENT="praktisk"/>
						</TextLine>
						<TextLine ID="line_13" HPOS="79" VPOS="527" WIDTH="829" HEIGHT="32">
							<String ID="string_121" HPOS="79" VPOS="531" WIDTH="109" HEIGHT="28" WC="0.96" CONTENT="synpunkt"/><SP WIDTH="12" VPOS="531" HPOS="188"/>
							<String ID="string_122" HPOS="200" VPOS="537" WIDTH="25" HEIGHT="14" WC="0.93" CONTENT="en"/><SP WIDTH="13" VPOS="537" HPOS="225"/>
							<String ID="string_123" HPOS="238" VPOS="529" WIDTH="145" HEIGHT="28" WC="0.96" CONTENT="uppställning"/><SP WIDTH="15" VPOS="529" HPOS="383"/>
							<String ID="string_124" HPOS="398" VPOS="528" WIDTH="66" HEIGHT="21" WC="0.96" CONTENT="sådan"/><SP WIDTH="16" VPOS="528" HPOS="464"/>
							<String ID="string_125" HPOS="480" VPOS="535" WIDTH="45" HEIGHT="14" WC="0.93" CONTENT="som"/><SP WIDTH="16" VPOS="535" HPOS="525"/>
							<String ID="string_126" HPOS="541" VPOS="527" WIDTH="126" HEIGHT="22" WC="0.96" CONTENT="Utskottets"/><SP WIDTH="16" VPOS="527" HPOS="667"/>
							<String ID="string_127" HPOS="683" VPOS="529" WIDTH="105" HEIGHT="27" WC="0.96" CONTENT="majoritet"/><SP WIDTH="9" VPOS="529" HPOS="788"/>
							<String ID="string_128" HPOS="797" VPOS="528" WIDTH="111" HEIGHT="28" WC="0.96" CONTENT="föreslagit"/>
						</TextLine>
						<TextLine ID="line_14" HPOS="79" VPOS="556" WIDTH="828" HEIGHT="29">
							<String ID="string_129" HPOS="79" VPOS="567" WIDTH="53" HEIGHT="14" WC="0.96" CONTENT="vore"/><SP WIDTH="23" VPOS="567" HPOS="132"/>
							<String ID="string_130" HPOS="155" VPOS="562" WIDTH="31" HEIGHT="18" WC="0.93" CONTENT="att"/><SP WIDTH="22" VPOS="562" HPOS="186"/>
							<String ID="string_131" HPOS="208" VPOS="557" WIDTH="142" HEIGHT="28" WC="0.92" CONTENT="föredraga,"/><SP WIDTH="-5" VPOS="557" HPOS="350"/>
							<String ID="string_132" HPOS="345" VPOS="552" WIDTH="15" HEIGHT="37" WC="0.95" CONTENT="i"/><SP WIDTH="14" VPOS="552" HPOS="360"/>
							<String ID="string_133" HPOS="374" VPOS="557" WIDTH="36" HEIGHT="20" WC="0.96" CONTENT="det"/><SP WIDTH="15" VPOS="557" HPOS="410"/>
							<String ID="string_134" HPOS="425" VPOS="560" WIDTH="32" HEIGHT="17" WC="0.92" CONTENT="att"/><SP WIDTH="22" VPOS="560" HPOS="457"/>
							<String ID="string_135" HPOS="479" VPOS="556" WIDTH="187" HEIGHT="28" WC="0.92" CONTENT="bestämningarna"/><SP WIDTH="23" VPOS="556" HPOS="666"/>
							<String ID="string_136" HPOS="689" VPOS="564" WIDTH="34" HEIGHT="13" WC="0.96" CONTENT="om"/><SP WIDTH="16" VPOS="564" HPOS="723"/>
							<String ID="string_137" HPOS="739" VPOS="557" WIDTH="47" HEIGHT="21" WC="0.93" CONTENT="icke"/><SP WIDTH="17" VPOS="557" HPOS="786"/>
							<String ID="string_138" HPOS="803" VPOS="557" WIDTH="104" HEIGHT="21" WC="0.92" CONTENT="inskrifna"/>
						</TextLine>
						<TextLine ID="line_15" HPOS="80" VPOS="585" WIDTH="828" HEIGHT="30">
							<String ID="string_139" HPOS="80" VPOS="589" WIDTH="124" HEIGHT="26" WC="0.92" CONTENT="föreningar"/><SP WIDTH="23" VPOS="589" HPOS="204"/>
							<String ID="string_140" HPOS="227" VPOS="586" WIDTH="123" HEIGHT="27" WC="0.92" CONTENT="derigenom"/><SP WIDTH="24" VPOS="586" HPOS="350"/>
							<String ID="string_141" HPOS="374" VPOS="585" WIDTH="72" HEIGHT="21" WC="0.91" CONTENT="blefve"/><SP WIDTH="23" VPOS="585" HPOS="446"/>
							<String ID="string_142" HPOS="469" VPOS="585" WIDTH="87" HEIGHT="21" WC="0.89" CONTENT="klarare."/><SP WIDTH="29" VPOS="585" HPOS="556"/>
							<String ID="string_143" HPOS="585" VPOS="585" WIDTH="42" HEIGHT="28" WC="0.96" CONTENT="Jag"/><SP WIDTH="17" VPOS="585" HPOS="627"/>
							<String ID="string_144" HPOS="644" VPOS="585" WIDTH="41" HEIGHT="21" WC="0.96" CONTENT="kan"/><SP WIDTH="16" VPOS="585" HPOS="685"/>
							<String ID="string_145" HPOS="701" VPOS="585" WIDTH="34" HEIGHT="21" WC="0.96" CONTENT="för"/><SP WIDTH="15" VPOS="585" HPOS="735"/>
							<String ID="string_146" HPOS="750" VPOS="586" WIDTH="42" HEIGHT="20" WC="0.96" CONTENT="min"/><SP WIDTH="18" VPOS="586" HPOS="792"/>
							<String ID="string_147" HPOS="810" VPOS="585" WIDTH="34" HEIGHT="21" WC="0.96" CONTENT="del"/><SP WIDTH="12" VPOS="585" HPOS="844"/>
							<String ID="string_148" HPOS="856" VPOS="593" WIDTH="52" HEIGHT="13" WC="0.96" CONTENT="anse"/>
						</TextLine>
						<TextLine ID="line_16" HPOS="79" VPOS="613" WIDTH="830" HEIGHT="31">
							<String ID="string_149" HPOS="79" VPOS="617" WIDTH="60" HEIGHT="21" WC="0.96" CONTENT="detta"/><SP WIDTH="12" VPOS="617" HPOS="139"/>
							<String ID="string_150" HPOS="151" VPOS="615" WIDTH="108" HEIGHT="29" WC="0.96" CONTENT="praktiska"/><SP WIDTH="11" VPOS="615" HPOS="259"/>
							<String ID="string_151" HPOS="270" VPOS="622" WIDTH="56" HEIGHT="20" WC="0.93" CONTENT="gagn"/><SP WIDTH="14" VPOS="622" HPOS="326"/>
							<String ID="string_152" HPOS="340" VPOS="614" WIDTH="116" HEIGHT="27" WC="0.92" CONTENT="öfverväga"/><SP WIDTH="17" VPOS="614" HPOS="456"/>
							<String ID="string_153" HPOS="473" VPOS="613" WIDTH="251" HEIGHT="22" WC="0.91" CONTENT="konformitetsintresset"/><SP WIDTH="11" VPOS="613" HPOS="724"/>
							<String ID="string_154" HPOS="735" VPOS="614" WIDTH="40" HEIGHT="21" WC="0.96" CONTENT="och"/><SP WIDTH="17" VPOS="614" HPOS="775"/>
							<String ID="string_155" HPOS="792" VPOS="614" WIDTH="117" HEIGHT="28" WC="0.96" CONTENT="tillstyrker"/>
						</TextLine>
						<TextLine ID="line_17" HPOS="79" VPOS="642" WIDTH="715" HEIGHT="29">
							<String ID="string_156" HPOS="79" VPOS="645" WIDTH="74" HEIGHT="22" WC="0.96" CONTENT="derför"/><SP WIDTH="15" VPOS="645" HPOS="153"/>
							<String ID="string_157" HPOS="168" VPOS="652" WIDTH="27" HEIGHT="13" WC="0.96" CONTENT="nu"/><SP WIDTH="17" VPOS="652" HPOS="195"/>
							<String ID="string_158" HPOS="212" VPOS="644" WIDTH="41" HEIGHT="21" WC="0.96" CONTENT="den"/><SP WIDTH="16" VPOS="644" HPOS="253"/>
							<String ID="string_159" HPOS="269" VPOS="643" WIDTH="152" HEIGHT="28" WC="0.96" CONTENT="uppställning,"/><SP WIDTH="15" VPOS="643" HPOS="421"/>
							<String ID="string_160" HPOS="436" VPOS="650" WIDTH="46" HEIGHT="13" WC="0.95" CONTENT="som"/><SP WIDTH="17" VPOS="650" HPOS="482"/>
							<String ID="string_161" HPOS="499" VPOS="642" WIDTH="22" HEIGHT="21" WC="0.96" CONTENT="af"/><SP WIDTH="15" VPOS="642" HPOS="521"/>
							<String ID="string_162" HPOS="536" VPOS="642" WIDTH="114" HEIGHT="21" WC="0.96" CONTENT="Utskottet"/><SP WIDTH="16" VPOS="642" HPOS="650"/>
							<String ID="string_163" HPOS="666" VPOS="643" WIDTH="128" HEIGHT="27" WC="0.96" CONTENT="föreslagits."/>
						</TextLine>
					</TextBlock>
				</ComposedBlock>
				<ComposedBlock ID="cblock_3" HPOS="79" VPOS="699" WIDTH="828" HEIGHT="518">
					<TextBlock ID="block_2" HPOS="79" VPOS="699" WIDTH="828" HEIGHT="518">
						<TextLine ID="line_18" HPOS="149" VPOS="699" WIDTH="758" HEIGHT="28">
							<String ID="string_164" HPOS="149" VPOS="701" WIDTH="33" HEIGHT="22" WC="0.96" CONTENT="Hr"/><SP WIDTH="16" VPOS="701" HPOS="182"/>
							<String ID="string_165" HPOS="198" VPOS="701" WIDTH="73" HEIGHT="26" WC="0.95" CONTENT="Georg"/><SP WIDTH="15" VPOS="701" HPOS="271"/>
							<String ID="string_166" HPOS="286" VPOS="707" WIDTH="57" HEIGHT="13" WC="0.96" CONTENT="von"/><SP WIDTH="16" VPOS="707" HPOS="343"/>
							<String ID="string_167" HPOS="359" VPOS="699" WIDTH="120" HEIGHT="22" WC="0.93" CONTENT="Wendt:"/><SP WIDTH="24" VPOS="699" HPOS="479"/>
							<String ID="string_168" HPOS="503" VPOS="699" WIDTH="135" HEIGHT="21" WC="0.91" CONTENT="Anslutande"/><SP WIDTH="16" VPOS="699" HPOS="638"/>
							<String ID="string_169" HPOS="654" VPOS="701" WIDTH="44" HEIGHT="26" WC="0.96" CONTENT="mig"/><SP WIDTH="14" VPOS="701" HPOS="698"/>
							<String ID="string_170" HPOS="712" VPOS="699" WIDTH="32" HEIGHT="21" WC="0.96" CONTENT="till"/><SP WIDTH="16" VPOS="699" HPOS="744"/>
							<String ID="string_171" HPOS="760" VPOS="699" WIDTH="57" HEIGHT="22" WC="0.95" CONTENT="hvad"/><SP WIDTH="17" VPOS="699" HPOS="817"/>
							<String ID="string_172" HPOS="834" VPOS="699" WIDTH="22" HEIGHT="22" WC="0.96" CONTENT="af"/><SP WIDTH="16" VPOS="699" HPOS="856"/>
							<String ID="string_173" HPOS="872" VPOS="699" WIDTH="35" HEIGHT="22" WC="0.96" CONTENT="Hr"/>
						</TextLine>
						<TextLine ID="line_19" HPOS="79" VPOS="727" WIDTH="826" HEIGHT="29">
							<String ID="string_174" HPOS="79" VPOS="730" WIDTH="128" HEIGHT="23" WC="0.96" CONTENT="Cederholm"/><SP WIDTH="23" VPOS="730" HPOS="207"/>
							<String ID="string_175" HPOS="230" VPOS="729" WIDTH="89" HEIGHT="25" WC="0.93" CONTENT="anförts,"/><SP WIDTH="15" VPOS="729" HPOS="319"/>
							<String ID="string_176" HPOS="334" VPOS="728" WIDTH="49" HEIGHT="21" WC="0.96" CONTENT="ville"/><SP WIDTH="20" VPOS="728" HPOS="383"/>
							<String ID="string_177" HPOS="403" VPOS="729" WIDTH="35" HEIGHT="27" WC="0.96" CONTENT="jag"/><SP WIDTH="14" VPOS="729" HPOS="438"/>
							<String ID="string_178" HPOS="452" VPOS="728" WIDTH="122" HEIGHT="28" WC="0.95" CONTENT="ytterligare"/><SP WIDTH="16" VPOS="728" HPOS="574"/>
							<String ID="string_179" HPOS="590" VPOS="727" WIDTH="113" HEIGHT="22" WC="0.96" CONTENT="framhålla"/><SP WIDTH="16" VPOS="727" HPOS="703"/>
							<String ID="string_180" HPOS="719" VPOS="731" WIDTH="31" HEIGHT="18" WC="0.96" CONTENT="att"/><SP WIDTH="16" VPOS="731" HPOS="750"/>
							<String ID="string_181" HPOS="766" VPOS="728" WIDTH="36" HEIGHT="21" WC="0.93" CONTENT="vid"/><SP WIDTH="16" VPOS="728" HPOS="802"/>
							<String ID="string_182" HPOS="818" VPOS="735" WIDTH="87" HEIGHT="21" WC="0.91" CONTENT="genom-"/>
						</TextLine>
						<TextLine ID="line_20" HPOS="79" VPOS="756" WIDTH="826" HEIGHT="28">
							<String ID="string_183" HPOS="79" VPOS="759" WIDTH="99" HEIGHT="22" WC="0.96" CONTENT="läsandet"/><SP WIDTH="24" VPOS="759" HPOS="178"/>
							<String ID="string_184" HPOS="202" VPOS="758" WIDTH="22" HEIGHT="21" WC="0.95" CONTENT="af"/><SP WIDTH="23" VPOS="758" HPOS="224"/>
							<String ID="string_185" HPOS="247" VPOS="758" WIDTH="68" HEIGHT="21" WC="0.95" CONTENT="första"/><SP WIDTH="22" VPOS="758" HPOS="315"/>
							<String ID="string_186" HPOS="337" VPOS="757" WIDTH="159" HEIGHT="21" WC="0.96" CONTENT="reservationen"/><SP WIDTH="24" VPOS="757" HPOS="496"/>
							<String ID="string_187" HPOS="520" VPOS="757" WIDTH="40" HEIGHT="20" WC="0.96" CONTENT="den"/><SP WIDTH="26" VPOS="757" HPOS="560"/>
							<String ID="string_188" HPOS="586" VPOS="756" WIDTH="149" HEIGHT="28" WC="0.91" CONTENT="föreställning"/><SP WIDTH="23" VPOS="756" HPOS="735"/>
							<String ID="string_189" HPOS="758" VPOS="757" WIDTH="38" HEIGHT="20" WC="0.94" CONTENT="hos"/><SP WIDTH="26" VPOS="757" HPOS="796"/>
							<String ID="string_190" HPOS="822" VPOS="757" WIDTH="83" HEIGHT="20" WC="0.96" CONTENT="läsaren"/>
						</TextLine>
						<TextLine ID="line_21" HPOS="80" VPOS="785" WIDTH="825" HEIGHT="30">
							<String ID="string_191" HPOS="80" VPOS="788" WIDTH="69" HEIGHT="21" WC="0.96" CONTENT="måste"/><SP WIDTH="22" VPOS="788" HPOS="149"/>
							<String ID="string_192" HPOS="171" VPOS="789" WIDTH="51" HEIGHT="26" WC="0.95" CONTENT="göra"/><SP WIDTH="15" VPOS="789" HPOS="222"/>
							<String ID="string_193" HPOS="237" VPOS="788" WIDTH="33" HEIGHT="26" WC="0.96" CONTENT="sig"/><SP WIDTH="22" VPOS="788" HPOS="270"/>
							<String ID="string_194" HPOS="292" VPOS="785" WIDTH="104" HEIGHT="28" WC="0.96" CONTENT="gällande,"/><SP WIDTH="21" VPOS="785" HPOS="396"/>
							<String ID="string_195" HPOS="417" VPOS="788" WIDTH="32" HEIGHT="18" WC="0.96" CONTENT="att"/><SP WIDTH="14" VPOS="788" HPOS="449"/>
							<String ID="string_196" HPOS="463" VPOS="785" WIDTH="114" HEIGHT="22" WC="0.93" CONTENT="Utskottet"/><SP WIDTH="22" VPOS="785" HPOS="577"/>
							<String ID="string_197" HPOS="599" VPOS="785" WIDTH="60" HEIGHT="28" WC="0.92" CONTENT="sjelft"/><SP WIDTH="15" VPOS="785" HPOS="659"/>
							<String ID="string_198" HPOS="674" VPOS="786" WIDTH="47" HEIGHT="21" WC="0.96" CONTENT="icke"/><SP WIDTH="16" VPOS="786" HPOS="721"/>
							<String ID="string_199" HPOS="737" VPOS="785" WIDTH="72" HEIGHT="21" WC="0.96" CONTENT="säkert"/><SP WIDTH="15" VPOS="785" HPOS="809"/>
							<String ID="string_200" HPOS="824" VPOS="785" WIDTH="81" HEIGHT="21" WC="0.96" CONTENT="kunnat"/>
						</TextLine>
						<TextLine ID="line_22" HPOS="79" VPOS="813" WIDTH="826" HEIGHT="30">
							<String ID="string_201" HPOS="79" VPOS="817" WIDTH="60" HEIGHT="21" WC="0.95" CONTENT="tolka"/><SP WIDTH="22" VPOS="817" HPOS="139"/>
							<String ID="string_202" HPOS="161" VPOS="814" WIDTH="163" HEIGHT="29" WC="0.96" CONTENT="ifrågavarande"/><SP WIDTH="24" VPOS="814" HPOS="324"/>
							<String ID="string_203" HPOS="348" VPOS="821" WIDTH="65" HEIGHT="21" WC="0.76" CONTENT="prop."/><SP WIDTH="15" VPOS="821" HPOS="413"/>
							<String ID="string_204" HPOS="428" VPOS="815" WIDTH="6" HEIGHT="20" WC="0.96" CONTENT="i"/><SP WIDTH="17" VPOS="815" HPOS="434"/>
							<String ID="string_205" HPOS="451" VPOS="813" WIDTH="36" HEIGHT="22" WC="0.96" CONTENT="det"/><SP WIDTH="23" VPOS="813" HPOS="487"/>
							<String ID="string_206" HPOS="510" VPOS="817" WIDTH="31" HEIGHT="18" WC="0.96" CONTENT="att"/><SP WIDTH="15" VPOS="817" HPOS="541"/>
							<String ID="string_207" HPOS="556" VPOS="821" WIDTH="25" HEIGHT="14" WC="0.96" CONTENT="en"/><SP WIDTH="24" VPOS="821" HPOS="581"/>
							<String ID="string_208" HPOS="605" VPOS="813" WIDTH="35" HEIGHT="22" WC="0.96" CONTENT="del"/><SP WIDTH="15" VPOS="813" HPOS="640"/>
							<String ID="string_209" HPOS="655" VPOS="814" WIDTH="23" HEIGHT="21" WC="0.96" CONTENT="af"/><SP WIDTH="25" VPOS="814" HPOS="678"/>
							<String ID="string_210" HPOS="703" VPOS="814" WIDTH="121" HEIGHT="21" WC="0.93" CONTENT="Utskottets"/><SP WIDTH="23" VPOS="814" HPOS="824"/>
							<String ID="string_211" HPOS="847" VPOS="813" WIDTH="58" HEIGHT="22" WC="0.92" CONTENT="leda-"/>
						</TextLine>
						<TextLine ID="line_23" HPOS="81" VPOS="842" WIDTH="825" HEIGHT="29">
							<String ID="string_212" HPOS="81" VPOS="847" WIDTH="70" HEIGHT="20" WC="0.95" CONTENT="möter"/><SP WIDTH="21" VPOS="847" HPOS="151"/>
							<String ID="string_213" HPOS="172" VPOS="847" WIDTH="76" HEIGHT="22" WC="0.96" CONTENT="ansett,"/><SP WIDTH="16" VPOS="847" HPOS="248"/>
							<String ID="string_214" HPOS="264" VPOS="847" WIDTH="30" HEIGHT="17" WC="0.96" CONTENT="att"/><SP WIDTH="22" VPOS="847" HPOS="294"/>
							<String ID="string_215" HPOS="316" VPOS="843" WIDTH="91" HEIGHT="20" WC="0.96" CONTENT="flertalet"/><SP WIDTH="15" VPOS="843" HPOS="407"/>
							<String ID="string_216" HPOS="422" VPOS="842" WIDTH="132" HEIGHT="28" WC="0.96" CONTENT="stadganden"/><SP WIDTH="16" VPOS="842" HPOS="554"/>
							<String ID="string_217" HPOS="570" VPOS="843" WIDTH="5" HEIGHT="20" WC="0.96" CONTENT="i"/><SP WIDTH="17" VPOS="843" HPOS="575"/>
							<String ID="string_218" HPOS="592" VPOS="842" WIDTH="71" HEIGHT="21" WC="0.96" CONTENT="denna"/><SP WIDTH="16" VPOS="842" HPOS="663"/>
							<String ID="string_219" HPOS="679" VPOS="843" WIDTH="34" HEIGHT="28" WC="0.96" CONTENT="lag"/><SP WIDTH="15" VPOS="843" HPOS="713"/>
							<String ID="string_220" HPOS="728" VPOS="844" WIDTH="37" HEIGHT="19" WC="0.96" CONTENT="äro"/><SP WIDTH="16" VPOS="844" HPOS="765"/>
							<String ID="string_221" HPOS="781" VPOS="842" WIDTH="125" HEIGHT="29" WC="0.96" CONTENT="tillämpliga"/>
						</TextLine>
						<TextLine ID="line_24" HPOS="80" VPOS="871" WIDTH="826" HEIGHT="32">
							<String ID="string_222" HPOS="80" VPOS="874" WIDTH="29" HEIGHT="29" WC="0.96" CONTENT="på"/><SP WIDTH="22" VPOS="874" HPOS="109"/>
							<String ID="string_223" HPOS="131" VPOS="874" WIDTH="48" HEIGHT="21" WC="0.92" CONTENT="icke"/><SP WIDTH="22" VPOS="874" HPOS="179"/>
							<String ID="string_224" HPOS="201" VPOS="871" WIDTH="164" HEIGHT="28" WC="0.91" CONTENT="inregistrerade"/><SP WIDTH="22" VPOS="871" HPOS="365"/>
							<String ID="string_225" HPOS="387" VPOS="871" WIDTH="129" HEIGHT="28" WC="0.96" CONTENT="föreningar,"/><SP WIDTH="22" VPOS="871" HPOS="516"/>
							<String ID="string_226" HPOS="538" VPOS="871" WIDTH="68" HEIGHT="21" WC="0.96" CONTENT="under"/><SP WIDTH="23" VPOS="871" HPOS="606"/>
							<String ID="string_227" HPOS="629" VPOS="871" WIDTH="37" HEIGHT="21" WC="0.96" CONTENT="det"/><SP WIDTH="22" VPOS="871" HPOS="666"/>
							<String ID="string_228" HPOS="688" VPOS="871" WIDTH="66" HEIGHT="21" WC="0.96" CONTENT="andra"/><SP WIDTH="24" VPOS="871" HPOS="754"/>
							<String ID="string_229" HPOS="778" VPOS="874" WIDTH="72" HEIGHT="18" WC="0.95" CONTENT="ansett"/><SP WIDTH="24" VPOS="874" HPOS="850"/>
							<String ID="string_230" HPOS="874" VPOS="874" WIDTH="32" HEIGHT="18" WC="0.95" CONTENT="att"/>
						</TextLine>
						<TextLine ID="line_25" HPOS="80" VPOS="899" WIDTH="825" HEIGHT="32">
							<String ID="string_231" HPOS="80" VPOS="910" WIDTH="73" HEIGHT="21" WC="0.92" CONTENT="prop:s"/><SP WIDTH="16" VPOS="910" HPOS="153"/>
							<String ID="string_232" HPOS="169" VPOS="901" WIDTH="133" HEIGHT="28" WC="0.96" CONTENT="ordalydelse"/><SP WIDTH="16" VPOS="901" HPOS="302"/>
							<String ID="string_233" HPOS="318" VPOS="901" WIDTH="23" HEIGHT="20" WC="0.96" CONTENT="är"/><SP WIDTH="16" VPOS="901" HPOS="341"/>
							<String ID="string_234" HPOS="357" VPOS="900" WIDTH="45" HEIGHT="21" WC="0.96" CONTENT="klar"/><SP WIDTH="15" VPOS="900" HPOS="402"/>
							<String ID="string_235" HPOS="417" VPOS="899" WIDTH="41" HEIGHT="22" WC="0.96" CONTENT="och"/><SP WIDTH="16" VPOS="899" HPOS="458"/>
							<String ID="string_236" HPOS="474" VPOS="899" WIDTH="69" HEIGHT="28" WC="0.95" CONTENT="någon"/><SP WIDTH="17" VPOS="899" HPOS="543"/>
							<String ID="string_237" HPOS="560" VPOS="900" WIDTH="126" HEIGHT="28" WC="0.95" CONTENT="förändring"/><SP WIDTH="13" VPOS="900" HPOS="686"/>
							<String ID="string_238" HPOS="699" VPOS="901" WIDTH="6" HEIGHT="20" WC="0.93" CONTENT="i"/><SP WIDTH="11" VPOS="901" HPOS="705"/>
							<String ID="string_239" HPOS="716" VPOS="907" WIDTH="75" HEIGHT="21" WC="0.90" CONTENT="prop:n"/><SP WIDTH="16" VPOS="907" HPOS="791"/>
							<String ID="string_240" HPOS="807" VPOS="899" WIDTH="51" HEIGHT="22" WC="0.93" CONTENT="eller"/><SP WIDTH="15" VPOS="899" HPOS="858"/>
							<String ID="string_241" HPOS="873" VPOS="899" WIDTH="32" HEIGHT="22" WC="0.92" CONTENT="af-"/>
						</TextLine>
						<TextLine ID="line_26" HPOS="80" VPOS="928" WIDTH="825" HEIGHT="29">
							<String ID="string_242" HPOS="80" VPOS="931" WIDTH="83" HEIGHT="22" WC="0.92" CONTENT="vikelse"/><SP WIDTH="16" VPOS="931" HPOS="163"/>
							<String ID="string_243" HPOS="179" VPOS="930" WIDTH="47" HEIGHT="21" WC="0.93" CONTENT="frän"/><SP WIDTH="24" VPOS="930" HPOS="226"/>
							<String ID="string_244" HPOS="250" VPOS="929" WIDTH="49" HEIGHT="21" WC="0.92" CONTENT="dei"/><SP WIDTH="16" VPOS="929" HPOS="299"/>
							<String ID="string_245" HPOS="315" VPOS="936" WIDTH="59" HEIGHT="21" WC="0.90" CONTENT="prop."/><SP WIDTH="23" VPOS="936" HPOS="374"/>
							<String ID="string_246" HPOS="397" VPOS="928" WIDTH="94" HEIGHT="21" WC="0.90" CONTENT="uttalade"/><SP WIDTH="24" VPOS="928" HPOS="491"/>
							<String ID="string_247" HPOS="515" VPOS="929" WIDTH="92" HEIGHT="20" WC="0.92" CONTENT="motiven"/><SP WIDTH="23" VPOS="929" HPOS="607"/>
							<String ID="string_248" HPOS="630" VPOS="929" WIDTH="118" HEIGHT="20" WC="0.92" CONTENT="föranledts"/><SP WIDTH="23" VPOS="929" HPOS="748"/>
							<String ID="string_249" HPOS="771" VPOS="936" WIDTH="77" HEIGHT="20" WC="0.96" CONTENT="genom"/><SP WIDTH="16" VPOS="936" HPOS="848"/>
							<String ID="string_250" HPOS="864" VPOS="928" WIDTH="41" HEIGHT="21" WC="0.96" CONTENT="den"/>
						</TextLine>
						<TextLine ID="line_27" HPOS="81" VPOS="957" WIDTH="826" HEIGHT="30">
							<String ID="string_251" HPOS="81" VPOS="959" WIDTH="141" HEIGHT="28" WC="0.89" CONTENT="omställning,"/><SP WIDTH="24" VPOS="959" HPOS="222"/>
							<String ID="string_252" HPOS="246" VPOS="965" WIDTH="44" HEIGHT="14" WC="0.93" CONTENT="som"/><SP WIDTH="24" VPOS="965" HPOS="290"/>
							<String ID="string_253" HPOS="314" VPOS="961" WIDTH="36" HEIGHT="24" WC="0.92" CONTENT="egt"/><SP WIDTH="21" VPOS="961" HPOS="350"/>
							<String ID="string_254" HPOS="371" VPOS="965" WIDTH="53" HEIGHT="13" WC="0.95" CONTENT="rum."/><SP WIDTH="30" VPOS="965" HPOS="424"/>
							<String ID="string_255" HPOS="454" VPOS="957" WIDTH="42" HEIGHT="21" WC="0.96" CONTENT="Om"/><SP WIDTH="24" VPOS="957" HPOS="496"/>
							<String ID="string_256" HPOS="520" VPOS="957" WIDTH="25" HEIGHT="21" WC="0.94" CONTENT="R."/><SP WIDTH="14" VPOS="957" HPOS="545"/>
							<String ID="string_257" HPOS="559" VPOS="964" WIDTH="18" HEIGHT="14" WC="0.94" CONTENT="o."/><SP WIDTH="16" VPOS="964" HPOS="577"/>
							<String ID="string_258" HPOS="593" VPOS="958" WIDTH="26" HEIGHT="20" WC="0.95" CONTENT="A."/><SP WIDTH="23" VPOS="958" HPOS="619"/>
							<String ID="string_259" HPOS="642" VPOS="957" WIDTH="69" HEIGHT="21" WC="0.93" CONTENT="skulle"/><SP WIDTH="21" VPOS="957" HPOS="711"/>
							<String ID="string_260" HPOS="732" VPOS="957" WIDTH="90" HEIGHT="21" WC="0.90" CONTENT="omfatta"/><SP WIDTH="16" VPOS="957" HPOS="822"/>
							<String ID="string_261" HPOS="838" VPOS="957" WIDTH="69" HEIGHT="21" WC="0.96" CONTENT="första"/>
						</TextLine>
						<TextLine ID="line_28" HPOS="81" VPOS="985" WIDTH="824" HEIGHT="29">
							<String ID="string_262" HPOS="81" VPOS="988" WIDTH="165" HEIGHT="26" WC="0.96" CONTENT="reservationen,"/><SP WIDTH="24" VPOS="988" HPOS="246"/>
							<String ID="string_263" HPOS="270" VPOS="987" WIDTH="24" HEIGHT="20" WC="0.93" CONTENT="sä"/><SP WIDTH="14" VPOS="987" HPOS="294"/>
							<String ID="string_264" HPOS="308" VPOS="993" WIDTH="64" HEIGHT="21" WC="0.96" CONTENT="synes"/><SP WIDTH="23" VPOS="993" HPOS="372"/>
							<String ID="string_265" HPOS="395" VPOS="985" WIDTH="37" HEIGHT="22" WC="0.96" CONTENT="det"/><SP WIDTH="15" VPOS="985" HPOS="432"/>
							<String ID="string_266" HPOS="447" VPOS="986" WIDTH="43" HEIGHT="27" WC="0.96" CONTENT="mig"/><SP WIDTH="28" VPOS="986" HPOS="490"/>
							<String ID="string_267" HPOS="518" VPOS="993" WIDTH="45" HEIGHT="14" WC="0.96" CONTENT="som"/><SP WIDTH="16" VPOS="993" HPOS="563"/>
							<String ID="string_268" HPOS="579" VPOS="993" WIDTH="34" HEIGHT="14" WC="0.96" CONTENT="om"/><SP WIDTH="23" VPOS="993" HPOS="613"/>
							<String ID="string_269" HPOS="636" VPOS="986" WIDTH="27" HEIGHT="21" WC="0.96" CONTENT="R."/><SP WIDTH="15" VPOS="986" HPOS="663"/>
							<String ID="string_270" HPOS="678" VPOS="993" WIDTH="18" HEIGHT="14" WC="0.87" CONTENT="o."/><SP WIDTH="15" VPOS="993" HPOS="696"/>
							<String ID="string_271" HPOS="711" VPOS="986" WIDTH="26" HEIGHT="21" WC="0.96" CONTENT="A."/><SP WIDTH="20" VPOS="986" HPOS="737"/>
							<String ID="string_272" HPOS="757" VPOS="986" WIDTH="68" HEIGHT="21" WC="0.93" CONTENT="skulle"/><SP WIDTH="19" VPOS="986" HPOS="825"/>
							<String ID="string_273" HPOS="844" VPOS="985" WIDTH="61" HEIGHT="28" WC="0.96" CONTENT="gifva"/>
						</TextLine>
						<TextLine ID="line_29" HPOS="81" VPOS="1014" WIDTH="824" HEIGHT="29">
							<String ID="string_274" HPOS="81" VPOS="1017" WIDTH="42" HEIGHT="21" WC="0.93" CONTENT="den"/><SP WIDTH="16" VPOS="1017" HPOS="123"/>
							<String ID="string_275" HPOS="139" VPOS="1017" WIDTH="97" HEIGHT="26" WC="0.92" CONTENT="tolkning"/><SP WIDTH="16" VPOS="1017" HPOS="236"/>
							<String ID="string_276" HPOS="252" VPOS="1015" WIDTH="112" HEIGHT="25" WC="0.93" CONTENT="företräde,"/><SP WIDTH="15" VPOS="1015" HPOS="364"/>
							<String ID="string_277" HPOS="379" VPOS="1017" WIDTH="31" HEIGHT="18" WC="0.97" CONTENT="att"/><SP WIDTH="16" VPOS="1017" HPOS="410"/>
							<String ID="string_278" HPOS="426" VPOS="1014" WIDTH="40" HEIGHT="21" WC="0.97" CONTENT="alla"/><SP WIDTH="16" VPOS="1014" HPOS="466"/>
							<String ID="string_279" HPOS="482" VPOS="1014" WIDTH="63" HEIGHT="21" WC="0.96" CONTENT="dessa"/><SP WIDTH="15" VPOS="1014" HPOS="545"/>
							<String ID="string_280" HPOS="560" VPOS="1014" WIDTH="56" HEIGHT="21" WC="0.93" CONTENT="olika"/><SP WIDTH="17" VPOS="1014" HPOS="616"/>
							<String ID="string_281" HPOS="633" VPOS="1014" WIDTH="129" HEIGHT="29" WC="0.91" CONTENT="paragrafer,"/><SP WIDTH="15" VPOS="1014" HPOS="762"/>
							<String ID="string_282" HPOS="777" VPOS="1021" WIDTH="46" HEIGHT="14" WC="0.96" CONTENT="som"/><SP WIDTH="13" VPOS="1021" HPOS="823"/>
							<String ID="string_283" HPOS="836" VPOS="1014" WIDTH="69" HEIGHT="21" WC="0.96" CONTENT="skulle"/>
						</TextLine>
						<TextLine ID="line_30" HPOS="80" VPOS="1043" WIDTH="826" HEIGHT="28">
							<String ID="string_284" HPOS="80" VPOS="1045" WIDTH="87" HEIGHT="22" WC="0.96" CONTENT="åsamka"/><SP WIDTH="23" VPOS="1045" HPOS="167"/>
							<String ID="string_285" HPOS="190" VPOS="1045" WIDTH="47" HEIGHT="21" WC="0.90" CONTENT="icke"/><SP WIDTH="23" VPOS="1045" HPOS="237"/>
							<String ID="string_286" HPOS="260" VPOS="1043" WIDTH="164" HEIGHT="28" WC="0.90" CONTENT="inregistrerade"/><SP WIDTH="23" VPOS="1043" HPOS="424"/>
							<String ID="string_287" HPOS="447" VPOS="1043" WIDTH="123" HEIGHT="28" WC="0.96" CONTENT="föreningar"/><SP WIDTH="23" VPOS="1043" HPOS="570"/>
							<String ID="string_288" HPOS="593" VPOS="1043" WIDTH="104" HEIGHT="28" WC="0.93" CONTENT="åtskilligt"/><SP WIDTH="15" VPOS="1043" HPOS="697"/>
							<String ID="string_289" HPOS="712" VPOS="1043" WIDTH="69" HEIGHT="26" WC="0.92" CONTENT="omak,"/><SP WIDTH="16" VPOS="1043" HPOS="781"/>
							<String ID="string_290" HPOS="797" VPOS="1043" WIDTH="65" HEIGHT="21" WC="0.96" CONTENT="borde"/><SP WIDTH="16" VPOS="1043" HPOS="862"/>
							<String ID="string_291" HPOS="878" VPOS="1043" WIDTH="28" HEIGHT="27" WC="0.96" CONTENT="pä"/>
						</TextLine>
						<TextLine ID="line_31" HPOS="81" VPOS="1071" WIDTH="826" HEIGHT="30">
							<String ID="string_292" HPOS="81" VPOS="1075" WIDTH="107" HEIGHT="20" WC="0.91" CONTENT="desamma"/><SP WIDTH="23" VPOS="1075" HPOS="188"/>
							<String ID="string_293" HPOS="211" VPOS="1073" WIDTH="112" HEIGHT="28" WC="0.93" CONTENT="tillämpas."/><SP WIDTH="30" VPOS="1073" HPOS="323"/>
							<String ID="string_294" HPOS="353" VPOS="1072" WIDTH="31" HEIGHT="21" WC="0.92" CONTENT="Pä"/><SP WIDTH="22" VPOS="1072" HPOS="384"/>
							<String ID="string_295" HPOS="406" VPOS="1071" WIDTH="70" HEIGHT="22" WC="0.96" CONTENT="denna"/><SP WIDTH="22" VPOS="1071" HPOS="476"/>
							<String ID="string_296" HPOS="498" VPOS="1071" WIDTH="70" HEIGHT="28" WC="0.96" CONTENT="grund"/><SP WIDTH="15" VPOS="1071" HPOS="568"/>
							<String ID="string_297" HPOS="583" VPOS="1071" WIDTH="38" HEIGHT="22" WC="0.96" CONTENT="ber"/><SP WIDTH="15" VPOS="1071" HPOS="621"/>
							<String ID="string_298" HPOS="636" VPOS="1072" WIDTH="35" HEIGHT="27" WC="0.93" CONTENT="jag"/><SP WIDTH="16" VPOS="1072" HPOS="671"/>
							<String ID="string_299" HPOS="687" VPOS="1071" WIDTH="23" HEIGHT="22" WC="0.93" CONTENT="fä"/><SP WIDTH="15" VPOS="1071" HPOS="710"/>
							<String ID="string_300" HPOS="725" VPOS="1071" WIDTH="129" HEIGHT="22" WC="0.92" CONTENT="understöda"/><SP WIDTH="16" VPOS="1071" HPOS="854"/>
							<String ID="string_301" HPOS="870" VPOS="1071" WIDTH="37" HEIGHT="21" WC="0.96" CONTENT="det"/>
						</TextLine>
						<TextLine ID="line_32" HPOS="80" VPOS="1099" WIDTH="825" HEIGHT="30">
							<String ID="string_302" HPOS="80" VPOS="1111" WIDTH="29" HEIGHT="13" WC="0.92" CONTENT="nu"/><SP WIDTH="16" VPOS="1111" HPOS="109"/>
							<String ID="string_303" HPOS="125" VPOS="1101" WIDTH="147" HEIGHT="28" WC="0.92" CONTENT="föreliggande"/><SP WIDTH="23" VPOS="1101" HPOS="272"/>
							<String ID="string_304" HPOS="295" VPOS="1100" WIDTH="145" HEIGHT="21" WC="0.91" CONTENT="betänkandet"/><SP WIDTH="14" VPOS="1100" HPOS="440"/>
							<String ID="string_305" HPOS="454" VPOS="1100" WIDTH="71" HEIGHT="21" WC="0.92" CONTENT="säsom"/><SP WIDTH="16" VPOS="1100" HPOS="525"/>
							<String ID="string_306" HPOS="541" VPOS="1101" WIDTH="6" HEIGHT="20" WC="0.96" CONTENT="i"/><SP WIDTH="16" VPOS="1101" HPOS="547"/>
							<String ID="string_307" HPOS="563" VPOS="1100" WIDTH="40" HEIGHT="21" WC="0.93" CONTENT="alla"/><SP WIDTH="16" VPOS="1100" HPOS="603"/>
							<String ID="string_308" HPOS="619" VPOS="1100" WIDTH="117" HEIGHT="21" WC="0.92" CONTENT="afseenden"/><SP WIDTH="16" VPOS="1100" HPOS="736"/>
							<String ID="string_309" HPOS="752" VPOS="1100" WIDTH="96" HEIGHT="28" WC="0.93" CONTENT="redigare"/><SP WIDTH="16" VPOS="1100" HPOS="848"/>
							<String ID="string_310" HPOS="864" VPOS="1099" WIDTH="41" HEIGHT="22" WC="0.97" CONTENT="och"/>
						</TextLine>
						<TextLine ID="line_33" HPOS="81" VPOS="1128" WIDTH="826" HEIGHT="29">
							<String ID="string_311" HPOS="81" VPOS="1131" WIDTH="48" HEIGHT="22" WC="0.96" CONTENT="icke"/><SP WIDTH="24" VPOS="1131" HPOS="129"/>
							<String ID="string_312" HPOS="153" VPOS="1130" WIDTH="109" HEIGHT="22" WC="0.95" CONTENT="tillåtande"/><SP WIDTH="24" VPOS="1130" HPOS="262"/>
							<String ID="string_313" HPOS="286" VPOS="1130" WIDTH="65" HEIGHT="27" WC="0.96" CONTENT="några"/><SP WIDTH="23" VPOS="1130" HPOS="351"/>
							<String ID="string_314" HPOS="374" VPOS="1129" WIDTH="128" HEIGHT="27" WC="0.96" CONTENT="tolkningar,"/><SP WIDTH="16" VPOS="1129" HPOS="502"/>
							<String ID="string_315" HPOS="518" VPOS="1136" WIDTH="44" HEIGHT="13" WC="0.95" CONTENT="som"/><SP WIDTH="20" VPOS="1136" HPOS="562"/>
							<String ID="string_316" HPOS="582" VPOS="1129" WIDTH="69" HEIGHT="20" WC="0.95" CONTENT="skulle"/><SP WIDTH="16" VPOS="1129" HPOS="651"/>
							<String ID="string_317" HPOS="667" VPOS="1129" WIDTH="71" HEIGHT="21" WC="0.93" CONTENT="kunna"/><SP WIDTH="17" VPOS="1129" HPOS="738"/>
							<String ID="string_318" HPOS="755" VPOS="1129" WIDTH="88" HEIGHT="28" WC="0.96" CONTENT="belägga"/><SP WIDTH="15" VPOS="1129" HPOS="843"/>
							<String ID="string_319" HPOS="858" VPOS="1128" WIDTH="49" HEIGHT="21" WC="0.96" CONTENT="icke"/>
						</TextLine>
						<TextLine ID="line_34" HPOS="81" VPOS="1157" WIDTH="824" HEIGHT="30">
							<String ID="string_320" HPOS="81" VPOS="1159" WIDTH="163" HEIGHT="28" WC="0.92" CONTENT="inregistrerade"/><SP WIDTH="16" VPOS="1159" HPOS="244"/>
							<String ID="string_321" HPOS="260" VPOS="1159" WIDTH="120" HEIGHT="26" WC="0.96" CONTENT="föreningar"/><SP WIDTH="16" VPOS="1159" HPOS="380"/>
							<String ID="string_322" HPOS="396" VPOS="1157" WIDTH="47" HEIGHT="22" WC="0.96" CONTENT="med"/><SP WIDTH="17" VPOS="1157" HPOS="443"/>
							<String ID="string_323" HPOS="460" VPOS="1157" WIDTH="24" HEIGHT="21" WC="0.96" CONTENT="sä"/><SP WIDTH="15" VPOS="1157" HPOS="484"/>
							<String ID="string_324" HPOS="499" VPOS="1161" WIDTH="58" HEIGHT="18" WC="0.96" CONTENT="stora"/><SP WIDTH="15" VPOS="1161" HPOS="557"/>
							<String ID="string_325" HPOS="572" VPOS="1157" WIDTH="116" HEIGHT="28" WC="0.96" CONTENT="omgångar"/><SP WIDTH="15" VPOS="1157" HPOS="688"/>
							<String ID="string_326" HPOS="703" VPOS="1161" WIDTH="31" HEIGHT="18" WC="0.96" CONTENT="att"/><SP WIDTH="15" VPOS="1161" HPOS="734"/>
							<String ID="string_327" HPOS="749" VPOS="1157" WIDTH="62" HEIGHT="22" WC="0.96" CONTENT="öfver"/><SP WIDTH="10" VPOS="1157" HPOS="811"/>
							<String ID="string_328" HPOS="821" VPOS="1157" WIDTH="84" HEIGHT="21" WC="0.96" CONTENT="hufvud"/>
						</TextLine>
						<TextLine ID="line_35" HPOS="81" VPOS="1185" WIDTH="726" HEIGHT="32">
							<String ID="string_329" HPOS="81" VPOS="1192" WIDTH="60" HEIGHT="25" WC="0.96" CONTENT="taget"/><SP WIDTH="16" VPOS="1192" HPOS="141"/>
							<String ID="string_330" HPOS="157" VPOS="1188" WIDTH="39" HEIGHT="21" WC="0.96" CONTENT="alla"/><SP WIDTH="16" VPOS="1188" HPOS="196"/>
							<String ID="string_331" HPOS="212" VPOS="1188" WIDTH="122" HEIGHT="27" WC="0.96" CONTENT="föreningar"/><SP WIDTH="16" VPOS="1188" HPOS="334"/>
							<String ID="string_332" HPOS="350" VPOS="1186" WIDTH="68" HEIGHT="21" WC="0.96" CONTENT="skulle"/><SP WIDTH="15" VPOS="1186" HPOS="418"/>
							<String ID="string_333" HPOS="433" VPOS="1187" WIDTH="86" HEIGHT="27" WC="0.96" CONTENT="tvingas"/><SP WIDTH="16" VPOS="1187" HPOS="519"/>
							<String ID="string_334" HPOS="535" VPOS="1189" WIDTH="31" HEIGHT="18" WC="0.96" CONTENT="att"/><SP WIDTH="15" VPOS="1189" HPOS="566"/>
							<String ID="string_335" HPOS="581" VPOS="1185" WIDTH="43" HEIGHT="22" WC="0.96" CONTENT="låta"/><SP WIDTH="13" VPOS="1185" HPOS="624"/>
							<String ID="string_336" HPOS="637" VPOS="1187" WIDTH="113" HEIGHT="27" WC="0.96" CONTENT="registrera"/><SP WIDTH="18" VPOS="1187" HPOS="750"/>
							<String ID="string_337" HPOS="768" VPOS="1187" WIDTH="39" HEIGHT="27" WC="0.96" CONTENT="sig."/>
						</TextLine>
					</TextBlock>
				</ComposedBlock>
				<ComposedBlock ID="cblock_4" HPOS="82" VPOS="1243" WIDTH="829" HEIGHT="289">
					<TextBlock ID="block_3" HPOS="82" VPOS="1243" WIDTH="829" HEIGHT="289">
						<TextLine ID="line_36" HPOS="151" VPOS="1243" WIDTH="757" HEIGHT="29">
							<String ID="string_338" HPOS="151" VPOS="1245" WIDTH="57" HEIGHT="22" WC="0.69" CONTENT="Frih."/><SP WIDTH="38" VPOS="1245" HPOS="208"/>
							<String ID="string_339" HPOS="246" VPOS="1243" WIDTH="222" HEIGHT="29" WC="0.93" CONTENT="Langenskiöld:"/><SP WIDTH="16" VPOS="1243" HPOS="468"/>
							<String ID="string_340" HPOS="484" VPOS="1243" WIDTH="73" HEIGHT="22" WC="0.90" CONTENT="Afven"/><SP WIDTH="16" VPOS="1243" HPOS="557"/>
							<String ID="string_341" HPOS="573" VPOS="1244" WIDTH="35" HEIGHT="27" WC="0.96" CONTENT="jag"/><SP WIDTH="16" VPOS="1244" HPOS="608"/>
							<String ID="string_342" HPOS="624" VPOS="1243" WIDTH="67" HEIGHT="22" WC="0.96" CONTENT="måste"/><SP WIDTH="16" VPOS="1243" HPOS="691"/>
							<String ID="string_343" HPOS="707" VPOS="1243" WIDTH="100" HEIGHT="26" WC="0.96" CONTENT="erkänna,"/><SP WIDTH="15" VPOS="1243" HPOS="807"/>
							<String ID="string_344" HPOS="822" VPOS="1246" WIDTH="32" HEIGHT="18" WC="0.93" CONTENT="att"/><SP WIDTH="13" VPOS="1246" HPOS="854"/>
							<String ID="string_345" HPOS="867" VPOS="1243" WIDTH="41" HEIGHT="22" WC="0.92" CONTENT="Ut-"/>
						</TextLine>
						<TextLine ID="line_37" HPOS="82" VPOS="1272" WIDTH="825" HEIGHT="30">
							<String ID="string_346" HPOS="82" VPOS="1275" WIDTH="92" HEIGHT="22" WC="0.92" CONTENT="skottets"/><SP WIDTH="15" VPOS="1275" HPOS="174"/>
							<String ID="string_347" HPOS="189" VPOS="1273" WIDTH="146" HEIGHT="29" WC="0.0" CONTENT="uppställning"/><SP WIDTH="16" VPOS="1273" HPOS="335"/>
							<String ID="string_348" HPOS="351" VPOS="1273" WIDTH="22" HEIGHT="20" WC="0.96" CONTENT="af"/><SP WIDTH="15" VPOS="1273" HPOS="373"/>
							<String ID="string_349" HPOS="388" VPOS="1272" WIDTH="138" HEIGHT="28" WC="0.95" CONTENT="lagförslaget"/><SP WIDTH="16" VPOS="1272" HPOS="526"/>
							<String ID="string_350" HPOS="542" VPOS="1272" WIDTH="67" HEIGHT="28" WC="0.96" CONTENT="enligt"/><SP WIDTH="15" VPOS="1272" HPOS="609"/>
							<String ID="string_351" HPOS="624" VPOS="1273" WIDTH="48" HEIGHT="20" WC="0.93" CONTENT="mitt"/><SP WIDTH="16" VPOS="1273" HPOS="672"/>
							<String ID="string_352" HPOS="688" VPOS="1272" WIDTH="138" HEIGHT="21" WC="0.92" CONTENT="förmenande"/><SP WIDTH="16" VPOS="1272" HPOS="826"/>
							<String ID="string_353" HPOS="842" VPOS="1274" WIDTH="24" HEIGHT="19" WC="0.96" CONTENT="är"/><SP WIDTH="15" VPOS="1274" HPOS="866"/>
							<String ID="string_354" HPOS="881" VPOS="1279" WIDTH="26" HEIGHT="14" WC="0.97" CONTENT="en"/>
						</TextLine>
						<TextLine ID="line_38" HPOS="82" VPOS="1300" WIDTH="825" HEIGHT="31">
							<String ID="string_355" HPOS="82" VPOS="1303" WIDTH="134" HEIGHT="28" WC="0.90" CONTENT="förbättring."/><SP WIDTH="29" VPOS="1303" HPOS="216"/>
							<String ID="string_356" HPOS="245" VPOS="1301" WIDTH="42" HEIGHT="28" WC="0.96" CONTENT="Jag"/><SP WIDTH="23" VPOS="1301" HPOS="287"/>
							<String ID="string_357" HPOS="310" VPOS="1301" WIDTH="42" HEIGHT="21" WC="0.91" CONTENT="kan"/><SP WIDTH="15" VPOS="1301" HPOS="352"/>
							<String ID="string_358" HPOS="367" VPOS="1302" WIDTH="48" HEIGHT="20" WC="0.90" CONTENT="icke"/><SP WIDTH="16" VPOS="1302" HPOS="415"/>
							<String ID="string_359" HPOS="431" VPOS="1303" WIDTH="42" HEIGHT="19" WC="0.93" CONTENT="rätt"/><SP WIDTH="15" VPOS="1303" HPOS="473"/>
							<String ID="string_360" HPOS="488" VPOS="1300" WIDTH="69" HEIGHT="21" WC="0.93" CONTENT="förstä"/><SP WIDTH="14" VPOS="1300" HPOS="557"/>
							<String ID="string_361" HPOS="571" VPOS="1301" WIDTH="136" HEIGHT="28" WC="0.92" CONTENT="jemförelsen"/><SP WIDTH="17" VPOS="1301" HPOS="707"/>
							<String ID="string_362" HPOS="724" VPOS="1301" WIDTH="47" HEIGHT="20" WC="0.93" CONTENT="med"/><SP WIDTH="17" VPOS="1301" HPOS="771"/>
							<String ID="string_363" HPOS="788" VPOS="1301" WIDTH="119" HEIGHT="21" WC="0.92" CONTENT="aktielagen"/>
						</TextLine>
						<TextLine ID="line_39" HPOS="82" VPOS="1329" WIDTH="826" HEIGHT="30">
							<String ID="string_364" HPOS="82" VPOS="1332" WIDTH="41" HEIGHT="21" WC="0.93" CONTENT="och"/><SP WIDTH="16" VPOS="1332" HPOS="123"/>
							<String ID="string_365" HPOS="139" VPOS="1331" WIDTH="135" HEIGHT="28" WC="0.92" CONTENT="andelslagen"/><SP WIDTH="17" VPOS="1331" HPOS="274"/>
							<String ID="string_366" HPOS="291" VPOS="1331" WIDTH="6" HEIGHT="20" WC="0.96" CONTENT="i"/><SP WIDTH="16" VPOS="1331" HPOS="297"/>
							<String ID="string_367" HPOS="313" VPOS="1330" WIDTH="59" HEIGHT="21" WC="0.96" CONTENT="detta"/><SP WIDTH="20" VPOS="1330" HPOS="372"/>
							<String ID="string_368" HPOS="392" VPOS="1329" WIDTH="43" HEIGHT="22" WC="0.76" CONTENT="fall."/><SP WIDTH="30" VPOS="1329" HPOS="435"/>
							<String ID="string_369" HPOS="465" VPOS="1329" WIDTH="73" HEIGHT="28" WC="0.78" CONTENT="Lagen"/><SP WIDTH="15" VPOS="1329" HPOS="538"/>
							<String ID="string_370" HPOS="553" VPOS="1337" WIDTH="34" HEIGHT="13" WC="0.93" CONTENT="om"/><SP WIDTH="16" VPOS="1337" HPOS="587"/>
							<String ID="string_371" HPOS="603" VPOS="1329" WIDTH="122" HEIGHT="28" WC="0.96" CONTENT="aktiebolag"/><SP WIDTH="15" VPOS="1329" HPOS="725"/>
							<String ID="string_372" HPOS="740" VPOS="1331" WIDTH="39" HEIGHT="26" WC="0.93" CONTENT="gör"/><SP WIDTH="15" VPOS="1331" HPOS="779"/>
							<String ID="string_373" HPOS="794" VPOS="1330" WIDTH="47" HEIGHT="21" WC="0.93" CONTENT="icke"/><SP WIDTH="15" VPOS="1330" HPOS="841"/>
							<String ID="string_374" HPOS="856" VPOS="1329" WIDTH="52" HEIGHT="22" WC="0.93" CONTENT="skil-"/>
						</TextLine>
						<TextLine ID="line_40" HPOS="83" VPOS="1358" WIDTH="827" HEIGHT="28">
							<String ID="string_375" HPOS="83" VPOS="1361" WIDTH="43" HEIGHT="21" WC="0.93" CONTENT="nad"/><SP WIDTH="16" VPOS="1361" HPOS="126"/>
							<String ID="string_376" HPOS="142" VPOS="1360" WIDTH="88" HEIGHT="22" WC="0.92" CONTENT="emellan"/><SP WIDTH="21" VPOS="1360" HPOS="230"/>
							<String ID="string_377" HPOS="251" VPOS="1358" WIDTH="127" HEIGHT="28" WC="0.91" CONTENT="aktiebolag,"/><SP WIDTH="16" VPOS="1358" HPOS="378"/>
							<String ID="string_378" HPOS="394" VPOS="1366" WIDTH="46" HEIGHT="13" WC="0.93" CONTENT="som"/><SP WIDTH="15" VPOS="1366" HPOS="440"/>
							<String ID="string_379" HPOS="455" VPOS="1359" WIDTH="48" HEIGHT="20" WC="0.92" CONTENT="icke"/><SP WIDTH="15" VPOS="1359" HPOS="503"/>
							<String ID="string_380" HPOS="518" VPOS="1358" WIDTH="61" HEIGHT="21" WC="0.93" CONTENT="skola"/><SP WIDTH="17" VPOS="1358" HPOS="579"/>
							<String ID="string_381" HPOS="596" VPOS="1359" WIDTH="154" HEIGHT="27" WC="0.93" CONTENT="inregistreras,"/><SP WIDTH="15" VPOS="1359" HPOS="750"/>
							<String ID="string_382" HPOS="765" VPOS="1358" WIDTH="41" HEIGHT="21" WC="0.93" CONTENT="och"/><SP WIDTH="16" VPOS="1358" HPOS="806"/>
							<String ID="string_383" HPOS="822" VPOS="1358" WIDTH="88" HEIGHT="27" WC="0.92" CONTENT="sädana,"/>
						</TextLine>
						<TextLine ID="line_41" HPOS="83" VPOS="1387" WIDTH="824" HEIGHT="29">
							<String ID="string_384" HPOS="83" VPOS="1397" WIDTH="46" HEIGHT="14" WC="0.96" CONTENT="som"/><SP WIDTH="16" VPOS="1397" HPOS="129"/>
							<String ID="string_385" HPOS="145" VPOS="1389" WIDTH="58" HEIGHT="21" WC="0.93" CONTENT="skola"/><SP WIDTH="21" VPOS="1389" HPOS="203"/>
							<String ID="string_386" HPOS="224" VPOS="1389" WIDTH="152" HEIGHT="27" WC="0.92" CONTENT="inregistreras,"/><SP WIDTH="16" VPOS="1389" HPOS="376"/>
							<String ID="string_387" HPOS="392" VPOS="1390" WIDTH="22" HEIGHT="25" WC="0.97" CONTENT="ty"/><SP WIDTH="16" VPOS="1390" HPOS="414"/>
							<String ID="string_388" HPOS="430" VPOS="1387" WIDTH="97" HEIGHT="26" WC="0.93" CONTENT="samtliga"/><SP WIDTH="21" VPOS="1387" HPOS="527"/>
							<String ID="string_389" HPOS="548" VPOS="1387" WIDTH="122" HEIGHT="28" WC="0.91" CONTENT="aktiebolag"/><SP WIDTH="15" VPOS="1387" HPOS="670"/>
							<String ID="string_390" HPOS="685" VPOS="1387" WIDTH="60" HEIGHT="21" WC="0.93" CONTENT="skola"/><SP WIDTH="16" VPOS="1387" HPOS="745"/>
							<String ID="string_391" HPOS="761" VPOS="1387" WIDTH="146" HEIGHT="28" WC="0.93" CONTENT="inregistreras"/>
						</TextLine>
						<TextLine ID="line_42" HPOS="83" VPOS="1415" WIDTH="824" HEIGHT="30">
							<String ID="string_392" HPOS="83" VPOS="1418" WIDTH="68" HEIGHT="27" WC="0.96" CONTENT="enligt"/><SP WIDTH="22" VPOS="1418" HPOS="151"/>
							<String ID="string_393" HPOS="173" VPOS="1418" WIDTH="39" HEIGHT="27" WC="0.96" CONTENT="lag,"/><SP WIDTH="23" VPOS="1418" HPOS="212"/>
							<String ID="string_394" HPOS="235" VPOS="1417" WIDTH="40" HEIGHT="21" WC="0.93" CONTENT="och"/><SP WIDTH="23" VPOS="1417" HPOS="275"/>
							<String ID="string_395" HPOS="298" VPOS="1416" WIDTH="100" HEIGHT="21" WC="0.91" CONTENT="liknande"/><SP WIDTH="24" VPOS="1416" HPOS="398"/>
							<String ID="string_396" HPOS="422" VPOS="1417" WIDTH="23" HEIGHT="20" WC="0.93" CONTENT="är"/><SP WIDTH="22" VPOS="1417" HPOS="445"/>
							<String ID="string_397" HPOS="467" VPOS="1415" WIDTH="144" HEIGHT="21" WC="0.92" CONTENT="förhällandet"/><SP WIDTH="22" VPOS="1415" HPOS="611"/>
							<String ID="string_398" HPOS="633" VPOS="1415" WIDTH="47" HEIGHT="22" WC="0.93" CONTENT="med"/><SP WIDTH="20" VPOS="1415" HPOS="680"/>
							<String ID="string_399" HPOS="700" VPOS="1415" WIDTH="143" HEIGHT="28" WC="0.93" CONTENT="andelslagen."/><SP WIDTH="31" VPOS="1415" HPOS="843"/>
							<String ID="string_400" HPOS="874" VPOS="1415" WIDTH="33" HEIGHT="21" WC="0.96" CONTENT="De"/>
						</TextLine>
						<TextLine ID="line_43" HPOS="83" VPOS="1444" WIDTH="825" HEIGHT="31">
							<String ID="string_401" HPOS="83" VPOS="1447" WIDTH="87" HEIGHT="28" WC="0.95" CONTENT="kapitel,"/><SP WIDTH="22" VPOS="1447" HPOS="170"/>
							<String ID="string_402" HPOS="192" VPOS="1453" WIDTH="44" HEIGHT="14" WC="0.93" CONTENT="som"/><SP WIDTH="16" VPOS="1453" HPOS="236"/>
							<String ID="string_403" HPOS="252" VPOS="1445" WIDTH="56" HEIGHT="28" WC="0.96" CONTENT="gälla"/><SP WIDTH="23" VPOS="1445" HPOS="308"/>
							<String ID="string_404" HPOS="331" VPOS="1444" WIDTH="131" HEIGHT="28" WC="0.96" CONTENT="föreningar,"/><SP WIDTH="21" VPOS="1444" HPOS="462"/>
							<String ID="string_405" HPOS="483" VPOS="1444" WIDTH="74" HEIGHT="21" WC="0.96" CONTENT="hvilka"/><SP WIDTH="16" VPOS="1444" HPOS="557"/>
							<String ID="string_406" HPOS="573" VPOS="1445" WIDTH="36" HEIGHT="20" WC="0.93" CONTENT="äro"/><SP WIDTH="24" VPOS="1445" HPOS="609"/>
							<String ID="string_407" HPOS="633" VPOS="1444" WIDTH="90" HEIGHT="21" WC="0.92" CONTENT="afsedda"/><SP WIDTH="16" VPOS="1444" HPOS="723"/>
							<String ID="string_408" HPOS="739" VPOS="1448" WIDTH="31" HEIGHT="17" WC="0.93" CONTENT="att"/><SP WIDTH="15" VPOS="1448" HPOS="770"/>
							<String ID="string_409" HPOS="785" VPOS="1444" WIDTH="123" HEIGHT="25" WC="0.90" CONTENT="inskrifvas,"/>
						</TextLine>
						<TextLine ID="line_44" HPOS="83" VPOS="1472" WIDTH="828" HEIGHT="29">
							<String ID="string_410" HPOS="83" VPOS="1475" WIDTH="85" HEIGHT="22" WC="0.96" CONTENT="komme"/><SP WIDTH="15" VPOS="1475" HPOS="168"/>
							<String ID="string_411" HPOS="183" VPOS="1477" WIDTH="31" HEIGHT="19" WC="0.96" CONTENT="att"/><SP WIDTH="15" VPOS="1477" HPOS="214"/>
							<String ID="string_412" HPOS="229" VPOS="1477" WIDTH="107" HEIGHT="18" WC="0.92" CONTENT="motsvara"/><SP WIDTH="16" VPOS="1477" HPOS="336"/>
							<String ID="string_413" HPOS="352" VPOS="1473" WIDTH="126" HEIGHT="28" WC="0.91" CONTENT="aktielagen."/><SP WIDTH="24" VPOS="1473" HPOS="478"/>
							<String ID="string_414" HPOS="502" VPOS="1472" WIDTH="41" HEIGHT="28" WC="0.96" CONTENT="Jag"/><SP WIDTH="15" VPOS="1472" HPOS="543"/>
							<String ID="string_415" HPOS="558" VPOS="1472" WIDTH="97" HEIGHT="22" WC="0.96" CONTENT="förordar"/><SP WIDTH="15" VPOS="1472" HPOS="655"/>
							<String ID="string_416" HPOS="670" VPOS="1473" WIDTH="83" HEIGHT="21" WC="0.93" CONTENT="således"/><SP WIDTH="16" VPOS="1473" HPOS="753"/>
							<String ID="string_417" HPOS="769" VPOS="1473" WIDTH="142" HEIGHT="28" WC="0.90" CONTENT="uppställnin-"/>
						</TextLine>
						<TextLine ID="line_45" HPOS="83" VPOS="1501" WIDTH="386" HEIGHT="31">
							<String ID="string_418" HPOS="83" VPOS="1511" WIDTH="42" HEIGHT="21" WC="0.96" CONTENT="gen"/><SP WIDTH="17" VPOS="1511" HPOS="125"/>
							<String ID="string_419" HPOS="142" VPOS="1505" WIDTH="30" HEIGHT="20" WC="0.96" CONTENT="uti"/><SP WIDTH="16" VPOS="1505" HPOS="172"/>
							<String ID="string_420" HPOS="188" VPOS="1503" WIDTH="123" HEIGHT="22" WC="0.96" CONTENT="Utskottets"/><SP WIDTH="18" VPOS="1503" HPOS="311"/>
							<String ID="string_421" HPOS="329" VPOS="1501" WIDTH="140" HEIGHT="22" WC="0.96" CONTENT="betänkande."/>
						</TextLine>
					</TextBlock>
				</ComposedBlock>
			</PrintSpace>
		</Page>
	</Layout>
</alto>
