1081 1761
176 119 42 20 654
455 122 24 16 R.
491 126 19 12 o.
522 121 25 17 A.
558 120 59 18 1908.
639 120 25 17 12
675 120 51 17 Juli.

317 292 164 33 Torsdagen
500 292 54 25 den
573 291 31 26 12
623 290 63 27 Juli
705 291 39 26 kl.
762 292 15 25 7
795 299 23 18 e.
835 299 36 18 m.

247 367 143 22 Meddelades
406 369 30 18 att
451 365 67 22 sedan
534 365 180 28 nästföregående
729 366 84 27 plenum
825 365 42 22 den
881 366 135 29 förändring:

176 398 8 20 i
200 393 103 26 Ståndets
319 395 193 27 sammansättning
528 398 35 24 egt
578 401 52 18 rum,
648 397 32 18 att
696 394 101 27 polletter
812 394 109 22 återstälts
938 395 35 21 för

247 463 142 28 Friherrliga
403 465 60 19 ätten
479 463 41 21 N:o
536 464 32 20 57.
583 469 42 14 von
643 463 100 27 Alfthan,
760 463 23 20 af
798 463 100 22 Friherre
909 464 99 21 Kristian

178 494 56 21 Axel
249 500 44 15 von
309 492 102 27 Alfthan,
427 491 58 21 Med.
502 491 39 21 och
558 491 45 21 Kir.
620 491 94 26 Doktor;
727 492 41 21 och

247 522 34 21 för
304 520 82 28 Adliga
401 522 60 19 ätten
475 519 43 22 N:o
535 520 45 21 136.
600 519 149 28 Segercrantz,
765 520 23 21 af
803 520 68 21 fullm.
887 520 58 21 Herr
960 521 47 21 Elis

179 551 140 28 Furuhjelm,
336 548 262 26 Protokollssekreterare;
614 548 111 21 äfvensom

247 610 32 18 att
296 606 101 28 polletter
413 606 88 27 uttagits
518 605 34 21 för

495 674 80 26 Adliga
590 675 101 19 ätterna:

248 733 40 21 N:o
304 733 35 21 85.
369 731 133 26 Ehrnrooth,
518 731 23 20 at
564 730 56 21 Herr
643 730 45 21 Leo
711 730 106 22 Reinhold
834 731 135 28 Ehrnrooth,
987 732 20 22 J.

179 762 27 21 U.
222 762 97 25 Doktor;
336 760 41 21 och

248 789 43 22 N:o
308 789 48 21 146.
386 787 138 28 Furuhjelm,
540 787 22 21 af
578 787 57 21 Herr
650 787 46 21 Elis
712 787 140 28 Furuhjelm,
874 788 134 23 Protokolls-

179 819 139 21 sekreterare.

464 982 31 28 Ny
510 980 60 30 nädig
586 982 137 28 proposition.

249 1047 122 27 Behörigen
387 1049 121 25 emottagen
524 1045 40 22 och
579 1045 153 28 inbeledsagad
748 1046 98 21 inträdde
862 1046 105 22 Senatorn
979 1046 34 22 E.

179 1076 135 22 Paldani
337 1075 40 21 och
400 1074 160 22 öfverlemnade
582 1074 32 21 till
636 1074 91 21 Ständet
748 1074 77 28 nädiga
841 1076 165 27 propositionen

178 1105 44 21 N:o
238 1106 27 20 15
280 1112 35 14 om
331 1104 35 28 lag
381 1103 110 28 angående
506 1103 124 22 allmänna
646 1103 227 23 sammankomster.

248 1160 21 29 Ä
283 1168 27 21 R.
323 1174 19 13 o.
357 1167 38 20 A:s
412 1168 79 26 vägnar
513 1165 91 22 tackade
620 1165 57 21 Herr
692 1165 207 22 Landtmarskalken
915 1167 34 20 för
964 1166 44 22 den

180 1199 123 25 emottagna
319 1195 49 21 näd.
384 1202 65 21 prop.,
465 1202 45 13 som
527 1194 92 21 Ständet
636 1194 47 21 icke
699 1194 68 21 skulle
783 1194 111 22 underläta
909 1198 32 18 att
951 1203 57 20 egna

178 1224 178 29 grundlagsenlig
371 1223 143 28 behandling
503 1219 13 38 ;

249 1253 68 22 hvarä
331 1252 34 21 Hr
380 1252 105 21 Senatorn
502 1251 104 22 afträdde.

249 1317 32 21 Pä
297 1316 34 21 Hr
346 1315 219 22 Landtmarskalkens
589 1314 157 28 framställning
761 1315 70 21 beslöt
846 1315 91 22 Ständet
952 1315 55 22 härä

180 1349 32 18 att
235 1345 117 28 bordlägga
375 1343 141 22 förevarande
540 1343 48 21 näd.
610 1351 60 20 prop.
688 1343 32 21 till
736 1345 60 19 nästa
813 1344 91 27 plenum,
919 1352 46 13 som
985 1344 26 21 af

180 1373 246 23 Talmanskonferensen
443 1372 72 21 blifvit
531 1375 67 18 utsatt
612 1372 32 20 till
665 1373 1 19 i
684 1379 86 21 morgon
787 1373 26 20 kl.
825 1373 11 21 7
853 1380 17 13 e.
887 1381 26 13 m.
