1150 2339
361 524 88 21 Dagens
461 524 103 20 politiska
575 524 125 17 händelser.
907 516 46 23 159

116 591 56 22 dorff
194 594 45 18 tror
259 592 20 27 jag
317 591 27 21 mig
382 598 40 21 ega
444 592 43 20 rätt
504 591 33 21 till
552 598 26 14 en
610 598 89 21 gensaga,
713 590 72 22 såsom
799 591 42 21 den
856 591 39 21 der
909 599 40 14 var

118 619 139 27 närvarande,
287 619 13 22 då
315 620 6 20 i
366 619 62 28 Wiborg
437 619 96 22 beslutet
543 627 34 14 om
605 619 230 22 dumamedlemmarnas
846 620 103 21 manifest

115 649 34 22 till
171 648 65 28 ryska
258 647 69 22 folket
346 648 101 26 fattades,
469 648 41 21 och
533 655 45 14 som
601 648 67 21 äfven
684 647 57 22 hade
757 655 25 14 en
799 648 51 21 liten
866 648 35 21 del
917 649 31 21 uti

116 677 50 21 dess
181 676 106 21 tillkomst
301 677 123 28 derigenom
440 680 32 18 att
489 677 33 27 jag
537 684 38 13 var
585 676 236 22 dumamedlemmarna
832 676 117 29 behjelplig

116 707 8 20 i
146 705 62 21 deras
230 705 159 21 transaktioner
412 705 47 22 med
500 705 141 22 Guvernören
633 701 13 37 i
655 701 12 37 .
664 705 102 28 Wiborgs
783 705 40 21 län.
852 705 42 28 Jag
910 706 39 21 har

116 733 50 22 sjelf
188 733 49 21 hört
258 733 23 21 af
303 733 210 26 dumamedlemmar,
530 733 55 22 huru
600 733 28 22 de
643 733 99 22 uttalade
757 734 33 21 sin
806 735 92 27 sympati
914 734 36 21 för

139 763 118 21 uvernören
281 763 8 21 i
312 762 100 28 Wiborgs
433 763 35 21 län
491 762 148 28 Rechenberg,
661 769 49 15 som
733 762 120 29 uppträdde
874 762 27 29 på
917 765 32 19 ett

115 791 82 28 ganska
213 790 66 29 lugnt,
295 790 88 22 sansadt
398 791 40 21 och
453 791 99 21 taktfullt
567 792 43 20 sätt
625 791 41 21 den
681 790 166 29 ifrågavarande
862 791 87 22 histori-

116 820 39 21 ska
171 822 73 18 natten
264 820 6 20 i
290 819 96 28 Wiborg.
415 819 42 29 Jag
472 820 37 21 vill
525 820 48 21 icke
589 819 66 21 uttala
671 820 46 28 mig
732 827 57 13 mera
805 819 79 27 härom,
899 828 49 13 men

115 848 36 49 jae
173 855 64 14 anser
258 849 43 20 min
325 848 54 28 pligt
401 851 110 25 gentemot
533 856 26 13 en
576 848 133 22 embetsman
726 856 53 14 vara
793 851 33 18 att
840 848 107 29 uppträda

114 876 27 22 till
163 876 53 21 hans
232 876 91 26 försvar,
338 876 28 21 dä
381 876 76 22 endast
472 876 91 22 hatfulla
579 876 41 22 och
630 876 135 29 förvrängda
777 876 124 22 uttalanden
912 884 35 14 om

115 905 79 21 honom
209 904 66 22 hafva
290 904 73 22 blifvit
378 905 85 29 synliga
478 906 6 20 i
500 912 95 22 pressen.

185 990 157 22 Diskussionen
358 992 7 20 i
384 991 76 27 frågan
483 990 119 22 afslutades
617 991 94 27 härmed,
726 991 115 22 hvarefter
856 991 92 22 Ståndet

114 1019 29 50 F
158 1018 34 22 Hr
207 1019 220 22 Landtmarskalkens
442 1020 159 28 framställning
623 1020 69 21 beslöt
707 1022 32 19 att
754 1021 7 20 i
777 1020 82 28 dagens
875 1023 73 25 proto-

131 1048 28 21 oll
182 1048 69 21 skulle
274 1048 126 27 antecknas,
414 1051 32 19 att
461 1048 36 22 det
513 1048 22 21 af
551 1048 34 22 Hr
600 1048 56 22 Rein
671 1048 120 22 framförda
807 1048 42 22 och
864 1048 24 22 af
902 1050 46 20 sär-

114 1076 71 22 skilda
208 1076 67 22 andra
297 1076 214 22 ständsmedlemmar
533 1077 149 21 understödda
696 1077 123 22 uttalandet
833 1077 66 28 gifvit
913 1080 34 19 ut-

114 1104 63 30 tryck
192 1104 23 22 ät
230 1104 26 22 R.
271 1112 19 15 o.
305 1106 40 21 A:s
360 1105 107 29 enhälliga
483 1106 91 28 mening.

184 1265 91 22 Plenum
291 1266 119 21 afslutades
426 1266 28 21 kl.
470 1266 48 21 9.30
533 1266 28 29 pä
575 1266 95 21 aftonen.

742 1443 23 18 In
777 1443 66 19 fidem:

689 1478 51 21 Clas
754 1485 20 14 v.
791 1477 84 23 Collan.
