1084 1759
329 123 149 21 Laglighetens
490 122 160 18 återställande.
863 119 41 20 513

75 192 98 26 uttalats,
189 194 31 18 att
235 194 32 18 ett
282 190 136 28 åberopande
434 190 22 21 af
472 190 196 28 statshvälfningen
684 191 39 21 har
738 192 56 20 varit
809 195 31 17 ett
854 191 52 21 åbe-

75 220 99 28 ropande
197 219 23 21 af
243 218 101 28 politiska
367 219 52 21 skäl.
449 218 65 22 Detta
530 219 38 21 har
583 219 69 28 enligt
667 221 43 19 min
726 220 65 20 tanke
808 221 54 20 varit
878 227 26 14 en

77 248 123 27 fullkomlig
222 247 192 28 missuppfattning
434 248 22 20 af
471 247 164 28 Lagutskottets
653 248 141 21 betänkande.
826 248 79 28 Lagut-

74 277 86 21 skottet
182 276 39 21 har
235 276 44 28 just
302 279 71 17 ansett
396 276 36 20 det
447 284 51 13 vara
513 276 135 28 nödvändigt
663 279 31 18 att
710 276 75 22 utreda
801 276 26 22 de
842 278 64 20 rätts-

76 310 77 20 satser,
163 312 44 14 som
225 304 51 21 böra
291 304 40 21 och
348 304 67 21 måste
430 304 106 28 tillämpas
548 304 27 28 på
587 304 204 29 statshvälfningen,
802 305 41 21 och
854 305 51 21 böra

73 334 112 28 tillämpas
205 333 65 21 äfven
291 340 34 18 nu,
341 332 27 21 då
383 333 37 21 det
434 333 67 27 gäller
516 336 32 18 att
563 333 112 28 upphäfva
690 334 112 28 följderna,
818 334 20 20 d.
854 342 20 13 v.
889 341 16 14 s.

76 362 29 21 de
122 361 157 26 förhällanden,
294 368 46 14 som
356 363 56 19 ännu
427 361 87 29 gvarstä
528 361 47 21 frän
592 362 73 20 denna
680 362 38 21 tid.

148 419 33 21 Hr
202 418 182 28 Stjernvall
406 418 70 21 anhöll
492 421 31 18 att
538 418 23 21 fä
575 418 33 21 till
624 419 130 27 protokollet
770 418 136 27 antecknadt,

76 452 34 18 att
125 448 40 21 han
183 448 48 20 icke
247 447 84 21 komme
347 450 32 18 att
394 446 84 28 deltaga
494 448 5 20 i
516 448 161 27 omröstningen
694 449 30 19 uti
741 447 164 28 ifrägavarande

76 476 87 22 ärende.

148 533 156 21 Diskussionen
321 532 132 22 förklarades
469 532 87 21 härmed
572 532 102 26 afslutad,
686 532 82 29 hvarpä
781 532 33 22 Hr
824 532 82 22 Landt-

77 562 140 22 marskalken
233 562 33 21 till
282 561 103 21 Ständets
401 561 132 21 besvarande
549 561 126 21 framstälde
690 561 96 29 följande

251 624 487 28 Omröstningspropositioner:

152 678 21 26 1)
189 676 55 26 Den,
259 683 46 14 som
329 676 37 20 vill
381 676 32 20 till
436 676 211 27 kontraproposition
664 679 44 17 mot
723 676 73 21 vidare
813 674 94 23 behand-

78 706 47 27 ling
141 706 22 21 af
178 704 164 29 Lagutskottets
358 704 141 22 förevarande
516 704 136 21 betänkande
664 704 107 28 uppställa
781 704 35 21 Hr
826 704 81 22 Ceder-

76 734 73 22 holms
172 734 82 28 förslag
276 733 48 21 med
348 733 51 21 eller
420 736 50 18 utan
494 732 34 22 Hr
547 732 69 22 Adolf
632 732 106 22 Aminoffs
754 733 154 26 modifikation,

76 765 73 19 röstar
162 764 29 27 ja;

150 821 76 20 vinner
247 819 41 28 nej,
303 818 39 22 har
364 818 25 22 R.
405 826 19 14 o.
438 818 26 22 A.
480 818 87 22 beslutit
589 818 32 21 till
637 818 210 29 kontraproposition
864 823 44 17 mot

77 848 77 22 vidare
177 848 131 27 behandling
330 848 23 20 af
368 847 163 28 Lagutskottets
555 847 135 21 betänkande
714 848 62 20 ställa
791 848 34 21 Hr
840 848 68 22 Char-

77 877 98 29 pentiers
190 876 86 28 förslag.

152 934 45 22 Vid
217 934 73 21 härom
309 933 84 22 anstäld
409 934 69 20 sluten
496 934 97 27 votering
609 934 78 21 utföllo
702 936 98 20 rösterna
815 934 48 21 med
880 935 25 20 51

79 964 22 28 ja
117 963 40 22 och
173 964 27 20 63
215 963 40 28 nej.

152 1021 20 24 2)
187 1020 56 27 Den,
265 1026 45 14 som
332 1019 37 21 vill
385 1019 50 28 ingä
451 1020 6 20 i
472 1019 73 21 vidare
562 1019 130 29 behandling
707 1020 23 21 af
745 1019 163 29 Lagutskottets

79 1048 144 23 förevarande
239 1048 143 25 betänkande,
397 1049 68 20 röstar
480 1048 29 28 ja;

152 1107 75 20 vinner
249 1106 41 28 nej,
311 1105 40 21 har
365 1105 26 21 R.
406 1112 19 14 o.
440 1106 27 20 A.
482 1105 95 29 godkänt
599 1105 35 21 Hr
657 1105 153 29 Charpentiers
828 1106 81 20 resolu-

81 1135 146 28 tionsförslag.

153 1192 77 21 Denna
252 1191 133 29 proposition
408 1190 129 22 besvarades
560 1191 46 21 med
631 1191 163 28 öfvervägande
809 1192 45 28 nej;
869 1191 41 22 och

82 1220 57 22 hade
155 1220 26 22 R.
191 1228 19 14 o.
221 1220 28 21 A.
260 1219 96 27 sälunda,
371 1220 65 28 jemte
451 1220 110 21 uttalande
577 1220 22 20 af
615 1221 38 20 sitt
668 1220 124 21 förtroende
807 1221 35 20 för
857 1220 53 28 Kej-

81 1250 81 28 serliga
185 1248 93 22 Senaten
301 1248 42 21 och
358 1249 6 20 i
380 1248 41 22 den
445 1248 55 22 fasta
522 1248 111 29 tillförsigt
656 1252 32 18 att
703 1248 93 22 Senaten
812 1249 99 27 vidtager

82 1278 44 22 alla
149 1278 28 27 pä
199 1278 124 21 densamma
345 1278 156 20 ankommande
523 1277 100 28 åtgärder
645 1277 32 21 till
693 1277 137 28 aflägsnande
846 1277 23 21 af
884 1277 26 21 de

83 1306 51 22 med
157 1307 34 28 lag
207 1306 41 22 och
270 1306 85 20 landets
377 1307 43 20 rätt
442 1306 47 21 icke
505 1306 235 21 öfverensstämmande
756 1306 156 26 förhällanden,

82 1343 49 14 som
147 1337 56 19 ännu
219 1334 86 30 gvarstä
320 1334 49 21 från
385 1334 26 22 de
427 1334 130 28 föregående
573 1334 56 27 åren,
641 1334 89 22 beslutit
739 1338 32 18 att
781 1335 130 28 Lagutskot-

83 1367 44 19 tets
143 1363 164 29 ifrägavarande
324 1363 137 21 betänkande
476 1363 48 22 icke
540 1363 68 21 skulle
624 1363 33 21 till
673 1363 73 29 ätgärd
762 1363 118 22 föranleda.

154 1421 32 21 Pä
201 1421 91 27 begäran
308 1420 109 22 lemnades
434 1420 60 22 ordet
510 1420 22 22 ät

153 1479 59 21 Frih.
236 1486 55 13 von
315 1478 168 28 Knorring,
498 1485 45 14 som
566 1478 93 28 yttrade:
686 1478 43 28 Jag
745 1478 37 21 ber
797 1481 32 18 att
844 1478 21 21 få
880 1479 32 20 till

84 1508 132 28 protokollet
231 1506 137 26 antecknadt,
383 1510 31 18 att
429 1507 35 28 jag
480 1507 47 21 icke
543 1506 91 28 deltagit
653 1507 2 20 i
672 1508 184 27 omröstningarna
871 1507 41 21 och

844 1548 22 17 33
