1081 1748
182 90 42 20 582
461 94 24 16 R.
498 99 17 11 o.
529 95 24 16 A.
566 94 59 17 1908.
650 94 24 17 16
686 95 58 17 Juni.

182 170 36 15 om
233 163 37 22 det
286 162 119 26 uttalande,
420 169 44 14 som
480 162 33 21 Hr
529 162 98 28 Ramsay,
639 161 108 28 Wilhelm,
762 163 56 28 gjort
829 164 6 20 i
846 163 38 21 det
894 163 119 28 afseendet,

183 195 33 19 att
237 191 35 22 Hr
293 191 98 28 Ramsay
414 191 47 21 icke
477 191 50 21 ville
542 191 115 20 inskränka
673 190 94 22 handeln
783 191 30 21 till
831 192 77 21 endast
924 197 31 17 ett
970 193 41 21 län.

182 220 43 29 Jag
247 221 68 20 finner
339 219 38 21 det
392 219 65 22 ocksä
472 219 47 22 icke
537 219 132 28 konsegvent
684 223 32 17 att
731 221 65 26 vägra
811 220 201 28 gärdfarihandlare

184 251 42 19 rätt
241 252 32 18 att
289 248 53 21 idka
359 247 69 22 denna
443 248 81 27 näring,
540 247 28 21 dä
583 247 42 22 den
642 247 74 22 blifvit
731 248 113 28 lofgifven,
856 250 56 20 inom
924 249 50 22 flere
985 252 27 19 än

183 280 32 19 ett
230 277 45 27 län;
291 284 49 14 man
359 276 94 21 kommer
467 276 123 28 härigenom
615 276 161 28 otvifvelaktigt
792 277 87 26 derhän,
894 281 32 18 att
942 279 70 20 denna

182 306 78 21 handel
276 305 113 22 bedrifves
405 305 46 20 dels
466 312 45 13 som
528 305 57 27 loflig
600 305 81 28 näring,
697 305 46 21 dels
759 313 44 13 som
821 306 48 21 icke
885 306 64 28 loflig.
979 307 33 21 Hr

183 335 95 28 Ramsay
300 334 40 21 har
363 333 102 28 åberopat
488 333 44 26 fall,
547 333 38 21 der
600 333 37 21 det
652 336 60 18 snart
726 334 64 27 sagdt
805 336 23 19 är
844 335 120 26 otänkbart,
980 339 32 18 att

182 370 28 14 en
225 362 220 29 gärdfarihandlande
461 362 68 21 skulle
544 362 71 21 kunna
632 361 95 22 undvika
744 363 51 20 eller
810 363 51 28 vilja
873 363 97 22 undvika
980 367 32 18 att

183 391 79 22 handla
278 392 58 20 inom
355 398 43 13 mer
413 392 25 19 än
455 393 30 18 ett
501 390 41 26 län,
553 390 106 28 nämligen
675 391 6 20 i
696 391 180 27 gränstrakterna.
901 391 43 22 Det
955 392 56 21 före-

183 420 62 21 faller
267 420 45 27 mig
335 426 46 14 som
405 427 32 13 om
460 419 59 21 detta
539 418 118 29 stadgande
674 419 47 21 icke
737 419 67 22 heller
820 427 51 14 vore
886 420 25 21 sä
926 420 86 22 absolut

182 448 113 29 päkalladt
310 448 35 21 för
361 447 167 28 möjliggörande
545 447 22 21 af
583 447 98 21 kontroll.
706 447 42 28 Jag
764 452 93 25 antager,
873 452 31 17 att
920 456 25 14 en
958 449 52 22 kon-

182 477 50 21 troll
256 477 73 21 kunde
353 475 29 22 bli
405 476 42 21 lika
463 475 94 26 effektiv,
573 475 75 22 sävida
665 475 36 22 det
717 476 127 22 bestämmes
859 481 31 17 att
905 477 107 28 gärdfari-

182 505 79 22 handel
277 505 23 21 af
316 513 27 13 en
376 512 60 13 person
453 505 48 20 icke
516 504 34 21 fär
565 504 61 21 idkas
642 505 55 20 inom
714 507 32 18 ett
761 505 41 26 län,
825 506 63 21 innan
905 506 42 21 han
963 506 48 21 der-

183 534 72 21 städes
271 534 116 21 förskaffat
402 534 33 27 sig
450 533 147 28 förpassning;
613 532 20 22 d.
649 541 19 12 v.
684 541 16 13 s.
716 541 34 13 om
766 533 40 22 han
819 534 37 21 vill
868 534 50 21 idka
932 535 78 21 handel

182 564 57 19 inom
255 563 51 20 flere
323 562 42 24 län,
381 561 38 22 bör
434 561 40 22 han
491 561 101 22 förskaffa
608 562 33 27 sig
657 562 137 28 förpassning
817 563 57 20 inom
891 563 63 22 dessa
970 563 40 22 län.

182 591 73 28 Nägra
277 590 136 27 svärigheter
435 590 60 21 torde
516 590 75 21 dervid
607 591 48 20 icke
672 590 73 26 vällas,
761 598 46 14 men
824 591 7 21 i
847 592 45 21 viss
908 591 48 22 män
973 592 37 28 pä-

183 620 68 21 kallar
265 619 37 22 det
319 619 126 27 förändring
460 619 23 20 af
498 619 128 20 åtminstone
643 620 12 19 2
672 626 60 13 mom.
754 620 22 21 10
787 621 18 26 8,
816 619 90 22 hvarför
914 621 35 27 jag
960 621 50 20 ville

183 648 112 21 hemställa
319 655 34 14 om
377 651 32 17 att
430 647 139 28 lagförslaget
591 647 69 21 skulle
675 647 31 21 till
722 647 216 22 Ekonomiutskottet
954 649 57 21 äter-

182 679 126 23 remitteras,
324 683 35 14 om
375 675 40 22 den
432 676 131 27 förändring,
579 683 45 14 som
641 675 33 22 Hr
689 676 93 29 Ramsay
797 677 104 26 förordat,
912 677 40 22 och
964 685 46 14 som

182 706 36 28 jag
233 705 87 22 härmed
339 705 37 20 ber
391 704 22 21 få
428 705 136 25 understöda,
580 705 75 20 vinner
674 704 164 28 godkännande.
868 706 76 21 Också
959 706 51 21 ville

184 735 34 27 jag
241 733 132 22 understöda
395 733 36 21 det
454 733 23 21 af
496 733 33 21 Hr
544 733 84 21 Schildt
643 733 77 21 väckta
737 733 110 28 förslaget,
862 737 32 18 utt
909 735 37 20 det
962 735 48 21 icke

182 742 67 42 förde
266 763 50 27 ingå
333 761 118 28 stadgande
467 769 34 14 om
517 764 32 18 att
563 761 139 28 förpassning
718 762 40 21 och
774 762 167 22 sundhetsbevis
958 763 52 22 böra

183 791 35 22 för
233 790 162 23 vederbörande
412 790 203 28 polismyndigheter
630 791 57 20 inom
698 798 55 21 resp.
766 791 125 21 kommuner
901 793 109 27 uppvisas,

183 821 65 20 innan
265 819 127 28 försäljning
408 819 33 21 får
457 827 38 20 ega
511 827 51 12 rum.
589 819 42 27 Jag
646 819 85 20 förenar
746 821 43 26 mig
799 827 34 13 om
846 819 37 22 det
893 820 117 27 uttalande,

184 856 45 14 som
245 849 74 20 härom
335 848 74 28 gjorts,
423 847 40 22 och
479 847 141 21 understöder
635 847 104 28 förslaget
755 855 33 14 om
807 848 122 22 återremiss
944 849 65 21 äfven

183 878 6 20 i
206 878 70 21 denna
299 877 42 21 del.
371 876 102 22 Deremot
489 877 36 20 ber
543 877 35 27 jag
595 876 22 20 få
633 878 100 19 motsätta
749 878 42 26 mig
806 877 34 21 Hr
856 878 104 28 Ramsays
975 886 36 19 yr-

184 906 70 21 kande
270 906 74 21 derom
361 908 30 18 att
407 906 51 20 sista
474 906 111 26 meningen
602 906 5 19 i
625 906 11 19 1
654 912 61 14 mom.
733 906 64 20 borde
813 906 57 27 utgå.

253 934 34 22 Hr
314 934 125 21 Grotenfelt
467 934 39 20 har
533 933 64 21 redan
626 933 116 22 framhållit
765 942 26 12 en
817 934 34 21 del
875 934 133 28 omständig-

184 964 66 25 heter,
273 970 46 14 som
343 962 66 28 enligt
433 963 47 20 mitt
503 962 139 21 förmenande
667 962 34 20 väl
724 962 42 21 tala
789 962 39 26 för,
844 966 31 18 att
891 971 48 13 man
955 964 54 20 skall

185 992 73 21 fordra
281 1000 26 12 en
331 991 67 21 sådan
422 991 97 28 omgång,
541 994 31 18 att
588 990 37 21 det
641 990 40 21 blir
695 991 83 28 möjligt
793 991 33 21 för
842 992 168 26 vederbörande,

184 1021 73 21 hvilka
281 1028 39 21 ega
344 1020 128 21 kontrollera
490 1019 196 28 gårdfarihandeln,
701 1024 31 16 att
748 1020 80 26 fastslå,
844 1020 107 21 huruvida
966 1020 45 22 för-

185 1050 102 28 passning
310 1048 89 22 innehas
422 1048 23 21 af
467 1048 48 25 den,
539 1048 34 20 för
587 1048 88 20 hvilken
692 1048 40 21 den
748 1050 24 19 är
786 1049 108 21 utfärdad.
924 1050 86 20 Annars

185 1079 95 20 kommer
295 1078 38 20 det
349 1081 31 17 att
395 1078 27 26 gå
438 1077 87 25 derhän,
541 1080 30 18 att
587 1084 26 13 en
630 1084 76 20 person
723 1080 84 24 uttager
822 1077 34 21 för
871 1078 33 27 sig
916 1078 95 28 förpass-

184 1108 51 26 ning
251 1106 40 22 och
307 1106 110 22 använder
432 1106 47 20 sina
494 1105 92 28 drängar
601 1109 32 17 att
648 1106 6 20 i
670 1109 33 17 tur
718 1106 41 21 och
770 1106 75 21 ordning
872 1106 46 21 med
930 1114 80 13 samma

184 1136 139 28 förpassning
348 1134 63 28 bjuda
434 1138 23 17 ut
481 1135 46 20 sina
551 1142 68 13 varor.
650 1133 44 21 Det
713 1136 23 19 är
757 1135 21 27 ju
801 1135 56 20 ändå
876 1136 48 20 icke
940 1142 26 14 en
982 1135 28 21 fri

185 1165 82 26 näring,
281 1172 46 13 som
344 1171 47 13 man
408 1163 37 21 här
461 1163 57 21 afser
534 1166 31 18 att
581 1162 152 27 åstadkomma,
749 1163 40 21 och
805 1163 73 21 derför
890 1164 61 21 torde
968 1171 42 21 nog

185 1197 32 17 ett
236 1193 77 21 sådant
336 1192 197 28 reglementerande
549 1199 51 13 vara
616 1191 27 28 på
659 1192 31 20 sin
707 1192 61 27 plats.
797 1192 81 21 Likaså
893 1200 64 20 synes
974 1192 37 21 det

185 1222 43 27 mig
243 1222 50 21 fullt
309 1221 108 27 naturligt,
432 1223 32 19 att
479 1220 38 21 der
532 1220 218 28 gårdfarihandlande
764 1221 57 27 gjort
836 1222 33 26 sig
883 1221 85 28 skyldig
979 1221 32 21 till

185 1250 156 21 öfverträdelse
358 1249 23 21 af
396 1249 70 21 denna
481 1249 127 27 förordning
623 1249 52 20 eller
691 1249 76 21 allmän
784 1249 40 28 lag,
841 1250 51 21 eller
907 1250 28 21 då
951 1250 60 21 kom-

186 1278 164 22 munalnämden
367 1278 27 28 på
409 1278 73 28 giltiga
499 1278 46 21 skäl
561 1277 72 21 derom
653 1277 93 26 anhällit,
764 1280 107 25 guvernör
892 1279 40 20 kan
955 1279 56 20 äter-

186 1308 56 21 kalla
258 1307 103 28 rättighet
376 1310 31 17 att
423 1307 50 20 idka
488 1306 181 28 gårdfarihandel,
684 1313 44 14 som
745 1307 22 20 af
778 1307 77 21 honom
866 1307 90 28 tidigare
968 1307 44 21 för-

186 1337 75 20 länats.
291 1335 36 22 Då
349 1335 70 22 denna
441 1336 74 27 näring
538 1335 47 21 icke
609 1337 23 18 är
655 1335 32 26 fri,
710 1338 50 18 utan
780 1335 76 22 endast
871 1336 57 27 loflig
944 1336 69 21 under

185 1364 139 29 iakttagande
340 1364 23 21 af
379 1365 57 20 vissa
452 1365 96 20 närmare
564 1363 135 21 föreskrifter
718 1364 40 21 och
780 1364 26 28 på
822 1364 66 28 enligt
905 1365 47 21 mitt
968 1365 44 20 för-

186 1394 105 21 menande
315 1393 35 20 väl
372 1392 111 28 grundade
505 1392 76 27 vilkor,
596 1392 25 21 så
637 1392 109 21 förefaller
760 1392 36 21 det
812 1393 55 21 både
883 1393 73 21 derför
971 1393 41 22 och

186 1423 49 20 med
258 1421 103 22 afseende
377 1422 13 20 å
405 1424 31 18 att
459 1421 63 21 dessa
545 1421 217 27 gårdfarihandlande
786 1423 36 20 äro
842 1425 77 24 ytterst
934 1422 78 27 rörliga

187 1459 108 21 personer,
318 1450 73 21 hvilka
415 1450 114 28 knappast,
551 1449 45 22 ifall
617 1449 26 21 de
659 1450 55 27 gjort
729 1451 33 26 sig
778 1450 98 28 skyldiga
892 1451 31 20 till
940 1451 72 20 öfver-

188 1479 93 22 trädelse
297 1479 23 21 af
336 1478 69 22 denna
421 1478 126 28 förordning
562 1478 53 21 eller
630 1478 76 21 allmän
723 1479 40 27 lag,
778 1479 69 21 skulle
857 1479 113 21 underlåta
981 1482 32 18 att
