1081 1761
191 132 41 21 612
464 136 24 16 R.
501 140 18 12 o.
532 136 25 16 A.
570 135 61 17 1908.
648 135 27 17 26
687 136 57 16 Juni.

191 213 46 13 som
253 205 69 21 under
338 204 27 20 de
381 207 85 17 senaste
482 203 51 21 ären
549 203 143 21 förekommit.
716 202 105 29 Exempla
832 206 50 18 sunt
894 203 82 21 odiosa.
996 216 27 3 —

191 234 73 28 Nägot
279 232 97 29 yrkande
393 232 37 21 har
445 232 35 28 jag
495 232 49 21 icke
559 234 32 18 att
605 233 58 26 göra.

260 290 34 21 Hr
317 290 118 20 Fraser:
459 288 42 27 Jag
525 288 71 21 kunde
618 288 5 19 i
641 288 57 20 vissa
720 288 136 21 hänseenden
880 288 74 21 förena
979 289 43 26 mig

192 319 48 21 med
263 319 42 20 den
327 317 130 27 föregäende
473 316 65 21 ärade
553 316 87 25 talaren,
656 323 47 14 men
720 316 47 21 icke
784 316 61 21 desto
862 317 82 20 mindre
960 324 62 13 anser

192 349 41 27 jag,
257 350 32 18 att
308 346 38 21 det
362 346 54 25 värf,
431 353 46 13 som
494 345 66 26 enligt
575 344 26 21 R.
616 344 28 21 O.
659 344 71 28 älegat
745 344 231 22 Riddarhusutskottet
991 348 31 18 att

192 376 104 29 uppfylla,
313 378 32 18 att
368 374 106 27 nämligen
492 373 32 21 till
541 373 92 21 Ständet
649 373 107 20 inkomma
772 373 49 21 med
838 377 32 17 ett
886 373 136 22 betänkande

192 413 34 12 om
241 404 128 27 förändring
385 404 6 19 i
407 403 26 21 R.
449 402 34 25 O.,
498 402 39 21 har
551 401 24 22 af
589 401 119 21 detsamma
729 401 96 29 uppfylts
849 401 27 28 pä
892 405 31 18 ett
939 402 82 21 beröm-

191 433 63 21 värdt
270 434 49 19 sätt.
349 431 41 28 Jag
405 431 79 21 önskar
499 437 109 21 opponera
624 430 43 27 mig
683 429 76 22 endast
774 433 44 18 mot
833 430 27 21 de
876 431 45 26 ord,
937 438 45 13 som
999 431 23 20 af

192 462 34 21 Hr
233 461 122 22 Schauman
372 459 101 29 yttrades,
490 462 31 17 att
532 459 40 20 den
585 459 123 25 entusiasm,
720 466 45 13 som
777 459 108 28 besjälade
897 459 51 21 vära
960 459 62 21 fäder

193 490 35 21 vid
252 489 115 22 1863—64
388 489 34 20 års
446 487 109 28 landtdag,
579 487 48 21 icke
651 494 57 13 mera
724 487 68 21 skulle
808 489 76 26 utgöra
900 495 26 14 en
942 489 79 20 utmär-

191 519 70 21 kande
285 517 110 28 egenskap
415 517 34 20 för
469 516 38 21 vär
522 515 38 22 tid.
589 515 42 28 Jag
647 519 44 17 tror
706 519 31 17 att
752 515 37 22 det
804 517 24 20 är
843 519 31 18 ett
890 516 130 21 enastäende

192 547 97 28 exempel
306 547 5 20 i
328 546 111 23 historien,
453 548 31 17 att
500 547 31 18 ett
546 543 61 22 ständ
624 543 48 22 med
690 544 126 28 privilegier,
831 552 45 13 som
890 545 66 20 hafva
968 552 53 14 anor

192 577 5 19 i
213 576 51 20 flere
280 574 83 22 hundra
379 574 29 25 är,
423 573 24 21 sä
462 577 50 17 utan
529 580 25 13 en
571 572 54 21 enda
641 575 83 25 protest
738 573 48 20 från
802 581 26 12 en
844 573 56 21 enda
915 573 23 21 af
957 573 63 21 Stän-

192 604 47 21 dets
262 603 145 25 medlemmar,
429 605 51 17 utan
504 601 118 27 ersättning
643 600 64 21 offrar
724 601 61 21 dessa
802 601 123 28 privilegier
940 601 28 28 pä
984 602 36 20 det

192 633 117 21 allmännas
325 632 73 20 altare.
427 630 42 27 Jag
484 637 63 14 anser
563 637 25 13 en
605 629 60 28 dylik
681 629 135 28 beskyllning
832 637 44 13 som
893 630 34 20 Hr
938 629 81 22 Schau-

192 669 59 13 mans
267 668 52 13 vara
334 660 132 26 fullkomligt
481 657 134 29 oberättigad
631 658 41 20 och
688 658 37 20 vill
741 661 57 18 emot
813 658 124 21 densamma
953 666 66 20 oppo-

191 697 50 14 nera
258 690 43 26 mig
317 688 28 29 pä
360 688 37 21 det
414 687 149 21 bestämdaste.

260 746 34 22 Hr
309 746 53 21 Rolf
377 744 162 22 Thesleff:
563 744 12 20 I
597 744 38 20 det
651 744 36 27 jag
702 745 6 19 i
739 744 69 27 princip
823 744 87 21 förenar
926 745 42 27 mig
984 752 33 13 om

192 776 36 21 det
243 774 108 29 yttrande,
366 781 45 14 som
428 773 101 28 afgifvits
544 772 23 21 af
583 772 34 21 Hr
633 771 73 29 Georg
730 772 118 24 Schauman,
864 773 38 20 ber
916 773 35 28 jag
962 773 55 21 dock

191 807 31 18 att
237 804 23 21 få
275 803 50 21 med
341 803 65 27 några
421 802 38 21 ord
471 802 75 20 beröra
558 800 239 22 Riddarhusutskottets
809 801 141 21 betänkande.
973 801 43 21 Vid

191 831 176 29 genomläsandet
383 831 22 20 af
427 831 58 20 detta
509 829 229 22 utskottsbetänkande
754 829 66 21 finner
836 837 55 18 man,
906 833 32 18 att
954 831 6 20 i
976 830 41 21 den

192 859 12 23 6
220 861 59 21 sidor
301 859 133 22 omfattande
457 859 155 26 motiveringen
629 857 32 22 till
676 858 102 27 förslaget
798 858 32 21 till
847 866 27 19 ny
895 859 123 20 riddarhus-

192 890 91 26 ordning
298 888 49 22 icke
363 888 82 20 mindre
460 888 27 20 än
503 886 48 28 fyra
567 886 105 21 särskilda
694 886 80 28 gänger
795 886 101 21 hänvisas
912 887 32 20 till
964 886 54 22 Sve-

192 919 55 27 riges
265 916 217 27 Riddarhusordning
498 916 22 20 af
535 915 41 21 den
593 916 26 20 22
635 914 51 22 Juni
704 915 65 26 1866;
784 915 41 21 och
841 922 48 14 man
906 916 112 27 misstager

192 948 32 26 sig
234 946 92 28 troligen
338 945 53 26 icke,
407 952 34 14 om
464 952 48 13 man
529 944 5 20 i
550 943 104 27 förslaget
669 950 33 14 ser
725 951 25 13 en
774 944 206 28 sammanjemkning
995 944 24 21 af

192 976 37 20 vär
245 982 28 14 nu
289 974 95 21 rädande
400 973 25 21 R.
441 973 28 21 O.
485 972 40 22 och
541 972 42 20 den
599 972 99 21 svenska.
727 972 65 21 Detta
808 972 106 21 förklarar
933 972 38 21 det
986 980 32 13 re-

192 1004 70 25 sultat,
277 1003 33 21 till
326 1002 83 22 hvilket
423 1000 232 23 Riddarhusutskottet
671 1000 93 22 kommit.

248 1032 44 21 För
315 1034 31 18 att
368 1030 101 26 förvalta,
493 1030 51 20 eller
559 1031 80 19 rättare
654 1029 34 21 för
703 1032 31 18 att
749 1029 92 27 granska
857 1029 159 28 förvaltningen

193 1061 22 21 af
230 1061 41 21 och
286 1060 90 21 tillsätta
392 1063 31 17 ett
438 1058 136 22 förvaltande
590 1058 83 20 utskott
689 1058 33 20 för
737 1061 31 17 ett
782 1058 81 28 kapital
880 1058 26 27 pä
922 1058 46 21 icke
980 1065 37 14 ens

191 1098 26 13 en
240 1090 73 27 miljon
338 1088 58 21 mark
412 1091 56 18 samt
487 1086 253 28 riddarhusfastigheten,
756 1086 90 22 föreslär
863 1086 112 22 Utskottet
990 1094 26 14 en

193 1122 96 24 apparat,
304 1125 46 13 som
365 1117 48 21 icke
429 1116 45 21 stär
488 1117 7 20 i
511 1115 66 28 nägot
599 1115 80 27 rimligt
696 1115 133 21 förhällande
845 1116 31 20 till
892 1116 125 28 uppgiftens

191 1148 60 27 ringa
268 1146 117 28 betydelse.
414 1145 44 21 För
473 1145 66 21 ofvan
557 1144 77 28 antydt
649 1144 97 20 ändamäl
762 1144 68 21 skulle
846 1144 105 21 Finlands
962 1144 26 21 R.
999 1152 18 13 o.

192 1178 26 19 A.
240 1175 63 21 hvart
326 1174 68 28 tredje
418 1174 24 20 är
463 1172 159 22 sammanträda
644 1172 32 21 till
694 1172 86 28 lagtima
796 1172 124 26 adelsmöte,
935 1172 82 21 hvilket

192 1204 71 21 kunde
279 1203 72 27 fortgå
367 1203 6 20 i
389 1203 48 27 fyra
453 1202 81 21 veckor
557 1201 52 21 eller
632 1201 98 28 möjligen
746 1203 56 19 ännu
818 1201 80 28 längre.
928 1201 43 21 För
986 1204 32 18 att

190 1233 60 28 gifva
273 1232 49 21 stöd
345 1231 22 22 ät
389 1231 60 21 detta
472 1230 83 27 förslag
577 1231 62 26 säger
662 1229 112 22 Utskottet
789 1230 13 21 å
817 1230 39 21 sid.
872 1231 22 20 2:
922 1230 45 21 »En
984 1229 32 21 sä-

191 1262 42 21 dan
256 1260 121 27 anordning
399 1259 97 22 infördes
513 1260 6 19 i
535 1257 104 22 afseende
660 1259 13 20 &
692 1257 100 28 Sveriges
815 1258 138 29 Ridderskap
976 1259 41 20 och

193 1290 53 21 Adel
259 1297 78 20 genom
348 1287 245 28 Riddarhusordningen
610 1287 23 20 af
648 1287 40 20 den
704 1287 27 21 22
746 1287 51 21 Juni
810 1288 61 25 1866,
882 1287 66 21 sedan
959 1287 58 28 fyra-

192 1318 272 28 ständsrepresentationen
482 1316 55 21 hade
553 1315 112 22 afskaffats
682 1317 6 19 i
703 1316 66 26 sagda
784 1315 58 24 land,
852 1315 41 22 och
904 1319 31 18 att
948 1316 68 20 denna

192 1347 120 27 anordning
336 1346 109 21 befunnits
468 1344 176 27 ändamälsenlig,
666 1345 109 28 bestyrkes
791 1345 23 20 af
829 1344 41 21 den
887 1345 130 27 omständig-

191 1377 70 25 heten,
276 1380 32 17 att
323 1375 42 21 den
381 1373 133 22 fortfarande
530 1375 24 19 är
569 1374 6 19 i
591 1373 155 28 tillämpning».
768 1373 52 21 Man
836 1373 55 21 hade
907 1373 47 21 icke
966 1375 51 19 vän-

191 1409 32 17 tat
237 1408 32 17 att
285 1405 5 20 i
308 1407 31 18 ett
355 1402 142 25 betänkande,
513 1401 92 28 afgifvet
623 1402 22 20 af
661 1405 30 17 ett
710 1402 83 21 utskott
809 1402 31 21 till
856 1403 76 20 urtima
948 1401 69 21 landt-

191 1433 68 28 dagen
283 1432 24 21 år
331 1432 148 24 1905—1906,
501 1430 57 21 finna
580 1438 26 13 en
631 1430 65 21 sådan
712 1431 92 27 mening,
819 1434 23 24 ty
858 1430 122 21 införandet
994 1430 23 20 af

192 1462 117 27 nägonting
331 1464 47 25 nytt
401 1460 41 21 kan
466 1459 49 21 icke
537 1458 106 21 likställas
667 1459 46 20 med
736 1458 162 21 bibehällandet
913 1459 23 20 af
951 1458 65 27 nägot

191 1490 106 28 gammalt,
319 1489 41 21 och
383 1489 36 20 det
442 1488 115 27 föreligger
580 1487 56 21 dock
659 1495 24 13 en
704 1487 105 28 väsentlig
825 1487 85 21 skilnad
926 1487 90 21 emellan

191 1518 163 22 förhållandena
370 1518 7 20 i
392 1517 90 27 Sverige
505 1516 24 21 är
553 1517 54 20 1866
630 1515 40 22 och
685 1516 26 21 de
727 1517 6 20 i
749 1515 91 22 Finland
856 1515 24 22 är
896 1517 60 20 1906.
986 1516 32 21 Ar
