<?xml version="1.0" encoding="UTF-8"?>
<alto xmlns="http://www.loc.gov/standards/alto/ns-v3#" xmlns:xlink="http://www.w3.org/1999/xlink" xmlns:xsi="http://www.w3.org/2001/XMLSchema-instance" xsi:schemaLocation="http://www.loc.gov/standards/alto/ns-v3# http://www.loc.gov/alto/v3/alto-3-0.xsd">
	<Description>
		<MeasurementUnit>pixel</MeasurementUnit>
		<sourceImageInformation>
			<fileName>/tmp/tess_889y1u3d_input.PNG</fileName>
		</sourceImageInformation>
		<OCRProcessing ID="OCR_0">
			<ocrProcessingStep>
				<processingSoftware>
					<softwareName>tesseract 5.3.4</softwareName>
				</processingSoftware>
			</ocrProcessingStep>
		</OCRProcessing>
	</Description>
	<Layout>
		<Page WIDTH="1081" HEIGHT="1759" PHYSICAL_IMG_NR="0" ID="page_0">
			<PrintSpace HPOS="0" VPOS="0" WIDTH="1081" HEIGHT="1759">
				<ComposedBlock ID="cblock_0" HPOS="354" VPOS="112" WIDTH="554" HEIGHT="25">
					<TextBlock ID="block_0" HPOS="354" VPOS="112" WIDTH="554" HEIGHT="25">
						<TextLine ID="line_0" HPOS="354" VPOS="112" WIDTH="554" HEIGHT="25">
							<String ID="string_0" HPOS="354" VPOS="117" WIDTH="36" HEIGHT="20" WC="0.93" CONTENT="Ny"/><SP WIDTH="12" VPOS="117" HPOS="390"/>
							<String ID="string_1" HPOS="402" VPOS="116" WIDTH="217" HEIGHT="20" WC="0.90" CONTENT="Riddarhusordning."/><SP WIDTH="248" VPOS="116" HPOS="619"/>
							<String ID="string_2" HPOS="867" VPOS="112" WIDTH="41" HEIGHT="20" WC="0.95" CONTENT="525"/>
						</TextLine>
					</TextBlock>
				</ComposedBlock>
				<GraphicalElement ID="cblock_1" HPOS="77" VPOS="142" WIDTH="831" HEIGHT="8"></GraphicalElement >
				<ComposedBlock ID="cblock_2" HPOS="75" VPOS="184" WIDTH="837" HEIGHT="1316">
					<TextBlock ID="block_1" HPOS="78" VPOS="184" WIDTH="830" HEIGHT="57">
						<TextLine ID="line_1" HPOS="148" VPOS="184" WIDTH="760" HEIGHT="27">
							<String ID="string_3" HPOS="148" VPOS="186" WIDTH="10" HEIGHT="20" WC="0.91" CONTENT="I"/><SP WIDTH="23" VPOS="186" HPOS="158"/>
							<String ID="string_4" HPOS="181" VPOS="184" WIDTH="205" HEIGHT="22" WC="0.91" CONTENT="riddarhuskansliet"/><SP WIDTH="21" VPOS="184" HPOS="386"/>
							<String ID="string_5" HPOS="407" VPOS="184" WIDTH="54" HEIGHT="21" WC="0.96" CONTENT="skall"/><SP WIDTH="20" VPOS="184" HPOS="461"/>
							<String ID="string_6" HPOS="481" VPOS="184" WIDTH="59" HEIGHT="21" WC="0.96" CONTENT="alltid"/><SP WIDTH="15" VPOS="184" HPOS="540"/>
							<String ID="string_7" HPOS="555" VPOS="184" WIDTH="69" HEIGHT="21" WC="0.95" CONTENT="finnas"/><SP WIDTH="16" VPOS="184" HPOS="624"/>
							<String ID="string_8" HPOS="640" VPOS="184" WIDTH="121" HEIGHT="27" WC="0.95" CONTENT="tillgänglig"/><SP WIDTH="14" VPOS="184" HPOS="761"/>
							<String ID="string_9" HPOS="775" VPOS="191" WIDTH="26" HEIGHT="15" WC="0.93" CONTENT="en"/><SP WIDTH="16" VPOS="191" HPOS="801"/>
							<String ID="string_10" HPOS="817" VPOS="184" WIDTH="91" HEIGHT="22" WC="0.92" CONTENT="förteck-"/>
						</TextLine>
						<TextLine ID="line_2" HPOS="78" VPOS="212" WIDTH="760" HEIGHT="29">
							<String ID="string_11" HPOS="78" VPOS="215" WIDTH="54" HEIGHT="26" WC="0.96" CONTENT="ning"/><SP WIDTH="12" VPOS="215" HPOS="132"/>
							<String ID="string_12" HPOS="144" VPOS="214" WIDTH="58" HEIGHT="21" WC="0.92" CONTENT="öfver"/><SP WIDTH="16" VPOS="214" HPOS="202"/>
							<String ID="string_13" HPOS="218" VPOS="213" WIDTH="119" HEIGHT="26" WC="0.92" CONTENT="bordlagda"/><SP WIDTH="14" VPOS="213" HPOS="337"/>
							<String ID="string_14" HPOS="351" VPOS="213" WIDTH="93" HEIGHT="21" WC="0.96" CONTENT="ärenden"/><SP WIDTH="16" VPOS="213" HPOS="444"/>
							<String ID="string_15" HPOS="460" VPOS="212" WIDTH="39" HEIGHT="22" WC="0.92" CONTENT="och"/><SP WIDTH="16" VPOS="212" HPOS="499"/>
							<String ID="string_16" HPOS="515" VPOS="212" WIDTH="68" HEIGHT="21" WC="0.92" CONTENT="dertill"/><SP WIDTH="16" VPOS="212" HPOS="583"/>
							<String ID="string_17" HPOS="599" VPOS="212" WIDTH="97" HEIGHT="22" WC="0.96" CONTENT="hörande"/><SP WIDTH="10" VPOS="212" HPOS="696"/>
							<String ID="string_18" HPOS="706" VPOS="213" WIDTH="132" HEIGHT="27" WC="0.96" CONTENT="handlingar."/>
						</TextLine>
					</TextBlock>
					<TextBlock ID="block_2" HPOS="75" VPOS="240" WIDTH="835" HEIGHT="201">
						<TextLine ID="line_3" HPOS="150" VPOS="240" WIDTH="759" HEIGHT="29">
							<String ID="string_19" HPOS="150" VPOS="243" WIDTH="11" HEIGHT="26" WC="0.91" CONTENT="$"/><SP WIDTH="16" VPOS="243" HPOS="161"/>
							<String ID="string_20" HPOS="177" VPOS="242" WIDTH="37" HEIGHT="22" WC="0.94" CONTENT="34."/><SP WIDTH="30" VPOS="242" HPOS="214"/>
							<String ID="string_21" HPOS="244" VPOS="242" WIDTH="35" HEIGHT="20" WC="0.96" CONTENT="Då"/><SP WIDTH="23" VPOS="242" HPOS="279"/>
							<String ID="string_22" HPOS="302" VPOS="241" WIDTH="35" HEIGHT="21" WC="0.95" CONTENT="vid"/><SP WIDTH="21" VPOS="241" HPOS="337"/>
							<String ID="string_23" HPOS="358" VPOS="241" WIDTH="153" HEIGHT="27" WC="0.95" CONTENT="föredragning"/><SP WIDTH="21" VPOS="241" HPOS="511"/>
							<String ID="string_24" HPOS="532" VPOS="240" WIDTH="23" HEIGHT="22" WC="0.93" CONTENT="af"/><SP WIDTH="20" VPOS="240" HPOS="555"/>
							<String ID="string_25" HPOS="575" VPOS="241" WIDTH="232" HEIGHT="21" WC="0.91" CONTENT="utskottsbetänkande"/><SP WIDTH="22" VPOS="241" HPOS="807"/>
							<String ID="string_26" HPOS="829" VPOS="242" WIDTH="80" HEIGHT="21" WC="0.96" CONTENT="sådana"/>
						</TextLine>
						<TextLine ID="line_4" HPOS="75" VPOS="270" WIDTH="833" HEIGHT="28">
							<String ID="string_27" HPOS="75" VPOS="271" WIDTH="109" HEIGHT="27" WC="0.0" CONTENT="muntliga"/><SP WIDTH="15" VPOS="271" HPOS="184"/>
							<String ID="string_28" HPOS="199" VPOS="270" WIDTH="166" HEIGHT="26" WC="0.93" CONTENT="anmärkningar"/><SP WIDTH="23" VPOS="270" HPOS="365"/>
							<String ID="string_29" HPOS="388" VPOS="270" WIDTH="96" HEIGHT="20" WC="0.92" CONTENT="deremot"/><SP WIDTH="13" VPOS="270" HPOS="484"/>
							<String ID="string_30" HPOS="497" VPOS="271" WIDTH="68" HEIGHT="25" WC="0.96" CONTENT="göras,"/><SP WIDTH="16" VPOS="271" HPOS="565"/>
							<String ID="string_31" HPOS="581" VPOS="276" WIDTH="47" HEIGHT="14" WC="0.96" CONTENT="som"/><SP WIDTH="16" VPOS="276" HPOS="628"/>
							<String ID="string_32" HPOS="644" VPOS="270" WIDTH="32" HEIGHT="20" WC="0.96" CONTENT="till"/><SP WIDTH="16" VPOS="270" HPOS="676"/>
							<String ID="string_33" HPOS="692" VPOS="270" WIDTH="123" HEIGHT="21" WC="0.92" CONTENT="återremiss"/><SP WIDTH="23" VPOS="270" HPOS="815"/>
							<String ID="string_34" HPOS="838" VPOS="270" WIDTH="70" HEIGHT="21" WC="0.92" CONTENT="föran-"/>
						</TextLine>
						<TextLine ID="line_5" HPOS="79" VPOS="298" WIDTH="830" HEIGHT="27">
							<String ID="string_35" HPOS="79" VPOS="300" WIDTH="54" HEIGHT="24" WC="0.96" CONTENT="leda,"/><SP WIDTH="23" VPOS="300" HPOS="133"/>
							<String ID="string_36" HPOS="156" VPOS="300" WIDTH="52" HEIGHT="20" WC="0.96" CONTENT="böra"/><SP WIDTH="22" VPOS="300" HPOS="208"/>
							<String ID="string_37" HPOS="230" VPOS="299" WIDTH="115" HEIGHT="25" WC="0.95" CONTENT="desamma,"/><SP WIDTH="16" VPOS="299" HPOS="345"/>
							<String ID="string_38" HPOS="361" VPOS="298" WIDTH="118" HEIGHT="26" WC="0.96" CONTENT="skriftligen"/><SP WIDTH="20" VPOS="298" HPOS="479"/>
							<String ID="string_39" HPOS="499" VPOS="300" WIDTH="107" HEIGHT="24" WC="0.96" CONTENT="uppsatta,"/><SP WIDTH="17" VPOS="300" HPOS="606"/>
							<String ID="string_40" HPOS="623" VPOS="301" WIDTH="74" HEIGHT="18" WC="0.96" CONTENT="senast"/><SP WIDTH="16" VPOS="301" HPOS="697"/>
							<String ID="string_41" HPOS="713" VPOS="298" WIDTH="68" HEIGHT="27" WC="0.93" CONTENT="dagen"/><SP WIDTH="16" VPOS="298" HPOS="781"/>
							<String ID="string_42" HPOS="797" VPOS="298" WIDTH="65" HEIGHT="27" WC="0.92" CONTENT="derpå"/><SP WIDTH="16" VPOS="298" HPOS="862"/>
							<String ID="string_43" HPOS="878" VPOS="298" WIDTH="31" HEIGHT="22" WC="0.96" CONTENT="till"/>
						</TextLine>
						<TextLine ID="line_6" HPOS="79" VPOS="326" WIDTH="830" HEIGHT="26">
							<String ID="string_44" HPOS="79" VPOS="327" WIDTH="207" HEIGHT="23" WC="0.91" CONTENT="riddarhuskansliet"/><SP WIDTH="14" VPOS="327" HPOS="286"/>
							<String ID="string_45" HPOS="300" VPOS="326" WIDTH="108" HEIGHT="22" WC="0.92" CONTENT="aflemnas."/><SP WIDTH="30" VPOS="326" HPOS="408"/>
							<String ID="string_46" HPOS="438" VPOS="327" WIDTH="137" HEIGHT="20" WC="0.92" CONTENT="Försummas"/><SP WIDTH="16" VPOS="327" HPOS="575"/>
							<String ID="string_47" HPOS="591" VPOS="326" WIDTH="84" HEIGHT="26" WC="0.93" CONTENT="sådant,"/><SP WIDTH="15" VPOS="326" HPOS="675"/>
							<String ID="string_48" HPOS="690" VPOS="326" WIDTH="142" HEIGHT="22" WC="0.91" CONTENT="öfverlemnas"/><SP WIDTH="16" VPOS="326" HPOS="832"/>
							<String ID="string_49" HPOS="848" VPOS="329" WIDTH="61" HEIGHT="19" WC="0.92" CONTENT="ären-"/>
						</TextLine>
						<TextLine ID="line_7" HPOS="76" VPOS="354" WIDTH="834" HEIGHT="28">
							<String ID="string_50" HPOS="76" VPOS="358" WIDTH="41" HEIGHT="20" WC="0.62" CONTENT="det"/><SP WIDTH="15" VPOS="358" HPOS="117"/>
							<String ID="string_51" HPOS="132" VPOS="356" WIDTH="31" HEIGHT="21" WC="0.96" CONTENT="till"/><SP WIDTH="17" VPOS="356" HPOS="163"/>
							<String ID="string_52" HPOS="180" VPOS="356" WIDTH="105" HEIGHT="21" WC="0.96" CONTENT="utskottet"/><SP WIDTH="13" VPOS="356" HPOS="285"/>
							<String ID="string_53" HPOS="298" VPOS="355" WIDTH="67" HEIGHT="27" WC="0.96" CONTENT="jemte"/><SP WIDTH="15" VPOS="355" HPOS="365"/>
							<String ID="string_54" HPOS="380" VPOS="355" WIDTH="193" HEIGHT="26" WC="0.96" CONTENT="anmärkningarna"/><SP WIDTH="15" VPOS="355" HPOS="573"/>
							<String ID="string_55" HPOS="588" VPOS="355" WIDTH="7" HEIGHT="20" WC="0.96" CONTENT="i"/><SP WIDTH="16" VPOS="355" HPOS="595"/>
							<String ID="string_56" HPOS="611" VPOS="355" WIDTH="42" HEIGHT="21" WC="0.96" CONTENT="den"/><SP WIDTH="16" VPOS="355" HPOS="653"/>
							<String ID="string_57" HPOS="669" VPOS="354" WIDTH="54" HEIGHT="22" WC="0.96" CONTENT="form"/><SP WIDTH="17" VPOS="354" HPOS="723"/>
							<String ID="string_58" HPOS="740" VPOS="356" WIDTH="63" HEIGHT="20" WC="0.96" CONTENT="dessa"/><SP WIDTH="15" VPOS="356" HPOS="803"/>
							<String ID="string_59" HPOS="818" VPOS="355" WIDTH="70" HEIGHT="21" WC="0.96" CONTENT="blifvit"/><SP WIDTH="14" VPOS="355" HPOS="888"/>
							<String ID="string_60" HPOS="902" VPOS="356" WIDTH="8" HEIGHT="20" WC="0.96" CONTENT="i"/>
						</TextLine>
						<TextLine ID="line_8" HPOS="78" VPOS="383" WIDTH="831" HEIGHT="30">
							<String ID="string_61" HPOS="78" VPOS="384" WIDTH="133" HEIGHT="29" WC="0.93" CONTENT="protokollet"/><SP WIDTH="15" VPOS="384" HPOS="211"/>
							<String ID="string_62" HPOS="226" VPOS="384" WIDTH="105" HEIGHT="21" WC="0.91" CONTENT="affattade."/><SP WIDTH="31" VPOS="384" HPOS="331"/>
							<String ID="string_63" HPOS="362" VPOS="383" WIDTH="110" HEIGHT="27" WC="0.85" CONTENT="Skriftliga"/><SP WIDTH="17" VPOS="383" HPOS="472"/>
							<String ID="string_64" HPOS="489" VPOS="383" WIDTH="130" HEIGHT="21" WC="0.93" CONTENT="anföranden"/><SP WIDTH="24" VPOS="383" HPOS="619"/>
							<String ID="string_65" HPOS="643" VPOS="383" WIDTH="91" HEIGHT="27" WC="0.92" CONTENT="afgifvas"/><SP WIDTH="23" VPOS="383" HPOS="734"/>
							<String ID="string_66" HPOS="757" VPOS="388" WIDTH="75" HEIGHT="22" WC="0.96" CONTENT="genast"/><SP WIDTH="24" VPOS="388" HPOS="832"/>
							<String ID="string_67" HPOS="856" VPOS="384" WIDTH="53" HEIGHT="22" WC="0.96" CONTENT="efter"/>
						</TextLine>
						<TextLine ID="line_9" HPOS="80" VPOS="412" WIDTH="341" HEIGHT="29">
							<String ID="string_68" HPOS="80" VPOS="413" WIDTH="144" HEIGHT="28" WC="0.91" CONTENT="uppläsandet"/><SP WIDTH="15" VPOS="413" HPOS="224"/>
							<String ID="string_69" HPOS="239" VPOS="412" WIDTH="31" HEIGHT="22" WC="0.96" CONTENT="till"/><SP WIDTH="16" VPOS="412" HPOS="270"/>
							<String ID="string_70" HPOS="286" VPOS="412" WIDTH="135" HEIGHT="27" WC="0.96" CONTENT="protokollet."/>
						</TextLine>
					</TextBlock>
					<TextBlock ID="block_3" HPOS="78" VPOS="440" WIDTH="831" HEIGHT="86">
						<TextLine ID="line_10" HPOS="150" VPOS="440" WIDTH="759" HEIGHT="27">
							<String ID="string_71" HPOS="150" VPOS="442" WIDTH="44" HEIGHT="21" WC="0.96" CONTENT="När"/><SP WIDTH="22" VPOS="442" HPOS="194"/>
							<String ID="string_72" HPOS="216" VPOS="441" WIDTH="135" HEIGHT="21" WC="0.96" CONTENT="betänkande"/><SP WIDTH="22" VPOS="441" HPOS="351"/>
							<String ID="string_73" HPOS="373" VPOS="441" WIDTH="123" HEIGHT="21" WC="0.96" CONTENT="sedermera"/><SP WIDTH="21" VPOS="441" HPOS="496"/>
							<String ID="string_74" HPOS="517" VPOS="440" WIDTH="54" HEIGHT="27" WC="0.96" CONTENT="ånyo"/><SP WIDTH="16" VPOS="440" HPOS="571"/>
							<String ID="string_75" HPOS="587" VPOS="440" WIDTH="31" HEIGHT="21" WC="0.92" CONTENT="till"/><SP WIDTH="23" VPOS="440" HPOS="618"/>
							<String ID="string_76" HPOS="641" VPOS="440" WIDTH="129" HEIGHT="22" WC="0.92" CONTENT="adelsmötet"/><SP WIDTH="14" VPOS="440" HPOS="770"/>
							<String ID="string_77" HPOS="784" VPOS="440" WIDTH="125" HEIGHT="26" WC="0.96" CONTENT="inkommer,"/>
						</TextLine>
						<TextLine ID="line_11" HPOS="79" VPOS="469" WIDTH="830" HEIGHT="27">
							<String ID="string_78" HPOS="79" VPOS="471" WIDTH="67" HEIGHT="21" WC="0.96" CONTENT="varde"/><SP WIDTH="22" VPOS="471" HPOS="146"/>
							<String ID="string_79" HPOS="168" VPOS="470" WIDTH="36" HEIGHT="21" WC="0.93" CONTENT="det"/><SP WIDTH="22" VPOS="470" HPOS="204"/>
							<String ID="string_80" HPOS="226" VPOS="469" WIDTH="129" HEIGHT="21" WC="0.91" CONTENT="behandladt"/><SP WIDTH="22" VPOS="469" HPOS="355"/>
							<String ID="string_81" HPOS="377" VPOS="469" WIDTH="28" HEIGHT="27" WC="0.96" CONTENT="pä"/><SP WIDTH="14" VPOS="469" HPOS="405"/>
							<String ID="string_82" HPOS="419" VPOS="475" WIDTH="82" HEIGHT="15" WC="0.96" CONTENT="samma"/><SP WIDTH="20" VPOS="475" HPOS="501"/>
							<String ID="string_83" HPOS="521" VPOS="470" WIDTH="42" HEIGHT="20" WC="0.96" CONTENT="sätt"/><SP WIDTH="15" VPOS="470" HPOS="563"/>
							<String ID="string_84" HPOS="578" VPOS="475" WIDTH="46" HEIGHT="15" WC="0.96" CONTENT="som"/><SP WIDTH="17" VPOS="475" HPOS="624"/>
							<String ID="string_85" HPOS="641" VPOS="469" WIDTH="6" HEIGHT="21" WC="0.96" CONTENT="i"/><SP WIDTH="17" VPOS="469" HPOS="647"/>
							<String ID="string_86" HPOS="664" VPOS="469" WIDTH="11" HEIGHT="27" WC="0.81" CONTENT="3"/><SP WIDTH="16" VPOS="469" HPOS="675"/>
							<String ID="string_87" HPOS="691" VPOS="470" WIDTH="28" HEIGHT="20" WC="0.93" CONTENT="33"/><SP WIDTH="16" VPOS="470" HPOS="719"/>
							<String ID="string_88" HPOS="735" VPOS="469" WIDTH="62" HEIGHT="27" WC="0.93" CONTENT="sagdt"/><SP WIDTH="15" VPOS="469" HPOS="797"/>
							<String ID="string_89" HPOS="812" VPOS="471" WIDTH="29" HEIGHT="23" WC="0.97" CONTENT="är,"/><SP WIDTH="17" VPOS="471" HPOS="841"/>
							<String ID="string_90" HPOS="858" VPOS="472" WIDTH="51" HEIGHT="18" WC="0.96" CONTENT="utan"/>
						</TextLine>
						<TextLine ID="line_12" HPOS="78" VPOS="497" WIDTH="525" HEIGHT="29">
							<String ID="string_91" HPOS="78" VPOS="502" WIDTH="35" HEIGHT="19" WC="0.96" CONTENT="att"/><SP WIDTH="14" VPOS="502" HPOS="113"/>
							<String ID="string_92" HPOS="127" VPOS="499" WIDTH="123" HEIGHT="27" WC="0.93" CONTENT="ytterligare"/><SP WIDTH="15" VPOS="499" HPOS="250"/>
							<String ID="string_93" HPOS="265" VPOS="497" WIDTH="166" HEIGHT="27" WC="0.91" CONTENT="äterförvisning"/><SP WIDTH="16" VPOS="497" HPOS="431"/>
							<String ID="string_94" HPOS="447" VPOS="498" WIDTH="34" HEIGHT="20" WC="0.93" CONTENT="mä"/><SP WIDTH="15" VPOS="498" HPOS="481"/>
							<String ID="string_95" HPOS="496" VPOS="503" WIDTH="39" HEIGHT="21" WC="0.92" CONTENT="ega"/><SP WIDTH="15" VPOS="503" HPOS="535"/>
							<String ID="string_96" HPOS="550" VPOS="504" WIDTH="53" HEIGHT="14" WC="0.96" CONTENT="rum."/>
						</TextLine>
					</TextBlock>
					<TextBlock ID="block_4" HPOS="79" VPOS="525" WIDTH="831" HEIGHT="171">
						<TextLine ID="line_13" HPOS="151" VPOS="525" WIDTH="758" HEIGHT="29">
							<String ID="string_97" HPOS="151" VPOS="528" WIDTH="11" HEIGHT="26" WC="0.96" CONTENT="8"/><SP WIDTH="16" VPOS="528" HPOS="162"/>
							<String ID="string_98" HPOS="178" VPOS="527" WIDTH="38" HEIGHT="22" WC="0.92" CONTENT="35."/><SP WIDTH="31" VPOS="527" HPOS="216"/>
							<String ID="string_99" HPOS="247" VPOS="527" WIDTH="34" HEIGHT="21" WC="0.91" CONTENT="Dä"/><SP WIDTH="22" VPOS="527" HPOS="281"/>
							<String ID="string_100" HPOS="303" VPOS="526" WIDTH="80" HEIGHT="22" WC="0.92" CONTENT="ärende"/><SP WIDTH="22" VPOS="526" HPOS="383"/>
							<String ID="string_101" HPOS="405" VPOS="526" WIDTH="54" HEIGHT="21" WC="0.93" CONTENT="skall"/><SP WIDTH="22" VPOS="526" HPOS="459"/>
							<String ID="string_102" HPOS="481" VPOS="526" WIDTH="100" HEIGHT="27" WC="0.92" CONTENT="slutligen"/><SP WIDTH="21" VPOS="526" HPOS="581"/>
							<String ID="string_103" HPOS="602" VPOS="525" WIDTH="93" HEIGHT="27" WC="0.92" CONTENT="afgöras,"/><SP WIDTH="16" VPOS="525" HPOS="695"/>
							<String ID="string_104" HPOS="711" VPOS="526" WIDTH="52" HEIGHT="22" WC="0.93" CONTENT="böra"/><SP WIDTH="20" VPOS="526" HPOS="763"/>
							<String ID="string_105" HPOS="783" VPOS="526" WIDTH="41" HEIGHT="22" WC="0.93" CONTENT="alla"/><SP WIDTH="15" VPOS="526" HPOS="824"/>
							<String ID="string_106" HPOS="839" VPOS="526" WIDTH="70" HEIGHT="22" WC="0.92" CONTENT="dertill"/>
						</TextLine>
						<TextLine ID="line_14" HPOS="79" VPOS="554" WIDTH="831" HEIGHT="28">
							<String ID="string_107" HPOS="79" VPOS="556" WIDTH="97" HEIGHT="22" WC="0.89" CONTENT="hörande"/><SP WIDTH="22" VPOS="556" HPOS="176"/>
							<String ID="string_108" HPOS="198" VPOS="555" WIDTH="127" HEIGHT="27" WC="0.92" CONTENT="handlingar"/><SP WIDTH="22" VPOS="555" HPOS="325"/>
							<String ID="string_109" HPOS="347" VPOS="554" WIDTH="106" HEIGHT="28" WC="0.92" CONTENT="uppläsas,"/><SP WIDTH="16" VPOS="554" HPOS="453"/>
							<String ID="string_110" HPOS="469" VPOS="555" WIDTH="24" HEIGHT="21" WC="0.93" CONTENT="sä"/><SP WIDTH="14" VPOS="555" HPOS="493"/>
							<String ID="string_111" HPOS="507" VPOS="554" WIDTH="64" HEIGHT="22" WC="0.92" CONTENT="framt"/><SP WIDTH="15" VPOS="554" HPOS="571"/>
							<String ID="string_112" HPOS="586" VPOS="554" WIDTH="72" HEIGHT="27" WC="0.92" CONTENT="nägon"/><SP WIDTH="16" VPOS="554" HPOS="658"/>
							<String ID="string_113" HPOS="674" VPOS="555" WIDTH="95" HEIGHT="21" WC="0.96" CONTENT="ledamot"/><SP WIDTH="16" VPOS="555" HPOS="769"/>
							<String ID="string_114" HPOS="785" VPOS="554" WIDTH="21" HEIGHT="22" WC="0.93" CONTENT="af"/><SP WIDTH="15" VPOS="554" HPOS="806"/>
							<String ID="string_115" HPOS="821" VPOS="556" WIDTH="89" HEIGHT="20" WC="0.92" CONTENT="Ridder-"/>
						</TextLine>
						<TextLine ID="line_15" HPOS="82" VPOS="583" WIDTH="828" HEIGHT="29">
							<String ID="string_116" HPOS="82" VPOS="586" WIDTH="76" HEIGHT="26" WC="0.91" CONTENT="skapet"/><SP WIDTH="15" VPOS="586" HPOS="158"/>
							<String ID="string_117" HPOS="173" VPOS="584" WIDTH="39" HEIGHT="22" WC="0.93" CONTENT="och"/><SP WIDTH="15" VPOS="584" HPOS="212"/>
							<String ID="string_118" HPOS="227" VPOS="584" WIDTH="70" HEIGHT="21" WC="0.92" CONTENT="Adeln"/><SP WIDTH="16" VPOS="584" HPOS="297"/>
							<String ID="string_119" HPOS="313" VPOS="583" WIDTH="76" HEIGHT="21" WC="0.91" CONTENT="sädant"/><SP WIDTH="15" VPOS="583" HPOS="389"/>
							<String ID="string_120" HPOS="404" VPOS="583" WIDTH="63" HEIGHT="21" WC="0.91" CONTENT="äskar"/><SP WIDTH="16" VPOS="583" HPOS="467"/>
							<String ID="string_121" HPOS="483" VPOS="583" WIDTH="38" HEIGHT="21" WC="0.93" CONTENT="och"/><SP WIDTH="16" VPOS="583" HPOS="521"/>
							<String ID="string_122" HPOS="537" VPOS="583" WIDTH="110" HEIGHT="21" WC="0.92" CONTENT="desamma"/><SP WIDTH="15" VPOS="583" HPOS="647"/>
							<String ID="string_123" HPOS="662" VPOS="583" WIDTH="18" HEIGHT="27" WC="0.91" CONTENT="ej"/><SP WIDTH="17" VPOS="583" HPOS="680"/>
							<String ID="string_124" HPOS="697" VPOS="584" WIDTH="8" HEIGHT="20" WC="0.96" CONTENT="i"/><SP WIDTH="12" VPOS="584" HPOS="705"/>
							<String ID="string_125" HPOS="717" VPOS="583" WIDTH="60" HEIGHT="27" WC="0.93" CONTENT="tryck"/><SP WIDTH="14" VPOS="583" HPOS="777"/>
							<String ID="string_126" HPOS="791" VPOS="583" WIDTH="119" HEIGHT="22" WC="0.89" CONTENT="aflemnats."/>
						</TextLine>
						<TextLine ID="line_16" HPOS="82" VPOS="611" WIDTH="828" HEIGHT="30">
							<String ID="string_127" HPOS="82" VPOS="614" WIDTH="25" HEIGHT="27" WC="0.96" CONTENT="Ej"/><SP WIDTH="18" VPOS="614" HPOS="107"/>
							<String ID="string_128" HPOS="125" VPOS="614" WIDTH="35" HEIGHT="20" WC="0.93" CONTENT="mä"/><SP WIDTH="14" VPOS="614" HPOS="160"/>
							<String ID="string_129" HPOS="174" VPOS="613" WIDTH="66" HEIGHT="26" WC="0.93" CONTENT="nägot"/><SP WIDTH="14" VPOS="613" HPOS="240"/>
							<String ID="string_130" HPOS="254" VPOS="612" WIDTH="85" HEIGHT="25" WC="0.92" CONTENT="ärende,"/><SP WIDTH="16" VPOS="612" HPOS="339"/>
							<String ID="string_131" HPOS="355" VPOS="612" WIDTH="45" HEIGHT="21" WC="0.93" CONTENT="deri"/><SP WIDTH="17" VPOS="612" HPOS="400"/>
							<String ID="string_132" HPOS="417" VPOS="611" WIDTH="162" HEIGHT="27" WC="0.92" CONTENT="öfverläggning"/><SP WIDTH="22" VPOS="611" HPOS="579"/>
							<String ID="string_133" HPOS="601" VPOS="614" WIDTH="37" HEIGHT="24" WC="0.93" CONTENT="egt"/><SP WIDTH="15" VPOS="614" HPOS="638"/>
							<String ID="string_134" HPOS="653" VPOS="618" WIDTH="55" HEIGHT="19" WC="0.96" CONTENT="rum,"/><SP WIDTH="16" VPOS="618" HPOS="708"/>
							<String ID="string_135" HPOS="724" VPOS="612" WIDTH="31" HEIGHT="21" WC="0.93" CONTENT="till"/><SP WIDTH="21" VPOS="612" HPOS="755"/>
							<String ID="string_136" HPOS="776" VPOS="612" WIDTH="84" HEIGHT="27" WC="0.92" CONTENT="slutligt"/><SP WIDTH="20" VPOS="612" HPOS="860"/>
							<String ID="string_137" HPOS="880" VPOS="612" WIDTH="30" HEIGHT="22" WC="0.93" CONTENT="af-"/>
						</TextLine>
						<TextLine ID="line_17" HPOS="82" VPOS="640" WIDTH="827" HEIGHT="30">
							<String ID="string_138" HPOS="82" VPOS="642" WIDTH="96" HEIGHT="28" WC="0.91" CONTENT="görande"/><SP WIDTH="18" VPOS="642" HPOS="178"/>
							<String ID="string_139" HPOS="196" VPOS="641" WIDTH="114" HEIGHT="27" WC="0.91" CONTENT="företagas,"/><SP WIDTH="15" VPOS="641" HPOS="310"/>
							<String ID="string_140" HPOS="325" VPOS="640" WIDTH="44" HEIGHT="22" WC="0.92" CONTENT="förr"/><SP WIDTH="16" VPOS="640" HPOS="369"/>
							<String ID="string_141" HPOS="385" VPOS="642" WIDTH="26" HEIGHT="20" WC="0.93" CONTENT="än"/><SP WIDTH="16" VPOS="642" HPOS="411"/>
							<String ID="string_142" HPOS="427" VPOS="640" WIDTH="127" HEIGHT="22" WC="0.92" CONTENT="adelsmötet"/><SP WIDTH="15" VPOS="640" HPOS="554"/>
							<String ID="string_143" HPOS="569" VPOS="640" WIDTH="27" HEIGHT="27" WC="0.93" CONTENT="pä"/><SP WIDTH="15" VPOS="640" HPOS="596"/>
							<String ID="string_144" HPOS="611" VPOS="640" WIDTH="156" HEIGHT="22" WC="0.92" CONTENT="ordförandens"/><SP WIDTH="15" VPOS="640" HPOS="767"/>
							<String ID="string_145" HPOS="782" VPOS="641" WIDTH="127" HEIGHT="21" WC="0.93" CONTENT="hemställan"/>
						</TextLine>
						<TextLine ID="line_18" HPOS="81" VPOS="669" WIDTH="400" HEIGHT="27">
							<String ID="string_146" HPOS="81" VPOS="671" WIDTH="104" HEIGHT="21" WC="0.93" CONTENT="förklarat"/><SP WIDTH="15" VPOS="671" HPOS="185"/>
							<String ID="string_147" HPOS="200" VPOS="670" WIDTH="189" HEIGHT="26" WC="0.83" CONTENT="öfverläggningen"/><SP WIDTH="16" VPOS="670" HPOS="389"/>
							<String ID="string_148" HPOS="405" VPOS="669" WIDTH="76" HEIGHT="21" WC="0.92" CONTENT="slutad."/>
						</TextLine>
					</TextBlock>
					<TextBlock ID="block_5" HPOS="80" VPOS="697" WIDTH="830" HEIGHT="315">
						<TextLine ID="line_19" HPOS="151" VPOS="697" WIDTH="758" HEIGHT="29">
							<String ID="string_149" HPOS="151" VPOS="698" WIDTH="144" HEIGHT="28" WC="0.90" CONTENT="Proposition."/><SP WIDTH="23" VPOS="698" HPOS="295"/>
							<String ID="string_150" HPOS="318" VPOS="704" WIDTH="46" HEIGHT="15" WC="0.96" CONTENT="som"/><SP WIDTH="23" VPOS="704" HPOS="364"/>
							<String ID="string_151" HPOS="387" VPOS="697" WIDTH="23" HEIGHT="22" WC="0.93" CONTENT="af"/><SP WIDTH="21" VPOS="697" HPOS="410"/>
							<String ID="string_152" HPOS="431" VPOS="697" WIDTH="142" HEIGHT="22" WC="0.92" CONTENT="ordföranden"/><SP WIDTH="15" VPOS="697" HPOS="573"/>
							<String ID="string_153" HPOS="588" VPOS="697" WIDTH="8" HEIGHT="21" WC="0.93" CONTENT="i"/><SP WIDTH="14" VPOS="697" HPOS="596"/>
							<String ID="string_154" HPOS="610" VPOS="697" WIDTH="102" HEIGHT="22" WC="0.93" CONTENT="afseende"/><SP WIDTH="15" VPOS="697" HPOS="712"/>
							<String ID="string_155" HPOS="727" VPOS="698" WIDTH="13" HEIGHT="21" WC="0.93" CONTENT="ä"/><SP WIDTH="14" VPOS="698" HPOS="740"/>
							<String ID="string_156" HPOS="754" VPOS="698" WIDTH="72" HEIGHT="21" WC="0.93" CONTENT="beslut"/><SP WIDTH="20" VPOS="698" HPOS="826"/>
							<String ID="string_157" HPOS="846" VPOS="697" WIDTH="63" HEIGHT="22" WC="0.91" CONTENT="fram-"/>
						</TextLine>
						<TextLine ID="line_20" HPOS="81" VPOS="726" WIDTH="827" HEIGHT="28">
							<String ID="string_158" HPOS="81" VPOS="728" WIDTH="79" HEIGHT="26" WC="0.93" CONTENT="ställes,"/><SP WIDTH="16" VPOS="728" HPOS="160"/>
							<String ID="string_159" HPOS="176" VPOS="728" WIDTH="38" HEIGHT="21" WC="0.93" CONTENT="bör"/><SP WIDTH="16" VPOS="728" HPOS="214"/>
							<String ID="string_160" HPOS="230" VPOS="727" WIDTH="59" HEIGHT="21" WC="0.91" CONTENT="alitid"/><SP WIDTH="16" VPOS="727" HPOS="289"/>
							<String ID="string_161" HPOS="305" VPOS="726" WIDTH="24" HEIGHT="22" WC="0.93" CONTENT="sä"/><SP WIDTH="14" VPOS="726" HPOS="329"/>
							<String ID="string_162" HPOS="343" VPOS="726" WIDTH="90" HEIGHT="26" WC="0.92" CONTENT="affattas,"/><SP WIDTH="16" VPOS="726" HPOS="433"/>
							<String ID="string_163" HPOS="449" VPOS="728" WIDTH="32" HEIGHT="19" WC="0.96" CONTENT="att"/><SP WIDTH="14" VPOS="728" HPOS="481"/>
							<String ID="string_164" HPOS="495" VPOS="726" WIDTH="41" HEIGHT="22" WC="0.96" CONTENT="den"/><SP WIDTH="19" VPOS="726" HPOS="536"/>
							<String ID="string_165" HPOS="555" VPOS="726" WIDTH="40" HEIGHT="21" WC="0.96" CONTENT="kan"/><SP WIDTH="17" VPOS="726" HPOS="595"/>
							<String ID="string_166" HPOS="612" VPOS="726" WIDTH="49" HEIGHT="21" WC="0.96" CONTENT="med"/><SP WIDTH="16" VPOS="726" HPOS="661"/>
							<String ID="string_167" HPOS="677" VPOS="726" WIDTH="76" HEIGHT="22" WC="0.96" CONTENT="endast"/><SP WIDTH="12" VPOS="726" HPOS="753"/>
							<String ID="string_168" HPOS="765" VPOS="726" WIDTH="23" HEIGHT="27" WC="0.96" CONTENT="ja"/><SP WIDTH="15" VPOS="726" HPOS="788"/>
							<String ID="string_169" HPOS="803" VPOS="726" WIDTH="51" HEIGHT="22" WC="0.95" CONTENT="eller"/><SP WIDTH="21" VPOS="726" HPOS="854"/>
							<String ID="string_170" HPOS="875" VPOS="726" WIDTH="33" HEIGHT="28" WC="0.96" CONTENT="nej"/>
						</TextLine>
						<TextLine ID="line_21" HPOS="81" VPOS="754" WIDTH="829" HEIGHT="28">
							<String ID="string_171" HPOS="81" VPOS="758" WIDTH="108" HEIGHT="20" WC="0.87" CONTENT="besvaras."/><SP WIDTH="23" VPOS="758" HPOS="189"/>
							<String ID="string_172" HPOS="212" VPOS="756" WIDTH="127" HEIGHT="26" WC="0.91" CONTENT="Erinringar"/><SP WIDTH="15" VPOS="756" HPOS="339"/>
							<String ID="string_173" HPOS="354" VPOS="755" WIDTH="35" HEIGHT="21" WC="0.93" CONTENT="vid"/><SP WIDTH="15" VPOS="755" HPOS="389"/>
							<String ID="string_174" HPOS="404" VPOS="755" WIDTH="174" HEIGHT="27" WC="0.91" CONTENT="propositionens"/><SP WIDTH="13" VPOS="755" HPOS="578"/>
							<String ID="string_175" HPOS="591" VPOS="754" WIDTH="151" HEIGHT="28" WC="0.93" CONTENT="uppställande"/><SP WIDTH="10" VPOS="754" HPOS="742"/>
							<String ID="string_176" HPOS="752" VPOS="755" WIDTH="35" HEIGHT="21" WC="0.96" CONTENT="mä"/><SP WIDTH="9" VPOS="755" HPOS="787"/>
							<String ID="string_177" HPOS="796" VPOS="755" WIDTH="35" HEIGHT="21" WC="0.93" CONTENT="väl"/><SP WIDTH="10" VPOS="755" HPOS="831"/>
							<String ID="string_178" HPOS="841" VPOS="757" WIDTH="69" HEIGHT="25" WC="0.93" CONTENT="göras,"/>
						</TextLine>
						<TextLine ID="line_22" HPOS="82" VPOS="783" WIDTH="828" HEIGHT="29">
							<String ID="string_179" HPOS="82" VPOS="792" WIDTH="49" HEIGHT="15" WC="0.96" CONTENT="men"/><SP WIDTH="16" VPOS="792" HPOS="131"/>
							<String ID="string_180" HPOS="147" VPOS="786" WIDTH="63" HEIGHT="26" WC="0.95" CONTENT="ingen"/><SP WIDTH="16" VPOS="786" HPOS="210"/>
							<String ID="string_181" HPOS="226" VPOS="791" WIDTH="28" HEIGHT="21" WC="0.93" CONTENT="ny"/><SP WIDTH="12" VPOS="791" HPOS="254"/>
							<String ID="string_182" HPOS="266" VPOS="784" WIDTH="163" HEIGHT="26" WC="0.92" CONTENT="öfverläggning"/><SP WIDTH="14" VPOS="784" HPOS="429"/>
							<String ID="string_183" HPOS="443" VPOS="784" WIDTH="7" HEIGHT="20" WC="0.94" CONTENT="i"/><SP WIDTH="17" VPOS="784" HPOS="450"/>
							<String ID="string_184" HPOS="467" VPOS="783" WIDTH="74" HEIGHT="27" WC="0.96" CONTENT="sjelfva"/><SP WIDTH="16" VPOS="783" HPOS="541"/>
							<String ID="string_185" HPOS="557" VPOS="783" WIDTH="65" HEIGHT="21" WC="0.93" CONTENT="saken"/><SP WIDTH="17" VPOS="783" HPOS="622"/>
							<String ID="string_186" HPOS="639" VPOS="790" WIDTH="40" HEIGHT="20" WC="0.91" CONTENT="ega"/><SP WIDTH="14" VPOS="790" HPOS="679"/>
							<String ID="string_187" HPOS="693" VPOS="790" WIDTH="54" HEIGHT="14" WC="0.95" CONTENT="rum."/><SP WIDTH="30" VPOS="790" HPOS="747"/>
							<String ID="string_188" HPOS="777" VPOS="784" WIDTH="70" HEIGHT="21" WC="0.92" CONTENT="Sedan"/><SP WIDTH="14" VPOS="784" HPOS="847"/>
							<String ID="string_189" HPOS="861" VPOS="790" WIDTH="49" HEIGHT="20" WC="0.91" CONTENT="pro-"/>
						</TextLine>
						<TextLine ID="line_23" HPOS="82" VPOS="812" WIDTH="828" HEIGHT="30">
							<String ID="string_190" HPOS="82" VPOS="814" WIDTH="128" HEIGHT="28" WC="0.92" CONTENT="positionen,"/><SP WIDTH="24" VPOS="814" HPOS="210"/>
							<String ID="string_191" HPOS="234" VPOS="813" WIDTH="66" HEIGHT="21" WC="0.93" CONTENT="sädan"/><SP WIDTH="23" VPOS="813" HPOS="300"/>
							<String ID="string_192" HPOS="323" VPOS="812" WIDTH="41" HEIGHT="22" WC="0.96" CONTENT="den"/><SP WIDTH="22" VPOS="812" HPOS="364"/>
							<String ID="string_193" HPOS="386" VPOS="812" WIDTH="23" HEIGHT="21" WC="0.93" CONTENT="af"/><SP WIDTH="20" VPOS="812" HPOS="409"/>
							<String ID="string_194" HPOS="429" VPOS="812" WIDTH="128" HEIGHT="21" WC="0.91" CONTENT="adelsmötet"/><SP WIDTH="22" VPOS="812" HPOS="557"/>
							<String ID="string_195" HPOS="579" VPOS="812" WIDTH="113" HEIGHT="26" WC="0.91" CONTENT="godkänts,"/><SP WIDTH="18" VPOS="812" HPOS="692"/>
							<String ID="string_196" HPOS="710" VPOS="812" WIDTH="69" HEIGHT="22" WC="0.91" CONTENT="blifvit"/><SP WIDTH="19" VPOS="812" HPOS="779"/>
							<String ID="string_197" HPOS="798" VPOS="812" WIDTH="112" HEIGHT="22" WC="0.92" CONTENT="framstäld"/>
						</TextLine>
						<TextLine ID="line_24" HPOS="80" VPOS="840" WIDTH="830" HEIGHT="28">
							<String ID="string_198" HPOS="80" VPOS="843" WIDTH="43" HEIGHT="21" WC="0.92" CONTENT="och"/><SP WIDTH="22" VPOS="843" HPOS="123"/>
							<String ID="string_199" HPOS="145" VPOS="842" WIDTH="110" HEIGHT="26" WC="0.88" CONTENT="besvarad,"/><SP WIDTH="15" VPOS="842" HPOS="255"/>
							<String ID="string_200" HPOS="270" VPOS="840" WIDTH="172" HEIGHT="28" WC="0.91" CONTENT="tillkännagifver"/><SP WIDTH="21" VPOS="840" HPOS="442"/>
							<String ID="string_201" HPOS="463" VPOS="840" WIDTH="143" HEIGHT="22" WC="0.91" CONTENT="ordföranden"/><SP WIDTH="23" VPOS="840" HPOS="606"/>
							<String ID="string_202" HPOS="629" VPOS="841" WIDTH="34" HEIGHT="21" WC="0.96" CONTENT="sin"/><SP WIDTH="23" VPOS="841" HPOS="663"/>
							<String ID="string_203" HPOS="686" VPOS="840" WIDTH="138" HEIGHT="28" WC="0.89" CONTENT="uppfattning"/><SP WIDTH="14" VPOS="840" HPOS="824"/>
							<String ID="string_204" HPOS="838" VPOS="840" WIDTH="23" HEIGHT="22" WC="0.96" CONTENT="af"/><SP WIDTH="13" VPOS="840" HPOS="861"/>
							<String ID="string_205" HPOS="874" VPOS="841" WIDTH="36" HEIGHT="22" WC="0.97" CONTENT="det"/>
						</TextLine>
						<TextLine ID="line_25" HPOS="82" VPOS="869" WIDTH="828" HEIGHT="27">
							<String ID="string_206" HPOS="82" VPOS="872" WIDTH="98" HEIGHT="21" WC="0.91" CONTENT="lemnade"/><SP WIDTH="17" VPOS="872" HPOS="180"/>
							<String ID="string_207" HPOS="197" VPOS="872" WIDTH="78" HEIGHT="20" WC="0.93" CONTENT="svaret."/><SP WIDTH="30" VPOS="872" HPOS="275"/>
							<String ID="string_208" HPOS="305" VPOS="869" WIDTH="68" HEIGHT="23" WC="0.92" CONTENT="Göres"/><SP WIDTH="16" VPOS="869" HPOS="373"/>
							<String ID="string_209" HPOS="389" VPOS="870" WIDTH="98" HEIGHT="20" WC="0.93" CONTENT="deremot"/><SP WIDTH="19" VPOS="870" HPOS="487"/>
							<String ID="string_210" HPOS="506" VPOS="869" WIDTH="17" HEIGHT="27" WC="0.91" CONTENT="ej"/><SP WIDTH="17" VPOS="869" HPOS="523"/>
							<String ID="string_211" HPOS="540" VPOS="869" WIDTH="138" HEIGHT="27" WC="0.91" CONTENT="invändning,"/><SP WIDTH="16" VPOS="869" HPOS="678"/>
							<String ID="string_212" HPOS="694" VPOS="869" WIDTH="54" HEIGHT="22" WC="0.93" CONTENT="skall"/><SP WIDTH="15" VPOS="869" HPOS="748"/>
							<String ID="string_213" HPOS="763" VPOS="870" WIDTH="74" HEIGHT="20" WC="0.93" CONTENT="dervid"/><SP WIDTH="16" VPOS="870" HPOS="837"/>
							<String ID="string_214" HPOS="853" VPOS="870" WIDTH="57" HEIGHT="26" WC="0.92" CONTENT="bero,"/>
						</TextLine>
						<TextLine ID="line_26" HPOS="80" VPOS="897" WIDTH="830" HEIGHT="25">
							<String ID="string_215" HPOS="80" VPOS="900" WIDTH="43" HEIGHT="22" WC="0.95" CONTENT="och"/><SP WIDTH="22" VPOS="900" HPOS="123"/>
							<String ID="string_216" HPOS="145" VPOS="900" WIDTH="93" HEIGHT="21" WC="0.76" CONTENT="beslutet"/><SP WIDTH="22" VPOS="900" HPOS="238"/>
							<String ID="string_217" HPOS="260" VPOS="898" WIDTH="85" HEIGHT="22" WC="0.90" CONTENT="affattas"/><SP WIDTH="22" VPOS="898" HPOS="345"/>
							<String ID="string_218" HPOS="367" VPOS="898" WIDTH="56" HEIGHT="21" WC="0.95" CONTENT="efter"/><SP WIDTH="22" VPOS="898" HPOS="423"/>
							<String ID="string_219" HPOS="445" VPOS="898" WIDTH="37" HEIGHT="21" WC="0.96" CONTENT="det"/><SP WIDTH="22" VPOS="898" HPOS="482"/>
							<String ID="string_220" HPOS="504" VPOS="904" WIDTH="49" HEIGHT="15" WC="0.92" CONTENT="svar"/><SP WIDTH="23" VPOS="904" HPOS="553"/>
							<String ID="string_221" HPOS="576" VPOS="897" WIDTH="144" HEIGHT="22" WC="0.92" CONTENT="ordföranden"/><SP WIDTH="22" VPOS="897" HPOS="720"/>
							<String ID="string_222" HPOS="742" VPOS="898" WIDTH="103" HEIGHT="22" WC="0.92" CONTENT="förklarat"/><SP WIDTH="15" VPOS="898" HPOS="845"/>
							<String ID="string_223" HPOS="860" VPOS="905" WIDTH="50" HEIGHT="15" WC="0.96" CONTENT="vara"/>
						</TextLine>
						<TextLine ID="line_27" HPOS="82" VPOS="926" WIDTH="828" HEIGHT="29">
							<String ID="string_224" HPOS="82" VPOS="928" WIDTH="163" HEIGHT="27" WC="0.66" CONTENT="öfvervägande."/><SP WIDTH="30" VPOS="928" HPOS="245"/>
							<String ID="string_225" HPOS="275" VPOS="927" WIDTH="108" HEIGHT="26" WC="0.94" CONTENT="Ledamot,"/><SP WIDTH="19" VPOS="927" HPOS="383"/>
							<String ID="string_226" HPOS="402" VPOS="933" WIDTH="46" HEIGHT="15" WC="0.91" CONTENT="som"/><SP WIDTH="23" VPOS="933" HPOS="448"/>
							<String ID="string_227" HPOS="471" VPOS="926" WIDTH="46" HEIGHT="22" WC="0.96" CONTENT="icke"/><SP WIDTH="22" VPOS="926" HPOS="517"/>
							<String ID="string_228" HPOS="539" VPOS="926" WIDTH="124" HEIGHT="28" WC="0.93" CONTENT="godkänner"/><SP WIDTH="21" VPOS="926" HPOS="663"/>
							<String ID="string_229" HPOS="684" VPOS="926" WIDTH="154" HEIGHT="22" WC="0.93" CONTENT="ordförandens"/><SP WIDTH="19" VPOS="926" HPOS="838"/>
							<String ID="string_230" HPOS="857" VPOS="934" WIDTH="53" HEIGHT="20" WC="0.92" CONTENT="upp-"/>
						</TextLine>
						<TextLine ID="line_28" HPOS="83" VPOS="955" WIDTH="825" HEIGHT="29">
							<String ID="string_231" HPOS="83" VPOS="957" WIDTH="93" HEIGHT="27" WC="0.96" CONTENT="fattning"/><SP WIDTH="14" VPOS="957" HPOS="176"/>
							<String ID="string_232" HPOS="190" VPOS="956" WIDTH="23" HEIGHT="22" WC="0.93" CONTENT="af"/><SP WIDTH="12" VPOS="956" HPOS="213"/>
							<String ID="string_233" HPOS="225" VPOS="958" WIDTH="78" HEIGHT="20" WC="0.96" CONTENT="mötets"/><SP WIDTH="17" VPOS="958" HPOS="303"/>
							<String ID="string_234" HPOS="320" VPOS="962" WIDTH="55" HEIGHT="19" WC="0.93" CONTENT="svar,"/><SP WIDTH="16" VPOS="962" HPOS="375"/>
							<String ID="string_235" HPOS="391" VPOS="962" WIDTH="39" HEIGHT="20" WC="0.93" CONTENT="ege"/><SP WIDTH="14" VPOS="962" HPOS="430"/>
							<String ID="string_236" HPOS="444" VPOS="956" WIDTH="44" HEIGHT="20" WC="0.97" CONTENT="rätt"/><SP WIDTH="15" VPOS="956" HPOS="488"/>
							<String ID="string_237" HPOS="503" VPOS="957" WIDTH="31" HEIGHT="19" WC="0.93" CONTENT="att"/><SP WIDTH="15" VPOS="957" HPOS="534"/>
							<String ID="string_238" HPOS="549" VPOS="955" WIDTH="80" HEIGHT="27" WC="0.96" CONTENT="begära"/><SP WIDTH="14" VPOS="955" HPOS="629"/>
							<String ID="string_239" HPOS="643" VPOS="956" WIDTH="140" HEIGHT="26" WC="0.96" CONTENT="omröstning,"/><SP WIDTH="11" VPOS="956" HPOS="783"/>
							<String ID="string_240" HPOS="794" VPOS="956" WIDTH="85" HEIGHT="21" WC="0.96" CONTENT="hvilken"/><SP WIDTH="11" VPOS="956" HPOS="879"/>
							<String ID="string_241" HPOS="890" VPOS="956" WIDTH="18" HEIGHT="26" WC="0.96" CONTENT="ej"/>
						</TextLine>
						<TextLine ID="line_29" HPOS="83" VPOS="986" WIDTH="133" HEIGHT="26">
							<String ID="string_242" HPOS="83" VPOS="986" WIDTH="36" HEIGHT="21" WC="0.95" CONTENT="må"/><SP WIDTH="15" VPOS="986" HPOS="119"/>
							<String ID="string_243" HPOS="134" VPOS="988" WIDTH="82" HEIGHT="24" WC="0.94" CONTENT="vägras."/>
						</TextLine>
					</TextBlock>
					<TextBlock ID="block_6" HPOS="82" VPOS="1012" WIDTH="829" HEIGHT="138">
						<TextLine ID="line_30" HPOS="152" VPOS="1012" WIDTH="759" HEIGHT="28">
							<String ID="string_244" HPOS="152" VPOS="1014" WIDTH="34" HEIGHT="21" WC="0.96" CONTENT="Då"/><SP WIDTH="12" VPOS="1014" HPOS="186"/>
							<String ID="string_245" HPOS="198" VPOS="1013" WIDTH="135" HEIGHT="26" WC="0.96" CONTENT="omröstning"/><SP WIDTH="10" VPOS="1013" HPOS="333"/>
							<String ID="string_246" HPOS="343" VPOS="1012" WIDTH="54" HEIGHT="22" WC="0.96" CONTENT="skall"/><SP WIDTH="11" VPOS="1012" HPOS="397"/>
							<String ID="string_247" HPOS="408" VPOS="1012" WIDTH="43" HEIGHT="26" WC="0.96" CONTENT="ske,"/><SP WIDTH="11" VPOS="1012" HPOS="451"/>
							<String ID="string_248" HPOS="462" VPOS="1012" WIDTH="39" HEIGHT="21" WC="0.93" CONTENT="bör"/><SP WIDTH="11" VPOS="1012" HPOS="501"/>
							<String ID="string_249" HPOS="512" VPOS="1012" WIDTH="244" HEIGHT="27" WC="0.91" CONTENT="voteringsproposition"/><SP WIDTH="9" VPOS="1012" HPOS="756"/>
							<String ID="string_250" HPOS="765" VPOS="1013" WIDTH="67" HEIGHT="26" WC="0.96" CONTENT="jemte"/><SP WIDTH="12" VPOS="1013" HPOS="832"/>
							<String ID="string_251" HPOS="844" VPOS="1013" WIDTH="67" HEIGHT="27" WC="0.96" CONTENT="tydlig"/>
						</TextLine>
						<TextLine ID="line_31" HPOS="82" VPOS="1040" WIDTH="828" HEIGHT="30">
							<String ID="string_252" HPOS="82" VPOS="1042" WIDTH="211" HEIGHT="28" WC="0.91" CONTENT="kontraproposition"/><SP WIDTH="22" VPOS="1042" HPOS="293"/>
							<String ID="string_253" HPOS="315" VPOS="1040" WIDTH="119" HEIGHT="28" WC="0.93" CONTENT="skriftligen"/><SP WIDTH="22" VPOS="1040" HPOS="434"/>
							<String ID="string_254" HPOS="456" VPOS="1042" WIDTH="111" HEIGHT="26" WC="0.91" CONTENT="uppsättas"/><SP WIDTH="16" VPOS="1042" HPOS="567"/>
							<String ID="string_255" HPOS="583" VPOS="1041" WIDTH="40" HEIGHT="21" WC="0.96" CONTENT="och"/><SP WIDTH="12" VPOS="1041" HPOS="623"/>
							<String ID="string_256" HPOS="635" VPOS="1041" WIDTH="96" HEIGHT="27" WC="0.96" CONTENT="justeras"/><SP WIDTH="16" VPOS="1041" HPOS="731"/>
							<String ID="string_257" HPOS="747" VPOS="1044" WIDTH="56" HEIGHT="18" WC="0.93" CONTENT="samt"/><SP WIDTH="15" VPOS="1044" HPOS="803"/>
							<String ID="string_258" HPOS="818" VPOS="1043" WIDTH="92" HEIGHT="19" WC="0.91" CONTENT="omröst-"/>
						</TextLine>
						<TextLine ID="line_32" HPOS="82" VPOS="1069" WIDTH="828" HEIGHT="29">
							<String ID="string_259" HPOS="82" VPOS="1072" WIDTH="79" HEIGHT="26" WC="0.96" CONTENT="ningen"/><SP WIDTH="23" VPOS="1072" HPOS="161"/>
							<String ID="string_260" HPOS="184" VPOS="1070" WIDTH="131" HEIGHT="22" WC="0.95" CONTENT="omedelbart"/><SP WIDTH="20" VPOS="1070" HPOS="315"/>
							<String ID="string_261" HPOS="335" VPOS="1069" WIDTH="93" HEIGHT="22" WC="0.96" CONTENT="derefter"/><SP WIDTH="22" VPOS="1069" HPOS="428"/>
							<String ID="string_262" HPOS="450" VPOS="1069" WIDTH="134" HEIGHT="26" WC="0.96" CONTENT="verkställas;"/><SP WIDTH="25" VPOS="1069" HPOS="584"/>
							<String ID="string_263" HPOS="609" VPOS="1076" WIDTH="49" HEIGHT="14" WC="0.96" CONTENT="men"/><SP WIDTH="23" VPOS="1076" HPOS="658"/>
							<String ID="string_264" HPOS="681" VPOS="1070" WIDTH="18" HEIGHT="26" WC="0.96" CONTENT="ej"/><SP WIDTH="21" VPOS="1070" HPOS="699"/>
							<String ID="string_265" HPOS="720" VPOS="1070" WIDTH="34" HEIGHT="21" WC="0.96" CONTENT="må"/><SP WIDTH="22" VPOS="1070" HPOS="754"/>
							<String ID="string_266" HPOS="776" VPOS="1070" WIDTH="134" HEIGHT="27" WC="0.94" CONTENT="proposition"/>
						</TextLine>
						<TextLine ID="line_33" HPOS="82" VPOS="1098" WIDTH="828" HEIGHT="30">
							<String ID="string_267" HPOS="82" VPOS="1102" WIDTH="71" HEIGHT="26" WC="0.96" CONTENT="göras,"/><SP WIDTH="15" VPOS="1102" HPOS="153"/>
							<String ID="string_268" HPOS="168" VPOS="1106" WIDTH="34" HEIGHT="15" WC="0.96" CONTENT="om"/><SP WIDTH="17" VPOS="1106" HPOS="202"/>
							<String ID="string_269" HPOS="219" VPOS="1099" WIDTH="99" HEIGHT="27" WC="0.96" CONTENT="votering"/><SP WIDTH="15" VPOS="1099" HPOS="318"/>
							<String ID="string_270" HPOS="333" VPOS="1098" WIDTH="53" HEIGHT="22" WC="0.93" CONTENT="skall"/><SP WIDTH="16" VPOS="1098" HPOS="386"/>
							<String ID="string_271" HPOS="402" VPOS="1104" WIDTH="40" HEIGHT="21" WC="0.91" CONTENT="ega"/><SP WIDTH="14" VPOS="1104" HPOS="442"/>
							<String ID="string_272" HPOS="456" VPOS="1104" WIDTH="54" HEIGHT="19" WC="0.96" CONTENT="rum,"/><SP WIDTH="11" VPOS="1104" HPOS="510"/>
							<String ID="string_273" HPOS="521" VPOS="1098" WIDTH="40" HEIGHT="21" WC="0.96" CONTENT="och"/><SP WIDTH="10" VPOS="1098" HPOS="561"/>
							<String ID="string_274" HPOS="571" VPOS="1098" WIDTH="18" HEIGHT="27" WC="0.96" CONTENT="ej"/><SP WIDTH="15" VPOS="1098" HPOS="589"/>
							<String ID="string_275" HPOS="604" VPOS="1098" WIDTH="66" HEIGHT="21" WC="0.96" CONTENT="heller"/><SP WIDTH="15" VPOS="1098" HPOS="670"/>
							<String ID="string_276" HPOS="685" VPOS="1099" WIDTH="136" HEIGHT="27" WC="0.96" CONTENT="omröstning"/><SP WIDTH="15" VPOS="1099" HPOS="821"/>
							<String ID="string_277" HPOS="836" VPOS="1098" WIDTH="74" HEIGHT="22" WC="0.96" CONTENT="derom"/>
						</TextLine>
						<TextLine ID="line_34" HPOS="82" VPOS="1129" WIDTH="85" HEIGHT="21">
							<String ID="string_278" HPOS="82" VPOS="1129" WIDTH="85" HEIGHT="21" WC="0.96" CONTENT="tillåtas."/>
						</TextLine>
					</TextBlock>
					<TextBlock ID="block_7" HPOS="82" VPOS="1155" WIDTH="829" HEIGHT="58">
						<TextLine ID="line_35" HPOS="152" VPOS="1155" WIDTH="759" HEIGHT="29">
							<String ID="string_279" HPOS="152" VPOS="1158" WIDTH="12" HEIGHT="26" WC="0.95" CONTENT="8"/><SP WIDTH="19" VPOS="1158" HPOS="164"/>
							<String ID="string_280" HPOS="183" VPOS="1156" WIDTH="38" HEIGHT="23" WC="0.94" CONTENT="36."/><SP WIDTH="31" VPOS="1156" HPOS="221"/>
							<String ID="string_281" HPOS="252" VPOS="1156" WIDTH="142" HEIGHT="26" WC="0.93" CONTENT="Omröstning"/><SP WIDTH="22" VPOS="1156" HPOS="394"/>
							<String ID="string_282" HPOS="416" VPOS="1155" WIDTH="125" HEIGHT="21" WC="0.91" CONTENT="verkställes"/><SP WIDTH="24" VPOS="1155" HPOS="541"/>
							<String ID="string_283" HPOS="565" VPOS="1155" WIDTH="48" HEIGHT="21" WC="0.96" CONTENT="med"/><SP WIDTH="22" VPOS="1155" HPOS="613"/>
							<String ID="string_284" HPOS="635" VPOS="1155" WIDTH="72" HEIGHT="22" WC="0.96" CONTENT="slutna"/><SP WIDTH="15" VPOS="1155" HPOS="707"/>
							<String ID="string_285" HPOS="722" VPOS="1156" WIDTH="76" HEIGHT="26" WC="0.93" CONTENT="sedlar,"/><SP WIDTH="15" VPOS="1156" HPOS="798"/>
							<String ID="string_286" HPOS="813" VPOS="1156" WIDTH="13" HEIGHT="21" WC="0.93" CONTENT="ä"/><SP WIDTH="14" VPOS="1156" HPOS="826"/>
							<String ID="string_287" HPOS="840" VPOS="1156" WIDTH="71" HEIGHT="21" WC="0.96" CONTENT="hvilka"/>
						</TextLine>
						<TextLine ID="line_36" HPOS="82" VPOS="1184" WIDTH="315" HEIGHT="29">
							<String ID="string_288" HPOS="82" VPOS="1186" WIDTH="69" HEIGHT="22" WC="0.96" CONTENT="finnes"/><SP WIDTH="15" VPOS="1186" HPOS="151"/>
							<String ID="string_289" HPOS="166" VPOS="1186" WIDTH="70" HEIGHT="27" WC="0.96" CONTENT="tryckt"/><SP WIDTH="9" VPOS="1186" HPOS="236"/>
							<String ID="string_290" HPOS="245" VPOS="1185" WIDTH="28" HEIGHT="27" WC="0.95" CONTENT="ja"/><SP WIDTH="16" VPOS="1185" HPOS="273"/>
							<String ID="string_291" HPOS="289" VPOS="1184" WIDTH="51" HEIGHT="22" WC="0.96" CONTENT="eller"/><SP WIDTH="15" VPOS="1184" HPOS="340"/>
							<String ID="string_292" HPOS="355" VPOS="1184" WIDTH="42" HEIGHT="26" WC="0.90" CONTENT="nej."/>
						</TextLine>
					</TextBlock>
					<TextBlock ID="block_8" HPOS="80" VPOS="1212" WIDTH="832" HEIGHT="202">
						<TextLine ID="line_37" HPOS="181" VPOS="1212" WIDTH="730" HEIGHT="28">
							<String ID="string_293" HPOS="181" VPOS="1214" WIDTH="37" HEIGHT="22" WC="0.90" CONTENT="37."/><SP WIDTH="30" VPOS="1214" HPOS="218"/>
							<String ID="string_294" HPOS="248" VPOS="1214" WIDTH="35" HEIGHT="21" WC="0.92" CONTENT="Då"/><SP WIDTH="14" VPOS="1214" HPOS="283"/>
							<String ID="string_295" HPOS="297" VPOS="1212" WIDTH="34" HEIGHT="22" WC="0.96" CONTENT="val"/><SP WIDTH="16" VPOS="1212" HPOS="331"/>
							<String ID="string_296" HPOS="347" VPOS="1212" WIDTH="50" HEIGHT="22" WC="0.96" CONTENT="eller"/><SP WIDTH="16" VPOS="1212" HPOS="397"/>
							<String ID="string_297" HPOS="413" VPOS="1213" WIDTH="99" HEIGHT="27" WC="0.93" CONTENT="votering"/><SP WIDTH="11" VPOS="1213" HPOS="512"/>
							<String ID="string_298" HPOS="523" VPOS="1212" WIDTH="113" HEIGHT="27" WC="0.93" CONTENT="företages,"/><SP WIDTH="11" VPOS="1212" HPOS="636"/>
							<String ID="string_299" HPOS="647" VPOS="1212" WIDTH="53" HEIGHT="22" WC="0.95" CONTENT="skall"/><SP WIDTH="12" VPOS="1212" HPOS="700"/>
							<String ID="string_300" HPOS="712" VPOS="1219" WIDTH="83" HEIGHT="21" WC="0.96" CONTENT="upprop"/><SP WIDTH="12" VPOS="1219" HPOS="795"/>
							<String ID="string_301" HPOS="807" VPOS="1213" WIDTH="38" HEIGHT="21" WC="0.96" CONTENT="ske"/><SP WIDTH="13" VPOS="1213" HPOS="845"/>
							<String ID="string_302" HPOS="858" VPOS="1213" WIDTH="53" HEIGHT="22" WC="0.96" CONTENT="efter"/>
						</TextLine>
						<TextLine ID="line_38" HPOS="80" VPOS="1241" WIDTH="830" HEIGHT="29">
							<String ID="string_303" HPOS="80" VPOS="1243" WIDTH="213" HEIGHT="27" WC="0.92" CONTENT="anteckningslistan."/><SP WIDTH="30" VPOS="1243" HPOS="293"/>
							<String ID="string_304" HPOS="323" VPOS="1241" WIDTH="34" HEIGHT="21" WC="0.96" CONTENT="De"/><SP WIDTH="16" VPOS="1241" HPOS="357"/>
							<String ID="string_305" HPOS="373" VPOS="1242" WIDTH="132" HEIGHT="21" WC="0.93" CONTENT="närvarande"/><SP WIDTH="15" VPOS="1242" HPOS="505"/>
							<String ID="string_306" HPOS="520" VPOS="1241" WIDTH="145" HEIGHT="22" WC="0.91" CONTENT="ledamöterne"/><SP WIDTH="15" VPOS="1241" HPOS="665"/>
							<String ID="string_307" HPOS="680" VPOS="1241" WIDTH="117" HEIGHT="27" WC="0.92" CONTENT="framlägge"/><SP WIDTH="13" VPOS="1241" HPOS="797"/>
							<String ID="string_308" HPOS="810" VPOS="1242" WIDTH="35" HEIGHT="21" WC="0.93" CONTENT="vid"/><SP WIDTH="13" VPOS="1242" HPOS="845"/>
							<String ID="string_309" HPOS="858" VPOS="1248" WIDTH="52" HEIGHT="21" WC="0.92" CONTENT="upp-"/>
						</TextLine>
						<TextLine ID="line_39" HPOS="83" VPOS="1270" WIDTH="828" HEIGHT="29">
							<String ID="string_310" HPOS="83" VPOS="1278" WIDTH="40" HEIGHT="21" WC="0.96" CONTENT="rop"/><SP WIDTH="17" VPOS="1278" HPOS="123"/>
							<String ID="string_311" HPOS="140" VPOS="1272" WIDTH="32" HEIGHT="21" WC="0.93" CONTENT="sin"/><SP WIDTH="16" VPOS="1272" HPOS="172"/>
							<String ID="string_312" HPOS="188" VPOS="1272" WIDTH="42" HEIGHT="21" WC="0.91" CONTENT="val-"/><SP WIDTH="16" VPOS="1272" HPOS="230"/>
							<String ID="string_313" HPOS="246" VPOS="1271" WIDTH="51" HEIGHT="21" WC="0.93" CONTENT="eller"/><SP WIDTH="23" VPOS="1271" HPOS="297"/>
							<String ID="string_314" HPOS="320" VPOS="1270" WIDTH="175" HEIGHT="27" WC="0.88" CONTENT="voteringssedel."/><SP WIDTH="31" VPOS="1270" HPOS="495"/>
							<String ID="string_315" HPOS="526" VPOS="1270" WIDTH="41" HEIGHT="21" WC="0.96" CONTENT="Vid"/><SP WIDTH="15" VPOS="1270" HPOS="567"/>
							<String ID="string_316" HPOS="582" VPOS="1270" WIDTH="100" HEIGHT="27" WC="0.96" CONTENT="votering"/><SP WIDTH="15" VPOS="1270" HPOS="682"/>
							<String ID="string_317" HPOS="697" VPOS="1276" WIDTH="50" HEIGHT="21" WC="0.96" CONTENT="eger"/><SP WIDTH="15" VPOS="1276" HPOS="747"/>
							<String ID="string_318" HPOS="762" VPOS="1270" WIDTH="149" HEIGHT="26" WC="0.96" CONTENT="ordföranden,"/>
						</TextLine>
						<TextLine ID="line_40" HPOS="83" VPOS="1298" WIDTH="828" HEIGHT="28">
							<String ID="string_319" HPOS="83" VPOS="1301" WIDTH="65" HEIGHT="21" WC="0.93" CONTENT="innan"/><SP WIDTH="24" VPOS="1301" HPOS="148"/>
							<String ID="string_320" HPOS="172" VPOS="1300" WIDTH="98" HEIGHT="22" WC="0.90" CONTENT="sedlarna"/><SP WIDTH="22" VPOS="1300" HPOS="270"/>
							<String ID="string_321" HPOS="292" VPOS="1301" WIDTH="89" HEIGHT="25" WC="0.93" CONTENT="öppnas,"/><SP WIDTH="18" VPOS="1301" HPOS="381"/>
							<String ID="string_322" HPOS="399" VPOS="1300" WIDTH="75" HEIGHT="25" WC="0.92" CONTENT="uttaga"/><SP WIDTH="15" VPOS="1300" HPOS="474"/>
							<String ID="string_323" HPOS="489" VPOS="1305" WIDTH="26" HEIGHT="15" WC="0.97" CONTENT="en"/><SP WIDTH="16" VPOS="1305" HPOS="515"/>
							<String ID="string_324" HPOS="531" VPOS="1298" WIDTH="64" HEIGHT="22" WC="0.96" CONTENT="bland"/><SP WIDTH="16" VPOS="1298" HPOS="595"/>
							<String ID="string_325" HPOS="611" VPOS="1298" WIDTH="48" HEIGHT="22" WC="0.96" CONTENT="dem"/><SP WIDTH="16" VPOS="1298" HPOS="659"/>
							<String ID="string_326" HPOS="675" VPOS="1299" WIDTH="40" HEIGHT="21" WC="0.96" CONTENT="och"/><SP WIDTH="15" VPOS="1299" HPOS="715"/>
							<String ID="string_327" HPOS="730" VPOS="1299" WIDTH="124" HEIGHT="21" WC="0.93" CONTENT="densamma"/><SP WIDTH="14" VPOS="1299" HPOS="854"/>
							<String ID="string_328" HPOS="868" VPOS="1298" WIDTH="43" HEIGHT="22" WC="0.92" CONTENT="för-"/>
						</TextLine>
						<TextLine ID="line_41" HPOS="84" VPOS="1326" WIDTH="828" HEIGHT="30">
							<String ID="string_329" HPOS="84" VPOS="1330" WIDTH="73" HEIGHT="26" WC="0.91" CONTENT="seglad"/><SP WIDTH="16" VPOS="1330" HPOS="157"/>
							<String ID="string_330" HPOS="173" VPOS="1331" WIDTH="75" HEIGHT="25" WC="0.93" CONTENT="genast"/><SP WIDTH="15" VPOS="1331" HPOS="248"/>
							<String ID="string_331" HPOS="263" VPOS="1327" WIDTH="89" HEIGHT="27" WC="0.92" CONTENT="aflägga."/><SP WIDTH="30" VPOS="1327" HPOS="352"/>
							<String ID="string_332" HPOS="382" VPOS="1326" WIDTH="101" HEIGHT="22" WC="0.92" CONTENT="Befinnas"/><SP WIDTH="15" VPOS="1326" HPOS="483"/>
							<String ID="string_333" HPOS="498" VPOS="1327" WIDTH="36" HEIGHT="21" WC="0.93" CONTENT="vid"/><SP WIDTH="15" VPOS="1327" HPOS="534"/>
							<String ID="string_334" HPOS="549" VPOS="1327" WIDTH="216" HEIGHT="21" WC="0.92" CONTENT="sammanräknandet"/><SP WIDTH="10" VPOS="1327" HPOS="765"/>
							<String ID="string_335" HPOS="775" VPOS="1327" WIDTH="23" HEIGHT="21" WC="0.96" CONTENT="af"/><SP WIDTH="8" VPOS="1327" HPOS="798"/>
							<String ID="string_336" HPOS="806" VPOS="1328" WIDTH="27" HEIGHT="21" WC="0.96" CONTENT="de"/><SP WIDTH="11" VPOS="1328" HPOS="833"/>
							<String ID="string_337" HPOS="844" VPOS="1327" WIDTH="68" HEIGHT="28" WC="0.96" CONTENT="öfriga"/>
						</TextLine>
						<TextLine ID="line_42" HPOS="82" VPOS="1355" WIDTH="830" HEIGHT="29">
							<String ID="string_338" HPOS="82" VPOS="1358" WIDTH="101" HEIGHT="22" WC="0.92" CONTENT="sedlarna"/><SP WIDTH="14" VPOS="1358" HPOS="183"/>
							<String ID="string_339" HPOS="197" VPOS="1359" WIDTH="98" HEIGHT="20" WC="0.96" CONTENT="rösterna"/><SP WIDTH="15" VPOS="1359" HPOS="295"/>
							<String ID="string_340" HPOS="310" VPOS="1356" WIDTH="43" HEIGHT="21" WC="0.96" CONTENT="lika"/><SP WIDTH="15" VPOS="1356" HPOS="353"/>
							<String ID="string_341" HPOS="368" VPOS="1356" WIDTH="80" HEIGHT="26" WC="0.95" CONTENT="delade,"/><SP WIDTH="16" VPOS="1356" HPOS="448"/>
							<String ID="string_342" HPOS="464" VPOS="1356" WIDTH="54" HEIGHT="21" WC="0.96" CONTENT="skall"/><SP WIDTH="15" VPOS="1356" HPOS="518"/>
							<String ID="string_343" HPOS="533" VPOS="1356" WIDTH="41" HEIGHT="21" WC="0.93" CONTENT="den"/><SP WIDTH="15" VPOS="1356" HPOS="574"/>
							<String ID="string_344" HPOS="589" VPOS="1355" WIDTH="84" HEIGHT="27" WC="0.92" CONTENT="aflagda"/><SP WIDTH="12" VPOS="1355" HPOS="673"/>
							<String ID="string_345" HPOS="685" VPOS="1356" WIDTH="73" HEIGHT="21" WC="0.96" CONTENT="sedeln"/><SP WIDTH="16" VPOS="1356" HPOS="758"/>
							<String ID="string_346" HPOS="774" VPOS="1358" WIDTH="83" HEIGHT="26" WC="0.96" CONTENT="öppnas"/><SP WIDTH="15" VPOS="1358" HPOS="857"/>
							<String ID="string_347" HPOS="872" VPOS="1356" WIDTH="40" HEIGHT="22" WC="0.96" CONTENT="och"/>
						</TextLine>
						<TextLine ID="line_43" HPOS="82" VPOS="1386" WIDTH="188" HEIGHT="28">
							<String ID="string_348" HPOS="82" VPOS="1386" WIDTH="75" HEIGHT="28" WC="0.91" CONTENT="afgöra"/><SP WIDTH="15" VPOS="1386" HPOS="157"/>
							<String ID="string_349" HPOS="172" VPOS="1386" WIDTH="98" HEIGHT="22" WC="0.96" CONTENT="beslutet."/>
						</TextLine>
					</TextBlock>
					<TextBlock ID="block_9" HPOS="84" VPOS="1412" WIDTH="828" HEIGHT="88">
						<TextLine ID="line_44" HPOS="153" VPOS="1412" WIDTH="757" HEIGHT="28">
							<String ID="string_350" HPOS="153" VPOS="1416" WIDTH="65" HEIGHT="21" WC="0.96" CONTENT="Emot"/><SP WIDTH="15" VPOS="1416" HPOS="218"/>
							<String ID="string_351" HPOS="233" VPOS="1414" WIDTH="71" HEIGHT="22" WC="0.96" CONTENT="beslut"/><SP WIDTH="20" VPOS="1414" HPOS="304"/>
							<String ID="string_352" HPOS="324" VPOS="1413" WIDTH="35" HEIGHT="21" WC="0.93" CONTENT="må"/><SP WIDTH="15" VPOS="1413" HPOS="359"/>
							<String ID="string_353" HPOS="374" VPOS="1413" WIDTH="109" HEIGHT="27" WC="0.92" CONTENT="skiljaktig"/><SP WIDTH="14" VPOS="1413" HPOS="483"/>
							<String ID="string_354" HPOS="497" VPOS="1413" WIDTH="88" HEIGHT="27" WC="0.96" CONTENT="mening"/><SP WIDTH="14" VPOS="1413" HPOS="585"/>
							<String ID="string_355" HPOS="599" VPOS="1412" WIDTH="24" HEIGHT="22" WC="0.96" CONTENT="af"/><SP WIDTH="13" VPOS="1412" HPOS="623"/>
							<String ID="string_356" HPOS="636" VPOS="1413" WIDTH="47" HEIGHT="25" WC="0.96" CONTENT="den,"/><SP WIDTH="16" VPOS="1413" HPOS="683"/>
							<String ID="string_357" HPOS="699" VPOS="1419" WIDTH="46" HEIGHT="15" WC="0.96" CONTENT="som"/><SP WIDTH="17" VPOS="1419" HPOS="745"/>
							<String ID="string_358" HPOS="762" VPOS="1414" WIDTH="6" HEIGHT="20" WC="0.96" CONTENT="i"/><SP WIDTH="16" VPOS="1414" HPOS="768"/>
							<String ID="string_359" HPOS="784" VPOS="1414" WIDTH="94" HEIGHT="21" WC="0.96" CONTENT="beslutet"/><SP WIDTH="14" VPOS="1414" HPOS="878"/>
							<String ID="string_360" HPOS="892" VPOS="1414" WIDTH="18" HEIGHT="26" WC="0.95" CONTENT="ej"/>
						</TextLine>
						<TextLine ID="line_45" HPOS="84" VPOS="1442" WIDTH="828" HEIGHT="28">
							<String ID="string_361" HPOS="84" VPOS="1444" WIDTH="94" HEIGHT="26" WC="0.91" CONTENT="instämt,"/><SP WIDTH="16" VPOS="1444" HPOS="178"/>
							<String ID="string_362" HPOS="194" VPOS="1444" WIDTH="31" HEIGHT="21" WC="0.96" CONTENT="till"/><SP WIDTH="18" VPOS="1444" HPOS="225"/>
							<String ID="string_363" HPOS="243" VPOS="1442" WIDTH="130" HEIGHT="28" WC="0.96" CONTENT="protokollet"/><SP WIDTH="14" VPOS="1442" HPOS="373"/>
							<String ID="string_364" HPOS="387" VPOS="1442" WIDTH="102" HEIGHT="25" WC="0.94" CONTENT="anmälas,"/><SP WIDTH="16" VPOS="1442" HPOS="489"/>
							<String ID="string_365" HPOS="505" VPOS="1448" WIDTH="48" HEIGHT="15" WC="0.96" CONTENT="men"/><SP WIDTH="16" VPOS="1448" HPOS="553"/>
							<String ID="string_366" HPOS="569" VPOS="1442" WIDTH="77" HEIGHT="21" WC="0.96" CONTENT="sådant"/><SP WIDTH="15" VPOS="1442" HPOS="646"/>
							<String ID="string_367" HPOS="661" VPOS="1442" WIDTH="6" HEIGHT="20" WC="0.96" CONTENT="i"/><SP WIDTH="15" VPOS="1442" HPOS="667"/>
							<String ID="string_368" HPOS="682" VPOS="1442" WIDTH="65" HEIGHT="26" WC="0.96" CONTENT="ingen"/><SP WIDTH="16" VPOS="1442" HPOS="747"/>
							<String ID="string_369" HPOS="763" VPOS="1442" WIDTH="102" HEIGHT="21" WC="0.95" CONTENT="händelse"/><SP WIDTH="16" VPOS="1442" HPOS="865"/>
							<String ID="string_370" HPOS="881" VPOS="1442" WIDTH="31" HEIGHT="22" WC="0.95" CONTENT="till"/>
						</TextLine>
						<TextLine ID="line_46" HPOS="85" VPOS="1470" WIDTH="781" HEIGHT="30">
							<String ID="string_371" HPOS="85" VPOS="1479" WIDTH="28" HEIGHT="21" WC="0.93" CONTENT="ny"/><SP WIDTH="15" VPOS="1479" HPOS="113"/>
							<String ID="string_372" HPOS="128" VPOS="1472" WIDTH="161" HEIGHT="27" WC="0.90" CONTENT="öfverläggning"/><SP WIDTH="15" VPOS="1472" HPOS="289"/>
							<String ID="string_373" HPOS="304" VPOS="1470" WIDTH="91" HEIGHT="22" WC="0.95" CONTENT="rörande"/><SP WIDTH="16" VPOS="1470" HPOS="395"/>
							<String ID="string_374" HPOS="411" VPOS="1470" WIDTH="41" HEIGHT="22" WC="0.96" CONTENT="den"/><SP WIDTH="16" VPOS="1470" HPOS="452"/>
							<String ID="string_375" HPOS="468" VPOS="1470" WIDTH="66" HEIGHT="22" WC="0.93" CONTENT="redan"/><SP WIDTH="15" VPOS="1470" HPOS="534"/>
							<String ID="string_376" HPOS="549" VPOS="1470" WIDTH="99" HEIGHT="27" WC="0.92" CONTENT="afgjorda"/><SP WIDTH="15" VPOS="1470" HPOS="648"/>
							<String ID="string_377" HPOS="663" VPOS="1470" WIDTH="74" HEIGHT="27" WC="0.96" CONTENT="frågan"/><SP WIDTH="14" VPOS="1470" HPOS="737"/>
							<String ID="string_378" HPOS="751" VPOS="1470" WIDTH="115" HEIGHT="22" WC="0.96" CONTENT="föranleda."/>
						</TextLine>
					</TextBlock>
				</ComposedBlock>
			</PrintSpace>
		</Page>
	</Layout>
</alto>
