1086 1767
165 114 42 20 878
443 118 24 16 R.
480 121 18 13 o.
510 117 25 17 A.
547 117 59 17 1906.
630 117 25 17 10
669 117 56 20 Sept.

168 186 114 22 allehanda
306 185 79 29 rykten
400 184 47 22 frän
463 184 134 28 Petersburg.
626 184 43 28 Jag
685 186 70 20 röstar
773 185 128 28 obetingadt
915 186 35 21 för
965 189 34 18 ett

168 214 121 28 antagande
305 214 24 21 af
346 213 123 22 Utskottets
484 213 303 29 sammanjemkningsförslag.

236 270 33 22 Pä
290 269 71 29 grund
385 270 23 20 af
428 269 40 22 den
491 269 89 22 sälunda
596 269 152 29 försiggängna
764 270 151 22 diskussionen
932 271 67 21 fram-

169 300 72 21 stälde
256 299 35 21 Hr
305 298 208 22 Landtmarskalken
529 298 32 21 till
577 298 25 21 R.
617 305 19 14 0.
652 299 39 21 A:s
708 299 133 21 besvarande
857 299 96 29 följande

364 396 441 28 Omröstningsproposition:

238 459 55 25 Den,
308 466 47 14 som
376 458 125 28 godkänner
520 457 323 29 sammanjemkningsförslaget
863 458 135 22 beträffande

172 488 11 28 8
198 489 20 25 9,
232 489 70 19 röstar
316 488 30 28 ja;

238 546 75 20 vinner
329 544 41 28 nej,
386 544 37 20 har
438 544 26 21 R.
479 552 19 13 o.
514 545 26 19 A.
555 544 97 28 godkänt
667 544 35 21 Hr
716 544 122 28 Törngrens
854 544 86 28 förslag.

238 608 79 22 Denna
341 608 131 28 proposition
496 606 128 22 besvarades
647 607 49 21 med
720 607 160 28 öfvervägande
899 608 40 28 nej,
955 608 43 21 och

171 637 55 22 hade
242 637 26 21 R.
284 644 18 14 o.
319 637 27 21 A.
361 635 90 21 sälunda
470 636 5 20 i
492 635 93 29 enlighet
601 635 48 21 med
665 635 35 21 Hr
714 635 123 28 Törngrens
853 636 81 28 förslag
950 636 46 22 vid-

173 666 73 21 blifvit
268 666 37 20 sitt
328 664 90 28 tidigare
441 664 69 21 beslut
533 665 5 20 i
559 664 102 21 afseende
677 664 13 20 å
706 664 12 27 &
735 665 12 20 9
763 668 54 17 samt
832 664 167 22 äterremitterat

171 693 323 29 sammanjemkningsförslaget
515 693 31 21 till
569 692 114 22 Utskottet
706 694 6 20 i
735 692 56 29 syfte
813 696 33 18 att
865 692 134 23 Ständernas

171 730 50 14 svar
236 723 13 21 &
271 721 141 22 förenämnda
435 722 47 20 nåd.
499 729 58 21 prop.
573 721 66 21 måtte
662 721 112 21 förbindas
790 721 47 21 med
855 729 26 14 en
897 722 99 21 anhållan

171 755 31 18 att
218 752 32 20 till
266 752 61 20 nästa
352 750 102 28 landtdag
476 750 72 21 blefve
571 750 147 21 öfverlemnad
741 757 24 13 en
782 750 65 28 nädig
862 751 134 27 proposition

171 780 73 21 derom
261 783 30 17 att
307 778 297 22 ministerstatssekreteraren
625 778 40 21 och
682 778 53 21 hans
751 778 81 28 adjoint
848 779 72 21 blefve
936 779 62 21 inbe-

171 810 76 27 gripne
263 808 65 21 bland
353 808 26 20 de
402 807 211 28 styrelseledamöter,
629 807 73 21 hvilka
719 814 50 14 vore
784 807 159 21 underkastade
959 815 38 13 an-

170 837 110 28 svarighet
295 836 68 28 enligt
385 836 65 28 sagda
469 836 39 28 lag.
539 836 108 28 Derjemte
668 835 54 21 hade
741 836 26 20 R.
782 843 18 13 o.
815 836 28 21 A.
857 836 92 26 beslutit,
965 840 33 17 att

185 874 62 13 enom
264 873 26 13 en
306 865 125 28 deputation
448 864 87 28 inbjuda
550 864 140 21 medständen
706 867 31 18 att
753 864 73 21 förena
839 866 33 26 sig
887 872 33 13 om
937 865 61 21 detta

186 894 86 22 tändets
287 894 77 21 beslut.

235 951 36 23 Pä
287 951 34 21 Hr
337 950 219 21 Landtmarskalkens
569 950 158 28 framställning
737 950 87 28 utsägos
835 950 33 22 till
879 950 119 22 ledamöter

171 982 6 20 i
200 979 140 22 förenämnda
364 979 124 28 deputation
510 978 45 22 Hrr
577 979 28 27 af
616 978 131 28 Hällström,
766 979 113 27 Törngren
894 979 40 22 och
950 979 47 21 Ku-

170 1010 55 21 stavi
246 1008 128 27 Grotenfelt.

239 1088 72 22 Sedan
336 1088 70 21 öfriga
428 1089 6 19 i
455 1086 360 30 sammanjemkningsbetänkandet
831 1087 105 28 ingäende
952 1088 45 20 för-

172 1118 30 21 slag
240 1118 72 21 blifvit
334 1116 23 22 af
400 1134 4 4 R.
420 1124 17 14 o.
452 1117 28 21 A.
495 1119 50 18 utan
569 1116 140 28 anmärkning
731 1116 114 28 godkända
867 1116 41 22 och
923 1120 74 24 proto-

173 1147 66 21 kollet
261 1146 63 21 öfver
346 1145 101 21 Ständets
470 1146 6 20 i
492 1145 69 21 denna
578 1144 61 28 fräga
655 1144 82 22 fattade
753 1144 70 22 beslut
837 1146 107 26 justerats,
958 1152 39 14 an-

172 1175 91 21 modade
279 1174 34 22 Hr
323 1173 207 22 Landtmarskalken
542 1174 153 28 deputationen
708 1176 31 18 att
747 1174 31 20 till
789 1173 140 21 medständen
940 1173 58 28 afgä.

170 1359 97 23 Arvoden
282 1358 37 23 för
335 1358 143 28 Expeditions-
494 1358 40 22 och
549 1357 241 27 Justeringsutskottens
805 1358 117 22 ledamöter
932 1364 26 16 m.
970 1363 27 17 m.

241 1427 57 22 Frän
314 1426 166 22 Statsutskottet
495 1426 54 21 hade
566 1426 68 28 ingätt
649 1433 26 14 en
691 1426 25 22 sä
731 1426 90 29 lydande
838 1426 124 22 skrifvelse:
