1086 1764
318 112 35 20 Ny
364 111 218 20 Riddarhusordning.
845 105 25 20 11

110 181 12 27 8
139 180 36 22 14.
205 176 31 25 Är
252 181 93 19 ätteman
360 179 6 21 i
382 179 88 27 behörig
484 178 93 28 ordning
589 178 127 26 antecknad,
726 185 40 21 ege
776 178 7 22 i
794 178 78 22 sådant

39 216 38 23 fall
99 214 133 23 hufvudman
254 213 101 27 rättighet
376 215 35 24 att,
427 213 27 27 på
476 213 69 27 grund
567 212 25 22 af
605 213 137 27 vederbörlig
762 212 105 27 fullmakt,

39 252 48 20 säte
107 249 34 21 för
163 254 70 16 annan
256 249 32 19 ätt
309 247 77 27 intaga.
416 246 144 26 Hufvudman,
576 253 49 15 som
641 246 24 22 af
677 246 121 28 fullmäktig
814 246 56 22 före-

40 284 79 26 trädes,
143 289 57 21 eger.
214 282 47 22 icke
283 282 67 21 under
372 282 36 20 det
429 281 126 21 adelsmötet
571 280 52 28 sjelf
629 281 241 27 representationsrätt

41 318 80 22 utöfva.

111 352 46 21 Dör
179 350 139 24 hufvudman,
332 350 69 21 lemne
422 349 125 27 fullmäktig,
563 355 49 15 som
628 348 34 22 för
677 351 58 19 ätten
750 349 120 21 antecknad

41 386 76 26 blifvit,
133 386 36 21 det
183 386 47 20 säte
244 384 42 21 han
302 383 32 22 för
347 390 80 15 samma
442 385 31 20 ätt
487 382 101 23 innehaft.
614 384 46 26 Lag
671 389 81 15 samma
767 389 55 20 vare,
833 389 36 15 om

41 420 132 22 hufvudman
190 419 33 22 sin
240 418 226 27 representationsrätt
480 417 97 22 förlorar.

112 454 13 28 8
141 454 35 22 15.
207 452 111 22 Innehälla
339 452 25 22 de
379 452 27 27 på
428 452 144 22 Riddarhuset
593 452 112 27 befintliga
721 452 151 27 genealogiska

42 489 117 22 tabellerna
181 488 46 21 icke
249 486 124 28 fullständig
395 486 114 28 utredning
531 492 35 15 om
589 486 42 22 den
655 486 96 27 persons'
765 485 106 22 födelseår

41 524 42 22 och
98 523 57 27 -dag,
170 522 84 22 hvilken
277 521 68 22 första
361 521 82 27 gången
466 521 71 21 såsom
559 521 110 27 deltagare
683 521 8 21 i
706 521 116 21 adelsmöte
838 521 34 26 sig

42 557 101 26 anmäler,
158 557 70 26 åligge
243 555 85 26 honom,
341 561 34 16 om
392 555 24 21 så
430 554 115 28 påfordras,
557 557 31 19 att
604 555 34 21 sin
654 555 59 21 ålder
729 555 48 21 med
793 555 78 27 lagliga

43 593 61 21 bevis
127 591 77 28 styrka.
234 589 77 22 Påstår
335 590 39 21 den
397 589 99 26 sökande,
515 591 32 20 att
568 589 27 22 de
610 590 7 21 i
633 589 60 22 detta
715 589 99 22 afseende
836 595 36 16 om

43 627 81 22 honom
139 626 7 21 i
161 624 126 29 genealogin
311 624 74 27 gjorda
407 624 180 27 anteckningarna
609 625 39 20 äro
671 623 97 28 oriktiga,
784 623 39 22 och
838 629 34 16 er-

43 661 86 22 fordras
144 661 98 20 närmare
257 659 115 26 utredning
386 658 80 26 derom,
481 658 106 21 huruvida
601 657 43 22 han
660 658 36 21 må
711 658 71 21 såsom
798 664 73 21 repre-

44 697 87 20 sentant
146 693 129 28 godkännas,
294 693 39 21 bör
347 693 49 21 med
410 693 78 26 pollets
511 692 125 27 utgifvande
659 692 32 21 till
710 692 78 21 honom
804 692 68 26 anstå,

44 729 55 22 intill
114 729 50 22 dess
185 728 42 21 han
242 727 41 22 slik
304 727 116 27 utredning
434 726 110 22 anskaffat.
574 726 75 22 Skulle
664 726 52 22 flere
732 727 28 26 på
774 733 26 14 en
816 727 57 26 gång

45 766 53 25 göra
112 762 93 28 anspråk
220 762 28 27 på
263 761 203 22 hufvudmannarätt
480 761 52 21 eller
546 763 100 19 närmare
661 763 167 19 ättemannarätt
840 760 33 22 för

45 804 83 16 samma
143 799 30 20 ätt
188 797 52 20 eller
256 795 75 22 anföra
345 795 106 28 klagomål
466 795 103 27 deröfver,
584 797 33 20 att
632 795 67 28 pollet
715 795 115 22 utlemnats
845 795 29 27 på

45 833 71 27 grund
127 831 22 22 af
157 831 93 22 förment
264 829 79 28 oriktig
353 830 116 27 genealogi,
483 829 27 22 då
520 830 85 21 komme
616 830 42 21 den
669 829 67 28 enligt
746 829 126 28 genealogin

45 867 71 21 dertill
138 867 96 20 närmast
255 864 131 27 berättigade
408 866 32 19 att
462 864 115 21 antecknas
601 864 52 21 eller
675 863 131 22 fortfarande
822 870 52 15 vara

45 900 126 26 antecknad,
185 899 54 22 intill
254 899 50 21 dess
320 899 40 20 den
376 899 66 21 andre
458 899 33 21 sin
506 899 70 21 bättre
591 900 44 19 rätt
649 898 117 27 behörigen
784 898 76 27 styrkt.

116 935 13 27 8
145 935 36 21 16.
210 933 109 28 Uppvisas
334 933 36 21 två
384 933 51 21 eller
450 932 56 30 flerg
516 932 23 22 af
552 939 82 15 samma
646 932 132 22 hufvudman
789 932 84 28 utgifna

45 970 123 22 fullmakter
182 968 33 22 för
230 970 64 23 ätten,
312 968 65 21 varde
392 968 26 21 de
433 967 41 22 alla
489 967 96 27 ogillade.

117 1005 12 25 8
145 1003 34 22 17.
210 1003 46 21 Har
277 1002 162 27 inträdespollet
463 1001 69 22 blifvit
555 1002 72 26 någon
653 1002 157 27 Ridderskapet
832 1002 41 21 och

47 1038 82 22 Adelns
152 1037 89 22 medlem
264 1036 86 27 vägrad,
365 1042 39 21 ege
426 1036 41 21 han
488 1038 43 19 rätt
545 1038 32 19 att
597 1035 22 22 fä
633 1036 38 21 sitt
686 1036 94 28 anspräk
795 1042 78 21 genom

47 1072 143 22 ordföranden
206 1072 7 21 i
232 1070 256 22 Riddarhusdirektionen
511 1070 50 22 eller
584 1070 230 22 Riddarhusutskottet
836 1077 38 15 an-

47 1107 68 21 mäldt
139 1106 36 22 vid
196 1105 56 22 först
276 1104 126 22 inträffande
427 1104 157 22 sammanträde
607 1104 22 22 af
651 1104 157 28 Ridderskapet
834 1104 39 22 och

47 1141 77 26 Adeln,
139 1140 28 28 pä
181 1140 63 22 hvars
260 1139 87 27 slutliga
361 1138 116 28 afgörande
491 1138 74 28 frägan
581 1139 98 21 kommer
694 1141 32 19 att
740 1139 58 21 bero.

117 1177 14 25 8
147 1176 34 21 18.
210 1174 40 22 Till
260 1173 157 27 Ridderskapet
424 1173 40 21 och
472 1173 81 22 Adelns
564 1173 153 27 samlingsrum
728 1174 68 21 under
806 1173 70 22 adels-

48 1212 58 20 möte
129 1210 34 21 mä
184 1209 18 27 ej
219 1209 70 27 nägon
313 1208 65 21 vinna
398 1208 89 26 inträde,
503 1208 64 21 innan
591 1207 47 27 han,
655 1208 37 21 der
715 1208 24 21 sä
757 1208 117 27 päfordras,

49 1245 102 27 uppvisat
165 1243 88 27 behörig
267 1242 169 27 inträdespollet.

119 1279 12 28 8
147 1278 34 22 19.
213 1277 125 22 Adelsmöte
361 1276 53 22 skall
429 1278 83 26 öppnas
527 1276 23 22 af
563 1276 144 22 ordföranden
723 1277 6 21 i
745 1277 132 21 Riddarhus-

49 1314 140 24 direktionen,
205 1311 105 22 hvarefter
326 1311 133 21 omedelbart
473 1311 84 21 skrides
572 1311 32 21 till
616 1311 34 21 val
665 1311 22 21 af
701 1310 128 22 ordförande
844 1310 34 22 för

49 1348 133 22 adelsmötet.
212 1346 69 22 Sedan
304 1346 59 20 detta
386 1345 33 22 val
442 1345 116 26 förrättats,
574 1345 71 27 intage
668 1346 138 21 adelsmötets
828 1345 50 21 ord-

49 1382 90 23 förande
159 1380 216 27 ordförandeplatsen,
391 1378 106 22 hvarefter
513 1379 174 22 viceordförande
702 1380 33 21 för
750 1380 127 21 adelsmötet

50 1417 74 27 väljes.

121 1449 149 23 Ordföranden
292 1448 34 21 mä
342 1448 18 27 ej
384 1451 49 24 taga
456 1448 33 22 del
506 1449 7 20 i
528 1448 139 22 adelsmötets
691 1448 187 28 öfverläggningar

51 1486 39 21 och
107 1485 75 22 beslut.
