1081 1761
391 143 190 33 Tryckfrihetslag.
866 144 41 20 737

227 424 143 34 Tisdagen
389 423 55 27 den
462 424 29 25 17
509 422 62 28 Juli
590 423 39 26 kl.
648 424 15 25 7
682 432 22 18 e.
721 431 35 18 m.

146 504 202 28 Protokollsutdrag
363 504 62 21 öfver
440 504 26 21 R.
481 511 19 15 o.
515 504 39 21 A:s
570 504 36 21 vid
623 504 121 28 gärdagens
760 504 86 28 plenum
864 504 44 21 fat-

75 535 52 21 tade
144 534 69 22 beslut
229 533 109 29 upplästes
354 533 32 21 till
401 533 104 27 justering
521 532 40 22 och
575 532 134 28 godkändes.

147 677 35 21 Hr
203 675 208 22 Landtmarskalken
434 675 143 28 tillkännapaf
599 678 32 18 att
651 675 64 28 plena
731 675 34 21 för
779 675 72 22 denna
866 675 43 29 dag

76 706 76 23 blifvit
173 708 79 19 utsatta
275 704 32 21 till
331 704 27 21 kl.
378 705 11 20 7
406 704 41 21 och
461 705 14 20 8
490 704 28 28 pä
533 704 94 26 aftonen,
643 704 102 21 särskildt
761 704 48 21 med
824 704 84 29 hänsyn

77 735 32 21 till
134 735 37 20 det
193 733 306 28 sammanjemkningsförslag,
514 740 45 14 som
575 732 47 21 frän
639 732 154 28 Lagutskottet
809 740 51 14 vore
876 736 32 18 att

77 764 123 21 införvänta
217 761 132 22 beträffande
365 761 102 28 förslaget
482 761 32 21 till
530 761 181 28 tryckfrihetslag,
728 769 47 13 men
792 765 32 18 att
839 762 67 21 emel-

78 791 64 22 lertid
168 791 66 28 enligt
260 789 113 22 meddelad
403 790 155 21 underrättelse
585 789 323 29 sammanjemkningsförslaget

78 821 108 28 knappast
201 819 61 22 torde
279 819 72 21 kunna
366 819 113 20 ankomma
494 818 45 21 förr
553 820 27 19 än
596 819 91 20 emellan
699 819 27 21 kl.
737 819 13 20 8
761 819 41 21 och
814 819 19 26 9,
843 819 65 20 hvar-

78 849 36 22 för
145 852 21 18 det
181 849 91 28 plenum,
288 855 45 14 som
351 855 28 13 nu
395 847 81 27 vidtog,
491 847 68 21 mäste
575 847 72 28 fortgä
662 847 56 21 ända
734 847 42 21 tills
788 847 50 21 dess
850 847 58 21 före-

78 877 93 22 nämnda
187 877 81 27 förslag
284 876 117 25 inkommit,
417 876 48 20 med
485 875 36 21 det
537 875 80 22 afbrott
633 875 72 26 likväl,
721 883 45 13 som
783 876 72 20 kunde
871 875 37 22 be-

78 907 70 21 finnas
164 905 102 29 lämpligt.

393 1040 102 24 Ständets
510 1030 89 34 valmän.

152 1105 150 24 Ordföranden
319 1105 34 21 för
369 1104 102 23 Ständets
488 1105 84 22 valmän

152 1163 33 21 Hr
207 1163 75 21 Alexis
306 1162 201 28 Gripenberg
529 1163 71 20 anhöll
623 1171 34 13 om
681 1163 62 21 ordet
761 1163 40 21 och
816 1163 96 28 yttrade:

82 1194 26 21 R.
123 1200 19 14 o.
158 1193 26 20 A.
200 1192 69 21 beslöt
285 1192 5 20 i
306 1190 39 28 går
360 1191 28 28 pä
403 1191 157 27 framställning
576 1192 22 20 af
614 1191 161 22 vederbörande
787 1191 83 21 utskott
880 1194 32 18 att

82 1222 24 21 åt
128 1223 46 20 sina
196 1221 106 21 elektorer
327 1220 111 28 uppdraga
453 1223 32 17 att
499 1223 47 17 utse
561 1223 80 18 tvenne
657 1220 137 29 suppleanter
809 1221 6 19 i
832 1220 82 28 Lagut-

82 1251 83 21 skottet
180 1249 40 22 och
236 1256 26 14 en
278 1249 5 20 i
300 1248 233 28 Justeringsutskottet.
564 1248 34 21 Då
613 1248 189 29 nödvändigheten
814 1249 24 21 af
849 1248 64 22 dessa

83 1279 149 29 suppleanters
254 1277 103 21 utseende
380 1284 38 14 var
437 1278 43 26 mig
495 1277 90 28 tidigare
601 1277 86 27 bekant,
703 1278 54 20 hade
773 1278 35 27 jag
822 1278 8 20 i
846 1285 66 20 egea-

83 1308 55 28 skap
154 1307 22 21 af
191 1306 146 22 elektorernes
353 1305 130 21 ordförande
498 1306 47 20 lätit
561 1306 6 20 i
583 1306 41 28 god
641 1306 30 21 tid
683 1306 153 21 sammankalla
848 1306 63 21 Stän-

83 1336 49 22 dets
148 1336 105 21 elektorer
268 1334 31 21 till
316 1336 57 19 möte
389 1334 54 21 efter
459 1334 120 28 gårdagens
595 1334 91 28 plenum.
717 1335 74 21 Ehuru
807 1334 77 22 endast
898 1338 13 18 4

84 1365 107 21 elektorer
206 1364 42 27 mig
264 1363 118 27 veterligen
398 1364 36 20 äro
451 1363 49 21 med
515 1363 207 22 landtmarskalkens
737 1363 98 21 tillständ
854 1363 58 21 frän-

84 1393 100 26 varande,
207 1392 100 28 lyckades
331 1399 48 13 man
395 1392 5 20 i
416 1392 39 27 gär
470 1392 47 21 icke
541 1391 22 21 fä
586 1392 35 21 ihop
655 1400 44 13 mer
714 1394 27 19 än
759 1393 24 20 16
800 1392 116 25 elektorer,

85 1422 67 22 ehuru
168 1422 26 21 18
210 1423 22 19 är
248 1420 36 21 det
300 1421 77 20 minsta
393 1420 64 25 antal,
473 1428 45 13 som
535 1420 66 28 enligt
637 1420 227 28 Landtdagsordningen
885 1428 34 14 er-

85 1451 85 21 fordras
186 1450 34 21 för
234 1452 32 18 att
281 1449 134 21 elektorerne
431 1449 60 20 skola
507 1456 50 14 vara
575 1449 123 21 beslutföra.
729 1449 51 21 Med
796 1449 122 28 anledning

85 1479 63 21 deraf
163 1478 65 28 vägar
243 1479 36 26 jag
294 1477 110 21 vördsamt
419 1477 91 26 anhälla,
525 1480 32 18 att
572 1477 25 22 R.
613 1485 18 14 o.
647 1478 26 21 A.
689 1478 50 21 ville
755 1477 32 21 till
803 1477 112 28 protokol-

86 1508 30 21 let
138 1507 66 22 uttala
228 1505 187 28 nödvändigheten
433 1506 22 21 af
471 1509 31 18 att
517 1505 46 22 Hrr
578 1506 105 21 elektorer
698 1506 36 21 vid
751 1507 60 20 nästa
829 1506 87 28 plenum

86 1535 181 22 sammankomma
283 1535 32 20 till
331 1535 115 20 beslutfört
461 1535 64 20 antal.

848 1577 22 16 47
