1084 1764
174 95 42 20 748
455 99 24 17 R.
492 103 18 12 o.
522 99 26 16 A.
560 98 59 17 1906.
643 98 23 17 17
677 98 52 17 Juli.

365 189 452 28 Omröstningsproposition:

247 254 56 25 Den,
328 260 45 14 som
396 252 125 28 godkänner
543 251 147 28 föreliggande
709 252 303 28 sammanjemkningsförslag

176 283 8 21 i
199 282 71 22 denna
286 281 42 27 del,
344 282 68 20 röstar
427 281 31 28 ja;

247 340 77 20 vinner
345 339 41 27 nej,
401 337 38 22 har
454 337 26 22 R.
495 345 19 14 o.
528 338 27 20 A.
571 338 6 20 i
593 337 94 28 enlighet
710 337 48 22 med
781 337 58 22 Frih.
861 338 91 22 Wredes
967 339 46 20 för-

177 368 47 28 slag
250 368 90 21 beslutit
362 367 154 20 återremittera
539 366 322 28 sammanjemkningsförslaget
882 367 32 21 till
931 367 81 28 Lagut-

178 397 84 21 skottet
283 397 5 20 i
306 395 104 22 afseende
425 395 13 20 &
454 394 138 29 uppgörande
608 395 22 20 af
646 397 48 25 nytt
709 395 80 28 förslag
799 397 95 19 närmast
906 395 28 29 pä
945 396 67 21 basen

178 425 23 22 af
218 424 175 22 Presteständets
410 423 76 21 beslut.

252 482 35 21 Dä
310 481 36 22 vid
371 488 33 14 om
427 481 69 20 denna
520 481 133 27 proposition
677 480 83 21 anstäld
783 481 70 20 sluten
882 482 133 27 omröstning

182 513 98 20 rösterna
296 509 79 22 utföllo
390 509 48 21 med
457 510 25 20 10
498 509 20 28 ja
534 516 25 14 och
591 509 26 21 13
633 509 40 28 nej,
689 508 55 22 hade
759 509 26 21 R.
801 517 18 13 o.
837 510 27 21 A.
881 509 88 22 beslutit
983 513 32 18 att

184 541 6 19 i
208 547 50 20 nyss
274 538 90 22 nämndt
380 538 57 28 syfte
453 537 32 21 till
500 537 153 28 Lagutskottet
674 537 153 22 återremittera
851 539 165 27 sammanjemk-

181 568 170 28 ningsförslaget
366 566 130 21 beträffande
513 567 12 26 $
541 567 33 20 25.

256 625 72 21 Sedan
346 624 26 20 de
389 624 5 20 i
410 622 320 29 sammanjemkningsförslaget
744 623 72 21 vidare
833 623 90 21 berörda
939 624 27 27 $$
982 625 35 25 26,

186 655 34 24 33,
236 655 34 24 38,
285 654 35 25 42,
336 653 28 20 49
381 651 39 22 och
438 653 26 20 50
481 652 77 25 blifvit,
573 651 70 21 såsom
660 651 47 21 icke
723 651 129 29 päkallande
874 652 75 26 beslut,
972 653 44 20 för-

186 682 115 28 bigängna,
324 681 57 21 dock
404 680 48 21 med
476 680 127 28 päpekande
625 683 31 17 att
675 680 40 21 den
733 681 30 20 uti
779 681 130 26 marginalen
926 681 90 21 stäende

201 711 197 28 aragrafnummern
415 710 26 20 33
458 709 66 21 borde
539 709 72 28 flyttas
628 709 12 20 2
660 709 63 20 rader
738 709 57 20 lägre
817 709 50 26 ned,
889 709 127 28 föredrogos

208 739 102 21 tskottets
334 738 81 27 förslag
438 737 28 28 pä
488 737 65 21 slutet
569 737 22 21 af
607 737 39 21 sid.
663 738 12 20 9
692 712 131 58 beträffande
841 739 10 20 1
868 737 40 22 och
924 739 13 20 2
953 745 64 15 mom.

187 768 24 21 af
227 769 12 26 &
256 769 32 24 53,
304 767 74 21 hvilka
401 767 81 27 förslag
497 766 23 21 af
534 765 26 22 R.
576 773 19 13 o.
610 766 27 21 A.
651 765 132 28 godkändes.

252 853 12 22 I
281 853 63 28 fråga
361 860 33 13 om
413 852 122 22 Utskottets
557 852 300 28 sammanjemkningsförslag
877 852 110 28 angående
1004 853 14 27 &

188 884 28 21 25
232 884 6 19 i
254 883 81 27 Lagen,
351 881 148 21 innefattande
513 881 74 27 tillägg
603 881 31 20 till
652 881 25 20 16
694 880 56 29 Kap.
766 880 135 28 Strafflagen,
917 881 70 21 anhöll

255 939 58 22 Frih.
329 939 27 21 R.
370 939 26 20 A.
412 938 109 21 Wrede
545 945 33 14 om
594 937 62 22 ordet
671 937 40 22 och
728 937 95 29 yttrade:
847 933 73 26 Äfven
937 938 80 21 beträf-

185 969 67 21 fande
276 968 70 21 denna
370 967 100 28 paragraf
492 967 50 20 ville
557 967 35 28 jag
607 966 118 27 hemställa,
741 969 30 18 att
786 966 25 21 R.
827 974 19 13 o.
862 968 27 20 A.
906 967 48 21 ville
970 967 48 21 vid-

185 997 70 22 blifva
278 998 38 20 sitt
335 996 59 21 förut
416 997 5 19 i
438 995 65 21 saken
520 995 83 21 fattade
619 994 76 22 beslut.
725 995 43 21 Det
783 997 23 19 är
821 995 126 28 visserligen
963 998 56 24 sant,

188 1029 32 18 att
236 1026 48 21 icke
302 1025 122 22 Utskottets
440 1023 300 28 sammanjemkningsförslag
756 1023 131 22 beträffande
899 1024 70 21 denna
981 1032 37 21 pa-

188 1055 74 28 ragraf
282 1056 23 19 är
328 1053 30 50 E
373 1053 36 21 det
425 1055 65 18 sättet
506 1052 87 27 oriktigt
609 1059 45 14 som
671 1053 5 20 i
693 1052 60 27 fräga
770 1059 34 14 om
820 1053 27 20 25
864 1053 12 27 &
893 1053 5 20 i
915 1053 104 27 förslaget

188 1083 33 22 till
236 1082 181 29 tryckfrihetslag.
447 1081 53 21 Man
524 1081 72 21 kunde
618 1081 107 26 nämligen
748 1083 56 26 säga,
825 1084 32 18 att
872 1081 38 21 här
924 1083 94 19 tvärtom

190 1113 162 28 propositionen
368 1110 118 21 innehäller
501 1113 31 18 ett
547 1112 48 26 nytt
610 1109 125 28 stadgande,
751 1117 44 14 som
811 1109 48 22 icke
875 1110 144 21 förekommer

186 1142 6 20 i
212 1140 152 22 betänkandet.
393 1138 51 22 Men
462 1138 75 22 dervid
554 1140 23 19 är
592 1145 28 14 nu
636 1138 54 21 först
707 1138 39 21 och
763 1138 75 21 främst
853 1141 32 18 att
896 1139 80 26 märka,
987 1141 32 18 att

189 1170 60 21 detta
266 1168 120 29 stadgande
408 1169 5 19 i
430 1168 161 28 propositionen
608 1166 44 21 stär
668 1167 4 20 i
689 1167 135 28 synnerligen
842 1169 50 19 nära
908 1167 111 21 öfverens-

188 1198 124 22 stämmelse
336 1197 48 21 med
408 1196 139 29 stadganden,
570 1203 45 14 som
638 1195 65 21 redan
727 1195 132 22 förekomma
886 1197 7 20 i
919 1196 101 28 gällande

188 1227 104 27 strafflag.
321 1225 85 22 Vidare
428 1227 23 19 är
474 1225 36 20 det
526 1226 4 19 i
548 1224 61 28 fråga
625 1231 34 14 om
675 1224 106 22 företräde
797 1225 77 20 mellan
891 1225 129 28 propositio-

189 1263 42 14 nen
256 1255 40 22 och
320 1253 243 22 utskottsbetänkandet
584 1256 32 17 att
640 1253 83 26 beakta,
745 1256 31 18 att
791 1252 112 23 Utskottet
918 1253 48 22 icke
981 1253 40 21 har

190 1284 71 28 nägon
285 1285 43 20 rätt
350 1287 31 16 att
404 1283 93 27 äberopa
520 1282 33 27 sig
569 1281 27 29 pä
611 1282 38 21 sitt
664 1281 135 22 betänkande
814 1281 69 22 säsom
899 1282 70 28 grund
986 1282 35 21 för

192 1311 243 30 sammanjemkningen.
465 1311 39 21 Ett
526 1310 199 28 landtdagsutskott
740 1311 23 20 är
777 1310 48 21 icke
842 1311 69 27 nägon
927 1311 94 28 lagstift-

191 1341 143 28 ningsfaktor.
363 1340 143 28 Regeringen,
522 1339 23 21 af
559 1339 88 21 hvilken
663 1339 160 28 propositionen
839 1341 24 19 är
874 1339 110 28 framlagd,
997 1341 24 19 är

190 1378 27 14 en
234 1369 226 29 lagstiftningsfaktor,
475 1367 120 22 Ständerna
611 1367 74 25 likasä,
700 1375 48 14 men
760 1367 47 22 icke
818 1370 32 19 ett
859 1368 88 21 utskott.
970 1367 51 22 Och

192 1399 88 22 oafsedt
303 1398 59 21 detta
383 1397 45 21 stär
442 1397 38 21 det
495 1397 73 28 hvarje
584 1395 63 22 ständ
663 1395 47 22 fritt
725 1399 31 18 att
772 1396 104 21 vidblifva
892 1397 37 20 sitt
945 1397 76 26 beslut,

193 1427 27 22 dä
238 1427 92 22 Ständet
345 1434 63 13 anser
423 1426 59 21 detta
498 1433 51 13 vara
572 1425 111 28 päkalladt
697 1425 22 20 af
735 1425 214 28 omständigheterna.
979 1425 43 28 Jag

191 1457 69 21 skulle
283 1456 35 21 för
340 1456 42 20 min
406 1455 41 22 del,
471 1454 66 21 ehuru
560 1454 41 27 jag,
617 1453 69 21 såsom
704 1454 36 27 jag
755 1453 35 21 vid
807 1453 78 22 sakens
901 1454 67 21 första
985 1454 36 21 be-

193 1485 104 27 handling
312 1483 90 30 yttrade,
418 1483 48 22 icke
482 1490 63 14 anser
560 1482 70 21 denna
646 1481 60 28 fräga
722 1483 6 20 i
745 1482 40 21 och
800 1482 34 21 för
849 1483 33 28 sig
897 1490 51 13 vara
964 1482 23 21 af
997 1481 25 22 sä
