1084 1759
319 116 149 20 Laglighetens
481 114 158 19 återställande.
853 112 41 20 511

65 187 23 19 är
111 185 77 28 sjelfva
210 184 97 28 grunden
329 184 32 21 till
383 184 28 21 all
431 184 150 27 rättsordning.
610 184 51 22 Den
678 185 67 21 andra
760 185 46 21 åter
820 187 29 25 är,
864 188 32 20 att

64 214 29 21 all
109 213 96 27 offentlig
226 213 65 25 makt,
306 220 45 13 som
372 213 56 20 inom
445 215 31 18 ett
490 212 157 22 statssamhälle
664 213 93 27 utöfvas,
773 213 68 22 måste
856 217 36 18 ut-

65 242 64 21 öfvas
152 242 32 20 till
207 244 81 18 statens
311 241 42 25 väl,
368 240 40 22 och
431 248 34 14 om
487 240 122 22 densamma
632 242 24 20 af
672 245 82 18 statens
769 242 127 28 myndighet

66 270 106 28 afsigtligt
188 269 86 21 utöfvas
290 270 6 20 i
312 272 88 18 motsatt
415 269 63 28 syfte,
488 269 23 21 så
527 270 41 20 kan
585 269 37 21 vid
639 273 31 18 ett
685 270 78 21 sådant
777 270 118 22 utöfvande

66 300 22 20 af
104 299 41 21 den
162 298 109 27 offentliga
288 298 86 20 makten
390 298 47 21 icke
453 298 23 20 få
491 298 108 21 förblifva.
631 298 57 22 Dess
705 298 106 29 påföljder
827 300 68 21 måste

66 326 150 29 undanrödjas,
232 330 23 24 ty
270 326 27 21 de
312 326 66 21 hafva
393 326 123 21 tillkommit
531 327 6 20 i
553 326 56 28 syfte
622 330 33 18 att
662 327 146 28 undergräfva
817 328 78 28 sjelfva

66 360 82 17 statens
175 355 41 21 och
231 354 122 22 samhällets
370 354 97 27 bestånd,
482 354 40 22 och
537 354 78 22 sådant
630 355 43 21 kan
688 356 22 28 ju
726 356 48 21 icke
790 364 25 14 en
831 358 64 20 rätts-

66 384 93 28 ordning
178 384 69 21 lemna
264 383 115 21 bestående
396 384 56 20 inom
468 384 38 27 sig.
536 383 52 21 Man
604 384 40 21 har
660 385 126 27 visserligen
801 392 28 14 nu
845 384 50 22 åbe-

66 417 62 24 ropat
148 416 31 18 att
202 413 186 20 konseqvenserna
411 419 51 14 vore
482 412 86 25 sådana,
583 415 32 18 att
630 412 38 21 det
684 420 51 14 vore
751 414 97 26 omöjligt
863 417 33 18 att

67 441 145 29 upprätthålla
227 448 27 13 en
284 440 45 28 dylik
345 441 143 27 rättsprincip.
510 440 42 28 Jag
567 440 37 21 vill
620 442 7 20 i
643 441 59 21 detta
718 442 103 21 afseende
831 442 64 28 vädja

66 471 32 20 till
122 473 37 23 ett,
180 469 69 21 såsom
265 470 35 27 jag
319 468 66 22 fattat
399 469 43 26 det,
457 469 55 21 halft
527 469 154 28 medgifvande
697 470 23 21 af
734 470 58 22 Frih.
811 470 84 27 Wrede,

68 499 106 27 nämligen
198 498 28 20 då
248 497 57 21 Frih.
327 497 80 22 Wrede
423 498 96 21 erinrade
535 505 33 13 om
584 500 33 19 att
633 506 26 13 en
676 498 59 28 dylik
751 500 83 27 princip
850 499 45 21 må-

67 527 71 21 hända
154 526 72 22 kunde
241 528 63 26 göras
319 526 106 28 gällande,
441 526 26 21 då
483 526 61 28 fråga
559 534 38 13 var
620 534 35 14 om
671 527 55 21 huru
748 528 105 28 följderna
871 528 24 21 af

67 564 26 13 en
109 556 97 27 fiendtlig
229 554 95 28 eröfring
339 554 66 22 borde
429 555 149 28 undanrödjas.
608 555 75 28 Enligt
698 556 43 21 min
758 556 63 21 tanke
837 556 58 22 före-

67 585 69 27 ligger
152 592 25 13 en
193 584 69 27 tydlig
277 584 85 27 analogi
377 583 90 21 emellan
483 586 30 18 ett
524 583 68 28 dylikt
604 584 136 21 förhållande
749 585 40 21 och
798 585 42 25 det,
848 592 46 14 som

67 615 57 19 ännu
148 612 68 22 delvis
233 612 70 21 består
319 612 55 21 efter
389 612 37 21 det
441 612 261 28 statshvälfningsförsök,
718 620 45 14 som
779 621 27 13 nu
822 613 73 22 blifvit

68 642 107 28 lyckligen
199 640 96 22 afvändt.
326 640 43 22 Det
392 642 23 20 är
433 640 90 22 sålunda
538 641 48 21 icke
601 640 67 28 något
684 642 5 20 i
706 642 42 21 och
763 642 34 21 för
809 643 32 27 sig
857 650 38 13 an-

68 670 194 28 märkningsvärdt,
277 672 31 18 att
324 677 47 13 man
387 670 38 20 vill
440 671 51 26 göra
507 669 104 28 gällande,
627 673 32 17 att
674 670 65 21 äfven
756 670 105 29 följderna
872 671 23 21 af

68 698 201 28 statshvälfningen,
283 698 6 20 i
310 698 68 20 likhet
398 698 48 21 med
470 698 26 21 de
519 698 157 28 förhållanden,
692 706 46 14 som
754 699 97 28 uppstått
866 699 28 29 på

67 727 70 29 grund
148 727 23 21 af
181 734 25 14 en
218 726 96 28 fiendtlig
325 726 100 28 eröfring,
442 727 64 21 borde
522 727 71 21 kunna
609 727 151 29 undanrödjas,
772 728 39 21 och
823 728 73 21 säker-

68 757 56 27 ligen
148 756 38 21 har
201 755 36 21 det
253 755 146 28 mångfaldiga
418 755 81 28 gånger
514 755 68 21 under
597 755 115 22 historiens
728 756 50 28 lopp
794 756 101 27 inträffat,

68 789 33 17 att
116 788 66 18 stater
198 784 52 21 stått
265 784 57 20 inför
337 784 187 28 nödvändigheten
541 787 32 18 att
588 784 88 28 vidtaga
687 785 101 27 åtgärder
797 785 32 21 till
840 793 54 20 upp-

68 813 109 22 häfvande
193 813 22 21 af
230 812 73 29 dylika
318 812 155 22 förhållanden.
496 812 44 22 Det
555 814 23 20 är
589 820 26 14 en
626 820 70 14 annan
708 814 39 20 sak
758 816 32 18 att
800 814 95 21 faktiska

68 842 157 26 förhållanden,
233 849 45 13 som
287 841 68 21 under
363 841 80 21 sådana
452 841 55 21 tider
513 842 142 27 uppkommit,
663 842 73 21 kunna
747 850 50 13 vara
808 842 87 25 sådana,

69 874 32 18 att
116 870 38 22 det
173 870 105 21 allmänna
299 870 59 21 bästa
376 870 96 28 betingar
488 872 31 19 att
534 870 26 21 de
577 870 68 21 blifva
662 871 156 21 beståndande;
835 871 60 21 detta

69 900 28 28 på
112 899 41 21 den
176 898 69 28 grund
262 901 31 18 att
307 898 32 21 till
361 898 108 22 desamma
485 898 75 22 hunnit
574 899 107 28 anknytas
697 900 66 20 andra
779 899 116 21 förhållan-

69 928 49 25 den,
133 928 73 21 hvilka
221 929 52 26 göra
289 930 31 18 att
336 930 30 18 ett
384 927 151 29 återbrytande
551 928 69 20 skulle
636 928 97 21 medföra
748 931 31 18 ett
794 928 101 22 störande

70 957 23 21 af
116 956 90 22 sålunda
228 956 123 28 uppkomna
375 956 132 28 berättigade
523 956 156 21 förhållanden.
709 957 52 21 Men
777 957 60 21 häraf
853 957 42 21 kan

69 993 48 14 man
134 985 47 21 icke
204 985 54 21 sluta
274 984 32 21 till
329 988 31 17 att
376 985 90 21 orsaken
482 984 32 21 till
529 984 59 22 detta
603 985 142 25 förhållande,
761 987 6 19 i
783 986 58 20 detta
857 985 37 21 fall

70 1014 84 22 således
177 1014 27 20 de
228 1013 91 28 olagliga
341 1014 176 27 tjenstemännen,
533 1013 66 21 borde
619 1013 24 21 få
681 1014 107 21 qvarblifva
808 1014 35 21 för
863 1017 32 18 att

69 1046 115 25 yttermera
195 1042 41 21 öka
246 1042 65 21 raden
329 1042 40 21 och
385 1042 137 28 mångfalden
538 1042 22 21 af
576 1042 64 21 dessa
655 1021 92 50 olagliga
762 1043 134 28 handlingar,

70 1072 84 21 hvilkas
170 1070 109 22 orubbade
302 1070 165 28 qvarblifvande
483 1070 77 22 endast
575 1070 27 28 på
616 1071 70 27 grund
703 1072 23 20 af
741 1072 94 20 faktiska
851 1072 44 20 för-

70 1100 114 22 hållanden
200 1100 42 20 kan
266 1099 111 21 förklaras.
406 1098 59 22 Intet
481 1099 93 28 rättsligt
589 1100 91 20 intresse
696 1100 88 21 kräfver
798 1102 97 26 upprätt-

70 1128 110 22 hållandet
195 1128 23 21 af
240 1128 75 28 sjelfva
338 1128 63 21 dessa
421 1128 91 28 olagliga
529 1128 155 25 förhållanden,
699 1128 19 22 d.
735 1136 19 14 v.
770 1136 16 14 s.
802 1132 31 18 att
848 1130 49 20 när-

71 1160 55 18 mast
149 1157 26 21 de
198 1156 125 28 ifrågasatta
347 1156 91 28 olagliga
461 1158 171 27 tjenstemännen
656 1157 66 21 borde
737 1158 23 20 få
776 1157 119 29 qvarblifva

70 1187 32 21 uti
124 1186 47 21 sina
194 1186 135 27 orättfångna
353 1186 104 20 embeten.
487 1186 102 20 Tvärtom
612 1185 97 28 påkallar
732 1186 36 21 det
790 1186 106 21 allmänna

70 1216 101 20 intresset
194 1214 27 28 på
244 1214 37 21 det
303 1214 52 20 allra
379 1214 144 21 bestämdaste
546 1214 61 21 deras
632 1214 144 28 aflägsnande,
792 1214 39 22 och
847 1214 49 22 icke

70 1244 83 20 mindre
170 1243 97 27 betingar
288 1242 66 22 också
370 1242 108 22 enskildes
495 1244 41 20 rätt
552 1246 30 18 att
598 1243 64 21 dessa
676 1251 79 20 genom
771 1244 125 27 utnämning

70 1272 123 28 uppkomna
216 1271 147 21 förhållanden
388 1271 51 21 böra
461 1271 151 29 undanrödjas.
644 1272 44 21 Det
710 1272 38 21 har
770 1272 126 27 visserligen

71 1304 59 24 sagts
141 1304 31 18 att
185 1300 37 22 det
237 1308 50 13 vore
303 1303 30 18 ett
349 1300 165 28 privaträttsligt
529 1300 41 21 och
586 1300 120 22 föråldradt
720 1300 176 28 åskådningssätt

71 1333 32 17 att
119 1330 96 20 betrakta
231 1330 137 27 tjenstemans
384 1328 160 22 innehafvande
561 1328 22 22 af
598 1330 66 27 tjenst
680 1329 23 21 så
719 1331 50 19 nära
780 1329 116 21 förbundet

72 1358 46 21 med
135 1358 53 21 hans
204 1357 97 22 enskilda
316 1358 48 25 rätt,
380 1360 31 18 att
426 1357 42 21 han
485 1358 53 28 egde
554 1360 31 18 ett
600 1358 86 21 absolut
700 1358 93 28 anspråk
809 1358 27 28 på
847 1358 49 20 dess

71 1386 130 22 återfående.
231 1386 65 21 Detta
319 1393 64 21 synes
407 1386 42 28 mig
472 1394 50 13 vara
544 1394 26 13 en
594 1386 78 28 oriktig
687 1387 99 28 tolkning
802 1387 22 21 af
839 1386 58 21 hvad

71 1415 153 29 Lagutskottet
250 1417 52 25 sagt.
333 1414 154 28 Lagutskottet
513 1415 38 21 har
575 1415 101 21 hänvisat
700 1416 32 20 till
759 1416 138 28 tjenstemäns

71 1444 185 28 grundlagsenligt
277 1443 111 28 skyddade
406 1443 109 21 »välfärd»
533 1443 41 21 och
595 1444 84 21 således
695 1444 67 21 också
776 1444 62 22 deras
853 1444 45 20 för-

72 1473 104 21 värfvade
199 1474 42 19 rätt
257 1472 30 21 till
312 1472 159 21 innehafvande
495 1472 22 21 af
532 1473 99 27 tjensten.
662 1473 65 21 Detta
742 1472 42 22 den
800 1472 97 22 enskilde

71 1502 181 28 tjenstemannens
268 1502 95 24 intresse,
375 1508 44 14 som
436 1500 27 29 pä
479 1500 77 22 sådant
572 1503 42 19 sätt
630 1503 23 19 är
667 1502 144 27 tillgodosedt,
822 1503 23 19 är
856 1501 42 21 till-
