1084 1756
215 120 219 18 Landtmarskalkens
443 120 31 17 tal
486 120 33 17 till
531 120 235 21 Generalguvernören.
862 114 42 21 929

78 190 74 29 ryhmä
176 195 146 18 maassamme,
337 187 117 21 edullisesti
478 188 34 20 voi
536 187 112 21 vaikuttaa
671 188 66 20 niihin
756 188 150 28 yhteiskunta-

78 218 113 25 aineksiin,
206 217 58 28 jotka
280 220 38 24 nyt
333 228 28 3 —
375 216 157 20 toivokaamme
548 215 188 22 ohimeneväisesti
754 229 25 3 —
792 217 57 21 eivät
864 218 41 27 näy

78 246 125 22 oivaltavan
219 245 94 21 Suomen
329 245 80 20 kansan
420 244 106 28 yhteisten
539 244 130 28 elinehtojen
681 245 130 28 merkitystä.
826 245 80 21 Talon-

79 274 165 30 poikaissäädyn
266 273 73 21 harras
361 273 20 27 ja
397 272 107 21 tarmokas
519 274 37 27 työ
570 273 22 27 ja
608 274 106 20 runsaasti
729 276 104 18 osottama
849 274 57 20 isän-

78 303 156 22 maanrakkaus
257 302 112 20 menneinä
393 301 198 27 vuosikymmeninä
608 301 134 21 oikeuttavat
757 303 63 19 meitä
836 302 70 21 toivo-

78 339 69 18 maan,
162 332 44 20 että
228 330 93 21 Suomen
343 330 224 28 talonpoikaisluokka
590 336 28 14 on
635 330 111 28 kykenevä
762 332 70 19 tämän
849 331 57 20 isän-

79 360 110 22 maallisen
205 359 102 21 tehtävän
323 359 157 20 suorittamaan.

150 388 93 21 Arvoisa
258 386 223 28 Talonpoikaissääty!

150 416 52 21 Kun
219 415 92 21 Suomen
328 415 102 21 Ritaristo
445 416 20 27 ja
484 415 71 21 Aateli
571 418 39 24 nyt
625 416 110 20 viimeisen
752 415 74 21 kerran
843 416 63 20 esiin-

79 449 38 25 tyy
133 445 141 20 valtiollisesti
299 443 136 21 edustettuna
454 445 95 26 säätynä,
565 444 44 20 niin
626 443 74 21 tahtoo
715 451 23 13 se
754 443 65 22 saada
834 444 70 20 arvoi-

80 474 54 21 salle
154 471 251 29 Talonpoikaissäädylle
428 471 154 22 esiintuoduksi
607 472 151 27 sydämellisen
774 472 132 21 kiitoksensa

80 503 91 28 hyvästä
186 503 71 26 työstä
272 501 20 27 ja
308 501 137 20 luottamusta
461 500 145 21 herättävästä
621 500 213 28 yhteistoiminnasta.
860 500 46 21 Jät-

80 532 98 20 täessään
203 530 106 20 viimeiset
331 529 162 28 jäähyväisensä
512 529 99 20 lausuvat
629 529 131 21 Ritaristoon
776 530 20 27 ja
812 529 94 21 Aateliin

81 559 105 22 kuuluvat
208 557 130 22 kansalaiset
357 557 130 21 haluavansa
510 558 64 20 seistä
590 557 93 21 Suomen
699 558 146 27 talonpoikien
862 558 45 21 vie-

80 589 60 20 ressä
161 587 92 21 uudessa
272 585 170 22 Suomessamme
458 586 65 21 kuten
539 585 42 22 veli
598 586 70 28 veljen
684 586 90 21 rinnalla
788 586 119 28 yhteisessä

82 617 91 21 kodissa.

221 757 214 23 Landtmarskalkens
449 757 31 22 tal
495 757 30 22 till
542 757 228 28 Generalguvernören.

152 816 33 21 Hr
201 815 207 21 Landtmarskalken
425 815 99 27 uppläste
535 815 5 20 i
553 814 94 27 enlighet
658 814 47 21 med
718 815 125 27 vedertaget
854 814 54 21 bruk

84 845 38 22 det
142 845 35 25 tal,
193 844 42 21 han
259 843 35 21 vid
318 843 41 20 den
382 843 118 27 högtidliga
516 843 123 21 ceremonin
656 843 26 28 pä
697 843 122 28 Kejserliga
835 843 75 21 slottet

85 874 84 21 komme
185 876 32 18 att
232 872 56 21 hälla
303 871 33 21 till
351 871 61 21 Hans
433 871 114 21 Excellens
564 871 236 28 Generalguvernören,
815 872 40 21 och
871 879 39 14 var

84 903 59 21 detta
159 902 28 21 tal
203 901 22 21 af
241 900 94 29 följande
351 900 102 21 innehäll:

153 959 68 21 Eders
237 957 121 21 Excellens!

153 987 57 21 Nära
224 988 35 19 nio
275 986 102 20 mänader
392 986 66 21 hafva
472 986 92 20 förflutit
579 985 67 21 sedan
663 986 70 20 denna
748 986 77 20 urtima
841 985 69 21 landt-

84 1017 43 27 dag
149 1014 178 26 sammanträdde,
350 1014 41 22 och
414 1014 48 21 dess
486 1014 48 21 värf
557 1016 23 19 är
605 1014 93 21 omsider
721 1014 107 21 slutfördt.
857 1014 53 21 Med

84 1048 68 19 större
168 1044 89 26 endrägt
277 1043 134 21 sinsemellan
433 1043 41 21 och
490 1044 7 20 i
512 1043 88 28 djupare
616 1043 144 21 samförständ
777 1042 47 22 med
840 1042 71 28 Rege-

84 1076 75 26 ringen
175 1075 26 19 än
217 1072 114 25 tillförene,
347 1072 65 20 hafva
428 1071 121 21 Ständerna
564 1071 84 21 arbetat
658 1071 28 29 pä
697 1072 27 20 de
735 1071 176 28 utomordentligt

84 1102 142 22 ansvarsfulla
249 1100 115 28 uppgifter,
379 1108 45 13 som
449 1101 55 20 varit
523 1100 48 20 dem
588 1100 117 28 förelagda,
722 1100 76 21 främst
812 1100 41 20 den
870 1108 41 20 nya

85 1130 254 28 Landtdagsordningen,
355 1129 86 21 hvilken
462 1136 34 14 om
518 1128 65 28 nägra
598 1128 67 28 dagar
680 1128 54 21 skall
750 1128 59 21 träda
826 1129 5 20 i
848 1129 63 21 kraft.

156 1159 42 21 Det
213 1160 24 19 är
252 1157 61 21 alltså
330 1165 27 13 nu
373 1158 52 20 sista
444 1157 92 28 gången,
552 1164 45 14 som
613 1156 104 22 Finlands
733 1157 93 21 Ständer
840 1157 71 21 såsom

85 1187 108 23 riksständ
216 1186 34 22 stä
272 1186 94 22 samlade
389 1186 62 28 kring
474 1185 218 22 Storfurstendömets
708 1189 46 18 tron
772 1199 26 3 —
814 1186 40 20 frie
871 1186 41 21 och

87 1216 154 30 sjelfständige,
258 1214 139 29 lagstiftande
420 1222 47 14 men
484 1214 108 28 laglydige
608 1214 94 26 ständer,
718 1214 68 21 under
801 1222 25 13 en
843 1215 69 20 makt-

86 1245 82 29 egande
184 1252 47 14 men
247 1244 121 28 lagbunden
385 1244 104 20 Monarks
504 1243 83 28 styrsel,
599 1242 70 22 säsom
685 1244 6 20 i
708 1243 204 28 Regeringsformen

86 1276 69 26 säges.
184 1273 68 28 Djupt
268 1272 59 21 rotad
351 1273 7 20 i
373 1272 41 21 den
430 1272 82 21 Finska
528 1271 223 28 statsförfattningens
768 1274 64 19 väsen
849 1271 41 22 och
906 1272 6 20 i

87 1302 38 22 vär
139 1302 94 24 historia,
249 1301 37 21 har
298 1300 274 29 ständsrepresentationen
583 1303 44 18 sett
637 1301 71 20 sekler
718 1302 77 19 svinna
806 1300 39 22 och
857 1300 55 22 öden

87 1332 72 20 skifta.
188 1330 12 22 I
223 1330 56 26 land,
294 1336 46 14 som
363 1330 48 20 med
428 1330 34 27 lag
478 1330 69 27 bygts,
562 1329 69 28 ligger
646 1329 49 21 dess
712 1329 59 26 verk,
786 1330 7 20 i
808 1329 104 21 häfderna

87 1360 53 21 skall
157 1360 48 20 dess
221 1359 70 20 minne
306 1358 65 22 hvila.

155 1388 57 22 Intet
234 1386 115 28 menskligt
372 1387 52 21 verk
447 1388 23 19 är
493 1386 137 28 fullkomligt,
645 1386 41 21 och
709 1386 73 21 oblida
797 1386 117 28 inflytelser

86 1417 66 21 hafva
168 1415 167 23 understundom
356 1417 54 19 stört
426 1415 41 21 den
483 1416 127 20 samverkan
627 1415 76 21 mellan
722 1415 68 21 furste
806 1415 39 21 och
861 1415 53 27 folk,

87 1454 46 13 som
149 1447 22 19 är
194 1445 180 21 konstitutionens
396 1444 68 28 grund
481 1444 40 21 och
538 1444 62 27 syfte.
630 1443 199 29 Representerande
845 1443 69 21 folket

88 1474 41 21 och
143 1475 64 27 jemte
223 1473 119 20 Monarken
359 1473 112 26 ansvarige
484 1472 56 21 inför
556 1480 26 13 en
598 1472 65 27 högre
678 1472 92 26 domare,
783 1472 65 21 hafva
863 1472 51 21 Fin-

87 1503 62 21 lands
165 1501 97 26 Ständer,
277 1501 28 21 dä
325 1501 84 21 landets
425 1501 214 27 författningsenliga
655 1502 41 19 rätt
714 1501 54 20 varit
783 1500 65 21 hotad
864 1500 51 21 eller

822 1541 22 17 59
