1081 1761
369 114 224 31 Adelsprivilegierna.
858 117 41 20 715

70 189 131 28 antagandet
217 189 22 21 af
255 197 26 13 en
298 188 59 29 dylik
374 189 62 24 kläm,
451 189 47 20 icke
514 189 53 20 skall
584 189 66 20 vinna
672 189 101 21 Ständets
789 189 72 28 gehör,
875 189 25 21 sä

72 218 87 28 mycket
175 225 44 13 mer
234 225 46 13 som
296 218 21 20 vi
334 217 47 21 med
397 220 45 18 stor
452 217 136 21 sannolikhet
602 217 64 22 skola
682 217 71 21 kunna
769 218 81 27 hoppas
866 217 33 28 på,

70 251 32 17 att
119 246 60 21 detta
194 247 92 20 initiativ
306 247 21 20 vi
342 249 49 23 taga
407 245 54 22 skall
476 247 52 26 göra
543 245 37 21 det
596 246 84 27 möjligt
694 246 33 21 för
743 246 156 28 fyraståndsre-

71 275 174 27 presentationen
263 277 31 18 att
309 274 109 28 upphäfva
434 274 156 27 privilegierna,
601 274 42 21 och
660 274 89 21 emedan
765 274 37 21 det
816 275 48 20 icke
876 276 24 19 är

70 303 49 21 med
136 302 103 22 Ständets
249 302 111 28 värdighet
376 302 107 28 förenligt,
498 305 31 18 att
544 302 93 21 Ständet
652 302 69 21 under
736 302 90 28 tidigare
837 302 62 28 plena

70 330 97 22 förehaft
189 334 30 18 ett
243 330 78 22 ärende
344 331 32 20 till
400 330 136 28 behandling,
556 330 84 21 hvilket
663 330 90 22 ärendes
771 331 129 27 behandling

70 360 122 23 sedermera
207 359 70 21 skulle
293 359 105 21 förklaras
414 359 65 21 hafva
496 360 54 20 varit
566 359 86 28 olaglig.

142 444 34 22 Hr
185 444 194 28 Furuhjelm:
402 444 42 28 Jag
468 445 67 21 måste
558 444 121 29 uppriktigt
701 444 100 27 erkänna,
819 448 31 18 att
865 446 35 27 jag

71 474 69 21 sällan
162 474 125 27 genomgätt
310 476 31 18 ett
365 473 134 21 betänkande
519 473 24 21 sä
558 477 64 24 svagt
637 481 46 13 som
699 473 65 25 detta,
780 476 31 18 ett
827 474 74 20 betän-

72 502 77 26 kande,
171 509 46 14 som
240 502 119 20 innehäller
377 502 119 28 uppenbart
512 502 92 27 oriktiga
621 502 68 25 fakta,
704 502 101 21 särskildt
820 502 27 21 dä
863 502 37 21 det

71 531 68 28 gäller
155 530 40 21 den
212 530 115 28 utredning
341 538 33 14 om
391 530 25 22 R.
432 538 18 14 o.
466 532 38 20 A:s
520 531 124 28 privilegier
659 530 41 22 och
711 530 62 22 deras
783 530 117 28 betydelse,

71 560 90 21 hvarom
184 558 92 22 Ständet
299 559 101 21 anmodat
415 559 113 21 Utskottet
543 562 31 18 att
588 560 116 20 inkomma.
733 559 42 28 Jag
799 560 36 20 ber
852 559 49 21 här-

72 589 36 20 vid
132 588 76 20 främst
230 590 31 18 att
284 587 22 21 fä
329 588 56 20 fästa
405 588 215 28 uppmärksamheten
642 588 36 20 vid
699 588 37 20 det
755 588 62 20 ställe
841 588 5 20 i
864 588 36 20 be-

72 616 124 22 tänkandet,
212 616 39 21 der
266 616 35 21 det
318 616 133 21 beträffande
466 616 42 21 den
528 616 26 21 R.
575 623 18 14 o.
615 617 27 20 A.
662 616 161 21 tillkommande
844 616 56 21 före-

72 645 143 21 trädesrätten
232 645 5 20 i
253 644 104 21 afseende
373 645 12 20 å
402 645 163 27 beskattningen
582 645 22 20 af
620 645 75 20 adelns
711 645 56 20 fasta
778 645 121 27 egendom
885 640 16 37 i

72 674 48 21 stad
143 673 68 22 heter:
237 673 53 21 »och
306 673 61 21 torde
383 673 164 28 ifrägavarande
563 673 164 21 företrädesrätt
742 673 34 21 för
791 673 108 21 adelsman

72 702 95 28 tillhörig
189 702 52 28 gärd
258 703 6 20 i
280 702 47 21 stad
351 709 87 14 numera
460 702 115 21 inskränka
591 702 33 27 sig
641 702 32 21 till
691 702 98 21 befrielse
804 702 48 21 frän
869 703 32 19 in-

72 732 125 27 gvartering
219 734 55 17 samt
297 730 46 21 frän
368 730 150 28 skyldigheten
542 733 32 18 att
590 730 86 28 deltaga
691 731 8 20 i
715 730 128 28 nybyggnad
859 730 41 21 och

73 759 110 21 underhäll
200 759 23 21 af
239 761 65 26 vägar
319 760 39 20 och
375 759 134 21 chausseer».
539 759 65 21 Detta
620 761 24 19 är
659 759 126 28 visserligen
801 759 100 21 fullkom-

73 788 38 27 ligt
135 789 48 25 rätt,
206 795 54 19 men,
275 790 33 19 att
323 787 62 22 döma
401 788 23 21 af
439 789 57 20 vissa
512 787 125 22 uttalanden
653 789 6 20 i
677 787 150 26 betänkandet,
837 795 64 21 synes

72 816 38 21 det
132 824 46 14 som
201 825 34 12 om
258 816 231 21 Riddarhusutskottet
511 816 68 21 skulle
597 820 72 17 ansett
690 816 59 21 detta
765 817 136 27 privilegium

73 853 52 13 vara
148 845 23 21 af
191 845 156 28 jemförelsevis
366 846 62 27 ringa
445 845 116 28 betydelse,
576 845 28 21 dä
620 847 92 19 tvärtom
728 845 82 20 faktum
826 847 29 24 är,
870 847 31 18 att

72 874 72 20 denna
165 876 41 19 rätt
231 873 163 28 otvifvelaktigt
416 874 89 20 innebär
528 881 26 13 en
576 874 83 26 ganska
676 873 120 28 betydande
812 873 89 21 förmän.

73 902 84 22 Vidare
173 902 60 22 heter
249 902 36 21 det
300 903 6 20 i
325 902 123 22 Utskottets
464 902 146 21 betänkande:
628 902 44 21 »P&
687 902 68 27 grund
767 902 23 20 af
800 902 101 27 stadgan-

73 932 37 20 det
126 932 6 20 i
149 939 19 20 p.
183 932 27 20 26
226 931 23 21 af
264 930 220 28 Adelsprivilegierna
500 932 23 20 är
539 931 80 21 kronan
636 930 86 29 skyldig
737 933 37 23 att,
790 930 27 21 dä
833 930 68 21 adels-

74 967 48 14 man
139 960 112 21 förverkar
266 960 39 20 sitt
319 959 116 28 jordagods
451 959 69 21 under
535 960 88 25 kronan,
641 959 124 21 »efterläta»
783 958 118 22 detsamma

73 988 72 28 någon
168 996 70 13 annan
254 989 6 20 i
276 988 104 27 slägten».
409 988 35 21 Nu
468 990 24 19 är
514 988 36 20 det
566 988 119 21 emellertid
701 988 72 26 kändt,
789 991 30 17 att
835 987 66 28 enligt

73 1017 100 28 gällande
189 1017 34 27 lag
235 1017 69 27 nägon
316 1017 160 27 segvestrering
492 1017 22 21 af
529 1016 122 28 jordagods,
667 1024 50 14 vare
733 1017 32 27 sig
781 1016 120 22 adelsmans

74 1046 53 21 eller
142 1053 68 14 annan
227 1045 157 28 medborgares,
400 1045 48 21 icke
464 1053 57 13 mera
537 1053 50 20 eger
602 1052 53 15 rum.
685 1044 83 23 Vidare
784 1047 62 25 säger
861 1044 41 22 Ut-

74 1075 92 21 skottet:
184 1083 9 11 »
197 1074 74 28 Enligt
286 1082 19 20 p.
321 1075 28 20 29
365 1075 5 19 i
387 1074 218 28 Adelsprivilegierna
624 1074 34 20 får
673 1074 58 27 adlig
746 1074 94 28 yngling,
855 1081 46 13 som

75 1104 48 21 icke
139 1103 41 28 fylt
196 1104 25 21 21
239 1103 23 21 år
277 1102 52 21 eller
344 1102 45 22 står
405 1102 69 22 under
488 1104 45 20 sina
550 1102 116 22 föräldrars
683 1102 58 25 vård,
757 1106 54 18 samt
831 1102 71 22 dotter

74 1133 23 21 af
112 1132 67 28 adligt
195 1132 62 21 ständ
274 1133 47 20 icke
338 1132 49 27 ingä
403 1131 119 28 äktenskap
535 1135 50 18 utan
596 1131 117 22 föräldrars
724 1131 52 22 eller
785 1132 116 27 giftomans

75 1161 117 27 samtycke,
215 1161 57 26 eller,
293 1167 35 14 om
348 1161 77 20 sädant
440 1163 51 18 utan
507 1160 46 21 skäl
569 1160 95 26 hindras,
679 1161 64 19 innan
759 1160 120 20 Monarken
895 1161 6 19 i

74 1190 67 20 saken
164 1188 131 26 förordnat»,
317 1188 40 22 och
379 1188 124 28 ytterligare
526 1191 31 18 att
580 1189 5 20 i
603 1188 55 28 följd
674 1188 23 21 af
712 1188 151 28 förordningen
879 1188 24 21 af

74 1218 41 22 den
140 1219 25 20 31
182 1217 99 22 Oktober
303 1218 55 20 1864
373 1217 60 28 adlig
448 1219 34 19 mö
498 1217 90 21 sålunda
603 1218 70 20 skulle
689 1217 65 21 hafva
769 1217 76 21 »friare
860 1218 43 20 rätt

74 1250 32 18 att
121 1246 50 28 ingå
193 1246 120 28 äktenskap
336 1248 26 18 än
386 1246 58 27 adlig
466 1246 109 28 yngling».
606 1246 66 21 Detta
688 1248 23 18 är
726 1246 65 21 äfven
807 1249 30 17 ett
853 1246 50 20 full-

76 1276 91 27 komligt
181 1275 88 27 oriktigt
284 1274 126 28 pästäende,
426 1276 31 27 ity
472 1278 32 17 att
519 1282 45 14 som
581 1274 67 21 kändt
663 1275 63 27 ingen
738 1282 48 13 man
796 1274 68 21 under
875 1275 27 20 21

75 1304 29 25 år,
116 1312 51 14 vare
182 1305 33 27 sig
231 1304 109 20 adelsman
357 1304 51 20 eller
424 1304 135 25 ofrälseman,
571 1303 93 21 förutom
682 1304 5 20 i
705 1304 56 20 vissa
772 1303 131 27 undantags-

74 1332 45 27 fall,
139 1332 20 22 d.
175 1340 19 14 v.
209 1340 16 14 s.
242 1332 135 21 bondesöner
391 1332 68 21 under
476 1332 26 21 18
518 1332 23 20 är
556 1331 41 22 och
612 1332 150 28 lappdrängar,
777 1332 65 20 hafva
860 1333 43 19 rätt

75 1365 32 17 att
122 1361 50 28 ingå
187 1362 119 27 äktenskap
322 1360 46 21 före
384 1361 27 21 21
427 1360 35 22 års
477 1360 66 22 ålder.
575 1360 34 21 En
630 1360 137 28 synnerligen
791 1363 44 19 stor
857 1361 47 27 vigt

74 1390 77 28 tyckes
162 1390 113 22 Utskottet
284 1389 66 21 hafva
365 1389 46 27 lagt
426 1389 37 21 vid
479 1389 42 21 den
537 1390 6 20 i
559 1389 81 27 Kongl.
653 1389 113 27 Majestäts
777 1389 125 21 Resolution

75 1419 41 21 och
132 1418 127 28 Förklaring
274 1418 23 21 af
312 1418 24 20 år
352 1418 55 21 1675
423 1418 63 21 adeln
502 1418 161 21 tillförsäkrade
681 1420 69 18 rätten
766 1421 32 17 att
813 1417 36 22 vid
865 1417 38 21 bo-

75 1448 148 27 uppteckning
245 1446 40 22 och
309 1446 100 22 arfskifte
432 1447 48 21 icke
504 1446 92 21 behöfva
620 1446 66 21 anlita
709 1446 110 21 städernas
840 1446 63 27 borg-

76 1477 91 20 mästare
190 1475 40 22 och
254 1475 43 21 råd.
329 1474 111 22 Utskottet
463 1476 71 26 säger:
560 1474 24 21 »I
600 1475 141 21 betraktande
757 1475 22 20 af
795 1474 27 21 de
837 1474 66 28 dryga

76 1504 93 28 afgifter,
185 1511 45 14 som
247 1503 208 28 författningsenligt
470 1503 107 28 uppbäras
593 1503 34 21 för
643 1503 200 28 bouppteckningar
862 1503 41 21 och
