1078 1761
159 129 42 20 634
436 131 24 16 R.
473 135 17 12 o.
502 131 25 16 A.
541 131 59 16 1906.
623 130 27 16 26
662 130 57 17 Juni,

163 202 55 21 heim
242 209 28 12 nu
293 200 73 24 väckt,
387 199 40 21 och
442 198 94 21 anhäller
551 199 34 27 jag
602 201 30 18 att
648 198 6 20 i
670 198 42 21 allo
728 197 23 21 fä
766 197 84 22 biträda
866 198 36 21 det
917 199 23 20 af
958 198 33 21 Hr

163 229 151 29 Björkenheim
333 227 77 22 väckta
425 227 107 28 förslaget.

232 291 35 21 Hr
283 291 76 27 Georg
381 289 181 22 Schauman:
592 289 41 27 Jag
657 289 103 26 betviflar,
776 289 106 21 huruvida
898 289 92 21 Ståndet

165 328 86 14 numera
268 320 35 20 för
318 318 67 22 andra
401 318 82 28 gången
500 318 41 20 kan
558 320 91 25 upptaga
665 317 32 21 till
713 317 123 21 diskussion
852 318 39 20 och
908 318 82 20 besluta

165 351 6 19 i
195 357 25 13 en
245 348 67 28 fråga,
330 354 45 14 som
392 348 7 19 i
415 347 57 20 detta
488 346 151 27 sammanhang
656 346 65 20 redan
738 347 23 19 är
776 346 92 28 afgjord,
883 346 106 28 nämligen

165 386 33 13 om
222 377 74 27 åtgärd
322 377 5 19 i
350 376 57 28 syfte
429 378 31 18 att
484 374 26 22 de
532 374 136 21 återstående
690 374 210 28 adelsprivilegierna
917 375 72 21 blefve

165 406 116 29 upphäfda.
311 404 46 28 Jag
372 404 42 20 kan
430 404 34 20 för
479 404 41 20 min
537 403 35 21 del
588 402 47 22 icke
650 402 60 21 finna
727 403 68 27 någon
812 411 70 13 annan
904 403 85 21 skilnad

166 435 89 21 emellan
277 434 38 20 det
341 432 24 21 af
385 432 34 21 Hr
433 431 150 29 Björkenheim
600 431 77 21 väckta
693 431 40 21 och
749 432 35 20 det
800 432 24 20 af
846 433 43 27 mig
912 432 77 21 väckta

164 464 42 20 och
221 463 23 21 af
259 462 95 22 Ståndet
370 461 123 21 förkastade
509 460 103 28 förslaget
626 461 25 19 än
668 463 32 17 att
722 460 34 20 Hr
771 460 150 28 Björkenheim
932 460 58 21 före-

165 492 53 26 slog,
233 491 73 21 såvidt
319 491 36 27 jag
371 489 71 21 kunde
458 489 100 28 uppfatta
572 488 84 26 honom,
671 491 31 17 att
718 488 90 21 Ståndet
824 489 50 21 ville
890 489 31 20 till
937 488 53 22 Rid-

165 520 198 21 darhusutskottets
379 518 158 27 öfvervägande
560 517 131 21 öfverlemna
714 517 74 27 frågan
810 524 35 14 om
865 517 125 29 adelsprivi-

165 549 100 27 legierna,
281 547 64 21 alltså
361 550 33 17 ett
409 546 81 21 mindre
514 545 105 21 bestämdt
643 545 97 28 uppdrag
760 547 25 19 än
802 546 68 27 enligt
884 547 48 20 mitt
947 546 43 21 för-

164 578 52 27 slag.
246 576 12 21 1
273 576 39 21 sak
330 576 38 20 bar
383 576 36 27 jag
434 574 135 27 naturligtvis
586 574 110 27 ingenting
711 578 57 17 emot
783 574 33 21 Hr
826 574 163 28 Björkenheims

166 605 87 28 förslag,
271 612 48 13 men
348 611 42 18 nog
414 603 108 20 förefaller
545 602 36 21 det
605 603 43 26 mig
670 602 100 27 temligen
791 603 146 27 egendomligt
958 606 32 18 att

165 634 92 21 Ståndet
279 641 26 13 en
327 632 53 21 eller
399 631 37 21 två
451 632 83 20 timmar
550 638 73 14 senare
639 631 69 20 skulle
723 632 54 19 fatta
793 634 31 17 ett
840 635 64 17 annat
920 631 70 21 beslut

163 664 29 19 än
209 662 36 21 det
260 661 92 28 tidigare
369 660 69 21 fattat.

232 725 35 21 Hr
289 723 239 29 Björkenheim:
560 722 116 21 Skilnaden
700 723 89 20 emellan
812 723 37 21 det
865 731 27 13 nu
909 723 23 20 af
948 724 42 27 mig

164 753 126 22 framstälda
308 752 104 27 förslaget
423 751 39 22 och
474 751 36 21 det
522 751 91 28 tidigare
623 751 23 20 af
656 750 34 21 Hr
700 751 120 21 Schauman
831 751 115 22 förordade
955 752 35 21 be-

163 783 46 21 står
225 782 26 21 bl.
268 789 19 14 a.
303 781 46 21 deri
365 783 37 24 att,
417 780 64 21 äfven
497 787 35 14 om
548 779 25 22 R.
589 787 18 14 o.
623 780 26 20 A.
664 780 6 20 i
686 779 115 28 anledning
816 780 24 21 af
852 781 47 20 mitt
909 780 81 28 förslag

164 811 68 22 skulle
255 811 56 20 finna
335 811 33 26 sig
388 809 124 26 föranlätenj
528 811 32 18 att
581 808 82 21 besluta
688 808 65 21 nägra
768 808 106 28 ätgärder,
890 809 23 21 R.
928 816 19 14 o.
963 810 27 20 A.

163 839 119 22 emellertid
306 838 130 29 preliminärt
458 837 82 28 antagit
558 844 25 13 en
600 845 28 20 ny
643 837 210 28 riddarhusordning.
882 837 50 22 Och
948 837 41 22 den

181 868 85 27 aragraf
280 868 53 25 deri,
349 874 46 13 som
411 866 88 20 handlar
514 873 34 13 om
561 865 26 21 R.
597 873 18 13 o.
626 865 39 21 A:s
677 865 127 28 privilegier,
815 866 105 27 nämligen
932 867 13 26 $
956 867 33 24 38,

180 896 89 21 ehöfver
284 896 48 21 icke
349 894 95 28 undergä
457 894 69 27 nägon
538 894 130 27 förändring.
691 893 25 21 R.
727 901 19 13 o.
756 895 26 19 A.
793 894 95 21 kommer
898 895 6 20 i
915 894 74 28 hvarje

165 925 38 21 fall
225 928 32 18 att
279 924 185 26 fortsättningsvis
488 922 65 22 hafva
575 926 31 17 ett
627 922 141 28 privilegium,
785 922 37 21 det
839 926 31 18 att
884 930 106 14 samman-

164 954 60 20 träda
244 953 31 21 till
299 952 131 22 adelsmöten
452 951 40 21 och
515 954 32 18 att
569 951 38 21 der
627 952 6 20 i
648 950 42 22 den
714 951 89 27 ordning
826 951 162 21 riddarhusord-

166 983 77 27 ningen
262 981 143 21 föreskrifver
421 980 104 21 behandla
541 980 27 20 de
584 980 78 27 frågor,
672 987 45 13 som
729 979 26 28 pä
766 980 25 21 R.
802 987 19 14 o.
833 981 27 20 A.
870 980 119 21 ankomma.

165 1010 44 22 För
224 1010 67 28 öfrigt
307 1010 37 21 vill
361 1010 35 27 jag
411 1009 134 27 naturligtvis
561 1008 59 28 gifva
636 1008 34 20 Hr
684 1008 120 21 Schauman
820 1010 50 20 äran
886 1010 48 20 atti
948 1008 42 29 dag

165 1039 54 21 först
234 1039 67 21 hafva
318 1038 65 21 väckt
398 1038 75 27 frägan
488 1044 34 14 om
539 1036 149 22 afskaffandet
702 1037 23 21 af
739 1037 25 21 R.
780 1044 19 14 o.
812 1038 39 20 A:s
862 1037 127 29 privilegier.

233 1102 34 21 Hr
292 1101 75 28 Georg
386 1108 55 14 von
457 1100 124 22 Wendt:
610 1099 27 22 R.
651 1107 19 14 o.
686 1101 26 20 A.
727 1100 38 21 har
779 1100 85 29 nyligen
880 1100 64 22 fattat
960 1103 30 19 ett

166 1131 123 22 diametralt
313 1133 87 18 motsatt
420 1129 69 21 beslut
504 1132 45 18 mot
563 1128 56 22 hvad
635 1128 35 21 Hr
684 1128 151 29 Björkenheim
851 1137 27 13 nu
894 1129 96 22 föreslär.

164 1160 44 28 Jag
230 1159 98 21 erinrade
352 1158 143 28 uttryckligen
518 1157 69 21 under
609 1157 149 21 diskussionen
779 1165 33 13 om
832 1161 32 17 att
879 1158 23 20 R.
918 1165 18 14 o.
952 1158 38 21 A:s

166 1190 43 20 rätt
224 1191 32 19 att
271 1188 31 21 till
319 1188 71 20 möten
407 1186 157 22 sammanträda
579 1186 135 27 naturligtvis
730 1185 68 22 skulle
810 1186 122 22 bibehållas.
955 1186 35 22 Då

166 1218 36 28 jag
217 1217 50 21 icke
283 1216 42 22 kan
342 1223 52 13 anse
411 1215 101 28 förenligt
526 1214 48 22 med
591 1214 102 22 Ståndets
709 1214 111 28 värdighet
831 1218 32 18 att
873 1214 117 22 detsamma

166 1254 34 18 nu,
215 1244 141 26 decimeradt,
372 1244 64 21 fattar
452 1247 30 17 ett
498 1246 48 26 nytt
560 1243 77 26 beslut,
652 1243 38 21 ber
704 1244 35 27 jag
755 1243 23 21 få
797 1244 65 20 uttala
887 1245 41 19 min
954 1244 36 20 be-

165 1274 84 22 stämda
270 1276 83 26 protest
369 1276 56 18 emot
440 1275 31 19 ett
494 1274 42 20 sätt
559 1275 31 18 att
608 1272 29 28 gå
651 1272 31 20 till
700 1274 60 26 väga,
775 1280 43 13 som
835 1273 35 27 je;
886 1280 27 13 nu
929 1280 61 14 anser

166 1302 139 28 fullständigt
329 1302 108 21 uteslutet.
467 1301 108 25 Orsaken,
596 1300 87 22 hvarför
705 1301 35 28 jag
756 1302 99 27 upptagit
870 1301 120 28 privilegie-

167 1332 74 28 frägan
259 1331 70 21 säsom
345 1331 36 27 jag
397 1330 36 21 det
448 1330 62 28 gjort,
525 1331 24 19 är
559 1333 32 17 att
605 1330 35 27 jag
650 1329 65 28 ansäg
725 1329 37 21 det
771 1337 51 13 vara
830 1329 40 21 den
887 1330 55 21 enda
957 1334 33 17 ut-

166 1363 68 25 vågen
252 1364 31 17 att
299 1360 46 21 åter
361 1358 22 22 få
399 1358 74 28 frågan
489 1358 32 21 till
536 1358 47 21 tals.

237 1429 33 21 Hr
286 1427 232 26 Wallensköld:
534 1427 45 21 Det
594 1427 108 21 förefaller
717 1428 43 27 mig
774 1435 46 14 som
837 1436 32 12 om
886 1428 34 21 Hr
929 1428 61 28 Björ-

169 1458 110 21 kenheims
295 1457 83 28 förslag
393 1456 47 21 icke
456 1464 51 13 vore
522 1460 67 17 annat
603 1457 26 19 än
646 1459 30 17 ett
692 1456 92 21 förtäckt
799 1456 153 29 upphäfvande
968 1457 22 20 af

168 1487 37 20 det
228 1486 71 21 beslut
321 1485 26 22 R.
363 1493 18 13 o.
397 1485 26 21 A.
438 1484 90 27 tidigare
551 1484 69 21 fattat.
650 1483 42 28 Jag
707 1491 67 20 anser,
790 1485 69 21 såsom
875 1486 35 27 jag
925 1485 64 21 äfven

165 1515 93 28 tidigare
283 1513 122 24 framhållit,
428 1517 31 17 att
477 1513 25 22 R.
518 1521 18 13 o.
553 1513 27 21 A.
596 1513 35 21 vid
648 1512 70 22 denna
733 1514 75 21 urtima
824 1513 102 28 landtdag
942 1514 48 21 icke
