1086 1764
378 113 217 34 Föreningsfriheten.
864 115 42 22 861

67 191 88 29 fogadt.
184 190 79 22 Likväl
279 193 45 17 tror
338 190 34 27 jag
387 189 52 26 icke,
455 192 32 18 att
502 188 37 21 det
552 189 82 27 tillägg,
651 196 46 14 som
713 189 42 22 han
770 189 81 28 gjorde,
862 191 40 20 när

73 221 42 21 han
132 219 57 27 sade,
204 222 32 18 att
252 219 5 20 i
273 218 67 27 öfrigt
354 217 54 28 gälle
423 217 56 22 hvad
491 218 12 26 $
514 218 26 20 21
552 219 92 26 stadgar,
661 219 23 19 är
699 218 139 28 nödvändigt,
849 221 52 18 utan

73 249 74 22 kunde
163 255 47 14 man
227 246 115 22 inskränka
358 247 32 27 sig
405 246 31 21 till
452 246 67 21 första
535 245 61 22 delen
608 246 24 20 af
644 246 53 21 hans
711 246 191 29 ändringsförslag.

74 277 53 22 Med
144 277 69 20 denna
231 275 146 21 modifikation
393 275 37 21 ber
444 275 36 28 jag
492 277 31 18 att
533 274 23 21 få
566 274 134 21 understöda
710 274 34 21 Hr
755 282 42 14 von
809 275 93 22 Wendts

75 306 89 27 förslag.

146 361 56 22 Frih.
214 368 51 14 von
281 359 206 22 Willebrand:
503 359 34 21 Då
553 359 41 21 den
611 360 30 20 uti
658 360 139 27 lagförslaget
813 360 91 21 afsedda

74 391 164 28 tillämpningen
260 389 109 21 eventuelt
392 389 122 20 ankommer
530 388 26 28 på
577 388 106 21 domstols
698 388 109 29 pröfning,
822 389 25 20 så
862 389 42 21 för-

74 420 47 21 står
136 419 35 28 jag
185 419 48 20 icke
254 417 57 22 hvad
328 425 45 13 som
389 417 120 28 egentligen
526 424 81 13 vunnes
624 417 49 21 med
690 417 41 20 den
747 417 158 28 omstilisering,

77 448 34 21 Hr
123 455 42 14 von
183 446 79 22 Wendt
276 446 118 27 föreslagit.
423 445 77 22 Såvidt
515 446 35 27 jag
564 445 81 21 förstår
660 447 24 19 är
699 445 68 22 första
783 449 123 22 momentet,

76 477 80 21 sådant
173 475 111 22 Utskottet
303 474 108 28 redigerat
426 474 42 25 det,
483 474 50 21 fullt
552 473 42 22 lika
610 474 137 21 användbart
763 481 45 14 som
825 474 41 21 den
883 474 23 21 af

78 505 34 22 Hr
128 512 42 13 von
192 503 82 22 Wendt
296 503 121 28 föreslagna
432 503 199 27 omgestaltningen.
664 502 41 28 Jag
722 503 89 21 föreslår
833 503 74 21 derför

77 532 151 23 bibehållande
245 532 23 21 af
283 534 116 19 momentet
414 531 76 21 sådant
505 531 113 22 Utskottet
634 531 112 28 föreslagit
761 531 43 22 det.

270 623 452 28 Omröstningsproposition:

151 687 54 26 Den,
228 695 46 14 som
298 686 125 28 godkänner
445 687 12 26 $
480 687 26 20 32
530 685 66 28 enligt
621 685 124 22 Utskottets
769 685 142 27 betänkande,

81 719 70 20 röstar
166 717 30 28 ja;

151 774 75 21 vinner
249 773 40 27 nej,
305 772 37 21 har
364 772 26 21 R.
405 779 19 14 o.
440 772 26 21 A.
486 771 86 21 beslutit
594 772 46 27 $:ns
664 771 126 21 återremiss
807 772 6 20 i
829 771 38 21 det
889 770 24 21 af

81 803 47 22 Hrr
144 809 41 15 von
203 801 80 22 Wendt
298 801 41 21 och
355 800 146 22 Wallensköld
517 800 123 27 föreslagna
658 800 63 28 syfte.

154 865 164 27 Propositionen
335 863 128 21 besvarades
479 863 49 21 med
544 863 162 28 öfvervägande
723 863 27 28 ja.

155 924 26 21 33
198 923 40 21 och
254 923 28 20 34
298 923 26 26 88
339 921 126 28 godkändes
481 923 50 18 utan
547 920 148 28 anmärkning.

153 986 69 22 Sedan
239 985 87 22 härmed
343 984 156 27 behandlingen
509 984 22 21 af
539 984 99 27 samtliga
647 985 26 26 88
685 985 4 20 i
700 983 148 28 föreliggande
864 983 46 28 lag-

83 1016 83 21 förslag
180 1015 103 25 slutförts,
299 1017 91 25 upptogs
407 1013 27 28 pä
449 1013 156 27 framställning
621 1013 23 20 af
656 1012 34 21 Hr
701 1012 208 21 Landtmarskalken

84 1045 33 21 till
141 1033 115 38 afgörande
278 1042 77 28 frägan
378 1049 34 14 om
435 1041 149 28 lagförslagets
607 1041 146 28 uppställning
769 1041 40 21 och
824 1041 86 28 yttrade

86 1073 74 22 härom

155 1136 33 21 Hr
210 1134 197 23 Cederholm:
430 1133 44 22 Det
489 1135 23 19 är
534 1133 48 21 icke
605 1133 78 28 många
704 1133 53 26 skäl,
772 1140 45 14 som
838 1133 74 21 kunna

85 1165 87 22 anföras
188 1164 30 21 till
242 1163 82 21 förmän
348 1163 33 20 för
396 1162 41 21 den
460 1162 151 28 uppställning,
626 1169 47 14 som
695 1161 122 28 föreslagits
833 1161 22 22 af
870 1161 43 22 Ut-

84 1195 93 20 skottets
201 1193 109 28 majoritet.
342 1191 44 21 Det
407 1193 22 19 är
445 1191 6 20 i
467 1190 77 29 sjelfva
559 1191 75 20 verket
650 1190 77 21 endast
742 1193 31 18 ett
788 1190 55 21 enda
859 1190 54 24 skäl,

86 1223 106 27 nämligen
215 1221 37 21 det
267 1223 31 18 att
320 1219 138 29 lagförslaget
481 1219 123 28 derigenom
628 1219 33 21 fär
677 1227 26 13 en
722 1218 105 29 betydligt
843 1220 69 20 större

86 1251 85 22 klarhet
185 1251 31 20 vis
228 1252 13 19 &
252 1250 31 20 vis
306 1249 75 28 frågan
397 1256 34 13 om
447 1248 27 21 de
497 1248 119 21 oinskrifna
632 1248 163 27 föreningarnas
811 1248 103 27 ställning

85 1280 44 21 och
149 1279 129 28 rättigheter.
308 1277 52 21 Men
382 1277 34 20 för
431 1277 42 20 min
490 1276 34 21 del
540 1284 62 13 anser
617 1277 35 27 jag
668 1276 70 21 denna
754 1276 160 28 omständighet

87 1316 52 13 vara
161 1308 23 21 af
198 1308 41 20 den
263 1306 115 28 betydelse,
394 1309 31 18 att
448 1305 41 22 den
505 1313 72 13 ensam
598 1307 24 19 är
637 1305 132 28 fullkomligt
789 1304 125 29 afgörande.

88 1337 44 21 Det
148 1337 36 20 har
199 1339 59 25 synts
279 1334 124 23 Utskottets
419 1335 112 27 majoritet,
546 1337 32 17 att
592 1334 174 28 propositionens
782 1333 132 22 bestämnin-

87 1373 38 20 gar
141 1366 6 20 i
163 1365 59 28 fräga
245 1372 34 13 om
302 1363 27 21 de
352 1363 119 21 oinskrifna
494 1363 162 27 föreningarnas
679 1363 102 27 ställning
803 1363 48 21 icke
875 1363 37 20 äro

88 1394 51 21 fullt
153 1394 64 25 klara,
232 1396 50 18 utan
304 1393 93 20 tvärtom
412 1391 70 21 lemna
498 1399 45 13 rum
559 1391 33 21 för
608 1391 86 27 mycket
709 1391 83 21 tvifvel.
824 1391 90 22 Utskot-

87 1426 33 18 tet
135 1422 55 22 hade
213 1422 89 21 kommit
316 1421 32 20 till
371 1421 42 20 den
429 1420 165 28 uppfattningen
610 1419 23 21 af
649 1421 165 27 propositionen,
830 1422 31 19 att
877 1427 37 13 en-

89 1451 40 28 ligt
153 1451 160 29 propositionen
339 1449 26 21 de
388 1449 120 21 oinskrifna
532 1449 152 27 föreningarna
708 1449 4 20 i
736 1448 77 28 sjelfva
839 1448 76 21 verket

88 1481 71 20 skulle
175 1487 48 14 vara
240 1478 75 21 endast
330 1477 119 22 tolererade
460 1478 6 20 i
477 1477 78 21 landet.
578 1477 53 21 Men
648 1477 113 22 Utskottet
771 1477 38 21 har
819 1476 98 22 emeller-

89 1509 32 21 tid
145 1509 54 21 varit
214 1509 5 20 i
236 1507 83 21 tillfälle
341 1509 30 18 att
386 1506 101 26 inhemta,
502 1509 31 18 att
552 1506 93 27 afsigten
662 1506 56 21 dock
734 1506 47 21 icke
797 1506 55 21 varit
867 1505 51 26 den,
