1084 1759
351 129 36 20 Ny
399 128 218 20 Riddarhusordning.
863 124 41 21 517

74 198 20 21 få
118 198 84 21 inträda
217 198 6 20 i
240 198 40 20 den
304 197 92 26 ordning
418 196 6 22 i
441 197 12 26 8
470 196 23 21 13
510 196 129 27 föreslagits.
669 197 11 21 I
702 197 93 27 enlighet
817 197 88 22 härmed

75 226 65 22 hafva
156 226 104 21 särskilda
282 225 115 27 ändringar
412 225 40 21 och
467 225 157 27 uteslutningar
639 226 8 20 i
662 226 242 26 Riddarhusordningen

74 255 118 26 företagits.

145 284 11 26 8
170 283 26 21 19
212 282 123 26 innehåller,
350 285 32 18 att
397 282 127 21 ordförande
539 282 39 21 och
593 282 177 22 viceordförande
785 283 35 21 vid
835 283 69 21 adels-

75 314 57 19 möte
148 311 66 27 väljas
230 310 22 22 af
266 310 136 27 deltagarene
417 311 7 20 i
440 311 123 21 detsamma.

144 340 118 26 Angäende
277 339 228 21 Riddarhusutskottet
517 339 39 21 och
568 339 49 21 dess
628 339 128 27 äligganden
767 340 50 26 ingä
827 340 78 27 nödiga

74 368 134 22 föreskrifter
223 368 6 21 i
253 369 5 25 &
274 368 34 25 20,
324 368 150 20 motsvarande
490 368 27 26 $&
532 368 26 20 21
575 368 40 20 och
631 368 28 20 40
672 368 6 20 i
695 368 209 21 Riddarhusordnin-

75 404 47 20 gen.
152 397 95 21 Emedan
271 396 35 22 det
321 396 72 21 kunde
416 396 95 21 befinnas
526 396 75 26 nödigt
617 399 32 18 att
664 396 33 21 för
713 396 154 28 behandlingen
883 396 24 22 af

75 425 105 22 särskilda
194 424 72 28 frägor
281 425 89 21 tillsätta
385 425 61 21 ätven
462 425 66 21 andra
543 424 90 26 utskott,
649 424 39 22 har
698 425 206 22 Riddarhusutskot-

74 456 32 20 tet
121 454 6 21 i
144 456 30 19 ett
189 454 101 20 särskildt
305 455 96 19 moment
415 453 23 21 af
451 453 11 27 $
478 454 27 20 20
520 454 77 26 intagit
612 454 120 26 stadgande
747 454 80 21 härom.

144 483 11 21 I
170 482 73 27 frägan
268 488 34 15 om
326 484 65 19 sättet
412 482 33 21 för
468 482 157 21 verkställande
648 482 23 21 af
691 482 130 21 utskottsval
842 482 62 22 har
889 478 19 35 i

74 510 230 22 Riddarhusutskottet
325 510 95 27 yrkande
441 510 123 25 framstälts,
583 512 32 20 att
637 510 61 22 valen
721 511 67 21 borde
809 510 96 28 försiggä

75 540 67 26 enligt
162 539 314 28 proportionalitetsprincipen.
511 539 124 21 Utskottets
657 539 156 27 öfvervägande
835 539 69 21 flertal

74 568 38 22 har
128 568 54 21 dock
197 568 45 21 icke
258 568 82 20 kunnat
355 567 74 21 förena
444 568 33 26 sig
492 574 33 14 om
542 568 37 20 det
593 568 127 21 framstälda
729 567 106 27 förslaget,
847 574 57 15 eme-

75 597 40 21 dan
139 597 120 21 fördelarna
282 596 22 22 af
318 596 49 21 dess
390 596 165 27 genomförande
570 596 68 27 knapt
655 596 69 22 skulle
749 598 97 26 uppväga
869 597 36 21 det

74 626 49 20 med
146 626 160 26 tillämpningen
329 624 61 22 deraf
410 624 121 22 förbundna
553 625 84 25 besvär,
660 627 57 19 samt
739 625 26 21 de
781 625 38 25 val,
835 626 69 20 som
892 620 15 36 i

75 654 156 26 Ridderskapet
247 654 39 20 och
302 654 69 20 Adeln
393 653 114 21 framdeles
522 653 87 21 komma
630 656 33 18 att
678 660 40 20 ega
733 660 54 19 rum,
803 654 16 26 ej
838 654 66 21 heller

75 689 64 21 synas
162 689 50 15 vara
227 682 23 21 af
271 682 40 21 den
334 682 122 27 synnerliga
476 682 49 23 vikt,
540 684 32 19 att
586 682 47 21 icke
649 682 35 21 vid
704 682 42 21 dem
764 682 35 21 det
814 689 29 15 nu
860 682 44 28 gäl-

74 711 63 21 lande
160 711 63 21 enkla
245 711 101 21 valsättet
368 713 51 19 utan
442 710 113 27 olägenhet
577 710 132 22 fortfarande
731 711 72 21 kunde
818 711 87 21 komma

75 740 31 21 till
129 740 142 26 användning.
300 739 32 21 Pä
353 739 69 27 grund
443 738 62 22 häraf
525 739 38 21 har
583 739 106 21 utskottet
705 742 60 18 enats
781 746 34 14 om
831 742 32 19 att
878 746 27 15 ur

75 768 242 27 Riddarhusordningen
341 770 121 19 utmönstra
484 768 41 20 alla
547 768 162 26 bestämningar
732 768 90 21 rörande
839 770 65 20 sättet

74 796 33 22 för
123 798 61 20 dessa
200 797 40 21 val.

144 827 28 25 88
195 826 84 20 21—26
302 824 107 22 innehålla
430 824 133 22 föreskrifter
586 831 34 15 om
645 825 111 21 utskotten
780 825 39 21 och
842 825 63 21 deras

74 854 171 27 arbetsordning,
268 860 27 15 m.
311 860 33 19 m.,
364 856 56 19 samt
443 854 26 27 $$
492 854 82 20 27—41
599 854 134 27 stadganden
757 860 33 15 om
814 854 90 21 Ridder-

76 884 75 26 skapet
166 883 38 22 och
220 883 82 21 Adelns
324 883 178 21 sammanträden.
532 883 42 21 Vid
589 882 140 27 affattningen
745 882 23 22 af
781 890 29 14 nu
825 882 78 28 ifräga-

74 912 79 22 komna
175 913 26 26 8$
224 912 38 21 har
281 912 107 21 utskottet
402 911 33 21 för
450 912 36 20 det
501 914 68 18 mesta
583 911 48 27 följt
647 911 257 27 Landtdagsordningens

75 941 39 21 och
130 940 254 27 Riddarhusordningens
403 939 133 22 föreskrifter
554 940 3 20 i
573 940 64 21 dessa
653 942 83 19 ämnen.
766 940 33 21 De
814 940 89 26 mindre,

74 970 153 21 redaktionella
249 969 155 27 förändringar,
420 975 46 15 som
489 968 106 22 utskottet
613 969 96 26 vidtagit,
725 969 60 21 torde
808 969 45 21 icke
869 975 33 15 er-

74 998 74 22 fordra
162 998 70 27 någon
248 1000 98 18 närmare
362 998 134 26 motivering.
523 997 10 21 I
549 999 52 19 nära
616 997 223 21 öfverensstämmelse
854 998 49 20 med

74 1027 56 21 hvad
153 1027 99 27 Sveriges
274 1026 216 25 Riddarhusordning
512 1026 74 20 härom
610 1026 87 26 stadgar
719 1026 38 21 har
772 1026 131 22 Riddarhus-

75 1056 105 21 utskottet
195 1056 7 20 i
223 1056 5 27 $
244 1055 28 21 30
292 1054 160 22 sammanfattat
474 1055 27 21 de
524 1056 83 23 ämnen,
631 1061 47 15 som
697 1055 67 26 enligt
786 1055 117 21 utskottets

74 1084 65 22 tanke
154 1084 72 21 kunna
242 1085 76 25 utgöra
333 1083 89 21 föremål
437 1083 33 21 för
493 1083 131 27 behandling
639 1084 35 20 vid
691 1084 157 26 Ridderskapet
863 1084 40 20 och

74 1113 82 21 Adelns
171 1112 199 22 sammankomster.
400 1112 42 21 För
457 1112 71 21 beslut
543 1112 7 20 i
565 1111 80 27 frågor,
658 1112 71 21 hvilka
744 1112 55 27 angå
813 1112 90 21 Ridder-

75 1142 76 26 skapet
164 1142 39 20 och
218 1141 81 21 Adelns
316 1140 122 28 privilegier
454 1144 56 18 samt
524 1140 135 22 afhändande
675 1141 51 21 eller
741 1140 113 22 förändrad
866 1147 37 15 an-

75 1170 109 27 vändning
198 1170 23 21 af
235 1170 100 21 Ståndets
351 1169 76 22 kassor
442 1169 40 21 och
497 1169 56 21 fasta
568 1170 111 26 egendom,
695 1170 38 20 har
749 1169 104 21 utskottet
865 1176 38 14 an-

75 1201 43 19 sett
133 1199 33 27 sig
180 1199 52 21 böra
247 1198 80 21 föreslå
342 1198 134 21 kvalificerad
492 1198 107 26 majoritet
614 1198 49 21 med
679 1198 110 27 möjlighet
804 1200 31 19 att
849 1204 54 21 upp-

75 1228 71 27 skjuta
169 1228 64 20 sådan
250 1226 60 28 fråga
332 1226 31 22 till
378 1226 93 28 följande
492 1226 124 25 adelsmöte,
633 1227 27 27 pä
675 1229 44 19 sätt
734 1228 11 26 I
762 1226 27 22 38
804 1228 100 20 närmare

74 1256 88 22 utvisar.

144 1285 10 21 I
176 1284 64 22 afsikt
263 1286 31 19 att
316 1284 70 21 införa
405 1290 25 14 en
454 1290 45 15 mer
522 1284 146 26 regelbunden
690 1284 39 21 och
745 1284 158 21 verksammare

74 1314 94 21 kontroll
190 1313 59 21 öfver
272 1312 157 27 förvaltningen
452 1312 23 22 af
495 1312 158 27 Ridderskapet
675 1312 40 22 och
731 1312 80 22 Adelns
826 1312 77 22 fonder

74 1342 38 22 har
136 1342 104 21 utskottet
264 1342 3 20 i
290 1344 118 18 momentet
423 1342 13 20 2
452 1341 47 26 af
489 1336 16 35 &
516 1342 29 20 42
567 1340 66 22 infört
655 1343 32 19 ett
709 1341 123 26 stadgande.
856 1347 46 15 som

74 1371 62 21 äfven
159 1370 114 22 återfinnes
289 1370 6 21 i
311 1370 41 21 den
376 1370 93 21 svenska
484 1370 249 26 Riddarhusordningen,
749 1370 106 27 nämligen
872 1372 32 19 att

74 1400 157 26 Ridderskapet
247 1399 38 21 och
301 1399 70 21 Adeln
387 1399 35 21 vid
438 1398 73 27 hvarje
526 1398 88 27 lagtima
630 1400 57 20 möte
703 1399 53 21 skall
773 1401 52 21 utse,
843 1401 59 19 utom

74 1428 226 25 riddarhusdirektion,
316 1431 32 17 tre
365 1428 106 20 revisorer
484 1428 67 26 jemte
566 1427 43 21 lika
624 1428 78 26 många
717 1427 138 27 suppleanter
870 1427 34 21 för

74 1460 32 18 att
120 1457 80 27 årligen
217 1456 92 27 granska
323 1456 174 26 räkenskaperna
513 1456 32 20 för
568 1456 67 26 sagda
650 1455 81 25 fonder,
747 1456 108 21 äfvensom
871 1458 33 18 att

74 1486 89 21 förrätta
178 1485 134 26 inventering
328 1484 23 21 af
364 1484 156 22 Riddarhusets
536 1484 56 21 låne-
604 1484 40 21 och
660 1484 244 27 säkerhetshandlingar.
