1081 1764
173 112 40 20 724
451 117 25 17 R.
489 121 19 12 o.
519 117 25 16 A.
557 117 59 16 1908.
640 117 24 16 168
676 117 51 16 Juli.

242 186 42 28 Jag
299 186 39 21 ber
354 184 74 22 vidare
443 187 32 19 att
487 184 23 21 få
522 184 83 22 bemöta
616 184 135 28 påståendet,
761 188 32 18 att
804 187 31 19 ett
847 185 159 29 inkonseqvent

174 214 124 22 förfarande
321 214 70 21 skulle
415 213 64 21 hafva
503 216 36 24 egt
562 221 45 13 rum
630 212 46 22 från
692 213 244 22 Riddarhusutskottets
953 214 53 21 sida.

175 244 52 20 Man
249 244 39 20 har
310 242 92 28 tidigare
425 242 95 28 påpekat
535 244 14 18 t.
565 249 37 18 ex.,
625 244 31 18 att
679 242 244 21 Riddarhusutskottets
947 242 60 21 med-

173 272 88 21 lemmar
277 272 47 20 icke
347 270 136 28 opponerade
500 271 33 26 sig
549 273 57 18 emot
620 273 32 18 att
667 270 91 21 Ständet
774 274 37 24 tog
825 270 34 21 till
875 270 131 28 behandling

173 300 42 22 den
225 308 17 14 s.
251 300 18 21 k.
279 298 234 28 tjenstemannafrägan
525 298 27 28 pä
566 298 68 28 grund
651 298 23 21 af
688 298 165 28 Lagutskottets
870 299 135 21 betänkande

172 329 44 21 N:o
234 330 17 20 1.
281 308 42 48 Jag
346 327 35 21 för
396 328 42 20 min
463 327 35 21 del
514 327 47 25 och,
583 334 45 14 som
643 328 35 27 jag
701 331 94 23 antager,
811 327 65 21 äfven
893 328 27 20 de
936 328 69 27 öfriga

173 358 168 20 medlemmarna
364 356 23 20 af
401 355 229 22 Riddarhusutskottet
653 356 56 20 finna
730 356 62 26 dock,
808 359 33 17 att
856 364 25 12 en
898 357 108 27 väsentlig

172 386 87 21 skilnad
283 385 116 21 förefinnes
423 384 91 20 emellan
538 384 40 21 den
601 384 67 27 fråga,
684 392 45 13 som
753 384 27 20 då
796 384 153 28 behandlades,
965 384 40 22 och

174 414 142 22 förevarande
340 413 66 27 fråga.
437 412 43 21 Det
503 412 62 21 torde
588 412 80 21 kanske
692 420 51 14 vara
765 412 136 28 nödvändigt
922 416 31 18 att
969 413 36 28 på-

174 445 72 19 minna
269 450 33 13 om
319 442 58 21 hvad
401 441 173 28 Lagutskottet
566 437 12 36 i
592 441 72 27 början
688 441 23 21 af
726 442 38 20 sitt
787 441 136 21 betänkande
943 444 63 25 säger

173 479 46 13 som
244 472 130 25 motivering
396 470 31 20 till
451 472 31 18 att
504 470 38 20 det
565 470 97 27 upptagit
684 477 26 13 en
726 470 67 27 fråga,
807 477 46 14 som
870 470 48 21 icke
934 470 71 21 direkt

174 499 181 28 sammanhängde
379 498 48 21 med
443 498 36 21 det
499 499 57 20 inom
572 498 25 21 RB.
613 506 19 13 o.
648 498 26 21 A.
690 500 40 19 och
746 498 165 22 Bondeståndet
927 499 78 21 väckta

174 528 103 28 förslaget
293 528 47 20 med
361 527 116 27 anledning
492 526 24 21 af
531 527 30 20 till
578 526 120 22 Ständerna
714 527 105 21 ankomna
835 527 128 21 skrifvelser
978 527 27 28 på

174 558 64 28 ryska
253 556 94 28 språket.
376 556 153 26 Lagutskottet
544 557 70 25 säger:

245 585 59 22 »Vid
322 584 157 21 behandlingen
500 584 24 20 af
539 584 58 20 detta
613 584 79 20 ärende
707 584 38 20 har
761 584 152 28 Lagutskottet
929 584 76 22 främst

174 615 54 27 tagit
241 615 5 20 i
260 612 168 28 öfvervägande,
458 612 91 21 huruvida
565 612 146 21 innevarande
735 612 156 22 ständermötes
907 616 63 18 natur
983 613 22 21 af

175 644 76 20 urtima
267 641 105 27 landtdag
387 641 71 21 kunde
474 641 62 20 ställa
552 640 74 22 hinder
643 642 5 19 i
665 642 68 26 vägen
749 640 34 22 för
796 640 176 28 handläggandet
983 642 22 20 af

175 672 44 20 de
213 665 12 36 i
236 672 102 20 remissen
355 669 90 21 berörda
461 669 108 28 frågorna,
584 669 73 21 hvilka
673 670 48 20 icke
738 670 72 20 blifvit
825 669 32 21 till
873 669 132 22 Ständernas

175 700 100 28 pröfning
291 698 166 22 öfverlämnade.
488 698 12 20 I
512 699 13 20 2
541 698 10 27 $
563 698 23 20 af
600 698 246 28 Landtdagsordningen
862 698 143 22 föreskrifves

176 728 113 28 nämligen,
305 731 32 17 att
360 726 36 22 vid
412 728 77 19 urtima
504 726 102 28 landtdag
629 726 76 22 endast
720 726 35 21 må
770 726 134 22 förekomma
921 727 84 26 ärende,

175 765 46 13 som
245 756 106 21 föranledt
375 755 102 21 kallelsen
502 755 51 21 eller
568 755 23 21 af
613 755 107 27 Kejsaren
740 755 40 21 och
803 754 134 22 Storfursten
953 756 52 28 eljes

175 786 33 21 till
231 785 120 21 Ständerna
375 784 150 25 öfverlämnas,
541 784 24 20 sä
581 784 40 20 ock
638 784 56 20 hvad
711 784 47 21 med
775 784 70 28 dylikt
860 784 79 21 ärende
955 792 50 20 eger

176 814 133 28 oskiljaktigt
325 812 159 28 sammanhang.

245 842 84 21 Härvid
347 841 38 21 har
407 840 115 22 Utskottet
536 841 77 25 funnit,
628 843 38 23 att,
682 840 28 21 dä
726 841 143 27 nyssnämnda
886 841 81 27 lagrum
983 841 23 21 ät

176 872 119 20 Monarken
313 870 71 28 gifver
400 871 42 19 rätt
457 873 32 17 att
506 870 116 20 bestämma
638 870 26 20 de
680 869 99 27 ärenden,
795 877 45 13 som
852 870 23 20 af
885 869 120 22 Ständerna

176 900 60 22 skola
253 900 35 20 vid
310 900 77 20 urtima
408 898 104 28 landtdag
527 898 137 28 handläggas,
680 903 54 16 samt
749 898 121 21 Ständerna
886 898 35 21 vid
937 898 67 21 sädan

176 928 103 28 landtdag
295 928 18 28 ej
330 934 39 21 ega
385 927 41 21 den
449 928 103 20 motions-
568 926 39 22 och
624 927 151 27 petitionsrätt,
789 934 45 14 som
851 928 26 20 51
895 927 12 27 &
923 926 83 22 Landt-

176 957 173 28 dagsordningen
362 955 123 25 innehåller,
495 955 87 21 härmed
595 955 168 28 uppenbarligen
775 955 83 28 åsyftas
869 956 80 20 sådana
961 956 44 27 lag-

176 986 122 27 stiftnings-
314 984 41 22 och
371 984 77 28 jemväl
465 984 244 27 förvaltningsärenden,
725 991 46 13 som
787 984 68 28 enligt
869 984 137 28 Landtdags-

176 1014 119 28 ordningen
312 1015 5 19 i
335 1013 115 21 allmänhet
473 1014 76 26 utgöra
565 1012 90 21 föremål
671 1012 33 21 för
720 1012 132 22 Ständernas
867 1012 138 28 behandling.

245 1042 125 22 Emellertid
395 1042 72 20 kunna
487 1041 37 21 vid
546 1041 102 27 landtdag
664 1041 99 21 stundom
780 1041 133 21 förekomma
929 1041 76 28 frågor,

176 1080 45 14 som
238 1072 45 20 icke
307 1071 51 21 falla
375 1072 56 19 inom
455 1078 51 20 nyss
522 1070 94 28 antydda
639 1070 87 20 område
741 1070 34 20 för
795 1069 131 22 Ständernas
943 1070 62 20 värk-

176 1101 89 25 samhet,
281 1100 69 21 såsom
367 1103 14 17 t.
397 1106 32 14 ex.
445 1100 38 19 när
502 1098 65 28 något
582 1098 76 21 hinder
672 1098 97 28 uppstått
785 1098 34 21 för
835 1098 41 21 den
892 1098 40 21 fria
948 1098 58 22 utöf-

177 1131 78 27 ningen
271 1129 23 21 af
316 1128 129 22 Ständernas
469 1127 79 28 lagliga
570 1128 42 20 rätt
635 1126 41 22 och
698 1127 62 21 deras
782 1127 137 21 värksamhet
939 1128 67 27 enligt

176 1156 252 28 Landtdagsordningen.
458 1156 86 20 Hinder
566 1156 23 20 af
603 1156 60 20 detta
685 1156 46 27 slag
746 1157 63 26 utgör
831 1156 28 20 dä
875 1163 26 13 en
920 1156 85 21 formell

175 1186 69 29 grund
261 1186 34 21 för
309 1185 121 22 Ständerna
447 1188 31 18 att
493 1184 85 21 anhälla
594 1192 34 13 om
639 1184 87 21 rättelse
737 1185 5 20 i
755 1188 31 17 ett
797 1184 76 22 sädant
884 1184 121 28 lagstridigt

176 1215 141 22 förhällande.
347 1214 52 20 Men
415 1213 117 28 anledning
552 1213 33 21 till
600 1216 32 18 att
647 1213 71 28 dylika
734 1213 101 25 ärenden,
849 1213 74 21 hvilka
939 1213 67 28 enligt

176 1245 79 21 sakens
277 1247 62 18 natur
355 1244 6 19 i
377 1242 116 21 allmänhet
512 1242 47 21 icke
574 1244 37 19 äro
628 1242 51 21 eller
694 1242 71 21 kunna
781 1250 50 13 vara
850 1243 3 20 i
869 1242 137 28 Landtdags-

176 1273 119 27 ordningen
317 1271 132 26 förutsedda,
473 1271 67 21 mäste
563 1273 112 26 upptagas,
691 1271 41 20 kan
754 1271 65 21 äfven
836 1271 56 27 ligga
909 1271 50 26 deri,
975 1273 31 18 att

177 1301 126 22 företeelser
325 1301 56 20 inom
405 1303 64 18 stats-
485 1299 41 22 och
548 1299 164 21 samhällslifvet
734 1299 61 28 gifva
815 1299 36 22 vid
868 1299 90 27 handen,
974 1302 32 18 att

176 1330 211 26 statsförfattningen
405 1329 40 21 och
461 1328 124 28 derigenom
606 1328 65 21 äfven
692 1328 255 28 folkrepresentationens
964 1330 42 19 rätt

177 1359 73 22 blifvit
260 1358 62 21 trädd
336 1358 33 21 för
385 1359 50 19 nära
452 1357 52 21 eller
520 1357 256 28 folkrepresentationens
793 1356 154 29 befogenheter
963 1357 42 20 för-

176 1388 67 21 nekas
259 1387 28 36 pä
310 1389 30 18 ett
356 1388 49 24 sätt,
419 1393 46 14 som
487 1387 39 26 gör
542 1385 37 21 det
594 1385 34 21 för
643 1386 196 27 representationen
856 1385 75 28 nödigt
946 1389 37 20 att,
999 1386 6 20 i

176 1417 42 20 den
235 1424 47 13 män
306 1416 37 20 det
358 1415 45 21 stär
417 1415 6 20 i
440 1414 50 21 dess
515 1414 65 25 makt,
594 1414 52 21 söka
662 1414 23 21 fä
700 1414 41 21 den
758 1414 91 21 kränkta
865 1414 140 21 rättsordnin-

176 1453 41 20 gen
234 1443 110 23 äterställd
361 1443 39 22 och
417 1443 78 28 lagliga
512 1443 148 21 förhällanden
676 1443 193 28 äterupprättade.»

248 1473 43 21 Det
303 1475 23 19 är
341 1473 21 28 ju
379 1480 25 13 en
419 1472 44 21 helt
479 1479 69 13 annan
565 1471 45 26 sak,
621 1479 34 13 om
671 1471 35 21 det
722 1471 67 28 gäller
799 1475 31 18 ett
845 1471 68 28 dylikt
928 1475 79 24 ytterst

178 1503 78 27 vigtigt
278 1501 85 27 ärende,
379 1508 45 14 som
449 1501 63 20 berör
527 1500 47 21 hela
598 1501 111 20 nationens
726 1500 34 21 väl
776 1500 41 21 och
833 1507 33 20 ve,
877 1502 25 19 än
919 1508 33 14 om
969 1500 38 21 det
