1153 2339
206 516 41 21 760
470 522 24 17 R.
507 527 18 12 o.
537 522 25 17 A.
575 523 61 17 1906.
659 523 11 16 1
682 523 96 20 Augusti.

331 663 155 34 Onsdagen
505 663 56 26 den
580 663 12 26 1
611 663 124 34 Augusti
754 663 39 26 kl.
811 664 16 25 7
846 671 21 18 e.
885 671 35 18 m.

278 737 205 28 Protokollsutdrag
508 737 63 22 öfver
595 737 25 22 R.
643 745 19 14 o.
684 740 38 19 A:s
748 737 36 22 vid
809 737 119 28 gärdagens
953 738 86 29 plenum

209 766 85 22 fattade
311 766 74 22 beslut
400 766 109 29 upplästes
525 766 32 22 till
572 767 105 28 justering
691 765 41 23 och
746 765 132 29 godkändes.

569 933 119 22 Utskotten.

284 990 57 22 Frän
364 990 103 22 Ständets
489 990 84 22 valmän
589 990 55 21 hade
659 990 69 28 ingätt
744 993 31 18 ett
790 990 113 28 protokoll,
918 990 76 22 hvaraf
1009 992 32 20 in-

213 1019 113 22 hemtades
342 1022 37 23 att,
394 1018 67 22 sedan
484 1018 34 22 Hr
533 1018 100 22 Wilhelm
658 1018 120 26 Hackman,
793 1026 45 14 som
855 1020 56 20 varit
926 1019 93 21 ledamot
1034 1020 8 20 i

213 1048 169 22 Statsutskottet
398 1047 41 22 och
454 1048 113 28 suppleant
578 1048 6 20 i
595 1047 253 26 Talmanskonferensen,
860 1047 97 22 äterstält
969 1048 74 28 pollet,

213 1077 129 21 valmännen
358 1079 76 19 utsett:

286 1139 33 21 till
334 1138 95 22 ledamot
443 1139 7 21 i
461 1138 165 22 Statsutskottet
641 1138 141 28 suppleanten
793 1139 7 20 i
811 1138 67 28 sagda
893 1139 82 21 utskott
985 1139 59 22 Herr

215 1167 79 21 Alfred
310 1168 148 20 Norrm&6n
473 1167 48 21 med
539 1168 26 20 10
580 1168 74 24 röster,
669 1167 32 21 till
717 1167 115 28 suppleant
846 1168 7 20 i
868 1175 79 13 samma
960 1168 85 22 utskott

215 1195 59 22 Herr
297 1196 98 21 Hjalmar
420 1195 127 22 Schildt
571 1196 48 21 med
644 1197 26 20 14
692 1197 68 20 röster
782 1196 42 21 och
846 1196 32 20 till
901 1196 114 28 suppleant
1036 1197 7 21 i

215 1224 247 22 Talmanskonferensen
485 1224 58 22 Herr
557 1224 58 21 Pehr
637 1224 202 22 Svinhufvud
862 1224 48 21 med
926 1226 27 20 13
968 1226 75 21 röster.

216 1252 84 22 Vidare
323 1253 55 21 hade
401 1253 126 21 valmännen
550 1256 67 18 utsett
639 1253 32 21 till
694 1253 147 49 spploraker
864 1254 6 20 i
889 1252 154 29 Lagutskottet

216 1281 82 22 Herrar
320 1281 74 28 Eynar
416 1281 150 22 Thesleff
586 1281 48 21 med
652 1282 26 21 18
693 1289 25 14 och
752 1281 69 21 Adolf
835 1281 144 22 Aminoff
994 1282 49 21 med

218 1311 26 20 15
259 1312 69 19 röster
349 1313 55 18 samt
420 1311 5 20 i
441 1309 230 28 Justeringsutskottet
685 1309 58 22 Herr
757 1310 57 21 Axel
830 1310 29 21 af
878 1309 166 23 Forselles

215 1339 49 21 med
281 1339 26 21 10
324 1340 74 20 röster.

285 1401 57 22 Frän
358 1401 163 22 Bondeständet
537 1401 54 21 hade
608 1401 112 21 inkommit
735 1404 31 18 ett
782 1401 195 28 protokollsutdrag
995 1402 49 21 med

217 1430 157 22 underrättelse
397 1434 31 17 att
451 1430 92 21 nämnda
566 1429 75 22 ständs
665 1430 84 21 valmän
772 1430 31 21 till
826 1431 114 27 suppleant
961 1431 6 20 i
987 1431 58 28 Lag-

218 1459 106 21 utskottet
340 1462 65 18 utsett
421 1459 207 28 landtdagsmannen
644 1458 130 22 Eklund.

535 1625 192 29 Tryckfrihetslag.

286 1683 121 28 Föredrogs

287 1740 163 28 Lagutskottets
465 1740 33 22 till
513 1740 61 22 detta
594 1740 86 29 plenum
702 1740 118 28 bordlagda
836 1741 66 21 andra
917 1741 62 21 försle

219 1769 206 28 sammanjemkning
440 1769 23 21 af
478 1769 103 22 ständens
605 1769 121 29 skiljaktiga
749 1769 71 22 beslut
834 1769 38 22 vid
888 1770 82 22 behand

217 1798 23 22 af
256 1797 163 29 Lagutskottets
436 1798 136 21 betänkande
587 1797 43 22 N:o
646 1800 12 19 2
674 1798 7 21 i
696 1798 116 28 anledning
830 1798 23 21 af
867 1798 48 22 nåd.
930 1806 33 20 pre

218 1828 32 24 14,
266 1826 111 28 angäende
400 1826 182 29 tryckfrihetslag,
604 1826 90 22 hvarvid
718 1826 34 22 Hr
767 1826 187 22 Landtmarskalke

217 1855 103 22 Ständets
342 1855 191 28 uppmärksamhet
555 1855 28 28 pä
605 1858 30 18 ett
658 1855 46 21 från
728 1855 112 22 Utskottet
862 1856 83 21 inkomr

217 1884 69 22 skildt
301 1884 72 21 biblad
389 1884 49 21 med
454 1884 99 22 rättelser
564 1884 32 21 till
607 1883 124 23 Utskottets
742 1884 68 22 första
820 1885 115 27 sammanje

216 1912 86 29 förslag.
