1084 1761
351 129 96 16 Värfvad
459 129 167 20 ordningsmilis.
864 125 40 20 765

74 199 68 22 Detta
158 197 163 22 samhällsskick
341 196 39 22 har
395 197 47 21 icke
461 197 88 27 skapats
565 196 71 29 på”en
654 197 48 28 dag.
732 197 44 21 Det
791 197 38 21 har
844 198 62 21 vuxit

74 228 56 21 fram
146 233 26 14 ur
193 225 162 22 århundradens
377 225 73 22 arbete
473 225 40 21 och
536 225 84 21 strider.
651 225 33 22 Vi
699 225 69 22 förstå
789 225 74 22 derför
882 226 23 21 af

75 256 40 21 vår
138 262 53 20 egen
213 254 94 23 historia,
329 256 32 18 att
376 257 31 18 ett
429 254 45 20 folk
491 253 48 22 icke
562 253 41 22 kan
620 255 66 20 vinna
709 258 31 17 ett
760 254 77 21 sådant
859 254 47 21 fritt

75 283 165 23 samhällsskick
262 282 47 21 med
325 285 31 17 ett
377 282 51 28 slag.
457 282 45 21 Det
517 283 94 26 mäktiga
627 283 53 26 rike,
696 282 48 21 med
760 283 83 20 hvilket
859 282 48 22 vårt

75 312 51 22 land
143 313 23 19 är
188 310 106 27 förenadt,
317 310 95 21 kommer
434 310 48 21 med
497 310 28 21 all
548 310 138 22 sannolikhet
701 310 68 22 under
784 310 23 21 år
822 310 84 26 framåt,

75 348 35 14 om
127 340 49 21 icke
191 339 68 21 under
273 339 119 25 årtionden,
408 342 31 18 att
455 339 72 21 kastas
543 339 77 21 mellan
638 343 100 17 motsatta
751 339 155 28 ytterligheter,

76 369 79 22 mellan
176 368 173 21 militärdiktatur
365 368 40 20 och
421 368 79 25 anarki,
516 368 64 20 innan
596 367 38 21 det
649 368 91 28 uppnås,
756 375 45 13 som
818 368 21 20 vi
855 368 52 20 alla-

76 398 68 22 redan
160 404 40 20 ega
214 404 77 20 genom
310 396 50 21 våra
375 396 107 21 förfäders
497 396 80 21 arbete.
606 396 20 21 Ty
656 396 104 28 grunden,
776 396 27 28 på
818 396 88 21 hvilken

76 426 68 21 frihet
166 425 76 21 endast
265 424 41 21 kan
331 424 86 28 byggas,
439 425 24 20 är
485 424 79 21 folkets
588 404 100 48 bildning
710 424 41 21 och
773 425 134 27 uppfostran.

77 455 45 21 Det
138 455 23 20 är
176 453 135 28 naturligtvis
335 453 47 20 med
398 452 83 29 hänsyn
503 452 70 21 härtill
589 452 122 22 Ständerna
726 453 57 28 gjort
814 456 21 17 det
850 456 57 18 utta-

76 482 72 26 lande,
163 489 45 14 som
225 482 5 20 i
246 482 39 27 går
305 481 102 28 enhälligt
428 481 136 21 omfattades.
593 481 46 22 Det
654 483 24 19 är
692 481 40 21 vår
746 483 42 19 rätt
803 481 41 22 och
860 481 48 21 vårt

76 510 166 23 samhällsskick
262 511 19 20 vi
298 509 68 22 under
387 510 42 21 alla
444 509 148 22 förhållanden
617 510 52 21 böra
691 509 91 28 skydda.
797 523 27 2 —
841 509 67 22 Hvad

76 540 39 21 det
131 539 23 22 af
176 539 34 21 Hr
224 538 77 22 Fraser
317 538 78 22 väckta
410 538 104 28 förslaget
530 538 105 27 beträffar,
650 539 38 20 vill
704 539 34 28 jag
754 539 55 20 först
825 541 83 23 nämna,

77 571 33 19 att
124 569 36 27 jag
183 567 47 22 icke
247 568 6 20 i
269 567 41 21 allo
333 567 41 21 kan
391 567 83 21 ansluta
498 567 42 27 mig
556 567 31 20 till
610 568 104 25 motiven,
728 567 72 22 såvidt
815 568 35 27 jag
866 567 42 21 kan

78 597 86 21 komma
179 596 7 21 i
201 596 43 28 håg
258 596 75 20 dessas
348 595 114 28 affattning
477 595 40 21 och
533 595 72 21 såvidt
621 595 27 21 de
664 595 84 28 framgå
763 595 23 21 af
801 595 106 28 tidnings-

77 626 87 21 referat.
194 624 34 22 Hr
250 624 77 21 Fraser
349 624 67 21 fäster
441 623 216 29 uppmärksamheten
684 624 36 21 vid
744 624 26 21 de
797 624 110 28 allvarliga

78 654 80 22 sociala
180 653 118 21 rörelserna
314 653 7 20 i
336 652 164 28 Kejsaredömet
523 652 41 22 och
580 653 5 20 i
602 652 49 22 vårt
666 656 50 24 eget
741 653 56 21 land.
827 652 44 22 Det
885 654 24 19 är

78 684 50 20 icke
144 682 62 21 dessa
230 681 79 22 sociala
331 681 90 21 rörelser
436 682 6 20 i
459 681 41 21 och
515 681 34 21 för
564 682 38 26 sig,
618 686 23 23 ty
657 681 27 21 de
700 682 106 20 innesluta
822 682 87 28 mycket

80 710 134 28 berättigade
238 710 53 26 kraf,
306 713 51 18 utan
380 709 42 22 den
437 710 56 21 form
516 710 27 20 de
558 717 78 20 genom
652 718 27 13 en
695 710 47 22 icke
759 710 64 28 laglig
839 710 69 28 agita-

78 741 47 20 tion
141 739 48 26 fått,
204 746 46 14 som
266 740 62 26 utgör
343 746 26 13 en
385 738 46 21 fara
447 738 34 21 för
497 738 48 21 vårt
560 738 165 22 samhällsskick
741 738 41 22 och
794 738 37 22 vår
842 739 66 27 lugna

79 768 115 22 kulturella
208 767 130 27 utveckling.
367 767 42 27 Jag
424 770 44 18 tror
483 766 80 27 vidare,
578 770 32 18 att
626 767 37 21 det
678 767 88 28 förslag,
782 767 33 21 Hr
829 767 80 21 Fraser

79 798 63 28 gjort,
157 798 24 20 är
202 796 72 21 alltför
296 795 139 21 omfattande.
464 795 43 28 Jag
521 795 71 21 tviflar
607 796 29 28 på
651 799 32 17 att
698 796 121 21 Ständerna
835 796 73 20 kunna

79 826 62 28 gifva
156 825 134 28 Regeringen
307 828 31 17 ett
352 824 77 21 sådant
444 824 98 28 uppdrag
557 832 45 13 som
619 824 65 22 detta.
707 824 42 28 Jag
759 824 71 22 tviflar
840 824 68 28 derpå

80 855 57 21 först
152 854 40 21 och
214 853 75 21 främst
312 852 77 27 derför,
405 852 38 22 att”
459 828 121 58 Ständerna
602 853 49 21 icke
672 853 66 21 hafva
754 853 109 28 kapacitet
878 856 32 18 att

80 882 132 28 fullkomligt
236 881 88 22 bedöma
347 881 80 28 hvilka;
437 876 82 26 hinder
539 888 45 14 som
609 881 73 22 kunna
704 889 92 21 uppresa
811 883 32 26 sig
861 881 48 21 der-

81 915 64 17 emot.
174 910 42 28 Jag
232 914 36 17 vet
289 910 49 21 icke
361 909 71 27 heller,
448 917 35 14 om
506 910 160 28 uppställandet
689 910 23 21 af
727 918 26 13 en
770 910 54 21 milis
841 910 69 21 under

81 940 125 21 nuvarande
229 938 148 21 förhållanden
400 940 23 19 är
439 942 30 17 ett
489 942 53 24 steg,
558 945 45 14 som
621 939 135 28 Regeringen
773 939 68 21 skulle
858 946 52 13 anse

82 968 124 22 önskvärdt.
236 967 51 22 Men
310 967 57 21 hvad
383 967 35 28 jag
440 971 45 17 tror
500 967 41 21 alla
565 967 72 21 kunna
652 967 42 22 och
716 967 51 21 böra
787 967 75 21 förena
877 968 34 27 sig

82 1005 42 18 om,
139 997 37 21 det
197 998 24 19 är
236 999 31 18 ett
288 996 87 21 allmänt
398 995 110 22 uttalande
525 997 5 19 i
547 995 40 22 den
611 996 101 28 riktning,
736 999 32 18 att
790 995 120 22 Ständerna

82 1026 91 28 hoppas,
188 1028 31 18 att
239 1025 135 27 Regeringen
391 1024 54 21 skall
460 1026 52 26 göra
528 1024 38 21 allt
580 1024 57 21 hvad
654 1025 7 20 i
676 1025 50 21 dess
743 1024 59 21 makt
816 1025 45 21 står
877 1025 34 20 för

83 1058 33 17 att
130 1061 76 21 genom
222 1053 120 22 inrättande
358 1053 23 21 af
394 1061 25 13 en
432 1053 91 28 väpnad,
534 1053 98 21 inhemsk
644 1054 64 25 makt,
719 1053 41 22 och
771 1053 40 21 den
824 1053 87 28 respekt

84 1091 26 13 en
134 1082 66 22 sådan
224 1083 41 20 kan
288 1081 88 28 ingifva,
399 1081 68 22 under
489 1081 41 22 alla
553 1081 149 22 förhållanden
726 1082 65 21 häfda
815 1082 97 28 lagarnes

83 1111 127 22 herravälde
226 1112 6 20 i
248 1111 48 21 vårt
318 1110 56 21 land.
403 1110 42 28 Jag
467 1114 45 17 tror
535 1113 31 18 ett
588 1110 77 21 sådant
686 1110 111 22 uttalande
813 1118 52 13 vore
881 1113 32 19 att

84 1140 114 27 föredraga
220 1139 90 21 framför
332 1142 31 18 ett
383 1139 23 21 så
428 1139 149 28 specificeradt
600 1139 86 28 förslag,
710 1147 45 14 som
778 1139 34 21 Hr
834 1139 79 21 Fraser

85 1169 72 21 väckt.
186 1168 42 28 Jag
250 1168 66 28 vågar
338 1168 82 28 hoppas
443 1171 38 22 att,
504 1175 35 13 om
561 1167 26 21 R.
603 1174 18 14 o.
639 1169 27 20 A.
682 1168 94 21 besluter
795 1171 32 17 att
842 1168 72 20 denna

85 1197 62 28 fråga
162 1197 54 21 skall
238 1196 142 21 öfverlemnas
395 1196 33 21 till
444 1196 130 27 behandling
590 1196 22 21 af
628 1196 88 28 utskott,
732 1196 67 22 också
815 1197 59 20 detta
891 1196 23 21 af

86 1227 44 27 mig
145 1234 28 13 nu
188 1225 74 29 gjorda
277 1225 81 27 förslag
373 1224 54 22 skall
444 1225 84 21 komma
544 1225 7 20 i
566 1224 85 22 åtanke.

156 1282 58 22 Frih.
231 1282 66 21 Adolf
336 1290 34 13 von
386 1282 186 21 Bonsdorff:
596 1282 35 21 Då
646 1283 35 27 jag
697 1283 30 20 uti
744 1282 38 21 allt
798 1282 116 28 väsentligt

87 1312 73 21 blifvit
175 1312 146 20 förekommen
337 1311 22 21 af
375 1310 34 22 Hr
424 1310 146 26 Svinhufvud,
585 1310 25 21 sä
626 1311 37 21 ber
677 1312 36 27 jag
722 1311 24 21 fä
758 1311 98 28 begagna
871 1312 44 26 mig

87 1341 23 21 af
126 1340 37 22 det
185 1341 43 27 mig
243 1348 27 12 nu
293 1339 110 21 tilldelade
419 1340 61 20 ordet
495 1339 76 21 endast
588 1340 5 20 i
610 1340 58 27 syfte
683 1344 31 17 att
731 1340 74 21 förena
820 1341 43 26 mig
879 1347 34 14 om

87 1370 54 21 hans
164 1368 109 22 uttalande
296 1368 41 21 och
352 1368 38 21 ber
412 1368 57 28 förty
485 1368 65 21 äfven
570 1368 22 21 fä
608 1368 86 26 föreslä,
709 1369 77 21 liksom
802 1368 33 22 Hr
851 1368 65 22 Svin-

87 1398 92 24 hufvud,
194 1401 30 17 att
240 1397 37 21 det
286 1397 23 21 af
319 1396 34 22 Hr
363 1396 78 22 Fraser
456 1396 125 22 framstälda
597 1397 235 28 petitionsmemorialet
848 1397 67 21 måtte

88 1427 75 27 läggas
178 1426 32 21 till
226 1426 160 27 handlingarna.

160 1483 34 21 Hr
215 1482 192 28 Furuhjelm:
430 1482 29 21 Sä
481 1482 117 21 ansläende
620 1483 41 21 den
684 1483 79 21 tanken
787 1485 26 19 än
837 1485 28 25 är,
887 1486 32 18 att

90 1512 42 21 den
156 1512 110 21 inhemska
287 1511 105 21 militären
408 1511 69 21 skulle
500 1512 134 27 organiseras
651 1511 70 22 såsom
737 1511 102 22 nationell
855 1512 63 26 milis,
