1103 1803
246 121 56 20 1124
462 125 166 18 Presteståndet.
654 126 53 16 1867.
732 126 27 17 24
771 126 48 20 Maj.

219 214 62 24 tagas
296 212 35 21 till
346 212 83 21 biträde
443 211 36 21 vid
494 211 77 21 handel
587 211 51 21 eller
649 211 32 21 till
694 211 115 21 arbetare
802 206 12 36 i
822 210 71 22 fabrik
905 211 51 21 eller
966 211 75 21 handt-

218 240 59 22 verk.
308 240 33 21 De
356 240 146 21 intellektuela
518 240 39 21 och
572 239 80 27 fysiska
667 240 159 26 egenskaperna
841 239 136 21 utvecklades
995 240 47 20 icke

219 270 6 19 i
239 268 137 27 jemnbredd;
393 268 22 21 åt
436 268 40 21 den
498 270 91 19 naturen
609 267 60 27 gifvit
689 269 70 25 större
779 268 125 26 intelligens,
926 267 54 21 hade
1000 267 42 21 hon

217 297 45 21 ofta
283 296 66 22 nekat
365 296 66 27 fysisk
445 296 80 27 styrka,
541 296 39 21 och
595 298 97 19 tvertom.
723 295 238 27 Åldersbestämningen
976 296 67 21 borde

218 325 85 21 derföre
326 325 59 27 utgå,
404 325 28 26 på
447 325 36 21 det
498 324 18 27 ej
532 324 120 27 ungdomen
667 330 76 21 genom
759 324 136 27 sysslolöshet
910 324 67 22 måtte
992 324 51 21 falla

218 354 7 20 i
241 354 66 20 laster
323 354 39 20 och
379 354 58 20 brott
452 353 39 21 och
508 353 84 20 befolka
607 353 139 26 fängelserna.
778 352 89 21 Talaren
882 353 93 20 saknade
997 352 46 21 der-

218 383 57 19 emot
291 381 28 21 all
335 381 133 27 bestämning
489 387 34 15 om
538 381 109 26 skolgång,
663 387 45 14 som
728 387 51 15 vore
800 381 137 21 föreskrifven
960 381 53 20 både
1036 381 7 20 i

220 409 120 22 Frankrike
355 410 40 20 och
410 409 110 26 Preussen,
538 409 38 21 och
592 409 66 26 ansåg
673 411 38 24 att,
728 409 27 21 då
770 415 49 15 man
834 409 6 20 i
856 409 24 21 så
901 409 83 26 mycket
1007 415 35 14 an-

220 439 39 20 nat
281 438 55 26 tagit
357 438 98 21 utlandet
477 438 33 21 till
532 437 114 26 föredöme,
668 443 50 15 man
739 437 61 21 äfven
814 437 8 20 i
838 437 58 21 detta
918 437 37 21 fall
977 437 65 21 borde

220 468 53 25 göra
289 466 42 25 det,
347 465 137 27 hvarigenom
500 472 25 15 en
541 466 33 20 rik
589 465 126 27 välsignelse
730 466 68 21 skulle
813 465 88 22 beredas
916 466 126 26 ungdomen.

287 533 91 21 Prosten
402 533 133 22 Hackzell
556 533 72 21 kunde
650 533 18 26 ej
689 533 68 21 heller
778 533 50 26 gilla
843 533 51 21 sista
909 539 69 20 mom.,
994 539 48 15 men

221 562 66 26 ansåg
303 564 32 18 att
350 562 73 20 åldern
438 562 33 20 för
486 562 82 20 inträde
584 562 7 20 i
606 561 83 26 handel,
701 561 70 21 fabrik
782 562 51 20 eller
844 562 117 20 handtverk
977 561 66 22 borde

218 590 130 21 bestämmas
363 590 32 20 till
411 590 78 26 fjorton
505 590 29 20 år.
564 590 89 20 Talaren
667 590 54 21 hade
734 590 69 20 såsom
814 590 68 20 lärare
893 590 7 20 i
911 590 132 21 härvarande

219 618 152 26 söndagsskola
387 619 66 20 under
469 624 26 15 en
511 619 71 25 längre
598 618 31 20 tid
644 620 43 19 sett
702 618 55 20 huru
773 618 89 20 barnens
878 618 58 21 helsa
951 618 53 26 lede,
1016 618 27 21 då

219 648 26 20 de
265 647 36 20 vid
321 647 90 26 tidigare
433 646 60 22 ålder
514 646 83 26 inginge
616 646 7 21 i
641 646 56 27 yrke.
729 646 11 21 I
756 647 68 20 denna
838 646 67 26 tidiga
919 647 59 20 ålder
992 652 51 16 vore

219 675 36 21 två
277 676 25 20 år
322 675 21 21 af
357 677 45 19 stor
417 676 44 25 vigt
476 675 32 21 för
524 675 153 26 utvecklingen,
694 675 40 21 och
750 674 243 27 folkskolereglementet
1008 675 34 21 be-

219 704 82 20 stämde
325 703 61 21 äfven
409 705 32 18 att
463 703 128 26 skolgången
614 703 65 20 borde
703 703 65 20 räcka
786 703 33 20 till
834 703 78 26 fjorton
927 703 34 20 års
976 704 65 20 ålder.

219 731 11 21 1
245 731 108 27 Tyskland
369 737 50 15 vore
429 731 61 21 äfven
502 731 78 26 fjorton
591 731 34 20 års
638 731 59 21 ålder
712 731 97 21 bestämd
824 731 33 20 för
872 731 83 21 inträde
969 731 7 21 i
991 728 51 27 lära,

220 759 68 22 ehuru
311 760 38 20 der
371 759 91 21 betaltes
484 759 32 21 för
538 759 177 27 undervisningen
738 759 40 22 och
798 759 83 21 arbetet
895 760 7 20 i
917 759 52 27 följd
984 759 61 22 deraf

219 794 52 15 vore
286 788 82 21 mindre
384 788 162 26 ansträngande.

290 856 143 26 Domprosten
455 856 68 26 Borg
544 856 98 21 biträdde
665 858 87 24 prosten
768 855 70 27 Hjelts
854 855 54 27 åsigt
923 855 39 22 och
977 855 66 26 ansåg

220 885 49 20 bäst
291 886 33 19 att
344 884 49 21 hela
413 891 62 14 mom.
500 885 67 20 skulle
589 884 57 27 utgå,
670 885 96 24 emedan,
790 883 69 22 såsom
882 886 86 24 prosten
984 884 60 26 Hjelt

220 913 66 20 redan
302 912 78 26 anfört,
396 913 149 20 menniskorna
560 913 124 20 utvecklade
700 913 32 26 sig
748 913 58 20 olika
816 912 57 21 såväl
883 913 7 20 i
901 912 142 21 intellektuelt

220 947 46 14 som
281 941 120 26 kroppsligt
415 941 106 25 afseende,
536 941 32 20 till
584 941 81 21 hvilket
678 941 47 20 skäl
736 941 82 20 talaren
829 942 56 19 ännu
896 941 48 20 ville
956 941 87 26 tillägga

220 971 33 19 att
268 975 49 14 man
332 969 35 21 vid
378 969 158 26 lagstiftningen
547 969 65 21 borde
624 969 43 21 afse
679 969 48 21 vårt
737 969 61 21 lands
808 969 111 26 fattigdom
933 969 39 20 och
983 969 59 25 brist,

220 1003 46 15 som
281 997 74 27 gjorde
371 998 34 21 det
423 997 33 21 för
471 998 76 27 många
562 998 130 25 nödvändigt
708 999 32 19 att
756 997 63 26 tidigt
833 997 48 26 ingå
891 997 8 21 i
909 997 64 26 något
985 997 58 27 yrke,

220 1026 89 20 emedan
331 1026 25 21 de
373 1026 61 26 eljest
449 1026 70 21 kunde
533 1026 28 27 gå
576 1026 106 21 förlorade
699 1026 39 21 och
754 1026 52 21 falla
820 1026 111 21 samhället
947 1026 32 20 till
995 1025 47 21 last.

220 1054 49 20 Men
293 1054 82 20 talaren
398 1054 50 21 fann
470 1055 36 20 det
529 1054 108 26 derjemte,
653 1055 7 20 i
675 1055 68 20 likhet
766 1054 47 20 med
834 1056 85 24 prosten
935 1053 108 26 Hackzell,

220 1082 63 25 högst
299 1082 119 26 betänkligt
434 1088 33 15 om
483 1083 53 20 barn
551 1083 6 20 i
573 1083 53 25 späd
641 1082 60 21 ålder
716 1082 70 21 blefve
798 1084 91 24 antagna
899 1082 32 20 till
945 1082 98 20 arbetare

220 1111 6 19 i
242 1109 72 22 fabrik
337 1111 51 20 eller
404 1111 124 25 handtverk,
545 1111 87 20 emedan
648 1111 26 20 de
691 1111 38 20 der
744 1111 42 20 lätt
800 1110 70 21 kunde
887 1110 157 21 öfveransträn-

219 1144 45 20 gas,
280 1138 65 27 något
360 1145 46 14 som
422 1139 17 26 ej
456 1139 23 20 så
490 1139 83 26 mycket
585 1145 51 14 vore
648 1141 32 18 att
693 1139 74 20 befara
778 1139 34 20 vid
822 1139 84 26 handel,
918 1138 39 21 och
968 1138 76 21 trodde

220 1167 31 26 sig
267 1167 84 20 talaren
366 1167 64 21 hafva
445 1167 23 21 så
483 1167 85 27 mycket
582 1173 59 15 mera
656 1167 47 20 skäl
718 1167 33 20 till
767 1173 25 14 en
809 1167 57 26 dylik
877 1167 106 20 åtskilnad
994 1167 50 20 mel-

221 1195 35 20 lan
272 1195 69 21 fabrik
357 1195 40 21 och
413 1195 119 21 handtverk
548 1197 54 19 samt
618 1196 84 24 handel,
720 1202 44 14 som
780 1196 7 19 i
802 1195 98 26 gällande
915 1195 129 21 fabriksord-

220 1223 51 26 ning
286 1224 6 20 i
309 1223 87 27 Sverige
419 1230 25 15 en
463 1224 59 21 ålder
537 1224 23 20 af
573 1224 64 20 minst
654 1223 39 21 tolf
708 1224 24 20 år
747 1229 50 15 vore
813 1223 138 21 föreskrifven
966 1223 33 21 för
1014 1224 30 20 in-

220 1252 61 20 träde
297 1252 6 20 i
319 1252 76 25 fabrik,
419 1252 111 21 hvaremot
545 1252 7 20 i
568 1252 178 25 handelsstadgan
763 1252 63 25 ingen
841 1251 204 27 åldersbestämning

220 1279 138 22 förekomme.
388 1280 90 21 'Talaren
500 1280 67 26 ansåg
589 1280 84 21 derföre
696 1281 122 25 lämpligast
832 1282 32 19 att
879 1280 44 21 låta
938 1280 107 21 äldersbe-

220 1309 134 25 stämningen
365 1308 33 21 för
408 1309 82 20 inträde
501 1309 7 20 i
518 1309 70 20 fabrik
599 1309 51 20 eller
660 1309 120 20 handtverk
791 1309 92 26 qvarstå,
894 1314 48 15 men
952 1309 93 20 utesluta

220 1336 123 21 densamma
358 1337 33 20 för
406 1337 83 21 inträde
504 1337 7 20 i
527 1337 83 21 handel.

289 1397 92 22 Prosten
404 1399 74 26 Hjelt
496 1399 118 26 anmärkte,
634 1401 45 18 mot
694 1400 88 25 prosten
798 1399 107 25 Hackzell,
922 1400 32 19 att
969 1399 7 20 i
991 1398 12 27 $
1019 1399 25 20 31

219 1432 51 14 vore
292 1427 68 25 sörjdt
383 1426 34 21 för
439 1429 33 19 att
486 1427 100 21 arbetare
602 1428 6 20 i
623 1427 70 21 fabrik
709 1428 52 20 eller
777 1427 119 20 handtverk
911 1427 18 25 ej
945 1426 54 26 finge
1016 1427 30 20 öf-

219 1456 175 24 veransträngas;
417 1461 47 15 men
487 1457 32 19 att
542 1456 25 20 de
590 1456 66 20 borde
672 1455 75 21 arbeta
764 1455 53 21 efter
833 1455 45 20 sina
893 1454 86 26 krafter,
997 1460 49 15 vore

220 1482 112 50 naturligt,
356 1483 40 21 och
420 1484 116 20 önskvärdt
558 1490 56 18 vore,
637 1486 32 18 att
691 1484 121 26 ungdomen
834 1483 62 26 tidigt
918 1483 79 21 vandes
1011 1483 35 21 vid

220 1513 80 19 arbete.
