1103 1803
224 133 56 21 1090
431 138 166 18 Presteståndet.
620 139 55 17 1867.
698 140 28 16 22
737 138 49 23 Maj.

193 224 69 22 borde
284 224 151 27 inbjudningen
454 224 128 22 åtminstone
602 224 119 22 modifieras
736 224 24 22 så
776 225 32 21 att
823 224 197 28 tryckfrihetslagen

195 254 88 25 antoges
303 253 48 21 med
366 253 69 21 vilkor
449 254 32 20 att
495 252 57 28 gälla
567 252 33 22 till
615 254 61 20 nästa
691 252 115 28 landtdags
820 253 50 25 slut,
885 252 134 28 hvarigenom

195 288 26 15 en
236 281 203 27 sammanjemkning
453 281 8 21 i
476 281 126 22 ständernas
616 281 70 22 beslut
701 281 66 22 också
777 281 69 22 skulle
856 281 162 22 åstadkommas.

265 338 69 22 Sedan
356 338 144 22 diskussionen
516 338 112 22 förklarats
644 338 98 27 afslutad,
758 338 131 22 framställde
903 338 49 22 herr
967 338 52 22 tale-

194 373 92 15 mannen
301 365 92 28 följande
408 366 282 27 omröstningsproposition:

264 423 71 20 Anser
356 423 35 20 det
408 423 132 28 högvördiga
555 423 86 21 ståndet
655 423 49 21 skäl
716 423 44 27 för
775 423 139 21 närvarande
925 423 94 28 förefin-

194 458 42 14 nas
254 453 32 19 att
301 451 92 27 inbjuda
409 451 26 21 de
449 451 118 28 respektive
582 451 142 22 medstånden
739 452 9 20 i
764 452 34 21 det
814 452 32 27 af
856 451 164 28 kontraktspro-

195 482 46 19 sten
257 479 65 22 Sirén
337 481 97 26 angifna
448 480 74 28 syfte?

264 536 130 22 Besvarades
419 537 48 21 med
493 537 107 21 obestridd
625 537 109 27 pluralitet
758 537 109 25 nekande;
888 537 39 22 och
949 536 70 22 förföll

195 565 64 21 alltså
281 565 32 21 för
335 566 131 20 närvarande
488 565 73 30 frågan
583 571 34 15 om
639 565 123 21 förenämda
777 565 128 27 inbjudning,
921 567 50 20 utan
987 567 32 19 att

195 594 86 21 ståndet
303 593 54 22 dock
379 593 121 27 härigenom
516 593 64 27 betog
594 593 32 27 sig
640 594 137 26 rättigheten,
793 596 32 20 att
840 600 26 15 en
881 600 68 15 annan
964 594 55 27 gång

196 624 50 25 taga
262 621 73 27 frågan
351 622 7 21 i
373 621 159 28 öfvervägande.

265 763 100 23 Härefter
380 764 109 27 föredrogs
504 765 105 21 allmänna
625 765 205 21 besvärsutskottets
845 764 116 27 bordlagda
976 764 43 22 för-

195 793 47 26 slag
257 793 32 21 till
305 799 26 21 ny
346 793 111 22 redaktion
473 793 21 22 af
507 793 124 22 ständernas
646 793 146 26 underdåniga
806 793 88 27 petition
910 799 34 15 om
955 793 64 22 utfär-

197 821 68 22 dande
286 821 22 22 af
322 827 25 15 en
362 821 35 27 lag
412 821 32 22 till
459 822 122 27 skyddande
597 821 39 22 och
652 821 120 22 bevarande
788 821 21 22 af
823 821 91 22 forntida
929 821 90 22 minnes-

196 850 87 21 märken
299 850 39 21 och
353 849 243 28 ålderdomslemningar.

264 877 163 28 Ifrågavarande
442 879 200 26 redaktionsförslag
654 879 48 26 blef,
716 880 27 26 på
753 879 119 22 framställd
881 878 137 28 proposition,

196 906 22 22 af
239 907 85 21 ståndet
346 907 101 26 enhälligt
468 908 118 26 godkändt;
610 908 38 21 och
670 907 68 22 skulle
753 907 59 22 såväl
827 907 118 27 respektive
960 907 58 21 med-

196 935 96 26 stånden,
315 941 45 16 som
383 935 105 22 allmänna
510 936 196 27 besvärsutskottet,
730 943 77 20 genom
825 935 194 28 protokollsutdrag

196 963 74 22 härom
286 964 140 21 underrättas.

264 1105 119 28 Föredrogs
406 1106 31 21 till
460 1106 72 27 slutlig
553 1107 75 26 åtgärd
644 1108 61 21 stats-
722 1106 39 22 och
778 1106 241 27 bevillningsutskottets

195 1133 135 22 betänkande
345 1134 7 21 i
367 1134 112 27 anledning
494 1135 21 21 af
528 1135 60 22 Hans
603 1135 118 27 Kejserliga
736 1135 112 27 Majestäts
858 1135 75 26 nådiga
943 1141 76 21 propo-

195 1162 64 22 sition
273 1163 109 26 angående
397 1163 117 27 utgörande
529 1163 22 22 af
564 1163 113 28 bevillning
693 1164 33 21 för
742 1165 56 20 1868
809 1163 39 22 och
859 1163 118 28 påföljande
987 1164 30 21 år.

263 1221 12 25 8
291 1221 20 25 4,
327 1219 101 22 hvarmed
442 1220 155 27 granskningen
613 1221 115 27 fortsattes,
744 1221 124 27 godkändes
883 1221 106 27 enhälligt.

263 1277 12 26 8
291 1277 20 20 5.

263 1333 110 22 Professor
392 1333 105 22 Geitlin
512 1334 80 27 yrkade
607 1335 47 21 med
670 1335 114 26 anledning
800 1335 22 21 af
834 1335 56 21 hvad
904 1335 65 22 redan
984 1335 35 22 vid

194 1363 85 20 senaste
293 1361 102 27 landtdag
411 1361 22 22 af
445 1363 66 26 nägra
526 1363 162 27 landtdagsmän
703 1363 127 28 päyrkades,
846 1365 31 20 att
891 1363 64 22 bland
971 1363 48 22 dem

193 1395 46 16 som
262 1390 83 27 ätnjuta
367 1390 95 22 befrielse
481 1391 46 21 från
543 1391 114 27 bevillning
671 1391 61 22 äfven
749 1391 66 22 borde
830 1394 103 25 upptagas
948 1392 71 21 stude-

194 1418 73 25 rande,
287 1418 71 22 hvilka
379 1419 35 21 vid
429 1419 145 22 universitetet
589 1420 96 26 uppbära
699 1419 125 28 stipendier;
841 1421 36 21 det
891 1427 50 15 vore
956 1420 64 21 härdt

194 1448 33 20 att
250 1446 62 22 dessa
331 1447 127 21 studerande
479 1447 68 22 skulle
562 1448 116 27 beskattas,
694 1448 28 22 dä
736 1448 117 28 stipendier
868 1448 96 28 vanligen
979 1448 41 22 till-

195 1474 59 22 delas
269 1474 115 22 medellösa
399 1476 115 27 ynglingar.

263 1531 172 28 Anmärkningen
450 1532 70 22 förföll
536 1533 39 22 och
591 1534 11 25 $
618 1534 12 21 5
646 1533 124 27 godkändes
786 1535 76 21 nästan
876 1534 106 27 enhälligt.
