1103 1803
232 114 55 22 1036
436 119 166 19 Presteståndet.
627 120 55 17 1867.
707 120 22 17 17
741 120 49 21 Maj.

271 205 155 27 Kyrkoherden
447 206 71 21 Roos
541 205 121 21 förklarade
685 206 32 26 sig
740 205 50 27 nöjd
814 205 45 21 ifall
875 206 39 20 den
929 205 95 27 åsyftade

203 234 150 26 förändringen
368 234 71 22 kunde
454 235 82 21 utföras
551 234 27 26 på
594 236 42 19 sätt
651 236 87 24 prosten
753 234 105 21 Borenius
873 236 74 25 yttrat.

272 296 84 22 Doktor
377 296 87 26 Bergh
488 296 75 21 trodde
587 296 84 22 ståndet
691 296 53 21 böra
758 296 118 22 inskränka
890 297 37 20 sitt
943 302 27 14 nu
985 296 39 20 fat-

203 325 65 21 tande
284 325 70 21 beslut
369 325 29 25 så,
414 327 33 19 att
462 325 84 21 ståndet
562 325 18 26 ej
596 331 50 15 vore
662 325 81 21 bundet
758 324 64 22 deraf
835 327 33 19 att
883 325 48 27 ingå
946 325 6 20 i
968 324 56 26 pröf-

204 354 49 25 ning
269 353 24 21 af
305 354 166 20 bondeståndets
486 353 132 27 inbjudning.

273 415 153 27 Kyrkoherden
440 416 124 21 Juselius
580 415 65 27 ansåg
660 415 66 27 något
740 415 78 22 hinder
832 415 97 22 häremot
940 415 17 27 ej
969 415 54 21 före-

204 443 75 23 finnas,
302 443 27 22 då
348 444 106 21 utskottet
468 443 48 22 haft
531 444 31 27 sig
576 444 80 21 bekant
670 446 33 19 att
718 444 158 21 bondeståndet
891 444 67 21 skulle
973 445 52 25 göra

204 472 159 27 inbjudningen.
990 472 5 5 N

274 535 83 21 Doktor
379 535 117 26 Lampön
518 541 37 15 var
578 541 50 15 ense
650 535 47 20 med
714 535 79 21 doktor
808 535 70 27 Bergh
895 535 38 21 och
948 535 77 26 kyrko-

205 563 80 21 herden
301 563 97 21 Juselius.

274 620 90 21 Prosten
386 620 78 26 Hjelt
486 620 70 21 kunde
580 620 18 26 ej
620 620 45 20 inse
687 620 24 20 af
732 620 55 20 hvad
802 620 48 21 skäl
865 620 159 26 prestaständet

206 648 61 22 alltid
289 648 68 22 skulle
380 649 72 21 afbida
474 648 165 22 bondeständets
661 648 107 26 ätgärder,
792 650 51 19 enär
868 648 156 26 prestaständet

206 677 98 27 utgjorde
327 679 30 19 ett
379 677 65 21 skildt
467 677 61 21 ständ
543 677 33 21 för
591 677 38 26 sig,
645 676 101 27 befogadt
761 679 33 19 att
810 677 78 21 handla
903 676 54 22 efter
972 682 52 21 egen

207 706 145 26 öfvertygelse.
382 706 42 21 Det
446 712 49 15 vore
518 705 122 26 visserligen
662 705 39 20 bra
716 707 33 19 att
764 706 86 20 komma
866 705 95 21 öfverens
977 705 48 20 med

207 734 108 21 bönderne
337 740 47 15 men
408 734 45 21 icke
476 734 89 27 passade
588 733 36 21 det
647 733 60 21 alltid
730 736 32 19 att
785 733 52 27 foga
859 734 31 26 sig
913 733 53 22 efter
989 733 35 21 de-

207 769 34 14 ras
257 762 85 27 äsigter.

275 819 154 27 Kyrkoherden
452 819 123 21 Juselius
597 819 49 20 ville
667 819 90 26 upplysa
781 821 32 18 att
829 819 104 21 utskottet
949 819 76 20 önskat

207 847 92 22 anständ
322 848 47 21 med
387 848 85 26 frägans
494 847 115 27 afgörande
624 847 23 21 af
661 848 36 21 det
712 847 52 26 skäl,
780 849 33 19 att
829 847 35 21 det
879 853 50 15 vore
945 847 80 21 mindre

207 877 34 20 väl
257 877 88 20 betänkt
360 879 33 18 att
407 877 32 20 till
455 877 59 20 Hans
529 876 102 27 Majestät
646 876 103 27 Kejsaren
764 875 49 28 ingä
829 876 47 21 med
891 875 52 22 flera
958 875 68 22 skilda

207 905 115 26 petitioner
337 905 6 20 i
356 905 128 26 skolfrägan.

276 967 31 22 Pä
323 967 22 22 af
358 967 51 22 herr
423 968 134 21 talemannen
573 967 119 21 framställd
703 967 133 27 proposition
846 967 111 27 godkände
969 966 58 22 stän-

208 997 37 21 det
260 997 115 20 utskottets
391 996 134 21 betänkande
538 996 79 27 jemväl
632 996 31 21 uti
679 1002 28 14 nu
722 995 163 28 ifrägavarande
901 997 65 20 delar.

276 1059 11 20 I
303 1059 31 20 sin
357 1059 72 20 helhet
452 1064 94 15 samman
571 1058 79 21 fattadt
672 1058 46 21 blef
740 1058 96 22 ständets
852 1058 70 21 beslut
937 1058 90 20 rörande

208 1086 138 22 förenämnda
368 1087 180 26 petitionsförslag
570 1086 63 21 alltsä
655 1086 101 27 följande:
780 1088 33 19 att
836 1086 67 21 denna
919 1086 108 27 petitions-

208 1115 61 27 fräga
284 1115 73 26 skulle,
375 1115 65 26 enligt
455 1115 244 24 utskottsbetänkandet,
716 1117 60 24 tagas
792 1115 6 21 i
810 1114 153 27 öfvervägande
975 1114 53 21 först

209 1143 54 22 efter
286 1144 35 21 det
345 1144 39 21 den
407 1143 123 22 förväntade
553 1143 150 27 inbjudningen
726 1143 47 22 frän
796 1143 156 22 bondeständet
966 1143 7 20 i
988 1143 39 20 lik-

208 1173 78 23 artadt,
310 1179 47 14 men
380 1178 59 15 mera
461 1172 129 21 omfattande
613 1172 54 26 syfte
690 1172 70 26 ingått
782 1172 33 25 dä,
832 1173 6 19 i
854 1172 100 21 händelse
970 1177 57 21 nyss-

208 1201 93 21 nämnda
322 1201 124 26 inbjudning
470 1201 67 20 blefve
558 1201 23 20 af
601 1201 139 20 medständen
760 1203 98 24 antagen,
874 1201 60 20 äfven
950 1200 77 27 kyrko-

208 1229 80 22 herden
313 1229 112 22 Bäckvalls
450 1229 88 26 petition
564 1229 68 21 skulle
654 1229 32 21 till
709 1229 107 21 allmänna
837 1229 191 21 besvärsutskottet

208 1258 70 21 tillika
300 1259 47 20 med
370 1257 167 22 bondeständets
559 1257 149 26 öfverlemnas,
732 1263 48 15 men
803 1264 34 15 om
864 1257 165 22 bondeständets

208 1286 125 27 inbjudning
348 1286 69 21 blefve
432 1287 23 20 af
468 1286 138 21 medständen
622 1286 79 27 afböjd,
717 1286 68 21 skulle
800 1286 148 27 kyrkoherden
962 1285 66 21 Bäck-

208 1314 53 21 valls
277 1315 95 26 petition,
388 1314 70 21 sävidt
473 1315 40 20 den
528 1315 62 21 rörde
607 1314 95 27 Nyslotts
718 1314 67 26 skola,
797 1315 33 20 till
840 1315 59 20 Hans
911 1314 118 26 Kejserliga

208 1343 102 26 Majestät
326 1343 139 22 öfverlemnas
481 1344 68 20 säsom
565 1343 169 27 prestaständets
750 1343 96 21 enskilda
862 1343 94 26 petition,
968 1343 58 20 hvar-

209 1373 57 19 emot
288 1372 127 25 densamma,
433 1371 68 22 sävidt
516 1372 40 21 den
571 1372 63 21 rörde
649 1371 127 22 lärovärken
792 1372 6 20 i
815 1371 90 21 Heinola
921 1371 38 21 och
975 1365 53 32 Äbo,

208 1399 85 22 komme
309 1402 31 19 att
355 1400 92 21 förfalla.

279 1456 25 28 C)
327 1456 205 28 Kontraktsprosten
554 1457 122 21 Ehrströms
698 1456 183 27 petitionsförslag
903 1463 34 14 om
959 1456 70 20 förän-

209 1485 64 21 dradt
289 1485 116 27 stadgande
420 1486 7 20 i
442 1485 98 21 afseende
556 1485 12 21 ä
583 1485 134 27 församlings
732 1485 122 27 skyldighet
869 1486 31 20 att
911 1486 69 20 lemna
990 1484 41 21 fat-

209 1513 146 27 tigunderstöd
371 1513 23 21 ät
408 1514 110 26 inflyttade
533 1514 46 21 frän
595 1514 67 20 andra
678 1513 155 27 församlingar.
