1103 1803
305 132 165 18 Presteståndet.
496 133 55 17 1867.
578 134 22 16 15
612 133 47 21 Maj.
823 129 41 21 995

134 219 143 26 Domprosten
292 218 71 27 Borg
380 218 84 27 yttrade
480 219 37 20 det
536 218 42 21 han
594 218 89 21 anhållit
698 225 34 15 om
748 220 145 25 petitionsme-

66 248 109 20 morialets
197 247 159 26 bordläggning,
380 247 89 21 emedan
485 247 36 21 det
537 247 103 21 härrörde
658 247 45 21 från
720 249 88 24 prosten
824 248 69 22 Grön-

65 275 52 28 berg
133 282 72 15 ensam
221 274 40 22 och
276 275 46 21 icke
337 274 47 22 från
395 275 53 21 hans
458 275 168 24 kommittenter,
637 275 97 21 hvarföre
745 275 62 27 fråga
822 276 71 22 kunde

65 304 79 26 uppstå
155 310 34 15 om
200 304 35 20 det
250 304 40 20 alls
305 304 67 20 borde
388 305 104 25 upptagas
503 303 52 21 eller
570 304 53 20 icke.
646 303 33 21 Då
689 304 89 26 petition
794 305 7 20 i
812 305 81 21 samma

66 333 54 26 syfte
136 332 23 21 af
172 332 157 27 prestaståndet
347 332 36 20 vid
404 334 83 19 senaste
510 332 104 26 landtdag
635 332 91 26 gjordes,
748 332 36 21 vid
807 333 85 21 hvilken

65 361 90 26 petition
171 360 130 26 regeringen,
317 360 70 21 såsom
403 360 22 21 af
440 361 39 20 den
495 360 33 21 till
544 361 115 20 ständerna
670 360 79 27 afgifna
764 361 129 20 berättelsen

66 391 79 24 syntes,
161 388 65 21 fästat
242 388 105 26 afseende,
363 388 40 21 och
419 388 60 21 äfven
495 389 143 20 skolkomitén
649 388 109 27 föreslagit
770 389 121 21 inrättande

67 417 23 21 af
110 417 201 26 gymnasialklasser
333 416 6 21 i
355 417 150 24 Tammerfors,
522 418 55 19 samt
595 417 159 26 prestaståndet
770 417 18 27 ej
811 417 82 21 kunnat

66 445 59 21 anslå
141 445 66 26 några
222 445 69 20 medel
306 445 32 20 till
354 445 132 21 skolverkets
502 445 124 26 utvidgning
641 447 52 18 utan
709 445 75 21 endast
801 445 91 26 100,000

66 473 61 21 mark
143 473 32 22 till
198 473 91 27 höjande
304 473 23 20 af
341 473 25 21 de
381 473 59 26 lägre
455 474 96 20 lärarnes
567 474 65 25 löner,
653 473 23 21 så
692 473 82 27 tycktes
790 475 37 20 det
841 480 52 15 vara

67 502 104 21 obetänkt
181 504 34 19 att
224 501 124 28 ytterligare
363 502 134 26 petitionera,
514 502 40 21 och
570 507 34 16 om
619 503 86 24 prosten
718 501 113 28 Grönberg
846 502 46 21 haft

67 530 69 27 någon
151 530 113 26 anledning
279 530 32 21 till
327 530 32 21 sin
374 530 96 26 petition,
487 530 23 21 så
525 530 55 21 hade
596 530 36 21 det
648 529 128 23 åtminstone
791 531 55 20 varit
866 536 26 15 en

69 559 66 21 sådan
152 565 45 15 som
213 559 64 20 bordt
292 558 79 21 afhålla
386 558 78 21 honom
480 558 99 21 derifrän.

137 688 89 22 Prosten
243 689 77 21 doktor
335 688 107 26 Alopaeus
457 688 79 25 anhöll,
553 688 89 22 emedan
657 688 41 21 han
715 689 65 21 redan
796 689 27 26 pä
836 695 55 15 mor-

68 723 69 20 gonen
153 718 62 20 suttit
229 717 6 20 i
252 717 83 21 utskott
350 717 39 21 och
405 717 61 21 äfven
481 717 28 26 pä
524 717 166 26 eftermiddagen
702 717 68 21 skulle
784 717 85 26 deltaga
884 717 7 20 i

69 745 258 25 utskottssammanträde,
339 747 32 19 att
386 745 33 21 för
429 745 101 26 njutande
547 745 23 21 af
582 745 92 27 behöflig
689 745 57 21 hvila
761 745 22 21 få
798 745 94 27 aflägsna

69 773 31 27 sig
116 773 47 22 från
178 774 92 26 plenum,
286 774 85 21 hvartill
387 773 85 22 ståndet
487 773 66 22 biföll.

137 904 206 27 Kontraktsprosten
356 904 77 21 doktor
449 904 97 21 Hellén
561 904 66 27 ansåg
642 906 32 19 att
690 904 203 27 bristfälligheterna

69 933 6 20 i
91 933 127 26 petitionens
232 933 55 20 form
303 933 18 26 ej
337 933 103 21 hindrade
455 935 32 19 att
503 933 123 21 densamma
641 936 59 22 toges
715 933 6 20 i
738 932 154 27 öfvervägande

69 961 39 21 och
125 962 32 19 att
178 963 87 24 prosten
280 961 110 26 Grönberg
405 961 45 21 haft
466 961 41 26 god
523 961 113 26 anledning
652 963 32 18 att
701 961 75 26 förnya
791 960 32 21 sin
838 961 54 26 peti-

69 989 52 26 tion,
144 989 67 21 ehuru
233 989 40 21 den
296 989 18 26 ej
336 995 49 15 vore
409 989 130 26 välbetänkt,
557 996 33 14 om
607 990 40 20 den
663 989 18 26 ej
697 989 69 21 tillika
788 989 105 26 föresloge

69 1017 97 27 flyttning
181 1017 22 21 af
217 1017 130 22 Tavastehus
362 1018 133 26 gymnasium
511 1018 32 21 till
558 1017 149 22 Tammerfors.
736 1017 157 26 Ridderskapet

69 1046 40 20 och
125 1046 61 20 adeln
203 1047 54 19 samt
272 1045 142 22 finanschefen
430 1046 55 21 hade
500 1047 100 19 anmärkt
615 1048 32 19 att
662 1046 131 20 Tavastehus
808 1052 85 20 gymna-

69 1074 54 21 sium
145 1074 55 20 hade
222 1073 21 21 få
266 1074 75 23 elever,
365 1074 103 27 styrelsen
490 1074 66 21 borde
579 1074 85 21 derföre
687 1074 99 26 upplysas
808 1080 34 14 om
862 1075 32 19 att

69 1103 69 20 denna
153 1103 79 20 anstalt
247 1108 50 15 vore
313 1102 137 27 misslyckad;
474 1103 39 20 och
530 1102 27 21 då
572 1103 40 20 den
629 1103 108 20 dessutom
752 1108 51 15 vore
819 1102 74 21 statio-

69 1131 67 20 nerad
159 1130 74 21 endast
255 1131 46 26 fyra
324 1131 95 20 timmars
441 1133 41 24 väg
496 1131 56 20 ifrån
567 1130 140 27 Helsingfors,
732 1130 23 21 så
770 1132 72 25 syntes
858 1131 36 20 det

68 1158 58 23 klart
148 1160 32 20 att
195 1165 26 14 en
244 1159 57 26 dylik
316 1159 118 26 inrättning
448 1165 51 15 vore
519 1159 71 21 bättre
605 1159 100 26 placerad
721 1159 6 20 i
743 1159 149 20 Tammerfors.

69 1187 92 21 Talaren
184 1187 93 21 önskade
300 1189 32 19 att
352 1188 143 25 petitionären
518 1187 48 21 icke
581 1187 96 21 enskilda
699 1187 196 21 besvärsutskottet

69 1215 68 21 skulle
153 1215 6 21 i
176 1215 35 21 det
226 1215 23 21 af
262 1215 77 22 honom
354 1222 29 15 nu
398 1215 129 22 framhållna
542 1216 53 26 syfte
611 1216 100 21 utarbeta
726 1215 41 21 den
788 1214 107 21 underdå-

69 1243 50 27 niga
133 1243 124 26 petitionen.

138 1294 89 22 Prosten
249 1295 78 26 Hjelt
349 1296 66 26 ansåg
437 1295 60 21 äfven
520 1296 87 26 prosten
622 1295 120 26 Grönbergs
765 1293 87 28 petition
874 1293 22 22 af

69 1323 99 22 behofvet
183 1323 105 26 påkallad,
305 1325 22 26 ty
342 1323 21 21 af
378 1323 25 22 de
419 1323 66 22 under
498 1325 84 20 senaste
594 1323 124 21 decennium
732 1322 107 21 inrättade
854 1327 40 21 nya

69 1351 73 22 skolor
157 1351 54 22 hade
226 1351 62 27 ingen
303 1351 46 22 haft
363 1358 26 15 en
400 1353 24 20 så
436 1351 66 22 snabb
516 1351 81 22 tillvext
607 1357 45 15 som
668 1351 41 21 den
724 1351 6 20 i
746 1350 147 22 Tammerfors.

69 1379 10 22 I
95 1379 76 22 Gamla
186 1380 92 27 Karleby
293 1380 60 21 skola
368 1380 106 27 uppginge
490 1380 108 21 elevernas
608 1379 58 22 antal
682 1379 32 21 till
730 1381 33 22 45,
779 1379 6 20 i
800 1378 94 21 Joensuu

69 1414 51 15 vore
136 1409 35 20 det
187 1410 56 19 ännu
257 1408 87 27 mindre,
360 1408 7 21 i
382 1409 133 26 Björneborg
530 1409 28 20 70
573 1407 30 22 till
619 1408 33 25 80,
669 1414 47 15 men
732 1408 6 20 i
753 1406 142 22 Tammerfors

69 1436 56 21 hade
140 1437 107 21 elevernas
263 1437 57 21 antal
335 1437 28 26 på
378 1438 12 19 7
406 1437 25 20 år
445 1437 59 25 stigit
519 1436 32 21 till
567 1437 33 20 70.
624 1435 141 22 Tammerfors
780 1435 115 21 inverkade

71 1464 106 22 dessutom
192 1464 28 28 på
234 1465 129 27 gymnasium
378 1465 7 20 i
420 1464 34 27 Åbo,
470 1464 88 22 emedan
574 1464 144 21 förstnämnde
734 1463 70 22 skolas
822 1465 72 18 utexa-

69 1493 109 21 minerade
191 1493 69 21 elever
270 1493 61 21 sökte
345 1493 87 21 fortsatt
447 1492 150 27 undervisning
612 1492 6 21 i
649 1492 34 26 Åbo,
699 1492 86 21 hvarest
796 1491 25 21 de
835 1490 60 21 fleste

69 1522 123 21 nuvarande
207 1522 69 21 lärare
291 1522 18 26 ej
326 1528 50 15 vore
391 1521 67 21 finska
474 1522 87 26 språket
577 1521 97 26 mäktige.
706 1520 106 26 Antingen
828 1519 67 21 måste
