1103 1803
308 129 166 18 Presteståndet.
500 130 56 16 1867.
580 130 22 16 13
614 130 48 20 Maj.
832 126 42 20 945

80 215 56 22 ökad
151 214 139 28 tjenstgöring
305 214 23 28 (t.
345 220 30 16 ex.
392 215 25 20 21
435 214 131 22 läsetimmar
582 214 6 21 i
604 214 79 21 veckan
699 214 6 21 i
722 215 72 21 stället
815 215 33 21 för
870 221 33 15 ur-

79 244 124 27 sprungliga
226 243 40 27 19),
289 243 68 21 under
379 243 36 21 det
430 242 78 22 sådant
530 242 46 22 icke
598 242 94 22 inträffat
711 243 49 21 med
776 244 127 21 lektorerne.

80 272 49 22 Men
144 272 47 22 icke
206 278 41 20 nog
262 271 93 21 härmed.
386 270 81 22 Genom
484 271 162 27 ifrågavarande
661 271 119 27 anordning
795 272 63 21 hafva
873 272 30 21 äf-

79 306 40 16 ven
135 300 107 26 åtskilliga
257 300 95 26 kollegor
367 300 48 20 lidit
429 299 91 27 förfång,
536 300 7 20 i
558 300 37 20 det
610 299 26 21 de
651 300 106 26 förgäfves
773 300 76 21 hittills
863 300 41 21 fått

79 331 66 19 vänta
159 329 28 26 på
203 334 25 15 en
243 328 168 26 lönetillökning,
427 328 85 21 hvilken
528 328 126 26 längesedan
668 328 69 21 skulle
750 328 89 22 tillfallit
850 328 54 26 dem,

79 358 7 19 i
101 357 102 21 händelse
219 356 123 21 rektorerna
357 356 75 26 blifvit,
450 362 46 15 som
512 356 32 26 sig
559 356 70 25 bordt,
645 356 7 20 i
667 356 102 21 afseende
784 357 13 21 &
812 356 92 22 lönetill-

80 385 59 21 skott
154 385 77 20 ställda
246 385 7 20 i
268 390 81 15 samma
363 385 96 26 kategori
481 385 49 20 med
552 384 128 21 lektorerne.
711 384 79 22 Derest
811 385 93 21 löneför-

80 413 87 27 höjning
183 413 59 21 äfven
258 413 112 21 framdeles
386 413 55 21 skall
455 413 109 21 utbetalas
580 412 55 21 efter
650 419 81 14 samma
754 414 81 26 princip
858 419 45 14 som

80 442 84 26 hittills,
181 442 51 21 eller
248 441 22 21 åt
285 441 71 21 halfva
371 441 81 21 antalet
467 441 24 21 af
504 441 84 21 landets
604 441 124 25 skollärare,
745 441 24 21 så
785 441 66 22 borde
861 443 43 19 rät-

81 470 78 25 teligen
174 471 13 20 4
203 469 256 27 löneförhöjningsbelopp
475 469 125 27 uppställas,
617 469 95 26 sålunda,
729 472 33 19 att
780 470 37 21 det
837 469 67 22 första

80 499 68 21 skulle
165 499 89 21 omfatta
271 498 197 27 gymnasiilektorer
492 498 40 21 och
555 498 205 21 ordinarierektorer
782 498 34 21 vid
839 498 64 27 högre

81 527 222 25 elementarskolorna,
324 527 36 20 det
375 527 67 20 andra
457 526 107 21 ordinarie
580 526 142 21 konrektorer
737 527 40 20 och
792 527 111 26 gymnasii-

81 556 114 26 adjunkter
211 557 54 19 samt
280 554 141 27 spräklärare,
438 555 36 21 det
490 555 68 25 tredje
574 555 95 25 kollegor
683 555 36 20 vid
734 555 66 26 högre
814 555 89 21 elemen-

81 584 108 20 tarskolor
204 583 39 21 och
258 583 69 21 lärare
342 583 34 21 vid
392 582 224 24 fruntimmersskolor,
633 585 54 19 samt
703 583 36 21 det
754 583 67 27 fjerde
834 583 69 21 lärare

81 612 35 20 vid
131 612 59 26 lägre
205 611 194 21 elementarskolor.
430 611 50 21 Men
496 611 33 21 för
544 612 72 20 resten
631 612 24 20 är
670 611 48 21 hela
738 612 109 26 principen
862 611 42 21 för-

81 640 85 26 kastlig.
197 640 42 20 Det
254 641 56 19 rätta
325 646 56 18 vore,
397 641 33 19 att
445 640 74 26 hvarje
535 640 69 20 lärare
620 639 53 21 efter
696 640 56 20 vissa
774 640 34 21 års
831 640 73 26 tjenst-

81 668 75 26 göring
178 668 69 21 skulle
269 667 64 21 undfä
357 668 54 20 vissa
427 670 99 24 procents
547 667 122 28 förhöjning
691 668 23 21 af
735 668 63 21 lönen
813 668 35 21 vid
864 668 41 21 den

81 696 66 27 tjenst
162 696 41 21 han
219 696 88 21 innehar
323 696 45 26 och,
384 696 6 21 i
406 696 101 22 händelse
523 696 42 21 han
581 696 73 21 vinner
676 696 122 26 befordran,
820 696 21 21 fä
864 696 41 21 till-

82 724 117 27 godonjuta
215 725 68 20 denna
298 724 126 27 förhöjning,
440 724 106 21 intilldess
561 724 41 21 han
624 724 54 21 efter
694 731 25 14 en
742 725 98 20 bestämd
864 724 41 21 tids

82 753 85 26 förlopp
183 753 82 21 komme
281 754 32 20 att
328 753 81 21 erhälla
425 755 31 18 ett
471 753 99 26 tillskott,
586 753 188 26 proportioneradt
795 753 54 21 efter
865 753 39 20 den

82 782 43 26 lön,
140 787 46 16 som
202 781 87 26 ätföljde
305 781 40 21 den
360 787 41 21 nya
416 781 99 27 tjensten.

151 810 71 26 Högre
237 809 39 22 och
291 810 131 21 allmännare
437 809 112 27 skolafgift
564 809 41 21 kan
620 809 36 27 jag
670 809 32 21 för
725 809 62 27 ingen
806 809 34 21 del
862 809 43 21 för-

83 838 59 26 orda,
158 840 52 19 utan
224 838 42 21 fast
281 838 72 26 hellre,
370 838 19 26 ej
405 838 81 21 mindre
502 838 7 21 i
524 838 41 21 den
588 837 105 22 allmänna
717 837 133 27 bildningens
873 838 32 20 in-

82 869 74 22 tresse,
172 868 27 19 än
214 866 33 21 till
262 867 91 26 lindring
368 867 33 20 för
416 867 26 20 de
457 866 113 25 föräldrar,
586 866 72 21 hvilka
673 867 83 26 erlaggt
768 866 40 21 och
820 866 85 26 erlägga

83 895 40 20 den
145 895 49 21 med
217 895 84 26 suckan,
325 897 31 18 att
375 895 63 20 äfven
461 895 27 21 de
510 895 76 21 hittills
602 894 92 22 fixerade
709 895 115 26 afgifterna
839 894 66 21 måtte

82 923 46 21 helt
143 923 39 21 och
198 923 65 21 hället
278 923 66 21 varda
358 923 123 22 afskaffade.

150 979 89 21 Prosten
254 979 130 22 Borenius
399 979 95 27 yttrade:
524 979 43 21 För
582 981 34 20 att
631 979 44 21 visa
690 979 56 21 huru
761 979 48 21 litet
824 979 81 21 utskot-

82 1009 32 20 tet
129 1014 75 20 genom
220 1008 45 21 sina
280 1008 7 20 i
301 1007 105 22 komit&ns
422 1008 80 27 förslag
516 1008 77 26 gjorda
608 1008 114 25 ändringar
736 1007 83 27 lyckats
834 1007 72 26 uppnä

82 1036 36 21 det
133 1036 106 26 egentliga
253 1035 95 28 äsyftade
363 1036 129 25 ändamälet,
508 1036 38 21 ber
559 1036 37 27 jag
611 1038 33 19 att
659 1038 56 19 ännu
730 1035 82 27 engäng
827 1036 22 21 fä
864 1035 41 22 till-

81 1064 64 26 lägga
159 1064 66 26 nägra
240 1064 45 21 ord.
314 1064 73 27 Enligt
401 1070 47 21 pag.
466 1065 26 20 19
508 1064 24 21 af
546 1064 144 21 betänkandet
708 1064 70 21 skulle
800 1063 32 21 till
854 1063 53 21 aflö-

81 1092 70 21 nande
173 1093 23 20 af
216 1093 96 20 lärarene
335 1092 39 21 och
395 1093 150 21 lärarinnorna
560 1093 35 20 vid
617 1092 98 27 samtliga
733 1092 173 21 elementarläro-

81 1121 79 20 verken
176 1120 6 21 i
197 1121 89 20 Finland
302 1120 107 21 erfordras
425 1121 93 25 801,300
533 1121 68 21 mark.
626 1121 49 20 Men
692 1120 27 21 dä
734 1120 55 21 efter
804 1121 26 20 de
842 1126 63 20 grun-

82 1149 44 25 der,
142 1155 44 15 som
203 1150 36 19 äro
260 1148 133 22 framställda
408 1149 7 21 i
431 1155 55 15 anm.
504 1150 10 20 1
532 1149 13 20 &
559 1155 82 15 samma
663 1149 52 25 sida,
738 1149 109 20 dessutom
870 1148 35 21 be-

81 1176 75 22 höfdes
171 1177 64 21 minst
251 1177 92 26 300,000
357 1177 61 22 mark
434 1177 33 21 till
482 1177 195 27 lönetillökningar,
693 1177 84 21 komme
792 1177 49 21 hela
855 1176 51 21 aflö-

81 1205 132 26 ningsstaten
229 1205 88 21 sålunda
333 1208 32 19 att
384 1206 115 27 öfverstiga
523 1206 112 25 1,000,000
656 1206 68 21 mark.
754 1205 70 21 Häraf
844 1204 62 27 följer

81 1235 32 19 att
129 1239 34 15 om
179 1234 40 21 den
234 1233 13 21 &
262 1240 47 21 pag.
325 1235 13 20 3
353 1235 65 20 raden
435 1235 12 20 9
462 1234 24 21 af
500 1234 114 27 kejserliga
628 1234 160 27 propositionen
804 1233 102 26 uppgifna

81 1262 124 21 nuvarande
226 1262 172 26 utgiftssumman
421 1263 33 20 för
474 1262 245 21 elementarläroverken
737 1262 93 25 808,870
845 1261 62 21 mark

81 1289 62 22 äfven
159 1290 80 21 ökades
253 1291 47 20 med
317 1291 25 21 de
359 1291 91 26 100,000
464 1291 68 24 mark,
548 1297 46 15 som
609 1293 82 25 presta-
707 1290 40 21 och
757 1289 149 27 borgarestän-

81 1318 47 21 dets
151 1318 129 27 deputerade
295 1319 7 21 i
317 1319 107 22 utskottet
445 1320 59 20 velat
525 1319 33 21 för
580 1319 66 26 sagde
669 1318 99 22 ändamål
790 1318 64 21 ställa
874 1318 33 21 till

81 1347 115 26 styrelsens
213 1347 131 27 disposition,
360 1347 24 22 sä
399 1348 68 21 skulle
484 1347 56 22 ändä
555 1353 26 16 en
596 1347 55 22 brist
665 1347 78 27 uppstä
765 1347 23 21 af
808 1346 99 27 omkring

81 1376 92 25 200,000
195 1375 67 26 mark,
285 1375 33 22 för
338 1376 63 21 hvars
422 1376 94 27 fyllande
538 1376 106 21 utskottet
660 1376 82 21 anvisat
756 1375 63 27 ingen
834 1376 72 25 utväg.

80 1403 73 28 Enligt
168 1404 49 21 mitt
231 1403 80 28 förslag
327 1404 90 21 behöfde
433 1404 41 21 den
490 1410 29 15 nu
534 1404 106 27 utgäende
656 1405 182 25 anslagssumman
854 1403 52 21 ökas

79 1432 50 21 med
144 1433 75 20 endast
234 1433 75 26 89,660
322 1433 67 21 mark.
414 1433 49 20 Med
473 1434 87 25 prosten
572 1433 111 26 Grönberg
693 1434 24 19 är
725 1432 37 26 jag
773 1438 49 15 ense
833 1431 73 21 derom

80 1461 33 19 att
129 1460 42 21 alla
187 1460 186 27 lönetillökningar
388 1461 53 21 böra
456 1460 84 22 utdelas
556 1461 19 27 ej
591 1460 78 22 stiftvis
684 1462 52 20 utan
752 1460 54 21 efter
824 1459 61 21 älder
899 1459 8 21 i

79 1488 100 26 tjensten.
211 1488 93 22 Skulden
320 1489 72 21 dertill
407 1491 33 19 att
454 1488 24 22 sä
494 1489 19 26 ej
529 1490 30 23 är,
575 1489 41 21 kan
632 1489 108 26 päbördas
755 1487 95 22 hvarken
875 1487 32 21 lä-

79 1522 76 16 rarene
179 1516 51 22 eller
252 1517 152 27 skolstyrelsen
419 1518 6 20 i
441 1518 71 26 Borgä
534 1517 52 21 stift.
617 1517 34 21 Dä
673 1517 34 21 vid
731 1517 52 21 sista
802 1515 105 27 landtdag
