1103 1803
227 158 57 21 1114
429 162 163 18 Presteståndet.
618 164 55 16 1867.
697 164 27 16 23
736 163 48 21 Maj.

198 248 69 22 måste
290 248 41 21 den
347 248 138 26 ovilkorligen
501 247 174 22 oförbehållsamt
690 248 110 26 åberopas.
832 248 40 21 Till
887 254 48 15 svar
949 248 13 20 å
977 254 48 20 pro-

198 280 47 18 sten
267 277 135 25 Rosengrens
424 276 58 26 fråga
505 276 114 21 hänvisade
635 276 82 21 talaren
733 276 78 21 honom
827 276 32 21 till
875 276 38 22 och
929 275 95 27 uppläste

199 306 42 20 6:te
256 305 95 26 punkten
367 305 6 21 i
390 306 54 20 1789
460 306 34 20 års
509 304 115 27 förenings-
640 304 39 22 och
695 304 156 22 säkerhetsakt.

268 366 204 27 Kontraktsprosten
488 366 82 21 Sirén
586 366 117 26 anmärkte,
721 366 47 21 med
784 366 112 26 anledning
906 365 22 22 af
937 371 25 16 en
973 365 53 21 före

199 395 82 26 gående
297 395 78 21 talares
390 395 98 27 yttrande
503 396 32 19 att
550 394 248 27 expeditionsutskottets
814 394 77 27 förslag
906 394 32 21 till
949 393 77 22 under-

201 423 72 26 dänigt
296 429 48 15 svar
367 429 37 14 var
423 423 109 26 värdigare
547 425 51 18 enär
613 423 117 25 sanningen
746 423 43 20 deri
806 425 65 24 öppet
884 423 94 23 uttalats,
995 423 32 20 att

199 451 222 27 justeringsutskottet
447 451 39 21 alls
508 451 46 21 icke
577 451 134 21 undanhällit
733 451 122 26 sanningen,
879 453 50 18 utan
952 450 74 21 endast

199 479 116 21 framställt
337 479 65 21 saken
417 479 94 26 mjukare
526 479 40 21 och
581 479 47 21 icke
643 480 24 20 sä
682 481 57 19 tvärt
754 485 45 15 som
816 479 211 26 expeditionsutskot-

200 509 37 20 tet.
268 507 50 21 Man
335 507 54 22 hade
404 507 115 21 underlåtit
534 508 94 26 åberopa
641 509 11 24 &
668 508 27 20 42
712 508 70 20 såsom
797 507 93 27 tvetydig
905 507 39 21 och
959 507 45 20 icke
1020 506 7 21 i

200 535 41 22 allo
258 535 112 28 tillämplig
386 537 26 25 pä
428 536 50 21 vära
492 535 147 22 förhällanden
654 538 55 19 samt
726 536 106 21 dessutom
849 536 88 20 emedan
952 535 75 20 äbero-

201 564 80 26 pandet
303 564 22 21 af
345 564 61 26 lagen
421 564 106 20 inneburit
542 570 25 14 en
583 563 130 22 förebräelse
729 566 44 18 mot
788 564 59 21 Hans
862 563 103 27 Majestät,
981 569 45 15 som

201 594 52 19 utan
268 592 50 21 räds
333 592 51 21 räde
399 598 49 20 eger
463 592 65 21 ordna
543 592 273 26 pressangelägenheterna.

271 654 142 26 Domprosten
430 654 76 21 doktor
520 654 69 26 Borg
604 654 83 21 tillade:
704 660 35 15 om
754 654 114 21 ständerna
882 653 55 22 velat
948 653 78 21 undan-

203 682 65 26 draga
290 682 32 26 sig
346 682 38 21 allt
405 682 109 26 svaromäl,
530 683 24 20 sä
568 682 56 21 hade
640 683 35 20 det
691 682 54 21 varit
760 682 74 26 nödigt
849 684 31 19 att
895 682 72 28 säsom
979 681 47 21 stöd

203 710 70 21 derför
288 710 93 27 åberopa
397 712 10 24 $
424 712 32 24 42,
473 717 46 14 men
536 711 26 20 dä
578 717 48 14 man
641 711 69 25 ingått
726 711 6 20 i
748 710 110 25 svaromål,
870 711 23 20 sä
903 712 24 19 är
940 710 35 20 det
986 716 41 19 nog

202 740 32 19 att
257 738 64 21 saken
345 739 140 21 omnämndes.
516 739 41 20 Det
582 741 24 18 är
628 739 84 20 derföre
727 739 49 21 med
790 738 38 21 allt
843 738 45 21 skäl
903 744 45 15 som
961 738 66 26 juste-

202 767 164 26 ringsutskottet
381 767 56 26 gjort
452 767 165 26 uteslutningen;
634 773 78 15 annars
728 767 54 21 hade
798 773 48 15 man
851 761 13 37 i
862 767 88 20 svaret
961 765 66 22 öfver-

203 795 75 21 skridit
294 795 36 21 det
345 795 110 26 behörigas
470 797 68 24 gräns.

272 857 125 21 Professorn
425 857 76 21 doktor
528 857 112 21 Geitlin
665 857 66 26 ansäg
756 858 32 19 att
810 856 217 27 justeringsutskottet

203 885 89 21 handlat
308 885 87 21 alldeles
410 887 42 19 rätt
468 885 60 22 äfven
544 885 82 22 derföre
642 887 32 19 att
689 885 76 21 endast
781 887 30 19 ett
824 885 67 24 ständ,
902 886 68 20 säsom
981 891 47 20 pro-

204 915 47 19 sten
273 913 104 21 Borenius
396 914 103 25 anmärkt,
514 914 62 26 yrkat
591 913 147 27 äberopandet
752 913 6 21 i
774 913 157 26 ifrägavarande
947 913 80 26 lagrum

205 941 39 21 och
260 941 88 22 emedan
364 942 109 26 meningen
489 942 45 21 icke
549 949 38 14 var
598 944 32 19 att
640 942 238 27 expeditionsutskottet
888 941 67 21 skulle
965 941 63 21 fram-

204 970 86 21 komma
311 970 48 21 med
381 970 46 21 sina
448 976 54 20 egna
524 970 143 26 funderingar,
690 972 52 19 utan
765 969 118 22 framställa
905 969 124 22 ständernas

204 997 79 27 äsigter
306 998 39 21 och
369 998 73 21 beslut.
473 998 87 21 Oafsedt
579 999 65 24 detta,
660 999 23 20 sä
699 1005 37 14 var
752 998 90 21 doktorn
858 997 121 27 öfvertygad
995 1003 34 15 om

203 1027 32 20 att
250 1026 82 21 riksens
347 1026 39 21 räd
401 1027 39 21 och
455 1027 90 21 Senaten
561 1027 18 26 ej
598 1033 36 15 var
649 1033 81 15 samma
745 1027 128 26 myndighet,
889 1026 38 21 och
938 1026 91 21 Senaten

204 1054 56 21 hade
283 1055 48 26 sjelf
351 1055 79 25 afgifvit
452 1055 64 21 sädan
539 1055 116 26 förklaring
669 1055 7 20 i
691 1055 126 26 pressmälet
839 1056 56 20 emot
910 1054 119 26 professorn

204 1082 111 21 Forsman.
335 1083 12 26 $
362 1083 27 20 42
405 1089 37 14 var
457 1083 87 26 derföre,
560 1083 66 26 enligt
641 1083 132 26 professorns
785 1083 70 25 tanke,
870 1082 6 21 i
892 1082 137 21 förevarande

204 1109 36 22 fall
256 1111 39 21 alls
310 1111 47 21 icke
371 1111 117 27 tillämplig.

275 1173 90 21 Prosten
381 1173 77 21 doktor
472 1173 94 27 Bergh
582 1173 93 22 erkände
690 1173 6 20 i
713 1173 41 21 allo
770 1172 127 27 riktigheten
913 1171 22 21 af
944 1173 85 25 prosten

206 1201 69 26 Hjelts
298 1201 144 27 anmärkning,
461 1203 31 20 att
508 1208 33 15 om
557 1208 49 15 man
622 1201 18 27 ej
657 1202 65 25 ansåg
737 1201 115 21 ständerna
864 1200 63 21 hafva
941 1202 43 19 rätt
999 1201 32 20 att

205 1229 21 21 fä
247 1229 184 27 propositionerne
446 1231 22 20 sä
484 1229 92 22 beredde
591 1236 46 15 som
653 1230 13 27 &
682 1231 27 19 42
726 1229 122 24 innehäller,
864 1229 23 20 sä
902 1228 66 21 borde
983 1227 48 22 hela

206 1258 83 21 tiraden
313 1258 72 21 derom
407 1258 112 27 utstrykas.
550 1259 43 20 Det
610 1258 77 27 gladde
704 1257 92 22 doktorn
812 1259 31 20 att
858 1257 59 21 Hans
932 1256 99 26 Majestät

206 1286 76 21 erkänt
304 1286 123 26 giltigheten
449 1286 22 21 af
492 1287 13 26 &
528 1287 27 20 42
575 1287 7 20 i
598 1287 26 20 de
639 1285 60 22 flesta
716 1285 42 26 fall,
775 1291 47 15 men
838 1285 27 21 dä
880 1291 47 15 man
943 1284 17 27 ej
977 1284 54 21 hade

206 1316 66 19 annat
287 1314 6 20 i
309 1314 40 21 den
365 1315 61 20 delen
441 1316 32 19 att
488 1315 38 21 lita
540 1315 32 26 sig
588 1315 32 20 till
636 1317 25 18 än
678 1314 58 21 Hans
753 1313 110 27 Majestäts
878 1319 51 20 egen
941 1312 90 27 uppfatt-

207 1342 50 26 ning
279 1342 22 21 af
321 1343 72 26 saken,
415 1343 23 21 sä
460 1349 49 15 vore
533 1343 36 21 det
592 1343 111 26 olämpligt
718 1342 39 21 och
773 1341 112 27 oskickligt
899 1343 32 19 att
945 1340 86 21 hänvisa

206 1370 60 21 Hans
282 1371 99 26 Majestät
396 1371 31 20 till
442 1371 68 26 lagen,
526 1371 38 21 der
578 1371 50 24 han,
644 1372 70 20 säsom
729 1371 6 20 i
751 1370 138 21 förevarande
899 1369 132 21 administra-

205 1398 44 21 tiva
264 1398 66 27 fräga,
347 1399 60 21 deraf
420 1399 17 27 ej
453 1406 37 15 var
506 1399 90 22 bunden.

276 1460 29 21 Af
318 1460 49 21 herr
383 1461 132 21 talemannen
530 1460 143 22 framställdes
688 1460 52 21 härä
756 1460 91 26 följande
863 1458 140 28 proposition:

277 1516 133 21 Godkänner
423 1518 132 27 högvördiga
566 1517 86 21 ständet
659 1516 235 28 justeringsutskottets
907 1516 51 20 eller
970 1522 63 20 expe-

207 1544 194 21 ditionsutskottets
412 1546 148 27 formulering
577 1546 7 19 i
599 1546 72 19 denna
685 1545 78 27 punkt.
794 1545 40 25 De,
853 1551 43 14 som
914 1543 118 28 godkänna
