1103 1803
318 132 165 17 Presteständet.
508 132 56 17 1867.
589 132 23 16 14
623 132 48 21 Maj.
830 128 41 21 963

110 228 3 2 +
144 217 29 26 4).
205 216 132 26 ,Föredrogs
352 218 63 19 stats-
431 216 39 21 och
486 216 241 26 bevillningsutskottets
743 216 133 22 betänkande
892 217 6 21 i

75 245 112 27 anledning
203 244 21 22 af
238 244 119 22 återremiss
373 244 22 21 af
408 244 78 26 nådiga
500 244 159 27 propositionen
678 250 34 15 om
730 250 27 21 ny
775 244 123 28 förordning

75 273 108 27 angäende
199 272 266 27 stämpelpappersafgiften
481 272 7 21 i
503 272 99 26 Finland;
620 272 38 21 och
673 272 69 22 blefvo
754 273 59 21 säväl
826 274 72 21 betän-

75 301 79 22 kandet
169 300 108 27 angäende
291 300 92 28 lydelsen
399 300 22 22 af
434 302 13 19 4
464 301 12 25 $
491 300 7 21 i
514 300 41 21 den
574 300 77 26 nädiga
671 300 158 27 propositionen
852 308 46 15 som

75 330 115 21 utskottets
205 328 128 22 beträffande
352 328 66 26 öfriga
440 328 59 22 delar
520 328 22 22 af
562 328 158 27 propositionen
744 328 77 28 afgifna
843 336 54 14 sam-

75 356 250 27 manjemkningsförslag,
342 357 68 21 sävidt
426 357 25 20 de
466 357 149 26 ridderskapet
639 357 38 20 och
701 357 61 21 adeln
785 358 69 25 rörde,
878 357 21 21 af

75 385 85 21 ständet
176 385 100 26 enhälligt
291 386 98 25 antagne;
405 385 87 21 hvarom
509 385 58 20 säväl
583 385 104 20 utskottet
702 391 46 15 som
759 385 138 22 medständen

75 413 68 22 skulle
158 419 76 20 genom
249 413 195 27 protokollsutdrag
458 413 157 21 underrättas.*

143 470 22 26 b)
181 469 45 22 frän
241 469 130 22 hedervärda
385 469 157 21 bondeständet
557 468 32 21 för
604 469 40 21 den
661 470 26 20 10
703 469 49 28 Maj,
768 469 22 21 af
803 469 94 27 följande

74 498 89 28 lydelse:

145 554 26 27 5).
203 554 33 24 »S.
253 554 26 20 D.
308 553 119 27 Föredrogs
442 555 63 19 stats-
523 553 39 21 och
585 553 230 26 bevillningsutskottet
837 553 60 21 redo-

75 582 82 26 görelse
179 582 33 21 för
232 582 155 26 granskningen
409 581 23 21 af
452 582 140 21 statsverkets
614 581 127 27 förvaltning
762 582 67 21 under
846 582 51 21 ären

77 611 147 21 1860—1863.

145 666 68 21 Sedan
228 666 90 21 nämnde
333 666 133 26 redogörelse
483 666 67 21 blifvit
565 666 6 20 i
588 666 47 21 dess
650 665 72 21 helhet
731 667 165 25 genomgängen,

75 694 49 21 fann
140 694 154 21 bondeståndet
310 694 121 22 densamma
446 694 46 21 icke
507 694 110 21 föranleda
632 694 31 20 till
684 700 74 20 annan,
778 695 13 20 å
812 694 85 21 ståndet

75 723 154 20 ankommande
245 723 80 25 åtgärd,
341 725 26 18 än
383 724 32 19 att
430 722 162 25 bondeståndet,
613 722 66 26 jemte
700 722 154 26 godkännande
876 722 23 20 af

75 752 63 19 stats-
154 750 39 21 och
208 750 240 27 bevillningsutskottets
462 751 100 26 yttrande
577 750 7 21 i
600 750 42 21 alla
658 750 64 24 delar,
734 750 96 21 uttalade
840 751 57 20 stån-

75 779 46 21 dets
137 778 181 21 tillfredsställelse
333 779 48 21 med
397 779 40 20 den
452 778 22 21 af
491 778 105 21 utskottet
618 777 128 22 verkställda
768 778 128 26 granskning

75 807 39 21 och
130 807 48 20 ville
193 806 61 21 hafva
269 807 94 21 ståndets
378 806 132 22 tacksamhet
530 807 71 20 derför
621 808 62 19 stats-
701 806 40 21 och
762 806 134 27 bevillnings-

74 835 105 21 utskottet
193 834 79 22 tolkad.

144 890 105 22 Skolande
264 891 195 26 protokollsutdrag
469 891 75 21 härom
556 891 121 26 expedieras
687 891 57 21 såväl
756 891 32 20 till
799 890 97 27 samtliga

75 919 144 26 medständen,
235 925 45 15 som
296 919 32 21 till
343 921 63 19 stats-
421 919 39 21 och
476 919 237 26 bevillningsutskottet.
744 919 50 22 Som
814 919 81 21 ofvan.*

144 976 27 26 6).
203 975 31 27 ,S.
250 975 24 21 D.
305 975 119 27 Föredrogs
439 975 231 27 grundlagsutskottets
685 975 134 21 betänkande
830 981 34 15 n:o
877 977 18 23 7,

73 992 145 32 innefattande
233 1003 78 27 förslag
326 1003 32 21 till
373 1003 203 27 sammanjemkning
592 1003 22 21 af
632 1004 124 21 ständernas
776 991 120 38 skiljaktiga

73 1031 77 27 beslut,
166 1032 6 20 i
188 1032 112 26 anledning
315 1031 21 22 af
347 1032 59 21 Hans
419 1032 118 26 Kejserliga
547 1032 110 26 Majestäts
669 1031 77 27 nådiga
758 1031 136 27 proposition,

74 1048 108 37 angående
198 1060 25 20 de
239 1060 124 25 rättigheter
378 1060 38 21 och
432 1060 151 26 skyldigheter,
604 1065 46 15 som
669 1060 117 20 tillkomma
806 1059 89 23 embets-

74 1087 39 20 och
129 1087 131 26 tjenstemän,
276 1087 80 22 hvilkas
372 1087 142 26 befattningar
528 1087 105 26 indragas.

142 1143 68 21 Sedan
233 1143 117 22 diskussion
371 1144 7 20 i
401 1145 71 20 ämnet
495 1143 99 22 förefallit
616 1143 102 22 stannade
741 1143 154 21 bondeståndet

73 1171 79 26 dervid,
175 1174 38 23 att,
235 1171 130 22 beträffande
386 1173 53 20 1:sta
454 1172 40 21 och
510 1172 55 26 3:dje
581 1171 118 27 punkterne
714 1172 6 20 i
736 1171 159 26 sammanjemk-

71 1187 163 44 ningsförslaget
259 1200 50 21 eller
333 1201 90 20 rörande
446 1199 174 27 taffelpenningar
642 1201 55 20 samt
720 1199 31 21 till
772 1199 123 22 forststaten

71 1227 95 21 hörande
182 1227 125 27 tjenstemän
323 1228 39 21 och
377 1228 99 27 betjente,
494 1228 99 21 vidblifva
614 1227 165 22 bondeståndets
802 1226 94 21 härutin-

71 1261 42 15 nan
127 1255 81 22 fattade
224 1256 68 21 beslut
307 1256 146 27 oförändrade,
472 1257 110 20 hvaremot
607 1254 288 28 sammanjemkningsförsla-

71 1285 37 24 get
122 1283 7 21 i
145 1283 63 27 öfrigt
222 1284 127 26 godkändes.

140 1340 80 21 Härom
236 1340 67 21 skulle
318 1340 196 27 protokollsutdrag
530 1341 122 26 expedieras
668 1340 58 21 såväl
744 1339 33 21 till
798 1339 97 26 samtliga

71 1368 146 26 medständen,
232 1375 45 15 som
293 1368 31 21 till
339 1369 227 26 grundlagsutskottet.
598 1369 50 21 Som
664 1368 82 22 ofvan.*

141 1425 26 26 7).
198 1425 32 27 ,S.
247 1425 25 21 D.
303 1425 118 26 Föredrogs
437 1425 232 26 grundlagsutskottets
684 1424 134 22 betänkande
829 1430 34 14 n:o
875 1424 19 25 6,

70 1452 146 22 innefattande
231 1452 78 27 förslag
324 1453 32 20 till
371 1453 203 26 sammanjemkning
589 1452 22 22 af
630 1453 122 21 ständernas
775 1452 120 26 skiljaktiga

70 1480 71 21 beslut
155 1481 6 20 i
178 1480 112 27 anledning
305 1480 22 22 af
340 1481 59 21 Hans
415 1481 117 27 Kejserliga
547 1481 111 27 Majestäts
672 1481 76 27 nädiga
763 1479 131 28 proposition

70 1509 109 26 angäende
195 1509 207 27 landtdagsordning.
