1103 1803
296 125 163 17 Presteständet.
484 126 56 16 1867.
564 126 27 16 24
603 126 48 20 Maj.
803 122 54 20 1123

129 211 126 26 Vicepastor
269 210 112 22 Putkonen
397 210 95 27 begärde
508 210 39 22 och
563 210 67 22 erhöll
646 210 94 27 ledighet
756 211 32 21 för
803 218 26 15 en
850 217 36 15 an-

61 239 88 28 gelägen
164 245 53 17 resa,
232 239 33 21 till
280 239 39 21 och
335 239 48 21 med
399 239 178 21 nästkommande
592 239 97 27 måndag.

130 296 90 22 Ständet
235 296 110 26 åtskiljdes
360 296 28 20 kl.
405 296 12 20 2
427 296 27 26 '/,
470 302 18 15 e.
504 302 28 17 m,

635 379 21 17 In
667 379 61 17 fidem:

547 447 56 20 And.
619 447 59 21 John
693 447 123 28 Hornborg.

148 639 152 33 Fredagen
318 639 57 26 den
393 638 34 27 24
445 638 58 34 Maj
524 638 67 28 1867
610 639 41 27 kl.
669 639 32 27 11
721 639 22 27 f.
761 647 39 19 m.

104 729 5 5 .
131 708 89 20 Plenum
236 708 107 25 öppnades
358 707 49 21 med
423 707 23 20 af
459 707 108 26 professor
583 708 95 21 Granfelt
693 708 71 21 hållen
779 708 49 21 bön.

129 837 42 21 Vid
191 837 94 21 anstäldt
304 843 82 20 upprop
401 843 51 15 voro
469 837 98 27 samtlige
582 838 211 21 ståndsmedlemmar
808 838 76 21 tillstä-

63 866 36 21 des
121 866 49 21 med
193 866 108 25 undantag
323 865 23 21 af
359 865 104 26 biskopen
479 866 120 21 Schauman
615 866 106 21 äfvensom
736 867 148 26 kyrkoherden

61 894 99 25 Juselius,
176 900 45 15 som
237 894 108 21 anmäldes
360 900 51 15 vara
425 894 133 26 illamående,
576 895 40 20 och
631 895 117 26 vicepastor
766 895 118 26 Putkonen,

62 928 45 15 som
123 922 69 27 åtnjöt
207 922 163 27 tjenstledighet.

131 951 40 20 Till
187 951 105 26 justering
311 951 108 26 upplästes
439 953 31 19 ett
485 953 117 19 transsumt
617 951 23 21 af
652 951 130 26 protokollet
796 951 33 20 för
845 951 39 21 den

62 979 27 21 23
105 979 50 26 Maj,
171 979 116 26 hvarjemte
304 979 266 26 diskussionsprotokollen
585 979 33 21 för
634 980 40 21 den
691 980 25 20 15
733 979 39 22 och
792 980 26 20 16
842 979 42 26 Maj

61 1007 8 21 i
84 1007 99 21 afseende
199 1007 13 21 å
224 1007 105 27 justering
343 1007 113 22 bordlades
471 1008 28 26 på
514 1014 26 15 en
555 1008 71 21 vecka.

130 1036 56 21 Herr
202 1036 135 21 talemannen
352 1036 142 26 tillkännagaf
507 1038 32 19 att
555 1036 139 27 domkapitlet
711 1036 5 21 i
726 1036 84 26 Kuopio
818 1035 66 27 jemte

62 1063 109 21 skrifvelse
187 1064 23 20 af
223 1064 40 20 den
280 1065 26 19 18
322 1064 78 20 dennes
419 1064 87 21 insändt
522 1064 90 21 influtna
635 1064 250 26 landtdagsmannaarvo-

63 1092 41 20 den
128 1091 40 22 och
188 1091 85 27 afgifter
288 1092 32 21 till
336 1092 95 21 ståndets
445 1092 70 21 kansli
530 1093 49 20 med
594 1093 138 20 tillsammans
748 1093 59 23 1,971
825 1091 61 22 mark

62 1120 27 21 20
110 1120 73 26 penni;
207 1120 80 21 hvilket
310 1120 147 27 antecknades,
481 1121 39 21 och
536 1121 68 21 skulle
620 1121 97 26 behörigt
732 1121 68 26 qvitto
815 1120 69 21 förbe-

61 1148 64 21 rörda
141 1148 131 27 domkapitel
287 1149 112 20 tillställas.

130 1311 120 28 Föredrogs
273 1313 34 20 till
326 1313 73 26 slutlig
414 1313 76 26 åtgärd
505 1313 44 26 lag-
564 1313 40 21 och
620 1312 214 22 ekonomiutskottets
849 1311 36 22 be-

61 1339 107 22 tänkande
188 1340 40 21 N:o
245 1342 19 25 7,
280 1341 6 20 i
303 1341 113 26 anledning
434 1341 22 21 af
474 1341 60 21 Hans
549 1341 119 27 Kejserliga
683 1341 111 26 Majestäts
808 1340 77 27 nådiga

61 1369 133 26 proposition
210 1369 109 26 angående
333 1369 102 27 utvidgad
450 1369 98 22 handels-
564 1370 40 21 och
619 1369 156 28 näringsfrihet.

129 1425 11 27 g
156 1426 33 20 29.

128 1481 91 21 Prosten
242 1482 73 26 Hjelt
335 1482 49 21 ville
405 1482 56 21 fästa
483 1482 189 26 uppmärksamhet
689 1482 29 26 på
732 1481 52 21 sista
799 1486 63 15 mom.
878 1480 7 20 i

60 1510 69 21 denna
145 1511 18 25 8,
179 1510 86 21 hvarest
283 1510 112 27 stadgades
411 1512 32 19 att
458 1510 54 22 barn
527 1510 68 22 under
610 1510 42 22 tolf
665 1510 24 21 år
703 1510 47 22 icke
764 1510 67 21 måtte
849 1514 36 15 an-
