1103 1803
299 131 167 18 Presteståndet.
491 132 55 16 1867.
570 132 26 17 29
610 132 46 22 Maj.
810 128 54 21 1209

63 218 70 22 blifvit
155 218 114 22 ständerne
291 217 115 27 förelagde,
429 217 35 21 vid
486 217 76 21 sådant
578 217 133 22 förhållande
728 218 19 26 ej
762 219 131 26 godkändes,

63 246 123 22 förklarade
209 246 32 27 sig
262 246 102 26 enhälligt
379 246 46 21 icke
441 247 73 20 kunna
529 246 33 20 för
579 246 48 21 dess
644 246 33 21 del
693 248 79 25 antaga
787 248 107 27 ifrågava-

63 276 67 21 rande
153 263 87 38 nådiga
252 274 139 27 proposition,
407 275 52 20 utan
475 274 49 21 ville
539 274 7 21 i
562 274 36 22 det
613 263 147 36 underdåniga
775 282 56 20 svar,
848 283 45 15 som

63 304 85 21 komme
171 291 44 33 att
221 303 52 21 derå
288 302 22 22 af
324 303 114 21 ständerne
454 302 96 28 afgifvas,
567 302 86 22 anhålla
669 304 35 21 det
720 300 67 26 måtte
803 312 27 19 ny
846 311 47 20 pro-

63 333 94 26 position
171 332 92 20 rörande
279 315 246 47 militäringvarterings-
542 320 39 32 och
592 332 302 28 transportskjutsningsskyl-

64 361 110 26 dighetens
189 360 100 21 framtida
304 360 118 26 utgörande
439 360 39 21 och
492 360 96 26 jemnare
604 360 119 26 fördelning
739 360 84 22 landets
834 363 60 19 näst-

64 389 201 21 sammanträdande
288 389 86 20 ständer
397 388 85 27 nådigst
504 388 121 27 föreläggas
641 388 7 21 i
663 389 36 20 det
714 389 54 26 syfte
785 391 32 19 att
832 389 61 21 kom-

64 423 114 16 munernes
201 417 98 27 samtliga
321 417 249 26 lägenhetsinnehafvare
595 417 39 21 och
662 417 65 26 öfrige
754 418 139 21 medlemmar

64 446 85 21 komme
165 447 32 20 att
212 446 6 20 i
234 445 63 22 dessa
312 451 66 15 onera
393 445 43 22 lika
451 445 92 27 deltaga.

136 502 107 22 Skolande
266 502 197 26 protokollsutdrag
481 501 75 22 härom
572 502 124 25 expedieras
712 501 59 22 såväl
787 503 32 20 till
835 503 58 20 med-

67 531 96 26 stånden,
185 537 43 15 som
245 531 32 20 till
293 532 153 19 sammansatta
461 531 45 26 lag-
523 530 40 21 och
579 531 108 20 ekonomi-
702 532 56 19 samt
774 532 63 20 stats-
854 531 39 21 och

67 559 238 27 bevillningsutskottet.
335 559 49 21 Som
400 559 73 21 ofvan"

136 617 55 20 samt

136 672 23 26 4)
181 672 24 21 af
219 672 40 21 den
275 672 26 21 22
318 672 85 26 dennes,
419 672 110 26 angående
543 672 234 26 justeringsutskottets
793 672 100 27 befogen-

67 701 43 24 het,
126 700 81 22 hvilket
222 701 197 26 protokollsutdrag
433 707 38 15 var
486 700 24 21 af
524 700 94 26 följande
633 700 89 27 lydelse:

136 757 31 27 »$.
190 757 27 20 D.
240 757 103 21 Anmälde
365 757 98 21 Theodor
483 757 91 25 Aschan,
591 763 46 15 som
654 757 21 21 af
688 757 156 22 bondeståndet
860 760 33 19 ut-

67 787 54 20 setts
136 774 32 33 till
183 785 94 22 ledamot
292 785 22 21 af
328 785 36 22 det
377 785 207 32 justeringsutskott,
604 785 113 22 ständerna
732 786 93 21 beslutat
842 787 51 20 ned-

67 815 64 25 sätta,
155 814 35 21 det
213 814 58 21 olika
285 815 110 25 meningar
409 814 8 21 i
432 814 99 21 bemälda
546 814 84 21 utskott
645 816 77 24 yttrats
738 815 92 20 rörande
847 815 46 21 det-
913 814 2 5 '

67 849 92 14 sammas
180 842 134 27 befogenhet,
337 844 32 19 att
391 843 65 21 redan
479 843 68 20 under
570 843 125 20 ständernas
718 849 147 15 sammanvaro
886 843 7 20 i

67 872 73 20 dessas
163 877 63 15 namn
249 871 91 26 granska
363 871 39 21 och
423 871 114 27 godkänna
556 871 132 26 protokoller
703 871 39 21 och
758 871 133 27 handlingar,

67 899 108 22 äfvensom
191 899 60 26 fråga
265 899 103 27 uppstått,
384 899 104 21 huruvida
502 899 224 27 justeringsutskottet
742 900 54 26 ägde
807 900 86 27 vidtaga

66 928 125 27 inbjudning
213 928 33 21 till
262 928 89 21 stånden
366 930 32 19 att
413 928 75 27 frångå
503 928 107 21 tillförene
626 927 78 22 fattadt
720 928 70 21 beslut
805 929 7 20 i
828 928 65 27 något

67 957 78 20 ärende
166 957 40 21 och
220 956 79 27 afgifva
314 956 79 27 förslag
408 957 32 21 till
455 956 205 27 sammanjemkning
675 956 22 21 af
711 957 80 20 sådana
806 957 48 21 utaf
868 957 25 21 de

67 985 70 21 skilda
159 985 104 21 ståndena
284 985 101 26 vidtagna
407 985 77 26 beslut,
508 985 45 21 deri
576 985 170 26 skiljaktigheter
769 985 53 26 ägde
838 992 53 19 rum,

66 1013 73 21 hvilka
161 1013 133 22 annorlunda
316 1013 46 22 icke
377 1014 70 21 kunde
463 1013 80 22 häfvas.
574 1013 45 21 Och
634 1020 45 14 som
694 1013 98 22 Theodor
808 1013 85 22 Aschan

66 1041 33 22 för
123 1042 47 21 dess
192 1042 34 21 del
249 1041 66 27 ansåg
335 1042 234 26 justeringsutskottets
587 1041 136 22 verksamhet
738 1042 53 21 böra
807 1042 86 26 vidtaga

67 1070 54 21 först
137 1070 27 21 då
179 1070 114 21 ståndenas
309 1076 146 15 sammanvaro
470 1070 7 21 i
492 1070 65 26 plena
567 1070 100 26 upphört,
681 1072 50 19 enär
741 1070 49 21 med
800 1070 93 21 nämnda

66 1098 84 21 utskott
165 1098 96 27 äsyftais,
277 1100 32 19 att
325 1099 25 20 de
367 1099 93 25 arbeten,
477 1099 73 20 hvilka
566 1099 67 21 under
649 1099 124 20 ständernas
787 1105 106 14 samman-

66 1133 51 14 varo
141 1127 17 26 ej
181 1127 120 21 medhunne
317 1127 108 27 redigeras
440 1127 40 21 och
496 1127 32 21 till
544 1127 63 21 deras
623 1127 93 27 enlighet
731 1127 48 21 med
796 1127 97 21 besluten

66 1155 130 26 godkännas,
219 1155 68 21 skulle
311 1155 22 21 af
351 1155 225 28 justeringsutskottet
592 1156 7 20 i
615 1156 125 21 ständernas
755 1161 63 15 namn
834 1157 59 19 anta-

65 1189 46 20 gas,
134 1185 55 20 samt
211 1183 124 27 inbjudning
357 1184 32 21 till
412 1185 90 26 ändring
524 1184 23 21 af
568 1184 71 21 beslut
655 1184 38 21 och
709 1183 148 27 uppgörandet
872 1183 23 21 af

66 1212 303 27 sammanjemkningsförslag,
389 1213 84 26 jemlikt
495 1213 127 20 ständernes
645 1213 72 20 derom
737 1212 101 21 särskildt
852 1211 41 21 fat-

66 1241 50 20 tade
138 1240 77 26 beslut,
238 1241 67 21 borde
321 1241 113 21 ankomma
448 1241 13 21 å
477 1241 36 21 det
528 1241 91 24 utskott,
636 1247 45 15 som
696 1241 7 20 i
718 1247 81 14 samma
815 1241 78 20 ärende

66 1269 82 26 afgifvit
171 1269 25 21 de
219 1269 122 22 ständernes
357 1269 129 27 behandling
501 1270 148 21 underställda
664 1269 156 26 betänkanden,
835 1269 58 20 hem-

66 1297 77 21 ställde
168 1297 84 22 Aschan
268 1298 32 21 till
317 1298 96 21 ståndets
427 1300 99 19 närmare
542 1298 151 25 förordnande,
709 1297 105 21 huruvida
826 1297 67 27 juste-

65 1326 176 26 ringsutskottets
264 1326 135 22 verksamhet
421 1327 71 21 kunde
514 1327 123 20 utsträckas
654 1326 82 21 utöfver
753 1326 41 21 den
809 1326 84 21 utskot-

65 1356 32 19 tet
119 1354 110 21 förlänade
248 1355 123 26 myndighet
385 1357 39 24 att,
440 1355 66 21 sedan
521 1355 125 21 ständernes
662 1354 231 27 plenisammanträden

65 1383 100 26 upphört,
181 1383 32 21 till
228 1383 127 21 utfärdande
371 1383 113 27 godkänna
499 1384 26 21 de
541 1384 133 25 protokoller
689 1383 39 21 och
740 1382 152 27 expeditioner,

65 1411 72 21 hvilka
151 1411 47 22 icke
214 1411 69 22 hunne
299 1412 63 21 innan
377 1412 140 27 landtdagens
533 1412 121 26 afblåsning
669 1413 119 26 uppsättas.
885 1423 6 4 .

133 1467 160 22 Bondeständet
316 1468 112 26 godkände
448 1467 54 22 härä
518 1468 103 26 enhälligt
637 1468 99 21 Theodor
751 1467 95 21 Aschans
863 1466 30 22 of-

64 1495 134 22 vanberörda
213 1496 136 27 uppfattning
364 1496 23 21 af
404 1498 116 25 gränserne
535 1496 33 21 för
582 1496 235 27 justeringsutskottets
832 1495 62 21 verk-

64 1524 89 27 samhet,
169 1524 86 22 hvilken
271 1524 76 28 ansägs
362 1525 46 21 icke
423 1525 73 21 kunna
511 1525 122 21 utsträckas
649 1525 79 27 längre,
744 1526 27 19 än
788 1524 38 26 att,
840 1523 55 22 efter
