1103 1803
219 113 55 20 1004
430 118 166 17 Presteståndet.
621 119 54 17 1867.
700 119 23 17 16
735 119 48 20 Maj.

260 204 41 26 2:0)
317 197 172 31 ,Återställande
504 204 169 26 prestaständets
688 204 184 26 remissprotokoll
887 204 22 21 af
927 204 40 20 den
989 205 27 21 23

191 232 96 22 sistlidne
302 232 98 26 februari,
417 232 90 21 rörande
522 232 200 26 kontraktsprosten
738 232 124 22 Ehrströms
877 232 140 27 petitionsför-

191 260 45 26 slag
250 266 34 14 om
300 260 130 21 utverkande
446 260 21 22 af
481 266 26 15 en
522 260 63 26 nädig
600 260 129 26 förordning,
746 267 45 15 som
807 261 101 27 stadgade
928 262 31 19 att
979 260 38 21 fat-

192 288 197 27 tigvärdsstyrelsen
405 289 6 20 i
427 289 41 21 den
483 289 129 26 församling,
635 288 45 22 frän
704 289 85 21 hvilken
812 288 121 28 utflyttning
955 288 62 25 skett,

192 317 68 21 under
282 317 73 27 loppet
377 317 22 21 af
420 316 40 22 fem
483 318 35 20 års
540 317 31 21 tid
594 317 66 21 borde
675 317 6 21 i
697 317 99 21 afseende
814 318 14 20 ä
843 317 175 27 fattigunderstöd

193 352 90 15 ansvara
298 345 32 21 för
345 345 31 20 till
392 352 68 14 annan
477 345 122 26 församling
614 345 96 27 inflyttad
726 352 77 20 person
819 345 51 22 eller
885 345 62 26 familj
964 347 55 18 samt

193 373 92 26 besagde
301 373 115 21 understöd
431 373 95 21 utbetala
541 374 23 20 sä
580 373 61 26 länge
657 373 118 22 detsamma
791 373 21 22 af
829 373 98 22 behofvet
948 373 70 27 päkal-

193 401 38 27 las,
247 402 7 20 i
269 401 100 22 händelse
385 401 58 22 detta
459 401 64 22 behof
538 402 90 26 uppstod
644 402 67 21 under
726 401 138 22 förenämnda
883 402 40 21 fem
946 403 29 24 är,
992 413 27 3 —

194 430 39 21 har
249 429 96 22 enskilda
360 430 192 21 besvärsutskottet
567 432 57 24 äran,
640 430 7 21 i
665 430 98 21 afseende
779 431 13 20 &
811 430 118 22 infordradt
949 430 70 21 betän-

194 458 77 26 kande,
287 458 108 21 vördsamt
410 458 103 26 meddela,
529 461 32 18 att
576 459 103 20 utskottet
695 459 47 20 icke
757 459 42 20 kan
821 458 104 27 tillstyrka
946 458 73 21 under-

196 487 63 26 dänig
274 486 89 26 petition
382 488 6 19 i
404 486 90 21 berörda
513 486 59 27 syfte,
596 487 88 21 emedan
708 487 40 20 den
772 486 123 27 ifrägasatta
917 486 102 27 ätgärden

195 515 69 21 skulle
279 515 100 20 störande
395 515 82 26 ingripa
492 515 7 20 i
514 516 76 25 mänga
605 521 28 15 nu
649 515 98 26 gäilande
768 515 78 21 sociala
866 515 38 21 och
927 515 94 21 kommu-

196 543 49 22 nala
260 543 153 26 förhällanden,
429 545 54 19 samt
498 543 65 21 redan
580 543 60 21 deraf
654 543 61 21 torde
738 543 95 22 befinnas
856 543 80 21 mindre
958 543 63 20 ända-

195 571 118 26 mälsenlig,
329 573 32 19 att
376 571 46 21 icke
437 571 66 21 sällan
520 578 24 14 en
561 571 39 21 och
616 578 79 14 samma
711 578 77 20 person
804 571 49 21 flere
869 572 78 26 gånger
964 571 56 20 inom

195 599 41 21 fem
253 600 25 20 är
291 599 71 27 flyttar
377 600 46 20 frän
439 606 25 14 en
480 600 122 26 församling
617 600 31 20 till
663 606 26 14 en
705 606 76 20 annan,
798 600 27 21 dä
840 600 40 21 den
895 606 28 14 nu
943 599 78 21 äskade

197 627 157 27 författningen,
381 628 34 21 vid
430 628 72 26 frägor
522 634 33 14 om
575 628 185 26 fattigunderstöd,
782 628 153 26 otvifvelaktigt
954 627 67 21 skulle

197 656 109 21 föranleda
329 656 48 20 vida
399 657 85 20 svärare
508 656 153 26 förvecklingar
686 657 39 21 och
752 656 74 21 tvister
850 656 171 25 församlingarna

198 684 97 26 emellan,
318 686 26 19 än
368 685 67 20 under
456 685 121 21 nuvarande
600 684 146 22 förhållanden
772 685 102 26 någonsin
895 685 41 20 kan
959 684 63 21 blifva

197 712 80 21 fallet."

269 769 43 26 3:0)
342 769 91 26 ,Genom
449 769 77 20 härhos
550 769 127 26 återgående
699 769 183 26 remissprotokoll
905 769 22 20 af
947 769 40 20 den
1010 769 12 20 6

200 797 101 21 sistvikne
317 803 56 15 mars
389 797 38 21 har
442 797 130 27 högvördiga
587 798 85 21 ståndet
687 797 7 21 i
710 797 99 22 afseende
824 798 13 20 å
854 797 121 26 beredning,
991 796 32 21 till

201 827 47 20 dess
264 825 95 22 enskilda
375 826 169 21 besvärsutskott
558 826 139 21 öfverlemnat
709 828 31 19 ett
752 826 181 27 petitionsförslag
943 825 22 21 af
975 825 48 26 kyr-

200 854 109 21 koherden
324 854 101 21 Bäckvall
440 861 33 14 om
490 855 94 26 Nyslotts
600 857 54 18 samt
669 855 100 26 möjligen
785 855 90 20 Heinola
897 854 64 26 högre
983 853 40 21 ele-

200 883 161 26 mentarskolas,
377 883 107 20 äfvensom
500 889 40 14 ena
554 883 145 26 afdelningens
715 883 23 21 af
750 883 67 26 högre
835 881 189 23 elementarskolan

200 911 8 21 i
245 911 28 20 Åbo
286 910 65 27 jemte
368 911 122 21 densamma
504 911 149 21 motsvarande
670 911 236 27 parallelafdelningens
925 911 7 20 i
952 911 72 20 derva-

201 939 66 22 rande
282 939 139 26 gymnasium,
436 939 142 22 förändrande
593 940 33 21 till
641 942 47 19 rent
702 940 70 21 finska
787 939 104 22 läroverk.

271 996 137 21 Beträffande
423 997 95 26 Nyslotts
533 997 66 26 skola,
615 997 39 20 har
669 997 160 26 önskeligheten
848 997 22 20 af
887 997 39 20 den
947 995 78 21 äskade

202 1025 150 26 förändringen
365 1025 70 20 blifvit
449 1025 23 21 af
484 1025 142 26 petitionären
642 1026 48 20 med
705 1025 78 26 många
800 1025 80 26 vigtiga
897 1024 46 21 skäl
965 1023 61 21 moti-

202 1054 72 20 verad.
305 1053 49 21 Men
371 1053 87 21 emedan
474 1054 105 20 utskottet
594 1054 39 20 har
648 1054 32 26 sig
695 1053 86 25 bekant,
793 1055 31 19 att
837 1053 46 21 från
896 1052 131 21 hedervärda

202 1082 157 20 bondeståndet
375 1087 26 15 en
416 1082 124 26 inbjudning
555 1082 33 20 till
603 1082 139 21 medstånden
758 1083 60 19 snart
840 1082 61 20 torde
923 1086 50 15 vara
995 1082 32 18 att

203 1109 99 22 förvänta
317 1109 130 22 beträffande
463 1116 25 15 en
504 1110 91 21 likartad
611 1110 90 26 petition
716 1110 7 21 i
739 1116 59 15 mera
818 1109 129 21 omfattande
967 1108 60 26 syfte,

203 1138 40 21 har
257 1138 112 25 utskottet,
385 1138 34 21 till
433 1139 134 20 undvikande
584 1138 22 21 af
620 1138 104 26 kollision,
741 1140 54 19 trott
808 1138 32 26 sig
851 1138 52 21 böra
915 1137 112 26 tillstyrka,

204 1169 32 18 att
251 1166 149 27 kyrkoherden
415 1166 111 21 Bäckvalls
536 1167 187 26 petitionsförslag,
735 1167 70 20 såvidt
816 1167 35 20 det
861 1168 59 19 rörer
932 1165 96 26 Nyslotts

204 1195 67 24 skola,
287 1195 18 26 ej
322 1195 66 20 måtte
403 1195 23 20 af
439 1195 129 27 högvördiga
583 1195 158 26 prestaståndet
756 1195 33 21 till
811 1195 81 26 slutligt
915 1193 113 27 afgörande

204 1223 107 27 företagas
326 1223 72 21 förrän
414 1223 138 22 omförmälda
567 1224 125 26 inbjudning
711 1223 47 21 från
777 1223 156 21 bondeståndet
955 1222 74 20 hunnit

204 1252 55 26 ingå.
288 1252 73 21 Skulle
376 1251 150 27 inbjudningen
542 1254 94 25 antagas,
652 1253 62 20 torde
729 1252 131 26 högvördiga
874 1251 85 21 ståndet
973 1249 57 22 finna

205 1280 128 26 lämpligast,
349 1281 32 20 att
399 1280 148 26 kyrkoherden
568 1281 112 20 Bäckvalls
702 1280 98 27 petition,
817 1280 6 21 i
839 1280 54 21 hvad
913 1279 39 21 den
971 1280 59 19 rörer

205 1309 97 26 Nyslotts
317 1308 66 26 skola,
400 1309 119 20 remitteras
534 1309 32 20 till
582 1309 107 21 allmänna
700 1309 193 20 besvärsutskottet
903 1307 69 22 tillika
983 1307 47 20 med

206 1337 166 20 bondeståndets
387 1337 96 26 petition,
499 1337 33 21 för
548 1337 35 21 det
603 1337 98 21 afseende
722 1337 140 26 nyssberörde
884 1336 83 21 utskott
988 1335 43 21 kan

205 1365 58 21 finna
279 1365 122 21 densamma
416 1365 96 27 förtjena.
543 1366 73 21 Skulle
632 1366 45 21 åter
687 1365 152 27 inbjudningen
850 1365 82 26 afböjas
943 1363 22 21 af
974 1364 55 20 med-

206 1394 97 24 stånden,
319 1399 61 15 anser
393 1393 105 22 utskottet
513 1394 46 21 skäl
574 1394 114 21 förefinnas
703 1394 33 21 för
757 1393 157 27 prestaståndet
937 1394 37 23 att,
997 1391 35 21 be-

206 1421 105 22 träffande
327 1422 65 26 högre
409 1422 201 21 elementarskolans
626 1423 6 20 i
648 1422 86 26 Nyslott
744 1422 124 26 förändring
880 1421 31 21 till
921 1422 47 19 rent
979 1420 53 21 finsk

207 1450 66 26 skola,
288 1450 73 21 såvida
376 1450 39 21 och
431 1451 6 19 i
453 1451 39 20 den
508 1451 49 20 mån
573 1452 37 20 der
626 1450 104 22 anställde
745 1450 70 21 lärare
830 1452 37 18 äro
887 1449 94 25 mäktige
1001 1450 32 18 att

206 1479 28 26 på
249 1479 64 26 sagde
329 1478 64 27 språk
409 1479 96 21 meddela
519 1479 158 26 undervisning,
693 1479 33 21 till
746 1478 61 22 Hans
828 1478 117 26 Kejserliga
968 1476 65 27 Maje-

207 1509 43 19 stät
265 1507 64 21 aflåta
344 1514 26 14 en
385 1508 132 26 underdånig
532 1508 96 26 petition,
645 1508 62 20 stödd
723 1507 28 27 på
767 1507 39 21 den
822 1506 126 26 motivering
958 1505 75 27 kyrko-
