1103 1803
241 136 56 22 1238
446 142 166 18 Presteständet.
638 143 54 17 1867.
717 144 23 16 31
753 143 47 21 Maj.

293 340 171 27 Stormäktigste,
480 340 163 27 Allernädigste
658 340 95 27 Kejsare
769 341 39 20 och
824 340 134 28 Storfurste!

281 402 70 21 Bland
366 402 37 21 det
417 404 59 19 stora
491 402 57 21 antal
566 402 164 27 önskningsmäl,
753 403 72 21 hvilka
848 403 43 21 dels
914 403 46 22 frän
985 403 53 22 kon-

211 431 150 25 traktsmöten,
377 431 71 21 hällna
463 431 49 21 med
526 431 153 26 prosteriernas
695 431 142 27 presterskap,
854 431 43 22 dels
913 432 22 21 af
943 431 95 22 enskilda

211 459 214 22 ständsmedlemmar
440 459 68 21 blifvit
522 459 32 21 till
570 459 36 22 det
621 459 48 22 med
684 461 60 20 snart
756 459 168 27 tilländagäende
937 460 101 27 landtdag

211 487 129 22 församlade
362 488 156 26 prestaständet
542 487 162 27 öfverlemnade,
727 488 39 21 har
789 489 157 26 prestaständet
967 491 71 19 ansett

211 516 67 27 nägra
293 522 51 15 vara
359 516 22 21 af
395 516 40 21 den
450 516 178 27 genomgripande
644 517 43 26 vigt
698 517 40 20 och
749 517 115 26 betydelse,
876 519 31 19 att
920 518 117 21 desammas

211 551 64 15 snara
296 544 177 27 förverkligande,
499 545 87 21 oaktadt
610 545 40 21 den
675 545 111 21 kännbara
811 545 119 27 minskning
954 545 83 22 landets

211 572 110 22 materiela
343 572 113 27 tillgängar
478 579 75 20 genom
575 573 104 21 särskilda
705 573 163 27 missgynnande
892 573 145 22 förhällanden

210 601 53 25 lidit,
281 600 22 22 af
317 602 30 20 ett
363 601 104 27 oafvisligt
482 601 65 21 behof
560 601 101 27 påkallas.
691 602 69 21 Dessa
780 602 164 27 önskningsmäl,
966 601 71 22 hvilka

211 630 92 24 ståndet,
319 630 48 20 med
383 629 98 22 afseende
496 630 13 21 ä
525 630 39 20 den
580 629 22 22 af
616 630 143 27 nyssnämnda
775 630 63 21 orsak
853 630 111 27 betingade
985 630 50 21 nöd-

211 658 142 26 vändigheten
369 660 32 19 att
415 658 6 20 i
437 658 117 27 möjligaste
570 659 66 20 mätto
649 658 93 22 undvika
753 658 138 22 statsverkets
903 658 134 27 betungande

211 686 49 22 med
276 692 40 21 nya
331 686 92 26 utgifter,
440 688 42 20 sett
496 686 31 27 sig
542 688 87 25 tvunget
644 688 33 20 att
691 686 117 22 inskränka
828 686 33 22 till
882 688 31 20 ett
935 687 58 21 antal
1016 687 22 21 af

212 715 75 21 endast
303 717 38 24 tre,
358 714 88 22 utbeder
460 715 32 26 sig
506 715 85 21 ständet
607 717 37 24 att,
661 715 66 26 enligt
743 716 47 21 dess
812 715 52 27 pligt
883 715 38 21 och
937 716 6 19 i
959 716 76 26 grund-

211 742 88 27 lagarna
315 742 105 27 medgifna
434 743 107 26 rättighet,
556 743 7 20 i
580 743 96 26 djupaste
691 743 170 27 underdänighet
881 743 21 22 få
917 743 32 21 till
968 744 67 21 Eders

211 771 119 26 Kejserliga
345 771 110 27 Majestäts
471 771 76 27 nädiga
562 771 138 27 behjertande
717 771 134 22 öfverlemna.

281 965 96 21 Emedan
399 965 93 22 sökande
514 965 32 21 till
568 965 191 26 klockaretjenster
774 965 7 21 i
796 965 98 26 Finland,
913 966 7 20 i
935 965 53 22 brist
1010 967 27 26 pä

211 993 64 26 nödig
297 993 149 26 undervisning
468 994 30 21 uti
521 993 71 22 härtill
616 994 81 26 egnade
720 993 158 26 läroanstalter,
901 993 98 22 hitintills
1018 995 17 25 ej

210 1021 82 22 kunnat
307 1021 66 22 förete
389 1021 132 28 tillförlitliga
536 1022 38 21 och
591 1021 53 22 efter
659 1022 111 21 enahanda
786 1023 68 26 grund
877 1022 76 27 afgifna
973 1022 64 27 betyg

211 1050 58 20 öfver
283 1050 154 21 innehafvande
452 1051 131 26 skicklighet,
607 1052 51 19 utan
679 1051 75 20 endast
778 1051 88 21 alldeles
889 1051 148 26 otillförlitliga

210 1078 59 26 intyg
285 1078 22 21 af
321 1080 26 19 än
363 1078 40 21 den
419 1084 43 20 ene,
484 1080 27 19 än
534 1079 40 20 den
597 1078 65 21 andre
685 1078 45 21 ofta
752 1079 6 20 i
783 1079 112 20 teoretiskt
918 1079 119 21 hänseende

209 1106 130 27 fullkomligt
355 1106 97 21 obildade
467 1107 119 23 klockaren,
603 1107 39 20 hos
657 1107 86 21 hvilken
760 1107 26 21 de
802 1107 74 21 vistats
891 1107 32 21 för
942 1109 31 19 att
992 1107 45 21 lära

210 1135 32 26 sig
257 1135 126 27 kyrkosång,
400 1135 38 20 har
454 1135 136 21 klockarenes
606 1135 113 21 befordran
742 1136 48 21 icke
813 1136 80 21 kunnat
915 1135 38 22 ske
968 1136 5 20 i
989 1135 48 21 fullt

210 1163 111 26 rättsenlig
337 1163 94 26 ordning.
462 1163 39 21 Vid
516 1163 116 27 förslagens
656 1164 143 26 upprättande
822 1164 39 21 har
884 1164 110 27 nemligen,
1016 1164 23 21 af

209 1191 142 27 nyssnämnda
367 1191 118 27 anledning,
507 1192 87 21 rättvisa
614 1193 54 20 varit
683 1193 7 20 i
707 1193 25 20 de
755 1192 61 21 flesta
839 1192 37 21 fall
899 1193 84 26 omöjlig
1005 1194 32 19 att

209 1220 66 27 skipa.
301 1219 120 22 Resultatet
436 1220 61 21 häraf
511 1220 38 21 har
564 1221 17 26 ej
599 1221 80 20 kunnat
695 1220 65 22 blifva
776 1222 72 24 annat,
865 1223 26 19 än
907 1222 32 20 att
954 1221 82 21 landets

209 1247 201 28 klockarepersona]
426 1249 46 20 med
487 1251 77 24 ytterst
578 1249 21 20 få
615 1249 107 26 undantag
738 1249 88 21 alldeles
850 1249 45 21 icke
919 1251 117 19 motsvarar

209 1276 32 21 sin
257 1277 78 26 vigtiga
351 1276 156 22 bestämmelse:
524 1277 40 21 den
580 1277 33 21 för
628 1277 118 22 andaktens
763 1277 93 26 höjande
872 1277 38 22 och
929 1278 35 20 det
985 1278 51 21 reli-

209 1305 58 25 giösa
283 1305 69 20 lifvets
375 1305 141 26 befrämjande
540 1306 22 20 sä
586 1305 132 27 oumbärliga
740 1306 159 27 kyrkosängens
922 1306 115 27 tillbörliga

208 1333 86 26 ledning
309 1333 40 21 och
365 1333 154 27 upphjelpande
534 1334 7 20 i
556 1333 182 27 församlingarna.

278 1389 101 22 Direktor
395 1390 23 21 R.
438 1390 57 26 Lagi,
519 1390 94 26 organist
633 1391 34 20 vid
689 1391 169 27 Nikolaikyrkan
875 1391 6 20 i
896 1391 139 26 Helsingfors,

208 1417 39 22 har
261 1417 32 22 uti
309 1419 30 20 ett
355 1418 125 21 motiveradt
496 1419 115 25 utlätande,
627 1425 45 15 som
691 1419 67 21 finnes
784 1419 91 27 aftryckt
898 1419 31 21 uti
951 1420 84 26 Kuopio

208 1446 233 26 stiftsmötesprotokoll
464 1446 21 21 af
505 1447 24 20 år
553 1448 55 20 1864
623 1453 61 20 pagg.
705 1448 120 24 174—180,
851 1448 47 20 med
921 1450 56 19 rätta
1000 1454 35 15 an-

208 1475 81 21 märkt:
306 1476 33 19 att
354 1475 6 20 i
376 1474 89 21 Finland
480 1475 159 27 kyrkosängens
661 1476 211 21 otillfredsställande
891 1476 145 22 beskaffenhet

208 1504 24 19 är
247 1504 31 20 ett
293 1502 185 26 beklagansvärdt,
494 1510 48 14 men
562 1504 156 26 ovädersägligt
740 1504 92 25 faktum;
856 1506 32 19 att
910 1510 62 16 snara
997 1505 39 21 och

207 1530 92 27 kraftiga
314 1531 100 26 åtgärder
429 1531 65 21 borde
510 1531 96 27 vidtagas
622 1532 32 20 för
670 1534 31 19 att
725 1532 111 22 återställa
859 1533 122 21 densamma
1003 1533 32 21 till
