<?xml version="1.0" encoding="UTF-8"?>
<alto xmlns="http://www.loc.gov/standards/alto/ns-v3#" xmlns:xlink="http://www.w3.org/1999/xlink" xmlns:xsi="http://www.w3.org/2001/XMLSchema-instance" xsi:schemaLocation="http://www.loc.gov/standards/alto/ns-v3# http://www.loc.gov/alto/v3/alto-3-0.xsd">
	<Description>
		<MeasurementUnit>pixel</MeasurementUnit>
		<sourceImageInformation>
			<fileName>/tmp/tess_zyfhkez5_input.PNG</fileName>
		</sourceImageInformation>
		<OCRProcessing ID="OCR_0">
			<ocrProcessingStep>
				<processingSoftware>
					<softwareName>tesseract 5.3.4</softwareName>
				</processingSoftware>
			</ocrProcessingStep>
		</OCRProcessing>
	</Description>
	<Layout>
		<Page WIDTH="1103" HEIGHT="1803" PHYSICAL_IMG_NR="0" ID="page_0">
			<PrintSpace HPOS="0" VPOS="0" WIDTH="1103" HEIGHT="1803">
				<ComposedBlock ID="cblock_0" HPOS="234" VPOS="158" WIDTH="572" HEIGHT="27">
					<TextBlock ID="block_0" HPOS="234" VPOS="158" WIDTH="572" HEIGHT="27">
						<TextLine ID="line_0" HPOS="234" VPOS="158" WIDTH="572" HEIGHT="27">
							<String ID="string_0" HPOS="234" VPOS="158" WIDTH="42" HEIGHT="20" WC="0.96" CONTENT="938"/><SP WIDTH="175" VPOS="158" HPOS="276"/>
							<String ID="string_1" HPOS="451" VPOS="162" WIDTH="167" HEIGHT="18" WC="0.91" CONTENT="Presteståndet."/><SP WIDTH="24" VPOS="162" HPOS="618"/>
							<String ID="string_2" HPOS="642" VPOS="164" WIDTH="56" HEIGHT="16" WC="0.89" CONTENT="1867."/><SP WIDTH="26" VPOS="164" HPOS="698"/>
							<String ID="string_3" HPOS="724" VPOS="164" WIDTH="22" HEIGHT="16" WC="0.96" CONTENT="13"/><SP WIDTH="12" VPOS="164" HPOS="746"/>
							<String ID="string_4" HPOS="758" VPOS="164" WIDTH="48" HEIGHT="21" WC="0.96" CONTENT="Maj."/>
						</TextLine>
					</TextBlock>
				</ComposedBlock>
				<GraphicalElement ID="cblock_1" HPOS="204" VPOS="202" WIDTH="828" HEIGHT="6"></GraphicalElement >
				<ComposedBlock ID="cblock_2" HPOS="205" VPOS="247" WIDTH="827" HEIGHT="55">
					<TextBlock ID="block_1" HPOS="205" VPOS="247" WIDTH="827" HEIGHT="55">
						<TextLine ID="line_1" HPOS="274" VPOS="247" WIDTH="758" HEIGHT="29">
							<String ID="string_5" HPOS="274" VPOS="248" WIDTH="41" HEIGHT="21" WC="0.96" CONTENT="Till"/><SP WIDTH="20" VPOS="248" HPOS="315"/>
							<String ID="string_6" HPOS="335" VPOS="248" WIDTH="106" HEIGHT="26" WC="0.93" CONTENT="justering"/><SP WIDTH="21" VPOS="248" HPOS="441"/>
							<String ID="string_7" HPOS="462" VPOS="247" WIDTH="109" HEIGHT="27" WC="0.91" CONTENT="upplästes"/><SP WIDTH="22" VPOS="247" HPOS="571"/>
							<String ID="string_8" HPOS="593" VPOS="248" WIDTH="48" HEIGHT="26" WC="0.96" CONTENT="fyra"/><SP WIDTH="21" VPOS="248" HPOS="641"/>
							<String ID="string_9" HPOS="662" VPOS="248" WIDTH="106" HEIGHT="21" WC="0.93" CONTENT="särskilda"/><SP WIDTH="21" VPOS="248" HPOS="768"/>
							<String ID="string_10" HPOS="789" VPOS="248" WIDTH="196" HEIGHT="28" WC="0.89" CONTENT="protokollsutdrag"/><SP WIDTH="14" VPOS="248" HPOS="985"/>
							<String ID="string_11" HPOS="999" VPOS="249" WIDTH="33" HEIGHT="22" WC="0.96" CONTENT="för"/>
						</TextLine>
						<TextLine ID="line_2" HPOS="205" VPOS="276" WIDTH="309" HEIGHT="26">
							<String ID="string_12" HPOS="205" VPOS="277" WIDTH="41" HEIGHT="21" WC="0.96" CONTENT="den"/><SP WIDTH="17" VPOS="277" HPOS="246"/>
							<String ID="string_13" HPOS="263" VPOS="277" WIDTH="26" HEIGHT="20" WC="0.96" CONTENT="11"/><SP WIDTH="16" VPOS="277" HPOS="289"/>
							<String ID="string_14" HPOS="305" VPOS="276" WIDTH="143" HEIGHT="21" WC="0.96" CONTENT="innevarande"/><SP WIDTH="16" VPOS="276" HPOS="448"/>
							<String ID="string_15" HPOS="464" VPOS="276" WIDTH="50" HEIGHT="26" WC="0.91" CONTENT="Maj."/>
						</TextLine>
					</TextBlock>
				</ComposedBlock>
				<ComposedBlock ID="cblock_3" HPOS="204" VPOS="423" WIDTH="827" HEIGHT="85">
					<TextBlock ID="block_2" HPOS="204" VPOS="423" WIDTH="827" HEIGHT="85">
						<TextLine ID="line_3" HPOS="273" VPOS="423" WIDTH="758" HEIGHT="27">
							<String ID="string_16" HPOS="273" VPOS="423" WIDTH="79" HEIGHT="22" WC="0.96" CONTENT="Vidare"/><SP WIDTH="21" VPOS="423" HPOS="352"/>
							<String ID="string_17" HPOS="373" VPOS="423" WIDTH="121" HEIGHT="27" WC="0.96" CONTENT="justerades"/><SP WIDTH="21" VPOS="423" HPOS="494"/>
							<String ID="string_18" HPOS="515" VPOS="423" WIDTH="137" HEIGHT="27" WC="0.96" CONTENT="protokollen"/><SP WIDTH="21" VPOS="423" HPOS="652"/>
							<String ID="string_19" HPOS="673" VPOS="423" WIDTH="34" HEIGHT="22" WC="0.96" CONTENT="för"/><SP WIDTH="23" VPOS="423" HPOS="707"/>
							<String ID="string_20" HPOS="730" VPOS="423" WIDTH="40" HEIGHT="22" WC="0.96" CONTENT="den"/><SP WIDTH="23" VPOS="423" HPOS="770"/>
							<String ID="string_21" HPOS="793" VPOS="424" WIDTH="13" HEIGHT="21" WC="0.96" CONTENT="5"/><SP WIDTH="20" VPOS="424" HPOS="806"/>
							<String ID="string_22" HPOS="826" VPOS="424" WIDTH="40" HEIGHT="21" WC="0.96" CONTENT="och"/><SP WIDTH="23" VPOS="424" HPOS="866"/>
							<String ID="string_23" HPOS="889" VPOS="425" WIDTH="12" HEIGHT="20" WC="0.88" CONTENT="6"/><SP WIDTH="19" VPOS="425" HPOS="901"/>
							<String ID="string_24" HPOS="920" VPOS="424" WIDTH="111" HEIGHT="22" WC="0.88" CONTENT="nästvikne"/>
						</TextLine>
						<TextLine ID="line_4" HPOS="204" VPOS="452" WIDTH="827" HEIGHT="27">
							<String ID="string_25" HPOS="204" VPOS="452" WIDTH="61" HEIGHT="27" WC="0.96" CONTENT="April"/><SP WIDTH="22" VPOS="452" HPOS="265"/>
							<String ID="string_26" HPOS="287" VPOS="453" WIDTH="56" HEIGHT="20" WC="0.96" CONTENT="samt"/><SP WIDTH="23" VPOS="453" HPOS="343"/>
							<String ID="string_27" HPOS="366" VPOS="452" WIDTH="40" HEIGHT="21" WC="0.96" CONTENT="den"/><SP WIDTH="18" VPOS="452" HPOS="406"/>
							<String ID="string_28" HPOS="424" VPOS="453" WIDTH="13" HEIGHT="20" WC="0.96" CONTENT="2"/><SP WIDTH="19" VPOS="453" HPOS="437"/>
							<String ID="string_29" HPOS="456" VPOS="452" WIDTH="85" HEIGHT="26" WC="0.95" CONTENT="dennes,"/><SP WIDTH="23" VPOS="452" HPOS="541"/>
							<String ID="string_30" HPOS="564" VPOS="452" WIDTH="48" HEIGHT="21" WC="0.96" CONTENT="med"/><SP WIDTH="21" VPOS="452" HPOS="612"/>
							<String ID="string_31" HPOS="633" VPOS="452" WIDTH="109" HEIGHT="27" WC="0.96" CONTENT="undantag"/><SP WIDTH="22" VPOS="452" HPOS="742"/>
							<String ID="string_32" HPOS="764" VPOS="452" WIDTH="23" HEIGHT="21" WC="0.96" CONTENT="af"/><SP WIDTH="17" VPOS="452" HPOS="787"/>
							<String ID="string_33" HPOS="804" VPOS="453" WIDTH="178" HEIGHT="26" WC="0.96" CONTENT="diskussionerna,"/><SP WIDTH="16" VPOS="453" HPOS="982"/>
							<String ID="string_34" HPOS="998" VPOS="453" WIDTH="33" HEIGHT="21" WC="0.96" CONTENT="för"/>
						</TextLine>
						<TextLine ID="line_5" HPOS="204" VPOS="480" WIDTH="700" HEIGHT="28">
							<String ID="string_35" HPOS="204" VPOS="480" WIDTH="84" HEIGHT="21" WC="0.96" CONTENT="hvilkas"/><SP WIDTH="15" VPOS="480" HPOS="288"/>
							<String ID="string_36" HPOS="303" VPOS="481" WIDTH="130" HEIGHT="26" WC="0.96" CONTENT="granskning"/><SP WIDTH="15" VPOS="481" HPOS="433"/>
							<String ID="string_37" HPOS="448" VPOS="480" WIDTH="134" HEIGHT="27" WC="0.91" CONTENT="protokollen"/><SP WIDTH="16" VPOS="480" HPOS="582"/>
							<String ID="string_38" HPOS="598" VPOS="480" WIDTH="114" HEIGHT="22" WC="0.91" CONTENT="bordlades"/><SP WIDTH="15" VPOS="480" HPOS="712"/>
							<String ID="string_39" HPOS="727" VPOS="481" WIDTH="29" HEIGHT="26" WC="0.97" CONTENT="på"/><SP WIDTH="15" VPOS="481" HPOS="756"/>
							<String ID="string_40" HPOS="771" VPOS="481" WIDTH="46" HEIGHT="21" WC="0.96" CONTENT="åtta"/><SP WIDTH="15" VPOS="481" HPOS="817"/>
							<String ID="string_41" HPOS="832" VPOS="481" WIDTH="72" HEIGHT="27" WC="0.96" CONTENT="dagar."/>
						</TextLine>
					</TextBlock>
				</ComposedBlock>
				<ComposedBlock ID="cblock_4" HPOS="203" VPOS="638" WIDTH="827" HEIGHT="142">
					<TextBlock ID="block_3" HPOS="203" VPOS="638" WIDTH="827" HEIGHT="142">
						<TextLine ID="line_6" HPOS="273" VPOS="638" WIDTH="756" HEIGHT="29">
							<String ID="string_42" HPOS="273" VPOS="638" WIDTH="84" HEIGHT="22" WC="0.96" CONTENT="Ankom"/><SP WIDTH="24" VPOS="638" HPOS="357"/>
							<String ID="string_43" HPOS="381" VPOS="639" WIDTH="39" HEIGHT="21" WC="0.93" CONTENT="och"/><SP WIDTH="22" VPOS="639" HPOS="420"/>
							<String ID="string_44" HPOS="442" VPOS="640" WIDTH="106" HEIGHT="26" WC="0.92" CONTENT="emottogs"/><SP WIDTH="22" VPOS="640" HPOS="548"/>
							<String ID="string_45" HPOS="570" VPOS="644" WIDTH="26" HEIGHT="16" WC="0.93" CONTENT="en"/><SP WIDTH="22" VPOS="644" HPOS="596"/>
							<String ID="string_46" HPOS="618" VPOS="638" WIDTH="125" HEIGHT="26" WC="0.92" CONTENT="deputation"/><SP WIDTH="15" VPOS="638" HPOS="743"/>
							<String ID="string_47" HPOS="758" VPOS="640" WIDTH="48" HEIGHT="21" WC="0.93" CONTENT="från"/><SP WIDTH="15" VPOS="640" HPOS="806"/>
							<String ID="string_48" HPOS="821" VPOS="640" WIDTH="114" HEIGHT="27" WC="0.92" CONTENT="höglofliga"/><SP WIDTH="15" VPOS="640" HPOS="935"/>
							<String ID="string_49" HPOS="950" VPOS="640" WIDTH="79" HEIGHT="21" WC="0.92" CONTENT="ridder-"/>
						</TextLine>
						<TextLine ID="line_7" HPOS="204" VPOS="666" WIDTH="825" HEIGHT="29">
							<String ID="string_50" HPOS="204" VPOS="667" WIDTH="77" HEIGHT="26" WC="0.96" CONTENT="skapet"/><SP WIDTH="24" VPOS="667" HPOS="281"/>
							<String ID="string_51" HPOS="305" VPOS="667" WIDTH="38" HEIGHT="21" WC="0.96" CONTENT="och"/><SP WIDTH="21" VPOS="667" HPOS="343"/>
							<String ID="string_52" HPOS="364" VPOS="668" WIDTH="69" HEIGHT="24" WC="0.93" CONTENT="adeln,"/><SP WIDTH="15" VPOS="668" HPOS="433"/>
							<String ID="string_53" HPOS="448" VPOS="666" WIDTH="65" HEIGHT="22" WC="0.92" CONTENT="anföd"/><SP WIDTH="15" VPOS="666" HPOS="513"/>
							<String ID="string_54" HPOS="528" VPOS="668" WIDTH="22" HEIGHT="20" WC="0.96" CONTENT="af"/><SP WIDTH="13" VPOS="668" HPOS="550"/>
							<String ID="string_55" HPOS="563" VPOS="667" WIDTH="90" HEIGHT="21" WC="0.96" CONTENT="friherre"/><SP WIDTH="14" VPOS="667" HPOS="653"/>
							<String ID="string_56" HPOS="667" VPOS="668" WIDTH="67" HEIGHT="26" WC="0.96" CONTENT="Boije,"/><SP WIDTH="16" VPOS="668" HPOS="734"/>
							<String ID="string_57" HPOS="750" VPOS="674" WIDTH="46" HEIGHT="15" WC="0.96" CONTENT="som"/><SP WIDTH="15" VPOS="674" HPOS="796"/>
							<String ID="string_58" HPOS="811" VPOS="668" WIDTH="73" HEIGHT="27" WC="0.93" CONTENT="inbjöd"/><SP WIDTH="15" VPOS="668" HPOS="884"/>
							<String ID="string_59" HPOS="899" VPOS="668" WIDTH="130" HEIGHT="27" WC="0.92" CONTENT="prestastån-"/>
						</TextLine>
						<TextLine ID="line_8" HPOS="204" VPOS="695" WIDTH="825" HEIGHT="28">
							<String ID="string_60" HPOS="204" VPOS="696" WIDTH="37" HEIGHT="20" WC="0.96" CONTENT="det"/><SP WIDTH="21" VPOS="696" HPOS="241"/>
							<String ID="string_61" HPOS="262" VPOS="697" WIDTH="35" HEIGHT="19" WC="0.96" CONTENT="att"/><SP WIDTH="22" VPOS="697" HPOS="297"/>
							<String ID="string_62" HPOS="319" VPOS="696" WIDTH="85" HEIGHT="26" WC="0.96" CONTENT="deltaga"/><SP WIDTH="18" VPOS="696" HPOS="404"/>
							<String ID="string_63" HPOS="422" VPOS="696" WIDTH="7" HEIGHT="20" WC="0.96" CONTENT="i"/><SP WIDTH="15" VPOS="696" HPOS="429"/>
							<String ID="string_64" HPOS="444" VPOS="702" WIDTH="26" HEIGHT="15" WC="0.93" CONTENT="en"/><SP WIDTH="15" VPOS="702" HPOS="470"/>
							<String ID="string_65" HPOS="485" VPOS="695" WIDTH="133" HEIGHT="27" WC="0.92" CONTENT="underdånig"/><SP WIDTH="14" VPOS="695" HPOS="618"/>
							<String ID="string_66" HPOS="632" VPOS="696" WIDTH="91" HEIGHT="26" WC="0.96" CONTENT="petition"/><SP WIDTH="16" VPOS="696" HPOS="723"/>
							<String ID="string_67" HPOS="739" VPOS="703" WIDTH="35" HEIGHT="14" WC="0.96" CONTENT="om"/><SP WIDTH="15" VPOS="703" HPOS="774"/>
							<String ID="string_68" HPOS="789" VPOS="697" WIDTH="126" HEIGHT="26" WC="0.96" CONTENT="indragning"/><SP WIDTH="15" VPOS="697" HPOS="915"/>
							<String ID="string_69" HPOS="930" VPOS="697" WIDTH="23" HEIGHT="21" WC="0.92" CONTENT="af"/><SP WIDTH="13" VPOS="697" HPOS="953"/>
							<String ID="string_70" HPOS="966" VPOS="697" WIDTH="63" HEIGHT="21" WC="0.91" CONTENT="Evois"/>
						</TextLine>
						<TextLine ID="line_9" HPOS="203" VPOS="723" WIDTH="827" HEIGHT="28">
							<String ID="string_71" HPOS="203" VPOS="723" WIDTH="141" HEIGHT="21" WC="0.91" CONTENT="forstinstitut"/><SP WIDTH="22" VPOS="723" HPOS="344"/>
							<String ID="string_72" HPOS="366" VPOS="726" WIDTH="55" HEIGHT="19" WC="0.93" CONTENT="samt"/><SP WIDTH="15" VPOS="726" HPOS="421"/>
							<String ID="string_73" HPOS="436" VPOS="723" WIDTH="271" HEIGHT="22" WC="0.89" CONTENT="manufakturdirektionen"/><SP WIDTH="16" VPOS="723" HPOS="707"/>
							<String ID="string_74" HPOS="723" VPOS="724" WIDTH="109" HEIGHT="22" WC="0.95" CONTENT="äfvensom"/><SP WIDTH="16" VPOS="724" HPOS="832"/>
							<String ID="string_75" HPOS="848" VPOS="731" WIDTH="33" HEIGHT="15" WC="0.96" CONTENT="om"/><SP WIDTH="15" VPOS="731" HPOS="881"/>
							<String ID="string_76" HPOS="896" VPOS="725" WIDTH="134" HEIGHT="26" WC="0.95" CONTENT="Helsingfors"/>
						</TextLine>
						<TextLine ID="line_10" HPOS="203" VPOS="751" WIDTH="787" HEIGHT="29">
							<String ID="string_77" HPOS="203" VPOS="751" WIDTH="100" HEIGHT="22" WC="0.93" CONTENT="tekniska"/><SP WIDTH="15" VPOS="751" HPOS="303"/>
							<String ID="string_78" HPOS="318" VPOS="752" WIDTH="117" HEIGHT="21" WC="0.91" CONTENT="realskolas"/><SP WIDTH="16" VPOS="752" HPOS="435"/>
							<String ID="string_79" HPOS="451" VPOS="752" WIDTH="180" HEIGHT="27" WC="0.96" CONTENT="omorganisation"/><SP WIDTH="16" VPOS="752" HPOS="631"/>
							<String ID="string_80" HPOS="647" VPOS="752" WIDTH="32" HEIGHT="22" WC="0.96" CONTENT="till"/><SP WIDTH="16" VPOS="752" HPOS="679"/>
							<String ID="string_81" HPOS="695" VPOS="754" WIDTH="31" HEIGHT="20" WC="0.93" CONTENT="ett"/><SP WIDTH="15" VPOS="754" HPOS="726"/>
							<String ID="string_82" HPOS="741" VPOS="753" WIDTH="144" HEIGHT="27" WC="0.91" CONTENT="polytekniskt"/><SP WIDTH="15" VPOS="753" HPOS="885"/>
							<String ID="string_83" HPOS="900" VPOS="753" WIDTH="90" HEIGHT="22" WC="0.96" CONTENT="institut."/>
						</TextLine>
					</TextBlock>
				</ComposedBlock>
				<ComposedBlock ID="cblock_5" HPOS="203" VPOS="814" WIDTH="826" HEIGHT="84">
					<TextBlock ID="block_4" HPOS="203" VPOS="814" WIDTH="826" HEIGHT="84">
						<TextLine ID="line_11" HPOS="273" VPOS="814" WIDTH="755" HEIGHT="28">
							<String ID="string_84" HPOS="273" VPOS="814" WIDTH="70" HEIGHT="22" WC="0.93" CONTENT="Sedan"/><SP WIDTH="19" VPOS="814" HPOS="343"/>
							<String ID="string_85" HPOS="362" VPOS="815" WIDTH="152" HEIGHT="26" WC="0.91" CONTENT="deputationen"/><SP WIDTH="14" VPOS="815" HPOS="514"/>
							<String ID="string_86" HPOS="528" VPOS="815" WIDTH="105" HEIGHT="26" WC="0.92" CONTENT="aflägsnat"/><SP WIDTH="15" VPOS="815" HPOS="633"/>
							<String ID="string_87" HPOS="648" VPOS="815" WIDTH="37" HEIGHT="27" WC="0.95" CONTENT="sig,"/><SP WIDTH="16" VPOS="815" HPOS="685"/>
							<String ID="string_88" HPOS="701" VPOS="815" WIDTH="82" HEIGHT="21" WC="0.96" CONTENT="beslöts"/><SP WIDTH="15" VPOS="815" HPOS="783"/>
							<String ID="string_89" HPOS="798" VPOS="817" WIDTH="32" HEIGHT="20" WC="0.93" CONTENT="att"/><SP WIDTH="14" VPOS="817" HPOS="830"/>
							<String ID="string_90" HPOS="844" VPOS="815" WIDTH="139" HEIGHT="22" WC="0.92" CONTENT="förenämnda"/><SP WIDTH="15" VPOS="815" HPOS="983"/>
							<String ID="string_91" HPOS="998" VPOS="815" WIDTH="30" HEIGHT="21" WC="0.92" CONTENT="in-"/>
						</TextLine>
						<TextLine ID="line_12" HPOS="203" VPOS="843" WIDTH="826" HEIGHT="27">
							<String ID="string_92" HPOS="203" VPOS="843" WIDTH="104" HEIGHT="26" WC="0.95" CONTENT="bjudning"/><SP WIDTH="22" VPOS="843" HPOS="307"/>
							<String ID="string_93" HPOS="329" VPOS="843" WIDTH="68" HEIGHT="21" WC="0.95" CONTENT="skulle"/><SP WIDTH="23" VPOS="843" HPOS="397"/>
							<String ID="string_94" HPOS="420" VPOS="845" WIDTH="61" HEIGHT="24" WC="0.96" CONTENT="tagas"/><SP WIDTH="21" VPOS="845" HPOS="481"/>
							<String ID="string_95" HPOS="502" VPOS="843" WIDTH="7" HEIGHT="21" WC="0.93" CONTENT="i"/><SP WIDTH="18" VPOS="843" HPOS="509"/>
							<String ID="string_96" HPOS="527" VPOS="843" WIDTH="155" HEIGHT="27" WC="0.90" CONTENT="öfvervägande"/><SP WIDTH="22" VPOS="843" HPOS="682"/>
							<String ID="string_97" HPOS="704" VPOS="843" WIDTH="25" HEIGHT="22" WC="0.96" CONTENT="så"/><SP WIDTH="22" VPOS="843" HPOS="729"/>
							<String ID="string_98" HPOS="751" VPOS="846" WIDTH="59" HEIGHT="19" WC="0.92" CONTENT="snart"/><SP WIDTH="22" VPOS="846" HPOS="810"/>
							<String ID="string_99" HPOS="832" VPOS="844" WIDTH="197" HEIGHT="26" WC="0.92" CONTENT="protokollsutdrag"/>
						</TextLine>
						<TextLine ID="line_13" HPOS="203" VPOS="871" WIDTH="460" HEIGHT="27">
							<String ID="string_100" HPOS="203" VPOS="871" WIDTH="47" HEIGHT="21" WC="0.96" CONTENT="från"/><SP WIDTH="17" VPOS="871" HPOS="250"/>
							<String ID="string_101" HPOS="267" VPOS="871" WIDTH="36" HEIGHT="22" WC="0.93" CONTENT="det"/><SP WIDTH="15" VPOS="871" HPOS="303"/>
							<String ID="string_102" HPOS="318" VPOS="871" WIDTH="113" HEIGHT="27" WC="0.92" CONTENT="höglofliga"/><SP WIDTH="15" VPOS="871" HPOS="431"/>
							<String ID="string_103" HPOS="446" VPOS="871" WIDTH="84" HEIGHT="22" WC="0.96" CONTENT="ståndet"/><SP WIDTH="14" VPOS="871" HPOS="530"/>
							<String ID="string_104" HPOS="544" VPOS="872" WIDTH="119" HEIGHT="21" WC="0.96" CONTENT="inkommit."/>
						</TextLine>
					</TextBlock>
				</ComposedBlock>
				<ComposedBlock ID="cblock_6" HPOS="203" VPOS="1030" WIDTH="824" HEIGHT="83">
					<TextBlock ID="block_5" HPOS="203" VPOS="1030" WIDTH="824" HEIGHT="83">
						<TextLine ID="line_14" HPOS="271" VPOS="1030" WIDTH="756" HEIGHT="28">
							<String ID="string_105" HPOS="271" VPOS="1030" WIDTH="120" HEIGHT="27" WC="0.96" CONTENT="Föredrogs"/><SP WIDTH="21" VPOS="1030" HPOS="391"/>
							<String ID="string_106" HPOS="412" VPOS="1031" WIDTH="106" HEIGHT="20" WC="0.92" CONTENT="allmänna"/><SP WIDTH="15" VPOS="1031" HPOS="518"/>
							<String ID="string_107" HPOS="533" VPOS="1031" WIDTH="205" HEIGHT="21" WC="0.92" CONTENT="besvärsutskottets"/><SP WIDTH="16" VPOS="1031" HPOS="738"/>
							<String ID="string_108" HPOS="754" VPOS="1031" WIDTH="80" HEIGHT="27" WC="0.96" CONTENT="förslag"/><SP WIDTH="15" VPOS="1031" HPOS="834"/>
							<String ID="string_109" HPOS="849" VPOS="1031" WIDTH="32" HEIGHT="21" WC="0.93" CONTENT="till"/><SP WIDTH="15" VPOS="1031" HPOS="881"/>
							<String ID="string_110" HPOS="896" VPOS="1031" WIDTH="131" HEIGHT="26" WC="0.91" CONTENT="underdånig"/>
						</TextLine>
						<TextLine ID="line_15" HPOS="203" VPOS="1059" WIDTH="824" HEIGHT="27">
							<String ID="string_111" HPOS="203" VPOS="1059" WIDTH="90" HEIGHT="24" WC="0.96" CONTENT="petition"/><SP WIDTH="16" VPOS="1059" HPOS="293"/>
							<String ID="string_112" HPOS="309" VPOS="1064" WIDTH="34" HEIGHT="15" WC="0.96" CONTENT="om"/><SP WIDTH="16" VPOS="1064" HPOS="343"/>
							<String ID="string_113" HPOS="359" VPOS="1059" WIDTH="126" HEIGHT="21" WC="0.95" CONTENT="utfärdande"/><SP WIDTH="18" VPOS="1059" HPOS="485"/>
							<String ID="string_114" HPOS="503" VPOS="1059" WIDTH="23" HEIGHT="21" WC="0.95" CONTENT="af"/><SP WIDTH="14" VPOS="1059" HPOS="526"/>
							<String ID="string_115" HPOS="540" VPOS="1066" WIDTH="25" HEIGHT="14" WC="0.96" CONTENT="en"/><SP WIDTH="16" VPOS="1066" HPOS="565"/>
							<String ID="string_116" HPOS="581" VPOS="1059" WIDTH="126" HEIGHT="26" WC="0.96" CONTENT="författning"/><SP WIDTH="15" VPOS="1059" HPOS="707"/>
							<String ID="string_117" HPOS="722" VPOS="1060" WIDTH="32" HEIGHT="20" WC="0.96" CONTENT="till"/><SP WIDTH="16" VPOS="1060" HPOS="754"/>
							<String ID="string_118" HPOS="770" VPOS="1060" WIDTH="123" HEIGHT="26" WC="0.96" CONTENT="skyddande"/><SP WIDTH="16" VPOS="1060" HPOS="893"/>
							<String ID="string_119" HPOS="909" VPOS="1059" WIDTH="22" HEIGHT="22" WC="0.96" CONTENT="af"/><SP WIDTH="14" VPOS="1059" HPOS="931"/>
							<String ID="string_120" HPOS="945" VPOS="1060" WIDTH="82" HEIGHT="20" WC="0.96" CONTENT="landets"/>
						</TextLine>
						<TextLine ID="line_16" HPOS="203" VPOS="1085" WIDTH="596" HEIGHT="28">
							<String ID="string_121" HPOS="203" VPOS="1085" WIDTH="94" HEIGHT="22" WC="0.96" CONTENT="forntida"/><SP WIDTH="16" VPOS="1085" HPOS="297"/>
							<String ID="string_122" HPOS="313" VPOS="1087" WIDTH="170" HEIGHT="21" WC="0.96" CONTENT="minnesmärken"/><SP WIDTH="15" VPOS="1087" HPOS="483"/>
							<String ID="string_123" HPOS="498" VPOS="1087" WIDTH="40" HEIGHT="21" WC="0.92" CONTENT="och"/><SP WIDTH="15" VPOS="1087" HPOS="538"/>
							<String ID="string_124" HPOS="553" VPOS="1087" WIDTH="246" HEIGHT="26" WC="0.91" CONTENT="ålderdomslemningar."/>
						</TextLine>
					</TextBlock>
				</ComposedBlock>
				<ComposedBlock ID="cblock_7" HPOS="201" VPOS="1148" WIDTH="826" HEIGHT="113">
					<TextBlock ID="block_6" HPOS="201" VPOS="1148" WIDTH="826" HEIGHT="113">
						<TextLine ID="line_17" HPOS="271" VPOS="1148" WIDTH="756" HEIGHT="23">
							<String ID="string_125" HPOS="271" VPOS="1148" WIDTH="57" HEIGHT="21" WC="0.93" CONTENT="Herr"/><SP WIDTH="22" VPOS="1148" HPOS="328"/>
							<String ID="string_126" HPOS="350" VPOS="1149" WIDTH="135" HEIGHT="21" WC="0.91" CONTENT="talemannen"/><SP WIDTH="19" VPOS="1149" HPOS="485"/>
							<String ID="string_127" HPOS="504" VPOS="1149" WIDTH="156" HEIGHT="22" WC="0.92" CONTENT="öfverlemnade"/><SP WIDTH="15" VPOS="1149" HPOS="660"/>
							<String ID="string_128" HPOS="675" VPOS="1150" WIDTH="32" HEIGHT="21" WC="0.96" CONTENT="till"/><SP WIDTH="16" VPOS="1150" HPOS="707"/>
							<String ID="string_129" HPOS="723" VPOS="1150" WIDTH="85" HEIGHT="21" WC="0.96" CONTENT="ståndet"/><SP WIDTH="16" VPOS="1150" HPOS="808"/>
							<String ID="string_130" HPOS="824" VPOS="1150" WIDTH="105" HEIGHT="21" WC="0.93" CONTENT="huruvida"/><SP WIDTH="14" VPOS="1150" HPOS="929"/>
							<String ID="string_131" HPOS="943" VPOS="1149" WIDTH="84" HEIGHT="22" WC="0.91" CONTENT="Nåden-"/>
						</TextLine>
						<TextLine ID="line_18" HPOS="203" VPOS="1176" WIDTH="824" HEIGHT="29">
							<String ID="string_132" HPOS="203" VPOS="1176" WIDTH="46" HEIGHT="21" WC="0.91" CONTENT="dals"/><SP WIDTH="16" VPOS="1176" HPOS="249"/>
							<String ID="string_133" HPOS="265" VPOS="1176" WIDTH="68" HEIGHT="27" WC="0.96" CONTENT="kyrka"/><SP WIDTH="16" VPOS="1176" HPOS="333"/>
							<String ID="string_134" HPOS="349" VPOS="1177" WIDTH="66" HEIGHT="22" WC="0.96" CONTENT="borde"/><SP WIDTH="15" VPOS="1177" HPOS="415"/>
							<String ID="string_135" HPOS="430" VPOS="1178" WIDTH="7" HEIGHT="20" WC="0.93" CONTENT="i"/><SP WIDTH="15" VPOS="1178" HPOS="437"/>
							<String ID="string_136" HPOS="452" VPOS="1178" WIDTH="117" HEIGHT="27" WC="0.91" CONTENT="petitionen"/><SP WIDTH="16" VPOS="1178" HPOS="569"/>
							<String ID="string_137" HPOS="585" VPOS="1180" WIDTH="131" HEIGHT="23" WC="0.96" CONTENT="omnämnas,"/><SP WIDTH="16" VPOS="1180" HPOS="716"/>
							<String ID="string_138" HPOS="732" VPOS="1181" WIDTH="51" HEIGHT="19" WC="0.96" CONTENT="enär"/><SP WIDTH="15" VPOS="1181" HPOS="783"/>
							<String ID="string_139" HPOS="798" VPOS="1179" WIDTH="34" HEIGHT="21" WC="0.93" CONTENT="vid"/><SP WIDTH="16" VPOS="1179" HPOS="832"/>
							<String ID="string_140" HPOS="848" VPOS="1179" WIDTH="133" HEIGHT="21" WC="0.91" CONTENT="densammas"/><SP WIDTH="18" VPOS="1179" HPOS="981"/>
							<String ID="string_141" HPOS="999" VPOS="1178" WIDTH="28" HEIGHT="21" WC="0.88" CONTENT="ef-"/>
						</TextLine>
						<TextLine ID="line_19" HPOS="201" VPOS="1205" WIDTH="826" HEIGHT="29">
							<String ID="string_142" HPOS="201" VPOS="1206" WIDTH="33" HEIGHT="19" WC="0.93" CONTENT="ter"/><SP WIDTH="16" VPOS="1206" HPOS="234"/>
							<String ID="string_143" HPOS="250" VPOS="1205" WIDTH="177" HEIGHT="27" WC="0.92" CONTENT="högvederbörlig"/><SP WIDTH="15" VPOS="1205" HPOS="427"/>
							<String ID="string_144" HPOS="442" VPOS="1206" WIDTH="96" HEIGHT="22" WC="0.93" CONTENT="tillstånd"/><SP WIDTH="15" VPOS="1206" HPOS="538"/>
							<String ID="string_145" HPOS="553" VPOS="1207" WIDTH="113" HEIGHT="26" WC="0.92" CONTENT="företagna"/><SP WIDTH="15" VPOS="1207" HPOS="666"/>
							<String ID="string_146" HPOS="681" VPOS="1207" WIDTH="124" HEIGHT="26" WC="0.96" CONTENT="reparation"/><SP WIDTH="19" VPOS="1207" HPOS="805"/>
							<String ID="string_147" HPOS="824" VPOS="1207" WIDTH="69" HEIGHT="27" WC="0.96" CONTENT="någon"/><SP WIDTH="18" VPOS="1207" HPOS="893"/>
							<String ID="string_148" HPOS="911" VPOS="1207" WIDTH="116" HEIGHT="26" WC="0.96" CONTENT="förstöring"/>
						</TextLine>
						<TextLine ID="line_20" HPOS="201" VPOS="1233" WIDTH="578" HEIGHT="28">
							<String ID="string_149" HPOS="201" VPOS="1233" WIDTH="23" HEIGHT="21" WC="0.96" CONTENT="af"/><SP WIDTH="12" VPOS="1233" HPOS="224"/>
							<String ID="string_150" HPOS="236" VPOS="1234" WIDTH="73" HEIGHT="25" WC="0.95" CONTENT="gamla"/><SP WIDTH="14" VPOS="1234" HPOS="309"/>
							<String ID="string_151" HPOS="323" VPOS="1234" WIDTH="171" HEIGHT="21" WC="0.95" CONTENT="minnesmärken"/><SP WIDTH="14" VPOS="1234" HPOS="494"/>
							<String ID="string_152" HPOS="508" VPOS="1235" WIDTH="88" HEIGHT="22" WC="0.96" CONTENT="alldeles"/><SP WIDTH="16" VPOS="1235" HPOS="596"/>
							<String ID="string_153" HPOS="612" VPOS="1235" WIDTH="46" HEIGHT="22" WC="0.96" CONTENT="icke"/><SP WIDTH="16" VPOS="1235" HPOS="658"/>
							<String ID="string_154" HPOS="674" VPOS="1237" WIDTH="36" HEIGHT="24" WC="0.96" CONTENT="ägt"/><SP WIDTH="16" VPOS="1237" HPOS="710"/>
							<String ID="string_155" HPOS="726" VPOS="1242" WIDTH="53" HEIGHT="15" WC="0.96" CONTENT="rum."/>
						</TextLine>
					</TextBlock>
				</ComposedBlock>
				<ComposedBlock ID="cblock_8" HPOS="198" VPOS="1296" WIDTH="830" HEIGHT="285">
					<TextBlock ID="block_7" HPOS="198" VPOS="1296" WIDTH="830" HEIGHT="285">
						<TextLine ID="line_21" HPOS="269" VPOS="1296" WIDTH="757" HEIGHT="28">
							<String ID="string_156" HPOS="269" VPOS="1296" WIDTH="207" HEIGHT="27" WC="0.91" CONTENT="Kontraktsprosten"/><SP WIDTH="25" VPOS="1296" HPOS="476"/>
							<String ID="string_157" HPOS="501" VPOS="1298" WIDTH="150" HEIGHT="21" WC="0.92" CONTENT="Ehrström"/><SP WIDTH="22" VPOS="1298" HPOS="651"/>
							<String ID="string_158" HPOS="673" VPOS="1298" WIDTH="56" HEIGHT="26" WC="0.95" CONTENT="ville,"/><SP WIDTH="23" VPOS="1298" HPOS="729"/>
							<String ID="string_159" HPOS="752" VPOS="1298" WIDTH="48" HEIGHT="21" WC="0.96" CONTENT="med"/><SP WIDTH="24" VPOS="1298" HPOS="800"/>
							<String ID="string_160" HPOS="824" VPOS="1298" WIDTH="113" HEIGHT="26" WC="0.94" CONTENT="anledning"/><SP WIDTH="22" VPOS="1298" HPOS="937"/>
							<String ID="string_161" HPOS="959" VPOS="1297" WIDTH="67" HEIGHT="26" WC="0.94" CONTENT="häraf,"/>
						</TextLine>
						<TextLine ID="line_22" HPOS="200" VPOS="1324" WIDTH="827" HEIGHT="29">
							<String ID="string_162" HPOS="200" VPOS="1324" WIDTH="97" HEIGHT="27" WC="0.95" CONTENT="upplysa,"/><SP WIDTH="23" VPOS="1324" HPOS="297"/>
							<String ID="string_163" HPOS="320" VPOS="1326" WIDTH="33" HEIGHT="19" WC="0.96" CONTENT="att"/><SP WIDTH="19" VPOS="1326" HPOS="353"/>
							<String ID="string_164" HPOS="372" VPOS="1325" WIDTH="92" HEIGHT="21" WC="0.96" CONTENT="berörda"/><SP WIDTH="23" VPOS="1325" HPOS="464"/>
							<String ID="string_165" HPOS="487" VPOS="1326" WIDTH="68" HEIGHT="27" WC="0.95" CONTENT="kyrka"/><SP WIDTH="23" VPOS="1326" HPOS="555"/>
							<String ID="string_166" HPOS="578" VPOS="1326" WIDTH="70" HEIGHT="21" WC="0.96" CONTENT="blifvit"/><SP WIDTH="21" VPOS="1326" HPOS="648"/>
							<String ID="string_167" HPOS="669" VPOS="1327" WIDTH="22" HEIGHT="20" WC="0.96" CONTENT="af"/><SP WIDTH="20" VPOS="1327" HPOS="691"/>
							<String ID="string_168" HPOS="711" VPOS="1327" WIDTH="108" HEIGHT="20" WC="0.93" CONTENT="allmänna"/><SP WIDTH="14" VPOS="1327" HPOS="819"/>
							<String ID="string_169" HPOS="833" VPOS="1326" WIDTH="194" HEIGHT="21" WC="0.92" CONTENT="besvärsutskottet"/>
						</TextLine>
						<TextLine ID="line_23" HPOS="201" VPOS="1351" WIDTH="826" HEIGHT="30">
							<String ID="string_170" HPOS="201" VPOS="1351" WIDTH="108" HEIGHT="27" WC="0.90" CONTENT="åberopad"/><SP WIDTH="17" VPOS="1351" HPOS="309"/>
							<String ID="string_171" HPOS="326" VPOS="1352" WIDTH="69" HEIGHT="22" WC="0.96" CONTENT="såsom"/><SP WIDTH="16" VPOS="1352" HPOS="395"/>
							<String ID="string_172" HPOS="411" VPOS="1355" WIDTH="94" HEIGHT="26" WC="0.96" CONTENT="exempel"/><SP WIDTH="15" VPOS="1355" HPOS="505"/>
							<String ID="string_173" HPOS="520" VPOS="1355" WIDTH="28" HEIGHT="26" WC="0.96" CONTENT="på"/><SP WIDTH="16" VPOS="1355" HPOS="548"/>
							<String ID="string_174" HPOS="564" VPOS="1355" WIDTH="115" HEIGHT="26" WC="0.96" CONTENT="förstöring"/><SP WIDTH="16" VPOS="1355" HPOS="679"/>
							<String ID="string_175" HPOS="695" VPOS="1355" WIDTH="23" HEIGHT="21" WC="0.96" CONTENT="af"/><SP WIDTH="14" VPOS="1355" HPOS="718"/>
							<String ID="string_176" HPOS="732" VPOS="1355" WIDTH="35" HEIGHT="21" WC="0.96" CONTENT="det"/><SP WIDTH="15" VPOS="1355" HPOS="767"/>
							<String ID="string_177" HPOS="782" VPOS="1355" WIDTH="46" HEIGHT="21" WC="0.96" CONTENT="skäl"/><SP WIDTH="17" VPOS="1355" HPOS="828"/>
							<String ID="string_178" HPOS="845" VPOS="1356" WIDTH="32" HEIGHT="19" WC="0.96" CONTENT="att"/><SP WIDTH="16" VPOS="1356" HPOS="877"/>
							<String ID="string_179" HPOS="893" VPOS="1361" WIDTH="26" HEIGHT="14" WC="0.96" CONTENT="en"/><SP WIDTH="15" VPOS="1361" HPOS="919"/>
							<String ID="string_180" HPOS="934" VPOS="1355" WIDTH="93" HEIGHT="20" WC="0.96" CONTENT="ledamot"/>
						</TextLine>
						<TextLine ID="line_24" HPOS="199" VPOS="1380" WIDTH="828" HEIGHT="29">
							<String ID="string_181" HPOS="199" VPOS="1380" WIDTH="24" HEIGHT="21" WC="0.95" CONTENT="af"/><SP WIDTH="19" VPOS="1380" HPOS="223"/>
							<String ID="string_182" HPOS="242" VPOS="1381" WIDTH="149" HEIGHT="27" WC="0.96" CONTENT="ridderskapet"/><SP WIDTH="22" VPOS="1381" HPOS="391"/>
							<String ID="string_183" HPOS="413" VPOS="1382" WIDTH="39" HEIGHT="21" WC="0.96" CONTENT="och"/><SP WIDTH="24" VPOS="1382" HPOS="452"/>
							<String ID="string_184" HPOS="476" VPOS="1383" WIDTH="62" HEIGHT="20" WC="0.96" CONTENT="adeln"/><SP WIDTH="22" VPOS="1383" HPOS="538"/>
							<String ID="string_185" HPOS="560" VPOS="1383" WIDTH="56" HEIGHT="21" WC="0.96" CONTENT="hade"/><SP WIDTH="20" VPOS="1383" HPOS="616"/>
							<String ID="string_186" HPOS="636" VPOS="1384" WIDTH="34" HEIGHT="21" WC="0.93" CONTENT="vid"/><SP WIDTH="16" VPOS="1384" HPOS="670"/>
							<String ID="string_187" HPOS="686" VPOS="1384" WIDTH="128" HEIGHT="25" WC="0.91" CONTENT="petitionens"/><SP WIDTH="16" VPOS="1384" HPOS="814"/>
							<String ID="string_188" HPOS="830" VPOS="1383" WIDTH="129" HEIGHT="26" WC="0.96" CONTENT="behandling"/><SP WIDTH="14" VPOS="1383" HPOS="959"/>
							<String ID="string_189" HPOS="973" VPOS="1383" WIDTH="7" HEIGHT="20" WC="0.93" CONTENT="i"/><SP WIDTH="15" VPOS="1383" HPOS="980"/>
							<String ID="string_190" HPOS="995" VPOS="1385" WIDTH="32" HEIGHT="19" WC="0.92" CONTENT="ut-"/>
						</TextLine>
						<TextLine ID="line_25" HPOS="200" VPOS="1409" WIDTH="827" HEIGHT="29">
							<String ID="string_191" HPOS="200" VPOS="1409" WIDTH="82" HEIGHT="21" WC="0.95" CONTENT="skottet"/><SP WIDTH="15" VPOS="1409" HPOS="282"/>
							<String ID="string_192" HPOS="297" VPOS="1410" WIDTH="32" HEIGHT="21" WC="0.96" CONTENT="uti"/><SP WIDTH="15" VPOS="1410" HPOS="329"/>
							<String ID="string_193" HPOS="344" VPOS="1411" WIDTH="37" HEIGHT="20" WC="0.96" CONTENT="sitt"/><SP WIDTH="14" VPOS="1411" HPOS="381"/>
							<String ID="string_194" HPOS="395" VPOS="1411" WIDTH="100" HEIGHT="26" WC="0.96" CONTENT="yttrande"/><SP WIDTH="15" VPOS="1411" HPOS="495"/>
							<String ID="string_195" HPOS="510" VPOS="1411" WIDTH="94" HEIGHT="27" WC="0.96" CONTENT="påpekat"/><SP WIDTH="16" VPOS="1411" HPOS="604"/>
							<String ID="string_196" HPOS="620" VPOS="1413" WIDTH="69" HEIGHT="20" WC="0.96" CONTENT="denna"/><SP WIDTH="14" VPOS="1413" HPOS="689"/>
							<String ID="string_197" HPOS="703" VPOS="1411" WIDTH="69" HEIGHT="27" WC="0.96" CONTENT="kyrka"/><SP WIDTH="15" VPOS="1411" HPOS="772"/>
							<String ID="string_198" HPOS="787" VPOS="1413" WIDTH="56" HEIGHT="20" WC="0.96" CONTENT="samt"/><SP WIDTH="15" VPOS="1413" HPOS="843"/>
							<String ID="string_199" HPOS="858" VPOS="1413" WIDTH="32" HEIGHT="20" WC="0.93" CONTENT="att"/><SP WIDTH="15" VPOS="1413" HPOS="890"/>
							<String ID="string_200" HPOS="905" VPOS="1411" WIDTH="122" HEIGHT="21" WC="0.92" CONTENT="kontrakts-"/>
						</TextLine>
						<TextLine ID="line_26" HPOS="199" VPOS="1438" WIDTH="828" HEIGHT="29">
							<String ID="string_201" HPOS="199" VPOS="1439" WIDTH="96" HEIGHT="24" WC="0.95" CONTENT="prosten,"/><SP WIDTH="16" VPOS="1439" HPOS="295"/>
							<String ID="string_202" HPOS="311" VPOS="1438" WIDTH="64" HEIGHT="21" WC="0.96" CONTENT="sedan"/><SP WIDTH="15" VPOS="1438" HPOS="375"/>
							<String ID="string_203" HPOS="390" VPOS="1439" WIDTH="50" HEIGHT="20" WC="0.93" CONTENT="herr"/><SP WIDTH="14" VPOS="1439" HPOS="440"/>
							<String ID="string_204" HPOS="454" VPOS="1439" WIDTH="136" HEIGHT="22" WC="0.91" CONTENT="talemannen"/><SP WIDTH="16" VPOS="1439" HPOS="590"/>
							<String ID="string_205" HPOS="606" VPOS="1441" WIDTH="86" HEIGHT="26" WC="0.96" CONTENT="upplyst"/><SP WIDTH="15" VPOS="1441" HPOS="692"/>
							<String ID="string_206" HPOS="707" VPOS="1441" WIDTH="33" HEIGHT="19" WC="0.96" CONTENT="att"/><SP WIDTH="15" VPOS="1441" HPOS="740"/>
							<String ID="string_207" HPOS="755" VPOS="1441" WIDTH="41" HEIGHT="20" WC="0.96" CONTENT="den"/><SP WIDTH="14" VPOS="1441" HPOS="796"/>
							<String ID="string_208" HPOS="810" VPOS="1440" WIDTH="125" HEIGHT="26" WC="0.96" CONTENT="förändring"/><SP WIDTH="10" VPOS="1440" HPOS="935"/>
							<String ID="string_209" HPOS="945" VPOS="1440" WIDTH="82" HEIGHT="26" WC="0.96" CONTENT="kyrkan"/>
						</TextLine>
						<TextLine ID="line_27" HPOS="199" VPOS="1466" WIDTH="828" HEIGHT="29">
							<String ID="string_210" HPOS="199" VPOS="1466" WIDTH="116" HEIGHT="26" WC="0.92" CONTENT="undergätt"/><SP WIDTH="22" VPOS="1466" HPOS="315"/>
							<String ID="string_211" HPOS="337" VPOS="1466" WIDTH="58" HEIGHT="21" WC="0.96" CONTENT="skett"/><SP WIDTH="15" VPOS="1466" HPOS="395"/>
							<String ID="string_212" HPOS="410" VPOS="1467" WIDTH="27" HEIGHT="26" WC="0.93" CONTENT="pä"/><SP WIDTH="15" VPOS="1467" HPOS="437"/>
							<String ID="string_213" HPOS="452" VPOS="1467" WIDTH="177" HEIGHT="28" WC="0.92" CONTENT="högvederbörlig"/><SP WIDTH="23" VPOS="1467" HPOS="629"/>
							<String ID="string_214" HPOS="652" VPOS="1468" WIDTH="121" HEIGHT="27" WC="0.18" CONTENT="befallning,"/><SP WIDTH="24" VPOS="1468" HPOS="773"/>
							<String ID="string_215" HPOS="797" VPOS="1469" WIDTH="73" HEIGHT="21" WC="0.96" CONTENT="derom"/><SP WIDTH="21" VPOS="1469" HPOS="870"/>
							<String ID="string_216" HPOS="891" VPOS="1468" WIDTH="136" HEIGHT="21" WC="0.94" CONTENT="underrättat"/>
						</TextLine>
						<TextLine ID="line_28" HPOS="198" VPOS="1494" WIDTH="830" HEIGHT="29">
							<String ID="string_217" HPOS="198" VPOS="1494" WIDTH="150" HEIGHT="21" WC="0.96" CONTENT="sekreteraren"/><SP WIDTH="15" VPOS="1494" HPOS="348"/>
							<String ID="string_218" HPOS="363" VPOS="1495" WIDTH="7" HEIGHT="21" WC="0.96" CONTENT="i"/><SP WIDTH="15" VPOS="1495" HPOS="370"/>
							<String ID="string_219" HPOS="385" VPOS="1496" WIDTH="112" HEIGHT="25" WC="0.96" CONTENT="utskottet,"/><SP WIDTH="21" VPOS="1496" HPOS="497"/>
							<String ID="string_220" HPOS="518" VPOS="1502" WIDTH="48" HEIGHT="16" WC="0.96" CONTENT="men"/><SP WIDTH="16" VPOS="1502" HPOS="566"/>
							<String ID="string_221" HPOS="582" VPOS="1498" WIDTH="33" HEIGHT="20" WC="0.96" CONTENT="att"/><SP WIDTH="14" VPOS="1498" HPOS="615"/>
							<String ID="string_222" HPOS="629" VPOS="1497" WIDTH="103" HEIGHT="26" WC="0.96" CONTENT="förslaget"/><SP WIDTH="15" VPOS="1497" HPOS="732"/>
							<String ID="string_223" HPOS="747" VPOS="1496" WIDTH="27" HEIGHT="22" WC="0.96" CONTENT="då"/><SP WIDTH="16" VPOS="1496" HPOS="774"/>
							<String ID="string_224" HPOS="790" VPOS="1497" WIDTH="66" HEIGHT="21" WC="0.96" CONTENT="redan"/><SP WIDTH="15" VPOS="1497" HPOS="856"/>
							<String ID="string_225" HPOS="871" VPOS="1497" WIDTH="56" HEIGHT="21" WC="0.96" CONTENT="varit"/><SP WIDTH="14" VPOS="1497" HPOS="927"/>
							<String ID="string_226" HPOS="941" VPOS="1497" WIDTH="87" HEIGHT="25" WC="0.96" CONTENT="uppsatt"/>
						</TextLine>
						<TextLine ID="line_29" HPOS="199" VPOS="1522" WIDTH="829" HEIGHT="30">
							<String ID="string_227" HPOS="199" VPOS="1522" WIDTH="40" HEIGHT="21" WC="0.93" CONTENT="och"/><SP WIDTH="16" VPOS="1522" HPOS="239"/>
							<String ID="string_228" HPOS="255" VPOS="1523" WIDTH="144" HEIGHT="26" WC="0.92" CONTENT="expedieradt."/><SP WIDTH="31" VPOS="1523" HPOS="399"/>
							<String ID="string_229" HPOS="430" VPOS="1524" WIDTH="91" HEIGHT="21" WC="0.91" CONTENT="Talaren"/><SP WIDTH="15" VPOS="1524" HPOS="521"/>
							<String ID="string_230" HPOS="536" VPOS="1525" WIDTH="117" HEIGHT="27" WC="0.92" CONTENT="tillstyrkte"/><SP WIDTH="16" VPOS="1525" HPOS="653"/>
							<String ID="string_231" HPOS="669" VPOS="1527" WIDTH="32" HEIGHT="20" WC="0.96" CONTENT="att"/><SP WIDTH="15" VPOS="1527" HPOS="701"/>
							<String ID="string_232" HPOS="716" VPOS="1526" WIDTH="40" HEIGHT="21" WC="0.96" CONTENT="den"/><SP WIDTH="16" VPOS="1526" HPOS="756"/>
							<String ID="string_233" HPOS="772" VPOS="1527" WIDTH="7" HEIGHT="20" WC="0.96" CONTENT="i"/><SP WIDTH="17" VPOS="1527" HPOS="779"/>
							<String ID="string_234" HPOS="796" VPOS="1526" WIDTH="141" HEIGHT="22" WC="0.96" CONTENT="redaktionen"/><SP WIDTH="16" VPOS="1526" HPOS="937"/>
							<String ID="string_235" HPOS="953" VPOS="1526" WIDTH="75" HEIGHT="26" WC="0.96" CONTENT="gjorda"/>
						</TextLine>
						<TextLine ID="line_30" HPOS="199" VPOS="1551" WIDTH="538" HEIGHT="30">
							<String ID="string_236" HPOS="199" VPOS="1551" WIDTH="118" HEIGHT="26" WC="0.91" CONTENT="antydning"/><SP WIDTH="14" VPOS="1551" HPOS="317"/>
							<String ID="string_237" HPOS="331" VPOS="1551" WIDTH="28" HEIGHT="26" WC="0.93" CONTENT="på"/><SP WIDTH="16" VPOS="1551" HPOS="359"/>
							<String ID="string_238" HPOS="375" VPOS="1552" WIDTH="123" HEIGHT="22" WC="0.91" CONTENT="Nådendals"/><SP WIDTH="15" VPOS="1552" HPOS="498"/>
							<String ID="string_239" HPOS="513" VPOS="1553" WIDTH="69" HEIGHT="26" WC="0.96" CONTENT="kyrka"/><SP WIDTH="16" VPOS="1553" HPOS="582"/>
							<String ID="string_240" HPOS="598" VPOS="1554" WIDTH="65" HEIGHT="21" WC="0.96" CONTENT="borde"/><SP WIDTH="16" VPOS="1554" HPOS="663"/>
							<String ID="string_241" HPOS="679" VPOS="1554" WIDTH="58" HEIGHT="27" WC="0.96" CONTENT="utgå."/>
						</TextLine>
					</TextBlock>
				</ComposedBlock>
			</PrintSpace>
		</Page>
	</Layout>
</alto>
