1103 1803
289 137 167 17 Presteständet.
481 136 55 18 1867.
561 136 24 17 27
597 136 48 21 Maj.
808 133 55 20 1167

65 223 70 21 delse:
159 222 77 27 ,öfrige
251 227 109 21 personer,
384 227 46 15 som
452 221 28 27 pä
500 221 69 27 grund
584 220 24 22 af
620 220 65 27 tjenst
700 220 51 22 eller
765 221 53 27 yrke
840 222 52 21 eller

66 252 71 20 säsom
154 256 62 21 egare
231 250 52 21 eller
297 250 138 21 innehafvare
450 249 24 21 af
487 249 47 21 frän
550 250 62 20 dessa
622 249 76 21 besvär
709 249 99 22 frikallad
818 250 73 26 fastig-

67 280 36 21 het
129 279 84 26 ätnjuta
231 278 98 22 befrielse
344 278 47 21 frän
407 278 127 26 deltagande
549 278 7 20 i
572 277 90 22 berörde
676 277 82 27 besvär,
774 278 117 22 bibehällas

65 308 42 21 ock
121 308 106 26 framgent
242 307 35 21 vid
292 306 66 22 sådan
373 306 101 21 förmon.*

135 363 91 20 Prosten
242 363 77 20 doktor
334 362 140 26 Alopaeus
489 362 92 21 tvekade
596 363 32 19 att
642 362 85 21 biträda
745 362 77 21 doktor
841 363 51 20 Hel-

67 392 45 21 léns
127 391 208 26 redaktionsförslag,
352 392 51 19 enär
419 390 42 26 det,
478 396 34 15 om
528 390 149 27 ridderskapet
694 389 40 22 och
757 391 63 20 adeln
842 391 49 26 god-

67 420 70 21 kände
153 425 73 15 senare
241 425 63 15 mom.
320 419 23 20 af
357 419 70 20 denna
442 419 19 26 8,
477 418 47 21 icke
539 418 72 21 kunde
626 424 61 15 anses
702 421 65 19 annat
782 421 27 19 än
825 421 66 20 orätt-

67 449 42 20 vist
124 450 33 19 att
171 447 159 27 presterskapet
347 448 83 20 ensamt
452 447 69 20 skulle
542 446 118 22 bibehållas
682 447 35 20 vid
739 447 110 22 förmonen
872 447 22 22 af

68 476 98 21 befrielse
182 475 46 22 från
243 475 244 27 inqvarteringstungan.
516 475 103 21 Deremot
640 475 72 21 kunde
734 475 34 22 det
792 476 18 27 ej
832 476 60 21 miss-

67 505 85 26 billigas
168 511 34 14 om
218 505 25 20 de
259 504 63 21 bland
337 503 171 27 presterskapets
523 503 67 22 enkor
605 503 39 21 och
663 503 53 22 barn
738 506 54 19 samt
814 505 78 20 skollä-

67 539 83 20 rarene,
173 533 81 20 hvilkas
277 532 228 27 förmögenhetsvilkor
524 538 52 15 voro
591 532 67 26 ringa,
674 534 26 19 än
715 532 71 21 vidare
802 532 89 27 fritogos

68 562 47 20 från
131 561 59 21 detta
205 561 80 20 besvär.
316 561 32 20 De
363 561 135 25 förmögnare
513 560 52 21 eller
580 560 26 21 de
622 566 45 15 som
688 561 70 20 erlade
782 561 54 26 årlig
857 561 34 21 be-

68 589 89 26 villning
171 589 34 21 för
220 589 65 26 högre
301 588 76 27 belopp
394 590 27 19 än
437 589 63 25 2,500
516 588 61 21 mark
592 588 77 24 kunde,
684 589 28 26 på
726 590 43 20 sätt
789 589 102 21 doktorns

69 617 131 22 reservation
215 617 100 23 innehöll,
331 617 118 21 vidkännas
464 616 152 27 ingvartering,
633 623 34 15 om
682 617 29 21 all
731 623 69 15 annan
820 624 71 20 perso-

68 646 37 21 nal
119 646 99 21 befrielse
233 646 7 20 i
255 646 100 20 städerna
370 646 84 20 komme
469 647 33 19 att
517 645 101 27 upphöra.

137 707 205 26 Kontraktsprosten
358 707 78 21 Sirén
452 707 66 26 ansåg
533 707 37 20 det
584 713 46 15 som
646 707 76 21 doktor
737 708 106 26 Alopaeus
854 714 37 15 an-

69 736 42 20 fört
127 741 34 15 om
177 735 26 21 de
217 735 110 26 fattigares
347 735 64 21 bland
434 735 205 21 ecklesiastikstaten
662 735 108 22 befriande
792 735 47 22 från
861 736 30 21 in-

69 764 122 26 avartering
213 763 56 21 hvila
291 763 27 27 pä
341 770 25 15 en
389 764 63 26 bögst
466 763 77 22 osäker
558 763 74 27 grund,
649 765 22 25 ty
685 764 118 27 utgörande
818 764 23 21 af
854 764 35 21 be-

69 792 88 26 villning
177 792 72 21 kunde
271 792 96 26 upphöra
390 792 39 21 och
451 791 109 22 hvarefter
581 792 66 21 borde
668 799 49 14 man
732 793 26 20 dä
773 794 57 19 rätta
845 793 45 26 sig?

69 821 33 20 Då
117 820 148 27 privilegierna
279 821 8 20 i
302 820 59 21 äldre
375 821 57 20 tider
446 820 72 21 blifvit
533 820 59 27 gifna
602 820 69 21 såsom
684 821 117 21 understöd
812 821 24 21 ät
845 827 46 20 pre-

68 850 45 20 ster
128 849 39 20 och
183 849 117 21 skollärare
315 850 55 19 samt
385 849 61 20 dessa
461 855 29 14 nu
506 849 18 26 ej
541 855 50 15 voro
607 849 70 21 bättre
693 848 101 25 aflönade,
810 849 23 21 sä
853 855 37 15 var

69 877 54 21 intet
137 877 47 20 skäl
200 879 31 18 att
247 877 136 21 efterskänka
398 877 161 26 ifrägavarande
570 877 88 21 förmon.
685 877 204 27 Kontraktsprosten

69 905 92 26 föreslog
183 905 82 21 derföre
285 907 32 19 att
339 905 75 22 orden:
437 911 56 21 ,som
516 905 28 27 pä
566 906 69 26 grund
650 905 23 22 af
685 905 65 27 tjenst
765 906 52 21 eller
831 906 58 27 yrke,

69 934 52 21 eller
135 933 82 22 säsom*
232 935 39 20 etc.
287 933 95 27 utbyttes
398 935 57 20 emot
470 940 56 21 ,som
542 934 28 26 pä
584 935 68 26 grund
667 934 23 21 af
702 934 70 27 tjenst,
788 934 52 27 yrke
860 934 29 21 el-

69 962 32 21 ler
115 961 120 27 privilegier
251 962 50 21 eller
317 962 80 21 säsom*
413 963 39 20 etc.

137 1023 107 27 Biskopen
267 1023 151 22 Schauman
441 1024 94 21 önskade
550 1024 7 21 i
572 1024 68 21 likhet
661 1025 49 20 med
729 1024 101 27 borgare-
850 1024 39 21 och

70 1052 169 21 bondeständens
261 1053 129 25 deputerade
406 1053 7 19 i
429 1053 105 20 utskottet
554 1054 32 19 att
601 1053 13 27 &
629 1054 14 19 4
658 1053 7 20 i
679 1053 210 26 författningsförsla-

67 1082 38 24 get
119 1080 67 21 mätte
201 1080 56 26 utgä.

136 1141 90 22 Prosten
249 1142 77 21 doktor
348 1142 87 27 Bergh
451 1142 99 21 biträdde
566 1142 75 21 doktor
656 1143 86 20 Hellöns
757 1143 132 20 redaktions-

67 1170 80 26 förslag
162 1170 40 21 och
217 1171 75 20 trodde
307 1172 32 19 att
355 1171 86 20 dermed
456 1170 63 21 äfven
533 1177 81 14 vunnes
624 1171 56 21 hvad
690 1171 199 26 kontraktsprosten

67 1197 62 22 Sirén
144 1198 65 27 afsäg.

136 1254 57 21 Herr
208 1255 133 22 talemannen
357 1255 131 21 framställde
503 1255 53 21 härä
568 1255 92 27 följande
675 1255 140 27 proposition:

139 1315 133 22 Godkänner
286 1317 132 27 högvördiga
434 1317 86 20 ståndet
534 1317 16 27 $
564 1319 14 18 4
594 1317 67 28 enligt
683 1317 110 20 utskottets
816 1317 73 20 betän-

67 1343 71 21 kande
161 1344 139 27 oförändrad
321 1345 51 21 eller
394 1345 48 20 med
464 1345 42 21 den
529 1345 31 27 af
577 1345 77 21 doktor
668 1345 78 21 Hellen
757 1346 131 27 föreslagna

68 1373 196 27 omformulering?
293 1373 40 26 De,
350 1380 45 14 som
409 1373 118 28 godkänna
542 1374 16 27 $
573 1374 141 27 oförändrad
729 1374 67 27 enligt
818 1373 70 21 betän-

67 1401 81 20 kandet
163 1408 64 14 svara
239 1401 110 28 jakande;
365 1402 32 26 de,
413 1402 73 20 hvilka
502 1405 82 24 antaga
599 1403 15 26 $
629 1403 48 20 med
699 1402 41 21 den
764 1403 30 26 af
813 1401 76 21 doktor

69 1429 76 20 Hellen
157 1430 133 27 föreslagna
305 1430 268 27 redaktionsförändring,
589 1437 65 13 svara
671 1430 103 21 nekande.

135 1491 130 22 Besvarades
280 1492 49 21 med
344 1492 109 21 obestridd
468 1492 110 26 pluralitet
594 1492 108 26 nekande;
718 1492 39 22 och
772 1491 45 22 blef
833 1490 56 28 förty

67 1519 12 28 8
95 1520 13 20 4
123 1520 100 26 godkänd
239 1520 66 26 enligt
321 1520 76 21 doktor
413 1520 86 22 Hellens
514 1520 153 22 ofvanberörde
680 1519 207 27 redaktionsförslag.
