1103 1803
422 154 105 32 Register.
802 156 52 20 1275

149 248 30 18 att
193 246 218 26 kyrkolagsförslaget
425 246 74 24 skulle,
514 246 42 20 förr
571 246 27 20 än
613 246 35 19 det
660 244 72 22 såsom
744 246 36 26 lag
790 248 94 24 antages,

148 275 7 19 i
176 275 33 19 sin
230 280 43 20 nya
287 274 109 20 redaktion
411 274 81 20 lemnas
507 274 69 20 finska
591 274 94 26 kyrkans
700 274 137 21 medlemmar
851 274 33 20 till

148 303 137 26 granskning.
314 303 15 19 I.
361 302 89 21 58—62.
479 303 26 19 II.
536 302 47 26 701,
599 302 46 21 704.

148 333 31 19 att
197 333 120 24 pastorerne
331 331 7 19 i
353 331 77 25 landet,
445 338 46 13 som
506 332 13 19 f.
535 338 20 12 n.
571 332 35 19 äro
622 331 154 19 underkastade
791 338 26 13 en
832 332 51 19 dub-

147 360 34 19 bel
203 360 119 25 bevillning,
344 360 63 19 neml.
429 365 17 14 s.
461 360 21 19 k.
497 360 137 25 prestgärden
649 359 40 20 och
703 360 181 25 boskapspennin-

148 394 65 20 garne
230 389 107 19 äfvensom
353 388 79 19 allmän
446 388 121 25 bevillning,
581 388 69 19 blefve
664 387 46 20 frän
725 388 69 19 denna
809 388 76 20 dubbla

148 417 193 26 bevillningstunga
363 416 127 20 förskonadt.
528 417 15 19 I.
579 416 90 21 58—62.
705 416 27 20 II
768 416 116 26 701—702,

149 445 46 20 704.

149 475 31 18 att
202 474 40 19 den
264 472 12 21 ä
297 473 121 26 kapellans-
440 473 40 20 och
498 473 135 20 klockarebol
648 473 66 20 sedan
730 473 54 20 1848
799 472 86 27 päförda

149 502 85 20 tionden
249 502 63 19 borde
327 500 78 27 återgå.
435 501 16 20 I.
482 501 89 21 58—62.
602 501 26 20 IL
659 501 117 26 702—703,
792 502 46 20 704.

149 537 48 20 ang.
213 530 118 26 förenkling
346 531 23 18 af
381 530 126 20 formulären
522 530 32 20 till
564 530 208 26 mantalslängderna
782 530 39 21 och
831 530 54 21 folk-

149 559 210 26 mängdstabellerna.
388 559 15 19 I.
434 558 33 20 62.
496 559 27 19 II.
554 558 117 21 703—704.

149 594 48 19 ang.
219 587 82 20 landets
316 587 119 25 likformiga
450 587 110 25 indelning
574 588 7 18 i
596 587 162 26 ecelesiastisk-,
771 587 113 26 justicielt-

149 616 40 20 och
205 616 161 20 administrativt
380 615 126 20 hänseende.
536 616 16 19 I.
583 615 90 21 62—464.

150 651 47 19 ang.
220 644 106 26 likformig
347 644 115 26 bevillning
484 643 46 21 frän
544 644 74 26 hvarje
632 644 93 20 inkomst
739 644 33 20 till
786 644 48 20 hela
849 644 37 20 sitt

149 673 79 25 belopp,
248 673 47 19 med
309 672 145 26 upphäfvande
470 673 22 19 af
504 672 217 27 bevillningsfriheten
736 673 32 20 för
783 673 40 21 500
838 673 47 19 mks

149 702 98 19 inkomst.
277 701 16 19 1.
323 701 33 24 64,
372 701 88 24 73—75,
476 701 47 20 267.

150 736 47 19 ang.
224 729 164 26 presterskapets
412 729 106 20 befriande
540 729 45 20 från
607 729 227 26 landtdagskostnader
869 730 15 19 1.

150 758 89 20 66—75.
269 758 35 20 III.
335 757 60 25 1003,
412 757 61 20 1035.

149 793 48 19 ang.
214 787 131 25 kapellaners
360 787 106 19 befriande
482 785 45 21 frän
542 786 125 26 skyldighet
681 787 31 18 att
722 786 72 26 bygga
804 786 81 20 moder-

149 815 73 26 kyrka.
253 815 15 19 I.
299 815 32 24 66,
347 814 32 21 75.
409 815 35 19 III.
476 815 61 24 1003,
553 815 61 20 1035.

149 850 49 19 ang.
220 843 123 20 utfärdande
365 843 22 19 af
408 849 25 14 en
451 844 90 25 ordning
556 844 31 19 för
602 843 95 26 kyrkans
712 843 40 20 och
767 843 118 20 församlin-

149 879 54 19 gens
217 872 58 25 lägre
291 872 133 25 tjenstemän.
454 872 15 19 I.
501 871 79 25 67,75.
610 872 36 19 III.
677 871 61 25 1003,
754 871 61 21 1035.

149 907 48 19 ang.
220 901 117 19 inrättande
359 900 22 19 af
401 901 30 18 ett
452 902 133 23 gemensamt
606 900 108 26 kyrkoräd
728 901 32 18 för
774 900 48 20 hela
837 900 49 20 Fin-

149 929 56 20 land.
234 929 17 19 I.
281 929 32 25 67,
329 928 32 21 75.
391 929 36 19 II
458 929 61 24 1003,
535 929 61 20 1035.

150 964 48 19 ang.
222 957 153 26 omredigering
395 957 22 19 af
437 957 127 20 formulären
585 957 33 20 till
639 957 247 26 gvingvennitabellerna.

149 986 16 19 I
196 986 32 24 67,
245 986 31 20 75.
306 986 35 19 III.
372 985 61 25 1003,
448 985 62 21 1035.

150 1016 31 17 att
207 1014 41 19 alla
274 1014 149 26 prioriterande
448 1013 194 27 ständsprivilegier
669 1013 133 27 småningom
824 1014 63 20 borde

152 1041 104 27 utplänas.
285 1043 16 19 I.
331 1043 33 25 67,
380 1042 33 20 75.
442 1043 36 19 III.
496 1043 60 24 1003,
572 1043 62 20 1035.

153 1077 48 19 ang.
224 1071 84 19 arfsrätt
329 1070 22 20 ät
366 1071 63 19 oäkta
444 1071 57 19 barn.
532 1071 15 19 I.
578 1070 33 25 67,
628 1070 32 21 75.
690 1070 36 19 II.
750 1070 61 25 1003,
826 1070 61 20 1035.

70 1105 131 20 —ang.
223 1098 100 21 tillåtelse
344 1099 31 19 för
397 1099 74 26 lägrad
493 1099 143 26 gvinsperson,
658 1099 49 19 med
729 1100 29 18 ett
774 1099 50 19 eller
838 1098 50 20 flere

153 1128 56 23 barn,
225 1129 30 18 att
272 1127 137 20 obehindradt
431 1127 61 26 flytta
514 1127 33 20 till
565 1133 70 14 annan
650 1127 130 26 församling.
810 1127 15 20 I.
856 1127 32 25 67,

154 1156 32 20 75.
215 1156 36 19 III
282 1155 61 26 1003,
359 1155 60 21 1035.

153 1191 48 18 ang.
223 1185 118 26 tryggande
357 1183 12 20 å
384 1184 176 26 prestaboställen
574 1185 22 18 af
610 1184 118 26 ersättning
743 1184 31 19 för
788 1183 101 27 odlingar,

152 1213 141 19 förbättrande
308 1219 27 13 m.
351 1219 27 13 m.
408 1213 16 19 I.
454 1213 34 24 67,
504 1213 32 20 75.
566 1213 36 19 III.
633 1212 61 26 1003,
710 1212 60 20 1035.

153 1247 48 20 ang.
217 1241 137 20 nedsättande
369 1241 23 20 af
405 1243 122 24 postportot.
557 1241 15 20 I.
603 1241 33 25 67,
652 1241 32 20 75.

153 1276 48 19 ang.
217 1270 217 25 penningeväsendets
450 1270 6 19 i
471 1270 72 19 landet
558 1275 63 14 snara
636 1269 160 26 upphjelpande.
819 1269 15 19 1.
858 1268 31 26 67,

153 1298 33 20 75.
216 1299 36 19 II.
283 1298 60 25 1003,
359 1298 60 20 1035.

153 1333 48 20 ang.
217 1327 126 26 vidtagande
358 1327 23 19 af
394 1327 67 19 särsk.
477 1325 98 28 ätgärder
590 1327 40 19 rör.
646 1325 244 26 skolundervisningen
876 1321 17 37 i

153 1355 77 20 landet.
260 1355 15 20 I.
306 1355 81 25 69,75.
417 1355 35 20 III.
484 1355 61 25 1003,
561 1355 61 20 1035.

153 1390 48 19 ang.
224 1384 120 19 förändradt
366 1383 150 26 aflöningssätt
538 1384 32 19 för
584 1383 123 21 konsistorii
722 1383 122 20 notarierna.
874 1383 15 20 I

154 1412 32 25 69,
203 1412 31 20 75.
265 1412 35 19 III.
331 1412 60 25 1003,
408 1412 60 20 1035.

153 1447 48 19 ang.
217 1441 41 19 rätt
273 1441 32 19 för
319 1441 165 19 konsistorierna
494 1442 31 18 att
538 1441 82 19 förorda
632 1441 49 19 män
692 1440 48 20 med
750 1439 92 26 kristligt
852 1439 39 19 lef-

152 1475 63 13 verne
236 1468 41 20 och
299 1469 123 25 fullständig
442 1469 152 25 bibelkunskap
610 1470 30 18 att
656 1467 71 21 säsom
741 1468 58 26 lägre
813 1469 79 25 prester

153 1497 50 20 eller
219 1497 72 20 leviter
305 1497 123 26 presttjenst
443 1498 92 19 förrätta.
565 1498 16 19 I.
612 1496 33 26 69,
661 1497 32 20 75.

153 1532 49 19 ang.
224 1526 132 19 afskaffande
378 1526 23 19 af
420 1526 126 26 begrafning
567 1526 8 19 i
596 1526 59 19 vissa
676 1525 38 21 fall
736 1525 84 25 afsides,
834 1526 58 18 utom

153 1554 51 20 eller
219 1554 57 20 inom
290 1554 121 27 kyrkojord.
441 1554 16 19 1.
490 1554 31 25 70,
538 1554 32 20 75.
