1103 1803
300 116 165 18 Presteståndet.
491 117 56 17 1867.
571 118 28 16 20
611 117 48 21 Maj.
807 114 54 20 1069

67 209 62 15 anser
151 202 104 22 utskottet
270 202 32 21 för
317 202 65 21 sådan
400 202 100 21 händelse
516 202 26 20 de
558 202 34 20 vid
608 202 116 21 detsamma
739 202 109 27 befintliga
863 202 30 22 lä-

67 238 47 14 rare
129 232 8 20 i
151 230 82 26 zoologi
249 230 38 22 och
303 230 87 21 botanik
405 232 55 19 samt
475 230 199 26 skogshushållning
689 230 112 27 lämpligen
813 232 78 25 kunna,

67 262 57 19 emot
140 259 122 22 erhållande
277 259 22 21 af
312 259 65 26 något
391 258 100 22 särskildt
506 259 86 25 arvode,
607 259 6 20 i
630 258 98 22 händelse
744 259 98 26 gällande
858 260 35 26 lag

68 288 38 21 och
123 288 148 26 författningar
287 287 45 21 icke
348 286 131 22 annorlunda
501 286 77 22 sådant
593 286 67 22 skulle
676 287 112 26 medgifva,
804 288 42 21 tills
862 289 31 19 vi-

69 317 50 21 dare
142 316 111 21 förordnas
267 315 32 21 till
315 315 137 27 tjenstgöring
467 315 34 21 vid
518 315 36 21 det
569 315 120 21 inrättande
709 315 65 25 högre
796 316 97 21 tekniska

67 344 122 22 läroverket
203 344 6 20 i
225 344 137 25 Helsingfors.
394 344 41 20 Det
457 343 109 26 årsanslag
589 344 116 25 utgörande
728 344 78 25 22,800
826 344 67 23 mark,

67 373 82 20 hvilket
164 378 27 15 nu
207 371 32 22 till
254 371 158 21 forstinstitutet
427 371 100 26 utgifvits,
543 371 71 21 kunde
630 371 120 26 derigenom
766 372 6 20 i
783 372 67 21 sinom
861 372 32 21 tid

68 401 32 20 till
123 401 40 20 den
186 400 117 26 föreslagna
325 400 149 26 utvidgningen
495 399 23 22 af
536 399 120 21 realskolan
671 399 6 21 i
693 400 131 27 Helsingfors
840 400 53 21 efter

68 429 65 21 behof
154 429 105 20 användas
283 428 38 21 och
343 427 169 22 forstinstitutets
534 428 46 21 icke
604 428 120 26 obetydliga
744 429 114 26 samlingar
873 428 22 21 af

68 457 122 27 isynnerhet
207 456 121 27 fysikaliska
351 456 134 21 istrumenter
501 456 115 21 öfverföras
631 456 32 21 till
678 457 36 20 det
728 456 104 23 blifvande
848 457 45 22 tek-

68 485 111 27 nologiska
194 485 109 22 institutet.

139 513 80 22 Genom
239 520 24 14 en
279 513 64 26 nådig
364 513 124 26 förordning
503 513 23 20 af
540 513 41 21 den
604 513 27 21 20
647 513 42 26 Maj
706 514 54 20 1835
776 514 117 21 inrättades

69 543 6 20 i
91 542 133 26 Helsingfors
239 548 26 15 en
281 541 64 27 högre
367 541 85 21 teknisk
474 541 124 27 myndighet
620 542 67 20 under
705 548 63 14 namn
784 542 23 21 af
820 549 73 14 manu-

69 571 206 20 fakturdirektionen
291 571 5 19 i
312 570 95 20 Finland.
437 571 10 19 I
463 571 40 19 den
527 570 136 25 instruktion,
682 576 44 14 som
742 570 67 21 under
824 571 41 20 den
881 571 12 20 7

70 598 117 21 December
212 599 53 20 1842
288 598 33 21 för
343 598 90 21 nämnde
455 598 122 21 institution
600 598 130 26 utfärdades,
753 599 74 26 angafs
846 599 48 21 dess

71 626 97 27 syftemål
191 633 52 14 vara
265 628 43 25 ,att
329 627 67 20 under
416 627 84 26 ständig
515 626 189 27 uppmärksamhet
720 626 12 21 å
746 627 148 21 manufaktur-

71 656 101 20 väsendet
187 656 7 20 i
209 655 121 24 allmänhet,
349 655 52 21 söka
415 655 109 21 verksamt
540 655 99 21 befordra
654 655 40 20 den
709 655 110 21 inhemska
834 656 60 20 indu-

71 684 64 20 strins
150 684 114 26 uppkomst
279 686 54 18 samt
348 684 55 20 vaka
418 683 58 21 öfver
487 683 212 21 handtverkeriernas
710 683 184 21 fullkommande*.

71 712 92 21 Medelst
186 712 133 21 föreskrifter
341 712 30 20 uti
392 712 45 20 dels
452 712 65 25 sagde
533 712 128 20 instruktion
677 712 45 19 dels
737 712 67 20 andra
820 718 74 15 senare

71 740 102 21 utkomne
189 739 154 27 författningar,
360 746 75 20 genom
451 740 71 21 hvilka
539 740 39 21 den
594 740 149 26 ursprungliga
756 741 139 25 organisatio-

72 775 40 14 nen
129 769 22 20 af
164 769 159 26 ifrågavarande
347 769 121 26 myndighet
483 769 7 20 i
506 768 104 21 särskilda
634 768 112 21 afseenden
767 768 128 27 förändrats,

72 797 39 20 har
134 797 123 21 densamma
277 797 63 20 bland
365 799 65 18 annat
455 797 38 20 och
519 797 176 25 hufvudsakligen
720 797 69 20 blifvit
813 797 82 26 ålagdt:

72 827 33 19 att
123 825 56 21 ifrån
194 825 159 21 vederbörande
375 825 133 21 embetsverk
524 825 94 21 infordra
635 825 38 20 och
689 825 108 26 publicera
812 825 84 27 uppgif-

73 857 32 18 ter
127 853 109 27 angående
258 853 174 22 handtverkerier
455 854 39 21 och
518 853 68 27 öfriga
608 853 114 21 industrier
738 853 6 20 i
760 853 82 26 landet;
863 855 32 19 att

73 889 76 20 genom
173 882 146 21 anskaffandet
341 882 22 21 af
382 882 101 21 modeller
499 882 39 21 och
554 882 104 26 ritningar
673 882 31 20 till
720 888 71 20 nyare,
807 882 33 21 för
856 883 39 20 den

72 911 112 20 inhemska
206 911 116 20 industrins
345 910 108 21 förkofran
473 911 112 26 gagneliga
600 910 147 26 uppfinningar
762 913 56 18 samt
832 911 63 20 fram-

73 939 88 22 stäende
179 939 110 21 teckniska
305 939 116 20 tidskrifter
437 939 39 21 och
491 939 156 26 afhandlingar,
663 939 71 20 hvilka
749 938 12 21 &
776 939 71 20 dertill
863 941 33 19 ut-

73 969 57 20 satta
148 967 55 21 tider
219 967 66 21 borde
301 967 67 21 hällas
383 967 131 26 tillgängliga
529 967 33 21 för
577 967 165 21 industriidkare
758 969 55 19 samt
829 968 67 20 andra

73 996 137 21 medlemmar
225 995 22 21 af
261 996 26 20 de
302 996 83 21 bildade
401 996 219 23 samhällsklasserna,
636 995 100 21 befordra
749 996 25 20 de
785 995 111 22 inhemska

72 1025 155 20 industriernas
243 1024 120 26 utbildning
377 1024 31 21 till
425 1026 69 19 större
505 1024 167 26 fullkomlighet;
687 1025 32 20 att
729 1024 31 21 till
772 1024 124 27 regeringen

72 1053 108 21 inkomma
196 1053 47 20 med
258 1053 79 25 förslag
352 1053 32 20 till
400 1052 170 21 föranstaltande
586 1052 22 21 af
623 1053 78 19 allmän
716 1053 118 25 exposition
850 1052 47 20 utaf

73 1081 111 20 inhemska
200 1081 167 24 industrialster;
383 1082 32 19 att
431 1080 121 21 handhafva
568 1081 35 20 det
619 1081 107 20 allmänna
741 1081 109 20 inseendet
866 1080 31 21 öf-

73 1115 37 15 ver
125 1110 103 25 söndags-
244 1109 38 20 och
298 1109 161 21 aftonskolorna
474 1112 55 17 samt
541 1109 99 20 tekniska
651 1109 118 20 realskolan
781 1109 6 20 i
800 1109 97 26 Helsing-

73 1137 44 21 fors
135 1137 65 26 jemte
217 1137 34 21 det
267 1137 40 20 den
323 1137 68 21 skulle
408 1139 75 24 utgöra
499 1143 25 15 en
540 1137 112 21 medlande
668 1137 49 20 länk
733 1137 89 21 emellan
838 1143 58 20 rege-

73 1165 74 26 ringen
171 1165 38 21 och
230 1166 25 20 de
277 1165 66 26 öfriga
365 1165 98 21 tekniska
482 1165 126 21 läroverken
627 1166 6 20 i
650 1165 80 26 landet;
747 1167 55 18 samt
817 1167 32 19 att
864 1165 32 21 till

73 1194 124 27 regeringen
220 1193 108 27 angäende
350 1194 219 25 patentansökningar
588 1194 39 20 och
643 1194 66 20 andra
724 1193 173 21 förekommande

73 1223 100 20 tekniska
194 1222 71 27 frågor
284 1222 79 26 ingifva
377 1222 117 21 atfordradt
509 1222 119 21 utlåtande.
659 1222 32 21 Då
706 1228 28 14 nu
750 1221 147 22 erfarenheten

74 1251 118 20 emellertid
208 1251 130 26 smäningom
353 1251 61 26 gifvit
429 1251 34 20 vid
474 1251 84 20 handen
571 1253 33 18 att
615 1250 282 21 manufakturdirektionens

73 1279 136 21 verksamhet
224 1279 6 20 i
247 1279 152 21 ofvannämnde
422 1279 113 21 afseenden
553 1279 57 20 varit
625 1279 80 20 mindre
721 1278 176 27 fruktbringande

74 1307 39 21 och
129 1307 28 21 dä
171 1314 77 20 genom
263 1307 131 21 inrättandet
408 1307 23 20 af
444 1309 32 19 ett
491 1307 65 26 högre
573 1307 94 21 tekniskt
685 1307 98 21 läroverk
798 1307 41 20 den
854 1307 43 26 vig-

73 1336 45 25 tiga
133 1335 34 21 del
183 1336 23 21 af
219 1336 48 21 dess
282 1335 132 27 äligganden,
431 1337 31 19 att
478 1336 32 20 till
526 1336 123 26 regeringen
665 1335 69 21 utläta
744 1336 32 26 sig
787 1335 58 21 öfver
855 1335 42 20 alla

73 1364 33 21 till
122 1364 48 21 dess
185 1364 129 26 granskning
329 1364 129 26 hänskjutna
473 1364 72 27 frågor
560 1365 56 20 inom
633 1365 36 20 det
683 1364 99 21 tekniska
794 1363 103 27 området,

74 1393 41 20 lätt
130 1394 51 19 utan
197 1393 66 26 några
279 1393 118 20 skärskilda
413 1392 151 21 omkostnader
580 1393 70 20 kunde
667 1392 116 21 öfverföras
796 1392 12 21 ä
819 1393 79 20 lärare-

74 1421 101 26 kollegiet
195 1421 34 21 vid
253 1421 35 20 det
311 1421 105 20 blifvande
437 1421 147 25 teknologiska
602 1421 112 22 institutet,
735 1421 39 20 har
792 1421 107 20 utskottet

75 1451 70 19 ansett
167 1449 32 26 sig
218 1449 38 21 hos
278 1448 85 22 ständet
385 1449 53 21 böra
459 1449 119 25 hemställa,
596 1449 103 21 huruvida
714 1449 46 20 icke
776 1450 30 19 ett
820 1448 78 26 förslag

75 1484 34 14 om
124 1478 127 26 indragning
269 1477 22 21 af
304 1477 271 21 manufakturdirektionen
592 1477 39 21 och
647 1477 149 21 användandet
810 1476 32 20 till
858 1476 41 21 den

74 1506 126 26 ifrågasatta
222 1506 195 26 reorganisationen
439 1506 23 20 af
480 1505 121 21 realskolan
617 1506 7 20 i
640 1505 132 27 Helsingfors
788 1504 23 21 af
824 1504 26 21 de
866 1504 33 21 för
