1103 1803
237 156 54 20 1182
444 161 165 17 Presteständet.
634 162 53 16 1867.
712 162 28 16 28
752 161 48 21 Maj.

207 246 112 26 tillgjordt,
341 246 24 21 sä
387 246 83 21 förfölle
490 246 48 21 hela
560 246 226 27 kyrkolagsförslaget.
816 247 28 21 Ju
860 247 50 21 flera
925 248 107 25 varnings-

206 275 78 25 grader
306 275 81 25 funnes,
411 275 60 20 desto
494 281 45 14 mer
561 274 181 22 öfverensstämde
763 275 37 21 det
815 276 47 20 med
878 275 82 26 kristlig
975 275 58 27 läng-

207 303 114 26 modighet.

277 360 84 20 Doktor
383 359 91 26 Bergh
497 360 119 25 anmärkte,
640 360 6 21 i
669 360 115 25 anledning
806 360 23 21 af
848 360 40 21 den
907 360 126 27 föregäende

207 387 95 21 talarens
324 388 106 26 yttrande,
453 389 33 20 att
508 388 82 21 talaren
610 388 47 21 icke
672 388 78 21 bifallit
766 389 32 20 till
814 389 136 26 domprosten
965 389 68 26 Borgs

207 415 146 27 formulering,
370 416 107 21 äfvensom
492 418 32 19 att
536 416 83 21 talaren
635 419 44 18 mot
694 417 79 20 doktor
789 417 106 26 Alopaeus
905 417 48 21 ville
964 417 70 21 erinra

207 446 34 19 att
263 445 103 26 förslaget
388 451 38 14 var
448 444 24 21 sä
490 445 92 24 orimligt
597 447 33 19 att
645 445 36 21 det
697 445 18 26 ej
732 445 70 21 kunde
818 448 95 24 antagas.
943 445 90 22 Ständet

207 473 67 20 borde
290 473 75 21 endast
379 475 59 24 yttra
453 473 31 26 sig
499 479 34 15 om
549 473 36 21 det
596 480 51 15 vore
659 473 96 21 ständets
766 474 85 26 mening
859 476 31 19 att
899 474 46 21 hela
956 474 77 27 kyrko-

207 501 150 26 lagsförslaget
387 501 54 21 skall
464 501 84 21 förfalla
570 502 52 21 eller
645 502 26 26 ej,
695 502 40 21 och
756 502 66 21 borde
847 503 68 20 denna
938 503 95 20 ständets

208 529 85 27 mening
317 530 64 21 sedan
403 529 49 27 ingä
474 530 7 20 i
503 531 36 20 det
555 536 54 21 svar,
626 537 45 14 som
687 530 85 21 komme
788 532 31 19 att
835 531 75 21 aflätas
925 531 33 21 till
973 531 60 20 Hans

208 557 102 27 Majestät
335 558 109 26 Kejsaren,
470 565 47 13 men
539 559 54 20 intet
615 561 66 18 annat
703 559 84 21 tillkom
811 559 84 21 ständet
917 559 34 21 vid
974 559 59 21 detta

208 586 90 21 tillfälle.

278 642 154 27 Kyrkoherden
454 644 114 20 Juselius
590 644 71 20 kunde
678 644 17 26 ej
712 644 58 20 finna
784 644 70 26 nägon
870 646 43 19 stor
929 644 82 20 skilnad
1027 644 6 21 i

209 672 124 20 nuvarande
356 671 131 27 kyrkolagen
510 672 38 21 och
572 672 36 21 det
630 672 119 27 uppgjorda
771 672 109 27 förslaget.
910 672 45 21 Den
975 672 58 21 förra

209 700 87 25 medger
314 700 24 25 ju
353 700 159 25 presterskapet
526 700 104 26 rättighet
644 703 33 19 att
691 701 97 21 förmena
803 707 25 15 en
844 707 76 20 person
936 703 32 19 att
982 707 51 15 vara

208 728 76 21 fadder
305 728 32 21 till
353 728 40 21 och
408 728 48 21 med
471 728 33 21 för
516 728 109 21 bristande
641 729 246 26 kristendomskunskap.
918 729 44 21 Och
977 729 56 21 hvad

209 756 129 27 rättigheten
355 758 32 19 att
403 756 63 21 blifva
481 757 89 21 medlem
586 757 6 20 i
607 757 132 26 kyrkorädet
754 757 123 26 beträffade,
894 757 23 21 sä
929 757 103 21 utesluter

207 785 23 26 ju
251 785 151 26 församlingen
417 791 28 14 nu
460 785 64 21 ocksä
540 791 24 15 en
581 785 79 21 lastfull
676 785 98 21 medlem.
804 786 62 21 Hvad
881 787 47 20 äter
943 786 89 26 anginge

209 813 242 26 exkommunikationen,
474 813 24 21 sä
519 813 64 21 hafva
605 814 94 21 hvarken
715 814 160 27 presterskapet
889 815 51 20 eller
955 814 77 27 kyrko-

209 841 62 21 rädet
287 847 36 15 ens
338 848 29 14 nu
382 843 43 20 rätt
440 844 32 19 att
487 842 93 21 utesluta
595 842 47 21 frän
658 843 127 20 nattvarden
801 843 76 26 nägon,
893 845 51 18 utan
960 843 71 20 tillhör

209 870 70 21 denna
301 869 102 27 rättighet
425 870 145 27 domkapitlet.
601 871 90 21 Talaren
709 871 117 26 tillstyrkte
841 871 62 21 alltsä
918 871 113 26 förslagets

210 899 127 26 antagande.

279 955 141 26 Domprosten
442 955 72 26 Borg
529 956 49 21 fann
594 956 40 21 ock
649 956 56 21 huru
720 956 66 26 vigtig
800 955 74 28 frägan
890 963 43 14 var.
963 956 70 21 Deaf

209 983 96 22 ständets
320 984 143 26 medlemmar,
479 990 45 15 som
540 985 103 26 tillstyrkt
658 984 113 26 förslagets
787 985 124 26 antagande,
928 985 55 20 hade
995 991 36 14 an-

209 1014 43 19 sett
267 1012 74 27 frägan
357 1013 46 20 icke
418 1019 50 14 vara
484 1013 23 20 sä
521 1013 72 26 vigtig,
609 1019 45 14 som
671 1013 41 20 den
727 1013 6 20 i
750 1013 74 26 sjelfva
834 1013 73 21 verket
920 1019 48 15 vore
980 1013 52 21 eller

209 1043 32 18 att
264 1040 104 21 förlusten
391 1041 22 20 af
430 1041 271 26 församlingsförmänerna
716 1041 66 21 borde
799 1041 50 21 bero
866 1041 23 21 af
903 1041 128 27 rättigheten

208 1069 32 20 till
256 1069 133 20 nattvarden.
415 1069 89 20 Talaren
518 1070 49 19 ville
582 1069 78 21 föreslä
676 1076 25 14 en
718 1070 173 25 omformulering
906 1070 22 20 af
938 1069 94 26 följande

207 1097 92 26 lydelse:
325 1097 27 21 dä
376 1097 34 20 mä
432 1097 130 26 kyrkorädet
584 1098 85 20 anmäla
691 1097 66 21 saken
780 1098 8 20 i
810 1098 146 26 domkapitlet,
979 1103 52 20 som,

208 1126 72 20 derest
303 1125 207 27 omständigheterna
532 1126 67 21 finnas
622 1126 71 21 dertill
715 1126 117 26 föranleda,
854 1132 49 20 eger
919 1126 57 21 kalla
991 1126 40 21 den

207 1153 85 21 felande
314 1154 55 21 inför
391 1154 32 26 sig
444 1154 40 21 och
501 1154 89 21 säframt
606 1154 41 21 han
662 1154 55 21 efter
733 1155 95 20 erhällen
844 1155 95 26 allvarlig
954 1154 77 21 förma-

207 1182 56 27 ning,
281 1183 62 25 ingen
359 1182 93 26 bättring
466 1183 62 25 visar,
544 1183 95 20 förklara
654 1183 78 20 honom
748 1183 27 26 pä
791 1183 96 21 bestämd
903 1183 30 21 tid
949 1183 82 20 oskick-

207 1211 29 26 lig
259 1213 32 18 att
313 1211 94 21 Herrans
422 1211 99 21 nattvard
536 1211 54 26 begä
605 1214 55 18 samt
675 1211 99 26 förlustig
789 1211 128 26 rättigheten
933 1214 32 19 att
981 1217 50 15 vara

208 1240 68 21 vittne
292 1239 34 21 vid
342 1239 41 26 dop
399 1241 39 19 etc.

276 1295 154 27 Kyrkoherden
452 1296 124 21 Bäckvall
598 1295 67 28 ansåg
687 1295 60 27 fråga
770 1296 39 21 här
825 1297 18 26 ej
860 1302 49 15 vara
925 1297 32 20 att
973 1295 59 22 stifta

206 1330 28 20 ny
250 1324 141 26 lagparagraf,
407 1326 52 19 utan
474 1324 55 21 hade
544 1324 242 27 expeditionsutskottet
800 1327 87 24 uppsatt
903 1324 37 21 sitt
952 1324 80 27 förslag

207 1352 66 26 enligt
295 1352 40 21 den
357 1353 70 25 gamla
444 1352 129 27 kyrkolagen
590 1359 33 14 om
640 1353 83 20 mindre
738 1353 85 21 bannet.
854 1353 73 20 Skulle
942 1352 89 21 stånden

206 1381 18 25 ej
244 1381 114 26 godkänna
373 1380 107 27 förslaget,
496 1381 48 21 ville
561 1381 106 21 utskottet
682 1383 58 18 rätta
755 1382 32 25 sig
803 1381 54 21 efter
871 1381 56 21 hvad
942 1381 90 21 stånden

206 1409 75 20 önska.
311 1409 38 21 Att
371 1409 96 21 deremot
482 1409 44 21 låta
541 1409 29 21 bli
586 1411 33 19 att
634 1411 57 19 sätta
706 1410 66 26 något
787 1410 6 20 i
809 1409 61 22 ställe
886 1409 33 21 för
935 1409 36 21 det
986 1415 45 15 som

205 1437 19 26 ej
240 1440 83 24 antogs,
339 1437 76 21 trodde
431 1438 81 20 talaren
527 1438 47 20 icke
589 1437 27 27 gå
632 1444 32 14 an.

274 1494 83 21 Doktor
372 1494 122 21 Andelin
511 1494 76 21 trodde
602 1494 40 21 ock
658 1495 32 19 att
705 1494 49 20 hela
769 1494 138 26 lagförslaget
922 1494 68 20 skulle
1005 1493 26 27 gå

205 1522 32 20 till
261 1522 69 26 spillo,
353 1522 46 20 ifall
421 1522 73 27 frågan
510 1529 34 15 om
562 1522 146 27 kyrkotukten
724 1522 108 21 lemnades
848 1522 103 27 oafgjord.
982 1522 49 21 Man

205 1550 56 21 hade
284 1552 47 24 sagt
351 1552 32 19 att
399 1550 35 21 det
449 1551 19 26 ej
483 1551 61 26 ginge
560 1557 28 14 an
603 1553 33 18 att
652 1550 62 27 skilja
729 1551 90 20 emellan
834 1550 103 21 förlusten
952 1550 23 21 af
989 1552 42 19 rät-
