1103 1803
224 147 55 21 1260
554 152 104 20 Register.

264 238 47 27 [N:o
342 238 20 27 3]
378 238 7 20 i
407 238 42 20 anl.
473 238 23 19 af
515 238 64 19 väckt
600 238 88 26 petition
704 244 50 20 ang.
769 238 128 26 vidtagande
912 238 23 19 af
948 236 75 28 åtgärd

377 266 79 20 derhän
472 268 30 18 att
517 266 7 20 i
538 266 74 26 hvarje
628 268 94 24 pastorat
732 267 84 19 komme
826 268 32 18 att
867 266 68 20 finnas
946 265 77 21 åtmin-

377 296 60 19 stone
452 294 36 20 två
503 296 85 24 prester.
618 294 16 20 I.
665 294 47 24 130,
729 294 119 21 191—200.
870 295 25 19 II.
912 294 46 24 585,
975 294 47 20 756.

265 324 19 27 Ex
341 323 21 27 4]
377 324 8 19 i
407 324 42 19 anl.
472 324 22 18 af
513 324 64 19 väckt
597 323 87 26 petition
700 330 36 13 om
751 323 114 20 understöd
880 322 22 21 åt
917 323 106 26 allmogen

377 352 32 19 för
430 352 110 19 lindrande
563 352 23 19 af
604 358 29 13 nu
656 350 93 21 rådande
771 352 42 19 nöd
828 352 40 19 och
883 351 93 27 betryck.
1007 352 15 19 I.

380 380 119 23 130—131,
515 379 119 20 200—201.

265 409 20 26 [s
343 408 20 26 5]
379 409 8 18 i
407 408 41 20 anl.
464 409 23 18 af
500 408 61 19 väckt
577 409 88 24 petition
680 414 49 20 ang.
745 409 119 19 inrättande
879 409 22 18 af
914 408 109 20 klockare-

377 437 41 20 och
439 436 181 27 orgelnistskolor.
650 437 15 19 I.
697 436 121 24 131—132,
841 437 118 23 201—206,
982 437 41 20 339

378 465 76 20 —345.
484 465 26 19 IL
540 465 120 20 668—671.

266 493 19 27 [.
343 493 20 27 6]
379 500 34 13 om
434 500 30 19 ny
478 493 134 26 granskning
627 494 23 19 af
662 493 221 26 kyrkolagsförslaget
898 494 23 19 af
933 495 90 24 prester-

379 523 80 25 skapet.
489 522 25 19 II.
545 521 47 24 701,
609 521 47 21 704.

267 550 19 26 [>
344 550 19 26 7]
379 557 35 13 om
436 550 131 20 afskaffande
590 551 23 18 af
633 550 239 26 boskapspenningarna
894 550 40 20 och
956 552 67 24 prest-

379 579 86 25 gärden.
495 578 25 20 II.
552 578 118 23 701—702,
687 578 48 20 704.

267 606 19 27 [;
343 606 20 27 8]
379 614 34 12 om
429 607 131 19 afskaffande
575 607 23 19 af
610 607 86 19 tionden
712 606 47 20 från
770 606 135 27 kappellans-
915 607 39 20 och
965 607 59 20 kloc-

378 636 92 19 karebol.
500 635 25 19 II.
556 635 119 23 702—703,
693 635 47 20 704.

267 663 20 27 [
345 663 20 27 9]
381 664 7 19 i
403 662 74 28 frägan
492 670 35 13 om
542 664 149 19 tabellverkets
706 664 127 25 förenkling.
856 664 25 19 II.
905 664 118 20 703—704.

267 692 20 26 [.
331 692 34 26 10]
381 699 48 19 ang.
445 692 133 26 kapellaners
596 692 128 25 deltagande
739 692 7 19 i
762 691 167 27 prestaständets
943 692 82 20 kansli-

379 721 120 19 kostnader.
528 720 26 19 II.
584 720 119 19 851-852.

267 748 20 27 [»
331 748 34 27 11]
381 755 48 20 ang.
452 755 26 14 en
499 749 23 19 af
540 749 197 24 kontraktsprosten
759 748 110 20 Ehrström
887 749 137 19 föranstaltad

380 777 78 26 ritning
474 777 31 19 till
520 778 30 19 ett
566 777 133 19 ständerhus.
729 777 25 19 II.
786 777 47 23 852,
849 777 47 20 853.

269 805 19 27 [.
332 805 33 27 12]
381 807 40 18 rör.
444 805 123 20 utfärdande
590 806 23 18 af
628 811 26 14 en
669 805 157 20 administrativ
840 806 121 25 förordning
976 811 48 20 ang.

382 834 185 25 prestaflöningen.
597 833 25 20 II.
653 834 121 20 854—4855.
922 855 5 6 N

269 862 20 27 [.
332 862 33 27 13]
381 863 40 19 rör.
446 864 77 18 tretton
546 862 196 26 petitionspunkter,
765 862 93 20 erkända
880 863 22 18 af
915 862 110 19 Aländska

380 891 160 26 presterskapet.
570 891 36 19 III.
637 890 61 23 1003,
715 891 62 20 1035.

269 919 20 26 [5
332 919 34 26 14]
382 926 48 19 ang.
451 920 89 25 utvägar
559 919 32 19 till
606 919 173 20 förekommande
794 919 23 19 af
830 919 135 25 vanfrejdade
980 925 46 20 per-

382 955 74 13 soners
472 947 203 26 mantalsskrifning.
705 947 36 20 III.
773 947 61 23 1004,
851 947 145 20 1036—1037.

269 975 20 27 [.
333 975 34 27 15]
383 983 48 19 ang.
452 976 98 26 Nyslotts
573 983 27 12 m.
623 976 21 19 fl.
667 976 84 20 skolors
774 975 138 20 förändrande
933 975 32 20 till
980 977 47 18 rent

382 1005 69 20 finska
467 1005 76 19 skolor.
573 1004 35 19 III.
640 1004 149 20 1004—1005.

270 1033 19 26 [>
333 1033 34 26 16]
383 1040 48 19 ang.
452 1033 118 20 inrättande
586 1033 23 19 af
622 1033 71 19 skolor
708 1033 32 19 för
755 1033 78 22 blinda,
848 1032 48 20 med
911 1032 68 20 finska
994 1033 33 19 till

381 1060 234 27 undervisningsspräk.
647 1061 35 19 III.
714 1061 148 20 1005—1011.

270 1089 19 26 [.
333 1089 34 26 17]
383 1096 48 19 ang.
453 1089 95 20 finskans
574 1089 109 19 införande
705 1088 73 21 såsom
801 1087 226 28 undervisningsspräk

381 1118 31 19 uti
434 1117 108 26 åtskilliga
564 1118 24 19 af
604 1117 84 20 landets
703 1117 173 20 lärdomsskolor.
907 1117 34 20 III.
973 1117 54 20 1175

381 1146 61 20 1176.

271 1174 19 27 [>
334 1174 33 27 18]
384 1181 47 20 ang.
447 1175 189 25 lönetillökningen
652 1173 21 20 ät
688 1180 26 14 en
730 1174 34 20 del
779 1174 67 19 lärare
861 1174 40 19 och
913 1174 115 20 lärarinnor

382 1204 35 19 vid
433 1203 82 20 landets
530 1203 219 20 elementarläroverk.
780 1203 34 19 III.
847 1202 145 20 1202—1205.

271 1231 19 27 [.
333 1231 34 27 19]
383 1232 7 19 i
405 1232 41 19 anl
462 1232 23 19 af
498 1232 39 19 den
553 1232 23 19 af
589 1230 96 21 ständets
700 1231 131 20 sekreterare
841 1231 116 26 uppgjorda
969 1231 60 20 redo-

382 1261 85 25 visning
490 1261 32 19 för
544 1260 26 19 de
591 1260 32 19 till
646 1259 85 20 ständet
746 1260 66 19 under
828 1261 84 18 senaste
927 1259 102 26 landtdag

383 1288 108 27 ingångna
519 1289 75 19 medel.
637 1288 35 19 IH.
712 1287 147 24 1205—1206,
883 1287 146 24 1211—1215,

383 1317 146 20 1216—1219.

203 1350 220 29 Expeditionsutskottet:

286 1380 70 19 beslut
371 1386 34 13 om
421 1380 49 19 dess
485 1379 137 20 tillsättande.
653 1379 15 19 I.
700 1379 90 22 17—18,
807 1378 33 19 23.

285 1408 35 19 val
336 1409 23 18 af
371 1408 115 19 ledamöter
502 1408 40 19 och
558 1407 133 26 suppleanter
706 1407 51 20 deri.
788 1406 15 19 1.
834 1407 33 19 27.

285 1437 78 19 arvode
378 1435 22 21 ät
415 1437 49 19 dess
480 1436 142 20 medlemmar.
653 1435 34 19 III.
720 1435 62 19 1210.

286 1465 50 20 dess
359 1464 111 20 skrifvelse
492 1471 34 13 om
549 1464 146 26 berättigande
719 1465 31 18 att
772 1464 98 18 remitera
891 1463 77 19 ärende
986 1463 44 19 deri

286 1494 208 24 sammanjemkning
510 1493 54 19 skall
580 1492 38 20 ske
634 1492 81 20 direkte
731 1492 33 19 till
779 1492 35 19 det
829 1492 87 22 utskott,
932 1498 46 13 som
994 1492 37 18 bör

286 1521 67 21 sådan
368 1522 121 19 verkställa.
519 1522 15 18 I.
566 1520 119 21 311—312.

286 1551 50 19 dess
359 1550 80 25 förslag
458 1550 33 19 till
514 1550 48 19 und.
578 1549 87 26 petition
681 1555 34 13 om
732 1548 142 25 landtdagens
890 1548 140 25 förlängning.

285 1578 16 20 I.
333 1577 117 21 310—311.
