1103 1803
226 146 55 21 1022
441 150 166 18 Presteståndet.
632 152 55 16 1867.
713 152 23 16 16
748 152 48 20 Maj.

196 240 32 18 att
251 237 24 21 så
298 237 85 26 mycket
397 243 59 15 mera
472 236 66 21 anlita
554 237 153 21 statsmaktens
723 237 83 21 biträde
822 238 44 20 mot
881 237 26 21 de
923 237 100 27 ovärdiga

195 266 140 21 medlemmar
351 271 45 15 som
413 266 113 26 qvarstode
542 265 7 21 i
565 266 89 26 kyrkan.

266 328 142 27 Domprosten
432 328 78 26 Borg
532 328 98 21 erinrade
653 330 44 19 mot
720 328 40 20 den
784 330 84 18 senaste
890 328 81 20 talaren
991 328 32 20 att

197 357 68 20 denne
288 356 43 21 lika
347 357 48 20 litet
410 362 45 15 som
471 356 69 26 någon
557 363 69 14 annan
642 356 34 21 väl
692 358 56 19 ännu
764 356 71 24 visste,
851 356 7 20 i
874 356 80 20 hvilket
969 355 54 26 syfte

196 385 164 26 ifrågavarande
380 384 100 27 paragraf
495 385 7 20 i
518 384 37 21 vår
571 385 106 20 blifvande
693 384 104 27 kyrkolag
812 384 84 21 komme
911 386 32 19 att
958 383 65 21 blifva

197 413 96 21 affattad.

267 469 30 21 På
320 469 23 21 af
357 470 50 21 herr
421 469 135 21 talemannen
571 469 119 21 framställd
706 469 133 26 proposition
855 469 68 20 beslöt
939 469 84 20 ståndet

198 497 67 27 derpå
287 498 102 26 enhälligt
405 500 32 19 att
452 497 100 22 vidblifva
568 498 37 20 sitt
620 497 58 21 förra
694 498 76 23 beslut,
787 497 47 21 med
850 497 137 21 förkastande
1002 497 23 20 af

197 527 152 26 inbjudningen
365 527 8 20 i
389 526 69 21 denna
473 526 74 26 punkt.

271 589 23 27 88
310 589 49 26 428,
375 589 48 25 429,
440 594 33 15 om
490 588 144 21 sekreterares
650 588 112 26 tjenstefel.

267 651 90 21 Prosten
381 651 76 21 doktor
480 650 96 26 Bergh
592 650 111 21 anmärkte
720 652 32 19 att
768 650 154 26 förvaltningen
937 650 23 20 af
973 656 50 20 pen-

198 680 148 25 ningemedlen
368 680 47 20 icke
437 679 101 26 nägonsin
554 678 115 22 handhafts
685 678 22 21 af
721 678 69 27 nägon
806 679 93 21 ledamot
915 679 5 20 i
937 678 86 21 domka-

198 708 68 25 pitlet,
288 710 51 18 utan
363 708 83 20 härtills
465 707 22 20 af
501 708 227 20 konsistoriinotarien.
758 707 123 21 Framdeles
897 707 52 26 ägde
965 707 58 20 dom-

198 736 102 25 kapitlen,
324 736 71 21 derest
416 735 215 27 kyrkolagsförslaget
647 735 69 21 blefve
732 737 87 24 antaget
834 735 38 21 och
888 735 134 25 stadfästadt,

198 764 72 21 härtill
289 764 104 21 förordna
408 764 99 26 antingen
523 764 148 21 sekreteraren
687 764 52 21 eller
755 764 103 25 notarien,
874 763 97 21 hvarföre
987 764 36 20 det

198 793 67 20 borde
281 793 50 20 heta
347 793 69 20 säsom
432 792 126 27 föreslagits.

267 855 91 20 Prosten
378 854 76 21 doktor
470 855 144 26 Alopaeus
630 855 114 20 förordade
760 855 129 26 antagandet
905 854 22 21 af
940 854 83 26 inbjud-

200 883 83 26 ningen.

268 939 234 27 Sammanjemkningen
525 939 6 20 i
554 939 69 21 denna
646 939 67 26 punkt
735 941 77 24 antogs
834 939 22 20 af
877 939 84 21 ståndet
986 945 37 14 en-

198 968 81 26 hälligt.

268 1025 54 26 Kap.
338 1024 50 21 XXI
405 1024 37 21 och
458 1023 69 22 XXII.
558 1024 39 21 Om
614 1024 156 27 domkapitlens
786 1024 148 27 organisation.

267 1086 90 21 Prosten
379 1086 77 21 doktor
478 1086 157 26 Alopaeus
658 1085 92 27 föreslog
773 1087 33 19 att
826 1085 146 21 diskussionen
988 1091 34 15 om

199 1115 69 20 denna
283 1115 68 26 punkt
367 1114 66 21 mätte
448 1114 125 27 uppskjutas
589 1115 32 20 till
637 1116 62 19 nästa
714 1114 92 27 plenum,
818 1114 135 21 alldenstund
964 1114 58 20 tiden

198 1143 66 20 redan
287 1149 37 14 var
347 1143 58 26 långt
427 1143 141 20 framskriden
591 1143 39 20 och
654 1143 147 21 diskussionen
823 1143 60 20 torde
899 1142 64 21 blifva
978 1142 44 21 vid-

198 1171 68 27 lyftig.

267 1228 33 21 Dä
323 1227 50 22 flere
396 1227 22 21 af
439 1227 95 21 ständets
557 1228 138 21 medlemmar
718 1227 72 21 häruti
813 1227 96 21 motsade
933 1227 88 26 talaren,

197 1256 134 21 framställde
351 1256 50 21 herr
416 1256 132 21 talemannen
565 1256 27 26 pä
608 1256 92 26 begäran
716 1256 132 26 proposition
864 1256 6 21 i
885 1255 81 27 frägan,
983 1256 38 21 och

198 1287 76 24 antogs
287 1284 223 27 jemkningsförslaget
525 1286 52 19 nära
592 1290 42 21 nog
650 1285 108 26 enhälligt.

267 1341 91 21 Ständet
380 1341 111 26 godkände
515 1341 94 21 härefter
632 1341 232 26 sammanjemkningen
887 1341 60 20 äfven
967 1341 56 21 hvad

198 1370 109 25 ingressen
323 1370 32 20 till
371 1369 215 27 kyrkolagsförslaget
601 1369 83 26 angick.

267 1425 180 21 Sammanfattadt
467 1426 5 20 i
494 1426 32 20 sin
546 1426 78 25 helhet,
647 1426 44 20 blef
705 1426 97 20 ständets
817 1425 76 24 beslut,
910 1427 32 19 att
955 1425 68 26 jemk-

198 1454 164 26 ningsförslaget
383 1454 122 26 godkändes
526 1454 6 20 i
548 1454 39 20 allt
603 1454 72 26 öfrigt,
690 1456 60 19 utom
767 1454 54 21 hvad
838 1453 101 21 beträffar
954 1454 11 25 $
984 1454 37 20 102

197 1482 40 21 och
259 1482 6 21 i
289 1482 152 26 sammanhang
464 1482 85 21 dermed
572 1482 26 27 8$
622 1484 26 19 65
672 1482 39 21 och
734 1483 34 21 66,
790 1482 107 21 äfvensom
920 1482 11 27 $
953 1482 70 25 344,
1011 1478 16 35 i

197 1511 73 21 hvilka
293 1511 65 26 begge
380 1511 91 26 punkter
494 1511 84 21 ståndet
594 1511 46 21 icke
656 1511 49 21 fann
722 1511 78 26 skäligt
815 1510 74 27 frångå
905 1510 46 21 sina
965 1510 58 21 förut

197 1539 82 21 fattade
295 1540 74 20 beslut.
