1103 1803
239 136 54 20 1168
444 140 165 18 Presteståndet.
633 140 56 17 1867.
713 140 25 17 27
750 140 42 21 Maj

277 226 25 27 88
325 226 68 21 5—11
415 225 123 27 godkändes
560 225 28 26 på
610 224 131 22 framställde
761 226 157 26 propositioner
933 225 102 27 enhälligt

209 254 66 26 enligt
297 254 117 21 utskottets
437 253 143 26 betänkande;
603 254 7 20 i
633 253 52 27 följd
700 253 78 21 hvaraf
792 254 36 21 det
843 254 61 21 äfven
919 253 68 21 skulle
1002 254 33 20 till

208 282 125 26 regeringen
349 282 139 21 öfverlemnas
504 283 32 20 att
550 281 118 22 bestämma
682 282 65 27 tiden,
765 282 27 21 då
806 281 151 28 förordningen
967 282 68 21 skulle

209 310 63 22 träda
286 310 8 21 i
309 310 167 27 verkställighet.

279 367 136 24 Reglemente
434 367 108 26 angående
557 366 145 27 inqvartering
716 368 56 19 samt
787 368 110 25 transport
911 367 23 20 af
947 368 88 25 trupper

210 395 40 21 och
265 395 194 27 militärpersedlar.

279 451 26 28 88
322 451 70 22 1—14
407 451 123 27 godkändes
546 450 104 28 enhälligt
664 451 66 26 enligt
745 451 246 22 utskottsbetänkandet.

281 509 12 26 8
310 509 33 20 15.

281 565 90 21 Prosten
393 565 156 25 Rosengren
572 564 113 21 förordade
709 570 75 15 senare
807 564 135 22 alternativet
960 566 21 25 ty
997 570 38 15 an-

211 599 50 15 nars
283 593 68 21 blefve
371 593 39 21 den
425 592 250 27 ingvarteringsskyldige
691 592 69 27 aldrig
774 592 28 21 fri
817 593 59 21 detta
891 592 80 22 besvär.
1001 592 34 21 Dä

211 621 136 21 officerarene
371 621 77 21 afreste
470 621 32 21 till
522 623 72 19 möten
616 621 40 21 och
677 621 137 27 lägerställen
837 621 71 21 kunde
931 621 26 21 de
971 620 61 22 äfven

211 650 100 26 medtaga
325 650 46 20 sina
386 650 97 26 familjer.

280 706 205 26 Kontraktsprosten
498 706 76 20 doktor
584 705 99 21 Hellön
694 706 116 25 tillstyrkte
820 705 59 21 förra
889 705 145 22 alternativets

212 734 119 27 antagande
351 734 22 21 af
393 734 47 21 skäl
459 735 32 20 att
511 733 135 22 officerarens
660 733 68 21 kansli
744 740 27 14 m.
787 739 28 16 m.
830 734 47 21 icke
892 734 70 21 kunde
977 734 56 21 med-

211 764 62 25 tagas
288 762 32 21 till
336 762 142 27 lägerställen,
492 762 38 21 der
544 762 106 21 militären
665 761 70 22 bodde
750 762 7 20 i
772 762 46 21 tält.

280 819 91 20 Prosten
387 818 76 21 doktor
479 818 125 27 Alopaeus
619 819 111 20 anmärkte
746 819 32 20 att
793 818 47 21 icke
857 818 66 21 heller
941 817 93 22 officera-

212 853 49 15 rens
277 847 65 26 familj
358 847 71 20 kunde
444 847 99 26 medfölja
557 846 33 21 till
605 847 73 26 lägret.

281 903 91 22 Prosten
393 903 79 26 Hjelt
493 909 37 15 var
546 903 22 21 af
581 903 43 21 lika
638 903 85 26 mening
739 903 49 22 med
802 905 87 25 prosten
904 903 129 27 Rosengren.

213 931 11 27 8
248 932 25 20 17
295 931 102 27 stadgade
412 931 34 21 väl
462 937 32 15 om
510 931 202 27 militärspersoners
728 931 97 26 familjer,
840 938 49 15 men
905 932 27 21 dä
947 932 35 21 det
997 938 37 14 var

212 960 68 21 kändt
295 961 32 20 att
342 960 135 21 officerarene
491 959 97 27 uppburo
607 962 58 19 stora
687 966 95 15 summor
804 960 229 27 ingvarteringsmedel,

213 988 23 21 sä
252 988 49 21 ville
315 990 87 24 prosten
417 988 59 27 fräga
490 988 85 21 hvartill
591 989 27 20 dä
633 989 62 20 dessa
710 988 159 27 utbetalningar
883 989 69 20 skulle
970 988 63 27 tjena.

282 1045 56 21 Herr
353 1045 133 20 talemannen
502 1044 130 22 framställde
648 1045 92 26 följande
755 1045 141 26 proposition:

284 1100 133 21 Godkänner
431 1099 131 28 högvördiga
578 1100 85 21 ständet
675 1101 70 26 förra
761 1101 51 20 eller
827 1107 75 14 senare
923 1100 112 21 alternati-

214 1130 31 19 vet
261 1128 8 20 i
284 1128 113 21 utskottets
413 1128 151 21 betänkande?
593 1129 40 25 De,
649 1135 43 14 som
708 1128 119 27 godkänna
844 1129 33 20 det
889 1129 70 27 förra
971 1129 63 20 alter-

214 1157 82 20 nativet
310 1163 64 14 svara
386 1157 34 27 ja,
437 1157 31 25 de,
484 1157 73 20 hvilka
572 1159 82 25 antaga
669 1157 35 20 det
719 1163 76 14 senare
810 1164 65 13 svara
891 1157 41 27 nej.

283 1213 130 21 Besvarades
429 1213 47 20 med
491 1213 13 21 5
516 1213 27 26 ja
559 1215 57 18 emot
634 1213 24 21 19
675 1213 46 26 nej;
736 1213 84 21 hvadan
841 1213 81 21 säledes
946 1213 35 21 det
1002 1220 32 14 se-

214 1247 51 15 nare
281 1241 135 22 alternativet
432 1241 22 21 af
467 1241 84 21 ständet
566 1243 82 25 antogs.

283 1297 64 21 Emot
361 1297 93 21 beslutet
468 1298 136 21 reserverade
619 1297 32 27 sig
661 1297 226 27 kontraktsprostarne
899 1298 76 21 doktor
985 1298 50 21 Hel-

214 1325 34 21 lön
264 1325 40 21 och
320 1325 60 22 Sirén
395 1328 55 19 samt
466 1326 136 26 domprosten
618 1326 77 21 doktor
709 1326 63 27 Borg.

283 1381 28 28 $$
328 1382 25 20 16
370 1381 39 22 och
427 1383 24 19 17
466 1382 123 27 godkändes
605 1382 107 26 enhälligt.

284 1438 12 26 8
313 1439 32 19 18.

283 1494 154 26 Kyrkoherden
460 1494 108 21 Castren
583 1494 98 21 biträdde
697 1494 40 21 den
753 1494 55 27 äsigt
823 1494 50 21 herr
889 1494 21 22 C.
927 1494 24 21 A.
968 1494 67 21 Ehrn-

213 1522 49 21 roth
278 1523 32 20 uti
325 1522 31 21 sin
372 1524 57 19 emot
442 1522 118 22 utskottets
575 1522 134 22 betänkande
720 1522 80 27 afgifna
810 1523 130 21 reservation
951 1522 84 22 uttalat.
