1103 1803
295 124 167 17 Presteståndet.
487 124 55 16 1867.
567 124 23 16 31
602 124 48 20 Maj.
812 120 53 20 1231

69 213 92 25 trappan
176 210 33 21 till
224 212 82 22 tronen,
322 210 132 20 framträdde
470 209 53 21 hvar
542 209 54 21 efter
611 215 69 15 annan
699 210 196 22 landtmarskalken

69 240 40 20 och
132 239 78 21 ofrälse
226 238 99 21 ståndens
347 238 101 26 talemän,
464 239 56 20 samt
535 238 57 20 höllo
609 238 45 20 sina
669 237 37 26 tal,
722 238 23 20 af
758 238 73 21 hvilka
846 238 50 21 herr

42 283 5 5 .
68 268 168 26 erkebiskopens
251 267 39 21 här
305 267 77 26 intogs,
398 266 7 21 i
421 266 77 21 svensk
514 266 153 26 öfversättning
682 266 23 20 så
721 266 102 26 lydande:

396 334 70 26 »Herr
481 333 89 21 Grefvel

139 397 11 20 I
165 397 41 26 dag
228 396 36 21 vid
286 396 140 27 landtdagens
448 396 44 21 slut
507 395 76 21 liksom
603 395 36 21 vid
654 396 47 20 dess
717 395 81 27 början,
822 397 23 20 är
860 396 37 21 det

69 425 50 21 med
141 425 86 21 känslor
250 424 23 21 af
293 425 41 20 den
350 425 98 26 djupaste
470 424 98 21 vördnad
583 423 39 22 och
642 423 99 27 lifligaste
763 425 134 20 tacksamhet

70 454 34 21 för
119 453 26 22 de
167 453 103 26 faderliga
285 459 115 20 omsorger,
422 453 72 20 hvilka
509 453 60 20 Hans
585 452 100 27 Majestät
700 452 104 26 Kejsaren
825 453 72 21 städse

68 482 111 27 värdigats
201 488 52 20 egna
269 481 156 26 befrämjandet
440 481 24 20 af
478 481 84 21 landets
576 481 41 26 väl,
638 487 44 14 som
698 481 102 21 Finlands
815 483 82 25 presta-

72 510 62 21 ständ
151 511 39 20 har
204 510 189 21 tillfredställelsen
409 511 31 20 att
455 509 57 22 inför
527 509 32 21 sin
574 509 160 27 stormägtigste
752 509 39 22 och
806 509 91 22 allernä-

72 539 69 26 digste
163 539 101 26 Kejsares
287 539 39 20 och
347 538 129 21 Storfurstes
492 540 49 19 tron
557 544 29 15 nu
601 538 72 21 kunna
687 538 75 26 förnya
784 538 113 21 försäkran

70 573 36 15 om
122 568 31 20 sin
170 567 155 25 oföränderliga
340 567 73 20 trohet
428 567 40 20 och
484 568 55 19 mest
556 566 161 21 vördnadsfulla
739 566 40 21 och
794 567 103 27 innerliga

72 591 149 35 tillgifvenhet.
848 602 2 2 3

141 624 68 20 Dessa
225 624 114 24 tänkesätt,
355 630 45 14 som
417 622 190 22 öfverensstämma
622 623 47 21 med
685 623 36 21 det
736 622 68 22 finska
819 624 78 20 folkets

73 652 107 21 välkända
195 652 40 21 och
250 652 47 20 frän
312 652 80 26 hjertat
407 652 81 26 gäende
505 652 125 20 oförställda
645 651 39 21 och
699 651 137 27 tillförlitliga
846 652 51 21 hän-

72 680 109 27 gifvenhet
196 680 33 21 för
245 680 31 21 sin
293 680 96 26 högsinte
405 680 88 26 Kejsare
510 680 40 21 och
566 679 123 26 Storfurste,
705 680 63 20 hafva
783 680 47 21 icke
845 680 53 21 kun-

73 711 37 18 nat
133 711 64 18 annat
220 710 26 19 än
268 709 123 26 ytterligare
415 708 61 21 lifvas
492 708 40 21 och
548 708 93 21 befästas
662 708 61 21 äfven
738 709 68 20 under
829 709 70 20 denna

73 737 109 26 landtdag,
205 737 32 20 till
252 737 63 21 hvars
331 737 153 26 öfvervägande
505 737 59 20 Hans
579 737 118 26 Kejserliga
713 736 101 27 Majestät
828 737 70 21 täckts

74 765 6 21 i
96 765 67 22 näder
184 765 44 22 läta
251 765 128 22 öfverlemna
395 767 31 20 ett
441 765 105 27 betydligt
567 765 59 21 antal
641 765 115 26 lagförslag
771 765 23 21 af
807 765 91 21 vidtom-

72 794 99 21 fattande
186 794 115 26 betydelse,
316 794 6 21 i
338 794 99 21 afseende
452 793 13 21 å
480 793 178 27 ändamålsenligt
668 793 108 21 ordnande
787 794 40 21 och
837 793 61 27 länge

75 823 80 20 önskad
171 823 120 27 utveckling
306 823 23 20 af
342 823 83 20 landets
441 822 107 27 religiösa,
571 822 89 21 allmänt
675 822 169 27 medborgerliga
859 822 40 21 och

73 851 135 21 industriella
230 851 258 25 samhällsförhällanden;
515 851 40 20 och
580 851 80 20 känner
685 851 31 26 sig
741 851 158 26 prestaständet

75 879 87 27 lyckligt
184 881 33 19 att
239 880 7 20 i
261 879 108 22 afskedets
391 879 117 26 högtidliga
528 879 64 21 stund
610 879 33 20 för
658 879 39 20 allt
712 879 59 21 detta
786 878 22 22 fä
829 879 70 21 uttala

74 908 32 20 sin
123 908 145 27 underdäniga
284 909 39 20 och
338 910 54 19 mest
407 907 161 22 vördnadsfulla
588 907 104 22 erkänsla.

144 936 129 27 Visserligen
296 937 39 20 har
357 937 36 20 det
415 936 92 21 känbart
529 938 63 19 oroat
606 936 91 26 ståndet,
716 937 32 20 att
763 935 51 22 flera
829 936 23 21 af
873 936 26 21 de

75 964 77 27 nädiga
168 965 190 26 propositionerna,
374 965 39 21 och
428 965 65 20 bland
509 965 48 20 dem
573 964 107 27 ätskilliga
695 964 81 27 ganska
794 964 105 27 behöfliga

74 993 41 20 och
137 993 33 20 till
186 999 25 15 en
227 993 34 21 del
277 994 118 21 berörande
417 993 32 21 för
465 993 160 26 presterskapet
640 993 91 26 dyrbara
745 993 153 24 förhällanden,

74 1022 47 20 icke
143 1021 82 21 kunnat
240 1022 34 21 vid
295 1023 69 20 denna
379 1022 103 26 landtdag
497 1022 63 20 vinna
575 1027 25 15 en
616 1021 48 22 fullt
680 1021 105 21 önskvärd
809 1021 88 26 lösning,

75 1056 47 14 men
146 1050 27 20 dä
195 1050 60 21 detta
277 1051 54 20 varit
346 1057 25 14 en
387 1050 97 26 oafvislig
498 1049 52 27 följd
566 1049 22 21 af
602 1050 40 20 den
662 1050 88 20 allmänt
765 1049 71 21 kända
851 1049 48 21 svä-

75 1078 102 26 righeten,
193 1080 33 19 att
240 1079 7 20 i
262 1079 38 20 allt
316 1078 71 21 kunna
402 1078 78 21 förlika
494 1078 79 21 talrika
584 1078 88 26 stridiga
685 1078 159 26 uppfattningar
858 1078 40 21 och

75 1106 110 26 intressen,
210 1107 23 20 sä
255 1107 65 26 vägar
342 1107 85 20 ständet
448 1107 88 26 hoppas,
560 1108 32 19 att
608 1107 53 20 hvad
678 1107 22 20 af
714 1106 68 21 denna
797 1106 101 26 landtdag

74 1135 47 20 icke
144 1135 81 21 kunnat
247 1135 69 21 säsom
339 1137 68 24 sannt,
430 1135 52 26 godt
497 1135 39 20 och
559 1135 101 26 behöfligt
682 1140 68 19 anses,
766 1135 55 20 skall
836 1134 23 21 af
872 1140 26 15 en

76 1169 69 14 annan
168 1163 69 21 säsom
259 1164 77 21 sädant
358 1164 111 20 erkännas.
500 1163 42 21 Det
558 1165 23 18 är
597 1163 47 21 med
660 1163 68 21 denna
743 1163 106 26 lugnande
868 1163 31 20 öf-

75 1191 118 26 vertygelse
215 1192 40 21 och
274 1193 6 20 i
297 1193 68 20 denna
387 1192 56 21 fasta
458 1191 148 27 förhoppning,
628 1191 168 27 prestaständets
820 1191 78 20 ombud

75 1226 29 14 nu
125 1219 27 26 gä
168 1222 32 19 att
215 1220 97 27 ätertaga
327 1221 45 20 sina
387 1221 104 26 egentliga
507 1220 40 21 och
570 1220 32 21 för
618 1220 46 21 dem
680 1221 53 20 kära
749 1219 148 26 befattningar,

75 1248 32 21 uti
129 1248 72 21 hvilka
223 1249 26 20 de
264 1249 67 26 aldrig
347 1249 60 21 skola
422 1249 96 26 upphöra
534 1250 32 19 att
588 1248 31 21 till
635 1249 39 20 den
690 1248 141 25 Allsmäktige
846 1253 53 21 upp-

74 1277 68 20 sända
157 1277 106 26 ödmjuka,
279 1278 121 26 uppriktiga
415 1278 39 20 och
470 1277 64 26 lifliga
552 1277 64 21 böner
632 1277 33 20 för
680 1277 38 20 vär
740 1276 96 27 högsinte
859 1276 40 21 och

75 1305 139 26 högtälskade
229 1306 100 26 Kejsares
345 1306 39 21 och
400 1306 135 24 Storfurstes,
552 1305 48 21 hela
619 1305 52 21 hans
688 1305 54 25 höga
756 1305 88 26 Familjs
859 1305 39 21 och

75 1333 48 22 hela
138 1334 156 27 Kejsarerikets
310 1335 87 20 ostörda
412 1334 61 27 lycka
488 1334 39 21 och
543 1334 97 27 välgäng.
666 1334 33 24 Ja,
715 1333 67 21 mätte
798 1333 48 21 Gud
858 1333 41 20 den

75 1362 134 27 allsmäktige
224 1363 73 21 härtill
313 1363 81 21 skänka
410 1363 32 20 sin
457 1363 80 20 rikaste
553 1363 135 26 välsignelse!
707 1362 34 26 Ja,
757 1362 37 21 ske
810 1361 88 22 alltsä!**

144 1431 207 21 Landtmarskalken
367 1431 156 21 öfverlemnade
542 1431 92 20 derefter
645 1430 207 26 landtdagsbeslutet
866 1429 33 21 till

75 1459 53 21 hans
144 1460 92 20 exellens
251 1460 226 26 generalguvernören,
488 1466 44 14 som
545 1459 167 21 hemförlofvade
728 1458 114 21 ständerna
856 1464 43 14 me-

76 1487 55 21 delst
141 1488 131 26 uppläsande
283 1488 23 20 af
320 1488 59 20 Hans
394 1488 112 26 Majestäts
516 1487 87 25 trontal,
618 1487 100 21 affattadt
733 1487 12 21 å
760 1487 64 26 ryska
839 1486 60 27 språ-

75 1516 37 21 ket
135 1516 39 21 och
197 1522 45 16 som
265 1516 134 21 omedelbart
421 1516 93 21 derefter
532 1516 24 20 af
572 1518 100 19 senatorn
687 1516 53 20 Klas
755 1515 144 21 Nordenheim
