1103 1803
304 140 166 18 Presteståndet.
495 140 55 16 1867.
576 140 22 16 13
612 140 46 21 Maj.
823 136 40 20 951

67 226 55 26 ligen
145 228 69 24 sannt,
236 228 33 19 att
290 226 38 21 här
343 227 94 19 närmast
452 227 24 19 är
491 224 61 27 fråga
568 224 74 22 endast
657 231 33 15 om
713 225 179 27 penningeanslag

67 254 32 22 för
113 255 81 25 skolan,
211 254 38 21 och
265 256 31 19 att
311 260 48 14 man
375 253 82 21 derföre
472 253 42 21 kan
530 254 57 25 säga,
604 254 31 20 att
651 252 75 22 liksom
742 254 40 20 den
798 254 94 22 enskilde

68 283 123 21 menniskan
206 282 45 21 icke
267 282 64 21 lefver
344 282 21 20 af
378 281 53 21 bröd
447 281 76 27 allena,
538 282 24 20 så
578 282 38 24 gör
631 281 36 21 det
676 281 64 21 också
750 281 46 21 icke
811 283 80 21 skolan.

66 310 41 28 Jag
123 311 85 26 medger
223 310 63 21 också
301 310 6 20 i
323 310 41 21 allo
381 311 31 19 att
427 309 75 21 skolan
518 309 18 27 ej
553 309 65 21 lefver
633 309 23 21 af
668 309 53 21 bröd
736 310 80 21 allena.
843 311 48 21 Men

67 338 42 22 hon
133 338 99 22 behöfver
255 338 53 21 dock
330 338 60 21 äfven
406 338 63 25 bröd;
484 337 40 21 och
540 337 54 21 lider
608 337 42 21 hon
666 337 53 22 brist
734 338 72 27 derpå,
822 340 24 20 så
861 339 30 20 in-

66 367 77 20 verkar
166 367 68 20 denna
256 366 53 21 brist
323 372 45 15 mer
390 366 51 21 eller
456 365 81 22 mindre
560 365 87 26 menligt
661 366 27 25 på
704 365 36 22 det
755 368 43 19 sätt
813 367 79 26 hvarpå

67 394 42 21 hon
133 395 41 20 kan
197 394 92 27 uppfylla
304 394 31 21 sin
358 394 54 26 höga
427 393 155 22 bestämmelse.
613 393 72 26 Enligt
701 393 39 22 den
756 397 71 19 senast
842 395 50 20 ned-

67 425 57 18 satta
139 422 151 22 skolkomiténs
304 422 83 27 förslag,
401 421 100 22 behöfdes
518 421 32 21 för
571 421 132 22 skolverkets
718 422 6 20 i
740 422 72 21 landet
827 423 65 20 ända-

67 451 123 26 målsenliga
206 450 176 27 omorganisation
398 450 103 27 betydligt
517 449 68 22 ökade
600 450 73 26 anslag
689 451 43 20 mot
748 450 54 25 dem,
821 451 70 21 hvilka

67 485 29 15 nu
111 479 7 21 i
133 479 39 22 och
188 479 32 21 för
235 479 59 21 detta
309 478 96 21 ändamål
420 478 46 21 från
481 478 200 21 statsinkomsterna
691 478 112 21 utbetalas.
827 479 64 22 Detta

68 507 67 21 ökade
151 507 72 26 anslag
238 507 67 21 skulle
321 507 105 20 erfordras
443 509 40 22 1:0)
499 506 33 21 för
547 506 130 21 inrättandet
693 506 21 21 af
728 513 26 14 en
770 506 55 21 skild
835 507 56 21 skol-

67 536 95 26 styrelse,
185 536 43 25 2:0)
244 535 32 21 för
291 535 136 26 utvidgandet
442 534 22 21 af
477 534 55 21 vissa
548 540 28 15 nu
591 534 114 21 bestående
720 535 104 26 läroverk,
848 536 43 26 3:0)

67 564 33 20 för
115 564 128 20 inrättandet
259 563 21 21 af
293 569 41 20 nya
349 563 107 23 läroverk;
472 563 44 23 4:0)
533 562 32 21 för
580 563 92 20 ökandet
683 562 21 20 af
718 563 94 21 lärarnes
826 563 65 23 löner.

68 592 33 20 Då
121 592 124 26 regeringen
259 598 34 19 nu,
313 591 66 21 under
394 590 134 22 förklarande
544 592 32 19 att
593 590 137 22 statsverkets
745 590 113 28 tillgångar
874 592 17 26 ej

68 620 105 25 medgifva
195 619 127 27 beviljandet
345 618 20 22 af
387 619 26 21 de
435 618 32 21 till
482 618 38 22 allt
536 619 59 20 detta
610 618 76 26 nödiga
701 619 107 27 anslagen,
824 620 68 20 öfver-

67 647 80 21 lemnat
169 648 32 20 till
217 648 113 20 ständerna
353 649 31 19 att
399 653 75 20 genom
489 646 115 26 bevillning
619 646 94 22 anskaffa
730 647 68 21 medel
814 648 77 26 härtill,

69 676 39 20 och
133 676 34 20 det
190 682 28 14 nu
241 676 55 20 inom
312 676 83 20 ståndet
416 675 54 21 skall
486 674 131 27 öfverläggas
633 681 40 20 om,
689 676 32 20 för
736 675 80 21 hvilket
831 676 22 20 af
867 676 25 21 de

69 704 90 21 nämnda
175 704 123 21 ändamålen
314 710 41 20 nya
370 703 72 26 anslag
456 703 151 21 företrädesvis
622 704 37 19 äro
675 702 22 21 af
705 703 99 21 behofvet
818 704 75 26 påkal-

69 731 54 24 lade,
146 732 23 21 så
192 738 61 15 anser
273 731 36 27 jag
324 731 73 21 härvid
420 731 38 21 alls
473 731 47 21 icke
542 730 90 21 behöfva
646 730 28 21 bli
693 731 68 26 någon
777 731 59 26 fråga
859 738 34 15 om

69 759 113 27 bevillning
203 760 31 21 för
255 759 129 22 inrättandet
406 759 21 22 af
441 765 26 15 en
482 759 56 21 skild
559 759 142 26 skolstyrelse.
732 759 38 21 Att
786 765 25 15 en
827 760 65 21 sådan

69 788 88 27 styrelse
179 788 53 21 skall
255 788 88 21 inrättas
367 794 60 21 synes
442 788 43 26 mig
500 793 51 15 vara
568 793 24 15 en
609 787 65 21 redan
689 788 23 20 så
734 787 52 26 godt
801 793 45 16 som
862 788 30 21 af-

69 816 60 27 gjord
151 817 44 20 sak.
225 816 40 27 Jag
280 822 61 15 anser
357 816 58 21 detta
429 815 81 26 framgå
526 822 25 14 ur
570 815 133 26 regeringens
720 816 6 20 i
740 815 153 27 sammanhang

69 844 49 21 med
141 844 156 27 propositionen
321 851 33 14 om
377 844 129 27 kyrkolagen
527 843 32 21 till
575 843 114 21 ständerna
703 843 131 22 framställda
848 846 44 19 sär-

69 872 69 21 skilda
159 873 131 26 proposition
306 879 34 14 om
356 879 25 14 en
404 873 64 20 sådan
484 871 123 27 förändring
622 871 22 21 af
663 872 153 26 domkapitlens
833 878 60 20 orga-

70 900 97 27 nisation,
191 903 31 19 att
244 901 150 26 skolstyrelsen
417 901 45 20 icke
486 900 73 21 vidare
582 900 83 21 komme
681 902 32 19 att
728 899 21 22 af
764 900 47 21 dem
826 900 67 21 hand-

69 928 79 27 hafvas,
171 935 26 14 en
219 929 131 26 proposition
373 935 44 15 som
439 929 85 26 gjordes
545 928 63 22 också
623 928 65 21 redan
703 928 35 21 vid
752 928 57 21 förra
824 928 69 21 landt-

70 957 73 26 dagen.
175 957 49 21 Man
241 958 66 20 måste
324 957 32 20 väl
371 957 81 21 således
467 957 72 20 kunna
555 958 83 24 antaga,
655 958 32 19 att
701 959 63 23 utväg
779 956 67 21 finnes
861 959 32 18 att

70 985 22 20 af
113 985 26 21 de
161 985 105 21 ordinarie
288 985 196 21 statsinkomsterna
507 984 81 21 erhålla
603 985 77 26 nödiga
697 985 68 20 medel
781 984 31 21 till
828 985 65 20 inrät-

69 1013 65 21 tande
157 1013 21 21 af
201 1014 68 21 denna
291 1013 66 21 skilda
373 1013 140 27 skolstyrelse.
545 1013 33 20 En
598 1013 65 20 sådan
679 1012 87 27 styrelse
782 1019 61 14 anser
856 1013 37 26 jag

70 1041 64 21 också
157 1047 49 16 vara
228 1043 27 25 på
279 1042 36 20 det
337 1041 74 26 högsta
434 1041 21 21 af
476 1041 100 21 behofvet
596 1041 98 26 påkallad
709 1041 39 20 och
762 1041 36 25 jag
812 1041 81 25 glädjer

69 1069 43 26 mig
127 1070 22 19 åt
165 1069 78 26 hoppet
258 1071 32 18 att
305 1069 40 20 den
361 1071 58 19 snart
434 1069 54 21 skall
504 1069 86 20 komma
606 1070 32 19 att
653 1069 139 26 organiseras.
815 1068 76 21 Skälen

69 1096 32 21 för
125 1097 68 21 denna
215 1098 42 20 min
273 1097 54 26 åsigt
342 1097 39 21 har
393 1097 36 26 jag
444 1097 34 20 vid
500 1096 51 21 fere
567 1096 102 26 tillfällen,
692 1098 71 19 senast
778 1097 6 20 i
800 1097 92 26 pedago-

69 1125 60 25 giska
151 1125 132 26 föreningens
298 1125 92 21 tidskrift
405 1125 32 21 för
461 1125 60 26 1865,
538 1125 105 27 vidlyftigt
659 1124 76 21 uttalat
750 1125 40 20 och
804 1124 40 21 har
857 1125 35 26 jag

70 1153 37 20 der
129 1153 60 21 äfven
205 1154 48 20 sökt
268 1153 125 26 vederlägga
409 1153 26 21 de
450 1153 46 21 skäl
514 1153 73 21 hvilka
602 1153 83 21 anföras
701 1153 100 21 deremot.
831 1153 61 20 Dock

69 1180 78 21 önskar
166 1181 37 26 jag
218 1181 46 21 icke
287 1181 67 21 denna
369 1181 87 27 styrelse
471 1182 24 20 så
510 1183 145 24 sammansatt,
671 1187 45 15 som
731 1181 93 20 komitén
838 1180 54 21 före-

69 1208 69 27 slagit.
168 1209 50 21 Men
241 1210 72 21 derom
334 1215 61 15 anser
415 1210 36 25 jag
466 1209 42 26 mig
530 1209 46 21 icke
598 1215 29 15 nu
642 1209 52 21 böra
709 1209 46 26 afge
771 1209 65 26 något
850 1210 41 25 ytt-

68 1237 72 20 rande.
171 1237 62 21 Hvad
249 1239 64 25 angår
329 1238 25 20 de
370 1237 66 27 öfriga
450 1237 133 26 ändamålen,
599 1237 32 21 för
646 1237 71 21 hvilka
732 1237 72 26 anslag
819 1238 37 19 äro
872 1235 22 22 af

68 1265 69 20 nöden
161 1265 38 20 och
222 1266 33 21 för
275 1266 81 21 hvilkas
375 1266 121 21 erhållande
511 1272 29 14 nu
555 1265 115 26 bevillning
686 1265 109 26 begärdes,
818 1264 74 21 tvekar

66 1293 37 26 jag
119 1293 16 26 ej
153 1295 30 18 ett
199 1293 111 27 ögonblick
325 1296 32 19 att
372 1294 72 21 förena
459 1294 42 26 mig
516 1294 48 21 med
580 1294 54 25 dem,
650 1293 71 21 hvilka
737 1299 50 15 anse
802 1292 90 21 förbätt-

68 1321 76 21 randet
159 1321 21 21 af
193 1321 94 22 lärarnes
303 1322 59 21 löner
377 1322 73 21 främst
465 1321 52 22 böra
532 1322 86 21 komma
632 1321 6 21 i
650 1321 64 27 fråga.
738 1321 153 26 Skollärarnes,

67 1349 122 27 isynnerhet
205 1350 25 21 de
245 1350 58 27 lägre
317 1350 100 26 lärarnes,
434 1350 138 21 ekonomiska
582 1349 99 27 ställning
697 1351 23 20 är
730 1349 23 21 så
762 1349 131 27 bekymmer-

68 1383 45 16 sam
136 1377 57 22 såväl
210 1379 47 20 med
273 1378 97 21 afseende
385 1379 13 20 å
421 1379 46 20 dem
483 1378 79 27 sjelfva,
579 1384 45 15 som
640 1378 48 21 med
703 1377 99 22 afseende
816 1378 13 20 å
844 1377 49 20 sko-

68 1405 46 22 Jans
137 1406 67 25 bästa,
220 1408 32 19 att
265 1407 36 26 jag
316 1413 61 14 anser
393 1407 35 21 det
442 1413 51 14 vara
504 1413 26 14 en
552 1406 131 21 samvetssak
697 1405 33 22 för
744 1405 52 21 hvar
812 1405 39 21 och
866 1411 26 14 en

68 1440 45 15 som
130 1435 35 20 det
181 1435 47 25 kan,
252 1437 31 18 att
299 1435 47 20 med
369 1435 31 20 sin
416 1437 44 18 röst
482 1434 52 21 söka
550 1434 87 26 bidraga
657 1433 70 21 dertill
742 1435 32 19 att
790 1434 59 20 dessa
864 1432 29 22 lä-

67 1468 60 15 rares
142 1462 60 22 löner
217 1462 28 22 bli
261 1462 135 23 förbättrade.
428 1462 32 21 Då
476 1468 28 15 nu
519 1462 139 21 statsverkets
673 1462 113 26 tillgångar
802 1461 17 25 ej
836 1460 57 21 med-

67 1490 58 27 gifva
146 1490 131 22 inrättandet
299 1490 21 21 af
334 1497 41 20 nya
396 1490 97 22 läroverk
508 1490 52 21 eller
575 1490 22 21 af
610 1496 41 21 nya
665 1490 89 26 tjenster
769 1489 35 21 vid
820 1488 25 21 de
860 1494 33 15 re-

68 1518 42 22 dan
132 1518 115 27 befintliga,
271 1518 39 22 och
333 1519 27 21 då
376 1519 25 21 de
417 1519 61 21 svåra
500 1519 25 21 år
540 1518 76 22 hvaraf
632 1518 73 22 landet
720 1518 54 21 varit
788 1515 105 25 hemsökt,
