1103 1803
299 136 165 17 Presteståndet.
490 136 56 17 1867.
572 136 22 16 16
607 136 47 21 Maj.
817 132 51 20 1001

137 222 41 21 Vid
200 221 155 27 granskningen
379 221 22 21 af
422 222 116 20 utskottets
562 221 133 21 betänkande
719 221 45 21 blef
776 221 119 21 detsamma

69 250 34 20 för
118 250 65 27 öfrigt
199 250 31 20 till
245 250 42 20 alla
303 249 60 21 delar
377 249 116 27 godkändt,
510 251 59 19 utom
585 248 132 22 beträffande
733 250 11 26 8
760 250 20 24 4,
797 250 32 21 till
842 250 52 21 hvil-

69 278 41 22 ken
132 278 85 22 ståndet
232 278 65 26 ansåg
313 279 30 19 ett
359 278 74 26 tillägg
448 278 53 20 böra
516 280 64 24 göras
595 278 6 20 i
618 278 75 20 sådant
709 278 59 26 syfte,
784 280 33 18 att
832 285 61 20 para-

69 307 74 27 grafen
165 307 46 21 icke
234 306 84 21 komme
334 308 33 19 att
381 306 105 21 innefatta
502 306 70 26 någon
588 306 152 26 inskränkning
756 306 33 21 för
805 307 36 21 det
856 306 37 21 fall

70 336 31 20 att
124 335 206 26 försäkringsbolags
347 335 131 25 stadganden
493 334 106 22 innehölle
615 334 146 27 medgifvande
776 334 34 22 för
825 335 68 26 tredje

70 369 48 15 man
135 366 32 18 att
182 363 7 20 i
205 363 72 26 hvarje
293 363 108 23 händelse,
417 363 27 20 då
463 363 41 20 han
520 363 72 20 visade
608 363 32 25 sig
655 369 50 14 vara
721 363 71 20 dertill
807 363 87 21 berätti-

69 392 48 26 gad,
140 391 137 21 utbekomma
298 391 228 26 försäkringssumman
547 393 55 19 samt
617 391 207 26 försäkringsaftalet
840 391 53 22 såle-

70 421 37 20 des
122 419 69 21 blifvit
206 420 27 25 på
249 420 74 20 sådant
339 419 68 21 vilkor
423 419 108 21 afslutadt.
562 419 45 21 Och
623 419 197 21 återremitterades
832 422 60 18 ären-

70 448 36 21 det
128 448 33 21 för
184 448 153 26 omredigering
352 448 6 20 i
374 448 91 21 nämnda
482 448 32 21 del
532 447 31 21 till
579 448 147 25 lagutskottet,
742 448 88 21 hvarom
846 454 46 20 pro-

70 477 157 26 tokollsutdrag
248 477 67 20 skulle
331 477 32 20 till
380 477 96 25 samtlige
492 475 139 22 medstånden
647 476 39 21 och
702 476 142 27 lagutskottet
859 483 34 14 ex-

70 505 114 26 pedieras".

139 591 40 20 3:0.
352 590 94 26 nUtdrag
468 590 23 20 af
512 590 188 26 borgareständets
726 590 108 26 protokoll
858 590 35 20 vid

275 618 129 26 landtdagen
420 618 7 21 i
442 618 135 27 Helsingfors
593 618 39 21 den
651 619 25 20 13
691 618 43 26 Maj
752 619 60 21 1867.

139 675 128 26 Föredrogs:
290 675 234 26 grundlagsutskottets
546 674 81 27 förslag
642 675 33 21 till
691 675 202 27 sammanjemkning

72 703 24 20 af
115 703 101 21 ständens
234 703 121 26 skiljaktiga
371 704 70 20 beslut
456 704 6 19 i
478 704 114 25 anledning
607 704 23 20 af
644 703 76 26 nädiga
736 704 157 25 propositionen

71 731 109 26 angäende
203 732 25 20 de
244 732 127 25 rättigheter
387 731 38 21 och
441 731 152 27 skyldigheter,
610 737 44 15 som
670 731 118 21 tillkomma
804 731 90 22 embets-

72 760 39 21 och
135 760 133 26 tjenstemän,
292 760 83 21 hvilkas
390 760 144 26 befattningar
548 760 110 26 indragas;
675 760 39 20 och
730 766 45 15 som
791 760 102 26 förslaget

71 789 46 20 icke
139 788 88 21 berörde
243 789 26 20 de
285 789 22 20 af
320 788 176 29 borgareständet
511 789 6 20 i
534 789 89 20 ärendet
639 788 81 21 fattade
736 789 76 25 beslut,
828 788 66 27 ansäg

72 817 85 20 ständet
179 817 68 26 nägon
269 817 72 21 vidare
364 817 76 26 ätgärd
455 817 7 20 i
477 817 114 26 anledning
612 817 61 20 deraf
686 817 46 20 icke
748 817 103 26 päkallas,
867 819 27 18 än

71 847 32 19 att
125 845 137 21 medständen
279 845 38 21 och
333 845 133 21 förbemälda
480 845 84 21 utskott
579 845 69 21 skulle
663 851 34 15 om
713 845 113 27 förslagets
840 845 55 21 före-

71 873 104 27 dragning
189 874 7 20 i
211 873 175 27 borgareständet
401 879 75 20 genom
492 874 197 26 protokollsutdrag
703 874 153 21 underrättas".

140 959 42 20 4:0.
354 958 94 27 Utdrag
473 958 23 21 af
517 958 188 27 borgareständets
728 959 106 26 protokoll
859 959 34 20 vid

276 987 127 26 landtdagen
421 987 6 20 i
443 987 135 26 Helsingfors
593 987 39 20 den
651 987 24 20 10
691 987 43 26 Maj
750 987 63 21 1867.

140 1043 127 26 Föredrogs:
298 1043 69 21 Stats-
391 1043 39 21 och
452 1043 243 27 bevillningsutskottets
711 1043 134 27 redogörelse
861 1043 33 21 för

71 1071 155 26 granskningen
249 1072 23 20 af
292 1072 139 20 statsverkets
452 1072 130 25 förvaltning
598 1072 66 21 under
679 1072 51 20 ären
747 1072 146 21 1860—1863.

71 1099 45 21 Och
132 1105 45 15 som
193 1099 176 27 borgareständet
384 1099 66 26 ansäg
465 1101 89 20 ärendet
569 1100 46 21 icke
631 1100 85 26 päkalla
727 1101 71 20 vidare
812 1100 81 26 ätgärd,

71 1127 69 21 skulle
160 1128 75 21 endast
250 1127 198 28 protokollsutdrag
463 1129 48 20 med
527 1129 156 20 underrättelse
699 1135 35 14 om
750 1129 98 20 ärendets
864 1128 30 21 fö-

71 1156 128 26 redragning
221 1156 26 21 de
270 1156 66 27 öfriga
359 1156 88 21 ständen
470 1157 116 24 meddelas,
610 1157 89 21 likasom
717 1157 78 26 jemväl
811 1157 83 26 expedi-

71 1184 169 25 tionsutskottet,
257 1185 6 20 i
278 1184 99 22 afseende
393 1185 12 20 å
422 1185 128 26 vidtagande
566 1185 24 21 af
603 1186 40 20 den
660 1185 12 21 &
687 1185 105 21 utskottet
808 1185 87 21 ankom-

72 1212 76 21 mande
163 1212 91 27 åtgärd".

141 1298 42 20 5:0.
355 1297 94 27 »Utdrag
472 1298 22 21 af
518 1298 187 26 borgareständets
729 1298 107 27 protokoll
861 1298 34 21 vid

278 1326 127 27 landtdagen
421 1327 6 20 i
444 1327 133 26 Helsingfors
592 1327 40 21 den
650 1328 26 20 10
691 1327 43 26 Maj
751 1327 61 21 1867.

141 1382 129 27 Föredrogs:
301 1383 136 27 Högvördiga
459 1383 170 26 prestaständets
651 1390 76 20 genom
743 1383 153 26 protokollsut-

73 1411 52 25 drag
147 1411 34 20 för
204 1411 38 21 den
266 1412 27 21 25
309 1411 100 21 sistvikne
425 1412 54 26 april
495 1412 26 21 de
537 1411 67 27 öfriga
620 1412 89 21 ständen
726 1412 124 21 meddelade
866 1411 30 21 in-

73 1439 102 26 bjudning
197 1442 31 18 att
251 1440 6 20 i
280 1440 153 26 sammanhang
456 1441 48 19 med
520 1441 125 20 ständernas
661 1441 145 25 underdäniga
821 1446 48 14 svar
884 1439 13 21 ä

73 1466 78 27 nådiga
172 1468 165 26 propositionen,
360 1468 109 23 angående
487 1468 149 26 upphäfvande
652 1468 22 21 af
688 1468 115 22 dödsstraff
816 1467 34 21 för
865 1467 31 21 åt-

73 1495 84 27 skilliga
176 1496 58 21 brott
249 1498 54 19 samt
319 1496 131 22 afskaffande
466 1496 24 21 af
504 1497 55 21 vissa
575 1497 98 21 hitintills
688 1497 123 27 begagnade
828 1496 69 20 straff-

73 1526 58 18 arter
147 1524 38 20 och
201 1524 62 21 deras
279 1525 121 21 ersättande
416 1531 76 20 genom
508 1525 68 21 andra
592 1525 66 27 straff,
674 1526 56 20 fästa
742 1526 58 20 Hans
812 1524 85 26 Kejser-
