1103 1803
234 133 58 21 1130
438 137 168 19 Presteständet.
630 138 55 17 1867.
710 138 28 17 24
750 138 48 21 Maj.

205 224 64 26 anlag
291 223 34 21 för
343 224 31 20 ett
393 223 57 27 yrke.
482 222 74 22 Såsom
578 222 200 28 kontraktsprosten
802 222 60 22 Sirén
877 222 65 22 redan
957 222 76 28 anfört,

206 258 51 16 vore
272 252 39 21 hos
327 258 34 15 oss
375 252 62 26 ingen
452 253 52 19 utan
519 251 111 25 målsman;
648 251 79 21 enhvar
737 250 56 28 finge
804 252 31 26 sig
847 250 135 28 förmyndare
993 250 41 22 till-

205 280 116 21 förordnad
344 280 52 21 eller
418 280 39 21 ock
480 280 131 21 företräddes
630 279 51 21 hans
697 279 57 27 plats
769 278 22 22 af
804 278 147 28 fattigvården,
967 284 45 16 som
1027 279 6 21 i

205 308 78 22 sådant
306 308 37 22 fall
365 308 53 26 egde
440 308 77 21 afsluta
538 308 107 21 kontrakt.
675 308 91 21 Talaren
789 308 77 21 trodde
883 308 18 26 ej
918 309 32 20 att
964 308 69 25 någon

206 336 126 27 lämpligare
355 336 133 27 bestämning
506 336 70 22 kunde
591 336 79 22 införas
685 338 28 19 än
728 336 40 22 den
784 336 6 21 i
806 336 157 27 propositionen
978 334 55 22 före-

206 365 81 26 slagna.

276 421 111 21 Professor
411 420 107 22 Geitlin
537 420 142 22 understödde
695 421 136 26 domprosten
848 420 67 27 Borgs
931 420 38 21 och
985 426 49 21 pro-

207 452 47 19 sten
277 449 70 26 Hjelts
369 450 56 26 åsigt
447 449 39 22 och
509 449 64 26 ansåg
593 449 149 26 ridderskapet
756 449 40 21 och
812 449 72 21 adelns
900 449 78 26 förslag
993 448 41 22 för-

207 478 58 27 tjena
280 477 39 22 allt
334 477 104 22 afseende.

277 534 89 21 Prosten
383 534 77 21 doktor
474 534 152 26 Alopaeus
643 533 97 22 biträdde
756 533 60 22 äfven
832 533 146 27 ridderskapet
994 532 39 22 och

207 563 74 21 adelns
296 562 86 27 förslag,
398 569 45 14 som
459 563 42 20 han
516 562 93 21 önskade
624 561 32 21 till
672 562 215 26 kontraproposition.

277 619 144 26 Domprosten
437 618 75 22 doktor
527 618 76 27 Borg
619 618 48 22 ville
683 618 17 26 ej
717 618 73 21 vidare
800 618 85 22 bemöta
895 618 77 22 doktor
983 618 51 21 Hel-

207 647 34 22 lén
257 649 27 19 än
300 648 48 20 med
364 647 40 21 den
421 647 137 27 anmärkning
573 649 31 19 att
620 647 36 21 det
671 646 47 27 låge
733 647 7 20 i
756 646 144 22 handlandens
915 646 40 22 och
970 646 64 22 fabri-

207 676 91 21 kantens
321 677 48 25 eget
391 676 89 20 intresse
498 677 32 20 att
545 676 17 26 ej
579 677 77 24 antaga
671 675 80 22 sådana
766 674 104 27 biträden,
886 681 45 15 som
947 674 16 27 ej
980 674 55 22 hade

207 704 64 26 anlag
286 704 33 21 för
334 704 68 27 yrket.
432 704 74 21 Redan
517 704 59 21 deraf
587 706 33 18 att
630 703 231 26 fattigvårdsdirektion
873 703 97 21 stundom
982 703 52 21 före-

208 732 75 21 trädde
298 732 146 27 förmyndares
459 731 61 22 ställe
535 733 71 26 syntes
622 733 32 20 att
668 731 42 22 alla
725 732 53 21 barn
795 732 17 26 ej
828 731 55 22 hade
895 731 138 27 förmyndare.

278 788 69 21 Sedan
364 788 146 21 diskussionen
530 788 114 21 förklarats
659 788 98 25 afslutad,
773 788 129 22 framställde
917 787 49 22 herr
981 787 53 22 tale-

208 823 91 15 mannen
314 816 93 27 följande
422 816 280 27 omröstningsproposition:

281 873 134 21 Godkänner
437 873 129 28 högvördiga
586 873 85 21 ståndet
687 874 15 27 $
716 875 30 20 29
762 873 138 27 oförändrad
915 873 66 27 enligt
997 873 37 20 nå-

209 902 52 27 diga
277 902 177 27 propositionens
470 902 29 26 af
510 902 99 20 utskottet
629 902 119 27 tillstyrkta
760 902 155 27 formulering,
931 901 51 20 eller
997 903 37 18 ön-

208 930 53 21 skar
283 931 86 20 ståndet
391 933 31 18 att
443 930 70 21 denna
535 931 15 26 $
565 931 145 26 omredigeras
726 931 8 20 i
749 930 218 24 öfverensstämmelse
989 929 47 21 med

208 959 41 20 den
265 959 32 26 af
307 959 152 26 ridderskapet
474 958 39 21 och
528 959 65 20 adeln
609 959 47 20 deri
667 959 133 27 föreslagna
809 958 154 28 förändring?
979 957 55 25 Den,

208 993 45 14 som
274 987 128 27 godkänner
423 987 38 27 $:n
484 987 147 27 oförändrad,
654 994 78 14 svarar
743 989 41 26 ja;
799 988 40 20 den
854 993 45 14 som
914 986 80 21 önskar
1009 993 26 13 en

209 1016 150 20 omredaktion
375 1016 8 20 i
399 1016 219 27 öfverensstämmelse
641 1016 48 21 med
709 1016 42 21 den
776 1016 30 27 af
824 1015 150 28 ridderskapet
997 1014 36 21 och

208 1043 65 21 adeln
285 1044 132 27 föreslagna
432 1044 141 28 förändring,
589 1051 78 13 svarar
682 1045 42 26 nej.

276 1100 131 21 Besvarades
423 1101 47 21 med
487 1101 25 20 16
528 1101 36 26 nej
579 1103 45 19 mot
638 1101 12 21 5
663 1102 39 25 ja;
719 1101 7 20 i
741 1100 51 27 följd
807 1099 94 28 hvaraf
891 1095 14 37 $
912 1100 26 21 29
952 1099 81 21 således

208 1129 96 20 kommer
326 1131 33 19 att
381 1129 141 26 omredigeras
540 1129 7 21 i
567 1129 92 27 enlighet
682 1129 48 22 med
746 1129 40 22 den
799 1128 22 22 af
834 1128 145 27 ridderskapet
995 1127 39 22 och

208 1157 62 21 adeln
287 1157 44 22 deri
346 1157 118 27 föreslagna
480 1157 126 27 förändring.

277 1213 11 28 $
304 1214 27 21 30
347 1214 121 26 godkändes
484 1214 106 27 enhälligt.

277 1271 10 25 $
304 1271 33 20 31.

276 1326 91 21 Prosten
392 1327 76 21 doktor
489 1327 99 26 Bergh
608 1328 65 25 ansåg
690 1329 7 20 ]
718 1334 63 15 mom.
797 1327 21 22 af
834 1327 67 22 denna
916 1327 11 26 $
942 1327 93 21 särdeles

207 1355 124 21 välbetänkt
350 1355 39 21 och
404 1355 114 27 hugneligt.
548 1356 11 21 I
574 1355 99 22 afseende
687 1357 14 20 å
716 1357 12 20 2
744 1362 64 15 mom.
824 1355 114 27 tillstyrkte
953 1355 82 21 talaren

207 1383 130 27 antagandet
352 1383 23 22 af
389 1384 40 21 den
444 1383 22 22 af
480 1384 148 27 ridderskapet
644 1384 38 21 och
698 1385 64 21 adeln
777 1384 118 26 föreslagna
907 1383 128 26 förändring,

207 1413 32 20 att
255 1417 101 21 personer
379 1412 67 21 under
462 1412 87 22 aderton
565 1413 24 20 år
604 1413 18 26 ej
639 1415 51 19 utan
706 1413 102 21 särskildt
822 1412 95 21 tillstånd
932 1411 68 22 skulle
1013 1411 23 22 få

207 1439 108 22 användas
338 1440 31 21 till
393 1441 126 21 nattarbete.
550 1441 62 21 Hvad
632 1441 46 21 åter
697 1441 117 21 beträffade
837 1441 5 21 3
858 1446 70 20 mom.,
943 1441 24 19 så
981 1440 55 20 hade

207 1468 34 22 väl
256 1468 77 27 klagan
349 1468 44 22 ofta
408 1468 52 22 förts
476 1468 96 22 deröfver
587 1471 32 19 att
634 1469 100 27 lärlingar
745 1469 105 21 användes
864 1468 31 22 till
905 1467 131 23 främmande

206 1496 192 27 sysselsättningar,
425 1497 135 27 hvarigenom
584 1497 60 21 deras
667 1497 79 22 lärotid
769 1497 118 27 onödigtvis
909 1496 125 27 förlängdes.

206 1524 75 22 Ehuru
303 1525 161 27 bestämningen
479 1526 6 20 i
502 1526 68 21 denna
585 1526 11 27 $
612 1525 90 27 troligen
718 1525 133 22 framkallats
866 1525 23 22 af
903 1525 59 21 detta
977 1525 59 21 miss-
