1103 1803
248 131 55 21 1096
458 134 165 18 Presteståndet.
648 136 53 16 1867.
726 136 27 16 22
765 136 47 20 Maj.

289 222 24 21 C.
343 221 89 26 Förslag
450 220 32 21 till
504 220 128 27 förordning,
649 221 110 26 angående
781 222 66 20 sättet
868 221 38 21 och
929 221 116 27 ordningen

219 250 32 22 för
267 250 123 26 försäljning
406 249 21 21 af
442 249 41 21 fast
498 249 102 27 egendom
615 250 13 20 å
643 249 79 25 landet,
739 256 45 14 som
800 249 33 21 för
845 249 48 27 gäld
904 252 58 24 tages
974 249 7 21 i
994 252 49 19 mät.

288 301 138 25 Inledningen
449 300 106 22 äfvensom
568 296 49 37 alla
628 300 39 29 till
681 300 111 28 fförslaget
810 300 93 22 hörande
923 300 120 28 paragrafer

219 330 89 26 gillades
324 330 107 26 enhälligt.

288 380 246 23 Utskottsbetänkandet
550 379 42 21 blef
608 379 62 22 alltså
685 380 111 26 godkändt
811 379 31 22 till
854 379 40 22 alla
907 380 64 25 delar,
983 380 60 21 äfven

220 409 134 22 beträffande
368 409 102 26 förslaget
485 410 31 19 att
531 408 31 21 till
577 408 124 26 regeringen
717 408 69 21 skulle
801 408 138 22 öfverlemnas
959 411 30 19 att
1009 408 34 22 be-

219 440 92 19 stämma
326 437 58 21 tiden
407 437 46 21 från
469 436 83 21 hvilken
567 436 128 21 hithörande
705 439 33 19 tre
748 436 148 27 författningar
907 437 65 21 borde
983 438 61 20 träda

218 466 7 21 i
241 465 166 27 verkställighet.

288 517 125 21 Kännedom
429 517 73 21 härom
520 516 68 21 skulle
610 515 123 22 förmedelst
756 516 232 27 protokollstranssumt
1010 523 33 15 re-

220 546 95 26 spektive
331 545 138 22 medstånden
484 547 54 19 samt
553 545 140 26 lagutskottet
709 544 113 22 meddelas.

289 676 101 21 Härefter
405 675 108 27 föredrogs
528 674 112 27 höglofliga
656 675 159 26 ridderskapets
831 675 38 21 och
890 675 71 21 adelns
980 675 62 21 bord-

219 704 64 26 lagda
309 704 166 26 protollsutdrag
500 704 32 20 för
554 704 40 20 den
617 704 23 19 11
667 703 143 21 innevarande
833 703 48 26 Maj,
907 704 134 25 hvarigenom

220 732 158 27 prestaståndet
393 731 95 27 inbjudes
503 733 31 20 att
550 731 84 26 deltaga
649 731 7 21 i
671 738 26 14 en
714 731 131 27 underdånig
860 731 88 27 petition
962 733 79 24 derom,

220 763 32 18 att
268 760 266 21 manufakturdirektionen
550 759 6 21 i
572 759 131 26 Helsingfors
720 760 39 21 och
772 759 157 22 forstinstitutet
944 761 13 20 å
971 759 70 26 Evois,

220 789 70 20 såsom
307 788 104 21 hvardera
427 788 133 21 medförande
576 794 26 15 en
618 790 44 19 mot
677 788 144 21 kostnaderna
836 787 32 22 för
879 788 106 21 desamma
995 788 48 27 föga

220 817 103 21 svarande
339 817 77 21 allmän
433 819 64 24 nytta,
514 817 64 20 måtte
594 817 98 25 indragas
708 817 38 20 och
765 817 25 20 de
806 816 32 21 för
853 816 60 21 dessa
933 817 110 20 inrättnin-

220 851 39 20 gar
274 845 101 26 anslagna
391 844 73 26 medel,
481 845 31 20 till
527 845 23 21 så
565 847 45 18 stor
626 845 33 20 del
675 851 45 14 som
736 851 50 15 vore
808 844 105 27 behöfligt,
936 845 107 21 användas

219 873 33 21 till
268 880 25 14 en
309 874 66 21 sådan
391 873 177 26 omorganisation
588 873 22 21 af
630 873 98 21 tekniska
749 873 119 21 realskolan
883 873 6 20 i
905 873 137 26 Helsingfors,

220 904 32 19 att
268 902 72 21 dervid
356 902 45 26 fyra
417 908 40 20 nya
472 901 128 24 lärosstolar,
616 901 105 27 nemligen
737 908 26 15 en
779 902 6 19 i
800 901 82 26 zoologi
898 901 39 22 och
949 901 93 27 botanik,

220 936 27 15 en
262 930 7 21 i
284 929 204 27 skogshushållning,
512 936 24 15 en
552 929 6 21 i
570 929 163 27 jordbrukslära
755 930 39 21 och
817 936 25 15 en
863 929 7 21 i
885 929 158 22 handelsveten-

220 959 83 26 skaper,
320 958 67 21 skulle
403 958 89 21 inrättas
507 960 54 19 samt
583 958 90 21 berörda
692 959 60 21 skola
776 958 88 21 sålunda
886 958 103 21 ombildas
1011 958 32 21 till

220 989 31 18 ett
266 987 144 26 teknologiskt
425 986 89 21 institut.

288 1039 91 21 Prosten
394 1039 130 20 Borenius
540 1038 54 21 utlät
609 1038 40 26 sig:
665 1038 32 21 för
714 1038 43 21 min
773 1038 33 21 del
819 1038 72 26 tycker
901 1038 35 26 jag
947 1038 38 21 allt
997 1038 46 21 skäl

220 1072 51 15 vara
293 1066 117 21 förbanden
433 1068 31 19 att
486 1068 77 29 antaga
585 1066 158 26 inbjudningen.
774 1066 80 21 Nästan
878 1067 22 20 så
923 1066 58 26 långt
996 1066 47 21 mitt

220 1095 71 20 minne
307 1095 38 26 går
360 1094 94 25 tillbaka,
471 1094 37 21 har
521 1094 36 26 jag
572 1094 48 21 hört
636 1094 78 21 uttalas
730 1093 99 22 behofvet
845 1093 22 22 af
880 1096 31 19 ett
926 1094 116 27 polytekni-

220 1123 50 20 kum
286 1123 6 20 i
308 1123 46 20 vårt
369 1123 56 20 land.
455 1123 73 20 Bättre
544 1125 23 18 är
582 1125 31 18 att
629 1123 63 20 hafva
708 1125 32 18 ett
755 1122 132 27 fullständigt
902 1123 141 26 teknologiskt

219 1151 90 26 institut,
326 1153 33 24 än,
375 1151 69 21 såsom
460 1151 19 20 vi
495 1157 27 14 nu
538 1150 67 26 hafva,
622 1151 124 21 realskolor.
772 1151 73 20 Redan
861 1138 22 33 af
892 1151 35 20 det
937 1151 46 21 skäl
994 1157 49 15 vore

219 1181 31 19 ett
266 1179 75 21 sådant
357 1179 77 27 nyttigt
449 1181 31 19 att
496 1179 24 20 de
536 1180 45 20 små
599 1179 110 27 praktiska
732 1179 101 22 skolorna
855 1179 67 20 blefve
944 1179 99 21 förenade

220 1207 31 21 tili
268 1214 25 15 en
309 1207 103 27 högskola
427 1207 31 21 för
474 1207 124 26 ingeniörer,
615 1207 182 28 maskinbyggare,
814 1207 122 21 mekaniska
951 1207 39 22 och
1008 1208 35 21 ke-

220 1236 67 21 miska
304 1237 131 25 teknologer,
456 1235 122 26 arkitekter,
602 1235 109 24 forstmän,
735 1236 147 25 landtmätare,
903 1236 140 26 jordbrukare

219 1266 54 19 samt
289 1264 125 21 handlande.
444 1264 80 21 Endast
539 1263 46 28 fyra
600 1271 41 20 nya
656 1264 114 21 lärostolar
792 1263 68 22 skulle
882 1263 99 22 behöfvas
1004 1265 38 23 till,

218 1292 92 21 förutom
327 1293 46 20 dem
390 1299 45 14 som
450 1293 64 20 redan
530 1292 67 21 finnas
613 1293 34 20 vid
665 1293 99 20 tekniska
782 1292 126 26 realskolan,
929 1293 112 26 nemligen:

219 1321 20 26 a)
255 1321 6 20 i
277 1320 82 26 zoologi
376 1321 38 20 och
430 1321 92 24 botanik,
539 1321 22 26 b)
585 1321 6 20 i
615 1321 205 26 skogshushällning,
845 1324 17 18 e)
883 1321 160 25 jordbrukslära

218 1349 39 20 och
274 1349 20 26 d)
310 1349 232 26 handelsvetenskaper.
568 1349 73 26 Enligt
656 1355 47 20 pag.
720 1351 12 19 7
749 1349 22 20 af
785 1349 117 20 utskottets
918 1349 125 24 protokolls-

217 1377 78 26 utdrag
311 1379 63 24 utgör
389 1377 95 26 anslaget
499 1377 32 20 för
554 1377 98 22 tekniska
675 1377 120 22 realskolan
811 1378 6 19 i
834 1377 129 26 Helsingfors
987 1377 11 21 f.
1015 1384 26 14 m.

217 1406 86 23 46,560.
329 1405 70 21 Löner
410 1405 32 21 för
454 1406 26 20 de
495 1405 45 27 fyra
555 1412 40 20 nya
611 1405 96 22 lärarene
719 1406 105 21 beräknas
840 1405 32 21 till
887 1405 12 21 f.
916 1412 26 14 m.
961 1407 81 23 16,000.

217 1435 47 25 nytt
280 1433 73 27 anslag
369 1434 31 20 till
415 1434 120 26 samlingar,
551 1433 151 21 laboratorium
718 1441 26 13 m.
763 1440 25 14 m.
834 1448 5 5 =.
871 1450 4 4 .
907 1450 9 8 »
973 1435 70 23 3,000,

783 1473 89 27 tillhopa
887 1473 13 21 f.
917 1480 26 14 m.
961 1474 81 25 19,000.

219 1523 101 21 hvarmed
337 1523 95 27 anslaget
447 1524 31 20 för
493 1524 97 21 tekniska
606 1524 120 22 realskolan
742 1524 90 22 behöfde
848 1524 56 21 ökas.
