1103 1803
295 132 165 17 Presteståndet.
486 132 55 17 1887.
566 132 26 17 22
604 132 47 21 Maj.
813 128 55 21 1103

65 218 155 27 öfvervägande
236 224 33 14 om
285 218 19 26 ej
320 218 90 20 berörde
425 218 66 20 första
503 217 195 26 alternativförslag
708 218 48 20 med
772 217 52 22 eller
838 220 53 19 utan

65 247 114 26 ändringar
194 246 66 21 borde
275 246 72 26 läggas
364 246 31 20 till
410 246 68 26 grund
494 246 33 20 för
542 246 190 20 åstadkommande
748 246 22 20 af
784 252 25 16 en
824 246 67 22 sådan

65 274 126 27 författning
213 275 6 20 i
235 274 140 21 förevarande
397 274 66 26 fråga,
487 274 88 21 hvarom
591 274 43 21 alla
652 274 63 20 stånd
731 274 70 21 kunde
816 275 75 21 förena

65 304 32 26 sig
119 306 55 18 samt
189 302 72 21 hvilka
283 303 114 26 ändringar
420 302 85 21 ståndet
520 303 6 20 i
549 302 77 21 sådant
641 302 38 21 fall
695 302 93 21 önskade
804 303 6 21 i
826 304 64 26 sagde

66 331 193 26 alternativförslag
275 330 89 22 införde.
387 330 69 22 Sedan
473 330 107 26 åtskillige
596 330 68 22 talare
679 333 67 23 yttrat
762 331 31 26 sig
808 332 6 20 i
830 334 61 18 ären-

65 360 43 24 det,
124 360 70 20 beslöt
209 359 91 25 ståndet,
317 359 27 26 på
359 359 156 26 framställning
530 359 23 20 af
567 359 50 20 herr
632 359 203 24 landtmarskalken,
858 362 33 18 att

66 391 78 23 antaga
167 387 36 21 det
224 387 69 21 första
315 387 22 21 af
358 388 103 20 utskottet
484 387 31 21 uti
538 387 48 21 dess
609 387 133 21 betänkande
757 387 134 22 framställda

65 416 128 21 alternativa
215 415 79 26 förslag
316 416 48 20 med
387 415 104 22 förbehåll
508 417 32 19 att
562 415 119 21 diskussion
698 415 68 21 skulle
781 418 40 25 äga
837 422 52 19 rum,

66 445 54 20 dock
143 445 75 20 endast
241 444 108 27 angående
372 444 176 21 bufvudvilkoren
565 444 51 25 deri,
640 444 106 21 hvarefter
761 445 129 26 granskning

65 473 94 26 företogs
175 473 22 20 af
211 473 92 26 följande
318 472 123 27 paragrafer
456 472 23 21 af
493 472 112 26 förslaget:

134 530 47 21 Den
203 530 31 21 uti
251 529 11 28 &
279 529 12 21 3
311 529 122 26 föreslagna
447 529 85 21 skatten
555 529 23 21 af
592 535 25 15 en
634 529 59 21 mark
712 529 33 20 för
761 529 71 27 hvarje
848 529 42 21 till-

66 558 79 20 verkad
168 558 70 20 kanna
253 558 88 20 bränvin
357 558 129 26 godkändes,
502 558 107 20 äfvensom
628 557 161 21 föreskrifterna
804 558 30 20 uti
851 559 12 19 6
879 558 10 27 $

65 586 110 26 angående
191 588 65 19 sättet
271 586 33 20 för
319 586 148 21 förvärfvande
484 586 22 21 af
522 586 103 26 rättighet
640 587 33 19 att
688 586 98 20 tillverka
802 586 88 21 bränvin

66 616 55 19 samt
137 615 25 20 de
179 615 37 21 der
231 614 111 21 bestämda
357 614 76 27 högsta
448 614 40 21 och
504 614 78 21 minsta
601 614 231 27 tillverkningsbelopp.

135 671 78 21 Såvida
229 672 26 26 $$
271 672 12 20 9
300 671 39 21 och
357 672 25 20 10
396 672 106 20 innehölle
519 672 75 20 endast
610 671 80 21 sådana
703 672 188 26 reglementariska

66 699 135 21 föreskrifter
215 700 109 25 angående
341 700 119 21 kontrollen
476 700 6 20 i
499 700 159 25 brännerierna,
676 700 71 20 hvilka
762 700 47 21 icke
824 700 66 25 lämp-

66 728 55 26 ligen
137 728 66 21 borde
219 727 66 22 blifva
299 728 89 21 föremål
403 728 33 21 för
451 728 132 27 lagstiftning
598 727 23 22 af
634 727 68 27 bägge
718 728 171 26 statsmakterna,

66 758 52 19 utan
141 756 87 21 hvarom
253 757 35 20 det
311 756 66 21 borde
395 756 28 26 på
439 757 102 26 styrelsen
557 756 114 21 ankomma
686 758 32 19 att
730 757 53 20 efter
798 758 93 19 omstän-

66 785 126 26 digheterna
213 785 108 26 förordna,
337 785 67 20 skulle
428 785 96 21 ståndets
546 785 72 20 beslut
640 791 33 14 om
696 785 60 20 bifall
778 785 33 21 till
830 785 61 21 dessa

65 813 124 26 paragrafer
205 813 100 21 aflemnas
320 813 75 21 endast
411 813 70 21 såsom
497 815 31 19 ett
543 813 118 21 utlåtande.

134 874 122 22 Utskottets
279 875 132 21 betänkande
434 875 132 21 beträffande
584 876 28 21 46
632 876 10 25 $
663 875 123 26 godkändes
800 875 33 21 till
849 875 42 21 alla

65 903 66 21 delar.

135 960 42 21 Det
192 961 30 20 uti
239 961 26 26 $$
281 961 26 20 57
324 960 38 21 och
379 961 26 20 63
421 961 128 20 omnämnda
559 961 79 20 minsta
653 960 77 27 belopp
742 960 88 21 bränvin
846 966 44 15 som

66 988 55 27 finge
144 991 51 18 utan
216 988 134 30 förpassning
373 989 77 20 forslas
472 989 110 21 bestämde
605 989 86 20 ståndet
705 988 34 21 för
754 989 32 20 sin
802 989 32 20 del
858 989 33 21 till

65 1017 42 21 fem
122 1017 89 21 kannor.

135 1078 10 27 $
162 1080 27 19 62
205 1079 66 20 borde
286 1079 57 26 lyda:
360 1081 49 24 ,när
424 1079 91 26 lagligen
531 1079 124 21 tillverkadt
670 1080 88 20 bränvin
775 1079 32 20 till
822 1080 69 20 utlan-

65 1106 48 21 det”
129 1109 40 19 etc.
185 1107 28 26 pä
228 1107 35 21 det
279 1107 173 27 ursprungsbevis
468 1107 66 21 måtte
551 1108 71 20 kunna
643 1110 123 24 exportörer
782 1107 109 22 affordras.

135 1169 40 21 Till
191 1169 11 26 $
219 1169 26 20 66
261 1171 75 24 antogs
352 1169 162 27 ifrägavarande
530 1169 90 27 förslags
636 1176 73 15 senare
725 1170 119 21 alternativ.

134 1230 57 22 Frän
214 1231 12 27 $
241 1232 27 20 63
291 1232 68 21 skulle
375 1232 77 21 orden:
469 1233 60 26 ,med
544 1232 51 21 flere
611 1234 26 19 än
654 1239 25 14 en
694 1232 102 27 redskap*
812 1231 79 22 uteslu-

65 1261 34 19 tas
115 1259 38 21 och
170 1260 6 20 i
193 1261 217 20 öfverensstämmelse
427 1261 86 20 dermed
528 1261 63 20 äfven
602 1261 61 21 ordet
679 1261 47 26 ,en*
742 1260 88 21 framför
845 1261 47 20 red-

65 1288 53 25 skap
134 1288 31 20 uti
181 1288 10 27 $
208 1290 12 19 5
236 1288 106 21 bortfalla.

135 1349 10 28 $
162 1351 27 20 87
200 1357 63 14 mom.
274 1351 13 20 2
303 1351 75 25 skulle,
394 1351 27 26 pä
432 1353 42 19 sätt
486 1351 85 21 ståndet
589 1351 35 21 vid
640 1352 69 20 denna
718 1351 70 26 frågas
799 1351 94 21 behand-

65 1378 43 27 ling
124 1379 40 20 den
181 1380 11 19 2
209 1379 6 20 i
232 1379 67 21 denne
321 1379 76 21 månad
413 1380 94 26 beslutit,
523 1380 82 21 erhålla
625 1380 93 26 följande
734 1379 88 27 lydelse:
838 1385 55 21 ,me-

65 1407 34 20 del
123 1407 70 21 dertill
209 1407 51 27 utgå
275 1408 6 20 i
297 1408 94 25 enlighet
413 1408 48 21 med
478 1409 10 25 $
505 1409 12 20 3
533 1415 25 14 ur
574 1409 40 20 den
630 1408 90 21 influtna
736 1408 98 21 bränvins
850 1408 43 21 till-

64 1435 209 26 verkningsskatten.

134 1463 39 21 Om
197 1464 90 20 berörde
311 1464 69 21 beslut
403 1464 67 21 skulle
487 1464 59 22 såväl
570 1464 140 22 medständen
726 1471 45 14 som
787 1470 106 14 samman-

64 1493 57 19 satta
144 1492 108 21 ekonomi-
268 1494 55 19 samt
343 1494 63 19 stats-
423 1493 38 21 och
480 1493 235 27 bevillningsutskottet
730 1499 75 21 genom
820 1494 72 24 proto-

64 1519 135 28 kollsutdrag
214 1520 154 22 underrättas".
