1103 1803
300 160 166 19 Presteståndet.
491 162 55 16 1867.
571 162 27 16 28
610 161 49 21 Maj.
814 156 54 21 1183

71 246 72 27 tighet
165 246 32 21 till
219 246 126 21 nattvarden
367 246 40 21 och
427 246 130 26 rättigheten
572 246 32 21 till
620 246 277 26 församlingsförmånerna.

73 274 49 22 Men
137 281 50 15 man
202 274 65 22 borde
281 274 23 26 ju
319 274 61 27 börja
395 274 48 22 med
459 275 36 21 det
510 274 114 26 lindrigare
640 274 90 21 straffet.
760 274 90 22 Talaren
860 281 38 15 an-

73 303 38 27 såg
127 303 82 21 derföre
225 303 84 21 ståndet
324 303 53 21 böra
392 304 79 25 antaga
486 303 252 27 expeditionsutskottets
753 302 87 28 förslag.

143 359 154 26 Kyrkoherden
312 359 71 20 Roos
399 360 79 25 yrkade
494 361 32 19 att
542 360 88 20 ärendet
645 359 73 26 måtte,
735 360 70 21 såsom
816 360 81 27 vigtigt,

73 387 129 26 bordläggas
217 387 32 21 till
265 387 177 27 eftermiddagens
458 387 92 26 plenum.

143 443 89 22 Prosten
247 443 122 26 Hofdahl,
385 443 78 21 doktor
478 444 81 26 Bergh
575 444 40 21 och
630 444 119 27 vicepastor
764 444 133 22 Putkonen

73 478 51 15 voro
141 478 49 15 ense
205 472 48 21 med
268 472 148 27 kyrkoherden
431 473 64 20 Roos.

142 529 50 21 Med
215 529 112 25 anledning
349 528 62 21 häraf
429 529 79 21 beslöts
532 531 32 19 att
581 529 139 21 förevarande
736 530 78 21 ärende
830 529 67 22 skulle

74 557 51 21 bero
141 557 33 21 till
190 557 53 21 efter
259 557 118 26 middagen.

144 693 119 26 Föredrogs
285 693 151 27 lagutskottets
453 693 142 27 betänkande,
611 693 144 21 innefattande
772 694 78 26 förslag
865 693 32 21 till

73 710 205 37 sammanjemkning
301 722 24 20 af
347 722 100 20 ståndens
470 722 130 26 skiljaktliga
623 721 70 21 beslut
713 722 7 20 i
742 710 113 38 anledning
877 722 23 20 af

75 750 59 21 Hans
149 749 118 27 Kejserliga
282 749 111 27 Majestäts
407 749 78 27 nådiga
500 750 132 26 proposition
648 756 34 15 om
698 750 90 27 ändring
802 750 23 21 af
834 738 20 33 1
858 749 39 22 och

75 779 12 20 2
104 778 23 27 88
143 779 12 20 2
171 778 48 26 kap.
235 777 26 22 U.
277 778 23 21 B.
317 780 54 19 samt
387 785 34 14 om
435 779 114 26 gäldenärs
564 778 121 27 skyldighet
701 779 32 20 att
743 779 34 20 vid
788 778 109 21 bristande

73 806 209 27 betalningstillgäng
305 807 79 26 aftjena
407 807 61 20 skuld
484 807 48 21 med
548 807 74 20 arbete
638 807 51 21 eller
705 807 83 21 derföre
803 807 95 26 undergä

74 835 129 26 bysättning,
226 835 69 21 såsom
319 835 39 21 ock
380 835 110 26 angående
512 835 126 27 försäljning
660 835 23 20 af
703 835 42 21 fast
767 835 102 26 egendom
885 835 12 21 ä

74 863 80 24 landet,
171 869 44 15 som
231 863 68 22 blifvit
314 863 33 21 för
362 863 49 27 gäld
427 863 6 21 i
448 865 46 19 mät
509 866 69 24 tagen.

143 919 225 27 Jemkningsförslaget
389 920 123 26 godkändes
535 920 114 27 enhälligt:
673 919 39 22 och
735 919 67 22 skulle
824 921 73 25 proto-

73 947 135 28 kollsutdrag
229 948 99 21 häröfver
349 948 109 21 tillsändas
480 949 120 26 respektive
623 948 138 21 medständen
780 950 56 19 samt
851 948 45 27 lag-

73 976 113 21 utskottet.

143 1117 120 26 Föredrogs
285 1118 151 26 lagutskottets
456 1118 296 27 sammanjemkningsförslag
768 1117 131 22 beträffande

74 1145 101 21 ständens
198 1146 122 27 skiljaktiga
340 1147 70 20 beslut
432 1147 7 20 i
460 1146 114 27 anledning
590 1147 22 20 af
626 1146 59 21 Hans
701 1147 118 25 Kejserliga
834 1145 65 27 Maje-

74 1175 54 20 stäts
150 1174 77 26 nädiga
249 1175 130 26 proposition
403 1181 33 14 om
458 1175 173 26 konkursstadga
652 1174 33 21 för
701 1174 198 21 storfurstendömet

75 1202 97 21 Finland.

143 1259 320 27 Sammanjemkningsförslaget
485 1259 124 27 godkändes
633 1259 112 27 enhälligt;
768 1259 39 21 och
831 1258 68 21 skulle

73 1287 120 21 kännedom
210 1287 74 22 härom
300 1288 107 21 meddelas
423 1288 119 26 respektive
559 1288 139 21 medständen
714 1290 54 19 samt
781 1287 118 27 lagutskot-

73 1317 32 19 tet
119 1315 125 22 förmedelst
259 1316 77 27 utdrag
351 1316 22 21 af
387 1316 137 27 protokollet.

141 1462 83 22 Doktor
245 1463 142 26 Alopaeus
409 1464 104 25 anmälde,
536 1465 32 19 att
591 1464 42 20 han
653 1463 67 21 under
736 1463 108 21 sessionen
859 1462 40 21 fätt

73 1493 108 25 emottaga
204 1493 31 19 ett
250 1492 138 21 meddelande
404 1492 23 20 af
441 1492 143 21 ordföranden
599 1492 7 20 i
622 1493 154 19 sammansatta
791 1490 108 21 ekonomi-

73 1521 55 19 samt
151 1522 63 19 stats-
236 1520 39 21 och
298 1520 233 27 bevillningsutskottet
551 1521 72 20 derom
640 1522 31 19 att
685 1520 106 21 utskottet
806 1518 93 22 beslutat

72 1549 33 19 att
127 1548 22 21 ät
169 1548 223 26 justeringsutskottet
415 1548 130 22 öfverlemna
567 1548 150 27 redigerandet
738 1548 22 20 af
773 1546 126 27 författning
