1103 1803
303 141 165 18 Presteståndet.
493 142 55 16 1867.
571 142 25 16 27
608 142 47 20 Maj.
810 138 53 20 1161

69 226 106 22 användas
190 227 7 20 i
213 226 79 26 arbete,
315 228 51 19 utan
389 232 86 15 snarare
495 228 116 19 motsatsen
634 226 110 22 inträffade
766 229 56 19 samt
843 227 50 22 flere

68 254 222 26 fabriksinrättningar
304 254 6 20 i
325 254 73 21 landet
412 254 74 26 finnas,
499 254 72 21 hvilka
584 254 71 21 kunna
667 254 87 26 erbjuda
767 255 61 23 äfven
840 256 53 20 barn

69 283 68 21 under
152 282 40 22 tolf
205 283 34 21 års
255 282 59 21 ålder
328 282 87 27 lämplig
429 282 161 27 sysselsättning
608 282 40 22 och
662 282 7 21 i
684 282 80 22 sådana
779 282 37 23 fall
831 284 61 22 deras

69 311 103 27 vänjande
195 310 71 22 dervid
289 316 50 16 vore
360 310 33 21 för
415 311 47 21 dem
486 310 73 27 sjelfva
582 310 48 22 vida
648 310 154 28 förmonligare,
819 314 27 20 än
861 314 31 20 ett

68 340 110 26 sysslolöst
193 338 178 27 kringdrifvande,
386 338 56 22 helst
457 339 26 21 de
499 339 106 21 derunder
624 339 104 26 vanligast
742 340 94 22 saknade
851 340 40 21 till-

68 367 49 22 fälle
133 367 32 21 till
181 367 201 26 skolundervisning.

137 423 11 28 8
164 424 27 21 30
206 423 123 26 godkändes
345 423 64 26 enligt
425 423 149 22 betänkandet.

137 480 29 21 Af
179 481 11 26 8
207 481 23 20 31
248 481 89 25 antogos
353 486 62 15 mom.
432 481 9 20 1
459 480 39 21 och
514 481 13 20 2
543 480 65 27 enligt
624 480 39 21 den
678 480 76 27 nådiga
766 481 125 27 propositio-

69 515 40 15 nen
125 509 39 21 och
180 515 62 15 mom.
259 509 12 20 3
287 508 65 27 enligt
367 508 151 22 betänkandet.

138 565 10 21 I
163 566 23 25 $$
203 565 33 26 32,
252 565 27 21 33
295 565 38 21 och
349 565 27 21 34
391 565 123 26 godkändes
530 565 149 21 betänkandet.

165 622 26 20 35
207 621 74 26 skulle,
297 621 7 21 i
319 621 217 22 öfverensstämmelse
552 621 48 21 med
618 621 95 21 ståndets
729 621 70 21 beslut
813 621 78 21 beträf-

68 648 63 22 fande
145 650 52 20 sista
213 656 60 14 mom.
289 649 22 21 af
324 650 11 26 8
351 650 26 20 29
393 650 56 26 utgå.

137 706 10 21 I
162 706 24 27 88
202 706 81 20 36—41
308 706 87 25 gillades
417 706 151 24 betänkandet,
591 706 88 21 likasom
702 706 55 21 hvad
774 707 66 26 angår
855 706 35 21 be-

69 733 142 22 stämmandet
225 733 23 22 af
261 733 56 22 tiden
342 737 38 18 när
403 733 147 27 förordningen
574 733 66 22 borde
660 734 80 21 träda
734 729 14 35 i
757 734 133 21 verksamhet

69 761 39 22 och
123 761 168 22 framställandet
306 762 21 21 af
337 762 129 27 underdänig
476 762 100 21 anhållan
588 769 33 14 om
634 762 124 21 oinskränkt
767 762 122 27 seglations-

68 790 63 21 frihet
146 789 33 22 för
193 790 210 27 landtmannafartyg.

136 847 108 26 Derjemte
259 847 68 21 beslöt
342 847 174 26 borgareståndet
532 849 38 24 att,
587 847 27 22 då
629 847 38 22 allt
682 847 129 21 fortfarande
822 847 67 21 landt-

69 874 172 28 mannafartygen
256 875 82 26 åtnjuta
353 881 26 16 en
390 876 76 26 mängd
478 876 109 21 förmoner
597 875 39 22 och
647 875 243 26 företrädesrättigheter

67 903 7 20 i
91 903 98 21 afseende
205 903 12 20 å
232 903 135 26 seglationen,
383 903 71 22 hvilka
469 904 46 21 icke
532 904 119 21 tillkomma
665 903 109 21 städernas
792 903 75 28 fartyg,
882 903 7 21 i

68 931 152 26 sammanhang
242 932 47 20 med
311 932 123 21 ständernas
452 933 146 26 underdåniga
612 938 48 15 svar
675 932 13 21 å
703 931 136 22 förevarande
854 932 34 21 nå-

69 959 48 26 diga
139 959 130 27 proposition
291 960 130 26 underdånig
436 960 99 21 anhållan
551 961 66 20 borde
632 962 61 25 göras
709 962 38 23 att,
763 959 32 22 till
810 960 79 21 undan-

67 987 102 26 rödjande
185 987 21 22 af
220 987 136 27 obilligheten
379 989 33 20 vid
436 989 39 21 den
491 989 89 21 sålunda
596 989 92 21 rådande
704 988 106 21 olikheten
824 989 8 20 i
847 990 42 19 rät-

68 1015 91 27 tigheter
181 1017 90 20 nämnde
293 1016 68 27 fartyg
379 1017 95 26 emellan,
490 1017 112 21 städernas
618 1017 69 27 fartyg
701 1017 66 20 måtte
781 1017 7 20 i
803 1016 42 21 alla
860 1016 29 21 af-

67 1043 92 21 seenden
182 1044 103 21 likställas
305 1045 48 21 med
368 1045 233 27 Jandtmannafartygen
618 1045 39 21 och
672 1044 92 22 tilldelas
779 1044 110 22 enahanda

67 1071 113 25 förmoner,
203 1078 45 15 som
271 1072 31 21 för
317 1073 26 20 de
358 1072 130 22 sistnämnda
503 1080 29 13 nu
547 1076 37 18 äro
600 1072 97 27 gällande
713 1072 51 21 eller
778 1072 111 21 framdeles

67 1099 70 21 kunna
153 1100 48 21 dem
217 1100 112 21 meddelas.

135 1155 62 22 Hvad
213 1157 87 20 sålunda
321 1157 96 21 beslutits
432 1157 67 22 skulle
515 1164 76 19 genom
607 1157 194 27 protokollsutdrag
818 1157 71 26 delgif-

67 1189 36 16 vas
119 1184 144 27 medstånden,
279 1185 106 22 äfvensom
401 1185 40 27 lag-
459 1186 40 21 och
514 1185 224 22 ekonomiutskottet*.

135 1240 24 27 C)
175 1240 45 22 från
237 1241 36 21 det
288 1241 129 21 hedervärda
433 1241 157 22 bondeståndet
605 1241 114 27 nemligen:

135 1296 23 27 k)
174 1296 32 21 för
222 1297 40 22 den
277 1298 28 20 24
321 1297 41 27 Maj
380 1299 61 26 1867,
457 1299 24 20 så
497 1298 101 27 lydande:

135 1353 36 25 nS.
186 1353 26 22 D.
243 1354 70 21 Sedan
327 1354 162 27 bondeståndet,
502 1361 77 20 genom
590 1354 109 21 skrifvelse
710 1354 46 21 från
766 1353 124 27 justerings-

67 1381 110 26 utskottet,
201 1383 111 26 emottagit
327 1383 161 26 underrättelse,
505 1385 32 19 att
552 1383 22 21 af
588 1383 236 26 expeditionsutskottet
838 1388 52 20 upp-

67 1411 42 20 satt
125 1409 40 22 och
180 1410 22 21 af
216 1410 149 22 förstbemälda
381 1411 82 21 utskott
478 1411 118 26 granskadt
610 1411 79 26 förslag
704 1410 32 21 till
751 1409 140 26 underdånigt

67 1444 48 14 svar
136 1439 13 19 å
172 1439 58 20 Hans
255 1439 116 26 Kejserliga
396 1439 111 27 Majestäts
530 1439 78 26 nådiga
631 1439 130 26 proposition
784 1438 107 26 angående

67 1466 125 26 tryckfrihet
207 1466 7 21 i
228 1466 90 22 Finland
341 1467 38 21 och
403 1474 33 14 om
452 1467 94 21 vilkoren
562 1467 32 21 för
610 1467 48 21 dess
673 1466 143 27 begagnande,
831 1466 7 19 i
853 1466 38 25 går

67 1493 74 27 blifvit,
165 1494 35 21 det
222 1495 89 21 svenska
333 1495 129 27 exemplaret
478 1496 28 20 kl.
523 1497 24 19 11
565 1496 45 20 före
633 1496 39 20 och
694 1496 36 20 det
752 1494 67 22 finska
834 1493 28 21 kl.
878 1494 12 20 6

67 1522 53 21 efter
143 1522 118 27 middagen,
277 1524 12 20 &
305 1522 55 22 förut
383 1523 107 22 bestämdt
512 1524 62 21 ställe
590 1524 119 26 bordlagdt,
725 1525 55 19 samt
795 1521 95 22 ständets
