1103 1803
232 142 57 21 1064
439 147 165 17 Presteståndet.
628 148 55 16 1867.
707 148 27 17 20
750 148 50 20 Maj.

276 232 45 21 Och
341 232 66 26 jemte
431 233 37 21 det
490 232 132 22 hedervärda
643 232 157 22 bondeståndet
819 238 75 20 genom
911 232 124 26 deputation

207 261 40 22 och
269 262 118 20 transsumt
409 261 24 21 af
452 260 130 28 protokollet
601 263 57 19 samt
679 261 67 27 öfrige
762 261 119 26 respektive
896 260 139 21 medstånden

207 296 77 20 genom
304 290 236 25 protokollstranssumt
560 290 70 21 skulle
646 290 75 20 härom
738 290 143 25 underrättas,
898 288 138 22 öfverlemna-

207 318 37 21 des
267 318 99 21 ärendets
389 318 73 21 vidare
485 318 128 26 behandling
627 318 34 21 till
677 318 125 21 ständernes
818 318 106 20 allmänna
939 316 97 22 besvärs-

207 346 90 21 utskott.

277 402 73 21 Under
373 402 116 21 anförande
512 402 22 21 af
554 402 143 26 domprosten,
714 402 77 21 doktor
806 402 79 26 Borg
900 401 69 27 afgick
984 401 52 21 härå

209 437 25 15 en
258 431 125 26 deputation
407 430 34 21 för
462 432 34 19 att
511 437 33 14 om
560 431 59 20 detta
635 431 70 20 beslut
721 431 71 20 lemna
806 430 139 21 medstånden
960 429 75 22 under-

208 459 96 21 rättelse.

279 596 173 20 Sammanträdet
467 595 110 27 upphörde
594 594 28 21 kl.
639 595 12 20 2
668 601 17 15 e.
701 600 28 15 m.

767 650 22 17 In
801 650 62 17 fidem:

692 684 59 22 And.
767 683 60 22 John
843 684 122 27 Hornborg.

291 894 163 33 Måndagen
474 894 56 27 den
549 894 35 27 20
602 893 58 34 Maj
681 893 67 28 1867
767 893 41 27 kl.
826 893 32 27 11
877 893 21 26 f.
916 901 39 18 m.

281 968 88 21 Plenum
386 968 108 27 öppnades
509 968 48 21 med
572 968 23 21 af
608 968 202 26 kontraktsprosten
826 967 59 22 Sirön
901 967 71 22 hällen
986 968 49 21 bön.

282 1109 41 20 Vid
345 1109 53 20 härä
419 1108 93 21 anstälät
531 1114 83 21 upprop
630 1109 104 20 befunnos
750 1109 97 26 samtlige
864 1108 173 21 ständsmedlem-

213 1143 46 14 mar
282 1143 52 14 vara
356 1137 105 21 tillstädes
481 1137 48 21 med
544 1137 110 26 undantag
668 1137 23 21 af
704 1137 77 26 biskop
798 1137 125 23 Schauman,
940 1143 44 15 som
1000 1143 37 15 var

213 1165 132 21 illamäende.

283 1222 40 21 Till
339 1222 105 33 justering
465 1222 109 26 upplästes
589 1209 47 34 icke
651 1222 82 21 mindre
748 1223 33 19 ett
796 1221 195 27 protokollsutdrag
1006 1222 33 21 för

214 1251 41 20 den
279 1251 25 20 18
328 1251 79 20 dennes
431 1252 26 19 än
480 1251 38 20 ock
534 1250 40 21 den
588 1250 84 26 jemlikt
688 1250 96 21 ständets
800 1250 58 20 förut
872 1249 81 21 fattade
970 1250 69 21 beslut

213 1281 102 23 uppsatta
331 1278 124 21 skrifvelsen
471 1279 31 20 till
518 1279 99 26 samtliga
632 1279 132 26 domkapitel
780 1278 6 21 i
803 1278 72 21 landet
885 1284 34 14 om
930 1278 108 21 klockare-

213 1306 151 27 postföringen,
381 1307 85 20 hvilken
482 1307 117 25 skrifvelse,
615 1306 54 21 efter
684 1307 70 26 nägon
770 1307 119 20 diskussion
906 1313 33 14 om
950 1306 87 26 formen,

213 1335 49 20 med
278 1335 109 20 obestridd
402 1335 110 26 pluralitet
526 1335 131 26 godkändes.

282 1391 132 21 Protokollet
433 1391 33 21 för
482 1392 39 20 den
538 1392 12 20 6
566 1391 43 27 Maj
626 1391 114 22 bordlades
756 1391 27 27 pä
799 1397 25 15 en
839 1391 65 21 vecka
919 1391 7 20 i
941 1391 98 21 afseende

213 1419 12 21 å
239 1419 104 26 justering
360 1420 23 20 af
397 1419 153 22 diskussionen.

282 1475 121 27 Föredrogs
426 1477 62 20 stats-
509 1476 39 21 och
568 1476 244 26 bevillningsutskottets
828 1475 134 21 betänkande
977 1481 34 15 n:o
1028 1476 11 20 7

213 1503 6 21 i
242 1504 113 26 anledning
379 1504 23 20 af
420 1504 58 21 Hans
493 1504 120 26 Kejserliga
628 1504 112 26 Majestäts
757 1504 78 26 nådiga
850 1504 138 26 proposition,
1005 1510 36 14 an-

213 1532 81 25 gående
309 1532 120 25 utgörande
444 1533 23 21 af
480 1532 115 27 bevillning
610 1532 34 21 för
661 1533 55 21 1868
732 1532 40 22 och
788 1532 121 26 påföljande
925 1532 28 20 år.
