1103 1803
277 126 166 18 Presteståndet.
468 126 56 18 1867.
548 127 27 16 28
588 126 48 22 Maj.
808 122 54 20 1203

66 212 115 22 ständerna
203 211 80 21 aflåtna
297 211 78 27 nådiga
389 212 139 26 proposition,
545 212 59 20 anslå
619 212 140 26 erforderliga
773 213 70 21 medel
858 212 33 21 till

65 240 147 22 förbättrande
227 240 24 20 af
264 240 354 26 elementarundervisningsverket
633 241 7 19 i
655 240 80 21 landet.
766 240 76 28 Någon
852 241 39 21 all-

65 271 49 19 män
130 269 168 26 reorganisation
313 268 22 21 af
349 268 239 22 elementarläroverket
598 269 7 20 i
616 269 60 20 detta
685 268 56 27 syfte
752 269 42 21 kan
807 269 83 21 således

65 297 128 22 åtminstone
208 297 7 20 i
230 297 41 21 den
286 298 107 20 närmaste
408 297 113 21 framtiden
536 297 46 21 icke
599 297 85 21 komma
694 297 7 20 i
712 297 68 27 fråga.
803 298 49 21 Men
863 298 28 20 då

65 325 65 22 bland
151 326 43 20 alla
215 324 106 27 åtgärder,
342 331 45 15 som
402 326 73 20 kunna
490 332 62 14 anses
568 326 64 20 lända
647 325 32 21 till
695 326 195 20 elementarunder-

65 354 120 25 visningens
200 354 69 24 bästa,
284 353 132 21 erhållandet
431 354 23 20 af
467 354 109 25 skickliga,
593 354 84 20 erfarna
693 354 41 20 och
744 354 6 20 i
762 354 64 26 öfrigt
842 354 47 20 fullt

66 381 147 27 qvalificerade
228 381 69 21 lärare
313 382 162 25 allmänneligen
492 383 104 20 erkännes
613 388 50 14 vara
679 382 40 21 den
735 382 7 21 i
757 382 132 21 närvarande

65 410 32 21 tid
118 412 55 19 mest
194 410 191 27 maktpåliggande,
409 412 51 19 enär
482 411 36 20 vid
540 410 108 27 åtskilliga
670 410 99 21 läroverk
784 411 105 20 ordinarie

65 439 95 26 tjenster,
177 439 6 20 i
199 438 53 21 brist
271 438 27 27 på
319 439 107 26 antagliga
449 439 101 26 sökande,
574 439 36 25 tio,
624 439 23 26 ja
662 438 60 27 tjugu
742 438 80 27 gånger
838 439 51 20 årad

65 469 55 19 samt
143 466 128 26 derutöfver,
293 467 55 21 måst
370 467 71 20 anslås
458 467 71 26 lediga
544 467 40 21 och
599 467 99 26 slutligen
714 467 101 26 antingen
830 467 59 21 bort-

65 495 66 26 gifvas
155 495 22 22 åt
192 501 107 21 personer,
322 495 82 21 hvilkas
426 495 88 26 insigter
536 496 56 20 varit
614 495 81 26 ganska
717 495 171 27 knapphändiga,

65 524 52 21 eller
132 525 39 20 ock
186 523 131 22 fortfarande
338 524 105 21 bestridas
458 524 24 21 af
495 524 98 25 vikarier,
610 524 84 20 hvartill
709 530 63 20 unga,
790 524 99 21 oerfarna

65 553 116 25 studenter,
204 552 131 26 afsigkomna
358 552 104 26 skeppare
480 553 40 20 och
536 552 146 20 bokhandlare
697 555 56 17 samt
769 552 71 26 dylika
855 552 34 20 för

65 580 138 21 lärarekallet
218 580 81 21 mindre
315 580 100 26 lämpliga
431 586 101 20 personer
548 581 6 20 i
570 581 54 20 brist
638 580 28 26 på
681 580 72 22 bättre
769 580 68 21 måste
853 586 36 15 an-

65 608 88 26 vändas;
170 609 23 20 så
208 608 39 21 har
263 610 30 19 ett
308 608 156 27 upphjelpande
480 609 23 21 af
517 609 122 26 isynnerhet
654 608 25 22 de
691 615 89 20 svagare
790 608 97 22 aflönade

64 637 109 21 lärarenes
195 636 156 22 löneförmåner
373 637 107 21 befunnits
502 644 52 14 vara
576 637 108 21 allramest
701 637 40 21 och
756 639 96 19 närmast
867 636 23 22 af

64 665 100 21 behofvet
179 664 116 27 påkalladt.
325 665 161 21 Prestaståndet
505 666 40 20 har
560 665 84 21 derföre
659 665 46 21 icke
721 666 81 20 kunnat
817 665 71 26 undgå

64 695 33 19 att
119 693 96 27 behjerta
237 694 60 20 detta
312 694 110 20 ömmande
437 694 141 26 förhållande,
594 696 55 18 samt
664 694 52 20 söka
732 694 69 26 någon
816 695 71 25 utväg,

64 722 136 26 hvarigenom
223 722 64 26 sagde
310 722 132 26 tjenstemän,
465 722 73 21 hvilka
560 723 48 20 med
631 722 99 21 afseende
746 722 13 21 å
774 722 70 25 vigten
866 721 23 21 af

65 751 62 20 deras
142 750 50 26 kall,
207 750 82 27 hvarpå
303 750 48 21 hela
366 751 124 20 samhällets
505 750 91 21 bestånd
612 751 39 20 och
666 750 121 27 utveckling
802 751 7 20 i
820 749 68 22 första

65 779 57 21 hand
145 779 39 20 och
204 779 32 20 till
257 785 26 14 en
306 779 23 20 så
344 779 118 26 väsendtlig
478 779 34 21 del
528 779 74 25 hvilar,
620 779 173 26 ovedersägligen
808 780 38 19 äro
862 779 25 20 de

65 807 106 27 knappast
193 807 96 21 aflönade
312 807 63 21 bland
398 807 42 21 alla
462 809 82 19 statens
566 807 152 24 funktionärer,
741 807 71 20 kunde
835 808 52 19 utan

65 836 135 21 kännbarare
221 835 92 21 kostnad
328 835 33 21 för
376 836 130 21 statsverket
521 835 144 22 tillförsäkras
680 835 56 21 helst
751 835 70 26 någon
836 841 51 20 upp-

64 866 101 19 muntran
187 863 39 22 och
248 864 91 26 lindring
353 865 7 20 i
376 864 61 21 deras
459 865 134 26 sannerligen
611 864 123 26 betänkliga
749 863 138 22 ekonomiska

65 893 88 26 betryck
168 888 56 25 samt
239 892 88 21 beredas
343 894 37 24 ett,
396 899 33 14 om
446 893 39 20 ock
502 893 66 26 ringa,
584 892 24 21 så
623 893 64 20 likväl
703 892 129 26 nödvändigt
848 891 40 22 och

65 921 129 21 välkommet
209 921 75 26 bidrag
299 921 32 20 till
347 921 62 21 deras
424 921 132 26 nödtorftiga
572 921 143 26 lifsbergning.

133 949 12 21 I
159 949 102 21 händelse
281 949 111 21 enahanda
414 949 168 26 lönetillökning,
603 956 45 14 som
663 955 75 20 genom
754 949 68 20 Eders
838 948 49 27 Kej-

65 978 78 25 serliga
158 977 111 26 Majestäts
284 977 77 26 nådiga
375 978 127 26 kungörelse
518 978 24 21 af
556 978 40 21 den
612 978 27 21 30
654 978 88 21 Januari
758 977 55 21 1862
824 983 63 14 mom.

65 1006 13 21 3
94 1006 69 21 blifvit
185 1006 78 27 halfva
279 1006 81 20 antalet
375 1006 22 21 af
411 1006 69 21 lärare
497 1006 40 21 och
552 1006 125 26 lärarinnor,
693 1012 45 15 som
754 1005 34 21 vid
805 1005 82 21 landets

64 1034 217 21 elementarläroverk
296 1035 123 26 tjenstgöra,
434 1035 96 26 stiftsvis
546 1035 80 26 tillagd,
643 1034 95 21 härefter
752 1033 69 21 skulle
836 1035 52 18 utan

64 1062 101 21 afseende
179 1063 28 25 på
222 1062 205 21 stiftsförhållanden
442 1063 94 20 tilldelas
552 1063 41 20 alla
609 1063 54 24 dem,
679 1068 45 15 som
734 1063 8 19 i
752 1063 29 19 tio
795 1062 27 20 år
832 1061 55 21 oför-

64 1091 87 26 vitligen
166 1090 128 27 tjenstgjort,
310 1090 24 21 så
344 1091 83 20 komme
438 1090 50 21 hela
500 1091 245 26 lönetillökningsstaten
756 1091 32 20 att
798 1091 87 24 utgöra:

63 1141 43 21 För
121 1141 28 21 25
164 1141 99 25 lektorer,
281 1141 12 21 ä
309 1142 61 25 1,200
385 1141 61 21 mark
473 1157 1 5 .
505 1158 5 5 .
541 1157 5 4 .
576 1157 5 5 .
612 1158 4 4 .
648 1158 5 5 .
683 1159 4 4 .
719 1141 61 21 F:mk
811 1141 76 26 30,000

82 1186 9 10 »
122 1170 27 20 45
160 1169 97 26 kollegor
272 1169 39 22 och
318 1170 47 21 med
374 1170 47 21 dem
430 1169 121 22 likaställde
560 1169 12 22 &
579 1171 41 20 920
629 1171 61 20 mark
745 1187 9 10 ”
810 1169 77 26 41,400

81 1214 10 10 n»
122 1199 27 19 24
164 1198 59 25 lägre
239 1198 241 26 elementarskollärare,
497 1198 13 21 ä
525 1199 42 20 600
582 1199 61 20 mark
744 1214 10 10 n
811 1197 76 25 14,400

81 1243 10 10 »
122 1227 27 20 22
165 1225 141 27 språklärare,
322 1226 13 21 ä
350 1227 41 21 600
407 1227 59 20 mark
577 1242 40 5 "a
745 1243 9 10 ”
811 1225 77 26 13,200

81 1271 9 10 n»
136 1255 12 20 9
164 1255 125 25 lärarinnor,
305 1254 13 21 &
334 1256 42 20 400
392 1255 60 21 mark
473 1271 1 4 .
505 1271 5 5 .
541 1271 4 4 .
577 1271 5 4 «so
613 1271 5 5 .
650 1271 39 5 0.0.
746 1271 8 10 5
825 1253 63 26 3,600

81 1299 10 10 n»
136 1283 12 20 7
164 1283 135 26 språklärare
311 1283 35 21 vid
363 1283 251 27 fruntimmersskolorna,
626 1283 12 21 å
649 1284 42 20 200

193 1312 62 20 mark
292 1308 75 36 soc
432 1327 42 6 ss
506 1308 19 36 se
542 1328 40 4 ss
630 1327 60 6 rr
731 1308 24 36 RA
826 1311 62 25 1,400

81 1355 9 10 »
122 1340 26 20 19
165 1339 66 27 säng-,
249 1341 130 26 gymnastik-
390 1340 39 21 och
439 1340 105 26 ritlärare,
556 1339 12 22 ä
579 1341 42 20 200
629 1340 61 21 mark
746 1356 8 10 n
826 1339 62 26 3,800

81 1384 9 10 »
121 1368 27 21 20
164 1367 122 34 sänglärare
301 1369 35 20 vid
346 1369 59 26 lägre
423 1369 190 20 elementarskolor
623 1375 27 14 m.
661 1375 21 14 m.

195 1402 12 15 ä
222 1397 27 20 68
265 1397 61 20 mark
361 1414 6 5 .
506 1413 147 5 eee
684 1411 5 6 e
745 1413 9 10 8
826 1396 62 25 1,360

482 1442 53 21 eller
550 1442 141 21 tiilsammans
720 1442 61 20 F:mk
798 1441 90 25 109,160

62 1492 85 21 hvilken
170 1498 83 15 summa
275 1492 76 22 endast
372 1493 49 21 med
444 1494 64 24 2,320
523 1494 62 20 mark
601 1492 141 28 öfverskjuter
755 1492 41 22 den
811 1497 29 14 nu
855 1492 33 19 ut-

61 1520 82 26 gående
166 1520 245 28 lönetillökningsstaten
431 1528 46 14 som
500 1524 64 24 utgör
586 1522 91 26 106,840
699 1521 67 21 mark.
796 1520 50 20 Men
861 1519 27 21 dä
