1103 1803
296 160 152 17 Prestetåndet.
474 160 51 17 1867
549 160 26 16 23
587 159 48 21 Maj.
800 155 56 20 1117

127 241 8 26 8
154 242 19 19 4.

128 297 89 22 Prosten
240 295 145 26 Grönberg
408 295 70 21 kunde
493 294 47 22 icke
556 294 77 22 förlika
648 294 32 27 sig
695 295 47 21 med
758 296 128 26 stadgandet

60 327 31 20 att
113 324 156 22 handtverkare
287 324 27 26 på
328 324 73 20 landet
415 323 131 26 nödvändigt
560 322 68 22 skulle
644 322 65 22 skaffa
724 323 31 27 sig
771 323 93 28 burskap
879 324 7 20 i

60 354 53 25 stad,
138 353 37 21 der
197 352 42 21 han
262 352 97 21 nedsatte
380 352 32 26 sig
434 352 58 20 inom
513 351 81 26 glorian
610 351 22 21 af
646 357 25 15 en
687 352 40 20 viss
744 352 79 21 distans
838 352 47 21 från

60 382 80 21 staden.
170 381 91 20 Prosten
282 380 54 21 hade
358 379 65 22 redan
444 379 35 21 vid
494 379 52 22 sista
560 379 103 26 landtdag
677 379 55 26 gjort
748 380 138 26 anmärkning

60 409 98 22 häremot
180 409 40 21 och
243 408 69 21 kunde
335 410 56 19 ännu
413 407 46 22 icke
481 407 55 22 fatta
559 407 35 21 det
617 407 124 27 rättsenliga
764 408 50 26 deri,
835 410 50 20 utan

60 438 79 27 yrkade
155 439 32 19 att
202 437 58 21 detta
275 437 115 26 stadgande
407 437 66 20 mätte
488 436 47 21 frän
550 435 151 27 författningen
716 436 110 22 uteslutas.

129 499 90 21 Prosten
241 498 78 27 Hjelt
341 498 143 21 understödde
501 499 87 25 prosten
604 497 120 27 Grönbergs
738 498 94 27 yrkande
847 499 39 21 och

61 529 66 26 ansäg
149 528 36 21 det
207 527 81 26 obilligt
311 526 38 21 och
371 527 63 20 härdt
455 533 33 14 om
504 529 16 19 t.
536 533 31 14 ex.
584 526 155 21 handtverkare
754 527 12 20 ä
781 527 105 20 Hirvisalo

61 556 68 21 skulle
152 556 32 20 till
204 549 47 27 Äbo
274 555 48 21 stad
344 555 79 26 nödgas
445 555 73 21 betala
540 554 85 26 afgifter
640 554 32 20 för
687 554 117 21 drifvandet
820 554 21 21 af
854 555 32 20 sin

61 585 75 25 näring
159 584 50 21 eller
232 584 39 21 ock
292 582 187 22 Hirvisaloboverne
501 582 84 26 tvingas
603 584 32 19 att
650 582 65 22 anlita
730 582 156 22 handtverkare

61 612 7 20 i
103 612 34 21 Abo.

131 668 203 26 Kontraktsprosten
349 667 82 22 Sir6n
446 667 77 21 trodde
538 669 32 19 att
586 667 26 21 de
622 666 126 27 föregäende
759 667 64 21 värda
833 667 53 21 tala-

63 702 50 16 rene
135 696 46 22 icke
203 698 43 19 rätt
268 696 85 21 förstätt
374 695 161 27 ifrägavarande
558 695 122 27 stadgande,
696 701 45 15 som
756 695 44 21 helt
816 695 71 21 enkelt

62 724 105 21 föreskref
186 726 32 19 att
239 724 154 21 handtverkare
412 730 44 15 som
472 724 98 20 nedsatte
585 723 32 26 sig
631 724 13 20 ä
659 723 84 21 stadens
759 723 127 26 egoomräde

63 753 52 21 eller
130 753 56 20 inom
201 759 25 14 en
242 752 45 21 half
300 752 35 21 mil
351 752 97 25 derifrän,
465 751 68 22 skulle
548 752 72 21 skatta
635 751 32 21 till
683 751 79 26 staden,
779 751 39 21 och
830 751 58 21 detta

64 787 37 15 var
123 781 93 21 hvarken
238 781 63 20 härdt
316 780 51 21 eller
382 780 117 27 obehörigt,
515 782 23 25 ty
553 786 85 18 annars,
654 779 39 22 och
708 786 34 15 om
757 781 65 24 nägot
836 779 52 22 visst

64 809 82 22 afständ
168 809 46 22 icke
236 809 126 25 bestämdes,
378 809 70 20 kunde
464 808 86 21 stadens
565 808 48 21 hela
628 808 207 26 handtverkarkorps
851 807 37 22 bo-

64 839 57 20 sätta
143 837 31 27 sig
191 837 41 22 fem
248 837 81 21 famnar
343 839 58 19 utom
417 837 86 21 stadens
518 837 30 21 rä.
580 836 107 27 Föröfrigt
698 837 93 20 undrade
806 836 82 21 talaren

65 865 58 22 öfver
138 868 32 19 att
184 867 87 25 prosten
287 865 57 26 Hjelt
359 871 28 15 nu
402 865 7 20 i
425 866 85 20 ståndet
525 865 59 21 förde
598 865 60 26 afvog
669 865 60 20 sköld
740 866 56 19 emot
806 864 83 21 utskot-

65 896 37 23 tet,
125 894 66 21 ehuru
213 895 86 25 prosten
321 894 68 21 säsom
412 893 94 22 ledamot
528 893 60 22 deraf
610 895 57 19 emot
689 893 47 21 dess
756 892 133 21 betänkande

64 922 46 21 icke
125 924 118 19 reserverat
257 922 36 26 sig.

133 979 90 20 Prosten
239 978 76 21 doktor
326 978 47 21 Alo
381 984 29 20 po
418 984 48 15 eus
476 978 105 21 instämde
591 978 7 21 i
608 977 199 27 kontraktsprosten
818 977 71 21 Siréns

65 1007 98 27 yttrande
179 1009 54 19 samt
248 1006 73 21 tillade
336 1008 31 19 att
381 1006 53 21 hvar
449 1007 39 20 och
505 1013 25 14 en
546 1006 54 26 egde
614 1006 33 21 för
662 1008 47 24 eget
724 1006 64 21 behof
797 1005 51 22 eller
858 1005 31 21 till

65 1035 171 26 sjelfförsörjning
258 1035 49 20 idka
323 1035 116 20 handtverk
454 1035 6 20 i
477 1035 51 20 eller
544 1037 58 18 utom
618 1035 81 24 staden,
716 1041 46 14 men
777 1034 53 24 icke,
846 1035 44 20 sta-

66 1063 51 21 dens
133 1063 172 20 handtverkerier
321 1063 30 20 till
366 1063 88 26 förfäng,
471 1063 67 20 drifva
552 1063 94 20 rörelsen
661 1062 166 25 fabriksmässigt
842 1061 48 21 med

65 1091 62 26 legda
142 1091 103 21 arbetare.

134 1147 90 21 Prosten
247 1147 138 26 Grönberg
407 1147 80 20 vidhöll
509 1147 37 21 sitt
569 1147 116 26 pästäende
701 1148 31 19 att
747 1146 41 21 alla
804 1146 25 21 de
844 1151 46 15 som

66 1175 69 21 bodde
158 1176 27 25 pä
207 1175 79 25 landet,
302 1175 45 21 icke
362 1175 67 21 borde
443 1175 73 21 skatta
530 1175 32 20 till
578 1175 80 21 staden.
689 1175 10 20 I
715 1174 98 27 Messuby
828 1173 61 21 fanns

66 1203 65 21 minst
155 1204 64 24 2,000
241 1209 100 21 personer
361 1209 44 15 som
421 1203 71 21 bodde
506 1203 88 21 alldeles
608 1203 57 20 invid
681 1202 140 21 Tammerfors
836 1201 55 26 stad,

66 1231 99 26 ätskiljde
181 1232 90 21 derifrän
287 1232 74 21 endast
375 1231 22 21 af
411 1231 40 21 den
467 1231 44 22 lika
522 1231 118 21 benämnde
650 1231 76 21 forsen.
747 1231 66 20 Desse
823 1229 68 21 skulle

67 1260 27 21 dä
115 1259 83 26 tvingas
220 1260 56 27 köpa
297 1262 15 19 t.
336 1266 30 15 ex.
389 1260 46 21 sina
456 1259 104 27 skoplagg
576 1259 6 21 i
597 1259 82 21 staden.
709 1259 33 21 En
756 1257 134 28 besynnerlig

67 1287 154 27 näringsirihet.

135 1344 89 21 Prosten
247 1344 73 27 Hjelt
335 1344 50 21 sade
401 1346 31 19 att
446 1344 43 21 han
505 1344 75 21 endast
596 1344 64 21 vändt
675 1343 32 27 sig
722 1345 56 19 emot
794 1342 97 26 stadgan-

67 1373 36 20 det
125 1374 33 19 att
180 1379 26 14 en
228 1373 161 26 handtverkare,
412 1379 45 14 som
481 1379 37 14 var
533 1372 72 21 bosatt
620 1373 13 20 &
648 1372 78 24 landet,
743 1371 67 21 tillika
826 1370 67 21 skulle

67 1407 39 20 ega
129 1401 92 26 burskap
244 1401 6 20 i
273 1401 47 21 stad
340 1401 38 21 och
393 1401 71 21 skatta
480 1400 56 21 bäde
552 1400 32 21 till
600 1400 69 21 lands-
686 1400 38 21 och
740 1399 153 22 stadskommu-

67 1435 48 19 nen,
139 1429 70 21 derest
222 1429 43 21 han
281 1429 92 21 önskade
389 1429 78 26 gvarbo
483 1429 8 20 i
506 1429 86 21 stadens
607 1429 81 20 närhet.
718 1428 42 20 Det
775 1427 58 21 hette
848 1427 43 21 väl:

68 1473 9 8 v
82 1457 47 21 med
153 1457 82 21 biträde
256 1457 22 21 af
291 1457 60 26 legde
367 1458 115 25 arbetare",
498 1462 48 15 men
562 1456 54 21 huru
632 1456 68 21 skulle
715 1458 15 19 t.
747 1462 30 14 ex.
794 1461 25 16 en
835 1454 58 22 smed

67 1485 38 21 sko
121 1492 26 14 en
163 1485 48 21 häst
220 1487 50 19 utan
282 1486 58 26 legdt
353 1485 89 21 biträde.
466 1484 136 22 Beträffande
613 1484 198 26 kontraktsprosten
822 1482 72 22 Siréns

67 1514 146 26 anmärkning,
234 1514 23 20 så
281 1520 36 15 var
337 1516 84 24 prosten
444 1513 47 21 icke
514 1514 23 20 så
560 1513 99 26 egenkär,
679 1514 32 19 att
726 1514 84 24 prosten
826 1510 69 22 skulle

67 1544 118 19 reserverat
201 1542 30 26 sig
246 1542 7 19 i
269 1541 70 26 hvarje
354 1541 84 21 småsak
453 1541 33 20 för
501 1544 32 18 att
548 1541 87 20 inverka
651 1541 26 26 på
693 1540 41 21 alla
744 1540 45 27 fyra
798 1538 95 23 stånden.
