1103 1803
304 123 166 17 Presteståndet.
494 124 55 16 1867.
575 124 22 16 17
609 123 48 21 Maj.
816 119 52 21 1027

71 209 41 26 las;
128 209 30 26 så,
174 208 41 22 och
230 208 27 21 då
272 208 57 21 inom
345 208 105 21 utskottet
466 208 57 21 olika
538 208 161 27 uppfattningar
715 209 23 21 af
752 209 100 21 ärendets
862 208 36 22 be-

71 237 118 22 skaffenhet
211 237 57 26 gjort
290 237 31 26 sig
343 236 106 27 gällande,
466 237 6 20 i
488 237 36 21 det
540 236 36 21 två
591 236 73 22 stånds
680 237 132 26 deputerade
828 240 71 19 ansett

71 266 32 26 sig
125 266 52 21 böra
198 265 107 26 tillstyrka
327 265 41 21 den
391 265 78 26 nådiga
492 265 170 26 propositionens
682 265 82 27 förslag
779 273 34 15 om
829 273 26 15 en
871 273 28 20 ny

70 294 91 22 komités
176 294 147 24 nedsättande,
339 300 47 14 men
402 294 26 21 de
444 293 36 21 två
495 294 68 20 andra
578 293 101 21 ståndens
695 294 131 26 deputerade
842 295 56 21 velat

70 322 65 22 hafva
150 322 89 21 ärendet
254 322 23 20 af
290 328 29 14 nu
333 322 129 21 församlade
478 322 87 20 ständer
580 322 107 25 slutfördt,
703 322 52 21 fann
770 323 52 21 herr
838 323 59 21 erke-

70 351 103 26 biskopen
196 351 30 25 sig
249 350 119 21 föranlåten
391 352 34 19 att
446 350 34 21 för
502 350 86 21 ståndet
608 350 162 26 tillkännagifva
785 353 33 19 att
833 351 64 21 han
884 346 16 35 i

70 379 107 26 egenskap
199 378 23 21 af
243 378 94 21 ståndets
360 379 99 24 taleman,
476 378 66 27 ansåg
557 379 31 26 sig
604 378 46 21 icke
666 380 39 25 äga
722 379 128 26 befogenhet
864 381 33 19 att

69 407 118 21 framställa
208 407 131 26 proposition
356 407 5 20 i
378 409 72 19 ämnet
465 407 6 20 i
487 407 37 21 det
539 407 60 26 syfte,
616 413 45 15 som
677 413 34 15 om
728 407 114 27 lagförslag
858 408 38 21 här

70 435 68 22 skulle
153 435 61 22 afses.
802 438 3 3 N

138 492 89 21 Prosten
243 491 81 27 Hjelt
339 492 94 26 yttrade:
450 492 40 21 den
506 492 78 26 nädiga
600 492 159 26 propositionen
776 492 83 27 ätföljes
874 493 22 21 af

70 523 32 19 ett
116 521 81 26 förslag
211 521 33 20 till
258 520 147 26 undervisning
416 520 32 21 för
460 521 209 26 räntepersedlarnes
680 521 144 21 beräknande.
854 521 41 22 Det

69 551 24 19 är
117 549 81 21 således
221 549 56 20 klart
299 550 32 19 att
354 549 114 21 ständerna
491 551 37 18 äro
551 549 6 20 i
574 549 31 20 sin
621 549 52 20 fulla
688 551 44 19 rätt
747 551 32 20 att
794 550 100 26 antingen

71 578 114 26 godkänna
207 577 52 21 eller
280 577 96 21 förkasta
399 578 26 20 de
446 577 94 27 grunder
560 576 94 22 komitön
669 577 7 21 i
691 577 66 21 saken
773 578 121 21 framställt.

69 605 37 21 Uti
121 606 105 20 utskottet
242 605 67 21 hörde
321 605 38 27 jag
374 605 32 21 till
423 606 55 25 dem,
494 612 45 14 som
555 605 99 21 biträdde
669 606 40 20 den
725 605 77 27 nädiga
817 613 78 20 propo-

70 634 97 25 sitionen,
189 640 47 14 men
255 634 36 26 jag
306 634 67 20 finner
389 634 26 20 de
430 636 46 19 mot
490 634 107 21 komitöns
612 633 79 27 förslag
706 634 76 26 gjorda
796 635 99 21 anmärk-

69 662 102 26 ningarne
194 668 50 15 vara
259 662 24 21 sä
298 662 144 26 välgrundade
458 664 32 19 att
506 662 54 21 intet
575 662 72 21 tvifvel
663 662 42 21 kan
720 663 78 26 uppstä
814 664 80 25 derom,

69 692 32 20 att
117 691 48 21 hela
180 690 64 22 saken
260 690 39 21 bör
314 690 84 22 förfalla
413 691 32 21 till
460 691 49 21 dess
520 691 147 21 erfarenheten
679 690 118 28 ädagalagt,
808 692 85 20 hvilken

69 719 80 21 verkan
164 718 164 27 myntreformen
344 719 12 20 å
371 719 141 21 förevarande
527 719 61 26 fråga
603 719 35 20 mä
653 719 73 21 utöfva
742 720 39 20 och
797 720 25 20 de
839 722 55 24 steg-

69 747 52 21 rade
137 748 95 26 priserna
247 747 13 21 &
275 748 197 25 räntepresedlarne
489 747 112 21 efterhand
617 747 76 21 hunnit
707 747 69 27 nedgä
788 748 33 21 till
832 748 61 21 deras

69 776 96 21 normala
187 775 83 27 belopp.
300 775 111 22 Utskottet
433 776 40 21 har
494 776 96 26 godkänt
606 776 40 21 den
662 775 61 27 äsigt,
739 782 45 15 som
799 777 94 21 komiten

69 804 74 27 hyllat,
166 805 111 26 nemligen,
293 806 32 19 att
341 806 31 19 ett
387 805 98 26 lämpligt
500 804 134 21 förhållande
649 803 33 22 för
697 805 132 20 närvarande
845 805 48 21 sak-

69 839 38 15 nas
123 833 90 21 emellan
228 833 336 26 räntepersedleundervisningen
582 833 38 20 och
636 833 213 26 penningeväsendet.

68 867 49 21 pag.
138 863 23 19 11
184 861 23 21 af
219 861 145 21 betänkandet
379 861 40 21 har
433 861 107 21 utskottet
554 862 7 20 i
576 861 75 26 sjelfva
666 861 147 22 rubelskatten
828 861 65 22 infört

69 891 70 20 större
154 890 77 26 belopp
247 890 104 21 kontanta
366 889 118 27 penningar
500 891 26 19 än
542 890 58 21 förut
615 889 55 21 varit
680 889 66 26 fallet,
756 890 137 26 hvarigenom

68 918 159 24 landtmannen,
250 925 47 14 men
319 919 46 20 icke
388 919 82 20 kronan
486 918 85 21 komme
586 920 33 19 att
634 918 66 26 draga
715 917 74 22 fördel.
820 918 73 21 Skulle

67 953 49 14 man
141 946 114 22 återinföra
278 947 40 20 den
339 947 72 26 gamla
432 947 96 26 grunden
551 947 33 20 för
607 947 147 26 uträkningen,
775 953 45 14 som
836 947 57 21 skett

69 975 54 21 efter
145 977 32 19 ett
199 975 92 21 medium
313 975 24 20 af
357 975 217 27 markegångsvärdet
596 975 34 21 för
645 975 80 21 femton
740 975 30 25 år,
786 975 24 20 så
825 975 68 21 blefve

67 1003 113 22 resultatet
202 1004 45 20 helt
270 1005 71 19 annat.
370 1004 43 21 För
435 1004 43 21 min
500 1003 34 22 del
555 1003 118 27 tillstyrker
687 1003 35 27 jag
737 1004 120 25 antagande
872 1003 23 21 af

67 1032 41 21 den
128 1032 78 26 nådiga
226 1032 166 26 propositionen,
408 1034 21 25 ty
447 1033 40 20 den
503 1032 84 26 förlust,
603 1038 45 15 som
664 1031 89 27 uppstår
768 1031 32 21 för
816 1033 77 24 staten,

67 1061 6 19 i
93 1060 38 20 fall
154 1061 105 20 komiténs
281 1061 78 25 förslag
381 1061 125 25 godkännes
520 1062 65 24 utgör
600 1061 46 20 icke
661 1061 82 20 mindre
759 1062 26 18 än
801 1061 92 25 500,000

67 1088 71 26 mark;
161 1088 117 26 hvarjemte
298 1088 36 27 jag
356 1088 98 21 förordar
477 1091 33 18 att
525 1088 226 27 medelmarkegången
767 1087 33 22 för
814 1088 79 26 fjorton

67 1116 24 21 år
113 1117 40 20 och
177 1117 18 26 ej
211 1117 32 20 för
258 1117 35 20 nio
309 1116 23 21 år
347 1118 60 25 tages
423 1117 32 20 till
470 1117 76 26 grund.
578 1117 62 20 Hvad
655 1117 98 26 slutligen
770 1116 66 27 angår
851 1116 42 21 för-

67 1145 68 26 slaget
157 1145 79 24 derom,
261 1147 31 18 att
315 1145 127 26 stadgandet
463 1145 8 21 i
493 1145 102 26 kongliga
617 1145 140 26 kungörelsen
773 1144 23 21 af
810 1145 41 20 den
865 1145 27 20 22

66 1173 44 21 Juli
133 1173 54 21 1803
209 1173 109 27 angående
340 1173 80 21 forlöns
436 1173 136 22 beräknande
588 1173 34 21 för
638 1174 40 20 den
694 1173 102 26 spanmål,
812 1179 46 14 som
874 1173 17 26 ej

66 1202 21 21 in
110 1203 78 19 natura
203 1202 111 26 levereras,
330 1202 67 21 borde
412 1202 106 27 upphöra,
534 1201 24 22 så
573 1208 63 14 anser
649 1202 36 26 jag
701 1202 59 20 detta
774 1203 78 24 utgöra
866 1207 26 14 en

66 1230 120 26 kränkning
207 1230 21 21 af
247 1231 41 20 den
303 1230 107 21 enskildas
426 1232 49 24 rätt,
491 1229 100 22 hvarföre
604 1230 38 27 jag
658 1230 64 21 också
737 1229 106 27 afstyrker
858 1230 35 19 ut-

67 1258 91 21 skottets
174 1258 79 27 förslag
268 1259 6 20 i
291 1259 40 21 den
347 1259 68 20 delen.

134 1315 207 27 Kontraktsprosten
364 1315 164 21 Ehrström
550 1315 49 21 ville
624 1315 18 26 ej
665 1315 49 26 ingå
736 1315 7 20 i
758 1315 98 26 pröfning
872 1314 22 21 af

67 1343 125 22 ständernas
213 1345 42 20 rätt
271 1344 5 21 i
291 1343 82 27 frågan,
388 1349 49 16 men
452 1343 67 27 ansåg
535 1344 66 21 saken
617 1349 51 15 vara
683 1343 22 22 af
720 1343 40 21 den
775 1343 117 21 beskaffen-

66 1372 37 21 het
118 1373 33 20 att
167 1372 122 21 densamma
304 1371 75 22 kräfde
395 1378 26 15 en
436 1378 148 20 noggrannare
601 1372 98 26 pröfning
714 1372 39 21 och
763 1371 129 27 granskning

66 1402 26 19 än
115 1400 106 21 härintills
237 1401 64 23 skett,
317 1400 98 21 hvarföre
431 1401 83 20 talaren
530 1401 93 23 röstade,
638 1401 6 20 i
660 1400 68 21 likhet
742 1400 48 21 med
805 1401 86 25 prosten

66 1429 64 25 Hjelt,
147 1429 33 20 för
196 1430 120 25 antagande
332 1429 23 21 af
368 1429 68 21 första
452 1429 123 21 sektionens
590 1429 7 19 i
613 1428 107 21 utskottet
734 1428 117 21 utlåtande.

134 1485 107 26 Biskopen
257 1485 150 21 Schauman
423 1485 75 21 trodde
514 1485 116 21 ständerna
645 1490 51 16 vara
711 1484 7 21 i
734 1484 32 21 sin
780 1483 53 22 fulla
848 1484 44 19 rätt

65 1515 32 19 att
119 1515 80 25 antaga
219 1514 100 26 antingen
335 1513 59 21 förra
409 1514 51 20 eller
475 1520 75 15 senare
566 1513 137 21 alternativet
718 1513 8 20 i
740 1510 151 27 betänkandet,
