1103 1803
309 134 167 17 Presteståndet.
502 134 55 17 1867.
582 134 24 17 10
618 134 47 21 Maj.
832 129 40 21 911

145 221 42 27 1:0)
204 220 89 26 Förslag
307 220 34 21 till
356 219 124 27 förändring
497 226 34 14 om
546 219 123 27 inteckning
683 220 7 20 i
705 220 43 21 fast
764 220 109 26 egendom.

144 277 247 22 Utskottsbetänkandet
413 277 74 21 härom
510 276 124 27 godkändes
652 276 33 21 till
703 276 42 21 alla
766 277 65 25 delar,
855 277 48 21 med

75 306 142 26 anmärkning
232 306 75 21 endast
323 312 34 15 om
373 306 36 20 det
424 305 6 21 i
446 306 27 20 26
490 305 9 27 $
513 305 23 21 af
547 305 242 21 utskottsbetänkandet
798 305 105 22 förekom-

76 336 76 21 mande
175 334 98 27 tryckfel,
289 334 81 21 hvilket
385 334 65 21 borde
466 334 90 20 sålunda
571 335 68 19 rättas
654 335 33 19 att
701 334 66 21 orden
784 350 5 8 ,
790 334 113 27 offentligt

76 363 93 28 upprop"
185 365 90 19 ersattes
291 363 48 20 med
355 362 66 21 orden
436 362 116 27 ,oftentligt
568 363 84 25 utrop”.

145 426 44 27 2:0)
205 425 88 26 Förslag
308 425 33 21 till
357 425 124 26 förordning
494 431 34 14 om
539 424 140 27 borgenärers
691 426 43 19 rätt
746 425 39 20 och
795 425 107 21 företräde

75 455 34 20 för
131 454 122 21 hvarandra
273 453 31 22 till
324 453 109 27 betalning
448 459 26 15 ur
489 453 110 27 egendom,
616 459 44 15 som
677 453 68 21 blifvit
761 453 32 21 till
808 453 94 22 konkurs

75 483 93 22 afträdd.

145 540 26 27 $$
188 540 54 20 1—4
257 539 122 27 godkändes
395 539 148 21 oförändrade.

146 598 12 25 8
174 598 12 20 5
203 597 65 25 enligt
283 596 116 22 utskottets
414 575 142 42 betänkande.

147 655 27 26 88
190 655 55 20 6—9
260 654 123 26 godkändes
398 653 147 21 oförändrade.

147 711 11 27 $
175 712 26 20 10
217 712 75 25 antogs
307 711 6 20 i
330 710 93 27 enlighet
437 711 48 20 med
501 711 116 20 utskottets
633 710 141 21 betänkande.

147 768 25 27 $$
190 769 80 20 11—21
287 768 123 27 godkändes
426 768 148 21 oförändrade.

146 831 81 21 Härom
243 831 65 21 borde
324 831 197 26 protokollsutdrag
536 831 109 20 meddelas
661 830 58 21 såväl
735 831 98 26 samtliga
844 830 59 21 med-

77 859 90 22 stånden
183 866 44 15 som
243 859 146 28 lagutskottet.
421 859 47 22 Som
486 859 83 22 ofvan".

147 923 20 26 €)
183 922 33 21 för
232 923 39 20 den
288 923 12 20 3
316 922 84 27 dennes,
416 922 23 21 så
454 922 101 27 lydande:

147 979 32 27 »S.
196 979 24 21 D.
236 979 121 26 Föredrogs
372 979 78 26 utdrag
466 985 24 14 ur
505 979 105 26 vällofliga
626 978 188 27 borgareständets
825 979 40 20 den
876 979 25 20 27

78 1008 61 27 April
156 1009 53 20 1867
226 1008 60 21 förda
302 1008 113 26 protokoll,
432 1007 156 26 innehållande,
602 1009 32 19 att
646 1007 181 26 borgareståndet,
837 1007 66 27 jemte

77 1037 155 26 godkännande
255 1037 22 20 af
296 1037 78 24 nådiga
397 1036 159 27 propositionen
580 1035 109 27 angående
707 1036 89 26 behörig
811 1036 91 21 domstol

77 1065 34 20 för
126 1065 136 26 upptagande
277 1065 24 20 af
314 1064 143 27 hvarjehanda
478 1064 42 21 mål
537 1064 90 21 rörande
642 1064 121 26 frälsemän,
778 1066 78 23 ansett,
873 1066 31 19 att

78 1099 47 14 som
140 1093 114 21 utländske
270 1093 114 25 adelsmän,
403 1099 75 20 genom
495 1093 69 26 kongl.
581 1093 81 20 brefvet
677 1093 23 20 af
715 1093 38 20 den
771 1093 25 20 26
813 1092 91 21 oktober

79 1122 55 21 1748
163 1122 122 21 tillerkänts
307 1122 111 20 enahanda
440 1121 128 26 rättigheter
588 1121 7 20 i
610 1121 99 21 afseende
726 1121 12 20 å
752 1121 70 20 forum
838 1121 5 20 i
860 1123 43 18 sär-

78 1150 71 21 skilda
172 1150 43 21 mål
238 1156 44 15 som
304 1151 83 20 landets
403 1156 52 21 egne
470 1150 117 26 adelsmän,
604 1150 23 20 sä
642 1150 65 21 borde
723 1150 31 20 uti
770 1149 133 26 inledningen

77 1179 34 20 till
134 1179 40 21 den
197 1179 126 26 författning
341 1179 6 20 i
363 1181 77 24 ämnet,
464 1185 45 14 som
526 1179 83 20 komme
626 1180 32 19 att
673 1177 102 27 utfärdas,
791 1180 112 25 upptagas,

77 1209 34 19 att
123 1207 79 26 jemväl
218 1207 90 21 nämnda
324 1207 69 26 kongl.
411 1207 47 21 bref
471 1213 89 15 numera
575 1213 50 14 vore
640 1206 111 27 upphäfdt.

149 1270 44 21 Och
209 1270 50 21 fann
275 1270 156 21 bondeståndet
446 1270 52 26 godt
512 1269 31 21 uti
559 1269 189 26 borgareståndets
764 1268 140 21 omförmälda

77 1298 72 21 beslut
164 1299 120 24 instämma,
298 1299 66 26 jemte
379 1298 135 26 åberopande
530 1298 22 21 af
563 1298 97 21 ståndets
670 1298 6 20 i
686 1297 128 21 förberörda
825 1297 79 21 ärende

77 1327 34 21 för
127 1327 65 27 öfrigt
208 1327 106 21 tillförene
332 1327 82 21 fattade
430 1327 76 25 beslut,
523 1327 88 20 hvarom
626 1326 196 27 protokollsutdrag
838 1325 65 22 borde

77 1355 32 22 till
125 1356 140 21 medständen
281 1356 39 21 och
335 1356 223 27 grundlagsutskottet
574 1355 129 26 expedieras.
735 1355 49 21 Som
800 1354 80 22 ofvan".

147 1419 22 26 d)
185 1419 33 21 för
234 1419 39 21 den
289 1420 13 20 4
318 1419 85 25 dennes,
419 1418 23 21 sä
457 1418 101 26 lydande:

147 1476 32 26 »S.
196 1476 25 20 D.
252 1476 120 25 Föredrogs
388 1475 153 27 lagutskottets
556 1474 118 26 bordlagda
689 1474 136 21 betänkande
841 1479 34 15 n:o
891 1474 12 20 7

77 1504 6 20 i
99 1504 115 26 anledning
229 1504 22 21 af
265 1504 59 21 Hans
348 1504 118 26 Kejserliga
488 1503 112 27 Majestäts
623 1502 77 27 nädiga
721 1503 131 26 proposition
867 1508 36 14 an-

77 1532 83 26 gäende
176 1532 125 27 tryckfrihet
317 1533 6 20 i
338 1532 90 21 Finland
444 1532 39 21 och
500 1538 33 15 om
550 1532 95 20 vilkoren
658 1532 33 20 för
702 1531 47 21 dess
760 1530 144 27 begagnande.
