1103 1803
293 134 165 17 Presteståndet.
484 134 55 17 1867.
565 134 21 17 17
598 134 48 21 Maj.
810 130 54 22 1029

138 220 152 21 Diskussionen
305 219 111 21 fortsattes
432 219 39 21 och
486 219 86 27 yttrade
588 219 42 27 sig:

139 277 126 26 Vicepastor
277 276 151 22 Johnsson:
446 276 34 20 Då
495 276 34 26 jag
544 276 51 21 hört
609 276 66 21 folket
691 276 6 21 i
713 277 25 21 de
750 278 98 27 nordliga
858 278 35 22 de-

71 306 59 22 larne
145 306 23 20 af
181 305 72 21 landet
269 305 65 21 sucka
349 304 59 22 öfver
423 307 66 24 tunga
504 305 90 24 skatter,
610 305 39 20 har
661 305 37 26 jag
714 306 72 20 tänkt:
798 309 24 19 är
832 308 61 20 miss-

72 335 77 24 modet,
165 334 138 26 uppkommet
318 333 23 21 af
355 333 71 27 dåliga
441 333 95 26 skördar,
554 333 91 21 orsaken
660 333 73 21 härtill
749 334 52 22 eller
816 337 24 19 är
855 335 38 21 fol-

72 363 36 21 ket
130 362 106 26 verkligen
258 362 33 21 för
307 362 62 26 drygt
384 362 138 20 beskattadt?
552 361 82 21 Jemför
650 367 48 15 man
715 362 100 27 beloppet
830 363 23 21 af
867 364 26 20 de

72 392 87 24 skatter,
182 397 44 14 som
249 390 95 26 erläggas
366 389 23 22 af
409 390 54 25 dem,
484 390 48 21 med
553 389 55 21 hvad
628 396 45 15 som
694 390 84 27 inflyter
798 391 48 21 från
867 392 26 21 de

72 419 69 24 södra,
158 419 66 20 måste
239 425 48 14 man
303 418 94 21 erkänna
412 420 32 19 att
459 418 147 27 fördelningen
621 418 19 27 ej
656 420 24 19 är
695 419 82 21 rättvis.
804 420 41 21 Vid
858 420 36 21 be-

73 447 126 27 handlingen
215 447 23 20 af
252 449 31 19 ett
297 449 65 19 annat
382 449 61 19 ämne
458 447 85 26 yttrade
559 447 149 26 kyrkoherden
723 447 100 27 Juselius,
840 451 32 19 att
887 449 7 20 i

72 477 98 20 Parkano
185 475 125 27 församling
324 475 19 27 ej
359 475 66 21 finnes
441 482 44 15 mer
500 477 27 19 än
544 476 12 20 6
572 476 81 20 mantal
663 476 108 26 skattlagd
782 477 60 26 jord;
854 477 39 22 den

73 505 68 26 öfriga
156 505 60 20 delen
231 504 66 21 bebos
313 504 23 20 af
350 504 123 21 välmående
489 506 94 24 torpare,
599 510 44 15 som
659 504 77 21 besitta
748 505 145 27 jordstycken,

73 535 68 19 större
165 535 26 18 än
212 533 83 26 vanliga
317 533 98 20 hemman
437 532 38 21 och
492 533 18 25 ej
527 533 73 20 betala
614 539 68 14 annan
699 533 63 26 skatt,
778 535 28 19 än
821 534 73 27 skogs-

73 564 67 18 ränta.
170 561 10 21 I
195 561 62 20 södra
273 561 85 21 delarne
374 561 23 20 af
411 561 72 20 landet
498 560 67 22 finnes
581 561 82 21 således
679 562 96 20 skattbar
788 562 56 26 jord,
860 563 33 21 för

75 590 83 20 hvilken
181 590 62 26 ingen
261 590 127 25 grundskatt
403 589 101 27 erlägges,
521 589 27 21 då
564 589 96 21 deremot
674 590 6 20 i
696 590 26 20 de
737 590 103 27 nordliga,
856 591 38 21 der

74 618 119 20 storskiftet
208 624 45 14 som
268 618 48 20 bäst
331 618 110 26 försiggår,
458 617 61 21 äfven
534 618 67 20 sådan
614 618 55 27 jord,
685 624 45 15 som
746 618 83 22 fordom
845 620 49 20 räk-

73 647 65 20 nades
161 646 32 21 till
215 646 142 26 impediment,
377 646 62 26 drygt
455 646 137 26 skattlägges.
623 647 31 20 Ar
669 646 18 27 ej
703 647 59 21 detta
778 648 115 21 orättvisa?

72 675 69 25 Tager
156 681 49 14 man
221 677 55 19 ännu
291 675 7 20 i
314 675 139 21 betraktande
470 675 25 20 de
511 674 154 26 förhållanden,
681 676 68 20 under
756 676 72 21 hvilka
836 677 57 26 jord-

73 704 77 20 bruket
172 704 37 19 der
230 703 111 22 bedrifves,
363 703 55 20 huru
440 704 26 20 de
489 704 48 20 med
559 705 45 18 stor
625 704 62 20 möda
703 704 93 21 beredda
810 705 83 20 åkerte-

73 738 64 20 garne
161 732 70 20 skatta
253 731 22 21 åt
297 731 80 21 frosten
400 733 55 19 samt
477 731 61 26 huru,
563 731 27 21 då
611 731 157 22 skatterubelns
783 733 63 20 värde
862 733 31 21 till

74 762 79 19 största
168 761 60 20 delen
243 760 104 21 beräknas
363 759 53 22 efter
431 760 130 26 sädespriset
576 759 28 28 på
620 763 67 22 orten,
703 761 26 20 de
744 761 59 21 delar
818 761 23 21 af
850 761 43 21 lan-

74 789 42 26 det,
132 789 37 20 der
185 789 24 20 de
225 788 60 21 flesta
300 789 124 20 missvexter
439 787 85 22 inträffa
540 789 40 20 och
596 789 64 20 säden
675 789 65 26 stiger
751 790 6 20 i
768 790 50 25 pris,
832 790 61 21 drab-

74 817 37 21 bas
134 817 23 21 af
177 817 40 21 den
240 817 97 26 drygaste
359 817 142 26 beskattning,
518 817 23 21 så
556 817 41 20 blir
612 818 116 20 orättvisan
744 819 55 20 ännu
814 824 58 15 mera
887 819 7 20 i

75 847 81 25 ögonen
175 845 114 22 stickande.
320 846 74 20 Denna
417 846 103 20 orättvisa
535 845 86 21 straffar
636 846 61 21 äfven
713 846 32 27 sig
760 846 53 27 sjelf,
830 848 21 25 ty
868 847 26 21 då

71 874 75 27 jorden
162 875 99 26 belägges
275 875 48 20 med
338 874 65 26 högre
419 875 87 25 skatter,
523 875 27 20 än
566 875 40 20 den
622 874 41 21 kan
679 875 58 26 bära,
748 875 95 27 öfverges
854 875 39 22 den

75 903 39 20 och
130 903 40 20 blir
186 903 126 26 ouppodlad.

142 931 10 21 I
168 931 111 26 anledning
295 931 22 21 af
331 931 38 21 allt
385 931 58 21 detta
458 931 66 27 vågar
536 931 37 26 jag
588 933 51 24 taga
654 931 42 26 mig
711 931 91 21 friheten
818 934 32 18 att
865 931 28 22 fö-

75 959 56 21 reslå
152 959 33 21 för
207 959 128 27 högvördiga
350 959 90 27 ståndet,
457 962 33 19 att
504 960 45 21 ifall
564 966 76 15 senare
656 960 134 21 alternativet
805 960 23 21 af
841 960 52 25 skäl,

75 994 44 15 som
136 988 65 21 redan
216 988 120 27 uppgifvits,
352 990 94 25 antages,
463 988 85 21 ståndet
563 989 48 20 ville
627 988 33 21 till
675 989 37 20 sitt
728 988 69 21 beslut
808 988 87 27 tillägga

75 1023 26 14 en
124 1017 129 26 underdänig
276 1017 95 26 petition,
394 1019 33 18 att
443 1017 107 20 blifvande
566 1017 132 20 komiterade
714 1018 48 25 toge
777 1017 7 20 i
800 1017 94 20 öfvervä-

75 1045 75 25 gande,
166 1045 103 20 huruvida
285 1045 18 26 ej
316 1045 131 27 ojemnheten
464 1046 6 20 i
486 1045 163 27 beskattningen
659 1045 28 26 pä
697 1045 64 25 något
772 1047 42 19 sätt
824 1045 70 21 kunde

75 1073 148 20 förekommas.

144 1129 82 21 Doktor
249 1129 89 27 Bergh
357 1130 92 21 erkände
465 1130 129 26 riktigheten
609 1130 23 21 af
646 1130 39 21 den
701 1130 125 27 föregäende
842 1131 53 20 tala-

75 1164 50 15 rens
147 1158 98 26 yttrande
267 1158 108 21 äfvensom
396 1159 25 20 de
437 1159 55 26 goda
507 1159 99 26 grunder,
623 1165 44 14 som
683 1159 81 20 anförts
780 1161 44 18 mot
838 1159 57 20 förra

76 1186 121 21 sektionens
213 1186 120 25 utlätande;
350 1187 81 20 talaren
447 1187 77 21 trodde
540 1187 54 21 dock
610 1187 114 21 ständerna
739 1187 45 20 icke
800 1189 40 24 äga
852 1189 43 19 rätt

77 1217 32 18 att
124 1215 75 26 pröfva
213 1215 74 26 frågan
303 1215 69 21 såsom
388 1218 31 19 ett
434 1215 122 27 lagförslag,
574 1215 98 21 hvarföre
688 1216 27 20 all
732 1215 70 21 vidare
812 1215 83 21 diskus-

76 1243 45 21 sion
137 1243 72 21 derom
225 1243 66 21 borde
306 1243 90 27 förfalla,
413 1243 23 22 sä
451 1244 85 26 mycket
551 1251 45 14 mer
611 1250 45 15 som
667 1245 59 20 Hans
737 1243 99 27 Majestät
845 1243 50 27 Kej-

75 1277 62 15 saren
159 1272 7 20 i
189 1271 39 21 den
251 1272 76 27 nådiga
343 1273 159 26 propositionen
518 1273 96 20 uttalade
630 1275 32 18 att
677 1273 42 20 han
734 1272 56 21 velat
805 1271 90 27 delgifva

76 1300 114 21 ständerna
212 1300 104 21 komitens
338 1301 84 26 förslag,
445 1307 45 14 som
507 1301 19 26 ej
541 1307 51 15 vore
608 1301 68 26 någon
692 1301 136 26 proposition,
844 1302 51 19 utan

75 1329 56 20 blott
153 1331 30 18 ett
198 1329 137 21 meddelande
351 1329 26 21 ad
394 1329 103 21 notitiam.
527 1329 91 21 Talaren
634 1329 65 27 ansåg
714 1329 82 21 derföre
811 1328 84 22 ståndet

76 1357 53 20 böra
149 1357 34 21 vid
199 1357 59 21 detta
273 1357 83 22 tillfälle
372 1357 74 26 afgöra
461 1358 106 21 huruvida
582 1364 26 14 en
624 1364 26 20 ny
665 1358 80 21 komité
759 1364 49 15 vore
823 1357 23 21 af
858 1359 37 20 nö-

76 1386 40 20 den
140 1386 51 20 eller
213 1386 52 25 icke,
289 1389 54 18 samt
358 1387 7 20 i
380 1386 59 21 förra
458 1386 116 21 händelsen
591 1389 47 18 utse
654 1386 130 21 komiterade
799 1386 39 21 och
854 1386 41 21 del-

75 1414 58 26 gifva
148 1414 46 21 dem
211 1415 95 20 ståndets
321 1415 78 26 åsigter
415 1415 6 20 i
437 1417 77 18 ämnet.
544 1415 43 20 För
602 1415 64 26 öfrigt
681 1415 39 20 och
736 1415 27 20 då
779 1415 57 20 Hans
850 1414 45 21 Ma-

73 1443 67 26 jestät
163 1443 107 20 allaredan
290 1443 93 26 godkänt
399 1443 24 21 de
439 1443 181 27 hufvudgrunder,
636 1449 44 15 som
697 1442 21 22 af
733 1442 113 22 ständerna
861 1442 34 21 vid

76 1471 52 21 sista
151 1471 127 26 landtdagen
301 1471 130 26 framställts,
451 1471 66 27 ansåg
533 1472 81 20 talaren
630 1472 106 20 utskottet
752 1470 60 22 hafva
828 1470 68 21 öfver-

75 1499 78 21 skridit
168 1500 30 20 sin
215 1500 126 26 befogenhet
356 1500 27 20 då
398 1500 106 20 utskottet
518 1500 7 20 i
541 1500 37 21 sitt
594 1500 79 26 afgifna
688 1499 132 22 betänkande
832 1498 63 22 fram-

75 1528 60 26 laggt
150 1530 76 19 tvänne
242 1528 125 21 alternativa
381 1528 79 27 förslag
476 1528 6 21 i
498 1530 78 20 ämnet.

795 1566 22 17 66
