1103 1803
258 142 56 22 1080
466 148 164 17 Presteståndet.
654 148 55 17 1867.
734 149 22 16 21
768 148 48 22 Maj.

300 262 90 21 Prosten
411 261 135 27 Grönberg
561 262 65 26 ansåg
641 262 141 27 bevillningen
793 262 128 22 fortfarande
931 262 125 27 nödvändig,

231 290 136 22 alldenstund
390 290 47 22 dess
460 290 98 22 ändamål
578 296 37 15 var
630 290 42 22 lika
687 290 81 27 vigtigt.
799 290 134 22 Beträffande
949 290 108 22 bevillnin-

231 325 52 21 gens
293 318 123 28 suspension
432 318 76 22 trodde
523 321 86 25 prosten
624 320 33 20 att
671 325 26 15 en
713 319 66 21 sådan
795 318 113 28 bevillning
922 319 7 21 i
944 319 53 21 intet
1007 318 50 22 land

232 347 129 22 existerade:
385 348 36 20 det
443 354 38 14 var
501 348 23 25 ju
546 347 59 26 fråga
625 354 33 14 om
675 348 48 20 dess
738 354 50 14 vara
804 347 52 22 eller
870 348 45 21 icke
931 354 55 15 vara.
1017 347 40 21 Om

232 382 49 15 man
304 375 49 22 ville
376 376 65 26 draga
464 375 60 22 vexel
546 376 27 26 på
596 375 58 22 Guds
669 375 169 28 barmhertighet
853 375 32 22 för
899 375 118 26 framtiden,
1033 376 24 21 så

231 404 68 22 borde
315 411 48 14 man
379 404 18 27 ej
413 404 71 27 knoga
499 405 27 26 på
541 405 65 25 några
622 405 69 26 penni.
722 404 59 21 Hvar
797 404 39 21 och
851 411 26 14 en
892 405 67 21 måste
969 404 88 27 bidraga

231 433 33 20 till
288 433 35 21 det
343 432 116 22 allmännas
482 432 113 27 förkofran,
611 439 77 15 annars
703 433 62 26 ginge
781 433 36 21 det
832 433 69 21 såsom
915 433 7 20 i
937 433 69 21 fabeln
1022 439 34 15 om

234 467 76 20 magen
325 461 39 21 och
380 461 121 22 lemmarne.
532 461 90 22 Prosten
636 461 86 22 röstade
738 461 82 22 derföre
835 461 33 21 för
882 461 146 27 bevillningen.

301 518 84 21 Doktor
408 518 114 27 Lampén
544 518 85 27 yttrade
651 520 31 19 att
698 518 27 21 då
741 518 36 21 det
792 525 38 14 var
844 518 56 21 klart
915 521 32 19 att
962 519 39 20 den
1017 518 39 21 fat-

233 547 44 26 tige
292 547 17 26 ej
326 547 93 21 belastas
434 547 22 20 af
469 546 147 27 bevillningen,
632 547 24 20 så
671 553 51 15 vore
738 547 38 20 allt
791 547 30 20 tal
837 553 33 15 om
887 547 25 21 de
927 547 84 26 fattigas
1021 546 35 22 be-

232 575 108 26 tungande
363 574 38 22 här
424 574 124 27 otillbörligt
569 574 40 22 och
629 575 149 27 oberättigadt.
808 575 144 27 Bevillningen
968 575 88 21 träffade

232 605 73 25 tyngst
327 603 26 21 de
376 603 159 27 privilegierade
554 603 96 26 stånden,
674 603 83 21 derföre
778 610 50 15 vore
844 604 35 21 det
900 604 157 26 presterskapet

233 632 97 26 ovärdigt
345 633 32 19 att
391 631 46 22 icke
453 632 48 26 ingå
516 632 27 26 på
558 632 119 26 bevillning.

301 688 90 22 Prosten
413 688 129 22 Borenius
563 688 100 22 förenade
685 689 33 26 sig
739 689 7 20 i
769 689 42 21 allo
826 688 49 22 med
889 690 86 26 prosten
991 688 65 22 Grön-

233 717 53 26 berg
309 717 39 21 och
370 718 65 25 ansåg
456 719 32 19 att
510 717 141 26 bevillningen
673 717 68 21 skulle
762 717 81 21 kännas
859 719 55 19 ännu
929 723 57 15 mera
1001 719 54 25 tryc-

232 745 77 26 kande,
333 751 34 15 om
390 745 39 21 den
451 745 53 22 efter
526 747 31 20 ett
572 745 81 22 afbrott
667 746 47 20 åter
729 745 98 27 begynte.
857 745 42 22 För
914 745 62 27 öfrigt
991 747 65 25 ansåg

232 774 43 21 han
297 773 32 27 sig
343 773 47 22 icke
405 774 66 21 förstå
486 774 54 21 huru
555 773 118 22 folkskolor
688 774 40 21 och
744 774 38 21 allt
798 775 64 20 annat
878 780 44 15 som
937 780 37 15 var
987 774 68 21 beslu-

233 803 47 20 tadt
301 802 70 21 kunde
386 802 87 21 fortfara
488 803 6 20 i
510 803 75 25 åratal,
602 809 33 14 om
652 802 141 27 bevillningen
808 802 116 27 upphörde,
941 803 26 20 då
982 803 75 21 endast

233 831 78 24 39,000
333 831 35 20 mk
383 830 60 22 fanns
459 831 63 21 öfver.
552 831 128 26 Visserligen
696 837 50 15 vore
764 831 90 26 170,000
872 831 35 20 mk
922 831 134 21 reserverade

232 859 32 21 uti
286 859 189 26 folkskolefonden,
491 866 47 15 men
554 859 25 22 de
595 865 49 15 vore
660 859 90 22 ämnade
766 859 32 21 till
814 859 120 27 byggnader
949 859 32 21 för
996 859 60 21 semi-

232 887 90 26 narium,
345 887 40 22 och
407 887 67 22 ehuru
496 888 114 21 ständerna
623 883 163 37 petitionerade
801 888 100 28 deremot,
917 888 24 21 så
956 894 49 15 vore
1021 888 36 21 det

232 916 47 21 icke
301 916 92 27 afgjordt
415 922 34 15 om
472 917 82 21 arbetet
568 916 68 21 skulle
651 916 101 21 inställas.
784 916 67 21 Äfven
867 916 32 21 för
913 915 142 28 fyrinrättnin-

232 951 39 20 gar
293 944 60 22 fanns
376 945 122 21 reserverad
514 951 25 15 en
558 951 88 18 summa,
661 945 85 21 hvilken
762 945 55 21 dock
832 944 46 22 icke
893 951 36 14 var
944 944 112 27 tillräcklig

232 973 33 21 för
280 973 55 21 hvad
351 979 44 15 som
411 973 106 22 behöfdes.
547 973 145 26 Bevillningen
708 973 85 22 komme
809 973 106 21 dessutom
931 973 39 21 den
981 973 75 27 fattiga

233 1001 149 27 befolkningen
397 1001 32 22 till
444 1002 55 26 godo
514 1008 75 20 genom
605 1001 170 27 arbetsförtjenst
791 1002 34 21 vid
838 1001 111 27 jernvägar
965 1001 39 22 och
1019 1002 36 21 ka-

233 1030 65 26 naler,
315 1030 27 21 då
357 1030 40 21 den
413 1030 60 27 eljest
488 1037 44 14 mer
548 1030 39 21 och
603 1037 45 14 mer
662 1030 68 21 skulle
746 1030 75 27 sjunka
836 1031 6 20 i
858 1030 59 27 lättja
928 1030 39 21 och
977 1030 79 27 apathi.

232 1058 136 21 Beträffande
390 1059 55 21 hvad
461 1059 76 21 doktor
558 1059 72 26 Bergh
646 1061 109 19 omnämnt
770 1060 32 20 att
817 1060 86 25 prosten
918 1061 46 23 sagt
979 1059 36 21 det
1031 1059 26 21 de

232 1086 109 27 fattigaste
362 1086 47 21 icke
431 1087 83 21 komme
530 1088 31 20 att
576 1086 77 27 bevilja
667 1087 67 26 något
748 1087 40 21 och
804 1086 64 21 likväl
883 1088 31 19 att
931 1087 40 20 100
986 1086 71 22 marks

233 1115 94 21 inkomst
341 1115 66 21 borde
423 1115 83 27 erlägga
521 1115 119 26 bevillniag,
656 1116 24 20 så
695 1115 49 21 ville
759 1117 86 25 prosten
856 1115 97 26 påminna
964 1117 31 19 att
1005 1115 52 26 tjen-

233 1143 83 27 stehjon
340 1143 43 22 ofta
405 1143 63 22 hafva
489 1143 47 21 fullt
559 1143 112 27 uppehälle
693 1144 40 21 och
750 1144 42 21 100
806 1143 61 22 mark
881 1143 6 21 i
903 1143 43 26 lön;
962 1143 32 22 för
1010 1143 47 22 dem

232 1171 41 22 och
295 1171 60 22 äfven
378 1173 76 25 många
476 1172 65 21 andra
565 1171 67 22 borde
648 1172 42 21 "det
712 1172 48 21 icke
775 1179 51 14 vara
840 1173 58 20 svårt
913 1173 32 20 att
959 1172 55 27 gifva
1029 1172 28 21 20

233 1201 63 26 penni
311 1200 32 21 för
359 1202 31 19 att
405 1200 101 27 befrämja
521 1202 48 25 eget
585 1201 39 20 och
640 1200 65 22 likars
720 1201 42 21 väl.

302 1257 110 22 Professor
435 1257 108 22 Geitlin
566 1258 72 21 kunde
656 1258 113 26 omöjligen
785 1258 73 21 förena
873 1257 30 27 sig
919 1257 46 22 med
981 1258 77 21 doktor

232 1286 71 26 Bergh
327 1286 38 21 och
381 1285 147 28 kyrkoherden
544 1286 94 21 Castren.
668 1287 42 20 Det
725 1293 51 14 vore
792 1286 86 21 oerhört
892 1287 33 20 att
940 1285 117 22 bestämma

233 1314 140 26 bevillningen
388 1314 103 27 vilkorlig,
507 1317 50 18 utan
574 1315 70 21 denna
659 1315 67 21 måste
742 1315 99 26 antingen
852 1314 69 21 rentaf
932 1314 63 21 nekas
1007 1315 52 21 eller

233 1342 115 27 medgifvas
363 1343 47 20 från
425 1343 101 26 landtdag
541 1343 32 20 till
589 1343 110 26 landtdag;
717 1345 31 19 att
764 1343 127 21 öfverlemna
907 1343 39 20 den
961 1343 22 20 åt
999 1349 58 20 rege-

232 1371 85 26 ringens
339 1371 104 27 godtycke
465 1377 49 16 vore
536 1371 99 27 orimligt,
658 1378 51 15 vore
730 1378 27 15 en
776 1371 138 22 contradictio
931 1371 21 21 in
968 1371 89 26 adjecto.

233 1399 63 21 Hvad
315 1399 78 21 doktor
414 1399 70 28 Bergh
505 1401 47 25 sagt
571 1401 32 20 att
623 1400 118 21 folkskolan
762 1401 38 25 går
815 1399 77 22 likaväl
908 1399 75 22 framåt
998 1399 61 22 äfven

232 1434 35 14 om
283 1427 140 27 bevillningen
439 1428 97 27 afbrytes,
553 1428 70 21 kunde
639 1428 121 27 professorn
776 1429 46 20 icke
837 1428 59 26 fatta,
912 1430 22 24 ty
949 1428 72 26 hvarje
1034 1429 25 20 år

231 1456 56 20 hade
308 1456 45 21 sina
375 1456 124 27 fordringar.
529 1456 42 22 Det
588 1462 49 16 vore
658 1457 70 21 såsom
744 1456 78 22 doktor
838 1456 94 27 Lampén
947 1457 46 25 sagt
1009 1456 50 22 obe-

232 1484 71 26 hörigt
325 1487 32 18 att
379 1484 39 21 här
439 1485 43 21 tala
505 1491 33 15 om
558 1485 25 21 de
599 1485 80 27 fattiga,
695 1487 24 25 ty
734 1485 26 21 de
776 1487 36 19 äro
826 1485 24 27 ju
865 1484 90 27 fritagna
969 1484 46 22 från
1031 1485 28 21 all

232 1512 115 27 bevillning
362 1513 75 21 medan
453 1514 168 26 tjenstemännen
636 1514 39 20 och
691 1513 84 22 landets
790 1514 20 20 få
826 1513 131 27 kapitalister
971 1512 88 28 bidraga

232 1541 33 20 till
281 1541 146 26 bevillningen.
457 1542 42 21 Det
514 1542 68 21 skulle
596 1548 24 15 se
635 1542 83 27 mycket
733 1542 37 21 illa
785 1544 25 19 ut
825 1548 34 15 om
870 1543 109 26 presterna
989 1542 70 21 såsom
