<?xml version="1.0" encoding="UTF-8"?>
<alto xmlns="http://www.loc.gov/standards/alto/ns-v3#" xmlns:xlink="http://www.w3.org/1999/xlink" xmlns:xsi="http://www.w3.org/2001/XMLSchema-instance" xsi:schemaLocation="http://www.loc.gov/standards/alto/ns-v3# http://www.loc.gov/alto/v3/alto-3-0.xsd">
	<Description>
		<MeasurementUnit>pixel</MeasurementUnit>
		<sourceImageInformation>
			<fileName>/tmp/tess_z96z78jj_input.PNG</fileName>
		</sourceImageInformation>
		<OCRProcessing ID="OCR_0">
			<ocrProcessingStep>
				<processingSoftware>
					<softwareName>tesseract 5.3.4</softwareName>
				</processingSoftware>
			</ocrProcessingStep>
		</OCRProcessing>
	</Description>
	<Layout>
		<Page WIDTH="1103" HEIGHT="1803" PHYSICAL_IMG_NR="0" ID="page_0">
			<PrintSpace HPOS="0" VPOS="0" WIDTH="1103" HEIGHT="1803">
				<ComposedBlock ID="cblock_0" HPOS="315" VPOS="117" WIDTH="559" HEIGHT="25">
					<TextBlock ID="block_0" HPOS="315" VPOS="117" WIDTH="559" HEIGHT="25">
						<TextLine ID="line_0" HPOS="315" VPOS="117" WIDTH="559" HEIGHT="25">
							<String ID="string_0" HPOS="315" VPOS="120" WIDTH="168" HEIGHT="18" WC="0.92" CONTENT="Presteståndet."/><SP WIDTH="25" VPOS="120" HPOS="483"/>
							<String ID="string_1" HPOS="508" VPOS="120" WIDTH="55" HEIGHT="17" WC="0.96" CONTENT="1867."/><SP WIDTH="26" VPOS="120" HPOS="563"/>
							<String ID="string_2" HPOS="589" VPOS="120" WIDTH="22" HEIGHT="17" WC="0.95" CONTENT="15"/><SP WIDTH="13" VPOS="120" HPOS="611"/>
							<String ID="string_3" HPOS="624" VPOS="120" WIDTH="48" HEIGHT="22" WC="0.95" CONTENT="Maj."/><SP WIDTH="161" VPOS="120" HPOS="672"/>
							<String ID="string_4" HPOS="833" VPOS="117" WIDTH="41" HEIGHT="21" WC="0.96" CONTENT="987"/>
						</TextLine>
					</TextBlock>
				</ComposedBlock>
				<GraphicalElement ID="cblock_1" HPOS="76" VPOS="160" WIDTH="827" HEIGHT="4"></GraphicalElement >
				<ComposedBlock ID="cblock_2" HPOS="143" VPOS="205" WIDTH="60" HEIGHT="28">
					<TextBlock ID="block_1" HPOS="143" VPOS="205" WIDTH="60" HEIGHT="28">
						<TextLine ID="line_1" HPOS="143" VPOS="205" WIDTH="60" HEIGHT="28">
							<String ID="string_5" HPOS="143" VPOS="205" WIDTH="11" HEIGHT="28" WC="0.81" CONTENT="8"/><SP WIDTH="18" VPOS="205" HPOS="154"/>
							<String ID="string_6" HPOS="172" VPOS="205" WIDTH="31" HEIGHT="21" WC="0.96" CONTENT="16."/>
						</TextLine>
					</TextBlock>
				</ComposedBlock>
				<ComposedBlock ID="cblock_3" HPOS="73" VPOS="255" WIDTH="830" HEIGHT="84">
					<TextBlock ID="block_2" HPOS="73" VPOS="255" WIDTH="830" HEIGHT="84">
						<TextLine ID="line_2" HPOS="143" VPOS="255" WIDTH="760" HEIGHT="28">
							<String ID="string_7" HPOS="143" VPOS="255" WIDTH="154" HEIGHT="28" WC="0.95" CONTENT="Kyrkoherden"/><SP WIDTH="23" VPOS="255" HPOS="297"/>
							<String ID="string_8" HPOS="320" VPOS="256" WIDTH="79" HEIGHT="20" WC="0.92" CONTENT="Roos"/><SP WIDTH="24" VPOS="256" HPOS="399"/>
							<String ID="string_9" HPOS="423" VPOS="256" WIDTH="65" HEIGHT="26" WC="0.96" CONTENT="ansåg"/><SP WIDTH="22" VPOS="256" HPOS="488"/>
							<String ID="string_10" HPOS="510" VPOS="257" WIDTH="32" HEIGHT="19" WC="0.96" CONTENT="att"/><SP WIDTH="20" VPOS="257" HPOS="542"/>
							<String ID="string_11" HPOS="562" VPOS="255" WIDTH="36" HEIGHT="21" WC="0.96" CONTENT="det"/><SP WIDTH="18" VPOS="255" HPOS="598"/>
							<String ID="string_12" HPOS="616" VPOS="262" WIDTH="49" HEIGHT="15" WC="0.96" CONTENT="vore"/><SP WIDTH="16" VPOS="262" HPOS="665"/>
							<String ID="string_13" HPOS="681" VPOS="256" WIDTH="45" HEIGHT="26" WC="0.95" CONTENT="bra,"/><SP WIDTH="16" VPOS="256" HPOS="726"/>
							<String ID="string_14" HPOS="742" VPOS="262" WIDTH="34" HEIGHT="15" WC="0.96" CONTENT="om"/><SP WIDTH="16" VPOS="262" HPOS="776"/>
							<String ID="string_15" HPOS="792" VPOS="258" WIDTH="64" HEIGHT="21" WC="0.95" CONTENT="taxan"/><SP WIDTH="15" VPOS="258" HPOS="856"/>
							<String ID="string_16" HPOS="871" VPOS="257" WIDTH="32" HEIGHT="21" WC="0.96" CONTENT="för"/>
						</TextLine>
						<TextLine ID="line_3" HPOS="75" VPOS="283" WIDTH="828" HEIGHT="29">
							<String ID="string_17" HPOS="75" VPOS="284" WIDTH="120" HEIGHT="27" WC="0.87" CONTENT="skjutsning"/><SP WIDTH="16" VPOS="284" HPOS="195"/>
							<String ID="string_18" HPOS="211" VPOS="284" WIDTH="46" HEIGHT="20" WC="0.97" CONTENT="med"/><SP WIDTH="17" VPOS="284" HPOS="257"/>
							<String ID="string_19" HPOS="274" VPOS="284" WIDTH="42" HEIGHT="26" WC="0.95" CONTENT="båt,"/><SP WIDTH="16" VPOS="284" HPOS="316"/>
							<String ID="string_20" HPOS="332" VPOS="285" WIDTH="70" HEIGHT="20" WC="0.96" CONTENT="såsom"/><SP WIDTH="17" VPOS="285" HPOS="402"/>
							<String ID="string_21" HPOS="419" VPOS="284" WIDTH="60" HEIGHT="21" WC="0.95" CONTENT="äfven"/><SP WIDTH="16" VPOS="284" HPOS="479"/>
							<String ID="string_22" HPOS="495" VPOS="283" WIDTH="75" HEIGHT="22" WC="0.95" CONTENT="hittills"/><SP WIDTH="17" VPOS="283" HPOS="570"/>
							<String ID="string_23" HPOS="587" VPOS="284" WIDTH="53" HEIGHT="21" WC="0.96" CONTENT="varit"/><SP WIDTH="15" VPOS="284" HPOS="640"/>
							<String ID="string_24" HPOS="655" VPOS="284" WIDTH="65" HEIGHT="26" WC="0.96" CONTENT="fallet,"/><SP WIDTH="16" VPOS="284" HPOS="720"/>
							<String ID="string_25" HPOS="736" VPOS="284" WIDTH="68" HEIGHT="22" WC="0.93" CONTENT="skulle"/><SP WIDTH="12" VPOS="284" HPOS="804"/>
							<String ID="string_26" HPOS="816" VPOS="286" WIDTH="87" HEIGHT="26" WC="0.93" CONTENT="uppsläs"/>
						</TextLine>
						<TextLine ID="line_4" HPOS="73" VPOS="312" WIDTH="800" HEIGHT="27">
							<String ID="string_27" HPOS="73" VPOS="314" WIDTH="28" HEIGHT="25" WC="0.96" CONTENT="på"/><SP WIDTH="15" VPOS="314" HPOS="101"/>
							<String ID="string_28" HPOS="116" VPOS="320" WIDTH="26" HEIGHT="14" WC="0.96" CONTENT="en"/><SP WIDTH="16" VPOS="320" HPOS="142"/>
							<String ID="string_29" HPOS="158" VPOS="312" WIDTH="68" HEIGHT="27" WC="0.95" CONTENT="stolpe"/><SP WIDTH="16" VPOS="312" HPOS="226"/>
							<String ID="string_30" HPOS="242" VPOS="312" WIDTH="33" HEIGHT="21" WC="0.96" CONTENT="vid"/><SP WIDTH="16" VPOS="312" HPOS="275"/>
							<String ID="string_31" HPOS="291" VPOS="312" WIDTH="100" HEIGHT="21" WC="0.96" CONTENT="stranden"/><SP WIDTH="17" VPOS="312" HPOS="391"/>
							<String ID="string_32" HPOS="408" VPOS="312" WIDTH="39" HEIGHT="21" WC="0.96" CONTENT="och"/><SP WIDTH="15" VPOS="312" HPOS="447"/>
							<String ID="string_33" HPOS="462" VPOS="312" WIDTH="90" HEIGHT="21" WC="0.96" CONTENT="sålunda"/><SP WIDTH="15" VPOS="312" HPOS="552"/>
							<String ID="string_34" HPOS="567" VPOS="314" WIDTH="63" HEIGHT="24" WC="0.96" CONTENT="göras"/><SP WIDTH="15" VPOS="314" HPOS="630"/>
							<String ID="string_35" HPOS="645" VPOS="312" WIDTH="117" HEIGHT="27" WC="0.96" CONTENT="tillgänglig"/><SP WIDTH="15" VPOS="312" HPOS="762"/>
							<String ID="string_36" HPOS="777" VPOS="313" WIDTH="32" HEIGHT="21" WC="0.96" CONTENT="för"/><SP WIDTH="16" VPOS="313" HPOS="809"/>
							<String ID="string_37" HPOS="825" VPOS="314" WIDTH="48" HEIGHT="21" WC="0.95" CONTENT="alla."/>
						</TextLine>
					</TextBlock>
				</ComposedBlock>
				<ComposedBlock ID="cblock_4" HPOS="75" VPOS="368" WIDTH="827" HEIGHT="55">
					<TextBlock ID="block_3" HPOS="75" VPOS="368" WIDTH="827" HEIGHT="55">
						<TextLine ID="line_5" HPOS="142" VPOS="368" WIDTH="760" HEIGHT="27">
							<String ID="string_38" HPOS="142" VPOS="369" WIDTH="31" HEIGHT="20" WC="0.96" CONTENT="På"/><SP WIDTH="23" VPOS="369" HPOS="173"/>
							<String ID="string_39" HPOS="196" VPOS="368" WIDTH="152" HEIGHT="27" WC="0.95" CONTENT="framställning"/><SP WIDTH="19" VPOS="368" HPOS="348"/>
							<String ID="string_40" HPOS="367" VPOS="368" WIDTH="22" HEIGHT="21" WC="0.92" CONTENT="af"/><SP WIDTH="20" VPOS="368" HPOS="389"/>
							<String ID="string_41" HPOS="409" VPOS="369" WIDTH="49" HEIGHT="21" WC="0.93" CONTENT="herr"/><SP WIDTH="23" VPOS="369" HPOS="458"/>
							<String ID="string_42" HPOS="481" VPOS="368" WIDTH="135" HEIGHT="22" WC="0.91" CONTENT="talemannen"/><SP WIDTH="23" VPOS="368" HPOS="616"/>
							<String ID="string_43" HPOS="639" VPOS="369" WIDTH="121" HEIGHT="26" WC="0.93" CONTENT="godkändes"/><SP WIDTH="17" VPOS="369" HPOS="760"/>
							<String ID="string_44" HPOS="777" VPOS="370" WIDTH="10" HEIGHT="25" WC="0.91" CONTENT="$"/><SP WIDTH="19" VPOS="370" HPOS="787"/>
							<String ID="string_45" HPOS="806" VPOS="371" WIDTH="24" HEIGHT="20" WC="0.96" CONTENT="16"/><SP WIDTH="24" VPOS="371" HPOS="830"/>
							<String ID="string_46" HPOS="854" VPOS="370" WIDTH="48" HEIGHT="21" WC="0.95" CONTENT="med"/>
						</TextLine>
						<TextLine ID="line_6" HPOS="75" VPOS="396" WIDTH="240" HEIGHT="27">
							<String ID="string_47" HPOS="75" VPOS="397" WIDTH="110" HEIGHT="22" WC="0.92" CONTENT="obestridd"/><SP WIDTH="16" VPOS="397" HPOS="185"/>
							<String ID="string_48" HPOS="201" VPOS="396" WIDTH="114" HEIGHT="27" WC="0.91" CONTENT="pluralitet."/>
						</TextLine>
					</TextBlock>
				</ComposedBlock>
				<ComposedBlock ID="cblock_5" HPOS="74" VPOS="453" WIDTH="827" HEIGHT="113">
					<TextBlock ID="block_4" HPOS="74" VPOS="453" WIDTH="827" HEIGHT="113">
						<TextLine ID="line_7" HPOS="143" VPOS="453" WIDTH="758" HEIGHT="29">
							<String ID="string_49" HPOS="143" VPOS="453" WIDTH="69" HEIGHT="22" WC="0.96" CONTENT="Sedan"/><SP WIDTH="16" VPOS="453" HPOS="212"/>
							<String ID="string_50" HPOS="228" VPOS="453" WIDTH="49" HEIGHT="22" WC="0.93" CONTENT="herr"/><SP WIDTH="16" VPOS="453" HPOS="277"/>
							<String ID="string_51" HPOS="293" VPOS="453" WIDTH="133" HEIGHT="22" WC="0.92" CONTENT="talemannen"/><SP WIDTH="16" VPOS="453" HPOS="426"/>
							<String ID="string_52" HPOS="442" VPOS="453" WIDTH="64" HEIGHT="22" WC="0.91" CONTENT="fästat"/><SP WIDTH="16" VPOS="453" HPOS="506"/>
							<String ID="string_53" HPOS="522" VPOS="453" WIDTH="95" HEIGHT="22" WC="0.92" CONTENT="ståndets"/><SP WIDTH="13" VPOS="453" HPOS="617"/>
							<String ID="string_54" HPOS="630" VPOS="454" WIDTH="187" HEIGHT="27" WC="0.93" CONTENT="uppmärksamhet"/><SP WIDTH="11" VPOS="454" HPOS="817"/>
							<String ID="string_55" HPOS="828" VPOS="455" WIDTH="73" HEIGHT="27" WC="0.92" CONTENT="derpå,"/>
						</TextLine>
						<TextLine ID="line_8" HPOS="74" VPOS="481" WIDTH="827" HEIGHT="28">
							<String ID="string_56" HPOS="74" VPOS="483" WIDTH="33" HEIGHT="20" WC="0.93" CONTENT="att"/><SP WIDTH="16" VPOS="483" HPOS="107"/>
							<String ID="string_57" HPOS="123" VPOS="482" WIDTH="12" HEIGHT="27" WC="0.48" CONTENT="$"/><SP WIDTH="18" VPOS="482" HPOS="135"/>
							<String ID="string_58" HPOS="153" VPOS="483" WIDTH="25" HEIGHT="20" WC="0.95" CONTENT="17"/><SP WIDTH="16" VPOS="483" HPOS="178"/>
							<String ID="string_59" HPOS="194" VPOS="482" WIDTH="7" HEIGHT="21" WC="0.96" CONTENT="i"/><SP WIDTH="17" VPOS="482" HPOS="201"/>
							<String ID="string_60" HPOS="218" VPOS="481" WIDTH="40" HEIGHT="22" WC="0.96" CONTENT="den"/><SP WIDTH="16" VPOS="481" HPOS="258"/>
							<String ID="string_61" HPOS="274" VPOS="482" WIDTH="78" HEIGHT="26" WC="0.95" CONTENT="nådiga"/><SP WIDTH="15" VPOS="482" HPOS="352"/>
							<String ID="string_62" HPOS="367" VPOS="482" WIDTH="159" HEIGHT="27" WC="0.96" CONTENT="propositionen"/><SP WIDTH="16" VPOS="482" HPOS="526"/>
							<String ID="string_63" HPOS="542" VPOS="482" WIDTH="22" HEIGHT="21" WC="0.96" CONTENT="af"/><SP WIDTH="12" VPOS="482" HPOS="564"/>
							<String ID="string_64" HPOS="576" VPOS="482" WIDTH="104" HEIGHT="21" WC="0.96" CONTENT="utskottet"/><SP WIDTH="11" VPOS="482" HPOS="680"/>
							<String ID="string_65" HPOS="691" VPOS="482" WIDTH="113" HEIGHT="27" WC="0.96" CONTENT="uteslutits,"/><SP WIDTH="13" VPOS="482" HPOS="804"/>
							<String ID="string_66" HPOS="817" VPOS="483" WIDTH="84" HEIGHT="22" WC="0.96" CONTENT="hvilken"/>
						</TextLine>
						<TextLine ID="line_9" HPOS="75" VPOS="510" WIDTH="826" HEIGHT="27">
							<String ID="string_67" HPOS="75" VPOS="510" WIDTH="131" HEIGHT="27" WC="0.95" CONTENT="uteslutning"/><SP WIDTH="15" VPOS="510" HPOS="206"/>
							<String ID="string_68" HPOS="221" VPOS="510" WIDTH="86" HEIGHT="21" WC="0.96" CONTENT="ståndet"/><SP WIDTH="16" VPOS="510" HPOS="307"/>
							<String ID="string_69" HPOS="323" VPOS="510" WIDTH="102" HEIGHT="27" WC="0.95" CONTENT="enhälligt"/><SP WIDTH="15" VPOS="510" HPOS="425"/>
							<String ID="string_70" HPOS="440" VPOS="510" WIDTH="118" HEIGHT="27" WC="0.96" CONTENT="godkände,"/><SP WIDTH="17" VPOS="510" HPOS="558"/>
							<String ID="string_71" HPOS="575" VPOS="513" WIDTH="55" HEIGHT="18" WC="0.96" CONTENT="samt"/><SP WIDTH="16" VPOS="513" HPOS="630"/>
							<String ID="string_72" HPOS="646" VPOS="512" WIDTH="31" HEIGHT="19" WC="0.96" CONTENT="att"/><SP WIDTH="14" VPOS="512" HPOS="677"/>
							<String ID="string_73" HPOS="691" VPOS="511" WIDTH="6" HEIGHT="20" WC="0.96" CONTENT="i"/><SP WIDTH="17" VPOS="511" HPOS="697"/>
							<String ID="string_74" HPOS="714" VPOS="510" WIDTH="50" HEIGHT="27" WC="0.96" CONTENT="följd"/><SP WIDTH="16" VPOS="510" HPOS="764"/>
							<String ID="string_75" HPOS="780" VPOS="511" WIDTH="62" HEIGHT="22" WC="0.93" CONTENT="häraf"/><SP WIDTH="13" VPOS="511" HPOS="842"/>
							<String ID="string_76" HPOS="855" VPOS="512" WIDTH="46" HEIGHT="20" WC="0.93" CONTENT="ord-"/>
						</TextLine>
						<TextLine ID="line_10" HPOS="75" VPOS="538" WIDTH="826" HEIGHT="28">
							<String ID="string_77" HPOS="75" VPOS="539" WIDTH="172" HEIGHT="26" WC="0.89" CONTENT="ningsnummern"/><SP WIDTH="16" VPOS="539" HPOS="247"/>
							<String ID="string_78" HPOS="263" VPOS="538" WIDTH="34" HEIGHT="21" WC="0.96" CONTENT="för"/><SP WIDTH="15" VPOS="538" HPOS="297"/>
							<String ID="string_79" HPOS="312" VPOS="539" WIDTH="26" HEIGHT="20" WC="0.96" CONTENT="de"/><SP WIDTH="16" VPOS="539" HPOS="338"/>
							<String ID="string_80" HPOS="354" VPOS="538" WIDTH="91" HEIGHT="27" WC="0.96" CONTENT="följande"/><SP WIDTH="11" VPOS="538" HPOS="445"/>
							<String ID="string_81" HPOS="456" VPOS="538" WIDTH="152" HEIGHT="27" WC="0.96" CONTENT="paragraferna"/><SP WIDTH="13" VPOS="538" HPOS="608"/>
							<String ID="string_82" HPOS="621" VPOS="538" WIDTH="68" HEIGHT="22" WC="0.95" CONTENT="blifvit"/><SP WIDTH="12" VPOS="538" HPOS="689"/>
							<String ID="string_83" HPOS="701" VPOS="538" WIDTH="119" HEIGHT="28" WC="0.96" CONTENT="förändrad,"/><SP WIDTH="13" VPOS="538" HPOS="820"/>
							<String ID="string_84" HPOS="833" VPOS="539" WIDTH="68" HEIGHT="22" WC="0.96" CONTENT="blefvo"/>
						</TextLine>
					</TextBlock>
				</ComposedBlock>
				<ComposedBlock ID="cblock_6" HPOS="144" VPOS="594" WIDTH="651" HEIGHT="28">
					<TextBlock ID="block_5" HPOS="144" VPOS="594" WIDTH="651" HEIGHT="28">
						<TextLine ID="line_11" HPOS="144" VPOS="594" WIDTH="651" HEIGHT="28">
							<String ID="string_85" HPOS="144" VPOS="595" WIDTH="25" HEIGHT="26" WC="0.64" CONTENT="88"/><SP WIDTH="16" VPOS="595" HPOS="169"/>
							<String ID="string_86" HPOS="185" VPOS="595" WIDTH="83" HEIGHT="21" WC="0.91" CONTENT="17—19"/><SP WIDTH="15" VPOS="595" HPOS="268"/>
							<String ID="string_87" HPOS="283" VPOS="594" WIDTH="7" HEIGHT="21" WC="0.93" CONTENT="i"/><SP WIDTH="17" VPOS="594" HPOS="290"/>
							<String ID="string_88" HPOS="307" VPOS="594" WIDTH="239" HEIGHT="22" WC="0.91" CONTENT="utskottsbetänkandet"/><SP WIDTH="16" VPOS="594" HPOS="546"/>
							<String ID="string_89" HPOS="562" VPOS="594" WIDTH="101" HEIGHT="28" WC="0.96" CONTENT="enhälligt"/><SP WIDTH="15" VPOS="594" HPOS="663"/>
							<String ID="string_90" HPOS="678" VPOS="595" WIDTH="117" HEIGHT="27" WC="0.96" CONTENT="godkända."/>
						</TextLine>
					</TextBlock>
				</ComposedBlock>
				<ComposedBlock ID="cblock_7" HPOS="145" VPOS="650" WIDTH="343" HEIGHT="28">
					<TextBlock ID="block_6" HPOS="145" VPOS="650" WIDTH="343" HEIGHT="28">
						<TextLine ID="line_12" HPOS="145" VPOS="650" WIDTH="343" HEIGHT="28">
							<String ID="string_91" HPOS="145" VPOS="651" WIDTH="12" HEIGHT="27" WC="0.83" CONTENT="$"/><SP WIDTH="17" VPOS="651" HPOS="157"/>
							<String ID="string_92" HPOS="174" VPOS="652" WIDTH="26" HEIGHT="20" WC="0.96" CONTENT="20"/><SP WIDTH="17" VPOS="652" HPOS="200"/>
							<String ID="string_93" HPOS="217" VPOS="651" WIDTH="6" HEIGHT="21" WC="0.93" CONTENT="i"/><SP WIDTH="16" VPOS="651" HPOS="223"/>
							<String ID="string_94" HPOS="239" VPOS="650" WIDTH="249" HEIGHT="22" WC="0.89" CONTENT="utskottsbetänkandet:"/>
						</TextLine>
					</TextBlock>
				</ComposedBlock>
				<ComposedBlock ID="cblock_8" HPOS="75" VPOS="702" WIDTH="826" HEIGHT="77">
					<TextBlock ID="block_7" HPOS="75" VPOS="702" WIDTH="826" HEIGHT="77">
						<TextLine ID="line_13" HPOS="145" VPOS="702" WIDTH="756" HEIGHT="27">
							<String ID="string_95" HPOS="145" VPOS="702" WIDTH="153" HEIGHT="27" WC="0.96" CONTENT="Kyrkoherden"/><SP WIDTH="22" VPOS="702" HPOS="298"/>
							<String ID="string_96" HPOS="320" VPOS="702" WIDTH="77" HEIGHT="21" WC="0.91" CONTENT="Roos"/><SP WIDTH="22" VPOS="702" HPOS="397"/>
							<String ID="string_97" HPOS="419" VPOS="702" WIDTH="111" HEIGHT="21" WC="0.95" CONTENT="anmärkte"/><SP WIDTH="23" VPOS="702" HPOS="530"/>
							<String ID="string_98" HPOS="553" VPOS="702" WIDTH="36" HEIGHT="21" WC="0.95" CONTENT="det"/><SP WIDTH="23" VPOS="702" HPOS="589"/>
							<String ID="string_99" HPOS="612" VPOS="702" WIDTH="56" HEIGHT="21" WC="0.93" CONTENT="olika"/><SP WIDTH="22" VPOS="702" HPOS="668"/>
							<String ID="string_100" HPOS="690" VPOS="702" WIDTH="162" HEIGHT="27" WC="0.91" CONTENT="bötesbeloppet"/><SP WIDTH="18" VPOS="702" HPOS="852"/>
							<String ID="string_101" HPOS="870" VPOS="702" WIDTH="31" HEIGHT="21" WC="0.96" CONTENT="för"/>
						</TextLine>
						<TextLine ID="line_14" HPOS="75" VPOS="729" WIDTH="826" HEIGHT="28">
							<String ID="string_102" HPOS="75" VPOS="730" WIDTH="127" HEIGHT="27" WC="0.91" CONTENT="gästgifvare"/><SP WIDTH="23" VPOS="730" HPOS="202"/>
							<String ID="string_103" HPOS="225" VPOS="729" WIDTH="39" HEIGHT="22" WC="0.96" CONTENT="och"/><SP WIDTH="24" VPOS="729" HPOS="264"/>
							<String ID="string_104" HPOS="288" VPOS="730" WIDTH="94" HEIGHT="26" WC="0.95" CONTENT="resande,"/><SP WIDTH="24" VPOS="730" HPOS="382"/>
							<String ID="string_105" HPOS="406" VPOS="730" WIDTH="39" HEIGHT="21" WC="0.95" CONTENT="och"/><SP WIDTH="23" VPOS="730" HPOS="445"/>
							<String ID="string_106" HPOS="468" VPOS="731" WIDTH="66" HEIGHT="26" WC="0.95" CONTENT="ansåg"/><SP WIDTH="18" VPOS="731" HPOS="534"/>
							<String ID="string_107" HPOS="552" VPOS="732" WIDTH="32" HEIGHT="19" WC="0.96" CONTENT="att"/><SP WIDTH="15" VPOS="732" HPOS="584"/>
							<String ID="string_108" HPOS="599" VPOS="730" WIDTH="89" HEIGHT="21" WC="0.96" CONTENT="böterna"/><SP WIDTH="15" VPOS="730" HPOS="688"/>
							<String ID="string_109" HPOS="703" VPOS="730" WIDTH="6" HEIGHT="21" WC="0.96" CONTENT="i"/><SP WIDTH="17" VPOS="730" HPOS="709"/>
							<String ID="string_110" HPOS="726" VPOS="730" WIDTH="102" HEIGHT="21" WC="0.96" CONTENT="hvardera"/><SP WIDTH="15" VPOS="730" HPOS="828"/>
							<String ID="string_111" HPOS="843" VPOS="730" WIDTH="58" HEIGHT="22" WC="0.96" CONTENT="fallet"/>
						</TextLine>
						<TextLine ID="line_15" HPOS="75" VPOS="758" WIDTH="196" HEIGHT="21">
							<String ID="string_112" HPOS="75" VPOS="758" WIDTH="67" HEIGHT="21" WC="0.96" CONTENT="borde"/><SP WIDTH="16" VPOS="758" HPOS="142"/>
							<String ID="string_113" HPOS="158" VPOS="764" WIDTH="51" HEIGHT="15" WC="0.95" CONTENT="vara"/><SP WIDTH="14" VPOS="764" HPOS="209"/>
							<String ID="string_114" HPOS="223" VPOS="758" WIDTH="48" HEIGHT="21" WC="0.95" CONTENT="lika."/>
						</TextLine>
					</TextBlock>
				</ComposedBlock>
				<ComposedBlock ID="cblock_9" HPOS="75" VPOS="808" WIDTH="825" HEIGHT="56">
					<TextBlock ID="block_8" HPOS="75" VPOS="808" WIDTH="825" HEIGHT="56">
						<TextLine ID="line_16" HPOS="143" VPOS="808" WIDTH="757" HEIGHT="29">
							<String ID="string_115" HPOS="143" VPOS="809" WIDTH="32" HEIGHT="21" WC="0.96" CONTENT="På"/><SP WIDTH="14" VPOS="809" HPOS="175"/>
							<String ID="string_116" HPOS="189" VPOS="808" WIDTH="155" HEIGHT="27" WC="0.95" CONTENT="framställning"/><SP WIDTH="15" VPOS="808" HPOS="344"/>
							<String ID="string_117" HPOS="359" VPOS="809" WIDTH="22" HEIGHT="21" WC="0.96" CONTENT="af"/><SP WIDTH="13" VPOS="809" HPOS="381"/>
							<String ID="string_118" HPOS="394" VPOS="809" WIDTH="49" HEIGHT="21" WC="0.92" CONTENT="herr"/><SP WIDTH="15" VPOS="809" HPOS="443"/>
							<String ID="string_119" HPOS="458" VPOS="808" WIDTH="141" HEIGHT="27" WC="0.89" CONTENT="talemannen,"/><SP WIDTH="19" VPOS="808" HPOS="599"/>
							<String ID="string_120" HPOS="618" VPOS="809" WIDTH="122" HEIGHT="26" WC="0.96" CONTENT="godkändes"/><SP WIDTH="16" VPOS="809" HPOS="740"/>
							<String ID="string_121" HPOS="756" VPOS="809" WIDTH="68" HEIGHT="22" WC="0.93" CONTENT="denna"/><SP WIDTH="15" VPOS="809" HPOS="824"/>
							<String ID="string_122" HPOS="839" VPOS="816" WIDTH="61" HEIGHT="21" WC="0.92" CONTENT="para-"/>
						</TextLine>
						<TextLine ID="line_17" HPOS="75" VPOS="837" WIDTH="698" HEIGHT="27">
							<String ID="string_123" HPOS="75" VPOS="837" WIDTH="48" HEIGHT="27" WC="0.96" CONTENT="graf"/><SP WIDTH="14" VPOS="837" HPOS="123"/>
							<String ID="string_124" HPOS="137" VPOS="839" WIDTH="47" HEIGHT="19" WC="0.93" CONTENT="med"/><SP WIDTH="17" VPOS="839" HPOS="184"/>
							<String ID="string_125" HPOS="201" VPOS="837" WIDTH="109" HEIGHT="21" WC="0.92" CONTENT="obestridd"/><SP WIDTH="15" VPOS="837" HPOS="310"/>
							<String ID="string_126" HPOS="325" VPOS="837" WIDTH="108" HEIGHT="27" WC="0.92" CONTENT="pluralitet"/><SP WIDTH="16" VPOS="837" HPOS="433"/>
							<String ID="string_127" HPOS="449" VPOS="837" WIDTH="65" HEIGHT="26" WC="0.93" CONTENT="enligt"/><SP WIDTH="15" VPOS="837" HPOS="514"/>
							<String ID="string_128" HPOS="529" VPOS="837" WIDTH="244" HEIGHT="22" WC="0.91" CONTENT="utskottsbetänkandet."/>
						</TextLine>
					</TextBlock>
				</ComposedBlock>
				<ComposedBlock ID="cblock_10" HPOS="143" VPOS="893" WIDTH="663" HEIGHT="84">
					<TextBlock ID="block_9" HPOS="143" VPOS="893" WIDTH="663" HEIGHT="84">
						<TextLine ID="line_18" HPOS="143" VPOS="893" WIDTH="663" HEIGHT="28">
							<String ID="string_129" HPOS="143" VPOS="894" WIDTH="27" HEIGHT="26" WC="0.89" CONTENT="88"/><SP WIDTH="16" VPOS="894" HPOS="170"/>
							<String ID="string_130" HPOS="186" VPOS="894" WIDTH="85" HEIGHT="21" WC="0.90" CONTENT="21—23"/><SP WIDTH="16" VPOS="894" HPOS="271"/>
							<String ID="string_131" HPOS="287" VPOS="893" WIDTH="6" HEIGHT="21" WC="0.93" CONTENT="i"/><SP WIDTH="15" VPOS="893" HPOS="293"/>
							<String ID="string_132" HPOS="308" VPOS="894" WIDTH="238" HEIGHT="21" WC="0.92" CONTENT="utskottsbetänkandet"/><SP WIDTH="15" VPOS="894" HPOS="546"/>
							<String ID="string_133" HPOS="561" VPOS="894" WIDTH="123" HEIGHT="26" WC="0.96" CONTENT="godkändes"/><SP WIDTH="16" VPOS="894" HPOS="684"/>
							<String ID="string_134" HPOS="700" VPOS="893" WIDTH="106" HEIGHT="28" WC="0.95" CONTENT="enhälligt."/>
						</TextLine>
						<TextLine ID="line_19" HPOS="143" VPOS="950" WIDTH="339" HEIGHT="27">
							<String ID="string_135" HPOS="143" VPOS="951" WIDTH="11" HEIGHT="26" WC="0.85" CONTENT="8"/><SP WIDTH="17" VPOS="951" HPOS="154"/>
							<String ID="string_136" HPOS="171" VPOS="951" WIDTH="27" HEIGHT="20" WC="0.93" CONTENT="24"/><SP WIDTH="15" VPOS="951" HPOS="198"/>
							<String ID="string_137" HPOS="213" VPOS="950" WIDTH="6" HEIGHT="21" WC="0.93" CONTENT="i"/><SP WIDTH="15" VPOS="950" HPOS="219"/>
							<String ID="string_138" HPOS="234" VPOS="950" WIDTH="248" HEIGHT="22" WC="0.92" CONTENT="utskottsbetänkandet:"/>
						</TextLine>
					</TextBlock>
				</ComposedBlock>
				<ComposedBlock ID="cblock_11" HPOS="74" VPOS="1006" WIDTH="827" HEIGHT="169">
					<TextBlock ID="block_10" HPOS="74" VPOS="1006" WIDTH="827" HEIGHT="169">
						<TextLine ID="line_20" HPOS="144" VPOS="1006" WIDTH="756" HEIGHT="28">
							<String ID="string_139" HPOS="144" VPOS="1007" WIDTH="204" HEIGHT="27" WC="0.91" CONTENT="Kontraktsprosten"/><SP WIDTH="23" VPOS="1007" HPOS="348"/>
							<String ID="string_140" HPOS="371" VPOS="1006" WIDTH="88" HEIGHT="23" WC="0.95" CONTENT="Sirén"/><SP WIDTH="23" VPOS="1006" HPOS="459"/>
							<String ID="string_141" HPOS="482" VPOS="1007" WIDTH="110" HEIGHT="21" WC="0.95" CONTENT="anmärkte"/><SP WIDTH="16" VPOS="1007" HPOS="592"/>
							<String ID="string_142" HPOS="608" VPOS="1009" WIDTH="32" HEIGHT="19" WC="0.93" CONTENT="att"/><SP WIDTH="16" VPOS="1009" HPOS="640"/>
							<String ID="string_143" HPOS="656" VPOS="1007" WIDTH="60" HEIGHT="21" WC="0.93" CONTENT="ordet"/><SP WIDTH="16" VPOS="1007" HPOS="716"/>
							<String ID="string_144" HPOS="732" VPOS="1007" WIDTH="168" HEIGHT="26" WC="0.91" CONTENT=",skjutskarlen*"/>
						</TextLine>
						<TextLine ID="line_21" HPOS="75" VPOS="1035" WIDTH="826" HEIGHT="28">
							<String ID="string_145" HPOS="75" VPOS="1035" WIDTH="39" HEIGHT="21" WC="0.91" CONTENT="här"/><SP WIDTH="22" VPOS="1035" HPOS="114"/>
							<String ID="string_146" HPOS="136" VPOS="1035" WIDTH="141" HEIGHT="21" WC="0.91" CONTENT="förekommer"/><SP WIDTH="15" VPOS="1035" HPOS="277"/>
							<String ID="string_147" HPOS="292" VPOS="1036" WIDTH="35" HEIGHT="21" WC="0.93" CONTENT="tvä"/><SP WIDTH="16" VPOS="1036" HPOS="327"/>
							<String ID="string_148" HPOS="343" VPOS="1036" WIDTH="78" HEIGHT="26" WC="0.91" CONTENT="gänger"/><SP WIDTH="16" VPOS="1036" HPOS="421"/>
							<String ID="string_149" HPOS="437" VPOS="1035" WIDTH="27" HEIGHT="27" WC="0.96" CONTENT="pä"/><SP WIDTH="15" VPOS="1035" HPOS="464"/>
							<String ID="string_150" HPOS="479" VPOS="1037" WIDTH="32" HEIGHT="19" WC="0.93" CONTENT="tre"/><SP WIDTH="16" VPOS="1037" HPOS="511"/>
							<String ID="string_151" HPOS="527" VPOS="1035" WIDTH="69" HEIGHT="25" WC="0.92" CONTENT="rader,"/><SP WIDTH="16" VPOS="1035" HPOS="596"/>
							<String ID="string_152" HPOS="612" VPOS="1035" WIDTH="98" HEIGHT="22" WC="0.92" CONTENT="hvarföre"/><SP WIDTH="16" VPOS="1035" HPOS="710"/>
							<String ID="string_153" HPOS="726" VPOS="1035" WIDTH="81" HEIGHT="21" WC="0.92" CONTENT="talaren"/><SP WIDTH="15" VPOS="1035" HPOS="807"/>
							<String ID="string_154" HPOS="822" VPOS="1035" WIDTH="79" HEIGHT="28" WC="0.91" CONTENT="yrkade"/>
						</TextLine>
						<TextLine ID="line_22" HPOS="75" VPOS="1063" WIDTH="826" HEIGHT="26">
							<String ID="string_155" HPOS="75" VPOS="1064" WIDTH="32" HEIGHT="19" WC="0.93" CONTENT="att"/><SP WIDTH="15" VPOS="1064" HPOS="107"/>
							<String ID="string_156" HPOS="122" VPOS="1063" WIDTH="124" HEIGHT="26" WC="0.96" CONTENT="paragrafen"/><SP WIDTH="17" VPOS="1063" HPOS="246"/>
							<String ID="string_157" HPOS="263" VPOS="1063" WIDTH="65" HEIGHT="21" WC="0.93" CONTENT="borde"/><SP WIDTH="16" VPOS="1063" HPOS="328"/>
							<String ID="string_158" HPOS="344" VPOS="1064" WIDTH="20" HEIGHT="20" WC="0.96" CONTENT="få"/><SP WIDTH="11" VPOS="1064" HPOS="364"/>
							<String ID="string_159" HPOS="375" VPOS="1063" WIDTH="91" HEIGHT="26" WC="0.93" CONTENT="följande"/><SP WIDTH="12" VPOS="1063" HPOS="466"/>
							<String ID="string_160" HPOS="478" VPOS="1063" WIDTH="127" HEIGHT="21" WC="0.96" CONTENT="förändrade"/><SP WIDTH="10" VPOS="1063" HPOS="605"/>
							<String ID="string_161" HPOS="615" VPOS="1064" WIDTH="122" HEIGHT="20" WC="0.93" CONTENT="redaktion:"/><SP WIDTH="13" VPOS="1064" HPOS="737"/>
							<String ID="string_162" HPOS="750" VPOS="1076" WIDTH="25" HEIGHT="2" WC="0.91" CONTENT="—"/><SP WIDTH="14" VPOS="1076" HPOS="775"/>
							<String ID="string_163" HPOS="789" VPOS="1075" WIDTH="23" HEIGHT="3" WC="0.91" CONTENT="—"/><SP WIDTH="16" VPOS="1075" HPOS="812"/>
							<String ID="string_164" HPOS="828" VPOS="1064" WIDTH="73" HEIGHT="25" WC="0.73" CONTENT=",tjagu"/>
						</TextLine>
						<TextLine ID="line_23" HPOS="75" VPOS="1091" WIDTH="826" HEIGHT="27">
							<String ID="string_165" HPOS="75" VPOS="1091" WIDTH="90" HEIGHT="26" WC="0.92" CONTENT="lispund,"/><SP WIDTH="24" VPOS="1091" HPOS="165"/>
							<String ID="string_166" HPOS="189" VPOS="1097" WIDTH="45" HEIGHT="16" WC="0.96" CONTENT="som"/><SP WIDTH="23" VPOS="1097" HPOS="234"/>
							<String ID="string_167" HPOS="257" VPOS="1092" WIDTH="27" HEIGHT="26" WC="0.93" CONTENT="pä"/><SP WIDTH="21" VPOS="1092" HPOS="284"/>
							<String ID="string_168" HPOS="305" VPOS="1091" WIDTH="70" HEIGHT="22" WC="0.92" CONTENT="äkdon"/><SP WIDTH="23" VPOS="1091" HPOS="375"/>
							<String ID="string_169" HPOS="398" VPOS="1091" WIDTH="53" HEIGHT="22" WC="0.91" CONTENT="efter"/><SP WIDTH="15" VPOS="1091" HPOS="451"/>
							<String ID="string_170" HPOS="466" VPOS="1092" WIDTH="35" HEIGHT="20" WC="0.91" CONTENT="tvä"/><SP WIDTH="16" VPOS="1092" HPOS="501"/>
							<String ID="string_171" HPOS="517" VPOS="1091" WIDTH="52" HEIGHT="22" WC="0.93" CONTENT="eller"/><SP WIDTH="14" VPOS="1091" HPOS="569"/>
							<String ID="string_172" HPOS="583" VPOS="1091" WIDTH="50" HEIGHT="22" WC="0.93" CONTENT="flere"/><SP WIDTH="15" VPOS="1091" HPOS="633"/>
							<String ID="string_173" HPOS="648" VPOS="1091" WIDTH="73" HEIGHT="22" WC="0.92" CONTENT="hästar"/><SP WIDTH="16" VPOS="1091" HPOS="721"/>
							<String ID="string_174" HPOS="737" VPOS="1091" WIDTH="33" HEIGHT="21" WC="0.93" CONTENT="mä"/><SP WIDTH="16" VPOS="1091" HPOS="770"/>
							<String ID="string_175" HPOS="786" VPOS="1091" WIDTH="51" HEIGHT="22" WC="0.92" CONTENT="ökas"/><SP WIDTH="16" VPOS="1091" HPOS="837"/>
							<String ID="string_176" HPOS="853" VPOS="1091" WIDTH="48" HEIGHT="21" WC="0.95" CONTENT="med"/>
						</TextLine>
						<TextLine ID="line_24" HPOS="74" VPOS="1119" WIDTH="827" HEIGHT="27">
							<String ID="string_177" HPOS="74" VPOS="1119" WIDTH="80" HEIGHT="22" WC="0.92" CONTENT="femton"/><SP WIDTH="21" VPOS="1119" HPOS="154"/>
							<String ID="string_178" HPOS="175" VPOS="1119" WIDTH="84" HEIGHT="27" WC="0.92" CONTENT="lispund"/><SP WIDTH="22" VPOS="1119" HPOS="259"/>
							<String ID="string_179" HPOS="281" VPOS="1119" WIDTH="32" HEIGHT="21" WC="0.93" CONTENT="för"/><SP WIDTH="16" VPOS="1119" HPOS="313"/>
							<String ID="string_180" HPOS="329" VPOS="1119" WIDTH="70" HEIGHT="27" WC="0.91" CONTENT="hvarje"/><SP WIDTH="20" VPOS="1119" HPOS="399"/>
							<String ID="string_181" HPOS="419" VPOS="1119" WIDTH="54" HEIGHT="27" WC="0.92" CONTENT="häst,"/><SP WIDTH="17" VPOS="1119" HPOS="473"/>
							<String ID="string_182" HPOS="490" VPOS="1119" WIDTH="54" HEIGHT="22" WC="0.96" CONTENT="dock"/><SP WIDTH="16" VPOS="1119" HPOS="544"/>
							<String ID="string_183" HPOS="560" VPOS="1121" WIDTH="32" HEIGHT="20" WC="0.93" CONTENT="att"/><SP WIDTH="15" VPOS="1121" HPOS="592"/>
							<String ID="string_184" HPOS="607" VPOS="1119" WIDTH="142" HEIGHT="27" WC="0.91" CONTENT="skjutskarlen"/><SP WIDTH="15" VPOS="1119" HPOS="749"/>
							<String ID="string_185" HPOS="764" VPOS="1119" WIDTH="7" HEIGHT="21" WC="0.93" CONTENT="i"/><SP WIDTH="15" VPOS="1119" HPOS="771"/>
							<String ID="string_186" HPOS="786" VPOS="1119" WIDTH="115" HEIGHT="27" WC="0.92" CONTENT="ingendera"/>
						</TextLine>
						<TextLine ID="line_25" HPOS="75" VPOS="1147" WIDTH="445" HEIGHT="28">
							<String ID="string_187" HPOS="75" VPOS="1147" WIDTH="60" HEIGHT="21" WC="0.93" CONTENT="fallet"/><SP WIDTH="16" VPOS="1147" HPOS="135"/>
							<String ID="string_188" HPOS="151" VPOS="1148" WIDTH="6" HEIGHT="21" WC="0.96" CONTENT="i"/><SP WIDTH="16" VPOS="1148" HPOS="157"/>
							<String ID="string_189" HPOS="173" VPOS="1148" WIDTH="40" HEIGHT="21" WC="0.93" CONTENT="den"/><SP WIDTH="16" VPOS="1148" HPOS="213"/>
							<String ID="string_190" HPOS="229" VPOS="1147" WIDTH="110" HEIGHT="22" WC="0.92" CONTENT="bestämda"/><SP WIDTH="15" VPOS="1147" HPOS="339"/>
							<String ID="string_191" HPOS="354" VPOS="1148" WIDTH="70" HEIGHT="27" WC="0.92" CONTENT="vigten"/><SP WIDTH="16" VPOS="1148" HPOS="424"/>
							<String ID="string_192" HPOS="440" VPOS="1148" WIDTH="80" HEIGHT="27" WC="0.92" CONTENT="ingär*."/>
						</TextLine>
					</TextBlock>
				</ComposedBlock>
				<ComposedBlock ID="cblock_12" HPOS="76" VPOS="1204" WIDTH="825" HEIGHT="55">
					<TextBlock ID="block_11" HPOS="76" VPOS="1204" WIDTH="825" HEIGHT="55">
						<TextLine ID="line_26" HPOS="144" VPOS="1204" WIDTH="757" HEIGHT="27">
							<String ID="string_193" HPOS="144" VPOS="1204" WIDTH="31" HEIGHT="21" WC="0.96" CONTENT="På"/><SP WIDTH="20" VPOS="1204" HPOS="175"/>
							<String ID="string_194" HPOS="195" VPOS="1204" WIDTH="155" HEIGHT="27" WC="0.96" CONTENT="framställning"/><SP WIDTH="19" VPOS="1204" HPOS="350"/>
							<String ID="string_195" HPOS="369" VPOS="1204" WIDTH="21" HEIGHT="21" WC="0.93" CONTENT="af"/><SP WIDTH="16" VPOS="1204" HPOS="390"/>
							<String ID="string_196" HPOS="406" VPOS="1205" WIDTH="49" HEIGHT="21" WC="0.93" CONTENT="herr"/><SP WIDTH="15" VPOS="1205" HPOS="455"/>
							<String ID="string_197" HPOS="470" VPOS="1205" WIDTH="135" HEIGHT="21" WC="0.91" CONTENT="talemannen"/><SP WIDTH="15" VPOS="1205" HPOS="605"/>
							<String ID="string_198" HPOS="620" VPOS="1205" WIDTH="123" HEIGHT="26" WC="0.96" CONTENT="godkändes"/><SP WIDTH="16" VPOS="1205" HPOS="743"/>
							<String ID="string_199" HPOS="759" VPOS="1205" WIDTH="67" HEIGHT="20" WC="0.93" CONTENT="denna"/><SP WIDTH="15" VPOS="1205" HPOS="826"/>
							<String ID="string_200" HPOS="841" VPOS="1210" WIDTH="60" HEIGHT="20" WC="0.92" CONTENT="para-"/>
						</TextLine>
						<TextLine ID="line_27" HPOS="76" VPOS="1232" WIDTH="605" HEIGHT="27">
							<String ID="string_201" HPOS="76" VPOS="1232" WIDTH="47" HEIGHT="27" WC="0.93" CONTENT="graf"/><SP WIDTH="14" VPOS="1232" HPOS="123"/>
							<String ID="string_202" HPOS="137" VPOS="1233" WIDTH="48" HEIGHT="21" WC="0.93" CONTENT="med"/><SP WIDTH="16" VPOS="1233" HPOS="185"/>
							<String ID="string_203" HPOS="201" VPOS="1232" WIDTH="109" HEIGHT="22" WC="0.93" CONTENT="obestridd"/><SP WIDTH="15" VPOS="1232" HPOS="310"/>
							<String ID="string_204" HPOS="325" VPOS="1233" WIDTH="109" HEIGHT="26" WC="0.92" CONTENT="pluralitet"/><SP WIDTH="15" VPOS="1233" HPOS="434"/>
							<String ID="string_205" HPOS="449" VPOS="1233" WIDTH="65" HEIGHT="26" WC="0.93" CONTENT="enligt"/><SP WIDTH="16" VPOS="1233" HPOS="514"/>
							<String ID="string_206" HPOS="530" VPOS="1233" WIDTH="151" HEIGHT="21" WC="0.92" CONTENT="betänkandet."/>
						</TextLine>
					</TextBlock>
				</ComposedBlock>
				<ComposedBlock ID="cblock_13" HPOS="75" VPOS="1288" WIDTH="826" HEIGHT="85">
					<TextBlock ID="block_12" HPOS="75" VPOS="1288" WIDTH="826" HEIGHT="85">
						<TextLine ID="line_28" HPOS="144" VPOS="1288" WIDTH="757" HEIGHT="27">
							<String ID="string_207" HPOS="144" VPOS="1288" WIDTH="27" HEIGHT="27" WC="0.45" CONTENT="$$"/><SP WIDTH="23" VPOS="1288" HPOS="171"/>
							<String ID="string_208" HPOS="194" VPOS="1289" WIDTH="84" HEIGHT="21" WC="0.90" CONTENT="25—36"/><SP WIDTH="18" VPOS="1289" HPOS="278"/>
							<String ID="string_209" HPOS="296" VPOS="1289" WIDTH="6" HEIGHT="20" WC="0.93" CONTENT="i"/><SP WIDTH="20" VPOS="1289" HPOS="302"/>
							<String ID="string_210" HPOS="322" VPOS="1289" WIDTH="238" HEIGHT="21" WC="0.90" CONTENT="utskottsbetänkandet"/><SP WIDTH="22" VPOS="1289" HPOS="560"/>
							<String ID="string_211" HPOS="582" VPOS="1289" WIDTH="123" HEIGHT="26" WC="0.96" CONTENT="godkändes"/><SP WIDTH="23" VPOS="1289" HPOS="705"/>
							<String ID="string_212" HPOS="728" VPOS="1288" WIDTH="110" HEIGHT="27" WC="0.95" CONTENT="enhälligt;"/><SP WIDTH="24" VPOS="1288" HPOS="838"/>
							<String ID="string_213" HPOS="862" VPOS="1289" WIDTH="39" HEIGHT="21" WC="0.96" CONTENT="och"/>
						</TextLine>
						<TextLine ID="line_29" HPOS="75" VPOS="1315" WIDTH="826" HEIGHT="29">
							<String ID="string_214" HPOS="75" VPOS="1315" WIDTH="68" HEIGHT="23" WC="0.92" CONTENT="skulle"/><SP WIDTH="14" VPOS="1315" HPOS="143"/>
							<String ID="string_215" HPOS="157" VPOS="1317" WIDTH="14" HEIGHT="20" WC="0.92" CONTENT="&amp;"/><SP WIDTH="15" VPOS="1317" HPOS="171"/>
							<String ID="string_216" HPOS="186" VPOS="1317" WIDTH="103" HEIGHT="27" WC="0.90" CONTENT="styrelsen"/><SP WIDTH="19" VPOS="1317" HPOS="289"/>
							<String ID="string_217" HPOS="308" VPOS="1317" WIDTH="21" HEIGHT="22" WC="0.88" CONTENT="fä"/><SP WIDTH="20" VPOS="1317" HPOS="329"/>
							<String ID="string_218" HPOS="349" VPOS="1318" WIDTH="113" HEIGHT="21" WC="0.92" CONTENT="ankomma"/><SP WIDTH="15" VPOS="1318" HPOS="462"/>
							<String ID="string_219" HPOS="477" VPOS="1319" WIDTH="32" HEIGHT="19" WC="0.93" CONTENT="att"/><SP WIDTH="15" VPOS="1319" HPOS="509"/>
							<String ID="string_220" HPOS="524" VPOS="1317" WIDTH="118" HEIGHT="22" WC="0.92" CONTENT="bestämma"/><SP WIDTH="22" VPOS="1317" HPOS="642"/>
							<String ID="string_221" HPOS="664" VPOS="1317" WIDTH="64" HEIGHT="27" WC="0.93" CONTENT="tiden,"/><SP WIDTH="24" VPOS="1317" HPOS="728"/>
							<String ID="string_222" HPOS="752" VPOS="1317" WIDTH="46" HEIGHT="22" WC="0.92" CONTENT="frän"/><SP WIDTH="16" VPOS="1317" HPOS="798"/>
							<String ID="string_223" HPOS="814" VPOS="1317" WIDTH="87" HEIGHT="22" WC="0.92" CONTENT="hvilken"/>
						</TextLine>
						<TextLine ID="line_30" HPOS="75" VPOS="1344" WIDTH="510" HEIGHT="29">
							<String ID="string_224" HPOS="75" VPOS="1344" WIDTH="150" HEIGHT="28" WC="0.92" CONTENT="författningen"/><SP WIDTH="16" VPOS="1344" HPOS="225"/>
							<String ID="string_225" HPOS="241" VPOS="1345" WIDTH="66" HEIGHT="22" WC="0.93" CONTENT="borde"/><SP WIDTH="16" VPOS="1345" HPOS="307"/>
							<String ID="string_226" HPOS="323" VPOS="1346" WIDTH="60" HEIGHT="21" WC="0.93" CONTENT="träda"/><SP WIDTH="15" VPOS="1346" HPOS="383"/>
							<String ID="string_227" HPOS="398" VPOS="1346" WIDTH="7" HEIGHT="21" WC="0.93" CONTENT="i"/><SP WIDTH="15" VPOS="1346" HPOS="405"/>
							<String ID="string_228" HPOS="420" VPOS="1345" WIDTH="165" HEIGHT="28" WC="0.93" CONTENT="verkställighet."/>
						</TextLine>
					</TextBlock>
				</ComposedBlock>
				<ComposedBlock ID="cblock_14" HPOS="76" VPOS="1474" WIDTH="826" HEIGHT="50">
					<TextBlock ID="block_13" HPOS="76" VPOS="1474" WIDTH="826" HEIGHT="50">
						<TextLine ID="line_31" HPOS="143" VPOS="1474" WIDTH="759" HEIGHT="30">
							<String ID="string_229" HPOS="143" VPOS="1475" WIDTH="132" HEIGHT="27" WC="0.92" CONTENT="Förordning"/><SP WIDTH="22" VPOS="1475" HPOS="275"/>
							<String ID="string_230" HPOS="297" VPOS="1476" WIDTH="109" HEIGHT="26" WC="0.91" CONTENT="angäende"/><SP WIDTH="23" VPOS="1476" HPOS="406"/>
							<String ID="string_231" HPOS="429" VPOS="1478" WIDTH="74" HEIGHT="25" WC="0.91" CONTENT="vägars"/><SP WIDTH="23" VPOS="1478" HPOS="503"/>
							<String ID="string_232" HPOS="526" VPOS="1476" WIDTH="40" HEIGHT="22" WC="0.93" CONTENT="och"/><SP WIDTH="22" VPOS="1476" HPOS="566"/>
							<String ID="string_233" HPOS="588" VPOS="1476" WIDTH="75" HEIGHT="22" WC="0.92" CONTENT="broars"/><SP WIDTH="22" VPOS="1476" HPOS="663"/>
							<String ID="string_234" HPOS="685" VPOS="1476" WIDTH="110" HEIGHT="28" WC="0.96" CONTENT="byggande"/><SP WIDTH="17" VPOS="1476" HPOS="795"/>
							<String ID="string_235" HPOS="812" VPOS="1474" WIDTH="39" HEIGHT="22" WC="0.93" CONTENT="och"/><SP WIDTH="13" VPOS="1474" HPOS="851"/>
							<String ID="string_236" HPOS="864" VPOS="1481" WIDTH="38" HEIGHT="15" WC="0.92" CONTENT="un-"/>
						</TextLine>
						<TextLine ID="line_32" HPOS="76" VPOS="1503" WIDTH="87" HEIGHT="21">
							<String ID="string_237" HPOS="76" VPOS="1503" WIDTH="87" HEIGHT="21" WC="0.79" CONTENT="derhäll."/>
						</TextLine>
					</TextBlock>
				</ComposedBlock>
				<GraphicalElement ID="cblock_15" HPOS="1098" VPOS="685" WIDTH="5" HEIGHT="441"></GraphicalElement >
			</PrintSpace>
		</Page>
	</Layout>
</alto>
