1103 1803
315 124 165 18 Presteståndet.
506 126 56 16 1867.
586 125 19 16 11
618 124 47 21 Maj.
834 119 41 21 929

79 209 76 21 trodde
177 211 32 19 att
231 208 166 22 bondeständets
418 210 109 20 moralitet
547 209 54 26 tagit
616 215 26 14 en
658 208 44 22 helt
717 215 71 15 annan
804 208 99 27 riktning,

79 243 34 15 om
136 238 40 21 den
199 238 112 26 kejserliga
333 238 159 26 propositionen
515 237 109 27 föreslagit
644 237 260 27 husbehofsbränningens

79 266 165 21 återinförande.
274 266 108 26 Föröfrigt
397 265 84 22 föreföll
492 266 37 21 det
540 265 122 27 professorn
673 266 71 20 såsom
756 267 31 19 ett
797 268 55 19 trots
860 267 45 20 mot

79 294 124 27 regeringen
225 296 33 19 att
279 294 50 26 vilja
351 294 76 21 hindra
442 294 194 26 tillintetgörandet
651 293 23 21 af
688 294 37 21 det
739 294 90 26 grufliga
844 294 59 21 miss-

79 322 54 22 bruk
155 329 46 15 som
224 322 83 21 bedrefs
329 328 76 20 genom
426 323 189 26 lönnbränningen,
632 322 38 21 och
687 322 37 21 det
738 324 72 25 syntes
826 322 77 21 honom

79 351 69 21 såsom
172 351 48 21 ville
243 351 155 20 bondeståndet
420 350 68 21 drifva
510 351 65 20 saken
599 351 22 20 in
643 350 123 26 absurdum,
782 350 33 21 för
830 352 33 19 att
878 351 26 20 de

78 379 71 26 gamla
171 379 162 21 förhållandena
355 379 46 20 åter
423 379 67 21 måtte
512 379 92 20 inträda.
634 378 91 21 Talaren
749 379 101 21 förenade
873 379 31 26 sig

79 407 83 21 derföre
181 408 6 20 i
208 407 42 21 allo
266 407 47 21 med
329 409 86 24 prosten
429 407 130 27 Rosengren,
576 409 32 19 att
624 408 36 20 det
675 407 27 20 då
718 413 50 15 vore
783 413 59 15 mera
858 407 46 21 skäl

79 437 33 20 att
127 435 90 22 omfatta
232 436 36 21 det
283 436 66 20 andra
363 436 135 21 alternativet
510 437 27 19 än
548 435 90 21 omfatta
648 435 168 22 bondeståndets
827 435 76 26 beslut,

79 464 56 21 helst
157 465 60 20 detta
236 465 66 20 andra
317 465 114 20 alternativ
445 465 46 20 icke
507 471 50 14 vore
574 464 23 21 så
612 464 72 26 farligt
699 470 45 15 som
761 470 49 15 man
826 465 77 25 ansett,

80 495 52 18 utan
152 493 123 21 tillochmed
296 493 54 20 hade
366 493 40 20 den
421 493 68 21 fördel
505 494 33 19 att
553 494 81 19 statens
648 493 118 20 inkomster
782 493 121 26 derigenom

80 521 69 22 skulle
165 522 57 21 ökas.

149 578 110 21 Professor
279 577 147 21 Granfelt
440 578 94 26 yttrade:
551 578 43 20 För
609 578 43 20 min
667 577 34 21 del
717 577 39 21 hör
769 577 37 27 jag
821 577 84 21 obetin-

80 606 52 26 gadt
154 606 32 21 till
209 606 54 25 dem,
285 612 45 15 som
352 612 51 14 anse
426 608 32 19 att
480 606 168 21 bondeståndets
669 605 126 27 inbjudning
812 606 7 20 i
835 606 69 20 denna

80 634 61 26 fråga
161 634 38 21 bör
215 636 93 24 antagas.
339 634 45 21 Och
400 641 25 14 en
441 634 19 26 ej
476 635 60 26 ringa
552 634 64 21 orsak
632 634 31 21 till
679 636 33 19 att
728 634 41 21 min
786 634 54 26 åsigt
855 634 49 20 här-

81 662 89 21 utinnan
193 664 24 19 är
239 663 24 21 så
283 662 42 22 fast
340 663 39 21 och
395 663 113 21 deciderad
524 664 67 25 ligger
606 663 52 25 deri,
675 664 32 19 att
719 663 37 25 jag
772 662 132 21 händelsevis

81 690 79 22 råkade
182 697 50 15 vara
254 691 103 21 tillstädes
371 691 34 21 vid
423 692 35 20 det
473 692 133 20 hedervärda
621 690 167 22 bondeståndets
803 691 63 25 plena
881 690 24 21 så

80 720 52 25 godt
147 725 45 15 som
209 720 47 20 hela
271 720 64 25 tiden,
351 720 27 20 då
393 720 69 20 denna
477 720 132 26 proposition
625 720 111 20 derstädes
751 718 46 21 blef
810 719 94 20 diskute-

81 747 46 21 rad.
157 748 71 26 Enligt
244 748 35 21 det
293 748 90 26 intryck,
399 748 102 21 hvarmed
514 748 38 27 jag
564 747 86 27 skiljdes
660 747 55 21 ifrån
728 747 62 21 dessa
800 753 105 15 samman-

82 776 81 25 träden,
185 783 37 14 var
243 777 145 20 diskussionen
404 776 7 21 i
427 778 71 20 ämnet
514 777 43 20 lika
572 776 131 27 upplysande
720 782 45 15 som
780 775 125 27 fängslande

81 804 34 21 för
137 804 54 21 både
213 805 64 21 tanke
292 805 38 21 och
346 805 75 26 hjerta.
451 805 42 21 Det
509 807 24 18 är
548 805 34 20 väl
597 806 68 23 sannt,
681 804 39 21 och
734 805 36 26 jag
785 810 63 15 anser
863 803 42 26 mig

81 832 20 27 ej
123 833 53 21 böra
198 833 39 21 här
259 833 77 26 förtiga
359 833 35 21 det
416 846 26 3 —
462 835 32 20 att
514 833 82 21 kanske
612 833 18 26 ej
646 833 23 20 så
685 833 88 20 alldeles
788 832 21 21 få
825 834 33 19 tro
874 832 31 26 sig

81 860 64 22 hafva
161 861 113 27 anledning
289 864 32 19 att
336 862 67 21 under
419 862 92 21 talarnes
527 862 81 21 vackra
622 861 87 26 ordalag
724 861 118 21 misstänka
853 861 52 26 möj-

81 889 55 27 ligen
159 890 81 21 mindre
263 890 77 21 vackra
362 891 96 20 motiver.
488 891 49 20 Men
558 890 37 27 jag
617 889 147 22 tillbakavisar
785 889 69 21 denna
869 895 36 14 an-

81 918 112 27 märkning
209 918 92 26 dermed,
317 920 32 19 att
364 919 7 20 i
386 920 84 25 spetsen
486 919 33 21 för
535 919 26 20 de
576 919 86 20 talande
677 918 62 21 stodo
756 919 55 24 män,
822 917 83 21 hvilkas

82 953 63 14 namn
161 948 37 19 äro
215 947 25 20 de
255 949 54 19 mest
324 947 77 21 aktade
417 947 56 21 inom
490 947 92 25 ståndet,
598 947 40 21 och
654 953 33 14 om
704 947 72 20 hvilka
786 952 26 15 en
823 946 82 21 mindre

81 975 42 26 god
139 975 64 21 tanke
219 975 82 21 derföre
317 975 102 22 innebure
435 982 25 15 en
476 976 156 25 förolämpning
647 977 57 19 emot
720 975 48 20 hela
784 975 40 20 den
836 973 69 21 finska

81 1003 108 25 nationen,
211 1003 40 22 och
273 1003 82 22 svårast
377 1005 58 20 emot
457 1010 35 15 oss
512 1004 80 26 sjelfva,
609 1004 47 21 dess
672 1003 98 26 religiösa
785 1003 76 20 lärare.
878 1014 27 3 —

82 1031 37 21 Må
140 1032 36 21 det
191 1032 80 21 tillåtas
286 1032 42 27 mig
343 1033 32 20 att
389 1032 75 21 anföra
480 1032 67 27 några
562 1032 160 21 reminiscenser
737 1031 47 21 från
799 1030 106 27 ifrågava-

82 1060 67 20 rande
164 1060 125 21 diskussion.

150 1088 55 21 Dess
221 1088 158 27 utgångspunkt
393 1088 46 21 blef
452 1089 82 26 ganska
549 1089 75 26 riktigt
639 1088 115 27 uppställd,
770 1087 7 21 i
792 1087 36 21 det
844 1093 26 14 en
885 1086 23 21 af

82 1115 96 22 ståndets
194 1117 116 21 förnämsta
325 1117 66 20 talare
407 1117 89 26 började
511 1117 48 21 med
575 1117 41 20 den
629 1116 146 26 anmärkning,
787 1117 32 19 att
829 1115 77 21 medan

83 1144 58 21 såväl
160 1145 40 21 den
215 1145 113 26 kejserliga
343 1145 159 27 propositionen
518 1145 40 21 och
574 1145 126 21 ständernas
717 1145 70 20 beslut
802 1144 34 21 vid
851 1143 55 21 före-

81 1172 82 27 gående
181 1174 102 26 landtdag
298 1173 176 27 hufvudsakligen
490 1174 54 21 hade
561 1173 69 22 blifvit
645 1173 114 21 basserade
774 1172 28 27 på
817 1178 26 14 en
859 1173 48 20 rent

81 1201 102 22 moralisk
206 1202 74 27 grund,
302 1202 103 26 nemligen
428 1203 28 26 på
478 1203 40 20 den
539 1202 79 21 vackra
633 1207 112 21 omsorgen
760 1203 33 19 att
808 1200 53 21 söka
876 1199 30 21 af-

81 1230 59 25 styra
162 1230 37 21 det
221 1230 136 26 sedeförderf,
377 1237 45 14 som
437 1230 249 27 husbehofsbränningen
701 1230 7 21 i
724 1229 23 21 så
762 1229 77 26 många
854 1227 52 21 hän-

81 1258 92 21 seenden
195 1259 108 21 medförde
325 1259 62 26 kring
408 1259 82 26 landet;
506 1259 24 21 så
544 1260 25 19 är
584 1259 141 26 synpunkten,
742 1257 108 22 hvarifrån
866 1256 40 21 den

80 1285 115 28 kejserliga
217 1287 158 26 propositionen
397 1287 35 21 vid
454 1287 70 21 denna
546 1287 102 26 landtdag
671 1286 71 27 utgått
764 1286 44 21 helt
828 1291 77 20 annan,

80 1314 106 27 nemligen
201 1318 48 18 rent
265 1315 130 22 ekonomisk.
425 1316 43 21 Det
483 1316 39 21 har
537 1315 76 22 hunnit
628 1315 63 21 träda
705 1315 8 20 i
728 1315 74 26 dagen,
814 1315 32 19 att
857 1319 49 14 man

81 1342 18 27 ej
123 1343 48 21 litet
193 1344 88 26 misstog
303 1344 31 26 sig
355 1346 73 19 senast
450 1344 92 21 rörande
565 1344 26 21 de
611 1343 102 22 förökade
728 1343 118 21 inkomster
861 1347 45 15 som

80 1371 89 26 kronan,
191 1372 23 27 ja
236 1372 24 21 så
280 1373 33 20 att
327 1374 51 25 säga
393 1372 49 21 hela
456 1373 68 20 folket
539 1372 69 21 skulle
624 1373 65 25 draga
705 1371 23 21 af
742 1369 165 23 bränvinsbrän-

79 1399 89 27 ningens
189 1401 124 26 grundande
335 1401 28 26 på
385 1400 219 27 fabrikstillverkning
624 1401 8 20 i
647 1400 72 21 stället
734 1400 33 21 för
782 1398 125 22 husbehofs-

80 1427 111 28 bränning,
208 1429 39 21 och
263 1429 68 21 denna
346 1429 124 26 misskalkyl
486 1429 68 21 skulle
570 1435 29 14 nu
613 1435 76 20 genom
705 1435 41 20 nya
762 1427 100 27 åtgärder
877 1426 30 21 af-

79 1455 90 27 hjelpas.
200 1457 42 21 Det
264 1457 91 27 undgick
376 1457 124 27 visserligen
522 1457 20 26 ej
565 1457 26 21 de
614 1456 168 22 bondeståndets
797 1460 108 22 represen-

80 1485 78 25 tanter,
182 1491 45 15 som
249 1485 84 27 yttrade
353 1485 32 27 sig
406 1486 7 20 i
429 1486 69 21 denna
514 1485 67 27 fråga,
596 1487 34 19 att
644 1485 61 21 äfven
721 1485 69 21 denna
804 1484 57 26 gång
876 1484 31 20 ett

79 1513 113 21 moraliskt
206 1514 67 21 motiv
287 1514 7 20 i
309 1514 69 26 någon
393 1520 50 15 mon
458 1514 132 26 medverkat,
606 1514 106 26 nemligen
723 1513 87 21 fruktan
821 1512 33 21 för
866 1512 41 20 den
