1103 1803
310 137 166 19 Presteståndet.
501 138 55 17 1867.
580 138 22 16 13
615 138 48 20 Maj.
828 133 41 21 953

71 223 96 21 farenhet
185 223 38 21 och
240 222 82 22 derföre
337 222 66 21 borde
418 222 86 22 ståndet
514 222 101 26 enhälligt
630 222 73 21 förena
718 222 31 26 sig
765 228 35 16 om
816 229 26 15 en
857 229 40 15 un-

73 252 100 26 derdånig
195 250 98 22 anhållan
316 250 32 21 till
371 250 59 22 Hans
452 250 120 26 Kejserliga
595 250 98 26 Majestät
715 250 6 21 i
745 250 36 22 det
794 251 54 27 syfte
863 253 32 19 att

71 280 59 26 lägre
152 279 115 22 skollärare
289 280 66 20 måtte
370 278 98 26 tilläggas
483 278 91 27 följande
590 278 174 26 löneförhöjning,
782 280 113 26 nemligen:

73 314 25 15 en
121 308 84 26 kollega
226 308 43 20 400
289 306 65 27 mark,
377 306 73 21 rektor
472 306 35 21 vid
523 306 58 27 lägre
596 306 177 22 elementarskola
794 307 102 22 likaledes

72 336 43 21 400
137 336 59 21 mark
219 335 39 21 och
280 335 68 21 lärare
371 334 111 22 dublikant
505 335 41 21 300
562 334 65 22 mark.
658 334 62 22 Hvad
742 335 66 21 sedan
831 336 66 26 angår

72 363 66 27 högre
160 363 225 22 elementarskolornas
400 363 178 26 omorganisation
593 362 33 21 till
641 362 135 27 fullständiga
791 363 105 24 läroverk,

73 393 29 25 så,
125 391 39 22 och
187 391 66 22 ehuru
276 391 67 21 denna
365 390 77 22 reform
465 393 25 18 är
510 397 26 15 en
560 390 105 21 önskvärd
687 391 43 25 sak,
751 393 55 20 samt
821 391 75 22 staden

72 419 131 28 Björneborg
213 421 96 24 nogsamt
324 419 67 21 skulle
406 419 90 21 behöfva
511 421 31 18 ett
557 419 76 20 sådant
648 418 102 27 läroverk,
766 419 36 21 vill
811 420 37 26 jag
858 419 38 21 lik-

73 448 34 21 väl
128 447 46 22 icke
189 453 37 16 ens
241 447 65 22 väcka
321 447 58 26 fråga
403 447 71 21 derom
490 447 86 26 sålänge
592 447 20 20 vi
628 447 65 21 sakna
712 453 25 15 en
752 447 143 27 skolstyrelse,

72 482 45 15 som
147 476 41 21 kan
217 475 32 21 för
278 476 123 25 regeringen
429 475 77 22 föreslå
536 475 52 21 hvar
612 475 80 21 sådana
720 475 99 21 läroverk
844 475 53 22 efter

72 504 66 22 behof
162 504 51 21 böra
242 503 98 25 inrättas;
371 509 48 15 men
444 505 32 20 att
505 509 29 15 nu
564 503 52 21 orda
646 509 33 15 om
709 503 39 21 allt
778 503 65 24 detta,
873 505 24 19 är

72 532 33 21 för
120 532 67 27 tidigt,
209 532 39 21 här
270 534 24 19 är
316 531 54 22 blott
391 531 59 27 fråga
472 537 34 15 om
528 538 26 15 en
576 531 95 22 interims
686 531 82 26 åtgärd,
792 531 104 27 nemligen

73 560 146 22 förbättrande
239 559 22 21 af
275 560 25 21 de
315 559 58 27 lägre
388 559 141 21 skollärarnes
547 559 65 21 löner.
640 559 40 26 Jag
695 559 116 27 tillstyrker
833 560 63 20 alltså

73 588 58 21 bifall
147 588 32 21 till
194 588 36 21 det
244 594 74 15 senare
333 587 134 21 alternativet
482 588 6 20 i
499 587 244 21 utskottsbetänkandet.
768 587 45 22 Och
828 587 69 22 skulle

73 616 44 21 deri
133 616 137 21 omförmälda
285 615 79 27 anslag,
386 616 91 20 änskönt
491 615 102 27 beviljadt
609 615 32 21 till
657 616 177 26 bottenläroverk,
850 616 46 21 icke

73 650 60 15 anses
155 644 71 21 kunna
249 644 102 26 tilleripas
367 644 32 21 för
420 644 160 26 ifrågavarande
596 644 104 26 ändamål,
716 644 34 21 må
765 644 84 22 medlen
864 643 31 21 till

73 672 41 22 den
135 672 62 26 nödig
219 672 93 22 ansedda
334 672 181 26 löneregleringen
530 674 61 24 tagas
606 672 22 21 af
642 672 65 21 andra
722 672 174 27 statstillgångar,

72 700 55 22 huru
141 701 58 21 svårt
213 700 214 27 penningebetrycket
443 702 26 19 än
486 701 34 21 må
536 706 56 15 vara.

141 756 83 21 Doktor
239 756 132 27 Alopaeus
386 756 49 21 fann
445 756 54 21 intet
514 758 66 19 annat
595 763 51 14 vara
660 756 7 21 i
682 756 64 21 saken
758 758 31 19 att
805 756 90 27 tillgöra,

73 787 27 19 än
115 786 32 19 att
163 786 76 25 antaga
253 791 74 15 senare
343 784 134 21 alternativet
494 784 7 21 i
517 784 150 21 betänkandet.
698 784 48 21 Men
762 785 49 20 med
826 784 70 21 anled-

73 813 50 26 ning
138 812 21 21 af
173 812 53 21 hvad
243 813 39 20 den
298 813 76 26 nådiga
389 813 158 26 propositionen
562 813 112 25 innehölle,
698 813 48 20 ville
761 813 83 20 talaren
858 812 38 21 be-

73 841 104 21 träffande
192 841 40 20 den
247 841 118 26 föreslagna
379 841 184 26 centralstyrelsen
579 841 110 21 instämma
704 841 30 21 uti
756 841 40 21 den
812 841 84 26 mening

74 869 77 21 doktor
166 868 93 27 Lampen
273 868 84 22 uttalat.
377 869 34 21 Då
425 869 73 26 frågan
514 868 53 22 först
581 869 101 21 förevarit
697 869 7 20 i
714 869 111 24 utskottet,
840 868 55 22 hade

73 897 81 21 talaren
170 899 83 19 voterat
275 899 58 19 emot
347 897 90 21 nämnde
452 897 101 27 styrelses
568 897 128 24 inrättande,
712 897 87 21 emedan
815 897 81 21 talaren

73 925 56 21 hade
143 927 69 19 ansett
226 925 73 26 frågan
316 925 71 21 derom
403 925 45 21 icke
464 931 50 15 vara
530 925 21 21 af
564 926 24 20 så
603 925 133 21 brådskande
750 924 146 22 beskaffenhet

74 959 46 15 som
135 953 40 21 den
190 959 33 15 om
239 953 200 26 löneförhöjningen,
456 959 47 15 men
519 953 35 21 vid
569 953 84 27 frågans
669 953 113 27 afgörande
794 953 55 21 hade
864 955 32 19 ta-

74 981 59 22 laren
148 981 17 26 ej
181 981 53 21 varit
250 981 109 21 tillstädes.
389 981 108 26 Derjemte
512 981 42 22 bad
569 981 81 22 talaren
666 983 31 20 att
713 981 19 21 få
748 982 70 20 erinra
834 981 62 21 huru-

74 1015 45 16 som
141 1009 114 22 ständerna
276 1010 34 20 vid
333 1011 82 20 senaste
431 1009 101 26 landtdag
554 1009 54 21 hade
624 1009 100 26 beviljadt
738 1010 78 23 40,000
836 1009 61 21 mark

73 1037 33 21 för
121 1037 119 22 inrättande
255 1037 22 21 af
291 1044 25 15 en
332 1037 198 27 folkskolestyrelse,
554 1038 39 21 och
609 1037 111 22 betviflade
736 1037 81 22 talaren
832 1037 65 21 huru-

74 1065 48 20 vida
138 1065 35 21 det
188 1065 22 21 af
222 1065 124 26 regeringen
361 1072 28 14 nu
405 1066 92 25 begärda
512 1065 96 26 anslaget
623 1066 33 20 för
671 1065 131 21 skolverkets
811 1071 84 20 reorga-

74 1093 91 21 nisation
187 1093 67 21 skulle
276 1093 70 26 förslå,
370 1096 51 18 utan
444 1099 36 15 var
503 1093 35 21 det
559 1095 91 20 tvärtom
667 1095 31 19 att
713 1095 80 19 emotse
809 1095 32 19 att
856 1099 41 21 nya

75 1121 73 26 anslag
171 1121 69 21 dertill
261 1121 111 21 framdeles
393 1121 67 21 skulle
483 1121 89 26 begäras
596 1121 39 21 och
658 1121 238 26 löneregleringsfrågan

74 1149 89 21 sålunda
185 1149 125 21 motverkas.
340 1149 98 22 Rörande
452 1149 66 26 högre
540 1149 226 22 elementarskolornas
788 1149 109 21 förseende

75 1177 48 20 med
143 1177 202 27 gymnasialklasser,
368 1177 60 22 fanns
448 1177 55 21 blott
519 1183 25 15 en
561 1179 50 19 röst.
642 1177 96 22 Orsaken
754 1177 96 22 hvarföre
866 1179 30 19 ta-

74 1205 58 20 laren
148 1205 45 21 icke
209 1205 29 21 uti
254 1205 104 22 utskottet
373 1206 72 20 vidare
460 1206 62 26 yrkat
537 1207 32 20 att
585 1206 25 21 de
626 1212 40 21 nya
681 1205 79 27 anslag,
783 1205 114 21 ständerna

75 1232 138 28 tilläfventyrs
235 1233 83 21 komme
333 1235 32 20 att
380 1233 82 27 bevilja,
479 1233 65 22 borde
566 1235 113 24 användas,
695 1234 46 21 icke
756 1233 32 21 till
804 1233 93 21 skolver-

74 1261 47 20 kets
143 1261 134 27 utvidgande,
300 1264 51 19 utan
367 1262 31 20 till
413 1261 146 22 förbättrande
582 1261 22 22 af
626 1262 26 21 de
667 1262 121 21 nuvarande
802 1261 95 21 lärarnes

74 1289 66 26 löner,
163 1295 36 15 var
215 1290 46 25 den,
285 1292 31 19 att
331 1290 81 21 talaren
429 1289 106 22 meddelat
550 1290 31 21 sin
597 1290 64 21 tanke
679 1290 73 21 endast
767 1291 23 20 åt
804 1289 93 21 sekrete-

75 1323 62 15 raren
159 1317 6 20 i
181 1317 110 22 utskottet.
321 1318 41 21 Det
381 1317 22 22 af
415 1318 106 21 utskottet
536 1318 118 27 uppgjorda
669 1318 83 26 förslag,
776 1323 44 16 som
836 1317 61 22 fanns

74 1345 144 22 betänkandet
228 1345 112 28 vidfogadt,
351 1346 54 21 hade
421 1345 81 22 talaren
517 1346 57 21 förut
588 1347 47 20 icke
646 1348 47 24 sett,
710 1349 22 24 ty
742 1346 27 21 då
780 1345 117 22 detsamma

74 1373 55 22 hade
150 1373 66 21 blifvit
238 1373 22 22 af
273 1374 70 21 kända
358 1374 116 21 ledamöter
496 1374 90 27 uppläst,
603 1381 37 14 var
655 1375 81 20 talaren
752 1374 17 26 ej
787 1373 110 22 tillstädes.

74 1401 134 21 Beträffande
230 1403 47 20 åter
299 1402 144 27 fördelningen
466 1402 22 21 af
509 1402 102 27 anslaget,
627 1403 23 20 så
665 1409 38 14 var
718 1403 58 20 detta
792 1408 25 15 en
833 1402 65 21 admi-

74 1430 96 20 nistrativ
192 1430 81 25 åtgärd,
297 1436 44 14 som
364 1430 76 20 ankom
456 1431 27 25 på
501 1430 111 26 styrelsen;
629 1431 114 20 ständerna
758 1430 99 20 tillhörde
880 1430 17 26 ej

75 1459 64 19 annat
160 1459 26 19 än
209 1459 32 19 att
262 1460 57 24 yttra
334 1458 31 26 sig
387 1458 55 20 huru
457 1458 82 21 medlen
560 1458 120 26 lämpligast
696 1458 65 21 borde
784 1457 113 22 användas.

74 1485 49 21 Icke
139 1485 104 21 utskottet
258 1486 7 20 i
280 1486 31 20 sin
327 1486 72 20 helhet
414 1488 50 19 utan
480 1486 76 21 endast
567 1486 185 26 borgareståndets
768 1486 130 26 deputerade

74 1513 39 21 och
135 1513 79 21 hälften
230 1513 21 21 af
271 1514 166 26 prestaståndets
453 1516 171 25 representanter
639 1514 54 22 hade
709 1514 87 22 anslutit
811 1514 31 26 sig
866 1513 32 21 till
