1103 1803
224 112 56 22 1212
433 116 166 18 Presteståndet.
623 117 55 17 1867.
702 118 27 16 29
741 117 49 21 Maj.

264 202 79 22 Tillika
365 204 61 25 tager
442 202 32 26 sig
489 202 96 21 enskilda
600 202 197 22 besvärsutskottet
811 202 92 22 friheten
919 205 32 19 att
966 204 63 21 hem-

194 232 71 25 ställa,
281 231 106 21 huruvida
403 231 132 26 högvördiga
549 231 160 26 prestaståndet
725 231 19 27 ej
760 230 65 22 funne
836 232 46 21 skäl
893 233 32 20 att
935 232 92 22 tillsätta

195 266 26 16 en
244 260 56 21 skild
323 260 108 20 direktion
453 259 53 21 eller
528 259 116 27 bestyrelse
660 259 23 21 af
697 261 33 20 tre
749 259 3 21 i
768 260 158 22 hufvudstaden
941 260 86 22 bosatte

195 289 33 21 till
251 288 88 21 ståndet
361 288 96 21 hörande
479 294 107 20 personer,
609 288 64 21 hvars
689 287 113 28 åliggande
818 288 67 22 blefve
901 291 32 19 att
948 289 77 21 mellan

195 316 158 26 landtdagarna
374 316 65 22 hafva
454 322 85 20 omsorg
554 322 34 15 om
604 316 96 22 ståndets
716 316 62 21 arkiv
794 317 39 21 och
849 317 104 21 ekonomi.
982 317 45 21 För

196 346 41 21 den
260 347 99 19 närmare
382 345 100 26 tillsynen
506 344 58 21 öfver
580 345 83 20 arkivet
678 345 40 20 och
734 345 187 27 verkställigheten
937 346 21 21 af
972 345 55 21 före-

196 373 94 22 nämnda
313 373 118 21 direktions
447 373 70 21 beslut
533 373 67 21 skulle
616 379 26 15 en
658 373 107 21 arkivarie
781 375 97 25 antagas,
893 380 45 15 som
955 374 73 21 berät-

197 402 83 27 tigades
295 403 33 20 att
343 401 96 22 beräkna
454 401 32 27 sig
502 402 117 26 ersättning
635 401 34 21 för
684 401 64 22 hafda
763 402 117 21 kostnader
895 403 40 20 och
950 404 32 19 att
992 403 34 21 för

197 431 158 26 förvaltningen
378 430 23 21 af
422 429 183 22 omhänderhafda
628 430 69 21 medel
720 430 98 27 uppbära
833 437 26 15 en
874 431 41 21 viss
931 433 95 24 procent.

198 459 113 22 Utskottet
326 459 66 26 vågar
408 458 23 21 så
446 459 84 26 mycket
546 465 44 14 mer
604 458 88 21 förorda
707 459 61 21 detta
784 459 87 27 förslag,
887 465 45 16 som
943 459 83 27 härige-

197 493 50 16 nom
271 493 25 16 en
317 487 64 27 nödig
397 487 129 21 kontinuitet
542 487 67 21 skulle
626 487 73 21 vinnas
715 487 7 21 i
737 487 97 22 ståndets
849 487 178 28 angelägenheter

199 516 39 21 och
261 516 146 21 kostnaderna
430 515 18 26 ej
470 515 67 21 heller
552 515 83 22 komme
650 517 33 19 att
699 515 117 28 öfverstiga
831 517 26 20 de
873 517 107 26 betydliga
995 516 31 21 af-

199 545 58 26 drag,
281 551 46 14 som
351 545 31 20 till
405 543 85 22 ståndet
505 543 114 28 inflytande
634 544 69 21 medel
719 544 34 21 för
768 545 133 21 närvarande
916 545 6 20 i
939 545 88 20 domka-

198 573 68 27 pitlen
287 572 23 21 få
324 572 124 22 vidkännas.
480 572 111 21 Utskottet
606 572 39 21 har
660 572 32 26 sig
707 572 83 22 bekant
805 574 32 20 att
852 579 26 15 en
893 573 58 27 dylik
966 578 60 22 myn-

199 601 73 27 dighet
293 601 62 21 äfven
370 601 7 21 i
391 600 125 28 grannriket
531 600 85 27 Sverige
631 601 108 25 existerat,
756 601 40 21 och
812 601 36 21 vill
863 601 69 21 såsom
947 603 31 19 ett
993 603 34 25 yt-

199 630 101 26 terligare
323 629 47 21 skäl
393 629 75 21 anföra
490 631 32 19 att
545 635 113 20 omsorgen
673 635 34 15 om
724 629 96 22 ståndets
836 630 98 21 ekonomi
949 630 18 26 ej
983 630 42 21 kan

199 664 63 15 anses
286 658 120 21 tillkomma
429 658 96 20 ståndets
540 658 139 26 sekreterare,
696 658 64 21 hvars
775 658 32 21 tid
823 658 39 22 och
878 658 80 22 krafter
973 658 54 22 böra

199 693 52 15 vara
265 688 110 26 upptagna
391 686 22 21 af
428 686 44 22 helt
488 686 66 21 andra
568 686 103 26 göromål.

268 753 49 22 Ifall
332 753 64 22 ofvan
411 753 133 21 framställda
559 753 80 28 förslag
653 754 75 21 vinner
742 753 132 28 högvördiga
889 754 95 21 ståndets
995 755 32 20 bi-

198 782 44 24 fall,
265 788 64 15 anser
351 782 106 21 utskottet
478 782 46 21 skäl
540 781 114 22 förefinnas
669 784 33 19 att
717 782 40 21 hos
773 783 59 20 Hans
847 783 118 26 Kejserliga
980 783 47 20 Ma-

197 811 66 26 jestät
279 810 153 27 underdånigst
448 810 85 21 anhålla
549 816 33 15 om
592 811 129 26 portofrihet
731 811 33 20 för
774 811 125 21 förberörda
909 811 117 22 direktions

199 839 40 50 v
262 839 133 22 arkivariens
417 839 171 26 korrespondens
608 839 48 22 med
671 839 162 22 vederbörande
849 840 178 27 embetsmyndig-

215 868 62 21 eter".

268 930 62 21 Efter
345 930 158 21 antecknandet
518 929 63 22 häraf
594 930 72 21 anhöll
681 930 149 21 sekreteraren
840 932 33 19 att
883 931 85 20 ståndet
978 931 50 21 ville

200 959 99 21 meddela
321 959 79 21 honom
423 958 104 27 décharge
550 958 32 21 för
600 958 158 27 förvaltningen
773 959 23 21 af
809 959 77 21 kansli-
901 959 40 21 och
957 959 68 21 arkiv-

200 987 84 22 medlen
307 987 68 21 under
398 988 84 20 senaste
504 987 102 26 landtdag
626 987 67 26 jemte
716 987 7 21 i
744 987 40 21 och
799 987 33 22 för
847 987 128 28 landtdagen
992 988 35 21 be-

200 1016 83 21 stridda
298 1016 93 26 utgifter,
408 1017 45 20 mot
468 1015 68 22 vilkor
553 1016 20 26 1)
590 1017 32 20 att
637 1015 157 27 behållningen,
810 1017 117 26 utgörande
940 1017 41 20 304
991 1017 37 20 mk

201 1045 27 20 72
244 1045 64 25 penni
329 1044 40 21 och
385 1044 94 26 tillhörig
494 1044 144 25 arkivfonden,
655 1044 69 21 skulle
739 1043 146 22 inbalanseras
901 1045 69 21 såsom
986 1045 42 21 till-

200 1073 56 26 gång
278 1073 31 20 uti
332 1078 29 15 nu
376 1072 110 27 pågående
501 1072 113 26 landtdags
630 1072 128 27 räkenskap,
774 1075 56 18 samt
846 1074 18 22 2)
881 1074 32 19 att
928 1073 99 20 distribu-

200 1101 72 20 tionen
297 1100 22 21 af
341 1101 98 20 ståndets
459 1101 84 26 tryckta
558 1100 165 27 pleniprotokoll
738 1101 49 21 med
802 1101 127 21 tillhörande
945 1101 82 27 bilagor

201 1129 115 22 framdeles
331 1129 70 21 skulle
416 1129 23 21 af
452 1129 147 21 sekreteraren
614 1131 99 19 närmare
728 1129 133 26 specificeras
876 1129 39 22 och
931 1129 36 22 det
977 1130 6 21 i
994 1136 33 15 ar-

199 1158 60 21 kivet
274 1158 151 27 qvarliggande
439 1157 69 26 lagret
523 1158 34 21 vid
572 1157 83 22 tillfälle
670 1158 122 21 inventeras
807 1158 33 21 till
855 1158 39 21 den
911 1164 44 15 som
971 1158 57 21 stån-

201 1187 36 21 det
252 1186 34 21 för
301 1187 60 20 detta
376 1186 98 21 ändamål
490 1186 109 27 behagade
614 1188 53 19 utse.

270 1249 144 26 Domprosten
428 1249 68 26 Borg
509 1249 38 20 och
560 1249 151 26 kyrkoherden
726 1249 116 21 Juselius
858 1249 49 21 ville
923 1249 103 21 särskildt

201 1277 56 22 fästa
280 1277 96 22 ståndets
399 1277 187 27 uppmärksamhet
608 1277 28 26 på
658 1277 186 27 nödvändigheten
866 1279 31 19 att
913 1277 52 21 söka
980 1277 47 22 från

203 1305 146 27 domkapitlen
370 1305 136 22 inbekomma
528 1305 137 27 fullständiga
687 1306 167 27 redovisningar,
876 1306 88 21 emedan
980 1306 47 21 dem

202 1335 87 20 förutan
312 1334 115 21 fondernas
450 1334 99 26 ställning
570 1334 18 27 ej
612 1334 71 21 kunde
705 1336 121 25 noggrannt
842 1334 39 21 och
896 1334 132 26 tillförlitligt

201 1363 138 21 bestämmas.
369 1363 39 20 Att
424 1364 67 19 rester
506 1363 106 25 utestodo,
628 1365 14 18 t.
656 1369 31 14 ex.
704 1363 2 20 i
718 1363 120 26 Uleåborgs
848 1363 98 26 prosteri,
957 1363 73 20 kunde

202 1398 41 18 ses,
258 1398 49 15 men
323 1392 62 21 deras
401 1391 76 27 belopp
493 1397 37 15 var
546 1391 166 22 förnärvarande
728 1391 96 27 omöjligt
840 1393 32 20 att
887 1391 82 21 utreda.

270 1454 91 21 Prosten
377 1453 75 27 Hjelt
468 1454 111 20 anmärkte
594 1455 33 19 att
642 1453 243 27 tryckningskostnaden
900 1454 32 21 för
947 1455 82 25 presta-

201 1482 97 22 ståndets
313 1482 165 26 pleniprotokoll
495 1482 33 20 vid
544 1484 84 19 senaste
644 1482 103 26 landtdag
762 1482 69 21 blifvit
848 1482 128 26 obehörigen
991 1482 37 26 på-

200 1510 48 22 förd
269 1510 227 26 arkivmedelsfonden,
519 1510 63 21 hvars
598 1510 99 21 ändamål
713 1516 50 16 vore
780 1513 30 19 ett
826 1510 44 22 helt
885 1512 71 24 annat,
973 1513 57 19 samt
