<?xml version="1.0" encoding="UTF-8"?>
<alto xmlns="http://www.loc.gov/standards/alto/ns-v3#" xmlns:xlink="http://www.w3.org/1999/xlink" xmlns:xsi="http://www.w3.org/2001/XMLSchema-instance" xsi:schemaLocation="http://www.loc.gov/standards/alto/ns-v3# http://www.loc.gov/alto/v3/alto-3-0.xsd">
	<Description>
		<MeasurementUnit>pixel</MeasurementUnit>
		<sourceImageInformation>
			<fileName>/tmp/tess_63efzomq_input.PNG</fileName>
		</sourceImageInformation>
		<OCRProcessing ID="OCR_0">
			<ocrProcessingStep>
				<processingSoftware>
					<softwareName>tesseract 5.3.4</softwareName>
				</processingSoftware>
			</ocrProcessingStep>
		</OCRProcessing>
	</Description>
	<Layout>
		<Page WIDTH="1103" HEIGHT="1803" PHYSICAL_IMG_NR="0" ID="page_0">
			<PrintSpace HPOS="0" VPOS="0" WIDTH="1103" HEIGHT="1803">
				<GraphicalElement ID="cblock_0" HPOS="0" VPOS="827" WIDTH="6" HEIGHT="952"></GraphicalElement >
				<ComposedBlock ID="cblock_1" HPOS="231" VPOS="132" WIDTH="564" HEIGHT="26">
					<TextBlock ID="block_0" HPOS="231" VPOS="132" WIDTH="564" HEIGHT="26">
						<TextLine ID="line_0" HPOS="231" VPOS="132" WIDTH="564" HEIGHT="26">
							<String ID="string_0" HPOS="231" VPOS="132" WIDTH="57" HEIGHT="22" WC="0.96" CONTENT="1104"/><SP WIDTH="150" VPOS="132" HPOS="288"/>
							<String ID="string_1" HPOS="438" VPOS="136" WIDTH="165" HEIGHT="18" WC="0.92" CONTENT="Presteståndet."/><SP WIDTH="25" VPOS="136" HPOS="603"/>
							<String ID="string_2" HPOS="628" VPOS="138" WIDTH="56" HEIGHT="16" WC="0.96" CONTENT="1867."/><SP WIDTH="25" VPOS="138" HPOS="684"/>
							<String ID="string_3" HPOS="709" VPOS="138" WIDTH="26" HEIGHT="16" WC="0.96" CONTENT="22"/><SP WIDTH="13" VPOS="138" HPOS="735"/>
							<String ID="string_4" HPOS="748" VPOS="137" WIDTH="47" HEIGHT="21" WC="0.96" CONTENT="Maj."/>
						</TextLine>
					</TextBlock>
				</ComposedBlock>
				<GraphicalElement ID="cblock_2" HPOS="203" VPOS="174" WIDTH="827" HEIGHT="8"></GraphicalElement >
				<ComposedBlock ID="cblock_3" HPOS="271" VPOS="222" WIDTH="553" HEIGHT="89">
					<TextBlock ID="block_1" HPOS="271" VPOS="222" WIDTH="553" HEIGHT="89">
						<TextLine ID="line_1" HPOS="271" VPOS="222" WIDTH="419" HEIGHT="26">
							<String ID="string_5" HPOS="271" VPOS="223" WIDTH="26" HEIGHT="25" WC="0.90" CONTENT="B)"/><SP WIDTH="16" VPOS="223" HPOS="297"/>
							<String ID="string_6" HPOS="313" VPOS="222" WIDTH="48" HEIGHT="21" WC="0.96" CONTENT="från"/><SP WIDTH="16" VPOS="222" HPOS="361"/>
							<String ID="string_7" HPOS="377" VPOS="222" WIDTH="131" HEIGHT="22" WC="0.96" CONTENT="hedervärda"/><SP WIDTH="15" VPOS="222" HPOS="508"/>
							<String ID="string_8" HPOS="523" VPOS="222" WIDTH="167" HEIGHT="21" WC="0.96" CONTENT="bondeståndet:"/>
						</TextLine>
						<TextLine ID="line_2" HPOS="275" VPOS="284" WIDTH="549" HEIGHT="27">
							<String ID="string_9" HPOS="275" VPOS="285" WIDTH="20" HEIGHT="26" WC="0.95" CONTENT="1)"/><SP WIDTH="16" VPOS="285" HPOS="295"/>
							<String ID="string_10" HPOS="311" VPOS="284" WIDTH="34" HEIGHT="22" WC="0.96" CONTENT="för"/><SP WIDTH="15" VPOS="284" HPOS="345"/>
							<String ID="string_11" HPOS="360" VPOS="285" WIDTH="40" HEIGHT="21" WC="0.96" CONTENT="den"/><SP WIDTH="17" VPOS="285" HPOS="400"/>
							<String ID="string_12" HPOS="417" VPOS="285" WIDTH="24" HEIGHT="21" WC="0.96" CONTENT="21"/><SP WIDTH="17" VPOS="285" HPOS="441"/>
							<String ID="string_13" HPOS="458" VPOS="284" WIDTH="142" HEIGHT="22" WC="0.96" CONTENT="innevarande"/><SP WIDTH="16" VPOS="284" HPOS="600"/>
							<String ID="string_14" HPOS="616" VPOS="284" WIDTH="49" HEIGHT="27" WC="0.96" CONTENT="maj,"/><SP WIDTH="17" VPOS="284" HPOS="665"/>
							<String ID="string_15" HPOS="682" VPOS="284" WIDTH="23" HEIGHT="22" WC="0.96" CONTENT="så"/><SP WIDTH="16" VPOS="284" HPOS="705"/>
							<String ID="string_16" HPOS="721" VPOS="284" WIDTH="103" HEIGHT="27" WC="0.96" CONTENT="lydande:"/>
						</TextLine>
					</TextBlock>
				</ComposedBlock>
				<ComposedBlock ID="cblock_4" HPOS="203" VPOS="346" WIDTH="828" HEIGHT="310">
					<TextBlock ID="block_2" HPOS="203" VPOS="346" WIDTH="828" HEIGHT="141">
						<TextLine ID="line_3" HPOS="272" VPOS="346" WIDTH="759" HEIGHT="27">
							<String ID="string_17" HPOS="272" VPOS="347" WIDTH="32" HEIGHT="26" WC="0.66" CONTENT="»S."/><SP WIDTH="16" VPOS="347" HPOS="304"/>
							<String ID="string_18" HPOS="320" VPOS="347" WIDTH="27" HEIGHT="20" WC="0.92" CONTENT="D."/><SP WIDTH="30" VPOS="347" HPOS="347"/>
							<String ID="string_19" HPOS="377" VPOS="347" WIDTH="119" HEIGHT="26" WC="0.96" CONTENT="Föredrogs"/><SP WIDTH="11" VPOS="347" HPOS="496"/>
							<String ID="string_20" HPOS="507" VPOS="347" WIDTH="31" HEIGHT="20" WC="0.96" CONTENT="till"/><SP WIDTH="17" VPOS="347" HPOS="538"/>
							<String ID="string_21" HPOS="555" VPOS="346" WIDTH="71" HEIGHT="27" WC="0.95" CONTENT="slutlig"/><SP WIDTH="16" VPOS="346" HPOS="626"/>
							<String ID="string_22" HPOS="642" VPOS="346" WIDTH="76" HEIGHT="27" WC="0.93" CONTENT="åtgärd"/><SP WIDTH="11" VPOS="346" HPOS="718"/>
							<String ID="string_23" HPOS="729" VPOS="347" WIDTH="152" HEIGHT="26" WC="0.92" CONTENT="lagutskottets"/><SP WIDTH="15" VPOS="347" HPOS="881"/>
							<String ID="string_24" HPOS="896" VPOS="346" WIDTH="135" HEIGHT="21" WC="0.96" CONTENT="betänkande"/>
						</TextLine>
						<TextLine ID="line_4" HPOS="203" VPOS="375" WIDTH="828" HEIGHT="26">
							<String ID="string_25" HPOS="203" VPOS="381" WIDTH="35" HEIGHT="15" WC="0.95" CONTENT="n:o"/><SP WIDTH="18" VPOS="381" HPOS="238"/>
							<String ID="string_26" HPOS="256" VPOS="376" WIDTH="35" HEIGHT="23" WC="0.96" CONTENT="10,"/><SP WIDTH="24" VPOS="376" HPOS="291"/>
							<String ID="string_27" HPOS="315" VPOS="375" WIDTH="6" HEIGHT="21" WC="0.96" CONTENT="i"/><SP WIDTH="16" VPOS="375" HPOS="321"/>
							<String ID="string_28" HPOS="337" VPOS="375" WIDTH="114" HEIGHT="26" WC="0.96" CONTENT="anledning"/><SP WIDTH="15" VPOS="375" HPOS="451"/>
							<String ID="string_29" HPOS="466" VPOS="375" WIDTH="23" HEIGHT="21" WC="0.96" CONTENT="af"/><SP WIDTH="13" VPOS="375" HPOS="489"/>
							<String ID="string_30" HPOS="502" VPOS="375" WIDTH="59" HEIGHT="21" WC="0.96" CONTENT="Hans"/><SP WIDTH="16" VPOS="375" HPOS="561"/>
							<String ID="string_31" HPOS="577" VPOS="375" WIDTH="118" HEIGHT="26" WC="0.96" CONTENT="Kejserliga"/><SP WIDTH="16" VPOS="375" HPOS="695"/>
							<String ID="string_32" HPOS="711" VPOS="375" WIDTH="112" HEIGHT="26" WC="0.96" CONTENT="Majestäts"/><SP WIDTH="22" VPOS="375" HPOS="823"/>
							<String ID="string_33" HPOS="845" VPOS="375" WIDTH="78" HEIGHT="26" WC="0.93" CONTENT="nådiga"/><SP WIDTH="14" VPOS="375" HPOS="923"/>
							<String ID="string_34" HPOS="937" VPOS="375" WIDTH="94" HEIGHT="26" WC="0.92" CONTENT="proposi-"/>
						</TextLine>
						<TextLine ID="line_5" HPOS="203" VPOS="403" WIDTH="828" HEIGHT="27">
							<String ID="string_35" HPOS="203" VPOS="404" WIDTH="45" HEIGHT="21" WC="0.96" CONTENT="tion"/><SP WIDTH="25" VPOS="404" HPOS="248"/>
							<String ID="string_36" HPOS="273" VPOS="403" WIDTH="110" HEIGHT="27" WC="0.95" CONTENT="angående"/><SP WIDTH="16" VPOS="403" HPOS="383"/>
							<String ID="string_37" HPOS="399" VPOS="403" WIDTH="113" HEIGHT="26" WC="0.96" CONTENT="ändringar"/><SP WIDTH="14" VPOS="403" HPOS="512"/>
							<String ID="string_38" HPOS="526" VPOS="403" WIDTH="8" HEIGHT="21" WC="0.96" CONTENT="i"/><SP WIDTH="19" VPOS="403" HPOS="534"/>
							<String ID="string_39" HPOS="553" VPOS="403" WIDTH="159" HEIGHT="26" WC="0.96" CONTENT="lagstiftningen"/><SP WIDTH="17" VPOS="403" HPOS="712"/>
							<String ID="string_40" HPOS="729" VPOS="410" WIDTH="34" HEIGHT="15" WC="0.93" CONTENT="om"/><SP WIDTH="17" VPOS="410" HPOS="763"/>
							<String ID="string_41" HPOS="780" VPOS="403" WIDTH="101" HEIGHT="21" WC="0.91" CONTENT="afträdes-"/><SP WIDTH="18" VPOS="403" HPOS="881"/>
							<String ID="string_42" HPOS="899" VPOS="403" WIDTH="132" HEIGHT="21" WC="0.92" CONTENT="boskilnads-"/>
						</TextLine>
						<TextLine ID="line_6" HPOS="204" VPOS="431" WIDTH="826" HEIGHT="27">
							<String ID="string_43" HPOS="204" VPOS="432" WIDTH="39" HEIGHT="21" WC="0.92" CONTENT="och"/><SP WIDTH="25" VPOS="432" HPOS="243"/>
							<String ID="string_44" HPOS="268" VPOS="432" WIDTH="137" HEIGHT="23" WC="0.92" CONTENT="urarfvamål,"/><SP WIDTH="16" VPOS="432" HPOS="405"/>
							<String ID="string_45" HPOS="421" VPOS="438" WIDTH="34" HEIGHT="15" WC="0.93" CONTENT="om"/><SP WIDTH="15" VPOS="438" HPOS="455"/>
							<String ID="string_46" HPOS="470" VPOS="431" WIDTH="143" HEIGHT="26" WC="0.91" CONTENT="preskription"/><SP WIDTH="15" VPOS="431" HPOS="613"/>
							<String ID="string_47" HPOS="628" VPOS="431" WIDTH="34" HEIGHT="21" WC="0.93" CONTENT="för"/><SP WIDTH="16" VPOS="431" HPOS="662"/>
							<String ID="string_48" HPOS="678" VPOS="432" WIDTH="115" HEIGHT="25" WC="0.92" CONTENT="utsökning"/><SP WIDTH="17" VPOS="432" HPOS="793"/>
							<String ID="string_49" HPOS="810" VPOS="432" WIDTH="24" HEIGHT="21" WC="0.96" CONTENT="af"/><SP WIDTH="12" VPOS="432" HPOS="834"/>
							<String ID="string_50" HPOS="846" VPOS="431" WIDTH="127" HEIGHT="27" WC="0.96" CONTENT="fordringar,"/><SP WIDTH="23" VPOS="431" HPOS="973"/>
							<String ID="string_51" HPOS="996" VPOS="438" WIDTH="34" HEIGHT="15" WC="0.96" CONTENT="om"/>
						</TextLine>
						<TextLine ID="line_7" HPOS="205" VPOS="460" WIDTH="646" HEIGHT="27">
							<String ID="string_52" HPOS="205" VPOS="460" WIDTH="144" HEIGHT="27" WC="0.91" CONTENT="årsstämning"/><SP WIDTH="16" VPOS="460" HPOS="349"/>
							<String ID="string_53" HPOS="365" VPOS="460" WIDTH="12" HEIGHT="21" WC="0.90" CONTENT="å"/><SP WIDTH="16" VPOS="460" HPOS="377"/>
							<String ID="string_54" HPOS="393" VPOS="460" WIDTH="127" HEIGHT="27" WC="0.96" CONTENT="borgenärer"/><SP WIDTH="16" VPOS="460" HPOS="520"/>
							<String ID="string_55" HPOS="536" VPOS="460" WIDTH="39" HEIGHT="21" WC="0.96" CONTENT="och"/><SP WIDTH="16" VPOS="460" HPOS="575"/>
							<String ID="string_56" HPOS="591" VPOS="466" WIDTH="34" HEIGHT="15" WC="0.93" CONTENT="om"/><SP WIDTH="16" VPOS="466" HPOS="625"/>
							<String ID="string_57" HPOS="641" VPOS="460" WIDTH="210" HEIGHT="27" WC="0.90" CONTENT="äktenskapsförord."/>
						</TextLine>
					</TextBlock>
					<TextBlock ID="block_3" HPOS="204" VPOS="487" WIDTH="827" HEIGHT="113">
						<TextLine ID="line_8" HPOS="273" VPOS="487" WIDTH="757" HEIGHT="28">
							<String ID="string_58" HPOS="273" VPOS="488" WIDTH="46" HEIGHT="21" WC="0.96" CONTENT="Och"/><SP WIDTH="14" VPOS="488" HPOS="319"/>
							<String ID="string_59" HPOS="333" VPOS="488" WIDTH="50" HEIGHT="21" WC="0.95" CONTENT="fann"/><SP WIDTH="24" VPOS="488" HPOS="383"/>
							<String ID="string_60" HPOS="407" VPOS="488" WIDTH="164" HEIGHT="21" WC="0.75" CONTENT="bondeståndet:"/><SP WIDTH="14" VPOS="488" HPOS="571"/>
							<String ID="string_61" HPOS="585" VPOS="488" WIDTH="103" HEIGHT="26" WC="0.96" CONTENT="enhälligt"/><SP WIDTH="15" VPOS="488" HPOS="688"/>
							<String ID="string_62" HPOS="703" VPOS="489" WIDTH="53" HEIGHT="26" WC="0.96" CONTENT="godt"/><SP WIDTH="20" VPOS="489" HPOS="756"/>
							<String ID="string_63" HPOS="776" VPOS="490" WIDTH="78" HEIGHT="25" WC="0.96" CONTENT="antaga"/><SP WIDTH="15" VPOS="490" HPOS="854"/>
							<String ID="string_64" HPOS="869" VPOS="488" WIDTH="116" HEIGHT="21" WC="0.93" CONTENT="utskottets"/><SP WIDTH="15" VPOS="488" HPOS="985"/>
							<String ID="string_65" HPOS="1000" VPOS="487" WIDTH="30" HEIGHT="22" WC="0.93" CONTENT="of-"/>
						</TextLine>
						<TextLine ID="line_9" HPOS="205" VPOS="515" WIDTH="825" HEIGHT="28">
							<String ID="string_66" HPOS="205" VPOS="517" WIDTH="135" HEIGHT="21" WC="0.92" CONTENT="vanberörde"/><SP WIDTH="23" VPOS="517" HPOS="340"/>
							<String ID="string_67" HPOS="363" VPOS="517" WIDTH="135" HEIGHT="21" WC="0.96" CONTENT="betänkande"/><SP WIDTH="22" VPOS="517" HPOS="498"/>
							<String ID="string_68" HPOS="520" VPOS="517" WIDTH="6" HEIGHT="20" WC="0.96" CONTENT="i"/><SP WIDTH="17" VPOS="517" HPOS="526"/>
							<String ID="string_69" HPOS="543" VPOS="517" WIDTH="47" HEIGHT="20" WC="0.96" CONTENT="hela"/><SP WIDTH="24" VPOS="517" HPOS="590"/>
							<String ID="string_70" HPOS="614" VPOS="517" WIDTH="47" HEIGHT="20" WC="0.96" CONTENT="dess"/><SP WIDTH="16" VPOS="517" HPOS="661"/>
							<String ID="string_71" HPOS="677" VPOS="517" WIDTH="51" HEIGHT="20" WC="0.96" CONTENT="vidd"/><SP WIDTH="16" VPOS="517" HPOS="728"/>
							<String ID="string_72" HPOS="744" VPOS="517" WIDTH="90" HEIGHT="21" WC="0.96" CONTENT="sålunda"/><SP WIDTH="15" VPOS="517" HPOS="834"/>
							<String ID="string_73" HPOS="849" VPOS="518" WIDTH="32" HEIGHT="19" WC="0.93" CONTENT="att"/><SP WIDTH="15" VPOS="518" HPOS="881"/>
							<String ID="string_74" HPOS="896" VPOS="517" WIDTH="12" HEIGHT="26" WC="0.80" CONTENT="&amp;"/><SP WIDTH="17" VPOS="517" HPOS="908"/>
							<String ID="string_75" HPOS="925" VPOS="517" WIDTH="24" HEIGHT="20" WC="0.96" CONTENT="51"/><SP WIDTH="17" VPOS="517" HPOS="949"/>
							<String ID="string_76" HPOS="966" VPOS="516" WIDTH="7" HEIGHT="20" WC="0.93" CONTENT="i"/><SP WIDTH="16" VPOS="516" HPOS="973"/>
							<String ID="string_77" HPOS="989" VPOS="515" WIDTH="41" HEIGHT="22" WC="0.93" CONTENT="för-"/>
						</TextLine>
						<TextLine ID="line_10" HPOS="204" VPOS="545" WIDTH="827" HEIGHT="27">
							<String ID="string_78" HPOS="204" VPOS="545" WIDTH="69" HEIGHT="27" WC="0.96" CONTENT="slaget"/><SP WIDTH="16" VPOS="545" HPOS="273"/>
							<String ID="string_79" HPOS="289" VPOS="546" WIDTH="32" HEIGHT="21" WC="0.92" CONTENT="till"/><SP WIDTH="16" VPOS="546" HPOS="321"/>
							<String ID="string_80" HPOS="337" VPOS="545" WIDTH="171" HEIGHT="26" WC="0.91" CONTENT="konkursstadga"/><SP WIDTH="16" VPOS="545" HPOS="508"/>
							<String ID="string_81" HPOS="524" VPOS="545" WIDTH="67" HEIGHT="21" WC="0.96" CONTENT="skulle"/><SP WIDTH="17" VPOS="545" HPOS="591"/>
							<String ID="string_82" HPOS="608" VPOS="545" WIDTH="81" HEIGHT="21" WC="0.96" CONTENT="erhålla"/><SP WIDTH="11" VPOS="545" HPOS="689"/>
							<String ID="string_83" HPOS="700" VPOS="545" WIDTH="42" HEIGHT="21" WC="0.96" CONTENT="den"/><SP WIDTH="18" VPOS="545" HPOS="742"/>
							<String ID="string_84" HPOS="760" VPOS="546" WIDTH="32" HEIGHT="20" WC="0.96" CONTENT="uti"/><SP WIDTH="16" VPOS="546" HPOS="792"/>
							<String ID="string_85" HPOS="808" VPOS="551" WIDTH="73" HEIGHT="16" WC="0.96" CONTENT="senare"/><SP WIDTH="15" VPOS="551" HPOS="881"/>
							<String ID="string_86" HPOS="896" VPOS="545" WIDTH="135" HEIGHT="21" WC="0.96" CONTENT="alternativet"/>
						</TextLine>
						<TextLine ID="line_11" HPOS="204" VPOS="573" WIDTH="222" HEIGHT="27">
							<String ID="string_87" HPOS="204" VPOS="573" WIDTH="122" HEIGHT="27" WC="0.96" CONTENT="föreslagna"/><SP WIDTH="15" VPOS="573" HPOS="326"/>
							<String ID="string_88" HPOS="341" VPOS="573" WIDTH="85" HEIGHT="27" WC="0.96" CONTENT="lydelse."/>
						</TextLine>
					</TextBlock>
					<TextBlock ID="block_4" HPOS="205" VPOS="601" WIDTH="826" HEIGHT="55">
						<TextLine ID="line_12" HPOS="274" VPOS="601" WIDTH="757" HEIGHT="27">
							<String ID="string_89" HPOS="274" VPOS="602" WIDTH="81" HEIGHT="21" WC="0.96" CONTENT="Härom"/><SP WIDTH="16" VPOS="602" HPOS="355"/>
							<String ID="string_90" HPOS="371" VPOS="602" WIDTH="66" HEIGHT="21" WC="0.91" CONTENT="borde"/><SP WIDTH="22" VPOS="602" HPOS="437"/>
							<String ID="string_91" HPOS="459" VPOS="602" WIDTH="198" HEIGHT="26" WC="0.91" CONTENT="protokollsutdrag"/><SP WIDTH="16" VPOS="602" HPOS="657"/>
							<String ID="string_92" HPOS="673" VPOS="602" WIDTH="123" HEIGHT="26" WC="0.96" CONTENT="expedieras"/><SP WIDTH="15" VPOS="602" HPOS="796"/>
							<String ID="string_93" HPOS="811" VPOS="602" WIDTH="32" HEIGHT="20" WC="0.96" CONTENT="till"/><SP WIDTH="16" VPOS="602" HPOS="843"/>
							<String ID="string_94" HPOS="859" VPOS="602" WIDTH="98" HEIGHT="26" WC="0.93" CONTENT="samtliga"/><SP WIDTH="14" VPOS="602" HPOS="957"/>
							<String ID="string_95" HPOS="971" VPOS="601" WIDTH="60" HEIGHT="21" WC="0.91" CONTENT="med-"/>
						</TextLine>
						<TextLine ID="line_13" HPOS="205" VPOS="630" WIDTH="533" HEIGHT="26">
							<String ID="string_96" HPOS="205" VPOS="630" WIDTH="90" HEIGHT="21" WC="0.96" CONTENT="stånden"/><SP WIDTH="17" VPOS="630" HPOS="295"/>
							<String ID="string_97" HPOS="312" VPOS="630" WIDTH="39" HEIGHT="21" WC="0.96" CONTENT="och"/><SP WIDTH="16" VPOS="630" HPOS="351"/>
							<String ID="string_98" HPOS="367" VPOS="630" WIDTH="32" HEIGHT="21" WC="0.95" CONTENT="till"/><SP WIDTH="16" VPOS="630" HPOS="399"/>
							<String ID="string_99" HPOS="415" VPOS="630" WIDTH="145" HEIGHT="26" WC="0.92" CONTENT="lagutskottet."/><SP WIDTH="31" VPOS="630" HPOS="560"/>
							<String ID="string_100" HPOS="591" VPOS="630" WIDTH="50" HEIGHT="21" WC="0.93" CONTENT="Som"/><SP WIDTH="17" VPOS="630" HPOS="641"/>
							<String ID="string_101" HPOS="658" VPOS="630" WIDTH="80" HEIGHT="21" WC="0.60" CONTENT="ofvan.&quot;"/>
						</TextLine>
					</TextBlock>
				</ComposedBlock>
				<ComposedBlock ID="cblock_5" HPOS="275" VPOS="698" WIDTH="574" HEIGHT="26">
					<TextBlock ID="block_5" HPOS="275" VPOS="698" WIDTH="574" HEIGHT="26">
						<TextLine ID="line_14" HPOS="275" VPOS="698" WIDTH="574" HEIGHT="26">
							<String ID="string_102" HPOS="275" VPOS="698" WIDTH="22" HEIGHT="23" WC="0.95" CONTENT="2)"/><SP WIDTH="16" VPOS="698" HPOS="297"/>
							<String ID="string_103" HPOS="313" VPOS="698" WIDTH="34" HEIGHT="21" WC="0.96" CONTENT="för"/><SP WIDTH="15" VPOS="698" HPOS="347"/>
							<String ID="string_104" HPOS="362" VPOS="698" WIDTH="40" HEIGHT="21" WC="0.97" CONTENT="den"/><SP WIDTH="17" VPOS="698" HPOS="402"/>
							<String ID="string_105" HPOS="419" VPOS="699" WIDTH="32" HEIGHT="25" WC="0.96" CONTENT="17,"/><SP WIDTH="19" VPOS="699" HPOS="451"/>
							<String ID="string_106" HPOS="470" VPOS="698" WIDTH="24" HEIGHT="21" WC="0.96" CONTENT="18"/><SP WIDTH="16" VPOS="698" HPOS="494"/>
							<String ID="string_107" HPOS="510" VPOS="698" WIDTH="39" HEIGHT="21" WC="0.96" CONTENT="och"/><SP WIDTH="15" VPOS="698" HPOS="549"/>
							<String ID="string_108" HPOS="564" VPOS="698" WIDTH="28" HEIGHT="21" WC="0.96" CONTENT="20"/><SP WIDTH="16" VPOS="698" HPOS="592"/>
							<String ID="string_109" HPOS="608" VPOS="699" WIDTH="84" HEIGHT="24" WC="0.95" CONTENT="dennes,"/><SP WIDTH="16" VPOS="699" HPOS="692"/>
							<String ID="string_110" HPOS="708" VPOS="698" WIDTH="24" HEIGHT="20" WC="0.97" CONTENT="så"/><SP WIDTH="15" VPOS="698" HPOS="732"/>
							<String ID="string_111" HPOS="747" VPOS="698" WIDTH="102" HEIGHT="26" WC="0.96" CONTENT="lydande:"/>
						</TextLine>
					</TextBlock>
				</ComposedBlock>
				<ComposedBlock ID="cblock_6" HPOS="206" VPOS="760" WIDTH="826" HEIGHT="140">
					<TextBlock ID="block_6" HPOS="206" VPOS="760" WIDTH="826" HEIGHT="140">
						<TextLine ID="line_15" HPOS="275" VPOS="760" WIDTH="757" HEIGHT="27">
							<String ID="string_112" HPOS="275" VPOS="760" WIDTH="32" HEIGHT="27" WC="0.85" CONTENT="»S."/><SP WIDTH="17" VPOS="760" HPOS="307"/>
							<String ID="string_113" HPOS="324" VPOS="760" WIDTH="26" HEIGHT="21" WC="0.93" CONTENT="D."/><SP WIDTH="31" VPOS="760" HPOS="350"/>
							<String ID="string_114" HPOS="381" VPOS="760" WIDTH="120" HEIGHT="27" WC="0.96" CONTENT="Föredrogs"/><SP WIDTH="23" VPOS="760" HPOS="501"/>
							<String ID="string_115" HPOS="524" VPOS="760" WIDTH="31" HEIGHT="21" WC="0.96" CONTENT="till"/><SP WIDTH="23" VPOS="760" HPOS="555"/>
							<String ID="string_116" HPOS="578" VPOS="760" WIDTH="72" HEIGHT="21" WC="0.96" CONTENT="vidare"/><SP WIDTH="24" VPOS="760" HPOS="650"/>
							<String ID="string_117" HPOS="674" VPOS="760" WIDTH="76" HEIGHT="26" WC="0.93" CONTENT="åtgärd"/><SP WIDTH="15" VPOS="760" HPOS="750"/>
							<String ID="string_118" HPOS="765" VPOS="760" WIDTH="124" HEIGHT="26" WC="0.92" CONTENT="grundlags-"/><SP WIDTH="16" VPOS="760" HPOS="889"/>
							<String ID="string_119" HPOS="905" VPOS="761" WIDTH="55" HEIGHT="20" WC="0.93" CONTENT="samt"/><SP WIDTH="16" VPOS="761" HPOS="960"/>
							<String ID="string_120" HPOS="976" VPOS="766" WIDTH="56" HEIGHT="15" WC="0.92" CONTENT="sam-"/>
						</TextLine>
						<TextLine ID="line_16" HPOS="206" VPOS="788" WIDTH="825" HEIGHT="26">
							<String ID="string_121" HPOS="206" VPOS="790" WIDTH="108" HEIGHT="19" WC="0.92" CONTENT="mansatta"/><SP WIDTH="16" VPOS="790" HPOS="314"/>
							<String ID="string_122" HPOS="330" VPOS="788" WIDTH="109" HEIGHT="21" WC="0.92" CONTENT="ekonomi-"/><SP WIDTH="15" VPOS="788" HPOS="439"/>
							<String ID="string_123" HPOS="454" VPOS="790" WIDTH="62" HEIGHT="19" WC="0.91" CONTENT="stats-"/><SP WIDTH="13" VPOS="790" HPOS="516"/>
							<String ID="string_124" HPOS="529" VPOS="789" WIDTH="39" HEIGHT="20" WC="0.93" CONTENT="och"/><SP WIDTH="11" VPOS="789" HPOS="568"/>
							<String ID="string_125" HPOS="579" VPOS="788" WIDTH="263" HEIGHT="26" WC="0.90" CONTENT="bevillningsutskottenas"/><SP WIDTH="10" VPOS="788" HPOS="842"/>
							<String ID="string_126" HPOS="852" VPOS="788" WIDTH="104" HEIGHT="21" WC="0.93" CONTENT="särskilda"/><SP WIDTH="13" VPOS="788" HPOS="956"/>
							<String ID="string_127" HPOS="969" VPOS="788" WIDTH="62" HEIGHT="21" WC="0.90" CONTENT="bord-"/>
						</TextLine>
						<TextLine ID="line_17" HPOS="206" VPOS="816" WIDTH="826" HEIGHT="27">
							<String ID="string_128" HPOS="206" VPOS="817" WIDTH="64" HEIGHT="26" WC="0.96" CONTENT="lagda"/><SP WIDTH="16" VPOS="817" HPOS="270"/>
							<String ID="string_129" HPOS="286" VPOS="817" WIDTH="155" HEIGHT="24" WC="0.96" CONTENT="betänkanden,"/><SP WIDTH="23" VPOS="817" HPOS="441"/>
							<String ID="string_130" HPOS="464" VPOS="817" WIDTH="7" HEIGHT="20" WC="0.96" CONTENT="i"/><SP WIDTH="15" VPOS="817" HPOS="471"/>
							<String ID="string_131" HPOS="486" VPOS="817" WIDTH="114" HEIGHT="26" WC="0.95" CONTENT="anledning"/><SP WIDTH="22" VPOS="817" HPOS="600"/>
							<String ID="string_132" HPOS="622" VPOS="817" WIDTH="24" HEIGHT="20" WC="0.96" CONTENT="af"/><SP WIDTH="14" VPOS="817" HPOS="646"/>
							<String ID="string_133" HPOS="660" VPOS="817" WIDTH="59" HEIGHT="20" WC="0.96" CONTENT="Hans"/><SP WIDTH="16" VPOS="817" HPOS="719"/>
							<String ID="string_134" HPOS="735" VPOS="817" WIDTH="119" HEIGHT="26" WC="0.95" CONTENT="Kejserliga"/><SP WIDTH="15" VPOS="817" HPOS="854"/>
							<String ID="string_135" HPOS="869" VPOS="816" WIDTH="111" HEIGHT="27" WC="0.92" CONTENT="Majestäts"/><SP WIDTH="15" VPOS="816" HPOS="980"/>
							<String ID="string_136" HPOS="995" VPOS="817" WIDTH="37" HEIGHT="20" WC="0.92" CONTENT="nå-"/>
						</TextLine>
						<TextLine ID="line_18" HPOS="207" VPOS="844" WIDTH="825" HEIGHT="27">
							<String ID="string_137" HPOS="207" VPOS="845" WIDTH="49" HEIGHT="26" WC="0.90" CONTENT="diga"/><SP WIDTH="15" VPOS="845" HPOS="256"/>
							<String ID="string_138" HPOS="271" VPOS="845" WIDTH="132" HEIGHT="26" WC="0.96" CONTENT="proposition"/><SP WIDTH="12" VPOS="845" HPOS="403"/>
							<String ID="string_139" HPOS="415" VPOS="845" WIDTH="32" HEIGHT="21" WC="0.96" CONTENT="till"/><SP WIDTH="10" VPOS="845" HPOS="447"/>
							<String ID="string_140" HPOS="457" VPOS="845" WIDTH="100" HEIGHT="21" WC="0.96" CONTENT="Finlands"/><SP WIDTH="11" VPOS="845" HPOS="557"/>
							<String ID="string_141" HPOS="568" VPOS="845" WIDTH="86" HEIGHT="21" WC="0.96" CONTENT="ständer"/><SP WIDTH="13" VPOS="845" HPOS="654"/>
							<String ID="string_142" HPOS="667" VPOS="845" WIDTH="111" HEIGHT="26" WC="0.96" CONTENT="angående"/><SP WIDTH="13" VPOS="845" HPOS="778"/>
							<String ID="string_143" HPOS="791" VPOS="845" WIDTH="118" HEIGHT="21" WC="0.96" CONTENT="ordnandet"/><SP WIDTH="10" VPOS="845" HPOS="909"/>
							<String ID="string_144" HPOS="919" VPOS="844" WIDTH="22" HEIGHT="21" WC="0.93" CONTENT="af"/><SP WIDTH="14" VPOS="844" HPOS="941"/>
							<String ID="string_145" HPOS="955" VPOS="845" WIDTH="77" HEIGHT="26" WC="0.92" CONTENT="skjuts-"/>
						</TextLine>
						<TextLine ID="line_19" HPOS="207" VPOS="873" WIDTH="738" HEIGHT="27">
							<String ID="string_146" HPOS="207" VPOS="873" WIDTH="121" HEIGHT="27" WC="0.95" CONTENT="hållningen"/><SP WIDTH="16" VPOS="873" HPOS="328"/>
							<String ID="string_147" HPOS="344" VPOS="873" WIDTH="39" HEIGHT="22" WC="0.93" CONTENT="och"/><SP WIDTH="15" VPOS="873" HPOS="383"/>
							<String ID="string_148" HPOS="398" VPOS="874" WIDTH="172" HEIGHT="26" WC="0.90" CONTENT="gästgifverierna"/><SP WIDTH="15" VPOS="874" HPOS="570"/>
							<String ID="string_149" HPOS="585" VPOS="875" WIDTH="56" HEIGHT="19" WC="0.93" CONTENT="samt"/><SP WIDTH="15" VPOS="875" HPOS="641"/>
							<String ID="string_150" HPOS="656" VPOS="875" WIDTH="48" HEIGHT="25" WC="0.93" CONTENT="väg-"/><SP WIDTH="16" VPOS="875" HPOS="704"/>
							<String ID="string_151" HPOS="720" VPOS="873" WIDTH="39" HEIGHT="22" WC="0.93" CONTENT="och"/><SP WIDTH="16" VPOS="873" HPOS="759"/>
							<String ID="string_152" HPOS="775" VPOS="873" WIDTH="170" HEIGHT="27" WC="0.91" CONTENT="brobyggnaden."/>
						</TextLine>
					</TextBlock>
				</ComposedBlock>
				<ComposedBlock ID="cblock_7" HPOS="208" VPOS="935" WIDTH="824" HEIGHT="55">
					<TextBlock ID="block_7" HPOS="208" VPOS="935" WIDTH="824" HEIGHT="55">
						<TextLine ID="line_20" HPOS="277" VPOS="935" WIDTH="755" HEIGHT="27">
							<String ID="string_153" HPOS="277" VPOS="935" WIDTH="60" HEIGHT="22" WC="0.90" CONTENT="Efter"/><SP WIDTH="25" VPOS="935" HPOS="337"/>
							<String ID="string_154" HPOS="362" VPOS="935" WIDTH="147" HEIGHT="27" WC="0.90" CONTENT="försiggången"/><SP WIDTH="25" VPOS="935" HPOS="509"/>
							<String ID="string_155" HPOS="534" VPOS="935" WIDTH="120" HEIGHT="22" WC="0.96" CONTENT="diskussion"/><SP WIDTH="23" VPOS="935" HPOS="654"/>
							<String ID="string_156" HPOS="677" VPOS="936" WIDTH="39" HEIGHT="21" WC="0.96" CONTENT="och"/><SP WIDTH="24" VPOS="936" HPOS="716"/>
							<String ID="string_157" HPOS="740" VPOS="935" WIDTH="105" HEIGHT="22" WC="0.95" CONTENT="anställde"/><SP WIDTH="23" VPOS="935" HPOS="845"/>
							<String ID="string_158" HPOS="868" VPOS="936" WIDTH="164" HEIGHT="26" WC="0.96" CONTENT="omröstningar,"/>
						</TextLine>
						<TextLine ID="line_21" HPOS="208" VPOS="963" WIDTH="531" HEIGHT="27">
							<String ID="string_159" HPOS="208" VPOS="965" WIDTH="105" HEIGHT="20" WC="0.95" CONTENT="stannade"/><SP WIDTH="15" VPOS="965" HPOS="313"/>
							<String ID="string_160" HPOS="328" VPOS="963" WIDTH="156" HEIGHT="22" WC="0.96" CONTENT="bondeståndet"/><SP WIDTH="14" VPOS="963" HPOS="484"/>
							<String ID="string_161" HPOS="498" VPOS="964" WIDTH="35" HEIGHT="21" WC="0.96" CONTENT="vid"/><SP WIDTH="15" VPOS="964" HPOS="533"/>
							<String ID="string_162" HPOS="548" VPOS="964" WIDTH="94" HEIGHT="26" WC="0.96" CONTENT="följande"/><SP WIDTH="15" VPOS="964" HPOS="642"/>
							<String ID="string_163" HPOS="657" VPOS="964" WIDTH="82" HEIGHT="21" WC="0.96" CONTENT="beslut:"/>
						</TextLine>
					</TextBlock>
				</ComposedBlock>
				<ComposedBlock ID="cblock_8" HPOS="208" VPOS="1026" WIDTH="825" HEIGHT="54">
					<TextBlock ID="block_8" HPOS="208" VPOS="1026" WIDTH="825" HEIGHT="54">
						<TextLine ID="line_22" HPOS="279" VPOS="1026" WIDTH="754" HEIGHT="27">
							<String ID="string_164" HPOS="279" VPOS="1027" WIDTH="42" HEIGHT="26" WC="0.88" CONTENT="1:0)"/><SP WIDTH="23" VPOS="1027" HPOS="321"/>
							<String ID="string_165" HPOS="344" VPOS="1027" WIDTH="110" HEIGHT="26" WC="0.95" CONTENT="Förslaget"/><SP WIDTH="16" VPOS="1027" HPOS="454"/>
							<String ID="string_166" HPOS="470" VPOS="1027" WIDTH="31" HEIGHT="20" WC="0.96" CONTENT="till"/><SP WIDTH="23" VPOS="1027" HPOS="501"/>
							<String ID="string_167" HPOS="524" VPOS="1026" WIDTH="124" HEIGHT="27" WC="0.96" CONTENT="förordning"/><SP WIDTH="15" VPOS="1026" HPOS="648"/>
							<String ID="string_168" HPOS="663" VPOS="1027" WIDTH="110" HEIGHT="26" WC="0.93" CONTENT="angående"/><SP WIDTH="15" VPOS="1027" HPOS="773"/>
							<String ID="string_169" HPOS="788" VPOS="1026" WIDTH="190" HEIGHT="27" WC="0.91" CONTENT="skjutshållningen"/><SP WIDTH="16" VPOS="1026" HPOS="978"/>
							<String ID="string_170" HPOS="994" VPOS="1027" WIDTH="39" HEIGHT="20" WC="0.96" CONTENT="och"/>
						</TextLine>
						<TextLine ID="line_23" HPOS="208" VPOS="1055" WIDTH="182" HEIGHT="25">
							<String ID="string_171" HPOS="208" VPOS="1055" WIDTH="182" HEIGHT="25" WC="0.90" CONTENT="gästgifverierna."/>
						</TextLine>
					</TextBlock>
				</ComposedBlock>
				<ComposedBlock ID="cblock_9" HPOS="208" VPOS="1117" WIDTH="826" HEIGHT="55">
					<TextBlock ID="block_9" HPOS="208" VPOS="1117" WIDTH="826" HEIGHT="55">
						<TextLine ID="line_24" HPOS="277" VPOS="1117" WIDTH="757" HEIGHT="27">
							<String ID="string_172" HPOS="277" VPOS="1117" WIDTH="113" HEIGHT="26" WC="0.96" CONTENT="Ingressen"/><SP WIDTH="19" VPOS="1117" HPOS="390"/>
							<String ID="string_173" HPOS="409" VPOS="1117" WIDTH="65" HEIGHT="26" WC="0.93" CONTENT="jemte"/><SP WIDTH="20" VPOS="1117" HPOS="474"/>
							<String ID="string_174" HPOS="494" VPOS="1117" WIDTH="59" HEIGHT="27" WC="0.48" CONTENT="S8:ne"/><SP WIDTH="24" VPOS="1117" HPOS="553"/>
							<String ID="string_175" HPOS="577" VPOS="1118" WIDTH="18" HEIGHT="23" WC="0.96" CONTENT="1,"/><SP WIDTH="23" VPOS="1118" HPOS="595"/>
							<String ID="string_176" HPOS="618" VPOS="1118" WIDTH="13" HEIGHT="20" WC="0.96" CONTENT="2"/><SP WIDTH="17" VPOS="1118" HPOS="631"/>
							<String ID="string_177" HPOS="648" VPOS="1117" WIDTH="38" HEIGHT="21" WC="0.96" CONTENT="och"/><SP WIDTH="17" VPOS="1117" HPOS="686"/>
							<String ID="string_178" HPOS="703" VPOS="1117" WIDTH="13" HEIGHT="21" WC="0.93" CONTENT="3"/><SP WIDTH="23" VPOS="1117" HPOS="716"/>
							<String ID="string_179" HPOS="739" VPOS="1120" WIDTH="90" HEIGHT="24" WC="0.93" CONTENT="antogos"/><SP WIDTH="16" VPOS="1120" HPOS="829"/>
							<String ID="string_180" HPOS="845" VPOS="1117" WIDTH="80" HEIGHT="21" WC="0.96" CONTENT="sådana"/><SP WIDTH="14" VPOS="1117" HPOS="925"/>
							<String ID="string_181" HPOS="939" VPOS="1117" WIDTH="26" HEIGHT="21" WC="0.93" CONTENT="de"/><SP WIDTH="15" VPOS="1117" HPOS="965"/>
							<String ID="string_182" HPOS="980" VPOS="1117" WIDTH="54" HEIGHT="21" WC="0.93" CONTENT="före-"/>
						</TextLine>
						<TextLine ID="line_25" HPOS="208" VPOS="1145" WIDTH="437" HEIGHT="27">
							<String ID="string_183" HPOS="208" VPOS="1145" WIDTH="86" HEIGHT="21" WC="0.95" CONTENT="komma"/><SP WIDTH="15" VPOS="1145" HPOS="294"/>
							<String ID="string_184" HPOS="309" VPOS="1146" WIDTH="6" HEIGHT="20" WC="0.96" CONTENT="i"/><SP WIDTH="16" VPOS="1146" HPOS="315"/>
							<String ID="string_185" HPOS="331" VPOS="1145" WIDTH="40" HEIGHT="21" WC="0.96" CONTENT="den"/><SP WIDTH="16" VPOS="1145" HPOS="371"/>
							<String ID="string_186" HPOS="387" VPOS="1145" WIDTH="77" HEIGHT="26" WC="0.96" CONTENT="nådiga"/><SP WIDTH="16" VPOS="1145" HPOS="464"/>
							<String ID="string_187" HPOS="480" VPOS="1145" WIDTH="165" HEIGHT="27" WC="0.96" CONTENT="propositionen."/>
						</TextLine>
					</TextBlock>
				</ComposedBlock>
				<ComposedBlock ID="cblock_10" HPOS="208" VPOS="1207" WIDTH="826" HEIGHT="56">
					<TextBlock ID="block_10" HPOS="208" VPOS="1207" WIDTH="826" HEIGHT="56">
						<TextLine ID="line_26" HPOS="279" VPOS="1207" WIDTH="755" HEIGHT="27">
							<String ID="string_188" HPOS="279" VPOS="1208" WIDTH="11" HEIGHT="25" WC="0.94" CONTENT="8"/><SP WIDTH="16" VPOS="1208" HPOS="290"/>
							<String ID="string_189" HPOS="306" VPOS="1209" WIDTH="13" HEIGHT="19" WC="0.96" CONTENT="4"/><SP WIDTH="15" VPOS="1209" HPOS="319"/>
							<String ID="string_190" HPOS="334" VPOS="1207" WIDTH="123" HEIGHT="27" WC="0.95" CONTENT="godkändes"/><SP WIDTH="15" VPOS="1207" HPOS="457"/>
							<String ID="string_191" HPOS="472" VPOS="1207" WIDTH="65" HEIGHT="27" WC="0.96" CONTENT="enligt"/><SP WIDTH="12" VPOS="1207" HPOS="537"/>
							<String ID="string_192" HPOS="549" VPOS="1214" WIDTH="75" HEIGHT="15" WC="0.96" CONTENT="senare"/><SP WIDTH="18" VPOS="1214" HPOS="624"/>
							<String ID="string_193" HPOS="642" VPOS="1208" WIDTH="137" HEIGHT="21" WC="0.95" CONTENT="alternativet"/><SP WIDTH="20" VPOS="1208" HPOS="779"/>
							<String ID="string_194" HPOS="799" VPOS="1208" WIDTH="3" HEIGHT="20" WC="0.95" CONTENT="i"/><SP WIDTH="15" VPOS="1208" HPOS="802"/>
							<String ID="string_195" HPOS="817" VPOS="1210" WIDTH="152" HEIGHT="19" WC="0.93" CONTENT="sammansatta"/><SP WIDTH="16" VPOS="1210" HPOS="969"/>
							<String ID="string_196" HPOS="985" VPOS="1209" WIDTH="49" HEIGHT="20" WC="0.92" CONTENT="eko-"/>
						</TextLine>
						<TextLine ID="line_27" HPOS="208" VPOS="1236" WIDTH="688" HEIGHT="27">
							<String ID="string_197" HPOS="208" VPOS="1236" WIDTH="67" HEIGHT="21" WC="0.92" CONTENT="nomi-"/><SP WIDTH="16" VPOS="1236" HPOS="275"/>
							<String ID="string_198" HPOS="291" VPOS="1239" WIDTH="56" HEIGHT="18" WC="0.91" CONTENT="samt"/><SP WIDTH="17" VPOS="1239" HPOS="347"/>
							<String ID="string_199" HPOS="364" VPOS="1238" WIDTH="63" HEIGHT="19" WC="0.91" CONTENT="stats-"/><SP WIDTH="16" VPOS="1238" HPOS="427"/>
							<String ID="string_200" HPOS="443" VPOS="1236" WIDTH="39" HEIGHT="21" WC="0.93" CONTENT="och"/><SP WIDTH="15" VPOS="1236" HPOS="482"/>
							<String ID="string_201" HPOS="497" VPOS="1236" WIDTH="243" HEIGHT="27" WC="0.92" CONTENT="bevillningsutskottets"/><SP WIDTH="16" VPOS="1236" HPOS="740"/>
							<String ID="string_202" HPOS="756" VPOS="1236" WIDTH="140" HEIGHT="21" WC="0.96" CONTENT="betänkande."/>
						</TextLine>
					</TextBlock>
				</ComposedBlock>
				<ComposedBlock ID="cblock_11" HPOS="207" VPOS="1298" WIDTH="829" HEIGHT="254">
					<TextBlock ID="block_11" HPOS="207" VPOS="1298" WIDTH="829" HEIGHT="254">
						<TextLine ID="line_28" HPOS="278" VPOS="1298" WIDTH="756" HEIGHT="27">
							<String ID="string_203" HPOS="278" VPOS="1298" WIDTH="36" HEIGHT="20" WC="0.83" CONTENT="11"/><SP WIDTH="17" VPOS="1298" HPOS="314"/>
							<String ID="string_204" HPOS="331" VPOS="1304" WIDTH="64" HEIGHT="15" WC="0.96" CONTENT="mom."/><SP WIDTH="17" VPOS="1304" HPOS="395"/>
							<String ID="string_205" HPOS="412" VPOS="1299" WIDTH="11" HEIGHT="20" WC="0.93" CONTENT="5"/><SP WIDTH="21" VPOS="1299" HPOS="423"/>
							<String ID="string_206" HPOS="444" VPOS="1299" WIDTH="10" HEIGHT="25" WC="0.71" CONTENT="$"/><SP WIDTH="16" VPOS="1299" HPOS="454"/>
							<String ID="string_207" HPOS="470" VPOS="1298" WIDTH="66" HEIGHT="27" WC="0.95" CONTENT="ansåg"/><SP WIDTH="22" VPOS="1298" HPOS="536"/>
							<String ID="string_208" HPOS="558" VPOS="1298" WIDTH="157" HEIGHT="21" WC="0.95" CONTENT="bondeståndet"/><SP WIDTH="23" VPOS="1298" HPOS="715"/>
							<String ID="string_209" HPOS="738" VPOS="1299" WIDTH="61" HEIGHT="20" WC="0.93" CONTENT="ordet"/><SP WIDTH="23" VPOS="1299" HPOS="799"/>
							<String ID="string_210" HPOS="822" VPOS="1298" WIDTH="95" HEIGHT="27" WC="0.86" CONTENT=",härad*,"/><SP WIDTH="16" VPOS="1298" HPOS="917"/>
							<String ID="string_211" HPOS="933" VPOS="1299" WIDTH="101" HEIGHT="21" WC="0.92" CONTENT="hvarmed"/>
						</TextLine>
						<TextLine ID="line_29" HPOS="207" VPOS="1325" WIDTH="828" HEIGHT="28">
							<String ID="string_212" HPOS="207" VPOS="1326" WIDTH="7" HEIGHT="20" WC="0.96" CONTENT="i"/><SP WIDTH="16" VPOS="1326" HPOS="214"/>
							<String ID="string_213" HPOS="230" VPOS="1325" WIDTH="41" HEIGHT="21" WC="0.92" CONTENT="den"/><SP WIDTH="23" VPOS="1325" HPOS="271"/>
							<String ID="string_214" HPOS="294" VPOS="1326" WIDTH="77" HEIGHT="26" WC="0.92" CONTENT="nädiga"/><SP WIDTH="22" VPOS="1326" HPOS="371"/>
							<String ID="string_215" HPOS="393" VPOS="1327" WIDTH="158" HEIGHT="26" WC="0.93" CONTENT="propositionen"/><SP WIDTH="22" VPOS="1327" HPOS="551"/>
							<String ID="string_216" HPOS="573" VPOS="1329" WIDTH="73" HEIGHT="24" WC="0.92" CONTENT="syntes"/><SP WIDTH="22" VPOS="1329" HPOS="646"/>
							<String ID="string_217" HPOS="668" VPOS="1327" WIDTH="6" HEIGHT="20" WC="0.93" CONTENT="i"/><SP WIDTH="17" VPOS="1327" HPOS="674"/>
							<String ID="string_218" HPOS="691" VPOS="1327" WIDTH="221" HEIGHT="21" WC="0.91" CONTENT="öfverensstämmelse"/><SP WIDTH="22" VPOS="1327" HPOS="912"/>
							<String ID="string_219" HPOS="934" VPOS="1327" WIDTH="47" HEIGHT="20" WC="0.96" CONTENT="med"/><SP WIDTH="25" VPOS="1327" HPOS="981"/>
							<String ID="string_220" HPOS="1006" VPOS="1333" WIDTH="29" HEIGHT="15" WC="0.96" CONTENT="nu"/>
						</TextLine>
						<TextLine ID="line_30" HPOS="207" VPOS="1354" WIDTH="827" HEIGHT="27">
							<String ID="string_221" HPOS="207" VPOS="1354" WIDTH="99" HEIGHT="26" WC="0.96" CONTENT="gällande"/><SP WIDTH="16" VPOS="1354" HPOS="306"/>
							<String ID="string_222" HPOS="322" VPOS="1355" WIDTH="132" HEIGHT="26" WC="0.93" CONTENT="lagstiftning"/><SP WIDTH="15" VPOS="1355" HPOS="454"/>
							<String ID="string_223" HPOS="469" VPOS="1355" WIDTH="78" HEIGHT="20" WC="0.93" CONTENT="förstäs"/><SP WIDTH="17" VPOS="1355" HPOS="547"/>
							<String ID="string_224" HPOS="564" VPOS="1355" WIDTH="97" HEIGHT="26" WC="0.93" CONTENT="tingslag,"/><SP WIDTH="18" VPOS="1355" HPOS="661"/>
							<String ID="string_225" HPOS="679" VPOS="1355" WIDTH="26" HEIGHT="21" WC="0.93" CONTENT="dä"/><SP WIDTH="17" VPOS="1355" HPOS="705"/>
							<String ID="string_226" HPOS="722" VPOS="1355" WIDTH="107" HEIGHT="21" WC="0.92" CONTENT="utskottet"/><SP WIDTH="15" VPOS="1355" HPOS="829"/>
							<String ID="string_227" HPOS="844" VPOS="1355" WIDTH="7" HEIGHT="21" WC="0.96" CONTENT="i"/><SP WIDTH="15" VPOS="1355" HPOS="851"/>
							<String ID="string_228" HPOS="866" VPOS="1355" WIDTH="40" HEIGHT="21" WC="0.93" CONTENT="den"/><SP WIDTH="15" VPOS="1355" HPOS="906"/>
							<String ID="string_229" HPOS="921" VPOS="1355" WIDTH="113" HEIGHT="21" WC="0.92" CONTENT="förordade"/>
						</TextLine>
						<TextLine ID="line_31" HPOS="208" VPOS="1383" WIDTH="827" HEIGHT="27">
							<String ID="string_230" HPOS="208" VPOS="1383" WIDTH="129" HEIGHT="20" WC="0.96" CONTENT="förändrade"/><SP WIDTH="16" VPOS="1383" HPOS="337"/>
							<String ID="string_231" HPOS="353" VPOS="1383" WIDTH="139" HEIGHT="21" WC="0.96" CONTENT="redaktionen"/><SP WIDTH="15" VPOS="1383" HPOS="492"/>
							<String ID="string_232" HPOS="507" VPOS="1384" WIDTH="23" HEIGHT="19" WC="0.96" CONTENT="af"/><SP WIDTH="14" VPOS="1384" HPOS="530"/>
							<String ID="string_233" HPOS="544" VPOS="1383" WIDTH="69" HEIGHT="21" WC="0.93" CONTENT="denna"/><SP WIDTH="16" VPOS="1383" HPOS="613"/>
							<String ID="string_234" HPOS="629" VPOS="1384" WIDTH="11" HEIGHT="25" WC="0.88" CONTENT="8"/><SP WIDTH="16" VPOS="1384" HPOS="640"/>
							<String ID="string_235" HPOS="656" VPOS="1384" WIDTH="82" HEIGHT="26" WC="0.96" CONTENT="tycktes"/><SP WIDTH="16" VPOS="1384" HPOS="738"/>
							<String ID="string_236" HPOS="754" VPOS="1385" WIDTH="7" HEIGHT="20" WC="0.96" CONTENT="i"/><SP WIDTH="16" VPOS="1385" HPOS="761"/>
							<String ID="string_237" HPOS="777" VPOS="1383" WIDTH="93" HEIGHT="27" WC="0.96" CONTENT="enlighet"/><SP WIDTH="16" VPOS="1383" HPOS="870"/>
							<String ID="string_238" HPOS="886" VPOS="1383" WIDTH="48" HEIGHT="21" WC="0.96" CONTENT="med"/><SP WIDTH="11" VPOS="1383" HPOS="934"/>
							<String ID="string_239" HPOS="945" VPOS="1384" WIDTH="36" HEIGHT="20" WC="0.93" CONTENT="det"/><SP WIDTH="15" VPOS="1384" HPOS="981"/>
							<String ID="string_240" HPOS="996" VPOS="1384" WIDTH="39" HEIGHT="20" WC="0.93" CONTENT="all-"/>
						</TextLine>
						<TextLine ID="line_32" HPOS="208" VPOS="1411" WIDTH="826" HEIGHT="27">
							<String ID="string_241" HPOS="208" VPOS="1412" WIDTH="79" HEIGHT="19" WC="0.92" CONTENT="männa"/><SP WIDTH="15" VPOS="1412" HPOS="287"/>
							<String ID="string_242" HPOS="302" VPOS="1411" WIDTH="144" HEIGHT="26" WC="0.92" CONTENT="spräkbruket"/><SP WIDTH="15" VPOS="1411" HPOS="446"/>
							<String ID="string_243" HPOS="461" VPOS="1412" WIDTH="86" HEIGHT="21" WC="0.92" CONTENT="dermed"/><SP WIDTH="16" VPOS="1412" HPOS="547"/>
							<String ID="string_244" HPOS="563" VPOS="1411" WIDTH="64" HEIGHT="22" WC="0.92" CONTENT="hafva"/><SP WIDTH="18" VPOS="1411" HPOS="627"/>
							<String ID="string_245" HPOS="645" VPOS="1414" WIDTH="71" HEIGHT="19" WC="0.92" CONTENT="menat"/><SP WIDTH="21" VPOS="1414" HPOS="716"/>
							<String ID="string_246" HPOS="737" VPOS="1412" WIDTH="143" HEIGHT="26" WC="0.91" CONTENT="kronofogdes"/><SP WIDTH="22" VPOS="1412" HPOS="880"/>
							<String ID="string_247" HPOS="902" VPOS="1412" WIDTH="132" HEIGHT="21" WC="0.92" CONTENT="administra-"/>
						</TextLine>
						<TextLine ID="line_33" HPOS="208" VPOS="1439" WIDTH="828" HEIGHT="27">
							<String ID="string_248" HPOS="208" VPOS="1439" WIDTH="57" HEIGHT="20" WC="0.92" CONTENT="tions"/><SP WIDTH="22" VPOS="1439" HPOS="265"/>
							<String ID="string_249" HPOS="287" VPOS="1439" WIDTH="86" HEIGHT="21" WC="0.93" CONTENT="omräde"/><SP WIDTH="16" VPOS="1439" HPOS="373"/>
							<String ID="string_250" HPOS="389" VPOS="1440" WIDTH="52" HEIGHT="20" WC="0.95" CONTENT="eller"/><SP WIDTH="15" VPOS="1440" HPOS="441"/>
							<String ID="string_251" HPOS="456" VPOS="1440" WIDTH="36" HEIGHT="20" WC="0.93" CONTENT="det"/><SP WIDTH="16" VPOS="1440" HPOS="492"/>
							<String ID="string_252" HPOS="508" VPOS="1440" WIDTH="109" HEIGHT="20" WC="0.92" CONTENT="säkallade"/><SP WIDTH="17" VPOS="1440" HPOS="617"/>
							<String ID="string_253" HPOS="634" VPOS="1440" WIDTH="110" HEIGHT="26" WC="0.92" CONTENT="fögderiet,"/><SP WIDTH="18" VPOS="1440" HPOS="744"/>
							<String ID="string_254" HPOS="762" VPOS="1441" WIDTH="66" HEIGHT="20" WC="0.93" CONTENT="borde"/><SP WIDTH="15" VPOS="1441" HPOS="828"/>
							<String ID="string_255" HPOS="843" VPOS="1440" WIDTH="87" HEIGHT="26" WC="0.92" CONTENT="utbytas"/><SP WIDTH="15" VPOS="1440" HPOS="930"/>
							<String ID="string_256" HPOS="945" VPOS="1442" WIDTH="45" HEIGHT="18" WC="0.96" CONTENT="mot"/><SP WIDTH="15" VPOS="1442" HPOS="990"/>
							<String ID="string_257" HPOS="1005" VPOS="1441" WIDTH="31" HEIGHT="19" WC="0.97" CONTENT="ett"/>
						</TextLine>
						<TextLine ID="line_34" HPOS="207" VPOS="1468" WIDTH="828" HEIGHT="26">
							<String ID="string_258" HPOS="207" VPOS="1469" WIDTH="67" HEIGHT="19" WC="0.92" CONTENT="annat"/><SP WIDTH="23" VPOS="1469" HPOS="274"/>
							<String ID="string_259" HPOS="297" VPOS="1468" WIDTH="134" HEIGHT="20" WC="0.90" CONTENT="bestämdare"/><SP WIDTH="23" VPOS="1468" HPOS="431"/>
							<String ID="string_260" HPOS="454" VPOS="1468" WIDTH="92" HEIGHT="26" WC="0.90" CONTENT="uttryck,"/><SP WIDTH="24" VPOS="1468" HPOS="546"/>
							<String ID="string_261" HPOS="570" VPOS="1470" WIDTH="56" HEIGHT="19" WC="0.96" CONTENT="samt"/><SP WIDTH="22" VPOS="1470" HPOS="626"/>
							<String ID="string_262" HPOS="648" VPOS="1468" WIDTH="49" HEIGHT="20" WC="0.93" CONTENT="ville"/><SP WIDTH="15" VPOS="1468" HPOS="697"/>
							<String ID="string_263" HPOS="712" VPOS="1469" WIDTH="56" HEIGHT="25" WC="0.93" CONTENT="förty"/><SP WIDTH="18" VPOS="1469" HPOS="768"/>
							<String ID="string_264" HPOS="786" VPOS="1468" WIDTH="7" HEIGHT="20" WC="0.93" CONTENT="i"/><SP WIDTH="16" VPOS="1468" HPOS="793"/>
							<String ID="string_265" HPOS="809" VPOS="1468" WIDTH="72" HEIGHT="21" WC="0.93" CONTENT="stället"/><SP WIDTH="15" VPOS="1468" HPOS="881"/>
							<String ID="string_266" HPOS="896" VPOS="1468" WIDTH="33" HEIGHT="21" WC="0.93" CONTENT="för"/><SP WIDTH="16" VPOS="1468" HPOS="929"/>
							<String ID="string_267" HPOS="945" VPOS="1468" WIDTH="90" HEIGHT="20" WC="0.91" CONTENT="nämnde"/>
						</TextLine>
						<TextLine ID="line_35" HPOS="208" VPOS="1496" WIDTH="827" HEIGHT="27">
							<String ID="string_268" HPOS="208" VPOS="1496" WIDTH="39" HEIGHT="20" WC="0.94" CONTENT="ord"/><SP WIDTH="23" VPOS="1496" HPOS="247"/>
							<String ID="string_269" HPOS="270" VPOS="1496" WIDTH="69" HEIGHT="21" WC="0.93" CONTENT="införa"/><SP WIDTH="22" VPOS="1496" HPOS="339"/>
							<String ID="string_270" HPOS="361" VPOS="1496" WIDTH="62" HEIGHT="21" WC="0.96" CONTENT="ordet"/><SP WIDTH="22" VPOS="1496" HPOS="423"/>
							<String ID="string_271" HPOS="445" VPOS="1496" WIDTH="129" HEIGHT="26" WC="0.90" CONTENT="domsagan;"/><SP WIDTH="22" VPOS="1496" HPOS="574"/>
							<String ID="string_272" HPOS="596" VPOS="1496" WIDTH="111" HEIGHT="21" WC="0.96" CONTENT="hvaremot"/><SP WIDTH="22" VPOS="1496" HPOS="707"/>
							<String ID="string_273" HPOS="729" VPOS="1496" WIDTH="164" HEIGHT="27" WC="0.95" CONTENT="ifrågavarande"/><SP WIDTH="23" VPOS="1496" HPOS="893"/>
							<String ID="string_274" HPOS="916" VPOS="1497" WIDTH="12" HEIGHT="26" WC="0.65" CONTENT="8&amp;"/><SP WIDTH="21" VPOS="1497" HPOS="928"/>
							<String ID="string_275" HPOS="949" VPOS="1496" WIDTH="7" HEIGHT="21" WC="0.93" CONTENT="i"/><SP WIDTH="16" VPOS="1496" HPOS="956"/>
							<String ID="string_276" HPOS="972" VPOS="1496" WIDTH="63" HEIGHT="27" WC="0.96" CONTENT="öfrigt"/>
						</TextLine>
						<TextLine ID="line_36" HPOS="208" VPOS="1524" WIDTH="613" HEIGHT="28">
							<String ID="string_277" HPOS="208" VPOS="1524" WIDTH="66" HEIGHT="20" WC="0.96" CONTENT="borde"/><SP WIDTH="16" VPOS="1524" HPOS="274"/>
							<String ID="string_278" HPOS="290" VPOS="1524" WIDTH="81" HEIGHT="21" WC="0.95" CONTENT="erhålla"/><SP WIDTH="16" VPOS="1524" HPOS="371"/>
							<String ID="string_279" HPOS="387" VPOS="1524" WIDTH="40" HEIGHT="21" WC="0.96" CONTENT="den"/><SP WIDTH="14" VPOS="1524" HPOS="427"/>
							<String ID="string_280" HPOS="441" VPOS="1525" WIDTH="23" HEIGHT="21" WC="0.96" CONTENT="af"/><SP WIDTH="13" VPOS="1525" HPOS="464"/>
							<String ID="string_281" HPOS="477" VPOS="1524" WIDTH="105" HEIGHT="22" WC="0.96" CONTENT="utskottet"/><SP WIDTH="14" VPOS="1524" HPOS="582"/>
							<String ID="string_282" HPOS="596" VPOS="1525" WIDTH="122" HEIGHT="27" WC="0.96" CONTENT="föreslagna"/><SP WIDTH="16" VPOS="1525" HPOS="718"/>
							<String ID="string_283" HPOS="734" VPOS="1525" WIDTH="87" HEIGHT="27" WC="0.96" CONTENT="lydelse."/>
						</TextLine>
					</TextBlock>
				</ComposedBlock>
			</PrintSpace>
		</Page>
	</Layout>
</alto>
