1103 1803
234 132 55 20 1246
440 136 166 18 Presteständet.
632 137 54 17 1867.
712 138 23 16 31
748 137 48 21 Maj.

204 224 54 20 böra
281 224 92 20 existera
395 224 7 20 i
425 223 26 21 de
474 222 59 22 delar
552 223 24 21 af
588 222 79 24 landet,
683 222 39 21 der
738 222 90 22 svenska
843 223 86 27 spräket
945 222 87 22 allmänt

204 252 63 26 talas,
284 252 40 21 och
340 254 47 19 rent
402 251 69 21 finska
486 251 99 21 läroverk
600 251 7 21 i
623 252 25 20 de
663 251 90 25 trakter,
770 251 38 21 der
823 251 68 21 finska
907 250 86 28 språket
1008 253 24 19 är

205 280 36 22 det
263 280 115 21 allmänna.
408 280 49 21 Men
480 280 70 20 denna
565 279 86 21 fordran
666 280 62 20 torde
744 280 117 26 ingalunda
875 286 52 15 vara
941 279 90 22 berätti-

204 308 49 27 gad,
269 308 28 22 då
312 315 49 15 man
377 308 57 22 afser
448 308 84 21 landets
548 308 62 21 bästa
624 308 6 21 i
646 308 49 21 dess
710 308 80 21 helhet.
812 308 57 21 Rent
883 308 90 22 svenska
983 308 49 21 sko-

205 337 32 21 lor
253 337 73 21 kunna
340 343 89 15 numera
444 337 19 26 ej
479 336 85 22 komma
580 337 6 20 i
601 336 66 27 fräga,
685 336 27 21 dä
728 337 26 20 de
769 336 61 22 fleste
846 337 118 21 skolelever
979 342 52 20 upp-

205 365 80 22 fostras
300 365 33 21 till
348 365 134 27 tjenstemän,
498 367 56 19 samt
568 365 62 21 desse
644 365 164 26 allmänneligen
824 365 81 26 äligger
919 367 32 19 att
966 364 32 21 till
1009 364 24 21 är

206 395 56 20 1883
278 393 63 22 hafva
357 394 42 21 lärt
414 393 31 27 sig
460 393 69 22 finska
544 393 94 27 spräket.
660 393 55 22 Lika
730 393 48 21 litet
790 396 107 19 motsvara
908 395 46 20 rent
965 393 68 22 finska

205 422 74 21 skolor
300 422 37 21 det
359 422 133 21 närvarande
508 421 106 25 behofvet,
630 422 89 21 emedan
736 422 36 21 det
787 423 90 20 svenska
892 422 91 27 språket,
1000 422 33 21 sä-

207 457 46 14 som
268 451 95 20 varande
376 451 43 20 alla
431 451 66 26 högre
510 450 96 21 bildades
619 452 55 19 samt
686 450 62 21 äfven
760 451 116 26 allmogens
886 451 7 20 i
903 450 130 21 vidsträckta

205 479 84 21 trakter
310 479 23 20 af
354 479 74 21 landet
451 479 134 26 modersmäl,
601 481 24 18 är
641 479 170 26 oundgängligen
828 479 128 26 nödvändigt
971 479 62 21 äfven

206 507 92 26 derföre,
321 509 32 20 att
375 507 149 22 kännedomen
542 507 61 22 deraf
614 509 24 19 är
653 509 30 19 ett
699 507 131 27 väsendtligt
845 507 68 22 vilkor
928 507 58 21 såväl
1000 507 33 21 för

206 543 26 14 en
253 536 66 26 riktig
339 536 137 27 uppfattning
497 536 23 21 af
540 535 84 22 landets
646 536 95 25 historie,
765 536 162 21 samhällsskick
943 536 38 21 och
997 536 36 21 det

205 567 102 24 yppersta
323 564 22 21 af
360 565 47 20 dess
423 565 114 25 litteratur,
554 571 44 14 som
614 564 33 21 för
662 564 138 26 möjligheten
813 567 32 18 att
856 565 6 20 i
875 565 89 20 svenska
975 564 57 20 trak-

206 596 33 18 ter
262 593 23 21 af
306 593 72 21 landet
400 592 72 21 kunna
494 599 69 20 gagna
581 592 69 22 säsom
666 592 135 27 tjenstemän,
818 592 111 22 hvarutom
945 592 88 21 rättvisa

206 621 40 21 och
261 621 98 27 billighet
375 627 61 21 synes
452 621 44 21 tala
510 620 34 22 för
559 621 187 26 nödvändigheten
762 624 33 18 att
810 621 62 21 äfven
887 622 6 20 i
910 621 63 26 öfrigt
988 621 45 21 afse

206 650 26 21 de
247 650 94 26 anspräk
356 650 28 26 pä
399 650 68 26 skydd
482 649 34 21 för
531 650 89 20 svenska
636 650 94 26 spräket,
746 656 47 15 som
804 650 41 20 den
855 650 46 21 icke
913 650 120 26 obetydliga

206 678 92 21 svenska
319 678 86 21 talande
428 678 61 21 delen
505 678 23 21 af
542 678 36 21 det
592 684 158 21 gemensamma
765 678 180 22 fäderneslandets
960 678 73 27 inbyg-

206 712 51 21 gare
273 706 68 21 mäste
357 706 146 21 tillerkännas.

276 763 34 21 Dä
333 763 225 27 spräkförhällandena
576 763 7 20 i
598 763 73 21 landet
685 763 91 21 faktiskt
792 765 37 19 äro
845 763 89 21 sälunda
949 763 82 21 beskaf-

204 792 56 25 fade,
277 798 62 15 anser
354 791 159 27 prestaständet
528 791 41 21 den
584 791 68 21 finska
667 791 155 27 spräkfrägans
837 792 83 26 lösning
934 797 51 15 vara
995 797 35 20 ge-

206 827 49 14 nom
271 820 26 21 de
313 820 22 21 af
350 820 67 21 Eders
433 820 119 27 Kejserliga
567 820 100 27 Majestät
683 820 66 21 redan
765 820 102 27 vidtagna
883 820 126 26 ätgärderna
1024 821 7 20 i

205 849 43 21 alla
263 849 114 21 afseenden
393 848 125 21 välbetänkt
534 849 110 20 anordnad
660 849 39 20 och
715 849 122 20 förberedd.
860 849 41 20 Det
917 850 24 19 är
956 848 75 21 endast

205 878 7 20 i
234 884 26 14 en
279 877 75 26 punkt,
370 883 45 15 som
431 877 85 21 ständet
531 877 65 26 vägar
612 883 50 15 anse
678 883 25 15 en
720 879 97 19 närmare
833 877 132 26 bestämning
980 877 51 20 eller

204 906 120 26 förklaring
340 906 70 26 nödig,
426 905 105 28 nemligen
546 906 7 21 i
569 905 98 21 ändamål
683 907 33 19 att
730 905 116 27 förebygga
862 906 40 21 den
918 905 113 27 svårighet,

205 941 46 14 som
274 934 131 21 fortfarande
428 936 70 19 möter
514 934 25 21 de
554 934 69 21 första
638 937 74 23 stegen
727 934 39 21 hos
782 935 26 20 de
824 934 209 27 bildningssökande,

205 963 84 21 hvilkas
305 963 127 21 modersmål
448 964 24 19 är
487 963 68 21 finska
570 963 95 26 språket.

275 1020 11 21 I
309 1019 78 22 sådant
409 1019 99 22 afseende
532 1019 96 22 anhåller
650 1019 160 26 prestaståndet
832 1019 151 26 underdånigst
1001 1021 33 20 att

209 1048 70 21 Eders
301 1048 120 27 Kejserliga
436 1048 101 26 Majestät
552 1048 82 20 täcktes
650 1048 6 20 i
672 1048 67 20 nåder
754 1048 108 25 förordna,
878 1050 31 18 att
925 1048 6 20 i
947 1049 25 19 de
987 1051 48 17 rent

210 1076 70 21 finska
295 1076 88 21 delarna
398 1076 23 21 af
433 1076 79 26 landet,
528 1076 24 21 så
567 1078 59 19 snart
641 1076 163 21 förhållandena
815 1076 99 27 möjligen
925 1076 110 26 medgifva,

207 1105 84 21 finskan
314 1105 68 20 måtte
401 1105 97 21 öfverallt
514 1104 65 21 blifva
595 1104 227 27 undervisningsspråk
838 1105 6 20 i
860 1105 42 20 alla
917 1106 75 19 ämnen
1007 1105 28 26 på

206 1133 87 21 skolans
316 1133 59 26 lägre
399 1133 85 26 stadier,
508 1135 55 19 samt
578 1133 104 21 svenskan
699 1133 115 21 successivt
830 1135 103 25 upptagas
949 1133 32 20 till
995 1139 38 15 un-

206 1161 199 27 dervisningsspråk
426 1162 7 21 i
456 1161 66 27 några
542 1161 32 22 till
590 1161 65 27 högre
671 1162 108 21 stadierna
794 1162 95 21 hörande
904 1162 128 26 läroämnen,

205 1191 109 20 äfvensom
336 1192 32 19 att
390 1191 7 20 i
421 1190 25 21 de
462 1193 47 18 rent
525 1190 89 21 svenska
630 1190 111 21 trakterna
757 1191 23 20 af
793 1190 73 21 landet
881 1190 104 21 svenskan
1001 1191 32 20 bi-

206 1219 95 21 behålles
323 1219 7 20 i
353 1219 99 21 skolorna
474 1219 68 21 såsom
566 1219 36 20 det
624 1218 68 21 första
712 1219 257 26 undervisningsspråket,
985 1225 48 15 men

205 1247 83 22 finskan
311 1247 112 22 efterhand
445 1247 27 26 på
496 1248 25 20 de
540 1247 66 26 högre
622 1247 108 21 stadierna
744 1247 80 21 införes
840 1248 69 20 såsom
925 1247 108 22 undervis-

205 1275 128 28 ningsspråk
353 1276 6 20 i
376 1282 25 15 en
417 1276 35 21 del
468 1278 80 19 ämnen.
581 1276 75 20 Denna
671 1276 120 21 successiva
807 1276 130 26 ombildning
953 1275 22 21 af
989 1276 44 21 lan-

206 1304 47 21 dets
277 1305 214 20 elementarläroverk
513 1305 7 20 i
542 1304 100 21 afseende
662 1304 12 21 å
689 1304 252 27 undervisningsspråket
957 1305 76 20 strider

206 1333 19 26 ej
249 1333 67 21 heller
338 1333 7 20 i
365 1333 70 26 någon
450 1333 67 21 måtto
533 1335 57 19 emot
606 1333 40 20 den
661 1333 61 26 åsigt,
740 1339 46 14 som
801 1333 7 20 i
824 1333 25 21 de
865 1333 22 21 af
901 1333 83 26 trycket
999 1336 35 18 ut-

205 1361 80 21 komna
307 1361 40 21 och
370 1349 114 34 ständerna
507 1361 34 21 vid
557 1350 148 33 innevarande
716 1350 104 38 landtdag
836 1361 92 27 delgifna
943 1361 90 32 ,förslag

206 1390 39 21 och
269 1389 150 22 betänkanden
442 1390 90 21 rörande
556 1390 144 26 organisation
724 1391 22 20 af
768 1374 243 46 elementarläroverken
1027 1390 6 20 i

205 1417 98 25 Finland,
319 1418 7 21 i
341 1418 170 26 underdänighet
526 1418 81 26 afgifna
622 1418 23 21 af
659 1425 25 14 en
700 1418 33 21 för
749 1419 77 20 sådant
842 1418 113 21 ändamål
948 1413 9 36 i
968 1418 65 21 nåder

205 1446 88 22 nedsatt
307 1446 90 23 komité"
412 1446 67 22 finnes
494 1446 90 22 uttalad.

275 1504 101 21 Finlands
391 1503 136 27 prestastånd
542 1504 135 21 framhärdar
692 1504 48 21 med
757 1504 51 26 djup
824 1503 131 26 undersåtlig
971 1503 62 21 vörd-

206 1532 49 27 nad,
271 1532 72 22 trohet
358 1532 40 22 och
414 1532 37 21 nit.
