1103 1803
298 132 165 18 Presteståndet.
489 132 55 17 1867.
569 132 23 16 15
605 132 48 21 Maj.
818 128 41 20 997

65 218 150 22 nasialklasser
236 217 7 21 i
265 217 148 21 Tammerfors.
444 217 49 21 Men
516 216 40 22 här
578 223 50 15 vore
651 217 18 27 ej
693 216 59 28 fråga
770 224 34 16 om
820 217 69 27 behof,

65 249 52 19 utan
140 253 33 15 om
189 245 74 26 medel,
280 245 38 21 och
334 246 27 20 då
375 245 85 21 ståndet
482 252 25 14 en
522 246 56 26 gång
592 247 48 25 sagt
655 247 32 19 att
702 246 68 21 medel
786 247 17 26 ej
820 246 71 22 kunde

66 275 87 27 beviljas
174 274 33 21 för
228 274 106 25 skolorna,
351 274 23 20 så
389 280 50 14 vore
455 274 35 20 det
508 273 61 21 äfven
588 274 91 26 orimligt
695 276 32 19 att
742 275 127 26 petitionera
884 275 7 21 i

67 310 28 14 nu
110 303 113 26 föreslaget
238 302 59 27 syfte.

137 371 89 20 Prosten
242 369 122 22 Hackzell
379 369 84 28 yttrade
474 371 38 24 att,
524 376 34 15 om
574 369 42 22 han
627 369 54 27 finge
697 370 49 27 följa
762 370 36 22 sitt
813 371 79 27 hjertas

69 399 86 26 önskan,
175 399 24 20 så
215 398 66 21 skulle
297 398 41 21 han
353 405 57 14 unna
427 398 198 27 gymnasialklasser
640 399 23 20 åt
678 399 40 20 alla
734 399 78 22 skolor.
842 399 50 21 Men

69 433 48 15 man
140 427 67 21 borde
228 433 28 14 nu
271 427 60 20 äfven
348 429 51 24 göra
415 426 97 22 afseende
528 427 27 26 på
571 427 88 26 medlen,
676 427 38 21 och
731 427 27 22 då
773 429 35 20 två
830 428 63 21 stånd

69 455 88 22 alldeles
172 455 84 26 afslagit
270 455 61 21 äfven
345 455 111 27 tillökning
471 456 7 20 i
494 455 26 21 de
533 455 57 26 lägre
606 455 94 21 lärarnes
710 455 66 26 löner,
792 457 23 21 så
826 457 67 20 måste

70 484 81 21 talaren
174 485 101 20 motsätta
297 483 31 27 sig
349 483 122 27 petitionen.
502 483 90 21 Prosten
608 483 58 26 Hjelt
681 484 54 21 hade
756 485 69 21 såsom
848 485 45 20 skäl

71 512 69 21 anfört
152 511 183 26 nödvändigheten
346 514 32 19 att
392 512 79 21 inrätta
482 518 25 15 en
522 511 54 22 finsk
592 511 107 27 afdelning
714 512 34 21 vid
763 513 130 26 gymnasium

70 541 7 20 i
92 535 53 30 Åbo,
161 540 44 21 ifall
220 540 18 26 ej
255 539 140 22 Tammerfors
411 541 59 20 skola
480 539 56 27 finge
546 540 214 27 gymnasialklasser
755 531 11 41 i
775 541 120 27 Jyväskylä,

72 569 36 20 det
123 569 98 20 eleverna
235 567 45 21 från
303 568 141 21 Tammerfors
459 569 60 20 skola
535 568 71 21 kunde
621 569 82 25 begifva
718 569 36 25 sig.
786 569 37 21 Ett
838 575 57 21 gym-

72 598 80 19 nasium
169 597 6 20 i
191 596 81 26 tycktes
293 596 107 21 dessutom
416 603 50 15 vara
481 596 43 21 lika
540 596 129 26 nödvändigt
684 597 5 20 i
705 597 130 21 Tavastehus
850 604 46 14 som

72 625 6 20 i
94 625 148 25 Tammerfors,
259 625 86 21 emedan
361 625 74 21 skolan
450 625 6 20 i
474 625 39 21 den
529 624 57 22 förra
603 625 74 21 staden
693 625 54 21 hade
763 626 43 21 lika
821 626 76 26 mänga

73 653 69 21 elever
165 659 44 15 som
225 653 74 21 skolan
318 653 6 20 i
340 653 40 21 den
395 659 80 15 senare.
507 653 32 21 En
562 652 98 28 flyttning
682 654 84 21 komme
782 654 60 21 äfven
866 656 31 19 att

73 682 62 20 kosta
149 681 80 27 ganska
240 682 88 26 mycket,
345 682 87 20 emedan
446 682 36 20 det
492 681 68 21 skulle
573 681 99 22 behöfvas
687 688 26 14 en
724 688 26 21 ny
760 682 137 27 uppsättning

74 710 21 19 af
104 710 105 23 lärare,dä
219 709 110 22 lärarene
325 705 9 36 i
339 710 129 21 Tavastehus
477 716 50 15 vore
536 716 54 15 vana
597 713 33 18 att
642 710 111 21 undervisa
764 712 28 25 pä
802 710 95 21 svenska.

74 737 148 26 Tammerfors,
244 743 45 16 som
305 738 54 21 hade
374 739 23 20 sä
413 739 75 25 många
504 738 120 26 privilegier
639 739 86 20 framför
740 739 67 21 andra
819 738 78 25 städer,

76 766 71 21 kunde
160 766 24 27 ju
199 765 48 28 sjelf
261 766 78 21 inrätta
355 766 38 21 och
409 766 89 21 bekosta
512 766 205 27 gymnasialklasser.

145 834 89 21 Prosten
250 834 139 26 Grönberg
411 834 54 21 hade
488 836 70 19 ansett
573 834 31 27 sig
625 834 88 27 befogad
729 836 32 19 att
776 834 76 27 ingifva
868 834 31 21 sin

76 863 95 26 petition,
187 862 87 21 emedan
291 863 5 20 i
312 865 31 18 ett
357 862 36 21 fall
409 863 76 21 sådant
500 869 45 15 som
562 863 59 20 detta
631 863 116 26 petitionen
762 862 55 26 finge
827 863 74 21 inlem-

77 897 36 14 nas
137 891 60 20 äfven
220 891 53 20 efter
289 891 39 20 den
344 891 110 21 bestämda
469 891 170 26 petitionstidens
655 892 84 25 utgäng.
770 891 72 21 Under
861 891 40 21 dis-

77 919 113 21 kussionen
206 919 54 21 hade
276 919 95 27 upplysts
387 921 32 19 att
429 919 121 21 ändamälet
564 919 76 22 lättast
654 919 68 22 skulle
738 920 73 20 vinnas
826 925 75 20 genom

77 947 98 27 flyttning
200 947 21 21 af
242 948 130 26 gymnasium
395 948 6 20 i
424 948 130 21 Tavastehus
577 948 31 20 till
634 947 148 22 Tammerfors.
812 947 89 22 Talaren

78 975 76 22 trodde
170 976 52 21 dock
238 978 31 19 att
284 976 103 21 hvardera
402 976 73 21 staden
492 976 90 21 behöfde
600 976 198 27 gymnasialklasser
812 976 39 21 och
867 981 36 16 an-

79 1005 37 25 säg
139 1004 38 21 allt
192 1004 66 26 hjelpt
281 1011 34 14 om
331 1004 129 21 Tavastehus
478 1004 56 26 finge
549 1004 85 21 behälla
649 1005 35 20 tvä
706 1004 197 27 gymnasialklasser

79 1033 40 21 och
135 1033 140 21 Tammerfors
290 1033 59 20 äfven
365 1033 79 21 erhölle
460 1033 41 20 tvä.
532 1032 34 21 De
582 1033 22 20 af
617 1035 85 24 prosten
718 1032 100 21 Hackzell
834 1038 69 15 omor-

80 1062 54 20 dade
156 1061 147 26 privilegierna
326 1067 49 15 vore
398 1067 86 15 numera
508 1061 143 21 Tammerfors
673 1067 58 15 mera
749 1061 31 20 till
796 1061 66 20 skada
877 1062 26 19 än

80 1095 54 20 gagn
151 1089 38 21 och
205 1089 73 20 staden
294 1089 54 21 hade
364 1089 47 26 inga
427 1089 65 20 andra
508 1088 120 27 privilegier
638 1091 25 18 än
675 1089 66 21 andra
754 1089 78 20 städer.
855 1088 48 21 Men

80 1120 32 18 att
127 1117 196 27 gymnasialklasser
346 1117 108 21 derstädes
476 1117 69 21 skulle
567 1117 106 24 behöfvas,
691 1117 71 21 derom
778 1123 49 14 vore
849 1116 56 21 blott

81 1152 25 14 en
122 1146 70 20 tanke.
222 1145 90 21 Talaren
329 1152 37 14 var
381 1145 50 27 nöjd
446 1145 48 21 med
511 1145 39 21 den
567 1147 69 24 utväg,
660 1151 44 15 som
720 1145 77 21 honom
813 1145 91 21 anvisats

81 1173 32 21 för
128 1173 129 26 fullföljande
273 1173 21 21 af
308 1174 37 21 sitt
359 1174 60 27 syfte,
436 1174 38 21 och
490 1173 135 22 reserverade
643 1173 32 27 sig
685 1176 45 19 mot
745 1173 53 24 dem,
814 1179 45 15 som
875 1175 30 18 ta-

81 1202 31 21 lat
127 1208 34 15 om
177 1203 64 25 nägot
256 1202 157 26 privatintresse
429 1202 45 21 frän
490 1202 53 21 hans
558 1202 51 21 sida.

152 1264 88 21 Prosten
261 1264 71 27 Hjelt
353 1265 51 20 sade
419 1265 31 26 sig
466 1265 17 26 ej
504 1264 63 21 hafva
582 1264 91 27 begripit
689 1264 135 26 domprosten
839 1263 68 26 Borgs

83 1293 62 25 tirad,
169 1299 45 14 som
230 1293 41 20 han
291 1293 82 20 derföre
390 1293 66 21 måste
472 1293 70 20 lemna
558 1292 122 21 obesvarad.
711 1291 135 22 Beträffande
860 1297 47 20 pro-

83 1323 47 19 sten
146 1321 111 21 Hackzells
271 1321 99 26 yttrande
385 1324 32 18 att
433 1321 141 21 Tammerfors
589 1321 48 26 sjelf
650 1321 70 20 kunde
736 1320 78 21 inrätta
824 1325 85 21 gymna-

84 1349 127 26 sialklasser,
226 1350 28 20 sä'
265 1349 48 21 ville
331 1349 80 21 talaren
423 1349 87 27 upplysa
522 1349 36 21 det
568 1349 142 21 Tammerfors
720 1349 6 20 i
743 1349 57 20 detta
811 1347 98 22 afseende

84 1379 57 25 gjort
156 1384 43 15 mer
215 1380 27 19 än
258 1378 25 21 de
298 1377 60 22 flesta
373 1378 77 26 stöder,
467 1378 88 21 emedan
572 1378 35 20 det
622 1377 79 21 lemnat
719 1377 56 21 lokal
791 1377 22 20 ät
828 1375 81 26 skolan,

86 1407 27 20 dä
128 1407 66 20 andra
216 1406 71 21 städer
310 1406 121 21 tillochmed
454 1406 125 26 processade
602 1412 34 15 om
653 1405 145 27 hyresmedlen
816 1404 48 21 med
880 1403 29 22 lä-

85 1441 69 14 rarne.
186 1434 140 21 Tammerfors
349 1434 59 21 skola
424 1435 53 20 hade
497 1434 41 21 fätt
553 1440 45 14 mer
613 1434 70 20 elever
698 1436 26 18 än
741 1433 25 21 de
782 1433 65 21 andra
870 1438 41 20 nya

85 1462 107 25 skolorna,
208 1462 38 21 och
263 1462 82 21 derföre
361 1462 81 27 tycktes
458 1462 38 21 der
507 1462 147 21 företrädesvis
669 1461 101 21 behöfvas
787 1459 124 28 gymnasial-

86 1490 87 22 klasser.
203 1491 42 21 Det
267 1497 49 15 vore
339 1490 107 22 dessutom
461 1490 33 22 för
516 1490 50 27 lång
584 1492 39 24 väg
639 1490 31 21 till
685 1484 54 32 Åbo,
756 1489 39 21 och
810 1488 101 21 Tavaste-

822 1555 22 17 64
