1103 1803
313 126 165 18 Presteständet.
504 126 54 17 1867.
583 127 19 16 11
614 126 48 22 Maj.
832 122 42 21 927

145 211 33 27 »S.
193 211 26 21 D.
241 211 120 26 Föredrogs
376 211 233 27 grundlagsutskottets
624 211 136 21 betänkande
776 218 34 15 n:o
822 213 12 21 8
844 212 59 21 inne-

76 228 97 32 fattande
188 239 79 27 förslag
282 239 32 21 till
330 239 210 27 sammanjemkning,
554 240 23 20 af
586 239 101 22 ständens
699 240 123 27 skiljaktiga
833 240 70 22 beslut

77 268 6 20 i
105 268 112 26 anledning
239 268 23 20 af
283 268 58 20 Hans
357 268 119 26 Kejserliga
490 268 113 26 Majestäts
618 268 78 26 nädiga
711 269 139 25 proposition,
866 275 37 15 an-

76 296 82 26 gående
174 296 87 26 behörig
276 296 92 21 domstol
381 296 33 21 för
425 296 134 27 upptagande
570 296 23 21 af
602 296 146 27 hvarjehanda
758 297 42 21 mål
811 297 91 21 rörande

76 324 121 22 frälsemän.

145 381 160 21 Bondeståndet
319 381 50 20 fann
385 380 53 21 härä
452 381 53 26 godt
516 381 102 26 enhälligt
629 381 50 26 gilla
690 381 40 21 och
741 383 79 25 antaga
830 381 72 22 ofvan-

77 409 98 26 berörda,
198 409 23 21 af
240 409 222 26 grundlagsutskottet
484 409 135 21 framställda
644 409 257 27 sammanjemkningsför-

77 438 55 27 slag;
155 438 88 21 hvarom
265 437 197 27 protokollsutdrag
484 438 68 20 skulle
570 437 97 22 utfärdas
682 437 59 22 såväl
756 438 33 21 till
804 438 98 27 samtliga

77 466 144 27 medstånden,
238 472 44 15 som
298 466 33 21 till
346 466 228 27 grundlagsutskottet.
605 466 49 21 Som
671 466 79 21 ofvan".

145 523 22 27 2)
183 523 33 22 för
231 523 40 21 den
289 523 23 21 11
330 522 41 27 Maj
389 523 54 21 1867
460 522 23 21 så
498 523 100 27 lydande:

145 580 32 26 »S.
193 580 26 20 D.
240 579 120 26 Föredrogs
375 578 153 27 lagutskottets
544 579 135 21 betänkande
695 585 34 15 n:o
746 580 12 20 9
770 579 7 21 i
786 579 114 27 anledning

77 608 23 21 af
119 596 59 33 Hans
198 604 117 35 Kejserliga
331 591 111 48 Majestäts
458 608 78 26 nådiga
550 607 133 27 proposition
699 608 109 25 angående
824 614 77 15 ansvar

76 636 33 21 för
131 636 130 27 antändning
283 636 24 20 af
327 635 104 27 egendom
449 636 6 21 i
470 636 64 27 afsigt
550 638 32 19 att
598 636 108 21 åtkomma
722 637 117 26 ersättning
854 642 46 16 som

76 665 33 21 för
124 652 136 34 brandskada
274 664 67 22 utfäst
355 666 30 19 är.

146 693 69 21 Sedan
238 693 119 21 diskussion
378 693 6 20 i
405 694 71 20 ämnet
492 694 36 25 ägt
544 699 53 19 rum,
614 692 48 22 fann
679 692 155 22 bondeståndet
849 692 51 27 godt

77 721 32 21 till
132 722 43 20 alla
197 722 58 20 delar
277 723 78 24 antaga
377 721 116 21 utskottets
516 721 134 20 betänkande
669 721 6 20 i
691 721 93 26 enlighet
799 721 101 21 hvarmed

77 749 127 22 ständernas
218 749 145 27 underdåniga
379 755 48 15 svar
442 749 13 20 å
470 749 40 21 den
526 749 78 26 nådiga
619 749 160 26 propositionen
794 749 66 21 borde
871 749 29 21 af-

77 778 73 26 gifvas.
187 778 44 21 Och
254 778 67 21 skulle
343 777 198 27 protokollsutdrag
564 778 74 21 härom
661 777 59 22 såväl
745 778 33 21 till
802 777 99 27 samtliga

77 807 144 26 medstånden,
237 813 45 14 som
298 807 32 20 till
345 806 142 26 lagutskottet
503 806 131 27 expedieras.
665 805 51 22 Som
728 806 69 21 ofvan.

147 863 86 21 Hvilket
247 863 148 21 antecknades.

147 999 119 27 Föredrogs
281 999 132 21 hedervärda
424 999 168 21 bondeståndets
602 999 197 26 protokollsutdrag
809 999 91 20 rörande

79 1027 96 22 ståndets
190 1027 123 28 inbjudning
328 1028 33 21 till
377 1027 127 27 deltagande
520 1027 6 21 i
542 1027 48 22 dess
606 1027 70 21 beslut
691 1027 109 26 angående
811 1027 89 26 lagstift-

79 1056 76 26 ningen
171 1062 34 15 om
220 1055 232 27 bränvinsbränningen
468 1056 6 20 i
490 1056 80 20 landet.

147 1111 89 22 Prosten
253 1112 76 21 doktor
344 1111 98 27 Bergh
458 1111 146 22 återhemtade
616 1111 55 21 hvad
683 1111 41 21 han
736 1111 85 21 sednast
831 1110 71 21 anfört

77 1140 7 20 i
100 1140 69 21 denna
192 1140 44 25 sak,
259 1140 39 21 och
322 1141 65 25 ansåg
407 1142 33 19 att
455 1140 106 21 utskottet
576 1140 34 21 vid
626 1140 37 21 sitt
679 1139 222 27 sammanjemknings-

77 1168 74 21 arbete
175 1169 66 20 skulle
264 1168 83 27 mycket
368 1169 78 20 lättare
469 1169 71 20 kunna
562 1169 107 20 behandla
689 1168 81 27 frågan,
788 1174 34 15 om
838 1167 64 27 något

77 1196 62 21 stånd
162 1203 29 14 nu
213 1197 66 21 redan
301 1197 96 21 uttalade
419 1197 32 26 sig
471 1197 34 21 för
527 1197 168 21 bondeståndets
716 1197 130 26 inbjudning,
862 1195 39 21 och

77 1225 94 21 önskade
195 1225 83 21 derföre
301 1227 32 19 att
355 1225 75 26 frågan
452 1231 29 15 nu
504 1225 68 21 skulle
588 1229 112 22 upptagas.
730 1225 91 21 Prosten
836 1223 66 27 ansåg

77 1253 105 26 nemligen
197 1253 167 22 bondeståndets
379 1254 70 21 beslut
464 1253 24 22 så
503 1254 111 26 högeligen
630 1253 162 27 aktningsvärdt
807 1252 39 21 och
857 1252 43 20 väl-

76 1281 96 26 betänkt,
189 1283 87 20 emedan
292 1283 59 20 detta
367 1282 27 26 på
405 1281 48 22 fullt
464 1282 68 21 allvar
544 1281 96 28 åsyftade
650 1282 182 21 bränvinsflodens
843 1280 58 21 häm-

76 1309 83 27 mande,
183 1312 32 19 att
237 1310 150 27 inbjudningen
410 1311 67 20 borde
500 1312 95 25 antagas,
618 1311 24 20 så
664 1310 85 27 mycket
770 1309 66 22 hellre
856 1315 46 15 som

77 1338 167 22 bondeståndets
265 1339 70 21 beslut
353 1341 99 18 närmare
473 1339 181 21 öfverensstämde
669 1339 49 21 med
734 1339 40 21 den
790 1337 112 28 kejserliga

75 1367 161 26 propositionen
259 1369 26 19 än
308 1367 35 21 det
359 1367 74 26 andra,
448 1367 24 21 af
486 1368 149 26 ridderskapet
650 1367 40 21 och
705 1367 63 21 adeln
784 1368 55 20 samt
854 1366 49 21 bor-

75 1395 139 26 gareståndet
236 1395 117 22 omfattade
376 1396 143 25 alternativet,
536 1396 39 21 och
592 1396 107 21 dessutom
715 1402 37 15 var
767 1395 81 27 ganska
863 1394 40 21 likt

76 1424 41 20 den
136 1431 28 13 nu
179 1425 97 25 gällande
291 1425 69 25 lagen.
389 1424 91 21 Prosten
496 1425 55 20 hade
567 1425 51 20 visst
634 1425 78 20 önskat
727 1425 32 19 att
775 1423 127 22 bondestån-

76 1451 37 21 det
135 1452 68 21 skulle
225 1452 56 27 gjort
303 1452 67 27 några
389 1452 155 27 förändringar,
565 1452 65 21 bland
646 1453 67 21 andra
728 1454 62 20 att
772 1447 24 37 t.
806 1458 32 15 ex.
854 1451 49 21 hela

75 1480 164 28 bötesbeloppet
261 1481 66 21 måtte
349 1480 86 22 tillfalla
457 1481 130 26 angifvaren,
610 1487 48 15 men
680 1481 43 21 han
744 1480 48 22 ville
812 1486 28 15 nu
856 1480 46 20 icke

74 1508 57 22 fästa
154 1509 69 26 någon
245 1510 44 26 vigt
310 1509 79 26 dervid,
406 1509 27 21 då
448 1511 32 19 ett
496 1509 24 22 så
535 1510 61 26 djupt
611 1510 112 20 moraliskt
738 1509 54 27 syfte
807 1508 47 27 låge
869 1507 33 22 till
