1103 1803
222 116 43 21 988
430 120 167 18 Presteständet.
622 121 54 17 1867.
701 121 23 17 15
736 121 48 21 Maj.

263 206 138 26 Inledningen
417 206 123 26 godkändes
556 206 102 26 enhälligt
673 206 67 26 enligt
754 206 244 21 utskottsbetänkandet.

263 263 24 27 88
304 264 9 19 1
331 262 40 22 och
387 263 12 21 2
416 262 120 27 godkändes
552 262 102 27 enhälligt
669 262 67 27 enligt
750 262 245 22 utskottsbetänkandet.

265 320 11 27 8
293 321 12 20 3
321 326 63 14 mom.
402 320 18 20 1.

263 375 154 28 Kyrkoherden
442 375 132 22 Castrén
598 375 48 21 ville
669 375 6 20 i
698 375 99 21 afseende
815 376 13 21 &
848 375 59 22 detta
929 377 93 20 moment

194 404 86 21 förorda
293 403 76 27 nädiga
385 404 168 26 propositionens
569 403 139 27 ordalydelse,
725 404 87 27 emedan
825 403 126 22 kommunen
952 399 12 36 i
979 403 42 22 allo

195 439 50 14 vore
261 434 31 19 ett
308 432 123 27 lämpligare
446 431 126 27 vägdistrikt
587 433 26 20 än
629 431 119 27 tingslaget.
773 432 68 21 Äfven
853 432 104 21 utskottet
967 432 54 21 hade

195 460 35 21 vid
245 460 86 27 frägans
347 460 128 26 behandling
493 460 101 26 enhälligt
610 460 81 26 antagit
707 460 166 27 propositionen,
889 467 46 14 men
951 461 69 20 seder-

195 495 58 15 mera
277 488 35 21 vid
324 488 129 27 justeringen
470 488 109 21 förändrat
594 489 129 20 densamma.
753 489 39 20 Ett
808 488 90 27 tingslag
913 489 108 26 utgjordes

195 517 97 26 vanligen
315 517 22 21 af
355 516 50 22 flere
427 516 153 27 församlingar,
603 516 38 21 och
660 516 82 21 talaren
757 517 55 21 hade
828 517 31 26 sig
874 517 79 21 bekant
968 517 53 20 huru

195 545 78 26 mänga
287 545 154 26 förvecklingar
455 545 103 26 uppstode
575 545 26 21 dä
616 545 50 20 flere
677 544 147 27 församlingar
836 545 82 21 bildade
930 547 30 19 ett
972 547 49 24 väg-

196 573 91 24 distrikt,
311 573 88 27 emedan
422 574 30 20 ett
470 573 98 21 hemman
591 572 70 22 kunde
677 572 20 21 få
713 573 105 25 väglotter
833 573 5 20 i
855 572 44 28 fyra
914 573 51 21 eller
980 572 40 22 fem

195 601 153 27 församlingar.
379 600 66 22 Äfven
468 601 215 21 länsmansdistriktet
706 601 89 21 bestode
816 601 95 27 vanligen
934 601 21 21 af
972 600 49 22 flere

196 629 148 26 församlingar
367 629 40 21 och
429 635 50 15 vore
495 629 21 21 af
530 635 80 15 samma
633 629 63 21 orsak
718 629 110 27 olämpligt
843 629 32 21 till
891 629 130 27 vägdistrikt.

196 658 43 21 Det
254 658 113 26 pasligaste
383 657 147 27 vägdistriktet
545 664 50 14 vore
611 657 82 21 derföre
710 657 134 26 kommunen,
862 658 38 20 och
917 664 33 15 om
962 658 60 21 äfven

197 686 26 21 de
246 686 131 24 kommuner,
400 692 45 14 som
468 686 46 26 läge
536 686 57 20 invid
616 685 106 21 allmänna
738 686 132 26 landsvägar,
885 686 54 26 finge
955 688 68 19 större

197 714 284 26 vägabyggnadsskyldighet
503 716 27 19 än
549 714 25 21 de
592 714 132 25 kommuner,
748 720 45 15 som
816 714 46 26 läge
885 714 92 27 aflägset,
999 715 24 20 sä

197 742 56 21 hade
269 742 26 21 de
311 742 56 21 förra
383 741 59 22 äfven
458 741 23 22 af
494 744 91 25 vägarne
600 743 68 20 större
684 744 66 24 nytta.

267 798 154 27 Kyrkoherden
462 798 124 21 Bäckvall
602 798 85 27 medgaf
701 798 128 26 riktigheten
846 799 22 20 af
881 799 55 20 hvad
947 799 75 26 kyrko-

197 827 81 21 herden
302 827 87 21 Castrén
412 827 70 20 anfört
496 827 7 20 i
518 827 24 21 sä
557 827 67 21 måtto
640 829 32 18 att
687 827 132 26 ojemnheter
834 827 39 21 och
889 827 135 26 olägenheter

197 855 33 21 för
245 855 56 21 vissa
315 855 146 26 församlingar
477 855 69 21 kunde
561 855 77 26 uppstå
653 861 76 20 genom
746 855 123 26 tingslagets
880 855 144 21 fastställande

198 883 32 21 till
246 883 132 26 vägdistrikt,
395 889 47 15 men
457 883 61 21 dessa
534 883 129 26 ojemnheter
678 883 70 21 kunde
760 883 101 27 afhjelpas
872 890 74 20 genom
955 883 69 27 jemk-

198 911 51 27 ning
271 911 175 26 församlingarna
470 911 88 22 emellan
580 911 57 24 eller,
653 912 37 21 der
709 912 61 21 dessa
789 912 17 25 ej
824 912 83 21 komme
923 911 100 26 öfverens,

198 946 77 21 genom
298 942 138 24 guvernören.
466 940 10 21 I
494 939 36 22 fall
552 940 72 27 hvarje
640 940 100 21 kommun
757 940 67 21 skulle
840 942 74 25 utgöra
930 942 31 19 ett
975 941 49 25 väg-

199 967 92 27 distrikt,
313 969 24 20 sä
359 968 68 21 skulle
449 969 65 26 några
536 968 124 21 kommuner
683 968 21 21 få
720 968 72 21 alltför
807 969 82 26 mycket
905 968 38 21 och
959 968 65 21 andra

199 995 72 22 alltför
285 996 48 21 litet
347 998 46 25 väg,
410 996 38 21 och
464 996 61 27 ingen
538 996 110 27 jemkning
663 996 69 21 blefve
747 996 78 27 möjlig.
850 997 110 20 Utskottet
971 996 54 21 hade

199 1023 85 22 derföre
300 1025 47 20 med
364 1026 55 19 rätta
434 1024 108 27 föreslagit
552 1026 32 19 att
595 1025 149 26 vägdistriktet
754 1025 68 20 skulle
834 1027 85 24 utgöras
929 1024 22 21 af
961 1024 64 27 tings-

199 1052 63 26 laget,
279 1053 88 21 emedan
383 1053 120 26 derigenom
519 1053 159 26 ojemnheterna
694 1053 70 21 kunde
780 1053 107 26 afhjelpas.

268 1108 125 27 Vicepastor
414 1108 147 22 Putkonen
583 1108 100 22 förenade
706 1109 32 26 sig
760 1109 47 21 med
823 1108 147 27 kyrkoherden
986 1108 39 21 Ca-

199 1137 65 26 strön,
288 1137 87 21 emedan
398 1137 80 26 ganska
499 1139 58 19 stora
579 1137 137 26 olägenheter
734 1137 111 27 uppstode,
866 1138 26 20 dä
907 1137 118 27 vägabygg-

199 1165 150 27 nadsskyldige
367 1165 106 26 nödgades
488 1166 27 26 pä
530 1165 50 22 flere
596 1165 47 21 mils
659 1165 83 21 afständ
758 1165 123 22 underhälla
897 1167 45 24 väg,
959 1165 66 21 hvari-

199 1199 76 26 genom
299 1193 26 22 de
347 1193 92 22 förnötte
459 1199 25 16 en
504 1193 77 28 dyrbar
597 1193 30 22 tid
643 1193 52 22 eller
710 1193 40 22 och
766 1193 141 22 försummade
930 1193 95 27 vägalag-

199 1227 83 21 ningen.

269 1277 203 27 Kontraktsprosten
496 1278 76 21 doktor
595 1278 100 21 Hellön
718 1278 100 21 förenade
840 1278 32 27 sig
889 1279 6 20 i
914 1277 41 22 allo
978 1278 48 21 med

199 1305 149 27 kyrkoherden
370 1305 100 22 Bäckvall
492 1306 39 21 och
550 1307 65 26 ansåg
630 1309 32 18 att
677 1307 105 20 utskottet
796 1307 13 20 å
824 1313 60 20 pagg.
904 1307 24 20 13
945 1306 38 21 och
1000 1307 26 20 14

199 1334 8 21 i
222 1333 144 22 betänkandet
389 1334 83 27 mycket
495 1335 33 20 väl
551 1335 113 21 motiverat
680 1335 40 21 den
736 1335 119 26 föreslagna
870 1334 155 27 förändringen.

200 1362 42 21 Det
265 1363 88 26 ansäges
371 1363 7 20 i
398 1362 114 21 allmänhet
532 1363 34 20 för
588 1369 25 15 en
636 1363 61 27 lycka
718 1369 34 15 om
771 1363 151 26 vägdistrikten
938 1369 49 14 vore
1003 1363 23 20 sä

199 1392 60 19 stora
273 1396 46 15 som
335 1390 86 27 möjligt,
438 1391 87 21 emedan
541 1393 79 25 tungan
637 1391 121 27 derigenom
774 1391 68 21 blefve
855 1391 92 26 jemnast
957 1391 69 20 förde-

199 1418 42 21 lad.
272 1418 11 21 I
301 1420 31 19 ett
355 1421 95 24 pastorat
472 1419 70 22 kunde
565 1419 67 22 finnas
652 1419 51 22 flere
719 1420 131 24 kommuner,
866 1419 39 21 och
921 1419 26 21 de
963 1419 64 20 bland

200 1446 68 27 dessa,
291 1452 46 16 som
359 1446 48 27 läge
425 1446 75 22 afsides
516 1448 34 20 vid
566 1447 92 27 bivägar,
675 1448 74 24 skulle,
766 1447 43 21 ifall
826 1447 148 27 vägdistriktet
989 1446 37 21 bil-

200 1474 66 22 dades
285 1474 22 22 af
323 1475 135 27 kommunen,
474 1475 80 21 lösslita
570 1476 31 26 sig
616 1476 33 20 för
664 1478 32 19 att
712 1476 82 21 minska
809 1475 32 21 sin
856 1475 171 27 vägabyggnads-

199 1502 128 28 skyldighet,
343 1503 39 21 och
398 1504 26 20 de
439 1504 121 21 nuvarande
575 1504 154 26 vägdistrikten
744 1504 89 21 sälunda
848 1503 78 27 brytas.
