1103 1803
305 133 165 19 Presteståndet.
495 133 55 18 1867.
574 134 27 16 24
612 134 48 21 Maj.
808 130 54 20 1139

63 220 24 22 af
99 220 70 22 lärare
185 219 39 22 och
240 204 126 41 lärarinnor,
383 225 45 15 som
443 219 35 21 vid
494 219 84 21 landets
590 219 216 21 elementarläroverk
817 219 73 33 tjenst-

63 250 58 26 göra,
137 248 95 28 stiftsvis
248 248 83 26 tillagd,
346 247 95 21 härefter
456 247 68 21 skulle
540 247 94 21 tilldelas
649 247 42 21 alla
707 248 55 24 dem,
778 253 46 17 som
839 248 9 20 i
860 248 30 20 tio

65 278 26 20 år
105 276 135 27 oförvitligen
255 275 128 28 tjenstgjort,
399 276 24 21 så
438 276 85 21 komme
539 275 49 21 hela
600 275 245 28 lönetillökningsstaten
858 278 32 19 att

63 307 88 27 utgöra:

64 362 43 21 För
123 362 26 21 25
165 361 95 21 lektorer
290 377 5 4 .
326 375 5 6 .
362 375 4 5 <
397 376 5 5 .
433 376 4 5 .
471 376 3 5 0
504 362 11 18 å
532 360 63 49 10
608 360 61 21 mark
683 369 29 10 =
727 360 60 22 Fmk.
813 361 78 26 30,000

79 406 12 10 »
122 391 27 20 45
164 389 96 26 kollegor
275 395 27 15 m.
317 395 27 14 m.
360 403 5 5 .
503 388 13 21 ä
628 404 12 10 n»
683 397 29 10 =
756 405 12 10 ,
812 389 78 26 41,400

79 434 12 11 »
121 419 28 20 24
165 418 57 27 lägre
239 401 233 69 elementarskollärare
502 419 12 18 å
551 389 44 48 600
627 433 12 10 »
683 426 28 9 =
754 434 13 10 ,
814 417 76 26 14,400

79 463 12 10 »
122 447 26 21 22
163 446 136 27 spräklärare
323 461 5 6 .
502 447 12 18 ä
550 445 42 21 600
629 461 12 10 ,
684 454 28 9 =
756 462 12 11 >,
815 446 75 26 13,200

79 491 12 10 n
137 475 12 21 9
164 475 120 21 lärarinnor
324 490 4 5 .
503 473 12 22 ä
552 474 42 21 400
630 490 12 10 ,
685 483 29 9 =
758 491 12 10 >,
822 475 65 26 3,600

80 519 12 11 »
137 504 12 21 7
165 503 134 27 språklärare
321 490 43 33 vid
376 489 96 34 fruntim-

162 531 156 22 mersskolorna
359 545 5 6 =.
395 546 4 5 .
502 532 11 19 ä
550 530 42 21 200
628 546 12 10 s
683 539 29 10 =
756 547 12 11 w
829 532 62 26 1,400

80 576 11 10 n
123 561 26 20 19
165 560 67 26 säng-,
243 559 130 27 gymnastik-
385 559 40 21 och
431 547 41 33 rit-

163 588 68 21 lärare
251 604 4 4 .
286 604 4 4 .
499 586 13 22 å
549 587 43 21 200
627 603 12 9 v
683 596 28 9 =
756 604 12 10 »
829 588 62 24 3,800

81 632 12 11 »
124 617 27 21 20
167 616 122 26 sånglärare
304 602 35 35 vid
354 602 58 40 lägre
428 602 46 35 ele-

164 628 155 46 mentarskolor
335 650 27 15 m
378 650 91 15 m..
500 643 13 21 dä
564 644 28 20 68
628 659 12 9 ,»
685 652 27 10 =
757 660 11 9 »
830 644 61 24 1,360

383 684 36 22 det
434 684 37 21 vill
487 685 51 25 säga
554 683 139 21 tillsammans
723 683 53 22 Fmk
793 684 97 26 109,160,

67 741 84 21 hvilken
167 747 82 15 summa
264 741 75 21 endast
354 740 49 21 med
418 741 64 23 2,320
497 739 61 22 mark
582 739 142 27 öfverskjuter
747 740 40 21 den
810 746 29 15 nu
858 742 33 19 ut-

67 769 80 26 gående
163 769 194 26 tillökningsstaten
374 769 90 26 106,840
486 769 66 20 mark.
584 768 49 21 Men
652 768 26 21 dä
701 768 36 21 det
761 768 33 21 för
815 770 76 19 närva-

67 798 65 21 rande
148 797 66 22 finnes
230 799 13 20 4
258 797 102 26 kollegor,
377 799 11 18 3
404 797 59 27 lägre
480 797 242 26 elementarskollärare,
738 797 13 21 2
764 797 126 24 lärarinnor,

69 827 10 20 1
96 826 135 26 spräklärare
246 826 35 21 vid
296 825 208 22 fruntimmersskola
518 827 56 19 samt
597 826 8 19 1
630 825 32 21 till
683 825 75 26 sjunde
779 825 112 27 kategorin

67 855 95 20 hörande
178 855 75 25 lärare,
269 861 45 14 som
330 854 85 21 erhällit
429 854 163 26 lönetillökning
607 853 45 21 förr
667 855 27 19 än
709 854 26 20 de
750 853 48 27 fyllt
813 854 30 21 tio
856 854 35 21 ärs

69 883 136 26 tjensteälder
227 883 39 21 och
289 883 33 26 de,
345 883 65 26 enligt
425 889 56 14 anm.
505 883 13 19 2
538 881 12 22 &
565 887 47 21 pag.
630 882 25 21 13
671 881 23 22 af
707 881 184 27 ofvanäberopade

67 907 131 35 författning,
214 911 53 48 böra
282 911 34 49 vid
332 911 69 21 denna
415 911 84 21 förmån
515 910 126 26 bibehållas,
657 909 23 22 så
696 910 67 21 skulle
781 910 33 21 till
837 910 54 21 före-

68 940 92 21 nämnda
177 955 3 5 .
212 956 4 4 .
317 955 41 6 sa
641 954 4 5 <
676 954 4 4 .
711 939 53 20 Fmk
829 939 63 26 2,320

387 955 55 33 ännu
459 954 114 35 erfordras
582 967 13 21 4
605 955 33 35 x
654 967 41 21 920
724 983 12 10 ,,
777 976 29 9 =
829 967 63 26 3,680

583 998 12 18 3
611 999 28 20 xx
654 996 41 21 600
726 1011 11 10 ,
778 1004 28 10 =
830 995 62 27 1,800

581 1025 13 20 2
610 1027 27 20 x
653 1024 42 21 400
724 1040 12 10 ,
778 1033 28 9 =
850 1023 42 22 800

584 1054 55 21 1x
655 1053 40 20 200
725 1068 12 10 ,
778 1061 29 9 =
851 1052 41 20 200

512 1082 56 19 samt
584 1082 9 19 1
611 1083 28 20 x
655 1081 41 20 200
726 1096 11 9 ,
778 1089 28 9 =
851 1080 41 20 200

427 1120 35 21 det
478 1121 36 20 vill
530 1122 52 25 säga
596 1120 141 21 tillsammans
752 1120 55 21 Fmk
822 1120 69 25 9,000,

69 1182 34 21 för
118 1183 32 21 att
165 1183 42 21 alla
222 1183 69 20 lärare
307 1183 39 21 och
366 1183 119 21 lärarinnor
508 1183 36 21 vid
565 1183 83 20 landets
671 1182 222 25 elementarläroverk,

70 1211 71 21 hvilka
156 1211 7 20 i
179 1211 30 21 tio
224 1211 25 21 är
265 1211 127 27 tjenstgjort,
408 1211 69 21 skulle
492 1211 22 21 fä
529 1211 162 26 lönetillökning
707 1210 33 22 till
755 1211 37 21 det
808 1194 85 46 belopp,

69 1245 45 16 som
130 1239 136 22 merberörde
281 1239 114 27 kejserliga
410 1239 128 26 kungörelse
561 1241 112 24 upptager,
696 1241 52 19 utan
771 1240 32 19 att
825 1237 69 27 nägon

70 1267 23 22 af
107 1267 53 25 dem,
177 1273 44 16 som
239 1268 52 21 efter
307 1275 28 14 nu
350 1268 98 27 gällande
454 1255 104 39 "grunder
573 1268 90 26 tidigare
679 1268 73 20 vunnit
768 1267 69 21 denna
853 1266 42 21 för-

70 1296 54 25 män,
141 1295 68 23 blefve
225 1297 123 21 densamma
364 1296 108 22 beröfvad.

138 1323 50 22 Med
203 1325 48 21 stöd
267 1325 22 21 af
303 1325 70 21 denna
388 1325 124 27 beräkning,
529 1324 40 21 och
587 1324 27 21 dä
633 1331 89 14 numera
744 1325 61 25 ingen
828 1323 67 26 utsigt

71 1352 70 23 dertill
156 1354 24 19 är
195 1353 33 21 för
243 1353 83 21 handen
347 1355 34 20 att
399 1353 35 21 vid
454 1353 69 21 denna
545 1353 103 26 landtdag
662 1352 67 27 nägra
744 1352 68 22 medel
835 1351 61 22 skola

71 1381 69 22 ansläs
155 1381 33 22 till
203 1382 170 21 lärarelönernas
388 1381 154 26 förbättrande,
555 1381 33 21 fär
601 1381 38 21 hos
650 1381 37 21 det
697 1381 131 26 högvördiga
838 1379 56 22 stän-

71 1410 36 21 det
119 1410 37 27 jag
171 1410 156 22 vördsammast
341 1410 80 21 föreslä
435 1412 33 19 att
484 1410 37 21 det
536 1410 49 21 ville
600 1410 32 21 till
647 1409 62 22 Hans
721 1409 118 27 Kejserliga
851 1408 45 21 Ma-

69 1439 65 33 jestät
149 1438 50 26 ingå
213 1439 48 21 med
277 1444 26 16 en
318 1438 132 26 underdänig
468 1438 91 26 petition
580 1438 82 21 derom:
679 1439 33 19 att
734 1437 162 25 lönetillökning

71 1466 22 22 åt
108 1467 69 21 lärare
197 1467 39 21 och
258 1467 120 21 lärarinnor
398 1466 36 22 vid
456 1466 85 22 landets
564 1466 215 21 elementarläroverk
801 1464 95 22 härefter

71 1494 65 23 måtte
152 1495 83 22 utdelas
251 1494 90 22 sålunda
355 1496 33 20 att
403 1495 87 23 enhvar,
510 1501 46 15 som
572 1495 6 20 i
594 1494 30 21 tio
645 1494 24 21 år
687 1494 116 26 oförvitligt
822 1492 74 27 tjenst-

71 1522 62 28 gjort,
149 1523 67 22 skulle
232 1523 67 22 undfå
314 1524 129 23 densamma,
458 1529 50 15 men
530 1525 32 19 att
581 1523 65 21 likväl
667 1523 32 25 de,
723 1528 45 16 som
780 1510 66 32 ”efter
868 1527 29 15 nu
