1103 1803
236 134 45 21 934
446 139 167 18 Presteståndet.
637 140 55 17 1867.
718 141 20 16 11
750 140 48 21 Maj.

210 224 116 27 dragande,
342 224 86 22 hvartill
443 224 43 22 han
500 224 47 22 icke
562 224 55 22 hade
632 225 85 27 mycket
729 227 33 19 att
772 224 95 28 tillägga.
893 226 42 21 Det
945 226 90 26 fägnade

210 254 79 20 honom
305 254 32 20 att
352 252 37 22 det
403 253 55 21 dock
473 252 62 22 fanns
550 253 70 27 någon
635 254 7 20 i
658 254 120 20 stadslifvet
800 254 39 20 och
861 255 53 20 utan
935 254 101 27 beröring

209 281 50 21 med
281 280 68 22 folket
371 287 119 21 uppvuxen,
514 288 46 14 som
582 282 92 21 erkände
697 282 80 21 folkets
799 282 115 24 moralitet,
935 288 48 15 men
1000 283 36 21 det

210 310 109 21 smärtade
335 309 78 21 honom
429 310 68 20 tillika
512 312 32 19 att
560 310 76 21 sådant
652 316 45 15 som
712 311 28 25 på
760 311 123 21 kammaren
903 311 132 21 inhemtades

210 338 41 22 här
266 338 146 26 uppdukades,
429 338 67 21 ehuru
512 338 23 22 så
549 338 78 27 många
648 338 54 22 dock
725 338 67 22 borde
814 339 71 21 känna
907 339 66 21 folket
995 340 40 20 och

211 367 49 21 dess
275 366 154 21 förhållanden.
461 366 39 21 Om
516 366 66 27 något
596 367 76 21 funnes
687 373 47 14 som
749 373 50 15 vore
815 366 118 27 förderfligt
948 367 33 21 för
996 367 39 21 fol-

211 395 48 21 kets
274 395 108 20 moralitet
397 395 40 20 och
452 395 90 21 ledande
558 395 33 20 till
612 395 159 26 lönnbränning
792 395 24 21 så
838 401 50 16 vore
911 396 60 21 detta
990 395 45 28 just

211 424 36 21 det
271 429 74 15 senare
368 423 136 22 alternativet
526 423 23 21 af
570 423 117 22 utskottets
708 423 87 27 förslag.
826 423 89 22 Prosten
938 424 50 21 sade
1004 424 31 27 sig

211 452 72 21 känna
298 453 33 20 att
346 451 174 22 lönnbränneriet
536 452 66 21 under
618 452 41 21 den
673 452 135 21 närvarande
824 451 152 28 författningen
987 453 48 21 inne

211 481 7 20 i
241 480 73 21 landet
336 479 77 26 aftagit
435 481 47 20 med
506 480 26 27 5/s
556 486 34 15 om
606 480 36 21 det
658 480 62 21 ökats
735 481 49 20 med
800 480 34 27 1/.
865 481 28 21 Sä
908 481 55 21 hade
978 481 7 20 i
1001 481 34 20 Li-

211 509 72 26 mingo
299 508 124 27 församling
437 509 55 21 intet
507 508 150 21 lönnbränneri
672 509 114 25 existerat;
802 515 29 14 nu
849 509 68 21 under
937 509 98 21 landtda-

212 543 41 20 gen
268 537 55 20 hade
339 538 31 19 ett
384 537 61 26 rykte
460 537 104 26 utspridts
579 539 33 18 att
627 539 31 19 ett
673 537 77 21 sådant
765 537 68 21 fanns.
857 537 33 21 Då
900 537 65 21 likväl
975 537 59 21 kom-

212 565 179 26 munalstyrelsen
405 565 41 21 fick
461 567 49 19 veta
526 565 66 25 detta,
608 565 70 21 beslöt
693 565 230 21 kommunalnämnden
939 565 27 27 på
987 567 48 24 eget

212 599 77 15 ansvar
312 598 107 21 uppmana
441 594 147 26 byungdomen
612 595 32 19 att
666 594 98 26 uppsöka
786 593 125 26 detsamma,
929 593 106 21 hvarefter

213 622 124 25 detsamma,
355 621 63 21 sedan
435 622 35 21 det
485 622 86 26 funnits,
588 622 90 20 nedrefs.
709 622 29 20 Sä
753 622 55 20 hade
824 622 60 21 äfven
907 622 80 26 tillgått
1007 622 28 26 på

213 650 68 21 andra
296 652 64 24 orter,
377 650 79 21 hvilket
471 650 100 21 bevisade
586 651 33 20 att
633 650 150 26 församlingar
798 650 74 24 finnas,
888 651 37 21 der
937 656 50 15 man
998 650 37 21 be-

213 678 60 22 slutit
289 679 72 20 utrota
377 678 189 27 lönnbränningen.
590 678 137 21 Beträffande
744 679 36 20 det
795 684 45 16 som
856 679 106 25 professor
977 678 58 22 Geit-

213 708 29 19 lin
259 706 76 26 anfört,
353 712 33 15 om
402 707 36 20 det
452 709 73 18 svarta
540 707 156 20 vittnesbördet
712 713 34 15 om
762 706 165 22 bondeståndets
949 707 86 21 morali-

213 737 39 24 tet,
268 737 33 19 att
316 735 36 20 det
368 735 46 20 åter
429 735 48 21 med
493 737 69 24 öppna
578 741 71 14 armar
664 735 69 21 skulle
750 737 96 24 mottaga
856 735 179 22 husbehofsbrän-

213 763 77 27 ningen
313 769 34 15 om
371 763 69 21 denna
461 763 47 21 åter
530 763 105 27 erbjödes,
658 763 24 21 så
697 769 39 15 var
751 765 87 24 prosten
854 763 125 27 öfvertygad
994 770 41 20 om,

213 794 33 19 att
261 797 34 16 om
311 792 59 20 detta
386 792 61 21 äfven
462 791 68 22 skulle
545 792 43 24 ske,
605 791 23 22 så
643 797 50 16 vore
710 792 36 21 det
762 791 18 27 ej
793 791 23 21 af
830 792 69 27 någon
914 792 121 26 omoralisk,

213 821 52 20 utan
280 821 7 20 i
303 820 40 21 den
359 820 50 20 ädla
424 820 70 27 afsigt,
510 822 31 19 att
556 820 208 27 bränvinssupandet
778 820 28 26 på
819 820 68 21 denna
901 822 40 25 väg
952 820 84 26 lämpli-

213 851 48 24 gast
284 848 69 21 skulle
374 849 132 20 motarbetas
528 849 40 20 och
590 849 93 20 hindras.
715 849 67 22 Dessa
805 849 90 21 motiver
917 855 50 14 vore
987 849 48 20 fullt

213 877 116 21 moraliska
352 877 39 20 och
414 883 58 15 mera
494 879 27 18 än
537 877 67 25 deras,
622 883 44 15 som
682 877 110 26 hoppades
808 879 60 18 stora
882 877 117 21 inkomster
1014 877 23 21 af

213 905 194 21 bränvinsskatten.
437 905 91 21 Prosten
542 905 122 21 förklarade
680 905 132 27 ytterligare,
828 907 33 19 att
872 905 41 21 han
925 905 18 26 ej
954 905 81 21 fattade

214 934 55 20 huru
290 933 250 22 utskottsledamöternes
562 934 81 21 händer
666 939 50 16 vore
740 934 92 25 bundna,
856 940 34 15 om
909 933 85 22 ståndet
1009 934 28 26 på

213 962 92 21 förhand
320 962 81 21 fattade
417 963 37 20 sitt
470 962 76 25 beslut,
562 962 27 21 då
604 963 106 20 utskottet
726 962 56 21 ändå
798 962 18 26 ej
832 962 70 21 kunde
921 964 66 19 annat
1009 964 27 19 än

213 991 34 20 för
269 991 30 26 de
317 991 68 20 andra
405 990 89 21 stånden
509 990 77 21 föreslå
602 991 130 26 antagandet
748 990 22 21 af
784 991 36 20 det
836 997 73 14 senare
925 991 111 20 alternati-

213 1021 42 19 vet.
286 1019 67 20 Äfven
368 1021 86 24 prosten
470 1019 65 26 ansåg
550 1019 98 27 föröfrigt
664 1021 32 19 att
709 1019 158 21 bondeståndet
876 1018 47 27 gått
933 1019 32 20 för
977 1018 60 27 långt

215 1047 38 21 och
269 1050 33 18 att
317 1047 36 21 det
368 1047 55 20 varit
439 1047 75 23 bättre,
531 1053 33 15 om
580 1047 36 21 det
632 1047 64 26 något
712 1048 86 20 nedsatt
814 1047 85 21 skatten
915 1047 39 21 och
965 1047 71 21 bättre

214 1076 93 20 fördelat
328 1075 97 25 böterna,
448 1076 54 20 dock
524 1075 49 26 såge
596 1076 42 19 han
660 1077 58 19 ännu
740 1075 67 21 hellre
830 1077 32 19 att
881 1075 156 20 bondeståndet

214 1103 54 27 finge
284 1103 32 21 sin
331 1103 50 26 vilja
396 1103 60 21 fram.
488 1103 102 26 Slutligen
606 1103 48 21 ville
670 1107 88 23 prosten
773 1103 74 21 förena
858 1103 31 26 sig
901 1103 48 21 med
959 1103 78 27 kyrko-

213 1132 81 21 herden
309 1131 90 22 Castrén
415 1132 79 24 derom,
510 1133 32 20 att
556 1131 168 22 bondeständets
739 1131 125 27 inbjudning
887 1131 68 21 skulle
977 1133 60 19 anta-

214 1166 43 21 gas,
273 1160 49 21 med
337 1160 68 21 vilkor
420 1162 32 19 att
466 1160 62 27 lagen
544 1160 68 21 blefve
628 1160 98 26 gällande
741 1160 7 21 i
766 1161 28 20 tio
811 1160 30 25 år,
858 1160 39 21 och
912 1159 66 27 ansåg
988 1165 49 21 pro-

215 1191 46 18 sten
283 1189 37 20 det
341 1195 52 14 vara
408 1188 123 21 omoraliskt
546 1190 32 19 att
593 1189 53 26 yrka
661 1188 28 27 på
704 1189 150 26 förändringar
870 1188 75 21 liksom
961 1194 75 21 genom

215 1223 25 15 en
256 1217 135 26 våldsbragd.

283 1274 126 26 Vicepastor
424 1273 137 22 Johnsson
576 1274 105 21 instämde
696 1274 49 21 med
760 1273 108 27 professor
883 1273 99 21 Granfelt
997 1273 40 22 och

214 1302 111 21 anmärkte
340 1302 104 26 föröfrigt,
460 1304 32 19 att
508 1302 79 21 enhvar
602 1303 22 20 af
638 1303 48 20 dem
702 1308 45 15 som
763 1301 102 27 uppträdt
876 1301 7 21 i
896 1301 70 21 denna
977 1301 60 27 fråga

214 1331 55 20 talat
283 1331 8 20 i
306 1330 218 21 öfverensstämmelse
542 1331 48 20 med
610 1330 164 21 förhållandena
794 1330 27 27 på
836 1330 41 21 den
893 1331 34 19 ort
943 1330 37 21 der
995 1330 42 20 han

214 1359 72 20 vistas.
317 1358 94 21 Sålunda
433 1365 49 14 vore
505 1359 131 20 kustboerna
657 1359 122 26 uppbragta
803 1358 59 21 öfver
887 1358 35 21 det
947 1358 91 26 myckna

214 1387 193 23 lönnbrännandet,
429 1393 48 15 men
498 1387 26 20 de
546 1387 55 21 ifrån
617 1387 36 21 det
667 1387 47 21 inre
730 1387 22 20 af
767 1387 73 20 landet
855 1386 124 21 försvarade
995 1385 44 22 för-

214 1415 126 27 fattningen,
356 1415 88 21 emedan
460 1415 26 21 de
501 1416 7 20 i
523 1415 32 21 sin
570 1415 85 21 hemort
670 1416 37 20 sitt
722 1415 117 21 moraliska
852 1414 93 21 fördelar
956 1414 23 21 af
988 1415 51 20 den-

215 1450 86 14 samma.
331 1443 91 21 Talaren
437 1444 50 20 sade
504 1444 30 26 sig
550 1444 121 26 derigenom
687 1443 63 21 hafva
771 1442 69 22 blifvit
862 1442 105 26 villrådig,
990 1448 48 15 men

215 1471 28 21 dä
263 1472 42 20 han
327 1471 68 21 hörde
419 1472 165 20 bondeständets
607 1472 61 26 äsigt,
691 1472 94 20 fattades
800 1471 43 21 han
859 1470 23 21 af
896 1471 40 21 den
952 1470 87 26 tanken,

215 1502 32 19 att
269 1501 80 19 största
371 1500 61 20 delen
454 1500 22 20 af
496 1500 67 21 folket
583 1500 82 26 tycktes
681 1500 65 20 hafva
757 1500 69 20 fördel
842 1500 22 20 af
878 1498 160 27 författningen,

215 1528 39 21 och
270 1528 42 21 han
327 1528 94 21 stärktes
437 1528 44 21 deri
495 1534 75 20 genom
586 1528 107 26 professor
709 1528 108 21 Granfelts
833 1527 144 27 andragande,
993 1533 46 15 som
