1103 1803
255 128 54 22 1202
456 132 167 18 Presteståndet.
648 133 55 17 1867.
726 134 28 16 28
767 133 47 21 Maj.

293 218 110 26 Föröfrigt
424 218 69 21 skulle
514 218 7 20 i
540 218 36 21 det
597 218 147 26 underdäniga
766 220 71 19 svaret
859 218 13 21 &
890 218 162 26 ifrågavarande

224 247 79 26 nädiga
325 247 131 26 proposition
479 246 100 21 anhällan
595 246 136 26 framställas,
748 246 18 26 ej
782 246 82 22 mindre
880 248 32 20 att
927 246 123 26 regeringen

224 275 68 21 mätte
307 275 88 26 vidtaga
411 274 100 27 ätgärder
526 275 87 26 derhän,
630 276 31 20 att
676 275 164 21 förhällandena
854 275 91 21 rörande
959 274 92 21 minder-

224 304 61 26 åriga
306 304 64 20 barns
393 303 139 21 användande
553 304 32 20 till
608 304 73 20 arbete
700 304 7 20 i
722 303 95 21 fabriker
840 303 39 21 och
899 302 152 27 näringsyrken

224 332 68 21 måtte
308 332 65 21 blifva
387 332 28 26 pä
430 332 98 26 lämpligt
544 334 43 18 sätt
597 332 117 26 reglerade,
726 333 26 19 än
764 331 62 21 äfven
837 333 33 19 att
880 332 74 20 redare
964 331 7 21 i
982 331 69 21 landt-

225 360 150 27 mannafartyg
397 360 66 21 mätte
485 360 86 21 komma
586 360 6 21 i
608 360 125 26 ätnjutande
748 360 24 21 af
786 360 125 21 oinskränkt
925 360 126 26 seglations-

225 389 111 26 rättighet,
358 389 49 20 med
429 389 68 20 vilkor
516 390 32 19 att
563 388 104 27 skeppare
683 388 39 21 och
738 389 102 25 styrmän,
856 394 45 15 som
916 388 106 26 begagnas
1038 387 13 21 &

226 417 73 26 dylika
313 423 60 15 resor
387 417 28 26 pä
430 417 118 26 aflägsnare
563 417 106 20 farvatten
685 418 27 19 än
728 416 114 26 Nordsjön,
858 416 64 27 aflagt
937 416 32 21 för
985 416 66 21 sädan

226 445 76 27 sjöfart
317 445 126 21 föreskrifna
458 445 162 26 kunskapsprof.

295 501 107 22 Skolande
424 501 198 27 protokollsutdrag
637 501 75 21 härom
729 501 123 27 expedieras
869 501 58 21 såväl
942 501 32 21 till
985 503 66 18 samt-

225 530 44 27 liga
284 530 147 27 medständen,
446 536 46 15 som
508 530 32 21 till
555 530 44 27 lag-
614 530 39 21 och
669 530 211 21 ekonomiutskottet.
904 529 49 22 Som
969 529 81 20 ofvan.”

295 671 120 26 Föredrogs
437 671 96 21 enskilda
555 671 205 21 besvärsutskottets
784 671 78 27 afgifna
887 670 134 22 betänkande
1043 671 7 20 i

226 700 115 25 anledning
356 699 22 21 af
392 701 86 24 prosten
494 700 109 20 Borenius'
620 699 182 26 petitionsförslag
817 700 79 24 derom,
911 701 33 19 att
959 699 90 21 lönetill-

227 728 79 26 ökning
321 727 23 21 ät
359 728 68 20 lärare
443 727 39 21 och
498 727 119 21 lärarinnor
633 728 33 20 vid
682 727 84 21 landets
778 727 213 22 elementarläroverk
1002 727 48 20 här-

227 756 54 21 efter
303 756 66 21 mätte
388 756 84 21 utdelas
487 755 95 26 sälunda,
598 757 32 19 att
646 755 86 26 enhvar,
748 762 46 15 som
809 757 7 20 i
831 757 29 20 tio
876 756 24 20 är
916 755 133 26 oförvitligen

226 784 123 27 tjenstgjort
372 785 33 20 vid
427 784 127 25 skolverket,
578 784 67 21 skulle
666 784 62 21 deraf
738 784 66 21 blifva
819 784 100 27 delaktig,
933 784 64 26 jemte
1013 784 36 21 det

226 813 33 25 de,
282 819 45 14 som
349 812 53 21 efter
418 819 27 14 nu
460 813 100 26 gällande
574 813 92 26 grunder
681 813 92 25 tidigare
788 813 74 20 vunnit
876 813 68 20 denna
959 811 90 26 förmån,

226 841 74 21 dervid
315 841 68 20 skulle
398 841 126 24 bibehållas,
539 841 108 21 äfvensom
663 843 38 22 att,
718 841 85 21 såsnart
816 841 139 21 statsverkets
965 840 83 27 tillgån-

226 875 38 20 gar
279 869 77 21 sådant
371 869 111 26 medgifva,
497 869 88 22 lönerna
601 870 39 21 och
655 869 215 26 lönetillökningarna
885 869 33 21 för
929 869 25 21 de
965 870 85 25 svagast

226 897 98 21 aflönade
346 898 96 21 lärarene
466 897 66 22 måtte
547 898 67 27 höjas,
630 898 120 26 aflöningen
766 898 33 21 för
814 898 123 26 kollegerna
952 897 35 21 vid
1003 897 46 20 lan-

227 926 47 21 dets
296 926 65 26 högre
385 926 187 21 elementarskolor
594 927 32 20 till
646 927 62 25 1,700
724 926 62 21 mark
801 926 40 21 och
856 926 33 21 för
905 926 95 20 lärarene
1015 925 36 21 vid

226 955 59 25 lägre
301 955 217 20 elementarskolorna
537 955 33 20 till
587 955 62 24 1,500
664 955 62 21 mark
741 961 35 14 om
791 955 53 25 året,
860 956 55 19 samt
929 954 122 21 lönetillök-

226 983 103 26 ningarna
344 983 7 20 i
366 983 67 21 andra
455 983 121 26 kategorin.
588 983 46 21 från
658 984 41 20 920
718 983 32 20 till
767 984 63 24 1,000
846 983 65 25 mark,
928 983 67 25 tredje
1011 982 40 21 och

226 1011 67 26 fjerde
308 1010 46 22 frän
370 1012 41 20 600
427 1011 33 21 till
476 1012 40 20 800
532 1011 67 26 mark,
615 1012 64 21 femte
694 1011 49 22 frän
758 1012 42 21 400
816 1012 32 20 till
864 1012 41 20 500
920 1011 61 20 mark
996 1012 55 19 samt

226 1039 88 22 ättonde
330 1039 47 22 frän
393 1041 26 20 63
435 1040 32 21 till
485 1041 39 20 100
540 1040 60 21 mark
617 1046 33 15 om
666 1040 54 25 äret,
736 1039 109 22 äfvensom
863 1039 188 26 lönetillökningen

226 1068 34 20 för
275 1068 26 20 de
316 1068 70 21 lärare
401 1068 38 21 och
456 1068 124 26 lärarinnor,
596 1068 72 20 hvilka
683 1068 55 20 varit
753 1069 6 19 i
773 1068 58 26 tjugo
842 1069 35 20 ärs
887 1068 81 25 verklig
977 1067 74 26 tjenst-

226 1095 75 27 göring
316 1096 34 20 vid
373 1096 129 25 skolverket,
522 1097 123 26 ytterligare
660 1096 62 26 höjas
737 1096 49 21 med
801 1097 27 20 50
844 1097 93 26 procent,
953 1097 32 18 att
998 1095 53 26 jem-

226 1123 34 21 väl
275 1124 52 27 utgå
347 1124 53 21 efter
416 1125 26 20 de
458 1124 62 21 ofvan
542 1125 147 26 specificerade
704 1131 42 20 nya
762 1125 112 26 beloppen.
903 1123 149 22 Betänkandet

226 1153 70 25 intogs
311 1153 45 25 här,
373 1153 23 20 så
411 1153 99 26 lydande:

296 1203 168 32 »Återställande
487 1211 31 19 ett
538 1209 24 21 af
582 1211 86 24 prosten
690 1209 106 21 Borenius
819 1209 31 20 till
872 1209 35 20 det
923 1208 130 27 högvördiga

226 1237 87 22 ståndet
327 1237 88 27 ingifvet
434 1237 211 26 petitionsmemorial
661 1237 23 21 af
698 1238 41 20 den
755 1238 27 20 24
798 1237 85 24 dennes,
899 1237 58 20 öfver
972 1237 81 20 hvilket

226 1265 97 21 enskilda
346 1266 202 21 besvärsutskottets
570 1266 134 21 betänkande
721 1265 69 21 blifvit
806 1265 82 24 äskadt,
904 1265 32 20 får
957 1265 96 20 enskilda

226 1294 194 21 besvärsutskottet
441 1295 109 20 vördsamt
572 1294 84 25 foreslå,
679 1296 33 19 att
732 1294 132 26 högvördiga
879 1293 85 22 ståndet
979 1293 73 26 måtte,

227 1322 91 21 rörande
341 1323 36 20 det
392 1323 7 20 i
414 1323 133 20 memorialet
569 1322 134 21 behandlade
727 1324 68 24 ämne,
812 1322 32 21 till
860 1322 59 21 Hans
934 1321 118 26 Kejserliga

226 1351 103 26 Majestät
343 1350 64 21 aflåta
423 1357 25 15 en
464 1351 88 26 ungefär
567 1351 24 21 så
606 1351 90 26 lydande
712 1351 132 26 underdånig
859 1351 96 26 petition.

296 1379 61 27 »Med
372 1379 99 21 afseende
487 1379 13 21 å
515 1380 25 20 de
556 1379 110 21 finansiela
681 1379 134 26 svårigheter
830 1379 39 21 och
883 1379 40 20 den
933 1378 120 26 minskning

226 1407 7 20 i
249 1408 207 25 statsinkomsterna,
476 1414 45 15 som
536 1407 147 26 förnämligast
699 1407 23 21 af
736 1408 25 20 de
777 1408 67 20 under
859 1407 50 21 flere
924 1408 72 19 senast
1010 1407 43 20 för-

226 1435 59 21 lidna
300 1435 24 21 år
339 1436 103 26 felslagna
457 1436 123 26 skördarna,
597 1442 47 14 men
660 1435 61 21 äfven
737 1436 23 20 af
774 1436 66 20 andra
856 1435 108 25 samtidigt
979 1435 73 20 inträf-

226 1463 50 21 fade
299 1463 155 27 ofördelaktiga
477 1464 139 21 ekonomiska
637 1464 149 21 förhållanden
805 1464 69 20 blifvit
889 1470 26 14 en
930 1463 124 25 oundviklig

226 1492 61 26 följd,
303 1492 64 20 hafva
382 1492 101 21 Finlands
499 1493 33 20 till
546 1492 103 27 landtdag
664 1498 28 14 nu
707 1492 130 21 församlade
853 1492 86 20 ständer
954 1491 46 21 icke
1011 1493 42 19 sett

226 1520 33 26 sig
273 1520 7 20 i
295 1520 84 21 tillfälle
401 1522 38 24 att,
460 1520 84 27 jemlikt
565 1521 67 21 Eders
655 1520 119 27 Kejserliga
796 1520 111 27 Majestäts
930 1520 73 21 derom
1018 1520 33 21 till
