<?xml version="1.0" encoding="UTF-8"?>
<alto xmlns="http://www.loc.gov/standards/alto/ns-v3#" xmlns:xlink="http://www.w3.org/1999/xlink" xmlns:xsi="http://www.w3.org/2001/XMLSchema-instance" xsi:schemaLocation="http://www.loc.gov/standards/alto/ns-v3# http://www.loc.gov/alto/v3/alto-3-0.xsd">
	<Description>
		<MeasurementUnit>pixel</MeasurementUnit>
		<sourceImageInformation>
			<fileName>/tmp/tess_rrqqh34z_input.PNG</fileName>
		</sourceImageInformation>
		<OCRProcessing ID="OCR_0">
			<ocrProcessingStep>
				<processingSoftware>
					<softwareName>tesseract 5.3.4</softwareName>
				</processingSoftware>
			</ocrProcessingStep>
		</OCRProcessing>
	</Description>
	<Layout>
		<Page WIDTH="1103" HEIGHT="1803" PHYSICAL_IMG_NR="0" ID="page_0">
			<PrintSpace HPOS="0" VPOS="0" WIDTH="1103" HEIGHT="1803">
				<GraphicalElement ID="cblock_0" HPOS="0" VPOS="1070" WIDTH="3" HEIGHT="706"></GraphicalElement >
				<ComposedBlock ID="cblock_1" HPOS="242" VPOS="128" WIDTH="555" HEIGHT="28">
					<TextBlock ID="block_0" HPOS="242" VPOS="128" WIDTH="555" HEIGHT="28">
						<TextLine ID="line_0" HPOS="242" VPOS="128" WIDTH="555" HEIGHT="28">
							<String ID="string_0" HPOS="242" VPOS="128" WIDTH="55" HEIGHT="21" WC="0.95" CONTENT="1030"/><SP WIDTH="149" VPOS="128" HPOS="297"/>
							<String ID="string_1" HPOS="446" VPOS="133" WIDTH="165" HEIGHT="18" WC="0.91" CONTENT="Presteståndet."/><SP WIDTH="25" VPOS="133" HPOS="611"/>
							<String ID="string_2" HPOS="636" VPOS="134" WIDTH="55" HEIGHT="18" WC="0.95" CONTENT="1867."/><SP WIDTH="25" VPOS="134" HPOS="691"/>
							<String ID="string_3" HPOS="716" VPOS="135" WIDTH="22" HEIGHT="17" WC="0.95" CONTENT="17"/><SP WIDTH="12" VPOS="135" HPOS="738"/>
							<String ID="string_4" HPOS="750" VPOS="136" WIDTH="47" HEIGHT="20" WC="0.96" CONTENT="Maj."/>
						</TextLine>
					</TextBlock>
				</ComposedBlock>
				<GraphicalElement ID="cblock_2" HPOS="218" VPOS="174" WIDTH="802" HEIGHT="4"></GraphicalElement >
				<ComposedBlock ID="cblock_3" HPOS="211" VPOS="219" WIDTH="824" HEIGHT="169">
					<TextBlock ID="block_1" HPOS="211" VPOS="219" WIDTH="824" HEIGHT="169">
						<TextLine ID="line_1" HPOS="280" VPOS="219" WIDTH="755" HEIGHT="27">
							<String ID="string_5" HPOS="280" VPOS="219" WIDTH="84" HEIGHT="21" WC="0.93" CONTENT="Doktor"/><SP WIDTH="23" VPOS="219" HPOS="364"/>
							<String ID="string_6" HPOS="387" VPOS="219" WIDTH="103" HEIGHT="21" WC="0.92" CONTENT="Hellön"/><SP WIDTH="20" VPOS="219" HPOS="490"/>
							<String ID="string_7" HPOS="510" VPOS="219" WIDTH="98" HEIGHT="21" WC="0.91" CONTENT="biträdde"/><SP WIDTH="15" VPOS="219" HPOS="608"/>
							<String ID="string_8" HPOS="623" VPOS="220" WIDTH="202" HEIGHT="32" WC="0.93" CONTENT="kontraktsprosten"/><SP WIDTH="17" VPOS="220" HPOS="825"/>
							<String ID="string_9" HPOS="842" VPOS="220" WIDTH="71" HEIGHT="22" WC="0.57" CONTENT="Sirens"/><SP WIDTH="16" VPOS="220" HPOS="913"/>
							<String ID="string_10" HPOS="929" VPOS="220" WIDTH="39" HEIGHT="22" WC="0.93" CONTENT="och"/><SP WIDTH="15" VPOS="220" HPOS="968"/>
							<String ID="string_11" HPOS="983" VPOS="221" WIDTH="52" HEIGHT="21" WC="0.92" CONTENT="dok-"/>
						</TextLine>
						<TextLine ID="line_2" HPOS="211" VPOS="247" WIDTH="823" HEIGHT="29">
							<String ID="string_12" HPOS="211" VPOS="250" WIDTH="35" HEIGHT="19" WC="0.93" CONTENT="tor"/><SP WIDTH="14" VPOS="250" HPOS="246"/>
							<String ID="string_13" HPOS="260" VPOS="247" WIDTH="81" HEIGHT="27" WC="0.92" CONTENT="Berghs"/><SP WIDTH="16" VPOS="247" HPOS="341"/>
							<String ID="string_14" HPOS="357" VPOS="247" WIDTH="55" HEIGHT="27" WC="0.92" CONTENT="äsigt"/><SP WIDTH="16" VPOS="247" HPOS="412"/>
							<String ID="string_15" HPOS="428" VPOS="248" WIDTH="80" HEIGHT="24" WC="0.92" CONTENT="derom,"/><SP WIDTH="16" VPOS="248" HPOS="508"/>
							<String ID="string_16" HPOS="524" VPOS="250" WIDTH="33" HEIGHT="19" WC="0.93" CONTENT="att"/><SP WIDTH="15" VPOS="250" HPOS="557"/>
							<String ID="string_17" HPOS="572" VPOS="248" WIDTH="115" HEIGHT="21" WC="0.92" CONTENT="ständerna"/><SP WIDTH="16" VPOS="248" HPOS="687"/>
							<String ID="string_18" HPOS="703" VPOS="248" WIDTH="19" HEIGHT="27" WC="0.92" CONTENT="ej"/><SP WIDTH="15" VPOS="248" HPOS="722"/>
							<String ID="string_19" HPOS="737" VPOS="255" WIDTH="51" HEIGHT="15" WC="0.92" CONTENT="voro"/><SP WIDTH="16" VPOS="255" HPOS="788"/>
							<String ID="string_20" HPOS="804" VPOS="249" WIDTH="134" HEIGHT="33" WC="0.91" CONTENT="berättigade"/><SP WIDTH="15" VPOS="249" HPOS="938"/>
							<String ID="string_21" HPOS="953" VPOS="250" WIDTH="32" HEIGHT="19" WC="0.96" CONTENT="att"/><SP WIDTH="15" VPOS="250" HPOS="985"/>
							<String ID="string_22" HPOS="1000" VPOS="250" WIDTH="34" HEIGHT="20" WC="0.96" CONTENT="vid"/>
						</TextLine>
						<TextLine ID="line_3" HPOS="211" VPOS="276" WIDTH="824" HEIGHT="28">
							<String ID="string_23" HPOS="211" VPOS="277" WIDTH="70" HEIGHT="21" WC="0.92" CONTENT="denna"/><SP WIDTH="22" VPOS="277" HPOS="281"/>
							<String ID="string_24" HPOS="303" VPOS="276" WIDTH="102" HEIGHT="26" WC="0.91" CONTENT="landtdag"/><SP WIDTH="22" VPOS="276" HPOS="405"/>
							<String ID="string_25" HPOS="427" VPOS="276" WIDTH="91" HEIGHT="21" WC="0.92" CONTENT="slutföra"/><SP WIDTH="20" VPOS="276" HPOS="518"/>
							<String ID="string_26" HPOS="538" VPOS="276" WIDTH="75" HEIGHT="27" WC="0.92" CONTENT="frägan"/><SP WIDTH="23" VPOS="276" HPOS="613"/>
							<String ID="string_27" HPOS="636" VPOS="279" WIDTH="55" HEIGHT="19" WC="0.96" CONTENT="samt"/><SP WIDTH="23" VPOS="279" HPOS="691"/>
							<String ID="string_28" HPOS="714" VPOS="278" WIDTH="32" HEIGHT="20" WC="0.93" CONTENT="att"/><SP WIDTH="15" VPOS="278" HPOS="746"/>
							<String ID="string_29" HPOS="761" VPOS="277" WIDTH="107" HEIGHT="21" WC="0.92" CONTENT="utskottet"/><SP WIDTH="15" VPOS="277" HPOS="868"/>
							<String ID="string_30" HPOS="883" VPOS="278" WIDTH="18" HEIGHT="26" WC="0.93" CONTENT="ej"/><SP WIDTH="17" VPOS="278" HPOS="901"/>
							<String ID="string_31" HPOS="918" VPOS="277" WIDTH="66" HEIGHT="21" WC="0.93" CONTENT="heller"/><SP WIDTH="15" VPOS="277" HPOS="984"/>
							<String ID="string_32" HPOS="999" VPOS="279" WIDTH="36" HEIGHT="25" WC="0.91" CONTENT="ägt"/>
						</TextLine>
						<TextLine ID="line_4" HPOS="211" VPOS="288" WIDTH="823" HEIGHT="47">
							<String ID="string_33" HPOS="211" VPOS="306" WIDTH="43" HEIGHT="20" WC="0.95" CONTENT="rätt"/><SP WIDTH="16" VPOS="306" HPOS="254"/>
							<String ID="string_34" HPOS="270" VPOS="306" WIDTH="33" HEIGHT="19" WC="0.95" CONTENT="att"/><SP WIDTH="14" VPOS="306" HPOS="303"/>
							<String ID="string_35" HPOS="317" VPOS="288" WIDTH="108" HEIGHT="47" WC="0.88" CONTENT="uppställa"/><SP WIDTH="15" VPOS="288" HPOS="425"/>
							<String ID="string_36" HPOS="440" VPOS="306" WIDTH="78" HEIGHT="20" WC="0.92" CONTENT="tvänne"/><SP WIDTH="15" VPOS="306" HPOS="518"/>
							<String ID="string_37" HPOS="533" VPOS="305" WIDTH="128" HEIGHT="21" WC="0.92" CONTENT="alternativa"/><SP WIDTH="15" VPOS="305" HPOS="661"/>
							<String ID="string_38" HPOS="676" VPOS="305" WIDTH="87" HEIGHT="27" WC="0.96" CONTENT="förslag."/><SP WIDTH="24" VPOS="305" HPOS="763"/>
							<String ID="string_39" HPOS="787" VPOS="306" WIDTH="61" HEIGHT="21" WC="0.93" CONTENT="Dock"/><SP WIDTH="15" VPOS="306" HPOS="848"/>
							<String ID="string_40" HPOS="863" VPOS="306" WIDTH="74" HEIGHT="21" WC="0.92" CONTENT="trodde"/><SP WIDTH="16" VPOS="306" HPOS="937"/>
							<String ID="string_41" HPOS="953" VPOS="306" WIDTH="81" HEIGHT="21" WC="0.93" CONTENT="talaren"/>
						</TextLine>
						<TextLine ID="line_5" HPOS="211" VPOS="333" WIDTH="824" HEIGHT="27">
							<String ID="string_42" HPOS="211" VPOS="333" WIDTH="86" HEIGHT="21" WC="0.90" CONTENT="ständet"/><SP WIDTH="23" VPOS="333" HPOS="297"/>
							<String ID="string_43" HPOS="320" VPOS="333" WIDTH="53" HEIGHT="21" WC="0.92" CONTENT="böra"/><SP WIDTH="19" VPOS="333" HPOS="373"/>
							<String ID="string_44" HPOS="392" VPOS="333" WIDTH="97" HEIGHT="21" WC="0.93" CONTENT="meddela"/><SP WIDTH="16" VPOS="333" HPOS="489"/>
							<String ID="string_45" HPOS="505" VPOS="334" WIDTH="25" HEIGHT="20" WC="0.96" CONTENT="de"/><SP WIDTH="16" VPOS="334" HPOS="530"/>
							<String ID="string_46" HPOS="546" VPOS="334" WIDTH="151" HEIGHT="26" WC="0.96" CONTENT="upplysningar"/><SP WIDTH="15" VPOS="334" HPOS="697"/>
							<String ID="string_47" HPOS="712" VPOS="334" WIDTH="7" HEIGHT="20" WC="0.96" CONTENT="i"/><SP WIDTH="15" VPOS="334" HPOS="719"/>
							<String ID="string_48" HPOS="734" VPOS="334" WIDTH="72" HEIGHT="26" WC="0.96" CONTENT="saken,"/><SP WIDTH="16" VPOS="334" HPOS="806"/>
							<String ID="string_49" HPOS="822" VPOS="340" WIDTH="46" HEIGHT="16" WC="0.96" CONTENT="som"/><SP WIDTH="15" VPOS="340" HPOS="868"/>
							<String ID="string_50" HPOS="883" VPOS="334" WIDTH="34" HEIGHT="22" WC="0.96" CONTENT="för"/><SP WIDTH="15" VPOS="334" HPOS="917"/>
							<String ID="string_51" HPOS="932" VPOS="335" WIDTH="40" HEIGHT="21" WC="0.93" CONTENT="den"/><SP WIDTH="16" VPOS="335" HPOS="972"/>
							<String ID="string_52" HPOS="988" VPOS="334" WIDTH="47" HEIGHT="21" WC="0.92" CONTENT="blif-"/>
						</TextLine>
						<TextLine ID="line_6" HPOS="211" VPOS="361" WIDTH="445" HEIGHT="27">
							<String ID="string_53" HPOS="211" VPOS="362" WIDTH="69" HEIGHT="21" WC="0.92" CONTENT="vande"/><SP WIDTH="15" VPOS="362" HPOS="280"/>
							<String ID="string_54" HPOS="295" VPOS="362" WIDTH="94" HEIGHT="21" WC="0.87" CONTENT="komiten"/><SP WIDTH="16" VPOS="362" HPOS="389"/>
							<String ID="string_55" HPOS="405" VPOS="362" WIDTH="71" HEIGHT="20" WC="0.96" CONTENT="kunde"/><SP WIDTH="15" VPOS="362" HPOS="476"/>
							<String ID="string_56" HPOS="491" VPOS="361" WIDTH="67" HEIGHT="21" WC="0.93" CONTENT="finnas"/><SP WIDTH="15" VPOS="361" HPOS="558"/>
							<String ID="string_57" HPOS="573" VPOS="362" WIDTH="83" HEIGHT="26" WC="0.92" CONTENT="nödiga."/>
						</TextLine>
					</TextBlock>
				</ComposedBlock>
				<ComposedBlock ID="cblock_4" HPOS="209" VPOS="418" WIDTH="825" HEIGHT="675">
					<TextBlock ID="block_2" HPOS="209" VPOS="418" WIDTH="825" HEIGHT="675">
						<TextLine ID="line_7" HPOS="280" VPOS="418" WIDTH="754" HEIGHT="27">
							<String ID="string_58" HPOS="280" VPOS="418" WIDTH="91" HEIGHT="21" WC="0.91" CONTENT="Prosten"/><SP WIDTH="22" VPOS="418" HPOS="371"/>
							<String ID="string_59" HPOS="393" VPOS="418" WIDTH="78" HEIGHT="27" WC="0.93" CONTENT="Hjelt"/><SP WIDTH="22" VPOS="418" HPOS="471"/>
							<String ID="string_60" HPOS="493" VPOS="418" WIDTH="84" HEIGHT="27" WC="0.92" CONTENT="yttrade"/><SP WIDTH="21" VPOS="418" HPOS="577"/>
							<String ID="string_61" HPOS="598" VPOS="420" WIDTH="32" HEIGHT="19" WC="0.93" CONTENT="att"/><SP WIDTH="15" VPOS="420" HPOS="630"/>
							<String ID="string_62" HPOS="645" VPOS="418" WIDTH="75" HEIGHT="27" WC="0.93" CONTENT="frägan"/><SP WIDTH="16" VPOS="418" HPOS="720"/>
							<String ID="string_63" HPOS="736" VPOS="419" WIDTH="105" HEIGHT="21" WC="0.93" CONTENT="huruvida"/><SP WIDTH="15" VPOS="419" HPOS="841"/>
							<String ID="string_64" HPOS="856" VPOS="419" WIDTH="113" HEIGHT="21" WC="0.92" CONTENT="ständerna"/><SP WIDTH="15" VPOS="419" HPOS="969"/>
							<String ID="string_65" HPOS="984" VPOS="425" WIDTH="50" HEIGHT="15" WC="0.92" CONTENT="vore"/>
						</TextLine>
						<TextLine ID="line_8" HPOS="211" VPOS="446" WIDTH="823" HEIGHT="29">
							<String ID="string_66" HPOS="211" VPOS="447" WIDTH="134" HEIGHT="26" WC="0.91" CONTENT="berättigade"/><SP WIDTH="23" VPOS="447" HPOS="345"/>
							<String ID="string_67" HPOS="368" VPOS="447" WIDTH="51" HEIGHT="20" WC="0.93" CONTENT="eller"/><SP WIDTH="22" VPOS="447" HPOS="419"/>
							<String ID="string_68" HPOS="441" VPOS="447" WIDTH="47" HEIGHT="20" WC="0.93" CONTENT="icke"/><SP WIDTH="18" VPOS="447" HPOS="488"/>
							<String ID="string_69" HPOS="506" VPOS="448" WIDTH="32" HEIGHT="19" WC="0.93" CONTENT="att"/><SP WIDTH="15" VPOS="448" HPOS="538"/>
							<String ID="string_70" HPOS="553" VPOS="446" WIDTH="74" HEIGHT="27" WC="0.92" CONTENT="afgöra"/><SP WIDTH="15" VPOS="446" HPOS="627"/>
							<String ID="string_71" HPOS="642" VPOS="447" WIDTH="73" HEIGHT="26" WC="0.93" CONTENT="saken,"/><SP WIDTH="16" VPOS="447" HPOS="715"/>
							<String ID="string_72" HPOS="731" VPOS="447" WIDTH="95" HEIGHT="21" WC="0.92" CONTENT="berodde"/><SP WIDTH="15" VPOS="447" HPOS="826"/>
							<String ID="string_73" HPOS="841" VPOS="447" WIDTH="28" HEIGHT="27" WC="0.96" CONTENT="pä"/><SP WIDTH="15" VPOS="447" HPOS="869"/>
							<String ID="string_74" HPOS="884" VPOS="448" WIDTH="40" HEIGHT="21" WC="0.92" CONTENT="den"/><SP WIDTH="15" VPOS="448" HPOS="924"/>
							<String ID="string_75" HPOS="939" VPOS="447" WIDTH="95" HEIGHT="28" WC="0.88" CONTENT="tolkning"/>
						</TextLine>
						<TextLine ID="line_9" HPOS="212" VPOS="475" WIDTH="821" HEIGHT="27">
							<String ID="string_76" HPOS="212" VPOS="481" WIDTH="48" HEIGHT="15" WC="0.92" CONTENT="man"/><SP WIDTH="22" VPOS="481" HPOS="260"/>
							<String ID="string_77" HPOS="282" VPOS="475" WIDTH="37" HEIGHT="27" WC="0.95" CONTENT="gaf"/><SP WIDTH="22" VPOS="475" HPOS="319"/>
							<String ID="string_78" HPOS="341" VPOS="475" WIDTH="60" HEIGHT="21" WC="0.96" CONTENT="ordet"/><SP WIDTH="22" VPOS="475" HPOS="401"/>
							<String ID="string_79" HPOS="423" VPOS="475" WIDTH="103" HEIGHT="27" WC="0.91" CONTENT="slutföra."/><SP WIDTH="30" VPOS="475" HPOS="526"/>
							<String ID="string_80" HPOS="556" VPOS="475" WIDTH="42" HEIGHT="21" WC="0.96" CONTENT="För"/><SP WIDTH="22" VPOS="475" HPOS="598"/>
							<String ID="string_81" HPOS="620" VPOS="475" WIDTH="31" HEIGHT="21" WC="0.96" CONTENT="sin"/><SP WIDTH="23" VPOS="475" HPOS="651"/>
							<String ID="string_82" HPOS="674" VPOS="475" WIDTH="35" HEIGHT="21" WC="0.93" CONTENT="del"/><SP WIDTH="22" VPOS="475" HPOS="709"/>
							<String ID="string_83" HPOS="731" VPOS="476" WIDTH="77" HEIGHT="21" WC="0.94" CONTENT="trodde"/><SP WIDTH="15" VPOS="476" HPOS="808"/>
							<String ID="string_84" HPOS="823" VPOS="477" WIDTH="82" HEIGHT="20" WC="0.96" CONTENT="talaren"/><SP WIDTH="15" VPOS="477" HPOS="905"/>
							<String ID="string_85" HPOS="920" VPOS="477" WIDTH="113" HEIGHT="20" WC="0.96" CONTENT="ständerna"/>
						</TextLine>
						<TextLine ID="line_10" HPOS="211" VPOS="504" WIDTH="822" HEIGHT="27">
							<String ID="string_86" HPOS="211" VPOS="510" WIDTH="52" HEIGHT="15" WC="0.96" CONTENT="vara"/><SP WIDTH="22" VPOS="510" HPOS="263"/>
							<String ID="string_87" HPOS="285" VPOS="504" WIDTH="102" HEIGHT="27" WC="0.95" CONTENT="befogade"/><SP WIDTH="22" VPOS="504" HPOS="387"/>
							<String ID="string_88" HPOS="409" VPOS="505" WIDTH="33" HEIGHT="20" WC="0.96" CONTENT="att"/><SP WIDTH="22" VPOS="505" HPOS="442"/>
							<String ID="string_89" HPOS="464" VPOS="504" WIDTH="100" HEIGHT="26" WC="0.96" CONTENT="antingen"/><SP WIDTH="22" VPOS="504" HPOS="564"/>
							<String ID="string_90" HPOS="586" VPOS="505" WIDTH="78" HEIGHT="26" WC="0.95" CONTENT="antaga"/><SP WIDTH="23" VPOS="505" HPOS="664"/>
							<String ID="string_91" HPOS="687" VPOS="504" WIDTH="51" HEIGHT="21" WC="0.93" CONTENT="eller"/><SP WIDTH="22" VPOS="504" HPOS="738"/>
							<String ID="string_92" HPOS="760" VPOS="504" WIDTH="54" HEIGHT="21" WC="0.92" CONTENT="afslå"/><SP WIDTH="16" VPOS="504" HPOS="814"/>
							<String ID="string_93" HPOS="830" VPOS="505" WIDTH="104" HEIGHT="21" WC="0.92" CONTENT="komiténs"/><SP WIDTH="15" VPOS="505" HPOS="934"/>
							<String ID="string_94" HPOS="949" VPOS="505" WIDTH="84" HEIGHT="26" WC="0.96" CONTENT="förslag."/>
						</TextLine>
						<TextLine ID="line_11" HPOS="211" VPOS="532" WIDTH="822" HEIGHT="27">
							<String ID="string_95" HPOS="211" VPOS="533" WIDTH="42" HEIGHT="21" WC="0.93" CONTENT="Vid"/><SP WIDTH="23" VPOS="533" HPOS="253"/>
							<String ID="string_96" HPOS="276" VPOS="532" WIDTH="174" HEIGHT="27" WC="0.90" CONTENT="genomläsandet"/><SP WIDTH="20" VPOS="532" HPOS="450"/>
							<String ID="string_97" HPOS="470" VPOS="532" WIDTH="23" HEIGHT="21" WC="0.93" CONTENT="af"/><SP WIDTH="13" VPOS="532" HPOS="493"/>
							<String ID="string_98" HPOS="506" VPOS="532" WIDTH="104" HEIGHT="21" WC="0.92" CONTENT="komiténs"/><SP WIDTH="16" VPOS="532" HPOS="610"/>
							<String ID="string_99" HPOS="626" VPOS="533" WIDTH="134" HEIGHT="26" WC="0.91" CONTENT="protokoller"/><SP WIDTH="15" VPOS="533" HPOS="760"/>
							<String ID="string_100" HPOS="775" VPOS="533" WIDTH="50" HEIGHT="20" WC="0.96" CONTENT="fann"/><SP WIDTH="16" VPOS="533" HPOS="825"/>
							<String ID="string_101" HPOS="841" VPOS="539" WIDTH="47" HEIGHT="15" WC="0.96" CONTENT="man"/><SP WIDTH="16" VPOS="539" HPOS="888"/>
							<String ID="string_102" HPOS="904" VPOS="535" WIDTH="31" HEIGHT="19" WC="0.96" CONTENT="att"/><SP WIDTH="16" VPOS="535" HPOS="935"/>
							<String ID="string_103" HPOS="951" VPOS="533" WIDTH="42" HEIGHT="21" WC="0.96" CONTENT="alla"/><SP WIDTH="14" VPOS="533" HPOS="993"/>
							<String ID="string_104" HPOS="1007" VPOS="534" WIDTH="26" HEIGHT="20" WC="0.96" CONTENT="de"/>
						</TextLine>
						<TextLine ID="line_12" HPOS="211" VPOS="561" WIDTH="821" HEIGHT="27">
							<String ID="string_105" HPOS="211" VPOS="561" WIDTH="7" HEIGHT="20" WC="0.93" CONTENT="i"/><SP WIDTH="23" VPOS="561" HPOS="218"/>
							<String ID="string_106" HPOS="241" VPOS="561" WIDTH="94" HEIGHT="21" WC="0.92" CONTENT="komitén"/><SP WIDTH="23" VPOS="561" HPOS="335"/>
							<String ID="string_107" HPOS="358" VPOS="561" WIDTH="126" HEIGHT="25" WC="0.96" CONTENT="deltagande"/><SP WIDTH="22" VPOS="561" HPOS="484"/>
							<String ID="string_108" HPOS="506" VPOS="567" WIDTH="128" HEIGHT="19" WC="0.96" CONTENT="personerna"/><SP WIDTH="23" VPOS="567" HPOS="634"/>
							<String ID="string_109" HPOS="657" VPOS="561" WIDTH="55" HEIGHT="21" WC="0.93" CONTENT="hade"/><SP WIDTH="20" VPOS="561" HPOS="712"/>
							<String ID="string_110" HPOS="732" VPOS="562" WIDTH="55" HEIGHT="20" WC="0.93" CONTENT="varit"/><SP WIDTH="16" VPOS="562" HPOS="787"/>
							<String ID="string_111" HPOS="803" VPOS="562" WIDTH="141" HEIGHT="26" WC="0.92" CONTENT="räntegifvare"/><SP WIDTH="16" VPOS="562" HPOS="944"/>
							<String ID="string_112" HPOS="960" VPOS="562" WIDTH="39" HEIGHT="21" WC="0.96" CONTENT="och"/><SP WIDTH="15" VPOS="562" HPOS="999"/>
							<String ID="string_113" HPOS="1014" VPOS="562" WIDTH="18" HEIGHT="26" WC="0.96" CONTENT="ej"/>
						</TextLine>
						<TextLine ID="line_13" HPOS="212" VPOS="588" WIDTH="821" HEIGHT="28">
							<String ID="string_114" HPOS="212" VPOS="591" WIDTH="140" HEIGHT="24" WC="0.92" CONTENT="räntetagare."/><SP WIDTH="32" VPOS="591" HPOS="352"/>
							<String ID="string_115" HPOS="384" VPOS="589" WIDTH="31" HEIGHT="21" WC="0.96" CONTENT="De"/><SP WIDTH="24" VPOS="589" HPOS="415"/>
							<String ID="string_116" HPOS="439" VPOS="589" WIDTH="53" HEIGHT="21" WC="0.96" CONTENT="hade"/><SP WIDTH="23" VPOS="589" HPOS="492"/>
							<String ID="string_117" HPOS="515" VPOS="588" WIDTH="103" HEIGHT="22" WC="0.95" CONTENT="beräknat"/><SP WIDTH="20" VPOS="588" HPOS="618"/>
							<String ID="string_118" HPOS="638" VPOS="589" WIDTH="76" HEIGHT="26" WC="0.95" CONTENT="allting"/><SP WIDTH="22" VPOS="589" HPOS="714"/>
							<String ID="string_119" HPOS="736" VPOS="589" WIDTH="81" HEIGHT="21" WC="0.96" CONTENT="hälften"/><SP WIDTH="23" VPOS="589" HPOS="817"/>
							<String ID="string_120" HPOS="840" VPOS="590" WIDTH="57" HEIGHT="26" WC="0.96" CONTENT="lägre"/><SP WIDTH="22" VPOS="590" HPOS="897"/>
							<String ID="string_121" HPOS="919" VPOS="592" WIDTH="26" HEIGHT="18" WC="0.93" CONTENT="än"/><SP WIDTH="16" VPOS="592" HPOS="945"/>
							<String ID="string_122" HPOS="961" VPOS="590" WIDTH="72" HEIGHT="21" WC="0.91" CONTENT="veder-"/>
						</TextLine>
						<TextLine ID="line_14" HPOS="211" VPOS="617" WIDTH="822" HEIGHT="28">
							<String ID="string_123" HPOS="211" VPOS="618" WIDTH="70" HEIGHT="23" WC="0.91" CONTENT="bordt,"/><SP WIDTH="26" VPOS="618" HPOS="281"/>
							<String ID="string_124" HPOS="307" VPOS="618" WIDTH="23" HEIGHT="20" WC="0.95" CONTENT="så"/><SP WIDTH="22" VPOS="618" HPOS="330"/>
							<String ID="string_125" HPOS="352" VPOS="618" WIDTH="32" HEIGHT="20" WC="0.95" CONTENT="till"/><SP WIDTH="24" VPOS="618" HPOS="384"/>
							<String ID="string_126" HPOS="408" VPOS="618" WIDTH="94" HEIGHT="26" WC="0.96" CONTENT="exempel"/><SP WIDTH="16" VPOS="618" HPOS="502"/>
							<String ID="string_127" HPOS="518" VPOS="618" WIDTH="26" HEIGHT="20" WC="0.96" CONTENT="56"/><SP WIDTH="16" VPOS="618" HPOS="544"/>
							<String ID="string_128" HPOS="560" VPOS="618" WIDTH="60" HEIGHT="20" WC="0.96" CONTENT="mark"/><SP WIDTH="15" VPOS="618" HPOS="620"/>
							<String ID="string_129" HPOS="635" VPOS="617" WIDTH="32" HEIGHT="21" WC="0.96" CONTENT="för"/><SP WIDTH="16" VPOS="617" HPOS="667"/>
							<String ID="string_130" HPOS="683" VPOS="624" WIDTH="25" HEIGHT="14" WC="0.96" CONTENT="en"/><SP WIDTH="17" VPOS="624" HPOS="708"/>
							<String ID="string_131" HPOS="725" VPOS="624" WIDTH="38" HEIGHT="15" WC="0.96" CONTENT="oxe"/><SP WIDTH="17" VPOS="624" HPOS="763"/>
							<String ID="string_132" HPOS="780" VPOS="618" WIDTH="39" HEIGHT="21" WC="0.96" CONTENT="och"/><SP WIDTH="17" VPOS="618" HPOS="819"/>
							<String ID="string_133" HPOS="836" VPOS="620" WIDTH="26" HEIGHT="20" WC="0.93" CONTENT="20"/><SP WIDTH="16" VPOS="620" HPOS="862"/>
							<String ID="string_134" HPOS="878" VPOS="619" WIDTH="61" HEIGHT="26" WC="0.92" CONTENT="penni"/><SP WIDTH="15" VPOS="619" HPOS="939"/>
							<String ID="string_135" HPOS="954" VPOS="618" WIDTH="33" HEIGHT="21" WC="0.96" CONTENT="för"/><SP WIDTH="14" VPOS="618" HPOS="987"/>
							<String ID="string_136" HPOS="1001" VPOS="620" WIDTH="32" HEIGHT="19" WC="0.96" CONTENT="ett"/>
						</TextLine>
						<TextLine ID="line_15" HPOS="211" VPOS="646" WIDTH="821" HEIGHT="27">
							<String ID="string_137" HPOS="211" VPOS="646" WIDTH="84" HEIGHT="26" WC="0.92" CONTENT="lispund"/><SP WIDTH="23" VPOS="646" HPOS="295"/>
							<String ID="string_138" HPOS="318" VPOS="646" WIDTH="34" HEIGHT="20" WC="0.96" CONTENT="hö."/><SP WIDTH="31" VPOS="646" HPOS="352"/>
							<String ID="string_139" HPOS="383" VPOS="646" WIDTH="32" HEIGHT="20" WC="0.92" CONTENT="Då"/><SP WIDTH="23" VPOS="646" HPOS="415"/>
							<String ID="string_140" HPOS="438" VPOS="646" WIDTH="168" HEIGHT="26" WC="0.92" CONTENT="beräkningarne"/><SP WIDTH="20" VPOS="646" HPOS="606"/>
							<String ID="string_141" HPOS="626" VPOS="646" WIDTH="83" HEIGHT="21" WC="0.96" CONTENT="således"/><SP WIDTH="16" VPOS="646" HPOS="709"/>
							<String ID="string_142" HPOS="725" VPOS="652" WIDTH="50" HEIGHT="15" WC="0.96" CONTENT="voro"/><SP WIDTH="17" VPOS="652" HPOS="775"/>
							<String ID="string_143" HPOS="792" VPOS="646" WIDTH="97" HEIGHT="27" WC="0.96" CONTENT="oriktiga,"/><SP WIDTH="16" VPOS="646" HPOS="889"/>
							<String ID="string_144" HPOS="905" VPOS="647" WIDTH="70" HEIGHT="21" WC="0.93" CONTENT="kunde"/><SP WIDTH="16" VPOS="647" HPOS="975"/>
							<String ID="string_145" HPOS="991" VPOS="646" WIDTH="41" HEIGHT="22" WC="0.92" CONTENT="frå-"/>
						</TextLine>
						<TextLine ID="line_16" HPOS="211" VPOS="674" WIDTH="822" HEIGHT="27">
							<String ID="string_146" HPOS="211" VPOS="680" WIDTH="41" HEIGHT="21" WC="0.89" CONTENT="gan"/><SP WIDTH="23" VPOS="680" HPOS="252"/>
							<String ID="string_147" HPOS="275" VPOS="674" WIDTH="18" HEIGHT="26" WC="0.96" CONTENT="ej"/><SP WIDTH="24" VPOS="674" HPOS="293"/>
							<String ID="string_148" HPOS="317" VPOS="674" WIDTH="100" HEIGHT="21" WC="0.95" CONTENT="slutföras"/><SP WIDTH="19" VPOS="674" HPOS="417"/>
							<String ID="string_149" HPOS="436" VPOS="676" WIDTH="52" HEIGHT="19" WC="0.96" CONTENT="utan"/><SP WIDTH="21" VPOS="676" HPOS="488"/>
							<String ID="string_150" HPOS="509" VPOS="674" WIDTH="65" HEIGHT="21" WC="0.96" CONTENT="borde"/><SP WIDTH="16" VPOS="674" HPOS="574"/>
							<String ID="string_151" HPOS="590" VPOS="674" WIDTH="40" HEIGHT="21" WC="0.96" CONTENT="den"/><SP WIDTH="15" VPOS="674" HPOS="630"/>
							<String ID="string_152" HPOS="645" VPOS="674" WIDTH="78" HEIGHT="27" WC="0.96" CONTENT="nådiga"/><SP WIDTH="14" VPOS="674" HPOS="723"/>
							<String ID="string_153" HPOS="737" VPOS="675" WIDTH="160" HEIGHT="26" WC="0.96" CONTENT="propositionen"/><SP WIDTH="15" VPOS="675" HPOS="897"/>
							<String ID="string_154" HPOS="912" VPOS="675" WIDTH="23" HEIGHT="21" WC="0.96" CONTENT="af"/><SP WIDTH="14" VPOS="675" HPOS="935"/>
							<String ID="string_155" HPOS="949" VPOS="675" WIDTH="84" HEIGHT="22" WC="0.96" CONTENT="ståndet"/>
						</TextLine>
						<TextLine ID="line_17" HPOS="211" VPOS="703" WIDTH="820" HEIGHT="27">
							<String ID="string_156" HPOS="211" VPOS="705" WIDTH="96" HEIGHT="24" WC="0.88" CONTENT="antagas."/><SP WIDTH="31" VPOS="705" HPOS="307"/>
							<String ID="string_157" HPOS="338" VPOS="703" WIDTH="61" HEIGHT="20" WC="0.93" CONTENT="Hvad"/><SP WIDTH="23" VPOS="703" HPOS="399"/>
							<String ID="string_158" HPOS="422" VPOS="703" WIDTH="90" HEIGHT="26" WC="0.91" CONTENT="anginge"/><SP WIDTH="22" VPOS="703" HPOS="512"/>
							<String ID="string_159" HPOS="534" VPOS="703" WIDTH="120" HEIGHT="26" WC="0.91" CONTENT="vicepastor"/><SP WIDTH="22" VPOS="703" HPOS="654"/>
							<String ID="string_160" HPOS="676" VPOS="703" WIDTH="119" HEIGHT="21" WC="0.92" CONTENT="Johnssons"/><SP WIDTH="22" VPOS="703" HPOS="795"/>
							<String ID="string_161" HPOS="817" VPOS="703" WIDTH="122" HEIGHT="27" WC="0.95" CONTENT="anförande,"/><SP WIDTH="16" VPOS="703" HPOS="939"/>
							<String ID="string_162" HPOS="955" VPOS="704" WIDTH="25" HEIGHT="20" WC="0.96" CONTENT="så"/><SP WIDTH="14" VPOS="704" HPOS="980"/>
							<String ID="string_163" HPOS="994" VPOS="710" WIDTH="37" HEIGHT="14" WC="0.96" CONTENT="var"/>
						</TextLine>
						<TextLine ID="line_18" HPOS="212" VPOS="731" WIDTH="822" HEIGHT="27">
							<String ID="string_164" HPOS="212" VPOS="732" WIDTH="36" HEIGHT="20" WC="0.95" CONTENT="det"/><SP WIDTH="21" VPOS="732" HPOS="248"/>
							<String ID="string_165" HPOS="269" VPOS="731" WIDTH="103" HEIGHT="26" WC="0.96" CONTENT="naturligt"/><SP WIDTH="22" VPOS="731" HPOS="372"/>
							<String ID="string_166" HPOS="394" VPOS="733" WIDTH="33" HEIGHT="19" WC="0.96" CONTENT="att"/><SP WIDTH="21" VPOS="733" HPOS="427"/>
							<String ID="string_167" HPOS="448" VPOS="731" WIDTH="110" HEIGHT="21" WC="0.96" CONTENT="skatterna"/><SP WIDTH="21" VPOS="731" HPOS="558"/>
							<String ID="string_168" HPOS="579" VPOS="731" WIDTH="32" HEIGHT="21" WC="0.96" CONTENT="till"/><SP WIDTH="16" VPOS="731" HPOS="611"/>
							<String ID="string_169" HPOS="627" VPOS="731" WIDTH="62" HEIGHT="21" WC="0.96" CONTENT="deras"/><SP WIDTH="16" VPOS="731" HPOS="689"/>
							<String ID="string_170" HPOS="705" VPOS="731" WIDTH="77" HEIGHT="27" WC="0.96" CONTENT="belopp"/><SP WIDTH="16" VPOS="731" HPOS="782"/>
							<String ID="string_171" HPOS="798" VPOS="732" WIDTH="65" HEIGHT="26" WC="0.96" CONTENT="stigit,"/><SP WIDTH="17" VPOS="732" HPOS="863"/>
							<String ID="string_172" HPOS="880" VPOS="732" WIDTH="26" HEIGHT="21" WC="0.96" CONTENT="då"/><SP WIDTH="15" VPOS="732" HPOS="906"/>
							<String ID="string_173" HPOS="921" VPOS="738" WIDTH="25" HEIGHT="15" WC="0.96" CONTENT="en"/><SP WIDTH="16" VPOS="738" HPOS="946"/>
							<String ID="string_174" HPOS="962" VPOS="732" WIDTH="34" HEIGHT="21" WC="0.95" CONTENT="del"/><SP WIDTH="15" VPOS="732" HPOS="996"/>
							<String ID="string_175" HPOS="1011" VPOS="732" WIDTH="23" HEIGHT="21" WC="0.96" CONTENT="af"/>
						</TextLine>
						<TextLine ID="line_19" HPOS="211" VPOS="759" WIDTH="820" HEIGHT="28">
							<String ID="string_176" HPOS="211" VPOS="760" WIDTH="48" HEIGHT="21" WC="0.96" CONTENT="dem"/><SP WIDTH="18" VPOS="760" HPOS="259"/>
							<String ID="string_177" HPOS="277" VPOS="766" WIDTH="88" HEIGHT="15" WC="0.96" CONTENT="numera"/><SP WIDTH="20" VPOS="766" HPOS="365"/>
							<String ID="string_178" HPOS="385" VPOS="759" WIDTH="46" HEIGHT="21" WC="0.96" CONTENT="icke"/><SP WIDTH="15" VPOS="759" HPOS="431"/>
							<String ID="string_179" HPOS="446" VPOS="760" WIDTH="108" HEIGHT="26" WC="0.96" CONTENT="utgjordes"/><SP WIDTH="16" VPOS="760" HPOS="554"/>
							<String ID="string_180" HPOS="570" VPOS="760" WIDTH="21" HEIGHT="20" WC="0.96" CONTENT="in"/><SP WIDTH="15" VPOS="760" HPOS="591"/>
							<String ID="string_181" HPOS="606" VPOS="761" WIDTH="78" HEIGHT="20" WC="0.96" CONTENT="natura"/><SP WIDTH="15" VPOS="761" HPOS="684"/>
							<String ID="string_182" HPOS="699" VPOS="765" WIDTH="45" HEIGHT="16" WC="0.89" CONTENT="som"/><SP WIDTH="16" VPOS="765" HPOS="744"/>
							<String ID="string_183" HPOS="760" VPOS="759" WIDTH="114" HEIGHT="27" WC="0.89" CONTENT="tillförene,"/><SP WIDTH="15" VPOS="759" HPOS="874"/>
							<String ID="string_184" HPOS="889" VPOS="761" WIDTH="34" HEIGHT="20" WC="0.96" CONTENT="till"/><SP WIDTH="15" VPOS="761" HPOS="923"/>
							<String ID="string_185" HPOS="938" VPOS="761" WIDTH="93" HEIGHT="26" WC="0.95" CONTENT="exempel"/>
						</TextLine>
						<TextLine ID="line_20" HPOS="211" VPOS="788" WIDTH="820" HEIGHT="27">
							<String ID="string_186" HPOS="211" VPOS="788" WIDTH="95" HEIGHT="21" WC="0.91" CONTENT="räfskinn"/><SP WIDTH="23" VPOS="788" HPOS="306"/>
							<String ID="string_187" HPOS="329" VPOS="794" WIDTH="26" HEIGHT="14" WC="0.96" CONTENT="m."/><SP WIDTH="24" VPOS="794" HPOS="355"/>
							<String ID="string_188" HPOS="379" VPOS="795" WIDTH="26" HEIGHT="14" WC="0.92" CONTENT="m."/><SP WIDTH="24" VPOS="795" HPOS="405"/>
							<String ID="string_189" HPOS="429" VPOS="801" WIDTH="27" HEIGHT="2" WC="0.89" CONTENT="—"/><SP WIDTH="23" VPOS="801" HPOS="456"/>
							<String ID="string_190" HPOS="479" VPOS="788" WIDTH="47" HEIGHT="21" WC="0.96" CONTENT="med"/><SP WIDTH="20" VPOS="788" HPOS="526"/>
							<String ID="string_191" HPOS="546" VPOS="793" WIDTH="75" HEIGHT="16" WC="0.96" CONTENT="varans"/><SP WIDTH="16" VPOS="793" HPOS="621"/>
							<String ID="string_192" HPOS="637" VPOS="788" WIDTH="65" HEIGHT="27" WC="0.96" CONTENT="högre"/><SP WIDTH="16" VPOS="788" HPOS="702"/>
							<String ID="string_193" HPOS="718" VPOS="789" WIDTH="65" HEIGHT="20" WC="0.96" CONTENT="värde"/><SP WIDTH="16" VPOS="789" HPOS="783"/>
							<String ID="string_194" HPOS="799" VPOS="789" WIDTH="54" HEIGHT="21" WC="0.96" CONTENT="hade"/><SP WIDTH="16" VPOS="789" HPOS="853"/>
							<String ID="string_195" HPOS="869" VPOS="789" WIDTH="84" HEIGHT="21" WC="0.96" CONTENT="skatten"/><SP WIDTH="15" VPOS="789" HPOS="953"/>
							<String ID="string_196" HPOS="968" VPOS="789" WIDTH="63" HEIGHT="21" WC="0.96" CONTENT="också"/>
						</TextLine>
						<TextLine ID="line_21" HPOS="211" VPOS="816" WIDTH="820" HEIGHT="27">
							<String ID="string_197" HPOS="211" VPOS="817" WIDTH="65" HEIGHT="26" WC="0.95" CONTENT="stigit."/><SP WIDTH="30" VPOS="817" HPOS="276"/>
							<String ID="string_198" HPOS="306" VPOS="816" WIDTH="135" HEIGHT="21" WC="0.85" CONTENT="Beträffande"/><SP WIDTH="23" VPOS="816" HPOS="441"/>
							<String ID="string_199" HPOS="464" VPOS="817" WIDTH="46" HEIGHT="20" WC="0.96" CONTENT="åter"/><SP WIDTH="22" VPOS="817" HPOS="510"/>
							<String ID="string_200" HPOS="532" VPOS="817" WIDTH="168" HEIGHT="26" WC="0.96" CONTENT="anmärkningen"/><SP WIDTH="24" VPOS="817" HPOS="700"/>
							<String ID="string_201" HPOS="724" VPOS="817" WIDTH="72" HEIGHT="21" WC="0.96" CONTENT="derom"/><SP WIDTH="24" VPOS="817" HPOS="796"/>
							<String ID="string_202" HPOS="820" VPOS="819" WIDTH="32" HEIGHT="19" WC="0.96" CONTENT="att"/><SP WIDTH="21" VPOS="819" HPOS="852"/>
							<String ID="string_203" HPOS="873" VPOS="818" WIDTH="7" HEIGHT="20" WC="0.96" CONTENT="i"/><SP WIDTH="24" VPOS="818" HPOS="880"/>
							<String ID="string_204" HPOS="904" VPOS="817" WIDTH="127" HEIGHT="21" WC="0.95" CONTENT="Tavastland"/>
						</TextLine>
						<TextLine ID="line_22" HPOS="211" VPOS="844" WIDTH="820" HEIGHT="28">
							<String ID="string_205" HPOS="211" VPOS="845" WIDTH="68" HEIGHT="21" WC="0.96" CONTENT="skulle"/><SP WIDTH="15" VPOS="845" HPOS="279"/>
							<String ID="string_206" HPOS="294" VPOS="844" WIDTH="68" HEIGHT="22" WC="0.96" CONTENT="finnas"/><SP WIDTH="15" VPOS="844" HPOS="362"/>
							<String ID="string_207" HPOS="377" VPOS="847" WIDTH="55" HEIGHT="24" WC="0.96" CONTENT="torp,"/><SP WIDTH="16" VPOS="847" HPOS="432"/>
							<String ID="string_208" HPOS="448" VPOS="851" WIDTH="45" HEIGHT="15" WC="0.96" CONTENT="som"/><SP WIDTH="15" VPOS="851" HPOS="493"/>
							<String ID="string_209" HPOS="508" VPOS="845" WIDTH="46" HEIGHT="21" WC="0.96" CONTENT="icke"/><SP WIDTH="15" VPOS="845" HPOS="554"/>
							<String ID="string_210" HPOS="569" VPOS="851" WIDTH="50" HEIGHT="15" WC="0.93" CONTENT="vore"/><SP WIDTH="16" VPOS="851" HPOS="619"/>
							<String ID="string_211" HPOS="635" VPOS="845" WIDTH="129" HEIGHT="27" WC="0.90" CONTENT="skattlagda,"/><SP WIDTH="16" VPOS="845" HPOS="764"/>
							<String ID="string_212" HPOS="780" VPOS="845" WIDTH="24" HEIGHT="21" WC="0.96" CONTENT="så"/><SP WIDTH="15" VPOS="845" HPOS="804"/>
							<String ID="string_213" HPOS="819" VPOS="846" WIDTH="48" HEIGHT="21" WC="0.96" CONTENT="ville"/><SP WIDTH="16" VPOS="846" HPOS="867"/>
							<String ID="string_214" HPOS="883" VPOS="846" WIDTH="82" HEIGHT="21" WC="0.93" CONTENT="talaren"/><SP WIDTH="15" VPOS="846" HPOS="965"/>
							<String ID="string_215" HPOS="980" VPOS="852" WIDTH="51" HEIGHT="20" WC="0.90" CONTENT="upp-"/>
						</TextLine>
						<TextLine ID="line_23" HPOS="211" VPOS="873" WIDTH="818" HEIGHT="27">
							<String ID="string_216" HPOS="211" VPOS="874" WIDTH="46" HEIGHT="26" WC="0.96" CONTENT="lysa"/><SP WIDTH="15" VPOS="874" HPOS="257"/>
							<String ID="string_217" HPOS="272" VPOS="875" WIDTH="32" HEIGHT="20" WC="0.96" CONTENT="att"/><SP WIDTH="15" VPOS="875" HPOS="304"/>
							<String ID="string_218" HPOS="319" VPOS="874" WIDTH="48" HEIGHT="20" WC="0.95" CONTENT="med"/><SP WIDTH="15" VPOS="874" HPOS="367"/>
							<String ID="string_219" HPOS="382" VPOS="874" WIDTH="62" HEIGHT="21" WC="0.96" CONTENT="dessa"/><SP WIDTH="14" VPOS="874" HPOS="444"/>
							<String ID="string_220" HPOS="458" VPOS="876" WIDTH="48" HEIGHT="23" WC="0.93" CONTENT="torp"/><SP WIDTH="15" VPOS="876" HPOS="506"/>
							<String ID="string_221" HPOS="521" VPOS="873" WIDTH="89" HEIGHT="21" WC="0.92" CONTENT="förhölle"/><SP WIDTH="16" VPOS="873" HPOS="610"/>
							<String ID="string_222" HPOS="626" VPOS="873" WIDTH="37" HEIGHT="22" WC="0.96" CONTENT="det"/><SP WIDTH="14" VPOS="873" HPOS="663"/>
							<String ID="string_223" HPOS="677" VPOS="874" WIDTH="32" HEIGHT="26" WC="0.96" CONTENT="sig"/><SP WIDTH="18" VPOS="874" HPOS="709"/>
							<String ID="string_224" HPOS="727" VPOS="874" WIDTH="27" HEIGHT="26" WC="0.96" CONTENT="på"/><SP WIDTH="16" VPOS="874" HPOS="754"/>
							<String ID="string_225" HPOS="770" VPOS="879" WIDTH="81" HEIGHT="16" WC="0.95" CONTENT="samma"/><SP WIDTH="15" VPOS="879" HPOS="851"/>
							<String ID="string_226" HPOS="866" VPOS="875" WIDTH="43" HEIGHT="20" WC="0.96" CONTENT="sätt"/><SP WIDTH="15" VPOS="875" HPOS="909"/>
							<String ID="string_227" HPOS="924" VPOS="881" WIDTH="43" HEIGHT="14" WC="0.96" CONTENT="som"/><SP WIDTH="17" VPOS="881" HPOS="967"/>
							<String ID="string_228" HPOS="984" VPOS="875" WIDTH="45" HEIGHT="20" WC="0.96" CONTENT="med"/>
						</TextLine>
						<TextLine ID="line_24" HPOS="211" VPOS="901" WIDTH="820" HEIGHT="28">
							<String ID="string_229" HPOS="211" VPOS="901" WIDTH="116" HEIGHT="28" WC="0.96" CONTENT="nybyggen,"/><SP WIDTH="24" VPOS="901" HPOS="327"/>
							<String ID="string_230" HPOS="351" VPOS="908" WIDTH="44" HEIGHT="15" WC="0.96" CONTENT="som"/><SP WIDTH="23" VPOS="908" HPOS="395"/>
							<String ID="string_231" HPOS="418" VPOS="904" WIDTH="56" HEIGHT="19" WC="0.96" CONTENT="ännu"/><SP WIDTH="22" VPOS="904" HPOS="474"/>
							<String ID="string_232" HPOS="496" VPOS="902" WIDTH="46" HEIGHT="21" WC="0.96" CONTENT="icke"/><SP WIDTH="22" VPOS="902" HPOS="542"/>
							<String ID="string_233" HPOS="564" VPOS="902" WIDTH="76" HEIGHT="21" WC="0.93" CONTENT="hunnit"/><SP WIDTH="22" VPOS="902" HPOS="640"/>
							<String ID="string_234" HPOS="662" VPOS="902" WIDTH="82" HEIGHT="21" WC="0.91" CONTENT="åsättas"/><SP WIDTH="18" VPOS="902" HPOS="744"/>
							<String ID="string_235" HPOS="762" VPOS="903" WIDTH="65" HEIGHT="20" WC="0.96" CONTENT="skatt."/><SP WIDTH="31" VPOS="903" HPOS="827"/>
							<String ID="string_236" HPOS="858" VPOS="903" WIDTH="42" HEIGHT="20" WC="0.96" CONTENT="För"/><SP WIDTH="16" VPOS="903" HPOS="900"/>
							<String ID="string_237" HPOS="916" VPOS="902" WIDTH="63" HEIGHT="27" WC="0.96" CONTENT="öfrigt"/><SP WIDTH="15" VPOS="902" HPOS="979"/>
							<String ID="string_238" HPOS="994" VPOS="909" WIDTH="37" HEIGHT="14" WC="0.95" CONTENT="var"/>
						</TextLine>
						<TextLine ID="line_25" HPOS="211" VPOS="931" WIDTH="819" HEIGHT="27">
							<String ID="string_239" HPOS="211" VPOS="931" WIDTH="283" HEIGHT="26" WC="0.92" CONTENT="nybyggesundervisningen"/><SP WIDTH="24" VPOS="931" HPOS="494"/>
							<String ID="string_240" HPOS="518" VPOS="937" WIDTH="25" HEIGHT="14" WC="0.96" CONTENT="en"/><SP WIDTH="23" VPOS="937" HPOS="543"/>
							<String ID="string_241" HPOS="566" VPOS="931" WIDTH="104" HEIGHT="26" WC="0.96" CONTENT="tredjedel"/><SP WIDTH="21" VPOS="931" HPOS="670"/>
							<String ID="string_242" HPOS="691" VPOS="931" WIDTH="67" HEIGHT="26" WC="0.96" CONTENT="högre"/><SP WIDTH="24" VPOS="931" HPOS="758"/>
							<String ID="string_243" HPOS="782" VPOS="933" WIDTH="27" HEIGHT="18" WC="0.96" CONTENT="än"/><SP WIDTH="23" VPOS="933" HPOS="809"/>
							<String ID="string_244" HPOS="832" VPOS="931" WIDTH="40" HEIGHT="27" WC="0.96" CONTENT="den"/><SP WIDTH="23" VPOS="931" HPOS="872"/>
							<String ID="string_245" HPOS="895" VPOS="937" WIDTH="44" HEIGHT="15" WC="0.93" CONTENT="som"/><SP WIDTH="22" VPOS="937" HPOS="939"/>
							<String ID="string_246" HPOS="961" VPOS="931" WIDTH="69" HEIGHT="26" WC="0.95" CONTENT="gällde"/>
						</TextLine>
						<TextLine ID="line_26" HPOS="210" VPOS="959" WIDTH="821" HEIGHT="27">
							<String ID="string_247" HPOS="210" VPOS="959" WIDTH="71" HEIGHT="26" WC="0.96" CONTENT="gamla"/><SP WIDTH="15" VPOS="959" HPOS="281"/>
							<String ID="string_248" HPOS="296" VPOS="959" WIDTH="104" HEIGHT="21" WC="0.96" CONTENT="hemman."/><SP WIDTH="30" VPOS="959" HPOS="400"/>
							<String ID="string_249" HPOS="430" VPOS="959" WIDTH="38" HEIGHT="21" WC="0.87" CONTENT="Att"/><SP WIDTH="15" VPOS="959" HPOS="468"/>
							<String ID="string_250" HPOS="483" VPOS="959" WIDTH="335" HEIGHT="27" WC="0.91" CONTENT="räntepersedleundervisningen"/><SP WIDTH="12" VPOS="959" HPOS="818"/>
							<String ID="string_251" HPOS="830" VPOS="960" WIDTH="6" HEIGHT="20" WC="0.96" CONTENT="i"/><SP WIDTH="14" VPOS="960" HPOS="836"/>
							<String ID="string_252" HPOS="850" VPOS="959" WIDTH="136" HEIGHT="22" WC="0.95" CONTENT="Österbotten"/><SP WIDTH="8" VPOS="959" HPOS="986"/>
							<String ID="string_253" HPOS="994" VPOS="966" WIDTH="37" HEIGHT="15" WC="0.95" CONTENT="var"/>
						</TextLine>
						<TextLine ID="line_27" HPOS="210" VPOS="987" WIDTH="820" HEIGHT="28">
							<String ID="string_254" HPOS="210" VPOS="988" WIDTH="66" HEIGHT="26" WC="0.96" CONTENT="högre"/><SP WIDTH="16" VPOS="988" HPOS="276"/>
							<String ID="string_255" HPOS="292" VPOS="989" WIDTH="27" HEIGHT="19" WC="0.96" CONTENT="än"/><SP WIDTH="14" VPOS="989" HPOS="319"/>
							<String ID="string_256" HPOS="333" VPOS="988" WIDTH="7" HEIGHT="21" WC="0.97" CONTENT="i"/><SP WIDTH="15" VPOS="988" HPOS="340"/>
							<String ID="string_257" HPOS="355" VPOS="988" WIDTH="64" HEIGHT="21" WC="0.96" CONTENT="södra"/><SP WIDTH="14" VPOS="988" HPOS="419"/>
							<String ID="string_258" HPOS="433" VPOS="987" WIDTH="89" HEIGHT="21" WC="0.96" CONTENT="Finland"/><SP WIDTH="15" VPOS="987" HPOS="522"/>
							<String ID="string_259" HPOS="537" VPOS="987" WIDTH="103" HEIGHT="22" WC="0.96" CONTENT="härrörde"/><SP WIDTH="16" VPOS="987" HPOS="640"/>
							<String ID="string_260" HPOS="656" VPOS="988" WIDTH="31" HEIGHT="27" WC="0.96" CONTENT="sig"/><SP WIDTH="15" VPOS="988" HPOS="687"/>
							<String ID="string_261" HPOS="702" VPOS="987" WIDTH="24" HEIGHT="23" WC="0.96" CONTENT="af"/><SP WIDTH="14" VPOS="987" HPOS="726"/>
							<String ID="string_262" HPOS="740" VPOS="988" WIDTH="36" HEIGHT="21" WC="0.96" CONTENT="det"/><SP WIDTH="16" VPOS="988" HPOS="776"/>
							<String ID="string_263" HPOS="792" VPOS="988" WIDTH="46" HEIGHT="21" WC="0.96" CONTENT="skäl"/><SP WIDTH="10" VPOS="988" HPOS="838"/>
							<String ID="string_264" HPOS="848" VPOS="990" WIDTH="33" HEIGHT="25" WC="0.96" CONTENT="att"/><SP WIDTH="10" VPOS="990" HPOS="881"/>
							<String ID="string_265" HPOS="891" VPOS="989" WIDTH="84" HEIGHT="20" WC="0.96" CONTENT="skatten"/><SP WIDTH="8" VPOS="989" HPOS="975"/>
							<String ID="string_266" HPOS="983" VPOS="989" WIDTH="47" HEIGHT="20" WC="0.96" CONTENT="stod"/>
						</TextLine>
						<TextLine ID="line_28" HPOS="210" VPOS="1016" WIDTH="821" HEIGHT="27">
							<String ID="string_267" HPOS="210" VPOS="1017" WIDTH="7" HEIGHT="20" WC="0.96" CONTENT="i"/><SP WIDTH="22" VPOS="1017" HPOS="217"/>
							<String ID="string_268" HPOS="239" VPOS="1016" WIDTH="86" HEIGHT="21" WC="0.96" CONTENT="relativt"/><SP WIDTH="20" VPOS="1016" HPOS="325"/>
							<String ID="string_269" HPOS="345" VPOS="1016" WIDTH="132" HEIGHT="21" WC="0.96" CONTENT="förhållande"/><SP WIDTH="23" VPOS="1016" HPOS="477"/>
							<String ID="string_270" HPOS="500" VPOS="1016" WIDTH="32" HEIGHT="21" WC="0.93" CONTENT="till"/><SP WIDTH="20" VPOS="1016" HPOS="532"/>
							<String ID="string_271" HPOS="552" VPOS="1017" WIDTH="132" HEIGHT="26" WC="0.91" CONTENT="jordvidden,"/><SP WIDTH="25" VPOS="1017" HPOS="684"/>
							<String ID="string_272" HPOS="709" VPOS="1017" WIDTH="89" HEIGHT="20" WC="0.96" CONTENT="emedan"/><SP WIDTH="22" VPOS="1017" HPOS="798"/>
							<String ID="string_273" HPOS="820" VPOS="1017" WIDTH="7" HEIGHT="20" WC="0.96" CONTENT="i"/><SP WIDTH="21" VPOS="1017" HPOS="827"/>
							<String ID="string_274" HPOS="848" VPOS="1017" WIDTH="136" HEIGHT="21" WC="0.96" CONTENT="Österbotten"/><SP WIDTH="17" VPOS="1017" HPOS="984"/>
							<String ID="string_275" HPOS="1001" VPOS="1019" WIDTH="30" HEIGHT="19" WC="0.96" CONTENT="ett"/>
						</TextLine>
						<TextLine ID="line_29" HPOS="210" VPOS="1045" WIDTH="822" HEIGHT="21">
							<String ID="string_276" HPOS="210" VPOS="1045" WIDTH="135" HEIGHT="21" WC="0.91" CONTENT="åttondedels"/><SP WIDTH="22" VPOS="1045" HPOS="345"/>
							<String ID="string_277" HPOS="367" VPOS="1045" WIDTH="80" HEIGHT="20" WC="0.96" CONTENT="mantal"/><SP WIDTH="22" VPOS="1045" HPOS="447"/>
							<String ID="string_278" HPOS="469" VPOS="1045" WIDTH="88" HEIGHT="20" WC="0.96" CONTENT="svarade"/><SP WIDTH="22" VPOS="1045" HPOS="557"/>
							<String ID="string_279" HPOS="579" VPOS="1047" WIDTH="45" HEIGHT="18" WC="0.95" CONTENT="mot"/><SP WIDTH="22" VPOS="1047" HPOS="624"/>
							<String ID="string_280" HPOS="646" VPOS="1045" WIDTH="51" HEIGHT="21" WC="0.96" CONTENT="flere"/><SP WIDTH="23" VPOS="1045" HPOS="697"/>
							<String ID="string_281" HPOS="720" VPOS="1045" WIDTH="82" HEIGHT="21" WC="0.96" CONTENT="mantal"/><SP WIDTH="18" VPOS="1045" HPOS="802"/>
							<String ID="string_282" HPOS="820" VPOS="1045" WIDTH="6" HEIGHT="20" WC="0.96" CONTENT="i"/><SP WIDTH="21" VPOS="1045" HPOS="826"/>
							<String ID="string_283" HPOS="847" VPOS="1045" WIDTH="63" HEIGHT="21" WC="0.96" CONTENT="södra"/><SP WIDTH="21" VPOS="1045" HPOS="910"/>
							<String ID="string_284" HPOS="931" VPOS="1045" WIDTH="60" HEIGHT="21" WC="0.96" CONTENT="delen"/><SP WIDTH="19" VPOS="1045" HPOS="991"/>
							<String ID="string_285" HPOS="1010" VPOS="1045" WIDTH="22" HEIGHT="21" WC="0.96" CONTENT="af"/>
						</TextLine>
						<TextLine ID="line_30" HPOS="209" VPOS="1073" WIDTH="79" HEIGHT="20">
							<String ID="string_286" HPOS="209" VPOS="1073" WIDTH="79" HEIGHT="20" WC="0.95" CONTENT="landet."/>
						</TextLine>
					</TextBlock>
				</ComposedBlock>
				<ComposedBlock ID="cblock_5" HPOS="209" VPOS="1129" WIDTH="822" HEIGHT="254">
					<TextBlock ID="block_3" HPOS="209" VPOS="1129" WIDTH="822" HEIGHT="254">
						<TextLine ID="line_31" HPOS="279" VPOS="1129" WIDTH="752" HEIGHT="28">
							<String ID="string_287" HPOS="279" VPOS="1129" WIDTH="153" HEIGHT="26" WC="0.91" CONTENT="Kyrkoherden"/><SP WIDTH="22" VPOS="1129" HPOS="432"/>
							<String ID="string_288" HPOS="454" VPOS="1129" WIDTH="108" HEIGHT="21" WC="0.96" CONTENT="Castrén"/><SP WIDTH="22" VPOS="1129" HPOS="562"/>
							<String ID="string_289" HPOS="584" VPOS="1129" WIDTH="98" HEIGHT="28" WC="0.94" CONTENT="biträdde"/><SP WIDTH="15" VPOS="1129" HPOS="682"/>
							<String ID="string_290" HPOS="697" VPOS="1129" WIDTH="29" HEIGHT="27" WC="0.96" CONTENT="på"/><SP WIDTH="15" VPOS="1129" HPOS="726"/>
							<String ID="string_291" HPOS="741" VPOS="1129" WIDTH="36" HEIGHT="21" WC="0.96" CONTENT="det"/><SP WIDTH="15" VPOS="1129" HPOS="777"/>
							<String ID="string_292" HPOS="792" VPOS="1131" WIDTH="106" HEIGHT="20" WC="0.93" CONTENT="varmaste"/><SP WIDTH="15" VPOS="1131" HPOS="898"/>
							<String ID="string_293" HPOS="913" VPOS="1129" WIDTH="118" HEIGHT="27" WC="0.92" CONTENT="vicepastor"/>
						</TextLine>
						<TextLine ID="line_32" HPOS="210" VPOS="1157" WIDTH="821" HEIGHT="28">
							<String ID="string_294" HPOS="210" VPOS="1157" WIDTH="117" HEIGHT="22" WC="0.92" CONTENT="Johnssons"/><SP WIDTH="23" VPOS="1157" HPOS="327"/>
							<String ID="string_295" HPOS="350" VPOS="1157" WIDTH="60" HEIGHT="26" WC="0.91" CONTENT="äsigt."/><SP WIDTH="31" VPOS="1157" HPOS="410"/>
							<String ID="string_296" HPOS="441" VPOS="1157" WIDTH="156" HEIGHT="22" WC="0.91" CONTENT="Skattebördan"/><SP WIDTH="15" VPOS="1157" HPOS="597"/>
							<String ID="string_297" HPOS="612" VPOS="1158" WIDTH="8" HEIGHT="21" WC="0.96" CONTENT="i"/><SP WIDTH="16" VPOS="1158" HPOS="620"/>
							<String ID="string_298" HPOS="636" VPOS="1158" WIDTH="138" HEIGHT="21" WC="0.96" CONTENT="Österbotten"/><SP WIDTH="16" VPOS="1158" HPOS="774"/>
							<String ID="string_299" HPOS="790" VPOS="1164" WIDTH="37" HEIGHT="15" WC="0.93" CONTENT="var"/><SP WIDTH="15" VPOS="1164" HPOS="827"/>
							<String ID="string_300" HPOS="842" VPOS="1157" WIDTH="117" HEIGHT="28" WC="0.92" CONTENT="mångfaldt"/><SP WIDTH="15" VPOS="1157" HPOS="959"/>
							<String ID="string_301" HPOS="974" VPOS="1165" WIDTH="57" HEIGHT="14" WC="0.96" CONTENT="mera"/>
						</TextLine>
						<TextLine ID="line_33" HPOS="210" VPOS="1186" WIDTH="821" HEIGHT="27">
							<String ID="string_302" HPOS="210" VPOS="1186" WIDTH="116" HEIGHT="27" WC="0.92" CONTENT="tryckande"/><SP WIDTH="15" VPOS="1186" HPOS="326"/>
							<String ID="string_303" HPOS="341" VPOS="1187" WIDTH="27" HEIGHT="19" WC="0.96" CONTENT="än"/><SP WIDTH="15" VPOS="1187" HPOS="368"/>
							<String ID="string_304" HPOS="383" VPOS="1187" WIDTH="6" HEIGHT="20" WC="0.95" CONTENT="i"/><SP WIDTH="16" VPOS="1187" HPOS="389"/>
							<String ID="string_305" HPOS="405" VPOS="1186" WIDTH="63" HEIGHT="21" WC="0.96" CONTENT="södra"/><SP WIDTH="15" VPOS="1186" HPOS="468"/>
							<String ID="string_306" HPOS="483" VPOS="1186" WIDTH="96" HEIGHT="21" WC="0.95" CONTENT="Finland."/><SP WIDTH="30" VPOS="1186" HPOS="579"/>
							<String ID="string_307" HPOS="609" VPOS="1186" WIDTH="50" HEIGHT="21" WC="0.96" CONTENT="Man"/><SP WIDTH="16" VPOS="1186" HPOS="659"/>
							<String ID="string_308" HPOS="675" VPOS="1187" WIDTH="55" HEIGHT="20" WC="0.96" CONTENT="hade"/><SP WIDTH="16" VPOS="1187" HPOS="730"/>
							<String ID="string_309" HPOS="746" VPOS="1187" WIDTH="34" HEIGHT="20" WC="0.92" CONTENT="väl"/><SP WIDTH="16" VPOS="1187" HPOS="780"/>
							<String ID="string_310" HPOS="796" VPOS="1189" WIDTH="47" HEIGHT="24" WC="0.92" CONTENT="sagt"/><SP WIDTH="15" VPOS="1189" HPOS="843"/>
							<String ID="string_311" HPOS="858" VPOS="1188" WIDTH="32" HEIGHT="19" WC="0.97" CONTENT="att"/><SP WIDTH="11" VPOS="1188" HPOS="890"/>
							<String ID="string_312" HPOS="901" VPOS="1186" WIDTH="130" HEIGHT="21" WC="0.96" CONTENT="beträffande"/>
						</TextLine>
						<TextLine ID="line_34" HPOS="210" VPOS="1214" WIDTH="820" HEIGHT="28">
							<String ID="string_313" HPOS="210" VPOS="1215" WIDTH="137" HEIGHT="20" WC="0.96" CONTENT="Österbotten"/><SP WIDTH="23" VPOS="1215" HPOS="347"/>
							<String ID="string_314" HPOS="370" VPOS="1215" WIDTH="7" HEIGHT="20" WC="0.93" CONTENT="i"/><SP WIDTH="22" VPOS="1215" HPOS="377"/>
							<String ID="string_315" HPOS="399" VPOS="1214" WIDTH="139" HEIGHT="21" WC="0.95" CONTENT="betraktande"/><SP WIDTH="22" VPOS="1214" HPOS="538"/>
							<String ID="string_316" HPOS="560" VPOS="1215" WIDTH="68" HEIGHT="21" WC="0.92" CONTENT="borde"/><SP WIDTH="22" VPOS="1215" HPOS="628"/>
							<String ID="string_317" HPOS="650" VPOS="1217" WIDTH="59" HEIGHT="24" WC="0.96" CONTENT="tagas"/><SP WIDTH="17" VPOS="1217" HPOS="709"/>
							<String ID="string_318" HPOS="726" VPOS="1215" WIDTH="41" HEIGHT="21" WC="0.96" CONTENT="den"/><SP WIDTH="15" VPOS="1215" HPOS="767"/>
							<String ID="string_319" HPOS="782" VPOS="1217" WIDTH="70" HEIGHT="19" WC="0.93" CONTENT="större"/><SP WIDTH="13" VPOS="1217" HPOS="852"/>
							<String ID="string_320" HPOS="865" VPOS="1215" WIDTH="104" HEIGHT="27" WC="0.91" CONTENT="jordvidd,"/><SP WIDTH="16" VPOS="1215" HPOS="969"/>
							<String ID="string_321" HPOS="985" VPOS="1221" WIDTH="45" HEIGHT="15" WC="0.96" CONTENT="som"/>
						</TextLine>
						<TextLine ID="line_35" HPOS="210" VPOS="1243" WIDTH="820" HEIGHT="27">
							<String ID="string_322" HPOS="210" VPOS="1243" WIDTH="37" HEIGHT="21" WC="0.95" CONTENT="der"/><SP WIDTH="22" VPOS="1243" HPOS="247"/>
							<String ID="string_323" HPOS="269" VPOS="1243" WIDTH="105" HEIGHT="21" WC="0.95" CONTENT="beräknas"/><SP WIDTH="23" VPOS="1243" HPOS="374"/>
							<String ID="string_324" HPOS="397" VPOS="1243" WIDTH="26" HEIGHT="26" WC="0.93" CONTENT="pä"/><SP WIDTH="23" VPOS="1243" HPOS="423"/>
							<String ID="string_325" HPOS="446" VPOS="1243" WIDTH="108" HEIGHT="26" WC="0.92" CONTENT="mantalet,"/><SP WIDTH="22" VPOS="1243" HPOS="554"/>
							<String ID="string_326" HPOS="576" VPOS="1250" WIDTH="48" HEIGHT="14" WC="0.90" CONTENT="men"/><SP WIDTH="23" VPOS="1250" HPOS="624"/>
							<String ID="string_327" HPOS="647" VPOS="1243" WIDTH="75" HEIGHT="21" WC="0.90" CONTENT="härvid"/><SP WIDTH="16" VPOS="1243" HPOS="722"/>
							<String ID="string_328" HPOS="738" VPOS="1244" WIDTH="67" HEIGHT="21" WC="0.93" CONTENT="borde"/><SP WIDTH="16" VPOS="1244" HPOS="805"/>
							<String ID="string_329" HPOS="821" VPOS="1243" WIDTH="18" HEIGHT="27" WC="0.91" CONTENT="ej"/><SP WIDTH="17" VPOS="1243" HPOS="839"/>
							<String ID="string_330" HPOS="856" VPOS="1244" WIDTH="67" HEIGHT="21" WC="0.93" CONTENT="heller"/><SP WIDTH="14" VPOS="1244" HPOS="923"/>
							<String ID="string_331" HPOS="937" VPOS="1243" WIDTH="93" HEIGHT="26" WC="0.93" CONTENT="förgätas"/>
						</TextLine>
						<TextLine ID="line_36" HPOS="210" VPOS="1271" WIDTH="820" HEIGHT="27">
							<String ID="string_332" HPOS="210" VPOS="1271" WIDTH="41" HEIGHT="21" WC="0.93" CONTENT="den"/><SP WIDTH="22" VPOS="1271" HPOS="251"/>
							<String ID="string_333" HPOS="273" VPOS="1273" WIDTH="68" HEIGHT="20" WC="0.93" CONTENT="sämre"/><SP WIDTH="25" VPOS="1273" HPOS="341"/>
							<String ID="string_334" HPOS="366" VPOS="1271" WIDTH="144" HEIGHT="22" WC="0.91" CONTENT="beskaftenhet"/><SP WIDTH="13" VPOS="1271" HPOS="510"/>
							<String ID="string_335" HPOS="523" VPOS="1271" WIDTH="76" HEIGHT="27" WC="0.96" CONTENT="jorden"/><SP WIDTH="15" VPOS="1271" HPOS="599"/>
							<String ID="string_336" HPOS="614" VPOS="1272" WIDTH="7" HEIGHT="21" WC="0.96" CONTENT="i"/><SP WIDTH="16" VPOS="1272" HPOS="621"/>
							<String ID="string_337" HPOS="637" VPOS="1272" WIDTH="68" HEIGHT="21" WC="0.96" CONTENT="denna"/><SP WIDTH="17" VPOS="1272" HPOS="705"/>
							<String ID="string_338" HPOS="722" VPOS="1272" WIDTH="33" HEIGHT="21" WC="0.97" CONTENT="del"/><SP WIDTH="17" VPOS="1272" HPOS="755"/>
							<String ID="string_339" HPOS="772" VPOS="1272" WIDTH="22" HEIGHT="21" WC="0.96" CONTENT="af"/><SP WIDTH="14" VPOS="1272" HPOS="794"/>
							<String ID="string_340" HPOS="808" VPOS="1272" WIDTH="72" HEIGHT="21" WC="0.96" CONTENT="landet"/><SP WIDTH="15" VPOS="1272" HPOS="880"/>
							<String ID="string_341" HPOS="895" VPOS="1272" WIDTH="45" HEIGHT="21" WC="0.92" CONTENT="har."/><SP WIDTH="31" VPOS="1272" HPOS="940"/>
							<String ID="string_342" HPOS="971" VPOS="1272" WIDTH="59" HEIGHT="21" WC="0.93" CONTENT="Tala-"/>
						</TextLine>
						<TextLine ID="line_37" HPOS="210" VPOS="1300" WIDTH="820" HEIGHT="27">
							<String ID="string_343" HPOS="210" VPOS="1306" WIDTH="37" HEIGHT="14" WC="0.95" CONTENT="ren"/><SP WIDTH="24" VPOS="1306" HPOS="247"/>
							<String ID="string_344" HPOS="271" VPOS="1300" WIDTH="54" HEIGHT="21" WC="0.93" CONTENT="hade"/><SP WIDTH="22" VPOS="1300" HPOS="325"/>
							<String ID="string_345" HPOS="347" VPOS="1300" WIDTH="64" HEIGHT="21" WC="0.92" CONTENT="ocksä"/><SP WIDTH="16" VPOS="1300" HPOS="411"/>
							<String ID="string_346" HPOS="427" VPOS="1300" WIDTH="30" HEIGHT="26" WC="0.93" CONTENT="sig"/><SP WIDTH="15" VPOS="1300" HPOS="457"/>
							<String ID="string_347" HPOS="472" VPOS="1300" WIDTH="79" HEIGHT="21" WC="0.92" CONTENT="bekant"/><SP WIDTH="15" VPOS="1300" HPOS="551"/>
							<String ID="string_348" HPOS="566" VPOS="1302" WIDTH="33" HEIGHT="19" WC="0.93" CONTENT="att"/><SP WIDTH="16" VPOS="1302" HPOS="599"/>
							<String ID="string_349" HPOS="615" VPOS="1300" WIDTH="168" HEIGHT="21" WC="0.92" CONTENT="bondeständets"/><SP WIDTH="15" VPOS="1300" HPOS="783"/>
							<String ID="string_350" HPOS="798" VPOS="1302" WIDTH="171" HEIGHT="25" WC="0.93" CONTENT="representanter"/><SP WIDTH="14" VPOS="1302" HPOS="969"/>
							<String ID="string_351" HPOS="983" VPOS="1301" WIDTH="47" HEIGHT="20" WC="0.93" CONTENT="frän"/>
						</TextLine>
						<TextLine ID="line_38" HPOS="210" VPOS="1328" WIDTH="821" HEIGHT="27">
							<String ID="string_352" HPOS="210" VPOS="1328" WIDTH="26" HEIGHT="21" WC="0.94" CONTENT="de"/><SP WIDTH="21" VPOS="1328" HPOS="236"/>
							<String ID="string_353" HPOS="257" VPOS="1328" WIDTH="98" HEIGHT="26" WC="0.93" CONTENT="nordliga"/><SP WIDTH="21" VPOS="1328" HPOS="355"/>
							<String ID="string_354" HPOS="376" VPOS="1329" WIDTH="68" HEIGHT="25" WC="0.92" CONTENT="länen,"/><SP WIDTH="23" VPOS="1329" HPOS="444"/>
							<String ID="string_355" HPOS="467" VPOS="1329" WIDTH="48" HEIGHT="20" WC="0.92" CONTENT="med"/><SP WIDTH="23" VPOS="1329" HPOS="515"/>
							<String ID="string_356" HPOS="538" VPOS="1329" WIDTH="68" HEIGHT="26" WC="0.92" CONTENT="spänd"/><SP WIDTH="15" VPOS="1329" HPOS="606"/>
							<String ID="string_357" HPOS="621" VPOS="1329" WIDTH="191" HEIGHT="26" WC="0.92" CONTENT="uppmärksamhet"/><SP WIDTH="15" VPOS="1329" HPOS="812"/>
							<String ID="string_358" HPOS="827" VPOS="1329" WIDTH="99" HEIGHT="21" WC="0.92" CONTENT="afbidade"/><SP WIDTH="16" VPOS="1329" HPOS="926"/>
							<String ID="string_359" HPOS="942" VPOS="1329" WIDTH="39" HEIGHT="20" WC="0.93" CONTENT="den"/><SP WIDTH="15" VPOS="1329" HPOS="981"/>
							<String ID="string_360" HPOS="996" VPOS="1331" WIDTH="35" HEIGHT="19" WC="0.93" CONTENT="ut-"/>
						</TextLine>
						<TextLine ID="line_39" HPOS="209" VPOS="1356" WIDTH="472" HEIGHT="27">
							<String ID="string_361" HPOS="209" VPOS="1356" WIDTH="56" HEIGHT="27" WC="0.92" CONTENT="gäng"/><SP WIDTH="14" VPOS="1356" HPOS="265"/>
							<String ID="string_362" HPOS="279" VPOS="1357" WIDTH="73" HEIGHT="26" WC="0.93" CONTENT="frägan"/><SP WIDTH="15" VPOS="1357" HPOS="352"/>
							<String ID="string_363" HPOS="367" VPOS="1356" WIDTH="40" HEIGHT="21" WC="0.93" CONTENT="hos"/><SP WIDTH="14" VPOS="1356" HPOS="407"/>
							<String ID="string_364" HPOS="421" VPOS="1357" WIDTH="157" HEIGHT="26" WC="0.91" CONTENT="prestaständet"/><SP WIDTH="16" VPOS="1357" HPOS="578"/>
							<String ID="string_365" HPOS="594" VPOS="1357" WIDTH="87" HEIGHT="21" WC="0.92" CONTENT="erhölle."/>
						</TextLine>
					</TextBlock>
				</ComposedBlock>
				<ComposedBlock ID="cblock_6" HPOS="207" VPOS="1413" WIDTH="824" HEIGHT="141">
					<TextBlock ID="block_4" HPOS="207" VPOS="1413" WIDTH="824" HEIGHT="141">
						<TextLine ID="line_40" HPOS="277" VPOS="1413" WIDTH="754" HEIGHT="28">
							<String ID="string_366" HPOS="277" VPOS="1413" WIDTH="126" HEIGHT="26" WC="0.90" CONTENT="Vicepastor"/><SP WIDTH="14" VPOS="1413" HPOS="403"/>
							<String ID="string_367" HPOS="417" VPOS="1413" WIDTH="132" HEIGHT="22" WC="0.93" CONTENT="Johnsson"/><SP WIDTH="15" VPOS="1413" HPOS="549"/>
							<String ID="string_368" HPOS="564" VPOS="1414" WIDTH="95" HEIGHT="27" WC="0.92" CONTENT="yttrade:"/><SP WIDTH="16" VPOS="1414" HPOS="659"/>
							<String ID="string_369" HPOS="675" VPOS="1415" WIDTH="87" HEIGHT="25" WC="0.92" CONTENT="prosten"/><SP WIDTH="12" VPOS="1415" HPOS="762"/>
							<String ID="string_370" HPOS="774" VPOS="1414" WIDTH="58" HEIGHT="27" WC="0.96" CONTENT="Hjelt"/><SP WIDTH="11" VPOS="1414" HPOS="832"/>
							<String ID="string_371" HPOS="843" VPOS="1415" WIDTH="50" HEIGHT="20" WC="0.97" CONTENT="sade"/><SP WIDTH="14" VPOS="1415" HPOS="893"/>
							<String ID="string_372" HPOS="907" VPOS="1415" WIDTH="32" HEIGHT="20" WC="0.96" CONTENT="att"/><SP WIDTH="11" VPOS="1415" HPOS="939"/>
							<String ID="string_373" HPOS="950" VPOS="1414" WIDTH="7" HEIGHT="21" WC="0.96" CONTENT="i"/><SP WIDTH="10" VPOS="1414" HPOS="957"/>
							<String ID="string_374" HPOS="967" VPOS="1420" WIDTH="64" HEIGHT="15" WC="0.90" CONTENT="norra."/>
						</TextLine>
						<TextLine ID="line_41" HPOS="209" VPOS="1441" WIDTH="822" HEIGHT="27">
							<String ID="string_375" HPOS="209" VPOS="1441" WIDTH="90" HEIGHT="21" WC="0.93" CONTENT="Finland"/><SP WIDTH="22" VPOS="1441" HPOS="299"/>
							<String ID="string_376" HPOS="321" VPOS="1442" WIDTH="78" HEIGHT="20" WC="0.92" CONTENT="räknas"/><SP WIDTH="22" VPOS="1442" HPOS="399"/>
							<String ID="string_377" HPOS="421" VPOS="1448" WIDTH="58" HEIGHT="14" WC="0.96" CONTENT="mera"/><SP WIDTH="12" VPOS="1448" HPOS="479"/>
							<String ID="string_378" HPOS="491" VPOS="1442" WIDTH="48" HEIGHT="26" WC="0.96" CONTENT="jord"/><SP WIDTH="15" VPOS="1442" HPOS="539"/>
							<String ID="string_379" HPOS="554" VPOS="1442" WIDTH="28" HEIGHT="26" WC="0.93" CONTENT="pä"/><SP WIDTH="15" VPOS="1442" HPOS="582"/>
							<String ID="string_380" HPOS="597" VPOS="1442" WIDTH="103" HEIGHT="21" WC="0.92" CONTENT="mantalet"/><SP WIDTH="16" VPOS="1442" HPOS="700"/>
							<String ID="string_381" HPOS="716" VPOS="1444" WIDTH="27" HEIGHT="19" WC="0.96" CONTENT="än"/><SP WIDTH="16" VPOS="1444" HPOS="743"/>
							<String ID="string_382" HPOS="759" VPOS="1442" WIDTH="39" HEIGHT="21" WC="0.96" CONTENT="här"/><SP WIDTH="15" VPOS="1442" HPOS="798"/>
							<String ID="string_383" HPOS="813" VPOS="1448" WIDTH="57" HEIGHT="15" WC="0.96" CONTENT="nere."/><SP WIDTH="30" VPOS="1448" HPOS="870"/>
							<String ID="string_384" HPOS="900" VPOS="1442" WIDTH="43" HEIGHT="21" WC="0.93" CONTENT="Der"/><SP WIDTH="16" VPOS="1442" HPOS="943"/>
							<String ID="string_385" HPOS="959" VPOS="1442" WIDTH="72" HEIGHT="21" WC="0.92" CONTENT="bestär"/>
						</TextLine>
						<TextLine ID="line_42" HPOS="209" VPOS="1470" WIDTH="821" HEIGHT="26">
							<String ID="string_386" HPOS="209" VPOS="1470" WIDTH="102" HEIGHT="21" WC="0.89" CONTENT="mantalet"/><SP WIDTH="23" VPOS="1470" HPOS="311"/>
							<String ID="string_387" HPOS="334" VPOS="1470" WIDTH="22" HEIGHT="20" WC="0.96" CONTENT="af"/><SP WIDTH="20" VPOS="1470" HPOS="356"/>
							<String ID="string_388" HPOS="376" VPOS="1470" WIDTH="63" HEIGHT="26" WC="0.92" CONTENT="2,000"/><SP WIDTH="21" VPOS="1470" HPOS="439"/>
							<String ID="string_389" HPOS="460" VPOS="1470" WIDTH="12" HEIGHT="21" WC="0.66" CONTENT="&amp;"/><SP WIDTH="23" VPOS="1470" HPOS="472"/>
							<String ID="string_390" HPOS="495" VPOS="1470" WIDTH="62" HEIGHT="26" WC="0.92" CONTENT="3,000"/><SP WIDTH="23" VPOS="1470" HPOS="557"/>
							<String ID="string_391" HPOS="580" VPOS="1471" WIDTH="96" HEIGHT="25" WC="0.91" CONTENT="tunland,"/><SP WIDTH="23" VPOS="1471" HPOS="676"/>
							<String ID="string_392" HPOS="699" VPOS="1470" WIDTH="40" HEIGHT="21" WC="0.96" CONTENT="här"/><SP WIDTH="15" VPOS="1470" HPOS="739"/>
							<String ID="string_393" HPOS="754" VPOS="1476" WIDTH="51" HEIGHT="16" WC="0.96" CONTENT="nere"/><SP WIDTH="15" VPOS="1476" HPOS="805"/>
							<String ID="string_394" HPOS="820" VPOS="1471" WIDTH="21" HEIGHT="21" WC="0.96" CONTENT="af"/><SP WIDTH="17" VPOS="1471" HPOS="841"/>
							<String ID="string_395" HPOS="858" VPOS="1471" WIDTH="61" HEIGHT="25" WC="0.93" CONTENT="1,500"/><SP WIDTH="15" VPOS="1471" HPOS="919"/>
							<String ID="string_396" HPOS="934" VPOS="1471" WIDTH="96" HEIGHT="21" WC="0.92" CONTENT="tunland."/>
						</TextLine>
						<TextLine ID="line_43" HPOS="209" VPOS="1498" WIDTH="821" HEIGHT="27">
							<String ID="string_397" HPOS="209" VPOS="1498" WIDTH="104" HEIGHT="22" WC="0.92" CONTENT="Häremot"/><SP WIDTH="14" VPOS="1498" HPOS="313"/>
							<String ID="string_398" HPOS="327" VPOS="1498" WIDTH="33" HEIGHT="21" WC="0.93" CONTENT="fär"/><SP WIDTH="12" VPOS="1498" HPOS="360"/>
							<String ID="string_399" HPOS="372" VPOS="1498" WIDTH="37" HEIGHT="26" WC="0.93" CONTENT="jag"/><SP WIDTH="15" VPOS="1498" HPOS="409"/>
							<String ID="string_400" HPOS="424" VPOS="1498" WIDTH="98" HEIGHT="26" WC="0.92" CONTENT="päminna"/><SP WIDTH="14" VPOS="1498" HPOS="522"/>
							<String ID="string_401" HPOS="536" VPOS="1500" WIDTH="33" HEIGHT="20" WC="0.96" CONTENT="att"/><SP WIDTH="15" VPOS="1500" HPOS="569"/>
							<String ID="string_402" HPOS="584" VPOS="1506" WIDTH="49" HEIGHT="14" WC="0.96" CONTENT="man"/><SP WIDTH="15" VPOS="1506" HPOS="633"/>
							<String ID="string_403" HPOS="648" VPOS="1499" WIDTH="7" HEIGHT="21" WC="0.93" CONTENT="i"/><SP WIDTH="16" VPOS="1499" HPOS="655"/>
							<String ID="string_404" HPOS="671" VPOS="1499" WIDTH="109" HEIGHT="21" WC="0.90" CONTENT="mellersta"/><SP WIDTH="15" VPOS="1499" HPOS="780"/>
							<String ID="string_405" HPOS="795" VPOS="1499" WIDTH="90" HEIGHT="21" WC="0.93" CONTENT="Finland"/><SP WIDTH="16" VPOS="1499" HPOS="885"/>
							<String ID="string_406" HPOS="901" VPOS="1498" WIDTH="40" HEIGHT="22" WC="0.93" CONTENT="fätt"/><SP WIDTH="15" VPOS="1498" HPOS="941"/>
							<String ID="string_407" HPOS="956" VPOS="1501" WIDTH="74" HEIGHT="24" WC="0.93" CONTENT="optera"/>
						</TextLine>
						<TextLine ID="line_44" HPOS="207" VPOS="1526" WIDTH="822" HEIGHT="28">
							<String ID="string_408" HPOS="207" VPOS="1526" WIDTH="48" HEIGHT="26" WC="0.95" CONTENT="jord"/><SP WIDTH="16" VPOS="1526" HPOS="255"/>
							<String ID="string_409" HPOS="271" VPOS="1528" WIDTH="44" HEIGHT="20" WC="0.93" CONTENT="mot"/><SP WIDTH="15" VPOS="1528" HPOS="315"/>
							<String ID="string_410" HPOS="330" VPOS="1526" WIDTH="95" HEIGHT="22" WC="0.93" CONTENT="säkallad"/><SP WIDTH="15" VPOS="1526" HPOS="425"/>
							<String ID="string_411" HPOS="440" VPOS="1527" WIDTH="132" HEIGHT="27" WC="0.92" CONTENT="skogsränta,"/><SP WIDTH="16" VPOS="1527" HPOS="572"/>
							<String ID="string_412" HPOS="588" VPOS="1534" WIDTH="45" HEIGHT="14" WC="0.96" CONTENT="som"/><SP WIDTH="17" VPOS="1534" HPOS="633"/>
							<String ID="string_413" HPOS="650" VPOS="1529" WIDTH="23" HEIGHT="19" WC="0.96" CONTENT="är"/><SP WIDTH="15" VPOS="1529" HPOS="673"/>
							<String ID="string_414" HPOS="688" VPOS="1534" WIDTH="26" HEIGHT="14" WC="0.96" CONTENT="en"/><SP WIDTH="16" VPOS="1534" HPOS="714"/>
							<String ID="string_415" HPOS="730" VPOS="1528" WIDTH="40" HEIGHT="20" WC="0.93" CONTENT="bra"/><SP WIDTH="15" VPOS="1528" HPOS="770"/>
							<String ID="string_416" HPOS="785" VPOS="1528" WIDTH="60" HEIGHT="26" WC="0.92" CONTENT="ringa"/><SP WIDTH="15" VPOS="1528" HPOS="845"/>
							<String ID="string_417" HPOS="860" VPOS="1528" WIDTH="59" HEIGHT="20" WC="0.91" CONTENT="skatt"/><SP WIDTH="14" VPOS="1528" HPOS="919"/>
							<String ID="string_418" HPOS="933" VPOS="1530" WIDTH="44" HEIGHT="18" WC="0.96" CONTENT="mot"/><SP WIDTH="13" VPOS="1530" HPOS="977"/>
							<String ID="string_419" HPOS="990" VPOS="1528" WIDTH="39" HEIGHT="21" WC="0.96" CONTENT="den"/>
						</TextLine>
					</TextBlock>
				</ComposedBlock>
			</PrintSpace>
		</Page>
	</Layout>
</alto>
