1103 1803
298 132 164 18 Presteståndet.
488 133 54 17 1867.
568 134 22 15 15
602 132 48 21 Maj.
828 128 39 22 981

140 218 119 26 Föredrogs
281 218 32 20 till
338 218 74 26 slutlig
434 217 76 27 åtgärd
534 218 154 21 sammansatta
711 218 109 22 ekonomi-
844 220 55 20 samt

71 248 64 20 stats-
151 246 40 22 och
207 246 243 26 bevillningsutskottets
467 246 119 26 bordlagda
600 246 136 21 betänkande
751 246 41 22 N:o
808 249 20 23 4,
844 248 7 20 i
862 253 37 15 an-

71 275 86 26 ledning
172 274 23 21 af
209 274 59 21 Hans
284 274 119 27 Kejserliga
418 274 113 26 Majestäts
546 274 78 27 nådiga
635 274 140 27 proposition,
786 275 111 27 angående

72 304 119 20 ordnandet
213 302 23 21 af
257 302 192 27 skjutshållningen
472 302 40 22 och
530 303 176 26 gästgifverierna
722 304 55 20 samt
792 305 50 25 väg-
858 304 40 21 och

72 331 172 27 brobyggnaden.

141 375 140 43 Förordning,
297 387 110 26 angående
422 387 193 26 skjutshållningen
630 387 39 21 och
685 387 184 26 gästgifverierna.

141 443 47 27 81.

142 500 154 27 Kyrkoherdäen
319 499 115 22 Castrén
455 500 85 26 yttrade
564 501 32 20 att
618 499 36 22 vid
668 499 86 27 frågans
769 501 130 26 behandling

73 529 39 21 hos
134 530 154 19 sammansatta
311 528 109 21 ekonomi-
442 530 56 19 samt
520 529 64 20 stats-
608 528 40 21 och
665 528 234 27 bevillningsutskotiet

73 557 41 21 den
139 557 55 26 äsigt
215 557 57 26 gjort
290 557 31 25 sig
343 557 97 26 gällande
456 558 32 19 att
504 556 107 21 utskottet
625 557 46 20 icke
683 563 51 15 vore
749 557 102 26 befogadt
866 559 32 19 att

75 585 78 27 afgifva
168 584 110 22 utlätande
295 585 57 21 öfver
368 585 26 21 de
409 584 131 27 paragrafer,
556 584 72 21 hvilka
643 584 70 22 blifvit
733 585 23 21 af
772 585 126 27 grundlags-

75 614 106 20 utskottet
196 613 139 21 behandlade.
365 612 33 22 Då
408 613 65 21 likväl
488 614 154 20 sammansatta
665 613 106 22 utskottet
793 614 106 26 sjelfstän-

75 642 46 26 digt
142 642 40 20 och
203 641 27 27 på
248 643 31 19 ett
294 641 46 21 från
356 641 224 27 grundlagsutskottet
596 641 112 21 afvikande
724 644 44 19 sätt
783 642 116 21 behandlat

75 670 81 26 frågan,
180 670 23 20 så
226 670 65 26 ansåg
315 670 82 20 talaren
420 672 32 18 att
476 669 85 22 ståndet
584 670 67 20 borde
669 670 99 26 slutligen
783 670 75 27 afgöra
873 670 25 21 de

75 698 130 27 paragrafer,
222 697 58 22 öfver
295 698 72 21 hvilka
380 700 154 19 sammansatta
546 698 106 21 utskottet
665 698 81 26 afgifvit
757 698 141 25 betänkände,

75 733 48 14 men
138 727 7 20 i
160 726 99 21 afseende
274 726 13 21 å
302 726 174 27 omformulering
491 726 23 21 af
529 727 25 20 de
574 726 24 21 af
618 726 223 27 grundlagsutskottet
863 727 36 20 be-

75 755 107 20 handlade
197 754 153 27 paragraferna
365 754 159 21 återremittera
538 755 147 20 betänkandet
700 754 32 21 till
748 755 36 21 det
794 761 105 15 samman-

75 785 58 19 satta
148 783 111 21 utskottet.
289 783 33 21 Då
337 785 154 19 sammansatta
506 783 106 21 utskottet
634 783 95 26 frångått
749 783 150 27 grundlagsut-

75 811 93 21 skottets
191 811 61 27 åsigt,
275 811 70 21 kunde
368 811 123 26 visserligen
514 811 41 21 den
578 811 22 20 af
615 811 67 21 baron
698 811 26 21 de
739 811 21 21 la
775 811 102 27 Chapelle
893 812 7 20 i

75 840 130 21 sistnämnde
221 839 83 22 utskott
319 840 174 21 reservationsvis
508 839 76 27 gjorda
594 839 138 27 formulering
744 841 96 25 antagas,
852 846 48 15 men

76 868 33 21 för
125 869 104 20 vinnande
245 868 23 21 af
278 868 79 21 enbet
349 864 12 35 i
368 868 97 21 besluten
476 874 52 15 vore
541 868 54 21 dock
605 868 122 21 återremiss
738 869 32 20 att
780 868 119 27 föredraga.

145 925 206 26 Kontraktsprosten
375 925 79 20 doktor
476 924 96 21 Hellén
594 924 85 27 yttrade
703 925 36 20 det
761 931 50 14 man
831 925 8 20 i
861 924 38 27 går

76 953 59 26 laggt
151 955 152 19 sammansatta
318 953 105 21 utskottet
439 953 31 20 till
486 953 43 20 last
544 954 32 19 att
593 953 59 20 detta
667 953 19 26 ej
703 952 68 21 skulle
787 953 73 20 berört
874 953 25 21 de

75 981 61 26 181
153 981 23 21 af
189 981 76 26 nådiga
281 982 159 25 propositionen
455 981 176 21 förekommande
646 980 79 27 frågor.
754 981 75 21 Ehuru
846 981 50 21 tala-

75 1015 37 15 ren
128 1009 18 26 ej
163 1016 50 15 vore
227 1009 91 22 medlem
334 1009 23 21 af
371 1010 59 20 detta
445 1009 85 21 utskott
545 1009 40 21 och
600 1009 91 21 sålunda
705 1009 46 21 icke
773 1009 55 21 hade
851 1015 48 20 per-

75 1038 78 25 sonligt
178 1038 65 21 behof
263 1040 32 19 att
319 1038 126 25 rättfärdiga
469 1038 49 21 dess
539 1037 129 24 förfarande,
691 1037 25 21 så
730 1037 64 21 funne
810 1037 42 21 han
868 1038 33 26 sig

75 1066 65 20 likväl
163 1066 71 20 dertill
257 1066 126 26 uppmanad,
407 1066 89 20 emedan
520 1066 105 20 utskottet
646 1066 27 25 på
695 1067 32 19 ett
744 1065 97 21 utmärkt
856 1068 45 19 sätt

74 1093 97 27 fullgjort
187 1094 37 21 sitt
239 1095 104 25 uppdrag.
374 1094 90 21 Talaren
480 1094 56 21 hade
551 1094 122 25 ingalunda,
689 1093 71 22 såsom
776 1100 48 14 man
839 1094 7 20 i
861 1093 39 27 går

74 1122 59 26 laggt
155 1122 78 21 honom
255 1123 33 20 till
311 1123 48 25 last,
382 1122 100 21 förbisett
502 1122 56 21 hvad
574 1123 36 20 det
625 1123 153 20 sammansatta
794 1122 107 21 utskottet

74 1150 85 27 yttrade
175 1150 12 21 å
203 1151 59 20 sidan
278 1151 12 20 5
307 1151 22 20 af
343 1150 151 22 betänkandet.
525 1151 42 20 Det
583 1157 50 14 vore
655 1151 34 20 väl
713 1152 55 19 samt
790 1151 33 20 att
845 1156 54 15 sam-

74 1180 108 19 mansatta
203 1179 105 21 utskottet
329 1179 18 26 ej
363 1179 70 21 inlåtit
448 1179 32 26 sig
495 1179 7 21 i
517 1179 132 26 granskning
663 1179 24 20 af
699 1179 202 26 grundlagsutskot-

74 1208 43 19 tets
132 1207 142 26 betänkande,
290 1213 48 15 men
353 1207 71 21 dertill
439 1207 55 21 hade
510 1207 37 21 det
562 1207 18 26 ej
597 1207 68 21 heller
685 1207 56 20 varit
761 1207 138 26 berättigadt.

74 1235 103 20 Deremot
192 1235 54 21 hade
262 1237 153 20 sammansatta
430 1235 108 22 utskottet
553 1235 73 21 berört
648 1235 39 21 och
709 1235 60 21 äfven
792 1234 109 27 sjelfstän-

75 1263 44 26 digt
137 1263 116 22 behandlat
274 1264 25 21 de
319 1264 23 21 af
355 1264 223 27 grundlagsutskottet
594 1263 129 21 förberedda
739 1263 160 27 paragraferna,

75 1291 70 21 såsom
167 1294 72 24 syntes
262 1292 23 21 af
305 1292 145 21 betänkandet
472 1293 40 20 sid.
534 1293 20 24 6,
572 1293 32 26 16,
622 1293 26 20 18
664 1299 27 13 m.
707 1291 20 21 fl.
743 1291 83 22 ställen.
857 1291 42 21 För

75 1319 85 22 ståndet
175 1320 108 21 återstode
299 1321 83 20 derföre
398 1321 18 26 ej
433 1322 66 19 annat
514 1322 28 19 än
556 1322 33 19 att
605 1321 101 26 antingen
717 1320 57 27 sjelft
784 1320 115 22 formulera

75 1348 26 21 de
117 1347 23 22 af
152 1349 223 26 grundlagsutskottet
389 1348 134 22 behandlade
538 1349 154 26 paragraferna
707 1349 58 24 eller,
782 1349 66 20 sedan
863 1348 36 21 det

74 1377 80 20 uttalat
169 1377 46 21 sina
230 1377 85 27 åsigter,
331 1377 129 21 öfverlemna
480 1377 22 21 åt
521 1379 154 19 sammansatta
693 1377 107 21 utskottet
820 1376 80 21 formu-

74 1405 103 26 leringen,
199 1411 46 16 som
267 1406 111 26 rimligtvis
401 1405 19 27 ej
442 1405 71 22 kunde
537 1405 65 22 blifva
623 1405 70 27 någon
709 1411 69 15 annan
794 1407 27 18 än
838 1405 63 20 den
889 1401 16 36 i

74 1433 67 21 baron
165 1434 26 20 de
213 1434 21 20 la
253 1434 112 26 Chapelles
381 1435 131 20 reservation
528 1433 128 27 föreslagna,
669 1433 70 21 såsom
755 1433 79 21 doktor
849 1431 52 22 Alo-

74 1468 67 20 paeus
156 1462 65 20 redan
238 1462 105 21 anmärkt.
363 1462 62 21 Dock
440 1468 50 15 vore
506 1462 36 21 det
558 1462 88 26 onödigt
657 1463 33 19 att
701 1462 75 20 endast
786 1461 34 21 för
831 1460 71 21 denna

74 1490 139 27 formulering
227 1490 158 22 återremittera
401 1490 147 22 betänkandet
564 1490 32 21 till
612 1491 154 21 sammansatta
786 1488 114 27 utskottet,

74 1519 52 19 utan
142 1518 67 22 borde
224 1518 53 22 först
293 1520 38 20 allt
349 1519 36 21 det
408 1518 68 26 öfriga
496 1518 122 27 genomgås,
642 1518 40 22 och
705 1516 145 24 betänkandet
868 1523 33 15 se-

812 1555 22 18 63
