1103 1803
230 124 42 20 950
439 128 167 17 Presteständet.
631 129 54 17 1867.
711 129 23 17 13
746 129 48 21 Maj.

200 212 43 28 liga
259 212 117 22 skollärare
391 213 46 21 icke
452 212 39 26 fäs,
506 212 45 22 ifall
566 212 88 22 lönerna
668 213 47 21 icke
730 215 37 19 äro
783 212 110 28 afpassade
905 213 52 21 efter
972 214 55 21 lära-

200 247 61 15 renes
277 240 130 27 skicklighet.
425 254 27 2 —
467 241 47 21 Mot
529 241 115 21 utskottets
660 240 78 28 förslag
753 241 41 21 kan
810 241 71 21 vidare
897 240 82 22 anföras
995 244 32 19 att

200 268 169 23 lektorslönerna
384 271 104 25 upptagas
503 269 71 21 alltför
589 270 45 20 smä
649 269 7 21 i
670 269 132 21 förhällande
818 269 32 21 till
866 270 25 21 de
906 270 121 20 nuvarande

199 297 280 28 gymnasiilektorslönerna.
503 297 235 27 Gymnasiilektorerne,
750 304 34 14 om
796 298 26 20 de
831 297 156 27 öfverflyttades
995 298 32 20 till

201 326 26 21 de
242 326 7 21 i
260 326 116 21 utskottets
386 325 78 27 förslag
475 326 148 26 projekterade
635 325 169 27 sammanslagna
820 326 207 21 elementarlärover-

200 354 49 26 ken,
267 354 68 21 skulle
343 354 24 26 ju
377 353 100 26 billigtvis
488 353 20 21 fä
519 353 107 21 bibehälla
636 354 45 20 sina
691 354 57 20 förra
758 353 60 22 löner
825 354 66 25 jemte
902 353 124 26 löneförhöj-

201 382 108 27 ningarne.
332 381 77 22 Likasä
419 381 69 22 skulle
498 381 26 21 de
540 381 58 22 äldre
613 381 64 21 bland
689 381 26 21 de
726 382 120 21 nuvarande
857 381 169 22 elementarlära-

201 416 50 15 rene
264 409 53 22 böra
326 409 116 22 bibehällas
453 409 35 22 vid
500 409 46 22 sina
558 409 198 27 löneförhöjningar.
773 409 81 22 Genom
866 410 61 21 dessa
937 409 90 22 löneför-

200 438 112 27 höjningar
319 437 68 22 skulle
395 437 114 27 utgifterna
516 437 33 22 för
557 437 100 22 skolorna
664 437 114 27 öfverstiga
786 438 36 21 det
831 438 121 21 nuvarande
964 439 62 20 stats-

201 467 96 25 anslaget
308 466 46 21 med
365 466 64 21 minst
440 467 41 20 100
491 466 89 21 tusende
590 466 67 21 mark.
678 465 114 22 Hvarifrän
807 466 60 21 skola
883 466 60 21 dessa
958 465 67 22 medel

201 495 74 26 tagas?
303 494 122 21 Utskottets
440 494 78 26 förslag
532 494 42 21 kan
590 493 82 22 derföre
687 500 29 15 nu
731 494 46 21 icke
794 496 68 19 sättas
876 494 7 21 i
898 494 73 21 verket
987 493 38 22 och

201 523 66 21 borde
290 522 53 21 efter
365 522 48 21 mitt
434 521 137 22 förmenande
593 523 27 26 pä
642 522 66 21 sädan
730 523 68 26 grund
818 522 88 21 förfalla.
936 522 89 21 Prosten

200 551 86 21 Borenii
308 550 79 26 förslag
402 550 38 21 har
455 551 85 20 deremo
563 550 36 21 det
621 550 106 21 företräde
750 549 86 22 framför
858 551 120 24 utskottets,
995 552 30 19 att

201 578 36 22 det
259 580 51 19 utan
329 578 145 26 uppofiringar
496 578 45 21 frän
564 580 81 19 statens
667 578 46 21 sida
736 578 41 21 kan
792 580 74 24 genast
881 578 142 26 förverkligas.

201 606 81 22 Genom
306 608 32 19 att
361 606 76 21 föreslå
460 606 146 26 gymnasierna
622 606 39 21 och
683 606 65 26 högre
764 606 215 21 elementarskolorna
994 606 31 21 till

201 636 31 20 ett
243 634 98 22 läroverk
352 634 55 21 blott
422 634 7 20 i
444 634 27 21 de
486 635 79 25 städer,
580 634 38 21 der
632 634 120 27 gymnasier
767 634 39 21 och
822 634 71 21 skolor
908 640 27 15 nu
950 634 73 26 finnas,

200 663 126 26 tillskyndas
349 664 68 19 staten
435 662 47 21 icke
497 663 65 26 nägra
578 668 41 20 nya
634 662 94 27 utgifter,
750 668 48 15 men
813 662 122 21 förbereder
949 662 75 21 liksom

201 698 26 14 en
238 691 113 26 öfvergäng
362 690 32 21 till
405 690 35 22 det
450 697 42 20 nya
502 690 159 27 skolförslagets
676 690 97 21 sättande
788 691 7 20 i
810 690 79 22 verket.
912 691 112 21 Dessutom

200 719 40 21 har
262 721 86 24 prosten
363 718 85 21 Borenii
470 718 78 27 förslag
570 719 41 20 den
634 718 124 27 förtjensten
780 720 33 19 att
828 719 40 20 den
883 719 96 20 förordar
994 718 31 21 till

201 753 25 15 en
242 746 75 27 början
339 747 26 20 de
380 747 57 26 lägre
452 747 156 20 lärarlönernas
627 746 97 26 höjande.
742 759 23 2 —
782 746 26 21 Vi
824 748 48 19 veta
884 747 24 26 ju
923 746 47 26 alla,
994 748 31 19 att

201 775 35 21 det
251 777 24 19 är
290 775 86 20 framför
391 775 38 20 allt
445 775 26 20 de
487 774 57 26 lägre
559 774 150 26 skollärarene,
720 774 81 21 hvilkas
816 775 137 20 ekonomiska
967 774 58 21 ställ-

200 803 51 26 ning
265 803 40 21 bör
320 803 113 26 behjärtas.
464 803 61 20 Hvad
541 802 144 27 skolafgiftens
700 803 117 26 utgörande
838 803 129 20 vidkommer
981 803 42 20 för-

200 837 51 15 enar
263 831 37 26 jag
315 831 43 26 mig
373 831 63 20 ocksä
451 831 47 20 med
518 831 39 21 den
574 830 22 21 af
610 833 86 24 prosten
712 831 102 21 Borenius
829 831 124 26 föreslagna,
976 836 47 15 men

199 859 49 21 ville
263 859 87 26 tillägga
365 861 56 18 ännu
437 865 25 15 en
478 859 67 26 tredje
560 859 96 26 kategori
671 858 22 21 af
706 859 140 26 skolafgiften.
876 859 40 26 Jag
931 859 93 20 önskade

200 887 105 26 nemligen
320 889 32 19 att
367 887 42 20 alla
424 887 26 21 de
465 887 123 26 skolelever,
605 887 81 21 hvilkas
698 887 105 21 föräldrar
816 887 84 26 erlägga
912 887 111 26 bevillning

199 915 33 22 för
254 921 25 15 en
295 915 53 26 ärlig
363 915 92 21 inkomst
471 915 21 21 af
514 915 62 21 minst
594 915 75 25 10,000
685 915 66 25 mark,
775 915 67 21 skulle
857 915 7 21 i
878 915 95 26 ärsafgift
988 915 35 20 be-

200 944 43 21 tala
259 944 40 21 100
315 943 64 21 mark.
410 943 106 26 Föröfrigt
530 943 123 21 instämmer
665 943 37 26 jag
717 943 7 21 i
740 943 25 21 de
780 943 84 26 äsigter,
880 949 45 16 som
941 945 36 19 äro
992 945 32 18 ut-

199 972 71 21 talade
285 972 6 20 i
307 973 86 25 prosten
408 971 85 22 Borenii
510 972 135 20 reservation.

268 1028 79 26 Biskop
371 1027 142 22 Schauman
535 1027 55 22 utlät
606 1027 38 27 sig:
675 1027 43 22 Det
740 1027 67 22 finnes
822 1027 89 26 troligen
927 1028 95 25 mången,

199 1062 45 15 som
268 1062 61 14 anser
345 1056 39 20 den
401 1062 28 14 nu
444 1056 137 20 förevarande
596 1056 74 26 frägan
685 1062 50 14 vara
750 1055 22 21 af
785 1056 60 25 ringa
861 1055 48 26 vigt,
933 1056 27 20 dä
975 1062 48 14 man

197 1083 76 28 jemför
296 1083 40 21 den
359 1083 47 21 med
429 1084 75 25 mänga
520 1083 65 21 andra
600 1083 77 26 frägor,
693 1083 71 21 hvilka
780 1083 34 21 vid
833 1083 68 21 denna
923 1083 100 26 landtdag

198 1111 55 22 varit
275 1111 88 21 föremäl
385 1111 33 21 för
432 1111 124 21 ständernas
573 1111 187 26 öfverläggningar,
783 1114 14 18 t.
814 1117 30 15 ex.
863 1111 160 26 landtdagsord-

198 1141 83 25 ningen,
293 1139 135 27 kyrkolagen,
439 1139 292 28 tryckfrihetsförordningen.
753 1139 41 27 Jag
808 1139 33 21 för
856 1139 42 21 min
915 1139 32 21 del
963 1145 60 16 anser

199 1168 96 21 deremot
315 1168 68 21 denna
397 1167 59 27 fräga
471 1174 25 15 ur
512 1174 25 15 en
552 1168 41 21 viss
608 1168 107 27 synpunkt
730 1174 50 14 vara
795 1167 102 26 vigtigare
912 1169 27 19 än
955 1168 68 26 nägon

198 1202 75 15 annan.
304 1195 35 22 Dä
362 1196 39 21 den
425 1196 105 26 nemligen
550 1196 67 26 gäller
631 1196 81 24 skolan,
730 1196 68 21 denna
813 1195 119 22 institution
947 1201 75 20 genom

197 1224 86 21 hvilken
298 1224 112 21 samhället
425 1224 76 21 värdar
516 1223 31 27 sig
563 1230 34 15 om
614 1224 36 21 det
664 1224 138 26 uppväxande
818 1223 86 27 slägtets
922 1223 100 27 bildning,

197 1253 24 20 sä
243 1254 24 19 är
290 1253 36 20 det
349 1259 24 14 en
397 1252 58 26 fräga
476 1258 45 15 som
544 1252 67 26 gäller
627 1252 39 21 den
681 1253 41 24 rot,
738 1251 46 22 frän
799 1251 84 22 hvilken
899 1258 71 15 ensam
993 1255 30 18 ett

197 1279 61 22 friskt
274 1280 125 21 samhällslif
412 1281 40 20 kan
468 1280 152 27 uppblomstra.
651 1280 42 21 Det
708 1282 24 19 är
747 1280 6 20 i
770 1280 73 21 skolan
859 1280 26 21 de
899 1282 50 19 män
964 1280 59 21 skola

197 1308 76 25 bildas,
289 1308 72 21 hvilka
373 1309 68 20 säsom
457 1308 161 27 landtdagsmän
629 1308 85 21 komma
727 1309 31 20 att
774 1308 82 21 bevaka
871 1308 39 21 och
922 1308 101 26 befrämja

197 1336 82 21 landets
303 1336 41 21 alla
367 1336 123 27 dyrbaraste
512 1336 113 25 intressen;
652 1336 34 21 det
709 1338 24 19 är
747 1336 7 21 i
769 1336 75 21 skolan
860 1336 25 21 de
901 1338 48 19 män
964 1337 59 20 skola

196 1364 76 26 bildas,
288 1364 71 21 hvilka
375 1365 69 20 såsom
460 1364 92 27 kyrkans
568 1365 80 26 tjenare
664 1364 100 21 särskildt
774 1365 86 20 komma
875 1365 32 20 att
921 1364 56 26 sörja
992 1363 32 21 för

197 1392 36 21 det
248 1392 200 27 kristligt-kyrkliga
463 1392 69 21 lifvets
547 1393 51 20 vård
615 1392 39 21 och
669 1393 120 25 utveckling
804 1393 8 19 i
826 1392 81 25 landet;
929 1392 35 21 det
979 1394 23 19 är
1017 1392 6 20 i

196 1420 75 21 skolan
283 1421 26 20 de
320 1423 48 18 män
383 1421 61 20 skola
459 1421 75 27 bildas,
550 1421 71 20 hvilka
636 1421 69 20 såsom
720 1426 98 20 pressens
834 1426 90 20 organer
939 1420 84 21 komma

196 1450 32 19 att
251 1454 68 20 gagna
341 1448 117 22 samhället.
489 1449 43 20 Äro
556 1448 60 21 desse
631 1450 57 24 män,
714 1448 60 21 desse
787 1455 104 20 personer
906 1448 17 26 ej
941 1447 83 27 duglige

196 1477 23 20 så
243 1482 80 21 gagnar
345 1476 36 22 det
396 1476 48 27 föga
460 1483 34 15 om
509 1476 71 22 landet
594 1476 40 21 har
650 1483 25 14 en
695 1476 60 21 äfven
771 1476 41 21 den
827 1476 61 21 bästa
902 1476 121 26 landtdags-

196 1505 101 27 ordning,
321 1504 40 22 den
376 1504 61 22 bästa
459 1504 112 28 kyrkolag,
588 1505 40 21 den
644 1504 61 22 bästa
720 1505 103 27 presslag.
854 1505 43 20 Det
912 1506 23 19 är
951 1504 72 21 visser-
