1103 1803
228 132 57 21 1186
439 136 167 18 Presteståndet.
630 138 53 18 1867.
707 139 29 17 28
748 138 48 21 Maj.

190 223 145 27 nattvarden,
351 223 62 21 äfven
429 229 34 15 om
479 222 142 27 domkapitlet
637 225 57 19 ännu
709 224 47 21 icke
772 224 103 26 förbjudit
891 224 41 21 det.
959 224 38 21 Att
1009 225 19 26 ej

200 251 77 21 afråda
292 257 26 15 en
334 251 67 21 sådan
417 251 135 27 bestämning
567 251 68 21 skulle
650 252 68 21 väcka
734 252 41 21 ond
786 252 50 21 blod
850 252 37 21 hos
901 252 56 21 mina
969 252 60 21 kom-

200 280 111 20 mittenter
327 280 40 20 och
382 280 112 26 allmogen.
525 279 38 21 Att
578 280 79 20 handla
679 280 30 26 så,
734 280 26 22 då
784 280 243 22 bekännelseskrifterna

200 308 107 26 medgifva
323 308 174 26 kyrkoherdarne
513 308 103 26 rättighet
630 310 33 19 att
678 308 80 22 afhålla
774 315 26 15 en
812 309 90 26 syndare
912 309 47 21 från
972 311 54 19 natt-

200 336 87 25 varden,
303 342 50 15 vore
369 336 86 27 vådligt.
485 336 31 21 På
531 337 69 25 grund
616 336 20 21 af
652 337 38 21 allt
709 337 59 21 detta
788 337 65 26 yrkar
872 337 37 26 jag
932 339 32 19 att
987 337 40 21 den

200 365 72 25 gamla
286 364 143 27 kyrkolagens
445 365 159 25 bestämningar
619 365 35 20 må
669 365 126 21 bibehållas.

271 421 84 21 Doktor
377 421 92 26 Bergh
492 421 56 21 utlät
563 421 41 26 sig:
618 421 24 26 ju
658 423 98 20 närmare
770 421 37 27 jag
823 422 120 21 öfvertänkt
959 422 69 21 denna

202 449 99 27 ofantligt
316 449 81 26 vigtiga
411 449 66 27 fråga,
494 449 59 21 desto
570 450 82 21 mindre
667 449 42 22 kan
724 450 35 27 jag
772 451 60 20 rösta
842 449 34 22 för
886 450 140 27 expeditions-

201 478 117 21 utskottets
343 477 303 28 sammanjemkningsförslag.
675 478 76 21 Redan
776 479 68 20 under
870 478 157 27 förmiddagens

201 506 86 26 plenum
303 507 85 26 yttrade
402 506 36 27 jag
453 508 32 19 att
500 507 90 20 nämnde
607 507 79 26 förslag
706 509 64 24 utgör
790 513 26 14 en
838 507 190 26 sammansättning

202 534 23 21 af
239 535 36 20 det
291 541 28 14 nu
335 534 115 21 bestående
467 535 39 20 och
522 541 40 20 nya
578 535 121 25 elementer,
716 541 45 15 som
780 535 113 26 ingalunda
917 535 56 21 bilda
997 537 30 18 ett

202 563 45 20 helt
261 563 34 20 för
310 563 38 26 sig.
379 563 111 21 Hvardera
505 563 107 21 innehålla
627 564 105 25 nemligen
748 563 82 25 sådant,
847 569 44 15 som
913 563 114 21 ständerne

202 591 46 21 icke
265 591 100 25 bestämt,
382 591 39 21 och
437 593 32 19 att
484 592 78 25 antaga
578 592 59 20 detta
653 592 69 20 blefve
738 593 31 19 ett
784 592 72 25 farligt
867 592 120 26 prejudikat
1000 592 28 20 då

205 620 36 20 det
263 619 98 21 kommer
383 619 23 21 så
430 619 129 21 oförberedt.
589 620 49 20 Man
661 620 91 26 klagade
773 620 83 26 nyligen
876 620 97 20 deröfver
995 622 32 18 att

202 648 123 26 presslagen
341 648 46 20 icke
403 648 69 20 blifvit
486 648 113 26 kejserliga
615 650 87 19 senaten
718 648 102 26 förelagd,
844 654 47 15 men
913 654 28 15 nu
963 648 64 21 hafva

202 676 20 20 vi
237 676 40 20 bär
292 676 7 20 i
315 676 60 21 detta
389 676 80 26 förslag
484 683 25 14 en
525 677 138 25 proposition,
680 683 46 15 som
746 677 19 26 ej
788 676 66 21 heller
876 679 97 24 passerat
996 682 30 16 se-

202 706 70 19 naten.
305 704 110 21 Utskottet
437 705 39 20 har
499 705 98 20 tillvällat
619 705 31 26 sig
675 705 127 20 ständernas
822 704 65 21 makt.
918 704 109 21 Utskottet

203 732 54 21 hade
273 732 19 26 ej
309 733 103 26 rättighet
427 734 32 19 att
474 732 141 21 framkomma
631 733 47 21 med
694 733 89 21 alldeles
798 739 42 20 nya
849 733 88 26 förslag;
953 735 22 24 ty
988 733 41 20 här

201 760 50 27 ingå
267 761 122 26 elementer,
405 767 45 15 som
466 763 36 19 äro
518 767 41 20 nya
575 761 39 20 och
630 761 45 21 icke
692 761 70 21 blifvit
778 761 113 21 ständerna
909 761 118 26 förelagda.

203 789 61 21 Hvad
281 789 136 26 domprosten
432 790 68 26 Borgs
514 789 138 26 formulering
667 790 73 26 angår,
756 789 24 22 så
796 795 62 15 anser
870 791 42 25 jag,
925 789 43 21 lika
979 790 47 20 med

203 817 78 21 doktor
296 817 85 25 Hellén,
400 818 122 21 densamma
543 818 148 21 åstadkomma
714 818 83 25 trassel,
819 818 67 21 ehuru
909 818 40 21 den
971 817 55 22 före-

202 846 74 26 slagna
291 846 182 26 omredigeringen
490 846 98 26 ofantligt
604 853 44 14 mer
664 846 200 21 öfverensstämmer
880 846 47 21 med
943 847 40 20 den
998 853 29 14 nu

202 874 117 21 bestående
341 874 138 27 kyrkolagen.
509 875 101 20 Deremot
633 875 38 20 ber
691 875 38 26 jag
752 877 32 18 att
806 875 21 20 få
850 881 101 20 upprepa,
972 875 53 20 att
1016 870 14 35 i

203 903 148 26 expeditionen
367 903 73 26 måtte,
456 903 70 21 såsom
541 903 114 26 höglofliga
670 903 150 26 ridderskapet
834 903 39 21 och
885 903 61 21 adeln
958 903 68 20 beslu-

203 931 32 26 tit,
251 931 74 26 inflyta
341 933 32 19 att
388 931 158 27 prestaständet
560 931 46 21 icke
623 932 78 20 önskar
717 934 33 18 att
766 932 48 20 hela
830 932 40 20 den
889 937 42 20 nya
948 931 79 27 kyrko-

202 959 62 27 lagen
280 960 35 20 mä
329 959 93 27 förfalla,
437 961 51 20 utan
504 960 99 26 antingen
620 960 103 27 styrelsen
743 959 52 28 fylla
816 960 36 21 det
874 965 45 16 som
942 960 85 21 ståndet

203 987 18 27 ej
236 987 97 27 godkänt
349 988 51 21 eller
416 988 39 21 ock
470 988 79 21 enhvar
564 989 7 20 i
586 989 32 20 sin
633 989 48 20 stad
696 990 58 19 rätta
770 989 30 26 sig
824 988 53 21 efter
899 988 36 21 det
956 988 71 21 bestä-

202 1017 59 20 ende.
293 1017 10 20 I
319 1017 41 20 den
376 1017 34 20 del
426 1017 158 26 ridderskapets
600 1017 39 20 och
655 1017 73 21 adelns
744 1017 100 20 anmälan
860 1016 55 21 afser
930 1017 95 26 petition,

202 1045 42 20 kan
258 1044 37 26 jag
311 1045 18 25 ej
345 1045 86 21 biträda
446 1045 36 21 det
498 1045 114 26 höglofliga
628 1045 97 21 ständets
740 1045 62 26 äsigt,
820 1045 88 21 emedan
917 1045 36 26 jag
965 1051 62 14 anser

202 1073 41 20 den
258 1072 67 27 fräga,
342 1079 44 14 som
403 1075 63 24 utgör
481 1074 127 25 petitionens
623 1073 96 25 föremäl,
736 1073 54 20 böra
805 1072 51 27 utgä
880 1072 46 21 frän
949 1073 78 26 kyrko:

201 1103 58 19 möte
275 1101 40 21 och
331 1101 18 26 ej
365 1101 47 21 frän
429 1101 120 21 ständerna.
580 1101 75 21 Skulle
671 1101 65 21 ocksä
752 1101 49 21 hela
824 1101 40 21 den
886 1107 41 20 nya
950 1101 77 26 kyrko-

201 1130 63 26 lagen
281 1129 86 21 komma
382 1131 32 19 att
429 1129 85 21 förfalla
528 1135 77 21 genom
620 1130 49 20 mitt
683 1130 88 26 förslag,
787 1129 23 21 sä
830 1131 23 19 är
876 1129 59 21 detta
957 1129 69 21 bättre

201 1159 27 20 än
244 1159 33 20 att
291 1159 21 20 vi
327 1158 21 21 få
363 1158 92 26 olagliga
470 1158 158 26 bestämningar
644 1158 109 26 avgående
770 1158 151 26 kyrkotukten.

271 1215 126 26 Vicepastor
413 1215 137 20 Putkonen
570 1215 97 26 yttrade:
692 1215 28 20 dä
735 1214 131 27 rättigheten
881 1214 39 21 och
936 1214 91 27 skyldig-

201 1243 64 21 heten
281 1245 32 19 att
330 1243 53 26 begä
397 1243 94 21 Herrans
507 1243 69 26 heliga
592 1243 101 21 nattvard
709 1243 119 26 berättigar
845 1249 25 14 en
893 1242 81 21 kristen
995 1243 32 20 till

202 1272 126 26 ätnjutande
343 1272 22 20 af
379 1271 93 27 kyrkans
487 1271 68 26 öfriga
570 1271 107 21 förmäner
693 1271 71 21 säsom
780 1273 33 19 att
828 1277 51 14 vara
898 1271 74 20 fadder
993 1271 34 21 vid

202 1301 48 25 dop,
267 1300 49 26 ingä
331 1299 94 26 kristligt
440 1300 125 26 äktenskap,
582 1299 93 21 förvalta
685 1300 87 20 hvilken
782 1299 191 26 förtroendesyssla
982 1305 45 15 som

203 1329 56 20 helst
273 1329 8 20 i
296 1328 159 26 församlingen,
471 1328 23 21 sä
509 1328 43 21 kan
565 1328 37 26 jag
618 1328 45 21 icke
685 1328 90 26 begripa
796 1327 56 21 huru
870 1333 25 15 en
918 1328 110 20 menniska

201 1357 78 25 kunde,
296 1356 66 26 enligt
374 1356 57 21 hvad
446 1357 6 20 i
467 1356 144 27 föreliggande
625 1356 296 27 sammanjemkningsförslag
932 1356 95 25 föresläs,

201 1385 30 20 bli
247 1385 102 20 beröfvad
365 1385 128 26 rättigheten
510 1387 32 18 att
556 1385 7 20 i
579 1385 72 26 dylika
666 1385 198 26 förtroendeposter
879 1384 51 21 eller
940 1384 88 21 förrätt-

202 1414 75 25 ningar
293 1413 86 26 deltaga
395 1413 40 20 och
450 1413 64 21 likväl
534 1413 21 20 få
574 1413 132 21 fortfarande
725 1413 54 20 midt
794 1413 6 20 i
816 1413 32 20 sin
870 1412 159 27 obotfärdighet

203 1441 39 21 och
257 1442 38 20 sitt
311 1441 227 26 förargelseväckande
554 1441 93 21 lefverne
663 1441 55 27 begå
734 1441 96 21 Herrans
842 1441 70 26 heliga
922 1441 105 20 nattvard.

201 1470 41 26 Jag
257 1470 42 20 kan
315 1469 20 27 ej
349 1470 68 20 förstå
432 1470 55 20 huru
503 1470 35 20 det
553 1469 144 26 förnuftigtvis
714 1469 56 21 låter
789 1470 53 25 göra
862 1469 37 26 sig,
922 1470 31 19 att
976 1475 53 20 upp-

201 1498 64 21 häfva
280 1498 105 26 följderna
400 1498 68 21 under
483 1498 35 20 det
534 1504 48 14 man
598 1498 56 20 låter
669 1498 91 20 orsaken
772 1498 53 20 eller
834 1497 95 26 grunden
943 1496 33 22 stå
987 1498 42 20 fast

203 1526 39 21 och
258 1526 98 26 orubblig
371 1538 25 3 —
412 1532 25 15 en
458 1526 119 26 förvirring,
600 1532 45 15 som
667 1526 116 26 ingalunda
804 1526 73 20 tillhör
899 1526 40 20 den
963 1531 66 15 sanna
