1103 1803
216 130 42 20 912
432 134 166 18 Presteståndet.
624 134 55 17 1867.
703 134 24 17 10
740 134 48 21 Maj.

258 220 46 21 Och
327 220 103 21 stannade
453 219 162 22 bondeståndet.
632 221 51 19 utan
699 219 73 22 vidare
788 220 127 24 diskussion,
931 220 34 21 vid
981 221 36 21 det

187 249 78 24 beslut,
281 250 33 20 att
329 248 32 22 till
374 249 43 21 alla
429 249 59 21 delar
501 248 113 27 godkänna
627 248 117 22 utskottets
754 248 142 26 betänkande,
907 254 45 16 som
961 249 56 21 hvad

189 277 67 25 angår
275 278 12 26 $
307 278 27 20 36
357 277 70 21 skulle
446 277 128 21 formuleras
589 277 6 21 i
612 277 92 27 enlighet
720 277 48 21 med
784 277 36 21 det
835 277 114 21 alternativ
965 277 52 22 hvil-

189 306 37 22 ket
248 305 99 22 förordar
369 305 159 22 bibehållandet
551 305 21 21 af
588 306 35 21 det
638 306 7 20 i
660 306 123 21 nuvarande
799 306 172 26 tryckfrihetslag
985 306 32 20 in-

189 336 65 26 tagna
270 334 117 28 stadgande
403 335 6 21 i
425 336 77 20 ämnet.

260 397 107 21 Skolande
384 397 196 26 protokollsutdrag
594 396 74 21 härom
685 396 59 21 såväl
759 397 32 21 till
802 397 98 26 samtliga
911 396 107 22 medstån-

191 426 48 25 den,
255 432 45 15 som
317 425 31 22 till
364 425 141 27 lagutskottet
520 425 104 22 utfärdas.
656 425 49 22 Som
722 425 69 22 ofvan.

261 495 20 26 e)
298 494 32 21 för
345 494 41 21 den
402 495 12 20 6
431 494 85 27 dennes,
532 493 23 22 så
570 493 101 27 lydande:

261 556 32 27 S.
311 557 24 20 D.
366 556 120 27 Föredrogs
508 557 32 20 till
556 557 72 20 vidare
644 556 76 26 åtgärd
735 557 152 25 lagutskottets
903 557 117 26 bordlagda

193 585 136 21 betänkande
344 591 35 15 n:o
395 586 19 23 6,
430 585 6 20 i
452 585 112 26 anledning
579 584 23 21 af
616 585 59 21 Hans
689 585 120 27 Kejserliga
822 585 111 27 Majestäts
943 584 78 28 nådiga

193 614 132 26 proposition
348 620 35 14 om
401 614 120 26 antagande
537 613 23 21 af
574 620 26 14 en
615 613 124 27 förordning
755 614 91 21 rörande
862 614 108 26 bevisning
985 620 34 20 ge-

193 648 50 15 nom
259 642 133 21 handelsbok
407 642 39 21 och
462 642 89 26 räkning
568 642 58 21 öfver
642 642 118 26 utborgade
776 648 69 16 varor.

264 710 61 21 Efter
341 710 92 21 anställd
448 710 121 21 diskussion
585 710 39 21 och
640 710 111 21 förefallen
767 710 132 27 omröstning
909 710 111 27 godkände

195 739 157 20 bondeståndet
375 739 154 20 ofvanberörda
551 739 135 20 betänkande
710 738 32 21 till
763 739 41 21 alia
820 739 65 25 delar,
903 739 38 21 och
957 741 64 24 antog

195 767 133 21 beträffande
345 768 10 25 $
371 767 13 20 2
401 767 250 21 utskottsbetänkandets
666 767 58 21 förra
735 767 123 25 alternativ;
874 767 86 21 hvarom
973 774 48 20 pro-

195 796 158 26 tokollsutdrag
369 796 68 21 skulle
453 796 58 21 såväl
528 796 32 21 till
576 796 138 21 medstånden
730 802 46 15 som
791 796 32 21 till
836 796 140 26 lagutskottet
987 802 34 15 ex-

195 825 105 26 pedieras.
331 824 49 21 Som
396 824 80 21 ofvan”.

265 893 15 26 f)
296 893 33 20 för
344 893 41 20 den
400 893 12 21 3
429 893 38 21 och
483 894 13 20 4
512 893 84 26 dennes,
614 893 23 21 så
652 893 101 26 lydande:

268 955 34 24 »S.
319 956 23 20 D.
374 956 118 26 Föredrogs
516 958 151 19 sammansatta
692 956 109 21 ekonomi-
824 958 56 19 samt
900 957 62 20 stats-
983 956 39 21 och

197 984 243 27 bevillningsutskottets
462 985 142 25 betänkande,
624 985 108 26 angående
750 985 58 20 Hans
824 984 118 27 Kejserliga
958 985 63 26 Maje-

198 1014 55 19 stäts
268 1012 77 27 nådiga
360 1013 132 27 proposition
507 1013 7 21 i
530 1013 114 26 anledning
659 1013 22 21 af
695 1013 40 21 den
746 1013 33 21 för
790 1013 233 21 bränvinstillverknin-

198 1047 41 20 gen
254 1041 89 22 influtne
363 1041 96 22 skattens
478 1041 164 27 otillräcklighet
657 1042 32 21 för
705 1042 147 21 bestridandet
868 1042 22 21 af
903 1042 26 21 de
944 1041 79 27 anslag,

199 1069 86 21 hvartill
301 1070 124 21 densamma
439 1070 122 26 påräknats.

269 1133 60 21 Efter
345 1133 36 21 det
397 1133 120 21 diskussion
532 1133 6 20 i
554 1134 90 20 ärendet
666 1133 113 26 försiggått
800 1133 39 20 och
858 1132 103 21 särskilda
980 1138 45 15 om-

200 1162 121 26 röstningar
336 1163 35 25 ägt
387 1168 53 20 rum,
456 1162 102 20 stannade
575 1161 156 22 bondeståndet
747 1161 34 22 vid
798 1161 35 21 det
848 1161 77 24 beslut,
942 1162 31 20 att
984 1161 40 21 den

199 1190 78 27 nådiga
299 1191 159 26 propositionen
480 1191 7 20 i
508 1192 71 19 ämnet
599 1191 66 26 jemte
686 1191 26 20 de
733 1190 23 21 af
770 1190 105 21 utskottet
890 1190 6 20 i
913 1189 112 26 anledning

199 1219 63 21 deraf
276 1219 112 22 fraställda
403 1219 127 21 alternativa
546 1218 80 27 förslag
642 1219 141 24 förkastades,
800 1220 55 19 samt
871 1218 84 21 ståndet
971 1220 54 19 utta-

199 1248 48 21 lade
271 1248 38 20 sitt
330 1248 155 27 godkännande
501 1248 23 21 af
538 1248 39 21 den
594 1254 28 15 nu
637 1248 98 26 gällande
752 1247 149 26 förordningen
917 1246 108 27 angående

200 1276 143 27 tillverkning,
359 1276 130 27 försäljning,
506 1277 78 27 upplag
600 1277 39 21 och
655 1276 89 27 forsling
759 1276 23 21 af
796 1276 93 25 bränvin,
905 1275 69 26 gifven
985 1275 41 21 den

201 1306 12 20 2
229 1305 58 21 Mars
305 1307 60 25 1865,
387 1306 64 21 likväl
473 1305 95 26 sålunda,
584 1307 33 20 att
632 1305 163 24 bondeståndet,
812 1304 47 21 med
875 1304 151 21 föranledande

201 1334 22 21 af
240 1334 37 21 det
299 1335 80 26 förslag
399 1335 31 21 till
446 1334 89 27 ändring
551 1335 6 20 i
573 1335 90 20 nämnde
687 1333 130 26 förordning,
834 1339 45 15 som
895 1333 40 20 den
950 1333 77 26 nådiga

201 1363 160 26 propositionen
383 1363 131 21 innefattade
534 1363 40 21 och
589 1364 6 20 i
612 1363 115 21 utskottets
743 1361 79 27 förslag
837 1363 97 19 närmare
949 1361 78 20 formu-

202 1392 73 23 lerats,
297 1392 49 21 ville
369 1394 79 23 antaga
470 1392 66 21 sådan
559 1392 89 26 ändring
663 1391 23 21 af
700 1392 26 20 57
742 1392 11 25 S
769 1391 7 20 i
792 1390 89 21 berörde
897 1389 130 26 förordning,

201 1422 33 19 att
257 1420 36 21 det
316 1421 76 26 högsta
415 1421 76 26 belopp
514 1421 96 24 bränvin,
633 1427 44 14 som
697 1419 56 27 finge
774 1421 50 19 utan
841 1419 26 20 de
881 1419 8 20 i
905 1419 26 20 60
947 1417 11 27 $
973 1417 56 21 före-

202 1448 86 21 skrifna'
306 1449 65 26 bevis,
395 1449 46 21 fritt
464 1449 39 21 och
526 1448 142 22 obehindradt
691 1448 77 21 forslas
784 1447 55 21 ifrån
855 1446 38 22 och
909 1446 32 21 till
957 1446 72 20 hvilka

203 1481 58 18 orter
277 1478 56 22 inom
349 1478 73 22 landet
437 1484 45 16 som
498 1478 62 25 helst,
576 1480 59 18 utom
646 1476 117 28 Lappland,
775 1476 69 21 skulle
855 1475 109 21 nedsättas
973 1474 55 21 ifrån

202 1508 82 21 femton
299 1508 82 21 kannor
396 1507 33 22 till
445 1507 62 27 högst
522 1506 36 22 två
574 1506 40 21 och
629 1512 26 15 en
670 1505 46 21 half
731 1505 76 21 kanna.
