1103 1803
263 130 164 18 Presteståndet.
451 131 55 17 1867.
532 131 26 17 23
570 131 47 21 Maj.
810 128 52 20 1111

136 217 33 21 Då
191 223 28 14 nu
241 216 73 21 22:dra
336 216 216 21 infanteridivisionen
576 216 64 20 redan
657 216 61 26 länge
733 217 64 21 sedan
813 218 79 21 lemnat

66 245 91 21 Finland
179 244 39 22 och
240 244 67 22 finska
329 244 119 27 ynglingars
471 244 35 21 vid
528 244 64 26 ryska
614 244 103 21 militären
740 246 64 26 antal,
820 246 71 22 hvilka

66 273 91 22 bevistat
179 273 81 25 skolan,
276 274 24 20 år
315 273 45 21 från
375 273 24 20 år
415 273 87 25 nedgått
517 272 32 21 till
566 272 36 21 det
616 273 120 21 nuvarande
752 273 59 28 ringa
827 275 64 24 antal,

66 302 104 26 nemligen
194 302 26 20 25
241 301 96 26 junkare,
361 301 39 21 och
423 307 45 15 som
484 301 70 21 denna
569 300 115 27 inrättning
699 301 45 21 icke
760 303 61 20 torde
837 306 53 18 mot-

65 336 63 15 svara
151 330 36 20 sitt
209 330 6 20 i
242 330 71 26 början
337 329 85 21 afsedda
444 329 105 26 ändamål,
568 330 24 20 så
607 328 68 22 skulle
691 329 41 21 min
748 330 143 28 underdåniga

66 358 99 21 anhållan
181 358 32 20 till
228 358 59 21 Hans
302 357 117 26 Kejserliga
435 357 100 26 Majestät
550 363 57 18 vara,
624 359 32 18 att
671 357 68 21 denna
754 358 66 27 skola,
836 359 55 21 hvad

66 387 66 25 angår
154 385 51 22 våra
226 385 68 22 finska
317 385 114 27 ynglingar,
454 385 68 21 skulle
546 385 106 26 upplösas,
675 385 38 21 och
730 386 25 21 de
770 386 122 27 byggnader

66 420 45 15 som
128 414 73 21 skolan
217 414 104 21 härintills
337 414 126 26 disponerat,
474 413 98 27 upplåtas
588 413 31 21 till
635 413 56 22 lokal
706 413 32 22 för
754 415 36 21 det
802 421 28 15 nu
840 415 51 27 peti-

66 442 109 21 tionerade
197 442 146 27 polytekuiska
363 442 111 21 institutet.
506 442 43 21 För
565 442 26 21 de
606 441 115 27 ynglingar,
737 449 45 15 som
797 443 33 22 för
845 446 47 19 när-

67 471 92 20 varande
180 471 81 20 bevista
281 470 158 27 junkarskolan,
463 470 66 21 borde
550 469 90 22 beredas
661 470 88 27 tillfälle,
772 474 33 19 att
826 472 6 21 i
856 472 34 21 vid

66 499 151 21 kadettskolan
232 499 7 20 i
255 498 163 21 Fredrikshamn
433 498 121 21 inrättande
570 498 105 27 afdelning
686 498 32 21 för
726 499 90 26 junkare
828 501 63 20 vinna

67 527 40 21 den
129 527 125 26 utbildning,
275 533 44 15 som
335 527 48 20 med
401 527 153 26 junkarskolan
570 527 5 20 i
592 526 130 27 Helsingfors
738 528 96 26 åsyftats;
851 529 40 20 och

67 555 68 21 skulle
158 556 70 20 derest
251 555 146 21 kadettskolan
421 555 98 26 möjligen
535 561 51 14 vore
600 555 32 20 till
648 555 126 21 elevantalet
790 556 53 26 fullt,
859 557 32 20 till

68 583 135 21 bestridande
226 583 23 21 af
262 583 100 21 förökade
378 583 86 26 utgifter
480 583 117 24 derstädes,
615 583 24 21 de
655 583 30 20 till
702 584 89 21 nämnde
803 584 88 26 junkar-

67 611 61 21 skola
143 611 100 27 anslagna
258 612 65 25 årliga
340 612 76 23 14,000
431 611 60 21 mark
506 611 72 21 kunna
593 611 119 21 användas"
726 624 26 3 —
767 612 39 22 och
824 612 67 22 Theo-

68 640 39 20 dor
128 640 84 20 Aschan
234 640 74 21 härvid
329 640 71 26 gjordt
423 640 34 20 det
479 639 74 27 tillägg
576 642 32 18 att
631 639 17 26 ej
672 640 80 21 mindre
768 641 35 20 det
818 641 32 21 för
866 648 25 14 en

67 668 110 20 mekanisk
200 668 98 21 verkstad
313 668 7 20 i
336 668 130 26 Helsingfors
488 667 80 27 årligen
585 668 104 26 utgående
705 668 72 27 anslag
792 669 23 21 af
828 670 63 24 2,920

67 696 67 25 mark,
157 698 26 19 än
205 696 24 21 de
252 696 67 21 finska
338 696 80 21 kronan
434 696 112 26 tillhörige,
563 696 33 20 för
611 696 90 21 nämnde
716 697 109 21 verkstads
840 704 52 20 upp-

67 724 94 26 sättning
175 725 88 26 inköpta
278 727 54 18 samt
347 724 107 21 derstädes
470 724 32 21 till
518 724 82 21 enskild
616 730 59 15 mans
685 723 66 22 fördel
762 725 129 22 fortfarande

67 752 123 27 begagnade
213 753 105 20 maskiner
339 753 38 20 och
400 753 96 26 redskap,
520 752 101 26 antingen
644 752 21 21 in
681 755 76 19 natura
772 753 51 22 eller
838 753 53 22 efter

67 780 123 27 försäljning
212 781 31 20 till
259 781 35 20 det
309 781 32 20 för
357 781 46 21 dem
418 780 114 27 inflytande
548 781 49 26 pris,
611 781 77 26 jemväl
704 782 66 21 måtte
785 782 106 21 användas

67 809 32 21 för
115 809 36 21 det
166 809 105 21 blifvande
286 809 145 26 teknologiska
446 809 114 23 institutet,
576 821 26 3 —
619 809 102 21 stannade
736 809 155 22 bondeståndet

67 837 102 26 enhälligt
184 837 34 21 vid
234 837 35 21 det
285 837 74 26 beslut,
375 839 32 19 att
421 837 32 21 till
468 837 42 21 alla
527 837 59 21 delar
602 839 76 24 antaga
688 837 112 27 höglofliga
810 838 79 21 ridder-

66 865 87 27 skapets
175 865 39 21 och
230 865 72 22 adelns
318 865 152 22 ofvanberörda
485 865 125 27 inbjudning
626 865 38 21 och
680 865 32 21 för
727 865 164 23 bondeståndets

68 893 33 22 del
124 894 112 26 godkänna
259 894 115 26 petitionen
389 894 47 21 med
452 894 26 21 de
494 893 22 22 af
528 893 70 21 Johan
614 893 110 22 Punderus
740 894 38 21 och
794 895 98 21 Theodor

67 922 84 21 Aschan
173 922 74 26 gjorda
269 922 78 26 tillägg,
369 922 70 21 hvilka
461 921 121 22 äfvenledes
604 921 69 22 blefvo
696 922 21 21 af
736 922 155 22 bondeståndet

67 951 112 26 godkända
196 951 38 20 och
250 951 69 20 såsom
335 951 101 26 ingående
451 950 7 21 i
474 951 40 20 den
530 950 106 21 blifvande
652 950 114 27 petitionen
778 953 112 24 upptagne;

67 979 116 26 hvarjemte
199 979 154 20 bondeståndet
368 978 32 21 för
420 979 46 20 dess
483 978 33 21 del
532 978 128 21 förordnade
675 981 32 18 att
722 978 67 22 finska
804 979 87 26 språket

67 1007 67 21 borde
155 1007 7 20 i
182 1006 125 27 jemnbredd
322 1007 47 20 med
384 1007 104 20 svenskan
502 1009 76 24 genast
592 1007 8 20 i
615 1007 48 20 mån
679 1007 22 20 af
715 1007 113 26 möjlighet,
843 1007 48 26 ingå

67 1035 70 21 såsom
160 1035 222 26 undervisningsspråk
405 1035 34 21 vid
458 1035 139 21 omförmälda
612 1035 97 21 läroverk
724 1035 32 21 för
774 1036 26 20 de
815 1036 76 25 elever,

67 1063 72 20 hvilka
154 1069 49 14 vore
219 1063 74 20 endast
308 1063 81 20 finskan
406 1063 97 25 mäktige.
534 1063 46 20 Och
596 1063 154 20 öfverlemnade
765 1063 126 21 bondestån-

68 1091 35 20 det
119 1091 32 20 till
166 1091 101 26 styrelsen
283 1093 32 18 att
330 1091 127 21 oförtöfvadt
472 1090 72 21 skrida
560 1090 31 21 till
608 1091 158 26 verkställighet
781 1091 22 22 af
816 1091 75 26 ifråga-

67 1119 93 21 varande
183 1119 176 26 omorganisation
383 1119 22 21 af
425 1119 36 21 det
483 1118 68 21 finska
574 1119 98 21 tekniska
694 1119 64 26 högre
773 1119 119 22 läroverket

67 1150 56 18 samt
138 1147 125 26 indragning
278 1147 23 21 af
314 1147 25 21 de
355 1147 140 27 inrättningar
510 1147 39 21 och
566 1147 79 26 anslag,
661 1147 71 21 hvilka
747 1150 80 19 ansetts
839 1147 52 22 böra

67 1175 33 21 för
115 1175 76 22 sådant
207 1175 96 22 ändamål
319 1178 59 23 tagas
394 1176 6 20 i
416 1175 97 27 anspråk.

138 1203 106 22 Skolande
260 1204 119 21 kännedom
391 1204 79 25 härom,
482 1203 17 27 ej
512 1203 81 22 mindre
604 1210 75 20 genom
690 1203 104 22 aflåtande
805 1204 86 26 deputa-

68 1232 51 23 tion,
142 1231 75 22 anförd
240 1231 20 22 af
282 1232 69 21 Johan
374 1233 115 24 Punderus,
512 1234 26 19 än
562 1232 200 26 protokollsutdrag,
786 1231 105 22 meddelas

67 1259 98 27 samtlige
187 1260 137 21 medstånden
340 1261 39 20 och
395 1261 105 21 allmänna
516 1260 198 21 besvärsutskottet.
744 1260 49 21 Som
809 1259 82 22 ofvan."

137 1367 119 28 Föredrogs
279 1368 39 21 och
340 1368 111 21 bordlades
472 1369 152 20 sammansatta
640 1367 107 22 ekonomi-
762 1369 55 19 samt
832 1369 61 19 stats-

67 1396 40 21 och
129 1395 240 28 bevillningsutskottets
385 1396 133 21 betänkande
533 1396 7 20 i
555 1395 113 27 anledning
678 1395 31 21 af
723 1396 76 25 nådiga
814 1401 78 21 propo-

67 1424 91 21 sitionen
180 1425 108 25 angående
312 1425 119 26 byggandet
445 1424 22 21 af
481 1431 25 14 en
520 1424 90 26 järnväg
625 1423 46 21 från
686 1423 113 21 Riihimäki
814 1423 78 21 station

67 1454 13 20 å
103 1452 371 27 Helsingfors—Tavastehus-banan
494 1452 57 22 öfver
566 1452 74 21 Lahtis
656 1452 39 21 och
711 1452 88 26 Wiborg
814 1451 32 21 till
862 1451 31 21 S:t

67 1480 134 28 Petersburg.
