1103 1803
292 134 166 18 Presteståndet.
484 135 55 17 1867.
564 135 27 17 24
603 135 47 21 Maj.
805 131 54 21 1127

59 221 69 21 Dessa
143 221 114 26 sanningar
271 220 55 22 hade
341 220 130 22 föresväfvat
486 220 112 27 utskottet,
610 220 65 22 hvars
686 220 136 23 betänkande
834 222 53 21 tala-

59 256 38 15 ren
113 250 84 21 derföre
212 249 104 21 biträdde.

129 306 205 26 Kontraktsprosten
351 305 75 21 Sirén
441 305 117 27 tillstyrkte
574 305 61 21 äfven
651 305 127 27 obetingadt
794 307 40 21 den
850 307 37 21 nå-

60 335 48 27 diga
123 334 165 27 propositionen.
313 334 70 26 Tycke
399 334 39 21 och
454 334 61 21 smak
528 334 72 21 kunde
615 340 51 15 vara
683 334 63 24 olika,
762 341 49 15 men
828 336 39 20 den
880 335 7 20 i

59 363 161 26 propositionen
242 362 120 26 föreslagna
384 362 138 27 tjenstetiden
542 362 22 21 af
578 363 32 20 tre
626 362 24 21 år
665 368 52 15 vore
733 364 31 19 ett
779 363 108 25 medeltal,

59 391 41 21 och
115 391 26 20 de
157 390 21 21 af
192 392 86 25 prosten
299 391 123 26 Rosengren
444 390 113 21 anmärkta
580 390 167 27 olägenheterna
768 391 118 26 förtjenade

60 419 17 26 ej
93 419 106 25 afseende,
216 419 88 21 emedan
319 419 26 20 de
360 419 69 26 aldrig
444 419 71 20 kunde
530 419 112 25 undvikas,
658 419 61 21 äfven
736 425 34 16 om
785 426 49 15 man
845 419 42 22 för-

59 447 77 28 längde
158 447 137 27 tjenstetiden
319 447 32 21 till
373 453 37 15 sex
433 447 29 21 år.
492 448 39 20 Att
553 447 67 21 redan
640 447 68 21 under
724 448 41 21 tolf
778 448 24 21 år
818 448 69 21 tillåta

61 476 64 21 barns
146 476 119 27 antagande
289 476 34 20 vid
341 475 94 22 fabriker
450 476 40 21 och
506 475 126 25 handtverk,
650 482 48 15 vore
716 477 115 26 onaturligt
847 477 39 21 och

61 505 55 20 hade
132 505 66 20 redan
213 504 69 21 blifvit
296 504 131 27 vederlagdt.
456 503 49 22 Tolf
524 503 24 22 år
563 510 50 15 vore
630 506 31 19 ett
676 505 107 25 medeltal,
799 507 23 24 ty
837 511 49 15 man

61 533 66 22 borde
151 533 88 21 besinna
261 534 32 19 att
314 533 68 20 denna
402 533 35 26 lag
452 532 177 27 hufvudsakligen
644 533 70 26 gällde
730 533 80 22 nödens
826 533 59 25 barn,

62 561 39 21 och
124 561 69 21 nöden
215 561 55 21 hade
291 561 62 26 ingen
376 561 40 26 lag.
448 561 72 21 Skulle
536 567 49 15 man
600 561 19 26 ej
635 561 27 26 pä
677 561 73 21 landet
766 562 72 20 kunna
854 564 32 18 ut-

61 590 119 20 ackordera
201 589 98 21 värnlösa
315 589 53 21 barn
383 589 40 21 hos
438 589 97 27 kristliga
550 589 157 21 handtverkare
722 590 35 20 vid
774 590 46 21 åtta
835 590 51 21 eller

61 618 35 21 nio
119 618 36 20 års
176 617 65 27 ålder,
264 617 23 21 så
308 617 69 21 blefve
393 618 36 20 det
444 618 59 20 svårt
518 618 32 20 att
565 618 86 20 komma
666 618 33 20 till
715 620 61 19 rätta.
807 619 79 21 Vidare

61 646 177 26 reglementering
259 652 50 15 vore
325 646 84 26 onödig,
426 646 27 21 dä
468 646 12 27 $
496 646 24 21 31
538 646 106 21 innehölle
660 646 77 27 nödiga
752 646 134 22 föreskrifter

62 674 32 22 till
109 674 68 27 skydd
191 674 33 21 för
239 674 132 22 arbetarene.

131 816 80 21 Härvid
234 816 77 21 ankom
331 816 40 21 och
393 818 94 25 mottogs
509 822 25 15 en
558 816 125 27 deputation
705 816 47 21 från
772 817 114 26 höglofliga

61 845 151 26 ridderskapet
227 845 39 21 och
281 845 69 26 adeln,
366 845 75 21 anförd
458 845 22 20 af
494 844 89 21 friherre
599 845 84 26 Wrede,
700 851 45 14 som
761 845 125 22 meddelade

61 873 36 21 det
119 873 150 26 ridderskapet
291 873 40 21 och
349 873 62 21 adeln
426 874 7 20 i
448 873 99 21 afseende
564 873 12 21 å
592 873 40 20 den
648 879 29 15 nu
692 873 23 21 af
728 874 158 25 prestaståndet

61 901 134 22 behandlade
210 901 11 27 $
237 902 27 21 29
280 901 105 22 äfvensom
401 902 12 27 $
430 902 24 21 31
472 901 23 21 af
508 901 140 21 förevarande
664 901 136 22 betänkande
816 902 70 21 beslu-

61 930 27 21 tit
110 931 33 20 att
165 929 53 22 barn
239 930 66 21 under
325 930 41 21 tolf
387 930 24 21 år
426 930 46 21 icke
487 930 55 25 finge
558 931 50 19 utan
625 930 102 21 särskildt
742 931 144 26 vederbörligt

61 958 98 21 tillstånd
181 959 119 26 emottagas
320 959 32 20 till
373 959 74 20 arbete
463 959 35 20 vid
513 958 85 25 handel,
613 958 70 21 fabrik
699 958 52 21 eller
767 959 118 21 handtverk

61 989 56 18 samt
139 988 32 19 att
190 986 103 22 likaledes
315 988 52 20 utan
389 987 100 21 särskildt
511 986 145 27 vederbörligt
672 987 96 20 tillstånd
783 993 103 21 personer

61 1015 68 21 under
143 1015 89 21 aderton
246 1015 24 21 år
285 1015 19 26 ej
319 1015 55 27 finge
390 1016 108 20 användas
513 1015 33 21 till
561 1015 122 21 nattarbete
699 1015 39 21 och
754 1015 52 22 barn
818 1015 68 22 under

61 1043 40 21 tolf
115 1043 24 21 år
154 1043 46 21 icke
215 1043 69 21 hållas
300 1044 31 20 till
347 1044 74 20 arbete
436 1044 35 21 vid
486 1043 90 21 fabriks-
592 1043 40 21 och
647 1043 153 27 näringsyrken
812 1044 73 26 längre

61 1072 31 20 tid
115 1073 27 19 än
165 1078 36 14 sex
222 1072 87 21 timmar
330 1078 35 15 om
381 1072 73 26 dagen,
471 1072 72 20 hvilka
558 1072 71 20 beslut
644 1071 118 21 föranledts
778 1071 62 22 deraf
854 1073 31 20 att

61 1099 34 22 vid
110 1099 71 22 fabrik
197 1100 38 21 och
251 1100 100 27 näringar
361 1100 89 21 arbeten
461 1100 61 21 äfven
532 1099 139 26 förekomme,
683 1106 46 15 som
741 1106 51 15 vore
803 1100 82 21 mindre

61 1129 156 25 ansträngande
232 1128 40 21 och
287 1128 32 21 för
334 1129 74 21 helsan
424 1128 82 21 mindre
522 1128 103 26 skadliga,
642 1130 55 19 samt
713 1129 32 20 att
763 1128 122 21 ridderska-

61 1158 36 24 pet
119 1156 40 21 och
181 1157 63 20 adeln
267 1157 102 26 derjemte
390 1157 90 21 beslutit
502 1158 32 19 att
554 1157 7 20 i
576 1157 144 26 petitionsväg
744 1157 86 20 anhålla
852 1163 33 14 om

61 1190 27 15 en
103 1184 91 21 särskild
215 1185 129 26 förordning,
360 1185 137 27 hvarigenom
512 1185 128 21 hithörande
655 1185 147 21 förhållanden
818 1185 68 21 skulle

61 1214 99 19 närmare
183 1214 99 25 regleras.
312 1214 159 26 Deputationen
490 1213 122 26 aflägsnade
635 1214 31 25 sig
681 1213 59 26 härä,
756 1213 64 21 sedan
837 1213 50 20 herr

61 1241 59 49 Vn
139 1247 57 42 aron
217 1242 33 21 för
272 1243 122 20 densamma
409 1241 97 27 uttryckt
521 1241 95 22 ständets
632 1242 132 26 tacksägelse
780 1241 32 21 för
827 1241 59 21 med-

75 1270 92 20 elandet.

130 1411 206 27 Kontraktsprosten
359 1411 78 22 Sirén
453 1412 69 21 erhöll
537 1411 53 22 härä
606 1411 46 22 åter
669 1412 62 21 ordet
746 1412 39 21 och
801 1412 86 27 yttrade

61 1441 32 20 att
116 1440 26 21 de
163 1440 59 25 barn,
242 1446 45 15 som
307 1440 34 21 vid
363 1440 42 21 tolf
418 1440 34 21 års
469 1440 59 20 ålder
543 1440 19 26 ej
578 1441 70 20 kunde
664 1441 52 25 läsa,
732 1446 50 15 vore
797 1440 89 20 vanvår-

61 1468 54 21 dade
137 1468 46 26 och,
204 1469 7 20 i
229 1468 37 21 fall
289 1468 26 21 de
337 1468 84 26 intoges
435 1468 7 20 i
458 1468 65 26 något
545 1468 58 27 yrke,
620 1468 6 21 i
642 1468 168 26 söndagsskolan
831 1468 55 26 finge

61 1496 82 22 tillfälle
167 1498 33 20 att
220 1496 47 21 lära
289 1497 31 26 sig
342 1497 53 21 läsa.
425 1496 92 21 Talaren
534 1496 50 21 ville
600 1498 57 19 ännu
673 1497 88 26 tillägga
776 1498 33 19 att
825 1496 25 20 de
866 1496 23 20 af

61 1524 149 27 ridderskapet
232 1524 39 22 och
295 1525 62 21 adeln
375 1525 6 20 i
397 1525 70 21 denna
489 1524 60 26 fråga
570 1524 82 22 fattade
675 1525 71 21 beslut
768 1530 50 16 vore
841 1524 46 20 små
