1103 1803
304 133 163 17 Presteståndet.
492 134 55 17 1867.
572 134 24 16 18
608 134 48 21 Maj.
808 130 53 20 1043

137 220 205 26 Kontraktsprosten
368 219 80 22 Sirén
475 220 124 21 meddelade
625 219 84 22 ståndet
735 220 154 22 underrättelse

70 248 71 22 derom
157 250 32 19 att
204 248 115 21 statsrådet
334 248 86 21 Palmén
437 248 164 27 tillkännagifvit
616 248 32 26 sig
662 248 46 21 icke
728 248 72 23 kunna
822 251 67 19 emot-

69 279 50 25 taga
135 277 118 27 uppdraget
267 278 32 19 att
314 282 51 16 vara
380 276 95 22 ståndets
490 276 190 27 bankfullmäktigs
695 277 120 26 suppleant.

137 334 86 20 Plenum
240 333 109 27 upphörde
365 333 28 21 kl.
410 334 27 26 1/,
445 334 20 20 3.

652 389 20 18 In
684 389 62 18 fidem:

548 424 58 21 And.
622 424 60 21 John
698 425 124 28 Hornborg.

153 589 154 33 Lördagen
325 589 57 27 den
400 588 33 28 18
451 588 59 34 Maj
530 588 67 29 1867
616 589 41 27 kl.
676 588 34 28 10
728 589 21 27 f.
767 597 39 21 m.

137 658 87 21 Plenum
241 658 106 27 öppnades
362 658 48 21 med
425 658 23 21 af
461 658 149 27 kyrkoherden
625 658 56 22 Roos
697 658 69 22 hållen
782 658 49 22 bön.

136 771 64 22 Utom
215 772 118 27 vicepastor
347 771 114 26 Snellman,
478 778 44 15 som
541 772 109 21 anmäldes
672 778 50 15 vara
744 772 90 21 hindrad
856 773 31 20 att

68 802 95 23 närvara,
187 801 101 21 befunnos
311 801 96 26 samtlige
429 801 239 21 ståndsmedlemmarne
690 801 62 21 hafva
775 801 112 21 tillstädes-

68 829 93 21 kommit.

137 960 10 21 I
162 960 98 22 afseende
275 961 12 20 å
300 961 103 26 justering
418 961 109 26 upplästes
542 962 78 19 tvänne
640 960 195 27 protokollsutdrag
857 961 32 20 för

68 988 113 27 gårdagen.

136 1045 118 27 Föredrogs
270 1045 91 27 följande
377 1045 196 27 protokollsutdrag
588 1045 115 27 nemligen:

137 1105 19 21 a)
171 1101 47 22 från
233 1101 112 27 höglofliga
360 1102 148 26 ridderskapet
524 1102 38 21 och
578 1102 71 21 adeln:

137 1159 21 26 1)
175 1158 32 21 för
222 1159 40 20 den
279 1159 26 20 14
320 1159 43 25 Maj
381 1159 61 25 1867,
458 1159 24 20 så
498 1159 100 26 lydande:

136 1215 130 27 nFöredrogs
281 1215 232 33 kyrkolagsutskottets
533 1215 79 27 förslag
635 1215 32 21 till
688 1215 201 27 sammanjemkning

67 1243 23 21 af
103 1230 100 34 ständens
219 1243 122 28 skiljaktiga
355 1244 70 21 beslut
440 1245 7 20 i
463 1244 114 27 anledning
592 1244 23 21 af
628 1244 59 21 Hans
703 1243 118 27 Kejserliga
843 1243 46 22 Ma-

64 1272 77 26 jestäts
156 1272 76 27 nädiga
247 1273 131 26 proposition
394 1272 109 27 angäende
518 1279 28 20 ny
561 1273 103 26 kyrkolag
679 1272 33 21 för
722 1273 25 20 de
758 1272 131 27 evangelisk-

67 1300 110 21 lutherska
191 1289 174 38 församlingarne
381 1301 7 20 i
403 1301 79 21 landet.
513 1301 43 21 Och
572 1301 44 21 blef
629 1301 89 21 berörde
741 1301 84 26 förslag,
841 1301 7 20 i
864 1301 25 20 de

67 1329 59 20 delar
142 1329 35 20 det
192 1329 63 21 rörde
270 1329 147 27 ridderskapet
433 1329 38 21 och
488 1330 68 25 adeln,
572 1330 23 21 af
608 1329 85 22 ständet
709 1329 101 27 enhälligt
830 1331 59 19 anta-

67 1359 46 25 get;
129 1357 86 22 hvarom
231 1358 58 21 säväl
304 1358 226 27 kyrkolagsutskottet,
546 1364 44 15 som
607 1358 137 21 medständen
766 1358 67 21 skulle
855 1364 34 20 ge-

67 1392 49 15 nom
131 1387 195 26 protokollsutdrag
341 1387 153 21 underrättas.”

137 1443 21 27 2)
174 1443 33 21 för
222 1443 40 21 den
279 1444 26 20 14
320 1443 42 27 Maj
380 1444 54 20 1867
449 1443 24 21 sä
489 1443 101 27 lydande:

136 1500 130 26 ,Föredrogs
282 1501 152 20 sammansatta
448 1500 108 21 ekonomi-
567 1501 55 20 samt
632 1501 63 20 stats-
706 1499 40 22 och
755 1498 134 27 bevillnings-

67 1527 116 22 utskottets
209 1528 134 22 betänkande
365 1528 7 21 i
397 1529 114 26 anledning
533 1528 23 22 af
576 1528 77 27 nådiga
675 1528 157 26 propositionen
854 1533 35 15 an-
