1103 1803
221 116 42 20 970
429 121 165 17 Presteståndet.
618 122 55 16 1867.
698 122 24 16 14
733 120 49 22 Maj.

194 208 26 20 de
230 207 22 21 la
262 206 112 26 Chapelles
385 207 132 21 reservation
528 206 71 21 anfört
611 212 34 15 om
658 207 139 26 obilligheten
813 207 39 21 och
868 207 115 21 orättvisan
999 207 23 21 af

195 237 33 19 att
243 235 76 26 ålägga
334 241 71 15 annan
420 234 83 22 enskild
516 235 48 25 jord
580 235 80 21 bördor
675 241 45 15 som
736 235 115 21 inverkade
866 236 27 26 på
908 235 47 21 dess
970 236 49 24 pris.

195 264 47 20 Den
263 263 8 20 i
293 263 11 27 $
327 264 9 19 1
354 270 61 14 mom.
433 264 11 20 2
461 263 128 21 omnämnda
604 263 47 21 icke
666 264 6 20 i
687 264 81 20 mantal
785 265 57 19 satta
856 264 74 26 jorden
945 263 75 26 köptes

194 292 7 21 i
223 291 86 26 vanliga
331 291 38 21 fall
390 292 53 24 icke,
465 294 51 18 utan
532 292 70 20 ärfdes
618 292 51 20 eller
684 292 80 20 skedde
780 292 46 20 deri
841 292 124 26 inrymning,
981 292 39 20 och

195 320 57 21 hvad
275 320 77 26 angick
374 320 94 27 grufvor,
492 320 60 26 bruk,
576 326 91 20 qvarnar
683 327 27 14 m.
726 320 20 21 fl.
763 320 133 21 industriella
911 320 110 21 inrättnin-

195 355 46 20 gar,
257 348 24 21 så
300 355 37 14 var
353 348 36 21 det
405 349 68 24 dessa,
490 355 44 14 som
550 348 54 21 hade
620 350 79 19 största
715 348 96 21 fördelen
827 349 23 20 af
863 348 157 27 hållskjutsnin-

196 383 40 20 gen
261 377 40 20 och
323 378 54 19 mest
395 376 134 21 förderfvade
545 378 99 24 vägarne.
673 377 43 20 För
732 377 26 20 de
775 383 41 20 nya
831 377 78 21 bördor
925 383 43 14 som
985 376 33 27 pä-

196 405 59 21 lades
279 405 62 21 dessa
363 405 141 26 inrättningar
527 405 70 20 kunde
614 405 26 20 de
656 405 109 20 dessutom
780 405 105 26 godtgöra
900 405 31 26 sig
945 411 75 20 genom

197 433 96 26 förhöjdt
314 433 45 26 pris
381 433 13 21 å
416 434 46 20 sina
484 433 168 26 tillverkningar,
668 433 81 21 hvilket
764 439 38 15 var
818 435 31 20 ett
864 437 45 23 steg
924 436 97 18 närmare

198 462 36 20 det
257 461 43 21 mål
323 462 70 20 dertill
416 468 48 14 man
480 461 90 27 syftade,
587 462 51 20 eller
654 461 75 27 bidrag
744 461 24 21 af
781 462 43 21 alla
840 462 181 21 samhällsklasser

195 490 33 21 till
243 490 162 26 ifrågavarande
421 496 59 15 onus.

266 547 206 25 Kontraktsprosten
493 546 77 21 doktor
591 546 101 21 Hellén
707 547 113 20 anmärkte
836 549 56 18 emot
907 546 114 26 kyrkoher-

197 575 41 21 den
254 574 94 21 Juselius
363 576 32 19 att
410 575 124 25 kronotorp,
551 574 142 26 skattejägare
710 574 40 21 och
766 574 66 21 andra
848 574 172 27 stadgalägenhe-
1041 576 3 2 '

198 606 32 18 ter
247 603 86 27 deltogo
353 603 2 21 i
371 603 137 21 kommunala
523 609 65 14 onera
603 602 69 22 säsom
689 603 82 21 mindre
783 603 97 21 hemman
892 603 38 21 och
941 603 27 26 pä
978 604 43 20 sätt

198 631 39 21 och
260 632 32 20 vis
314 631 67 21 måste
405 632 110 20 betraktas
538 631 69 21 såsom
624 632 6 20 i
646 632 80 20 mantal
743 633 43 19 satt
800 632 49 26 jord
865 633 54 19 samt
934 631 87 21 menade

198 661 32 19 att
253 660 78 20 doktor
353 660 91 20 Andelin
466 660 109 26 vederlagt
598 661 31 25 sig
645 660 48 26 sjelf
706 666 76 19 genom
799 660 125 26 påståendet
939 662 32 18 att
987 660 34 20 det

199 690 68 19 större
290 688 106 21 afståndet
418 688 33 21 för
474 688 25 20 de
522 688 229 26 skjutsningsskyldige
770 690 32 18 att
817 690 76 24 utgöra
908 688 113 26 hållskjuts

198 716 152 21 underlättade
373 716 131 21 inrättandet
520 716 22 20 af
556 716 164 26 skjutshållning
736 716 27 26 på
779 717 147 25 entreprenad,
943 716 78 21 hvilket

199 744 131 27 småningom
347 745 67 20 skulle
430 744 93 26 utjemna
539 745 35 20 det
590 744 151 26 öfverklagade
757 745 199 20 missförhällandet.
985 744 36 21 Sä-

199 779 45 14 som
267 773 89 20 friherre
379 773 26 20 de
427 773 20 20 la
470 772 100 27 Chapelle
586 773 118 20 framhällit
719 773 73 24 borde,
808 773 7 20 i
831 773 40 20 den
888 773 133 26 öfvergängs-

198 801 133 26 lagstiftning
347 807 44 15 som
407 801 106 20 sträfvade
528 803 32 18 att
575 801 83 21 fördela
673 801 70 21 denna
758 801 169 20 samhällsbörda
938 801 26 26 pä
975 801 47 20 hela

199 829 74 25 folket,
290 829 23 21 sä
329 829 76 26 mänga
419 829 172 26 jordlägenheter
607 835 44 16 som
667 829 83 26 möjligt
766 829 47 21 frän
829 829 96 21 besväret
939 829 82 24 befrias,

199 858 86 21 hvartill
301 858 78 21 medlet
393 858 7 20 i
415 857 89 22 främsta
519 860 92 19 rummet
626 864 37 14 var
679 858 145 26 skjutslegans
839 858 125 26 förhöjning.

269 914 154 27 Kyrkoherden
439 915 121 20 Bäckvall
576 914 123 21 förklarade
715 915 32 26 sig
763 915 46 20 icke
825 915 66 20 heller
906 915 71 20 kunna
992 914 31 21 bi-

199 943 62 20 träda
283 943 233 26 grundlagsutskottets
539 943 139 25 betänkande,
695 943 23 20 sä
734 943 47 21 litet
797 943 146 26 kyrkoherden
959 942 64 21 ocksä

201 971 61 27 eljest
277 971 49 21 ville
341 971 96 21 försvara
452 971 66 26 nägra
533 971 130 26 privilegier;
679 971 40 21 och
736 971 68 21 ehuru
819 972 101 25 naturligt
936 971 35 20 det
986 977 37 14 var

201 1001 31 20 att
249 1000 42 21 alla
306 999 183 22 samhällsklasser
505 1000 131 26 betungades
652 1000 43 21 lika
711 1000 48 21 med
770 1000 60 20 detta
841 1000 134 21 kommunala
987 999 36 21 be-

200 1030 55 23 svär,
271 1028 23 21 sä
309 1028 77 26 kunde,
402 1029 68 20 under
484 1028 122 21 nuvarande
623 1028 153 25 förhällanden,
793 1029 102 22 rättvisan
911 1028 22 21 af
945 1030 31 19 att
988 1028 35 21 be-

200 1057 73 20 skatta
295 1057 56 20 vissa
373 1057 190 24 samhällsklasser,
586 1057 72 20 hvilka
673 1057 6 20 i
695 1057 198 25 representationen
908 1057 45 20 icke
969 1056 54 20 hade

200 1086 46 19 säte
269 1084 40 21 och
332 1086 97 23 stämma,
448 1084 143 27 ifrägasättas.
622 1085 41 20 Det
681 1091 38 14 var
735 1084 83 21 derföre
834 1084 80 21 kanske
930 1084 47 21 bäst
993 1086 31 18 att

200 1113 65 20 saken
281 1113 108 20 lemnades
406 1113 34 20 vid
456 1113 36 20 det
507 1113 69 26 gamla
592 1112 42 21 tills
650 1113 66 20 andra
732 1113 147 20 förhällanden
894 1112 85 21 inträdt.

269 1169 107 27 Biskopen
400 1169 151 21 Schauman
570 1169 101 26 önskade,
687 1169 69 20 ehuru
772 1169 49 26 föga
837 1169 65 26 utsigt
917 1168 60 21 fanns
993 1171 32 18 att

201 1197 88 21 inverka
311 1198 28 26 pä
360 1197 96 22 ständets
472 1197 54 27 äsigt
540 1198 6 20 i
562 1198 72 25 saken,
651 1197 54 21 dock
720 1200 58 24 yttra
794 1198 66 25 nägra
875 1197 38 21 ord
929 1197 31 20 till
975 1197 48 21 stöd

201 1225 33 21 för
259 1226 39 21 den
323 1226 131 21 reservation
470 1228 56 19 emot
542 1226 95 21 ständets
653 1226 107 21 blifvande
777 1226 70 21 beslut
862 1232 44 15 som
922 1226 101 25 biskopen

203 1254 74 21 trodde
302 1255 32 25 sig
349 1255 119 20 föranläten
484 1254 83 27 afgifva.
599 1255 49 20 Man
665 1254 55 21 hade
736 1254 82 26 pästätt
832 1256 33 19 att
880 1254 85 21 ständet
979 1254 45 21 icke

201 1283 54 25 ägde
270 1282 73 27 afsäga
359 1283 31 26 sig
406 1283 44 20 sina
466 1283 126 26 privilegier,
608 1283 81 20 hvilket
699 1289 49 14 vore
760 1283 109 20 stridande
881 1285 56 18 emot
949 1283 76 25 grund-

201 1311 94 25 lagarne.
327 1310 39 21 Om
389 1311 59 20 detta
471 1317 49 15 vore
543 1311 65 24 fallet,
632 1311 98 20 hvarföre
753 1311 61 20 fanns
833 1311 35 20 det
885 1311 26 20 dä
927 1311 98 24 stadgadt

201 1339 56 20 huru
281 1339 104 26 grundlag
401 1339 68 21 skulle
485 1340 83 26 ändras,
584 1339 38 21 och
639 1339 31 21 till
686 1339 56 21 hvad
758 1339 85 26 tjenade
860 1339 27 20 dä
903 1341 29 18 ett
947 1339 78 25 grund-

201 1367 143 26 lagsutskott?
374 1367 57 21 Bäde
454 1368 144 21 betänkandet
622 1367 39 21 och
682 1368 41 19 den
739 1367 113 27 kejserliga
867 1367 158 26 propositionen

203 1401 50 15 voro
270 1395 27 21 dä
311 1396 203 26 grundlagsvidriga.
538 1409 12 1 —
560 1396 78 21 Vidare
654 1402 37 14 var
707 1396 107 25 anmärkt,
831 1398 33 18 att
880 1395 146 21 ecklesiastika

201 1423 106 21 boställen
322 1430 51 14 voro
389 1424 93 26 kyrkans
497 1425 110 25 egendom.
637 1425 66 19 Detta
722 1431 38 13 var
776 1431 26 13 en
818 1424 84 21 katolsk
918 1424 54 25 äsigt
987 1423 39 21 och

201 1452 109 20 stridande
326 1454 45 19 mot
386 1454 56 19 rätta
458 1452 149 27 förhällandet,
623 1454 50 19 enär
690 1452 55 20 slika
761 1452 105 20 boställen
877 1452 98 20 tillhörde
985 1452 40 20 för-

201 1480 117 26 samlingen
341 1481 38 20 och
402 1481 45 21 icke
470 1481 89 26 kyrkan,
583 1481 83 20 hvadan
683 1480 65 21 ocksä
763 1481 43 20 alla
822 1480 82 21 landets
919 1486 108 20 represen-

201 1510 72 19 tanter
288 1509 53 26 ägde
358 1515 33 15 om
407 1509 47 21 dem
470 1511 58 24 yttra
549 1510 36 26 sig.
616 1509 90 21 Talaven
722 1515 38 14 var
776 1515 50 15 ense
842 1509 46 21 med
905 1508 122 21 kontrakts-
