1103 1803
310 152 165 19 Presteståndet.
500 153 57 17 1867.
580 153 22 17 13
614 153 48 21 Maj.
830 149 42 21 939

143 239 55 21 Herr
214 239 134 21 talemannen
363 238 50 22 ville
428 238 171 27 upplysningsvis
614 238 105 26 meddela,
736 240 32 20 att
778 238 42 22 han
830 240 70 20 såsom

73 267 130 22 studerande
225 267 85 27 yngling
332 267 55 21 varit
401 267 7 21 i
424 267 84 21 tillfälle
524 269 33 19 att
572 273 22 15 se
610 273 26 15 en
651 267 77 21 mumie
744 266 23 22 af
781 267 53 22 sista
848 274 53 15 nun-

73 302 42 14 nan
130 296 7 21 i
152 295 122 21 Nådendals
297 295 87 26 kloster,
406 295 35 21 vid
463 302 63 14 namn
548 295 80 25 Kurck,
644 295 108 26 uppställd
767 295 7 21 i
790 302 25 15 en
832 298 67 25 öppen

73 324 94 21 kalkbod
190 325 52 19 nära
260 323 161 27 ifrågavarande
436 324 75 26 kyrka,
527 330 48 14 men
592 325 32 19 att
638 323 57 21 förre
709 324 191 26 generalguvernö-

73 358 38 15 ren
135 352 58 21 öfver
216 352 89 21 Finland
328 352 70 25 grefve
421 352 57 26 Berg
500 352 68 21 under
584 358 25 14 en
624 358 49 15 resa
687 352 57 26 gjort
760 352 140 27 anmärkning

74 381 73 20 derom
170 382 33 19 att
225 386 48 15 man
291 380 54 21 hade
361 379 117 22 underlåtit
492 381 33 20 att
541 383 49 24 taga
605 379 71 22 bättre
692 380 50 21 vård
758 387 34 15 om
808 381 92 21 nämnda

73 409 86 23 mumie,
181 408 98 21 hvarföre
303 415 48 14 man
375 409 121 20 sedermera
514 409 90 26 vidtagit
620 408 76 27 åtgärd
712 409 79 21 derhän
807 411 33 19 att
855 415 45 15 mu-

73 437 56 21 mien
151 437 68 20 blifvit
241 436 109 27 förflyttad
373 437 38 21 och
430 437 92 26 nedlagd
538 437 6 20 i
561 437 39 20 den
617 437 108 20 såkallade
740 437 160 26 Jägerhornska

73 465 168 26 familjegrafven
263 465 7 21 i
292 465 117 26 Nådendal,
433 465 38 21 der
494 465 123 21 densamma
636 471 89 15 numera
746 465 74 22 finnes.
855 465 44 22 Och

74 494 124 21 förmodade
213 493 50 22 herr
279 493 134 22 talemannen
429 495 33 19 att
477 493 143 22 omförmälda
634 493 101 22 händelse
745 494 81 21 kanske
838 493 61 26 gifvit

74 522 117 27 upphofvet
207 522 30 21 till
254 522 83 27 rycktet
352 528 33 15 om
402 522 40 21 den
458 522 83 27 kyrkan
558 521 141 28 öfvergångna
714 522 131 21 förstörelse.

143 584 112 21 Professor
279 583 107 22 Geitlin
408 584 86 26 yttrade
510 586 32 19 att
562 584 56 21 hvad
634 590 45 15 som
695 585 57 25 sagts
768 590 34 15 om
816 584 83 22 Nåden-

75 612 47 22 dals
145 612 68 27 kyrka
236 612 47 21 icke
301 618 50 16 vore
366 612 66 26 enligt
447 612 49 21 med
513 614 57 19 rätta
585 612 151 26 förhållandet;
753 619 47 15 men
816 614 32 20 att
864 613 35 21 det

75 641 110 21 derstädes
209 641 80 21 vordna
312 641 69 26 gamla
403 641 92 21 klostret
518 641 69 21 blifvit
609 640 27 27 på
659 643 30 19 ett
707 641 135 27 oförsvarligt
857 642 43 20 sätt

74 669 105 21 förstördt
193 669 54 26 ägde
263 670 29 20 sin
310 669 105 27 rigtighet.
446 669 47 21 Den
510 669 33 21 del
559 669 23 21 af
595 669 97 23 klostret,
707 675 45 15 som
768 676 88 15 numera
866 674 33 16 ut-

74 697 73 26 gjorde
169 698 88 25 kyrkan,
280 704 39 14 var
341 698 95 21 deremot
458 698 48 20 med
529 698 89 25 mycken
637 704 85 19 omsorg
736 698 87 21 vårdad.
854 698 45 20 Och

75 725 92 27 föreslog
189 725 82 21 talaren
294 725 83 22 derföre
398 728 32 19 att
450 725 110 28 uttrycket
583 725 69 28 kyrka
667 726 7 20 i
689 725 115 22 utskottets
820 725 79 27 förslag

75 754 67 21 borde
157 754 111 21 förändras
284 754 32 21 till
331 754 86 21 kloster.

146 815 206 28 Kontraktsprosten
375 816 147 21 Ehrström
545 816 60 27 insåg
628 816 18 27 ej
667 816 97 21 hvarföre
787 823 49 14 man
851 817 7 20 i
874 823 25 15 en

75 844 79 21 allmän
170 845 90 26 petition
275 845 129 27 nödvändigt
420 845 68 21 skulle
504 845 94 26 åberopa
613 845 56 21 vissa
680 851 62 14 namn
754 845 39 21 och
803 845 96 22 föremål.

75 873 90 21 Talaren
187 873 113 21 förordade
323 873 62 21 alltså
406 873 128 26 petitionens
549 873 120 26 antagande
685 874 75 20 endast
776 873 68 22 såvidt
859 874 40 21 den

75 901 60 26 afsåg
151 901 126 21 utfärdande
292 901 23 21 af
329 908 25 15 en
370 902 78 21 allmän
463 901 127 27 författning
605 902 6 20 i
627 903 78 20 ämnet.

144 963 83 21 Doktor
249 963 144 27 Alopaeus
415 963 79 27 yrkade
517 963 113 27 förslagets
653 963 198 22 återremitterande
867 965 32 20 till

75 991 112 22 utskottet.
218 991 10 21 I
243 991 102 28 förslaget
360 993 81 20 talades
454 999 35 14 om
504 992 80 27 kyrkor
599 993 6 20 i
621 992 123 25 allmänhet,
759 999 48 14 men
822 993 77 21 förstö-

76 1020 69 21 relsen
161 1020 54 21 hade
231 1020 56 21 ändå
301 1020 46 21 icke
363 1021 104 26 öfvergått
482 1021 43 20 alla
540 1021 86 26 kyrkor,
642 1021 39 20 och
696 1021 38 20 der
749 1020 76 22 sådant
842 1021 57 21 skett

76 1048 55 21 hade
146 1048 144 26 vederbörligt
305 1049 95 21 tillstånd
415 1049 58 21 förut
488 1049 118 21 utverkats.
627 1049 90 26 Viborgs
727 1049 71 26 gamla
808 1049 91 21 kloster-

75 1076 69 26 kyrka
158 1076 55 21 bade
228 1076 69 21 blifvit
312 1077 27 26 på
349 1077 116 27 befallning
477 1077 24 20 af
511 1078 84 20 landets
606 1077 121 21 dåvarande
738 1077 162 26 generalguver-

75 1106 41 19 nör
130 1104 72 27 grefve
217 1105 121 26 Zakrevsky
353 1105 114 21 förändrad
483 1105 32 21 till
532 1112 25 15 en
572 1105 89 22 modern
673 1105 73 27 kyrka.
770 1105 78 22 Tidens
858 1105 41 21 frä-

75 1133 64 20 tande
162 1133 51 21 tand
236 1133 68 21 skulle
327 1133 56 22 ändå
404 1134 62 21 alltid
480 1134 75 21 utöfva
570 1134 32 21 sin
618 1133 85 27 verkan,
719 1133 23 22 så
756 1135 33 20 att
804 1134 96 26 omöjligt

76 1167 50 15 vore
141 1163 33 19 att
189 1161 81 27 skydda
285 1161 43 22 alla
343 1162 82 21 landets
440 1163 70 25 gamla
525 1162 86 27 kyrkor.

144 1223 90 22 Prosten
249 1224 139 21 Borenius
403 1230 37 15 var
455 1230 50 15 ense
521 1225 48 21 med
585 1224 78 21 doktor
673 1224 111 27 Alopaeus.
810 1223 90 22 Talaren

75 1251 48 21 ville
148 1251 101 27 derjemte
265 1252 54 21 fästa
334 1253 94 21 ståndets
443 1253 189 26 uppmärksamhet
646 1253 28 26 på
689 1253 39 21 den
745 1251 154 27 omständighe-

75 1281 36 20 ten
133 1281 32 20 att
187 1279 45 22 ifall
250 1287 49 15 man
315 1281 92 21 önskade
423 1283 32 19 att
470 1287 49 15 rara
535 1283 59 25 mynt
608 1287 28 15 m.
652 1287 27 15 m.
695 1282 66 20 måtte
776 1279 124 27 hembjudas

75 1307 108 28 offentliga
205 1309 120 26 samlingar,
348 1309 65 22 borde
429 1315 47 16 man
492 1315 51 16 vara
558 1309 90 22 betänkt
662 1310 28 26 på
705 1311 32 20 att
751 1309 7 21 i
773 1308 80 21 inlösen
870 1314 31 15 er-

75 1336 62 27 lägga
160 1343 58 15 mera
232 1339 27 20 än
275 1338 36 21 det
327 1344 27 15 nu
369 1338 103 27 stadgade
487 1337 101 28 beloppet
603 1337 51 22 eller
669 1338 27 27 1/;
712 1337 34 22 del
761 1336 83 22 utöfver
858 1343 43 15 me-

74 1365 77 21 tallens
167 1365 71 26 värde,
254 1368 22 25 ty
291 1371 78 16 annars
385 1366 97 21 underlät
498 1366 105 27 allmogen
618 1368 32 19 att
665 1365 119 28 hembjuda,
800 1365 26 22 dä
836 1365 64 26 sagde

75 1393 118 27 ersättning
208 1400 37 15 var
260 1394 72 21 alltför
346 1394 59 27 ringa
421 1396 44 20 mot
476 1395 36 21 det
522 1394 76 22 besvär
608 1394 165 27 hembjudandet
786 1393 113 22 medförde.

74 1421 29 21 Sä
123 1421 34 21 till
173 1422 94 27 exempel
289 1423 68 21 skulle
379 1423 139 27 Kronoborgs
534 1425 58 19 stora
607 1423 50 27 fynd
672 1423 47 27 gätt
733 1422 108 26 förloradt,
856 1421 45 22 ifall

75 1449 47 21 icke
137 1449 99 22 hofrädet
251 1456 40 16 von
307 1450 62 22 Etter
385 1451 54 21 hade
454 1450 23 22 af
490 1457 53 21 egna
559 1451 69 21 medel
643 1450 115 22 honorerat
772 1450 98 22 hittaren.

142 1512 111 22 Professor
268 1512 122 22 Geitlin
406 1513 100 21 förenade
517 1513 32 27 sig
556 1513 79 27 jemväl
646 1513 48 22 med
707 1513 77 21 doktor
794 1512 107 28 Alopaeus

73 1545 35 15 om
131 1539 110 28 förslagets
264 1541 121 22 återremiss
407 1542 32 21 till
462 1542 112 25 utskottet,
596 1542 100 21 särskildt
711 1542 49 21 med
775 1540 98 23 afseende
888 1542 13 20 &
