1103 1803
308 124 166 18 Presteståndet.
499 124 57 18 1867.
580 125 24 16 10
616 125 48 21 Maj.
834 120 40 20 915

145 212 38 20 Ett
198 210 46 22 från
259 210 223 27 kyrkolagsutskottet
497 210 99 26 ingånget
607 210 295 28 sammanjemkningsförslag

76 240 132 22 beträffande
230 239 101 21 ståndens
354 239 123 26 skiljaktiga
498 238 70 21 beslut
583 238 7 21 i
605 238 75 26 frågan
695 245 35 15 om
745 240 120 26 antagande
880 240 23 21 af

75 275 27 20 ny
118 268 103 28 kyrkolag
231 268 33 21 för
275 268 82 21 landets
369 267 244 27 evangelisk-lutherska
623 266 150 28 församlingar
785 269 116 26 upplästes,

75 299 55 19 samt
145 296 114 22 bordlades
274 296 55 21 intill
344 296 67 21 andra
426 296 227 26 plenisammanträdet
667 296 7 21 i
690 298 61 19 nästa
767 297 72 21 vecka.

141 468 120 26 Föredrogs
276 467 133 22 hedervärda
424 466 167 22 bondeståndets
607 466 117 27 bordlagda
744 467 153 27 protokollsut-

73 498 52 26 drag
147 497 33 21 för
202 497 40 20 den
258 497 26 20 26
300 496 95 21 sistlidne
416 496 66 26 April,
499 495 150 21 innehållande
663 495 126 27 inbjudning
804 496 32 21 till
852 496 45 21 del-

73 526 91 27 tagande
179 525 31 21 uti
226 531 26 14 en
267 525 131 26 underdånig
413 525 90 26 petition
519 524 80 26 derom,
613 526 33 19 att
658 524 237 27 skallfogdetjensterna

72 555 6 20 i
94 555 73 20 landet
189 553 66 21 måtte
271 554 69 20 såsom
357 553 117 26 obehöflige
490 553 106 25 indragas,
612 554 56 19 samt
683 554 33 19 att
732 553 36 20 det
782 553 7 21 i
804 555 27 19 46
847 553 11 27 $
874 554 23 20 af

72 583 71 26 kongl.
159 582 141 21 resolutionen
316 582 27 26 på
359 582 117 26 allmogens
492 581 76 21 besvär
584 580 23 21 af
621 581 40 21 den
678 581 25 21 16
720 581 57 21 Mars
794 582 54 21 1739
864 582 31 20 in-

71 613 64 25 tagne
150 610 117 27 stadgande
283 616 33 15 om
333 610 181 21 socknemännens
529 610 148 25 berättigande
693 609 32 21 till
741 610 132 27 delaktighet
889 611 6 20 i

72 640 151 26 brofogdarnes
239 639 118 27 antagande
373 638 73 26 måtte,
462 638 48 22 med
526 638 149 26 upphäfvande
691 638 23 20 af
725 638 70 26 kongl.
807 639 88 21 brefven

71 669 40 20 den
129 669 24 20 19
169 668 120 21 November
306 668 53 20 1799
376 667 39 21 och
431 668 11 20 7
460 667 91 26 Augusti
568 667 60 25 1801,
644 667 105 21 förklaras
760 668 61 20 skola
831 668 64 20 lända

71 696 32 22 till
119 696 113 26 efterföljd,
249 696 92 21 hvarhos
356 696 33 21 till
405 696 169 26 skallfogdarnes
589 694 92 28 aflöning
696 695 106 27 utgående
813 696 82 26 kappar

71 725 66 21 borde
159 725 73 20 ställas
248 725 32 20 till
295 725 158 20 vederbörande
470 725 112 20 kommuns
597 723 131 27 förfogande,
744 724 7 20 i
767 724 99 21 afseende
881 724 13 21 å

71 754 144 27 organisation
230 753 23 21 af
266 753 118 21 folkskolor
400 753 39 21 och
454 753 81 21 lärares
552 752 110 21 aflönande
678 753 35 20 vid
729 753 115 21 desamma.

139 839 142 26 Domprosten
296 838 70 27 Borg
381 838 91 27 yttrade,
484 840 32 19 att
529 837 27 21 då
566 837 137 27 domprosten
714 837 35 21 vid
760 838 57 21 förra
828 838 65 26 pleni-

71 867 167 22 sammanträdet
260 867 91 26 begärde
367 867 70 21 denna
451 866 71 27 frågas
538 865 161 28 bordläggning,
715 867 55 20 hade
786 867 36 20 det
837 867 57 20 skett

71 896 33 21 för
119 899 32 18 att
166 896 62 21 vinna
244 895 81 21 tillfälle
341 897 32 19 att
389 897 97 19 närmare
502 895 76 26 stadga
593 895 31 20 sin
640 895 55 26 åsigt
709 895 7 20 i
732 895 72 21 saken.
831 895 64 21 Dom-

71 927 85 24 prosten
179 925 55 20 hade
257 924 104 26 nemligen
377 926 71 19 ansett
463 924 26 20 de
505 924 53 25 skäl,
575 929 45 15 som
636 923 26 21 då
678 923 99 22 anfördes
793 926 57 19 emot
865 924 30 20 in-

71 953 140 27 bjudningens
236 953 125 26 antagande,
385 953 18 26 ej
429 952 125 27 tillräckligt
580 952 112 21 bindande.
723 952 93 21 Numera
840 952 54 21 hade

72 982 135 26 domprosten
230 981 119 26 öfvertygat
371 981 32 26 sig
425 981 80 24 derom,
528 982 33 19 att
583 981 152 26 inbjudningen
756 981 47 21 icke
824 981 70 20 kunde

72 1012 94 25 antagas,
183 1011 88 20 emedan
287 1010 64 21 skall-
367 1010 39 21 och
423 1010 213 25 brofogdekapparna
651 1009 147 26 ingredierade
810 1009 6 20 i
828 1009 66 21 skatt-

71 1039 132 26 läggningen.
232 1039 77 25 Kongl.
333 1039 82 20 brefvet
437 1038 23 21 af
482 1039 40 20 den
546 1039 25 20 21
595 1038 121 21 November
740 1039 60 25 1690,
816 1038 78 26 grund-

71 1067 138 21 dokumentet
224 1066 33 21 för
272 1067 185 26 skattläggningen
469 1066 6 21 i
487 1066 95 26 Nylands
593 1066 41 25 län,
647 1066 139 26 uppräknade
796 1066 99 26 uttryck-

71 1096 56 26 ligen
150 1095 59 22 äfven
233 1095 65 27 ,jagt-
321 1095 40 21 och
384 1095 224 26 brofogdekapparna*
630 1095 64 21 bland
711 1095 25 20 de
752 1094 82 27 afdrag,
850 1100 43 15 som

71 1124 66 21 borde
159 1124 124 21 frånräknas
306 1124 63 21 innan
385 1124 126 25 lägenheten
527 1123 81 21 åsattes
626 1123 144 24 skattevärde,
786 1123 40 21 och
842 1122 53 21 efter

71 1153 111 21 enahanda
197 1153 68 26 grund
280 1159 37 14 var
333 1153 185 26 skattläggningen
534 1152 81 21 ordnad
631 1152 60 21 äfven
702 1152 7 21 i
720 1152 68 32 öfriga
804 1151 58 22 delar
875 1151 22 21 af

71 1181 78 22 landet.
179 1181 141 26 Följaktligen
335 1181 111 21 minskade
462 1181 64 21 dessa
541 1181 83 26 kappar
640 1181 54 20 ock
683 1176 14 35 i
707 1181 33 20 sin
755 1180 48 21 mån
814 1180 82 21 skatte-

71 1210 105 25 beloppet,
200 1209 97 22 hvarföre
319 1210 26 21 de
368 1210 123 29 egentligen
510 1209 101 21 tillhörde
633 1209 83 21 kronan
736 1209 39 21 och
791 1209 18 26 ej
825 1209 70 20 kunde

71 1238 70 21 anslås
164 1238 32 21 till
219 1238 135 21 kommunala
377 1238 68 21 behof.
476 1235 64 24 Ännu
557 1238 86 21 klarare
659 1237 103 22 framstod
779 1237 58 21 detta
853 1236 43 21 för-

71 1267 99 21 hållande
185 1267 7 20 i
207 1267 71 26 kongl.
301 1267 82 21 brefvet
407 1267 22 20 af
449 1267 40 20 den
506 1267 12 20 7
534 1267 91 26 Augusti
645 1267 61 25 1801,
723 1266 87 26 (hvarur
825 1265 71 21 hithö-

71 1295 65 21 rande
159 1295 61 21 ställe
234 1295 23 21 af
271 1295 81 22 talaren
373 1294 125 29 upplästes).
528 1295 30 21 Af
568 1282 76 33 "sådan
667 1283 114 38 anledning
802 1294 94 27 uppbars

71 1324 40 21 ock
131 1323 28 27 på
174 1317 75 33 Åland,
266 1325 37 20 der
316 1324 156 26 jagtbetjening
488 1323 18 27 ej
522 1330 38 14 var
576 1323 99 24 anställd,
693 1324 47 21 dess
756 1323 93 26 aflöning
864 1322 33 21 för

71 1353 92 20 kronans
179 1353 101 26 räckning
295 1353 39 20 och
350 1353 136 21 redovisades
501 1353 83 20 kronan
600 1352 32 21 till
642 1352 63 26 godo.
731 1352 73 21 Under
817 1351 80 21 sådana

71 1381 187 27 omständigheter,
274 1381 39 21 och
329 1381 28 21 då
372 1381 62 21 dessa
449 1381 94 26 betjente
559 1381 18 26 ej
594 1381 71 20 kunde
680 1381 35 20 vid
730 1379 167 22 kommunalför-

70 1410 121 26 valtningen
207 1410 98 21 umbäras
321 1411 56 20 samt
391 1410 208 21 kronolänsmännen
615 1409 48 21 med
678 1409 46 21 sina
739 1409 86 26 knappa
838 1409 59 20 löner

71 1444 77 14 annars
171 1439 68 20 skulle
255 1438 33 21 stå
303 1438 88 21 alldeles
407 1439 90 25 redlöse,
513 1438 71 20 kunde
600 1438 138 26 domprosten
754 1438 18 26 ej
789 1437 108 26 tillstyrka

70 1466 162 27 inbjudningens
255 1467 125 26 antagande.
411 1461 135 27 Åtminstone
564 1466 35 21 vid
615 1466 69 21 denna
699 1466 104 26 landtdag
818 1466 39 20 och
874 1465 23 21 så

70 1496 53 20 utan
146 1495 71 21 vidare
240 1495 89 27 omgång
351 1495 72 21 kunde
439 1495 67 21 denna
522 1495 39 21 sak
576 1494 47 22 icke
639 1495 47 21 med
702 1494 91 22 rättvisa
809 1494 39 21 och
864 1493 33 21 till

70 1529 55 21 gagn
141 1523 33 21 för
188 1523 140 22 fosterlandet
343 1524 86 21 komma
444 1524 32 20 till
492 1523 68 22 stånd.
