1103 1803
304 141 165 17 Presteståndet.
494 142 54 16 1867.
573 142 26 17 30
612 142 47 21 Maj.
806 138 52 20 1221

134 226 229 27 Jemkningsförslaget
377 227 123 26 godkändes
517 227 111 26 enhälligt;
652 227 38 21 och
714 228 68 20 skulle
804 228 85 27 respek-

66 256 43 21 tive
124 256 138 20 medstånden
278 257 55 19 samt
349 256 43 25 lag-
408 255 39 21 och
463 256 205 20 ekonomiutskottet
683 256 75 20 härom
779 257 110 21 underrät-

67 286 33 19 tas
117 284 122 21 förmedelst
254 284 78 26 utdrag
347 283 22 21 af
383 284 135 26 protokollet.

135 408 120 26 Föredrogs
279 408 39 21 och
340 408 124 26 godkändes
484 410 154 19 sammansatta
660 409 44 26 lag-
727 409 39 21 och
782 409 108 22 ekonomi-

69 438 56 19 samt
147 438 63 19 stats-
234 437 39 20 och
296 437 242 26 bevillningsutskottets
564 437 295 27 sammanjemkningsförslag
883 438 7 21 i

70 465 74 26 frågan
170 471 34 15 om
230 465 164 26 ingvarterings-
423 465 39 21 och
489 466 400 27 transportskjutsningsskyldigheten;

69 493 112 22 hvaröfver
195 494 196 26 protokollsutdrag
406 494 68 21 skulle
490 494 112 21 tillsändas
617 494 59 21 såväl
694 495 119 26 respektive
833 495 57 21 med-

69 522 96 25 stånden,
181 528 45 15 som
241 523 141 26 nyssnämnde
397 524 154 19 sammansatta
566 522 90 21 utskott.

138 652 133 27 Föredrogos
297 654 56 19 samt
377 653 59 21 lades
460 653 33 21 till
518 653 155 27 handlingarna
699 653 93 27 följande
818 655 73 24 proto-

70 680 142 27 kollsutdrag:

138 737 35 26 A.)
203 737 57 20 Från
275 737 114 27 höglofliga
405 737 147 28 ridderskapet
568 737 39 22 och
623 737 62 21 adeln
699 737 23 21 af
737 738 40 21 den
793 739 26 20 27
841 738 50 21 den-

70 771 44 20 nes,
130 765 23 21 så
168 765 100 27 lydande:

139 839 9 10 n
151 821 130 27 Föredrogs:
298 824 152 19 sammansatta
466 823 44 26 lag-
526 823 39 20 och
582 823 105 21 ekonomi-
703 824 55 19 samt
774 824 62 19 stats-
852 823 39 20 och

71 850 244 27 bevillningsutskottets
339 851 39 20 den
400 851 26 20 25
450 851 78 21 dennes
551 851 116 26 bordlagde
683 851 134 21 betänkande
832 851 6 20 i
854 857 38 14 an-

71 879 84 26 ledning
171 879 23 20 af
208 879 79 26 nådiga
301 879 159 26 propositionen
475 879 109 27 angående
600 880 164 26 inqvarterings-
780 879 39 22 och
834 881 58 20 tran-

71 907 344 27 sportskjutsningsskyldigheten.

142 963 69 22 Sedan
226 964 150 27 ridderskapet
391 965 39 20 och
445 965 63 20 adeln
524 965 103 25 enhälligt
642 965 88 20 beslutit
744 966 32 19 att
791 964 33 21 till
835 964 57 27 pröf-

72 992 51 26 ning
138 994 93 25 upptaga
247 993 36 20 det
298 993 67 20 andra
380 993 23 20 af
416 993 117 21 utskottets
549 993 128 21 alternativa
692 993 80 26 förslag
782 993 32 21 till
830 993 63 25 ,För-

73 1021 90 26 ordning
184 1021 108 26 angående
314 1021 121 26 grunderne
457 1021 33 21 för
513 1021 244 27 militäringvarterings-
781 1021 39 21 och
835 1023 58 19 tran-

72 1049 352 27 sportskjutsningsskyldighetens
439 1050 119 26 utgörande
569 1050 23 20 af
600 1050 154 20 innevånarene
767 1050 7 20 i
785 1049 108 24 Finland”,

71 1077 93 26 företogs
179 1078 130 26 granskning
324 1077 23 21 af
361 1078 90 21 berörde
467 1078 121 25 alternativ,
604 1078 74 21 dervid
693 1078 85 21 ståndet
791 1077 102 21 stannade

70 1105 31 21 uti
118 1105 92 27 följande
225 1106 82 21 beslut:

140 1163 28 20 Af
185 1163 9 20 1
211 1169 66 15 mom.
294 1164 9 19 1
322 1163 12 26 $
349 1163 124 26 godkändes
488 1163 68 21 första
571 1163 118 26 meningen,
705 1169 48 14 men
769 1163 40 20 den
827 1163 67 20 andra

71 1190 113 27 börjande:
206 1191 48 26 ,Uti
275 1191 119 21 kostnaden
412 1191 44 22 för"
472 1193 40 20 etc.
528 1192 90 20 uteslöts
634 1198 25 14 ur
674 1192 121 20 momentet.
826 1192 12 19 2
854 1191 39 20 och

71 1219 13 20 3
100 1225 62 14 mom.
179 1221 90 25 antogos
285 1220 148 21 oförändrade.

141 1275 26 27 85
183 1277 57 20 2—4
254 1276 90 27 gillades
359 1277 71 21 såsom
445 1277 26 21 de
487 1279 37 19 äro
540 1277 7 20 i
562 1277 137 21 alternativet
716 1276 106 21 affattade.

140 1333 12 26 $
169 1333 12 20 5
197 1339 63 15 mom.
278 1334 9 19 1
307 1333 130 27 godkändes,
459 1340 48 15 men
528 1340 63 15 mom.
615 1335 12 19 2
650 1334 23 21 af
693 1339 81 16 samma
796 1332 100 27 paragraf

73 1361 68 21 skulle
156 1361 33 21 till
204 1361 51 28 följd
271 1362 23 21 af
307 1362 96 21 ständets
418 1362 70 21 beslut
503 1362 133 21 beträffande
652 1362 11 27 $
680 1363 18 24 1,
714 1361 58 28 utgå.

142 1419 26 26 $$
184 1419 68 20 6—11
270 1421 89 24 antogos
374 1421 51 19 utan
441 1419 127 21 diskussion.

140 1475 136 22 Beträffande
297 1476 148 26 ,Reglemente
468 1475 110 27 angäende
600 1476 146 26 ingvartering
768 1476 55 20 samt
838 1476 57 19 tran-

72 1506 60 30 sport
147 1504 28 27 af,
198 1506 89 25 trupper
309 1504 40 22 och
369 1504 200 27 militärpersedlar*
584 1504 46 21 blef
648 1504 96 21 ständets
759 1503 76 24 beslut,
851 1508 45 16 som

71 1532 73 26 följer:

807 1570 21 18 78
