1103 1803
222 126 57 20 1164
438 129 164 17 Presteståndet.
628 129 54 17 1867.
706 130 26 17 27
744 130 49 21 Maj.

194 216 97 26 tillämpa
313 214 117 27 någotdera
444 214 23 21 af
481 214 26 21 de
522 214 72 26 billiga
617 213 222 27 byggnadssystemen,
860 214 23 21 så
898 214 123 26 godkändes

195 244 118 22 detsamma
328 243 144 23 oförändradt,
488 242 87 21 likasom
592 242 40 21 ock
647 242 46 25 (sid.
711 243 36 25 14)
765 244 45 26 ,att
826 242 36 22 det
876 243 34 21 må
917 238 12 36 &
947 242 74 26 styrel-

195 278 48 16 sens
260 272 97 26 pröfning
372 280 28 10 =
415 280 28 10 =
459 270 71 27 duglig
542 270 90 26 jernväg
646 270 116 26 förenligt",
779 270 129 22 sistnämnde
923 270 98 28 yttrande

195 299 64 22 likväl
275 300 48 21 med
339 299 74 27 tillägg
428 301 32 19 att
475 299 41 21 den
531 300 79 20 största
625 298 84 26 möjliga
724 298 134 27 sparsamhet
868 298 60 22 äfven
939 299 6 21 i
958 298 63 27 öfrigt

195 328 35 22 vid
252 328 234 28 jernvägsbyggnadens
508 326 111 22 utförande
641 327 34 21 må
697 327 28 26 på
743 327 37 21 det
795 329 155 25 noggrannaste
965 327 57 21 iakt-

195 359 68 24 tagas.

266 413 47 21 Den
335 413 38 20 sid.
398 413 27 20 14
447 411 118 27 föreslagna
587 411 132 26 tacksägelse
740 411 68 22 borde
826 412 56 27 utgå,
898 418 46 15 men
960 412 26 21 de
1001 411 22 22 af

197 441 106 21 utskottet
318 440 119 27 föreslagna
452 440 73 21 orden:
543 441 45 23 ,att
604 439 113 22 ständerne
732 439 50 22 ville
798 449 27 9 =
840 449 28 10 =
883 440 138 26 föreläggas*,

197 471 90 24 antogos
303 469 65 26 enligt
383 468 242 22 utskottsbetänkandet.

267 525 107 22 Skolande
389 524 195 28 protokollsutdrag
599 524 73 21 härom
688 524 96 21 utfärdas
795 525 17 26 ej
825 525 80 21 mindre
915 524 33 21 till
959 527 62 18 samt-

198 554 43 26 liga
260 553 139 21 medstånden
421 555 27 19 än
470 553 31 20 till
524 554 152 20 sammansatta
699 553 107 21 ekonomi-
829 555 55 19 samt
904 555 62 19 stats-
983 553 38 21 och

198 582 237 26 bevillningsutskottet.
466 580 50 22 Som
531 580 80 22 ofvan.”

270 638 22 26 0)
307 638 32 21 för
355 638 39 20 den
411 638 26 20 25
454 637 41 27 Maj
513 638 60 26 1867,
589 638 24 20 så
628 636 99 28 lydande:

271 694 34 25 »S.
342 711 4 4 D.
377 694 120 26 Föredrogs
519 695 151 20 sammansatta
693 693 108 21 ekonomi-
822 695 56 19 samt
899 695 62 19 stats-
984 693 39 21 och

200 706 242 47 bevillningsutskottets
463 722 133 21 betänkande
618 721 6 20 i
647 721 113 26 anledning
783 721 23 21 af
826 722 59 21 Hans
907 722 117 26 Kejserliga

201 750 111 27 Majestäts
335 750 77 26 nådiga
433 750 136 27 proposition,
593 749 109 26 angående
725 755 150 21 masugnarnes
897 749 38 22 och
954 751 70 25 stång-

199 779 149 26 jernsverkens
367 777 108 22 befriande
490 777 46 22 från
552 777 126 27 erläggande
694 777 22 22 af
731 777 119 28 tiondejern
865 778 38 21 och
919 777 105 22 hammar-

201 807 64 21 skatt.
297 807 45 21 Och
365 806 49 21 fann
438 806 152 21 bondeståndet
612 806 51 26 godt
685 806 117 21 utskottets
822 806 152 21 ofvanberörda
990 806 34 21 be-

201 835 108 21 tänkande
331 837 84 24 antaga,
438 835 47 21 med
507 835 65 20 sädan
595 834 98 21 anhällan
716 840 46 15 som
780 834 113 22 innefattas
907 835 31 20 uti
953 834 72 27 grefve

202 863 108 26 Armfelts,
332 863 89 26 August,
443 863 35 21 vid
496 863 137 21 förenämnda
648 862 136 22 betänkande
798 863 76 26 fogade
888 863 135 21 reservation.

272 919 107 22 Skolande
401 919 194 27 protokollsutdrag
610 919 73 21 härom
700 918 94 23 utfärdas
810 919 57 22 såväl
882 919 31 21 till
929 919 96 27 samtliga

203 947 139 22 medstånden
363 954 45 15 som
431 947 32 22 till
486 949 151 20 sammansatta
658 947 107 22 ekonomi-
788 950 55 19 samt
858 949 61 20 stats-
935 947 39 22 och
989 947 36 22 be-

203 976 210 27 villningsutskottet.
443 976 50 21 Som
509 975 81 22 ofvan."

272 1033 21 26 p)
309 1032 33 22 för
357 1033 40 21 den
413 1033 24 21 21
456 1033 38 21 och
510 1034 25 19 22
552 1032 42 27 Maj
612 1033 61 25 1867,
689 1033 24 20 så
728 1033 102 27 lydande:

274 1089 34 25 »S.
325 1089 25 20 D.
381 1088 118 27 Föredrogs
520 1090 151 20 sammansatta
695 1089 107 20 ekonomi-
826 1090 54 20 samt
903 1089 61 20 stats-
986 1088 39 21 och

204 1116 240 27 bevillningsutskottets
467 1116 108 21 skrifvelse
598 1117 22 21 af
642 1117 39 20 den
703 1118 26 19 17
745 1117 140 21 innevarande
901 1117 50 26 Maj,
967 1117 58 20 hvari

203 1145 113 26 utskottet,
333 1145 47 21 med
395 1145 102 21 förmälan
513 1147 32 19 att
559 1145 113 26 höglofliga
687 1145 148 27 ridderskapet
850 1145 38 21 och
899 1145 60 21 adeln
971 1147 55 19 samt

205 1173 104 27 vällofliga
325 1173 181 27 borgareståndet,
521 1173 6 21 i
543 1173 162 26 hufvudsakliga
720 1173 66 26 delar,
803 1173 97 22 omfattat
910 1173 115 21 utskottets

204 1207 75 16 senare
295 1201 125 22 alternativa
435 1201 77 28 förslag
528 1201 29 22 uti
573 1201 48 22 dess
636 1201 134 22 betänkande
782 1208 32 15 n:o
828 1203 6 19 1
850 1201 106 26 angående
967 1201 58 21 Hans

204 1229 117 27 Kejserliga
345 1230 109 27 Majestäts
476 1230 75 27 nådiga
573 1229 130 28 proposition
726 1230 7 21 i
756 1230 112 26 anledning
891 1229 21 22 af
933 1230 40 21 den
994 1229 33 22 för

204 1257 262 27 bränvinstillverkningen
488 1258 86 21 influtne
596 1258 95 21 skattens
714 1258 163 26 otillräcklighet
898 1257 33 22 för
952 1257 74 22 bestri-

205 1286 80 21 dandet
307 1286 22 21 af
350 1286 25 21 de
398 1286 78 27 anslag,
498 1286 85 21 hvartill
606 1287 122 20 densamma
751 1287 121 26 påräknats,
890 1286 27 21 då
933 1286 94 21 deremot

205 1314 131 26 högvördiga
351 1315 157 26 prestaståndet
522 1315 95 21 förordat
632 1321 80 14 samma
722 1314 238 22 utskottsbetänkandes
971 1313 56 22 förra

205 1343 120 25 alternativ,
348 1349 47 14 men
418 1343 154 21 bondeståndet
592 1343 46 21 icke
661 1343 95 26 godkänt
781 1343 116 26 någotdera
921 1342 105 26 förslaget,

205 1373 52 20 utan
279 1371 57 21 velat
358 1371 106 21 bibehålla
486 1372 40 21 den
549 1378 27 14 nu
598 1371 99 26 gällande
718 1371 151 26 författningen
883 1371 8 20 i
906 1373 76 23 ämnet,
999 1383 27 2 —

206 1401 51 20 enär
272 1400 65 26 något
352 1401 130 24 gemensamt
494 1399 199 27 jemkningsförslag
707 1400 90 21 sålunda
812 1399 46 21 icke
873 1399 70 21 kunde
953 1399 74 26 åväga-

205 1427 92 27 bringas,
321 1427 56 21 velat
396 1427 52 21 först
468 1428 94 20 inhemta
577 1428 79 20 visshet
671 1428 80 24 derom,
767 1427 103 21 huruvida
885 1427 92 25 änsagde
992 1427 35 19 be-

206 1456 119 21 tänkandes
346 1455 57 21 förra
425 1456 111 21 alternativ
551 1456 71 20 kunde
637 1455 22 21 af
673 1456 25 20 de
714 1456 69 24 stånd,
798 1461 45 15 som
859 1457 63 19 annat
938 1454 68 22 beslut
1021 1454 6 20 i

206 1486 71 19 ämnet
300 1484 69 25 fattat,
391 1484 48 21 med
460 1484 52 21 eller
526 1486 50 19 utan
593 1484 114 26 ändringar
722 1486 94 24 antagas,
833 1483 39 21 och
887 1483 6 21 i
909 1483 75 21 sådant
999 1482 27 21 at-

207 1512 77 22 seende
307 1512 114 24 hemställt,
438 1514 31 20 att
482 1512 154 22 bondeståndet
652 1512 66 21 måtte
733 1514 50 24 taga
798 1512 6 20 i
820 1510 158 27 öfvervägande,
995 1516 32 16 om
