<?xml version="1.0" encoding="UTF-8"?>
<alto xmlns="http://www.loc.gov/standards/alto/ns-v3#" xmlns:xlink="http://www.w3.org/1999/xlink" xmlns:xsi="http://www.w3.org/2001/XMLSchema-instance" xsi:schemaLocation="http://www.loc.gov/standards/alto/ns-v3# http://www.loc.gov/alto/v3/alto-3-0.xsd">
	<Description>
		<MeasurementUnit>pixel</MeasurementUnit>
		<sourceImageInformation>
			<fileName>/tmp/tess_d4h9ga9i_input.PNG</fileName>
		</sourceImageInformation>
		<OCRProcessing ID="OCR_0">
			<ocrProcessingStep>
				<processingSoftware>
					<softwareName>tesseract 5.3.4</softwareName>
				</processingSoftware>
			</ocrProcessingStep>
		</OCRProcessing>
	</Description>
	<Layout>
		<Page WIDTH="1039" HEIGHT="1692" PHYSICAL_IMG_NR="0" ID="page_0">
			<PrintSpace HPOS="0" VPOS="0" WIDTH="1039" HEIGHT="1692">
				<GraphicalElement ID="cblock_0" HPOS="533" VPOS="0" WIDTH="432" HEIGHT="3"></GraphicalElement >
				<ComposedBlock ID="cblock_1" HPOS="188" VPOS="130" WIDTH="455" HEIGHT="18">
					<TextBlock ID="block_0" HPOS="188" VPOS="130" WIDTH="455" HEIGHT="18">
						<TextLine ID="line_0" HPOS="188" VPOS="130" WIDTH="455" HEIGHT="18">
							<String ID="string_0" HPOS="188" VPOS="131" WIDTH="34" HEIGHT="17" WC="0.96" CONTENT="128"/><SP WIDTH="239" VPOS="131" HPOS="222"/>
							<String ID="string_1" HPOS="461" VPOS="130" WIDTH="41" HEIGHT="17" WC="0.95" CONTENT="Den"/><SP WIDTH="14" VPOS="130" HPOS="502"/>
							<String ID="string_2" HPOS="516" VPOS="130" WIDTH="20" HEIGHT="17" WC="0.96" CONTENT="19"/><SP WIDTH="14" VPOS="130" HPOS="536"/>
							<String ID="string_3" HPOS="550" VPOS="130" WIDTH="93" HEIGHT="18" WC="0.93" CONTENT="Februari."/>
						</TextLine>
					</TextBlock>
				</ComposedBlock>
				<ComposedBlock ID="cblock_2" HPOS="167" VPOS="187" WIDTH="753" HEIGHT="1257">
					<TextBlock ID="block_1" HPOS="167" VPOS="187" WIDTH="753" HEIGHT="261">
						<TextLine ID="line_1" HPOS="169" VPOS="187" WIDTH="751" HEIGHT="27">
							<String ID="string_4" HPOS="169" VPOS="188" WIDTH="63" HEIGHT="21" WC="0.95" CONTENT="hafva"/><SP WIDTH="16" VPOS="188" HPOS="232"/>
							<String ID="string_5" HPOS="248" VPOS="188" WIDTH="92" HEIGHT="21" WC="0.94" CONTENT="saknats."/><SP WIDTH="16" VPOS="188" HPOS="340"/>
							<String ID="string_6" HPOS="356" VPOS="187" WIDTH="38" HEIGHT="20" WC="0.94" CONTENT="Att"/><SP WIDTH="16" VPOS="187" HPOS="394"/>
							<String ID="string_7" HPOS="410" VPOS="194" WIDTH="25" HEIGHT="13" WC="0.96" CONTENT="en"/><SP WIDTH="16" VPOS="194" HPOS="435"/>
							<String ID="string_8" HPOS="451" VPOS="188" WIDTH="102" HEIGHT="26" WC="0.95" CONTENT="omyndig"/><SP WIDTH="16" VPOS="188" HPOS="553"/>
							<String ID="string_9" HPOS="569" VPOS="194" WIDTH="76" HEIGHT="20" WC="0.96" CONTENT="person"/><SP WIDTH="16" VPOS="194" HPOS="645"/>
							<String ID="string_10" HPOS="661" VPOS="187" WIDTH="125" HEIGHT="21" WC="0.96" CONTENT="framträder"/><SP WIDTH="15" VPOS="187" HPOS="786"/>
							<String ID="string_11" HPOS="801" VPOS="188" WIDTH="55" HEIGHT="20" WC="0.96" CONTENT="inför"/><SP WIDTH="10" VPOS="188" HPOS="856"/>
							<String ID="string_12" HPOS="866" VPOS="190" WIDTH="54" HEIGHT="18" WC="0.95" CONTENT="rätta"/>
						</TextLine>
						<TextLine ID="line_2" HPOS="168" VPOS="222" WIDTH="751" HEIGHT="28">
							<String ID="string_13" HPOS="168" VPOS="223" WIDTH="40" HEIGHT="20" WC="0.96" CONTENT="och"/><SP WIDTH="15" VPOS="223" HPOS="208"/>
							<String ID="string_14" HPOS="223" VPOS="222" WIDTH="75" HEIGHT="28" WC="0.96" CONTENT="klagar"/><SP WIDTH="16" VPOS="222" HPOS="298"/>
							<String ID="string_15" HPOS="314" VPOS="222" WIDTH="32" HEIGHT="20" WC="0.96" CONTENT="för"/><SP WIDTH="14" VPOS="222" HPOS="346"/>
							<String ID="string_16" HPOS="360" VPOS="224" WIDTH="30" HEIGHT="18" WC="0.96" CONTENT="att"/><SP WIDTH="15" VPOS="224" HPOS="390"/>
							<String ID="string_17" HPOS="405" VPOS="222" WIDTH="21" HEIGHT="20" WC="0.96" CONTENT="få"/><SP WIDTH="16" VPOS="222" HPOS="426"/>
							<String ID="string_18" HPOS="442" VPOS="222" WIDTH="91" HEIGHT="25" WC="0.96" CONTENT="rättelse,"/><SP WIDTH="22" VPOS="222" HPOS="533"/>
							<String ID="string_19" HPOS="555" VPOS="225" WIDTH="22" HEIGHT="17" WC="0.96" CONTENT="är"/><SP WIDTH="16" VPOS="225" HPOS="577"/>
							<String ID="string_20" HPOS="593" VPOS="222" WIDTH="124" HEIGHT="26" WC="0.95" CONTENT="visserligen"/><SP WIDTH="21" VPOS="222" HPOS="717"/>
							<String ID="string_21" HPOS="738" VPOS="222" WIDTH="46" HEIGHT="20" WC="0.95" CONTENT="icke"/><SP WIDTH="16" VPOS="222" HPOS="784"/>
							<String ID="string_22" HPOS="800" VPOS="222" WIDTH="119" HEIGHT="26" WC="0.96" CONTENT="otänkbart,"/>
						</TextLine>
						<TextLine ID="line_3" HPOS="168" VPOS="256" WIDTH="749" HEIGHT="27">
							<String ID="string_23" HPOS="168" VPOS="264" WIDTH="48" HEIGHT="13" WC="0.93" CONTENT="men"/><SP WIDTH="16" VPOS="264" HPOS="216"/>
							<String ID="string_24" HPOS="232" VPOS="257" WIDTH="111" HEIGHT="26" WC="0.90" CONTENT="oförsigtig"/><SP WIDTH="23" VPOS="257" HPOS="343"/>
							<String ID="string_25" HPOS="366" VPOS="256" WIDTH="53" HEIGHT="20" WC="0.95" CONTENT="skall"/><SP WIDTH="24" VPOS="256" HPOS="419"/>
							<String ID="string_26" HPOS="443" VPOS="258" WIDTH="103" HEIGHT="18" WC="0.96" CONTENT="mästaren"/><SP WIDTH="23" VPOS="258" HPOS="546"/>
							<String ID="string_27" HPOS="569" VPOS="256" WIDTH="62" HEIGHT="20" WC="0.96" CONTENT="hafva"/><SP WIDTH="16" VPOS="256" HPOS="631"/>
							<String ID="string_28" HPOS="647" VPOS="256" WIDTH="60" HEIGHT="26" WC="0.96" CONTENT="varit,"/><SP WIDTH="17" VPOS="256" HPOS="707"/>
							<String ID="string_29" HPOS="724" VPOS="256" WIDTH="31" HEIGHT="20" WC="0.96" CONTENT="för"/><SP WIDTH="16" VPOS="256" HPOS="755"/>
							<String ID="string_30" HPOS="771" VPOS="258" WIDTH="29" HEIGHT="18" WC="0.93" CONTENT="att"/><SP WIDTH="14" VPOS="258" HPOS="800"/>
							<String ID="string_31" HPOS="814" VPOS="256" WIDTH="103" HEIGHT="26" WC="0.92" CONTENT="lärlingen"/>
						</TextLine>
						<TextLine ID="line_4" HPOS="167" VPOS="290" WIDTH="750" HEIGHT="28">
							<String ID="string_32" HPOS="167" VPOS="292" WIDTH="54" HEIGHT="19" WC="0.96" CONTENT="skall"/><SP WIDTH="19" VPOS="292" HPOS="221"/>
							<String ID="string_33" HPOS="240" VPOS="292" WIDTH="72" HEIGHT="19" WC="0.96" CONTENT="kunna"/><SP WIDTH="21" VPOS="292" HPOS="312"/>
							<String ID="string_34" HPOS="333" VPOS="292" WIDTH="49" HEIGHT="25" WC="0.96" CONTENT="taga"/><SP WIDTH="19" VPOS="292" HPOS="382"/>
							<String ID="string_35" HPOS="401" VPOS="293" WIDTH="29" HEIGHT="17" WC="0.95" CONTENT="ett"/><SP WIDTH="16" VPOS="293" HPOS="430"/>
							<String ID="string_36" HPOS="446" VPOS="290" WIDTH="75" HEIGHT="20" WC="0.96" CONTENT="sådant"/><SP WIDTH="14" VPOS="290" HPOS="521"/>
							<String ID="string_37" HPOS="535" VPOS="292" WIDTH="52" HEIGHT="25" WC="0.96" CONTENT="steg,"/><SP WIDTH="17" VPOS="292" HPOS="587"/>
							<String ID="string_38" HPOS="604" VPOS="292" WIDTH="47" HEIGHT="19" WC="0.90" CONTENT="med"/><SP WIDTH="18" VPOS="292" HPOS="651"/>
							<String ID="string_39" HPOS="669" VPOS="292" WIDTH="64" HEIGHT="26" WC="0.90" CONTENT="utsigt"/><SP WIDTH="14" VPOS="292" HPOS="733"/>
							<String ID="string_40" HPOS="747" VPOS="292" WIDTH="30" HEIGHT="18" WC="0.93" CONTENT="att"/><SP WIDTH="17" VPOS="292" HPOS="777"/>
							<String ID="string_41" HPOS="794" VPOS="291" WIDTH="123" HEIGHT="26" WC="0.90" CONTENT="derigenom"/>
						</TextLine>
						<TextLine ID="line_5" HPOS="168" VPOS="324" WIDTH="749" HEIGHT="28">
							<String ID="string_42" HPOS="168" VPOS="326" WIDTH="78" HEIGHT="20" WC="0.96" CONTENT="befrias"/><SP WIDTH="20" VPOS="326" HPOS="246"/>
							<String ID="string_43" HPOS="266" VPOS="325" WIDTH="45" HEIGHT="20" WC="0.96" CONTENT="från"/><SP WIDTH="20" VPOS="325" HPOS="311"/>
							<String ID="string_44" HPOS="331" VPOS="326" WIDTH="51" HEIGHT="18" WC="0.97" CONTENT="hans"/><SP WIDTH="20" VPOS="326" HPOS="382"/>
							<String ID="string_45" HPOS="402" VPOS="325" WIDTH="73" HEIGHT="25" WC="0.96" CONTENT="välde;"/><SP WIDTH="19" VPOS="325" HPOS="475"/>
							<String ID="string_46" HPOS="494" VPOS="326" WIDTH="39" HEIGHT="19" WC="0.93" CONTENT="och"/><SP WIDTH="15" VPOS="326" HPOS="533"/>
							<String ID="string_47" HPOS="548" VPOS="325" WIDTH="104" HEIGHT="27" WC="0.92" CONTENT="lärlingen"/><SP WIDTH="16" VPOS="325" HPOS="652"/>
							<String ID="string_48" HPOS="668" VPOS="325" WIDTH="93" HEIGHT="19" WC="0.96" CONTENT="riskerar"/><SP WIDTH="15" VPOS="325" HPOS="761"/>
							<String ID="string_49" HPOS="776" VPOS="324" WIDTH="69" HEIGHT="20" WC="0.93" CONTENT="alltför"/><SP WIDTH="16" VPOS="324" HPOS="845"/>
							<String ID="string_50" HPOS="861" VPOS="331" WIDTH="56" HEIGHT="19" WC="0.82" CONTENT="myc-"/>
						</TextLine>
						<TextLine ID="line_6" HPOS="167" VPOS="358" WIDTH="751" HEIGHT="27">
							<String ID="string_51" HPOS="167" VPOS="360" WIDTH="43" HEIGHT="22" WC="0.96" CONTENT="ket,"/><SP WIDTH="20" VPOS="360" HPOS="210"/>
							<String ID="string_52" HPOS="230" VPOS="366" WIDTH="34" HEIGHT="14" WC="0.96" CONTENT="om"/><SP WIDTH="24" VPOS="366" HPOS="264"/>
							<String ID="string_53" HPOS="288" VPOS="361" WIDTH="30" HEIGHT="18" WC="0.95" CONTENT="ett"/><SP WIDTH="18" VPOS="361" HPOS="318"/>
							<String ID="string_54" HPOS="336" VPOS="359" WIDTH="74" HEIGHT="20" WC="0.96" CONTENT="sådant"/><SP WIDTH="22" VPOS="359" HPOS="410"/>
							<String ID="string_55" HPOS="432" VPOS="359" WIDTH="71" HEIGHT="19" WC="0.96" CONTENT="försök"/><SP WIDTH="24" VPOS="359" HPOS="503"/>
							<String ID="string_56" HPOS="527" VPOS="359" WIDTH="130" HEIGHT="26" WC="0.96" CONTENT="misslyckas."/><SP WIDTH="30" VPOS="359" HPOS="657"/>
							<String ID="string_57" HPOS="687" VPOS="359" WIDTH="42" HEIGHT="26" WC="0.95" CONTENT="Jag"/><SP WIDTH="22" VPOS="359" HPOS="729"/>
							<String ID="string_58" HPOS="751" VPOS="359" WIDTH="41" HEIGHT="19" WC="0.95" CONTENT="kan"/><SP WIDTH="22" VPOS="359" HPOS="792"/>
							<String ID="string_59" HPOS="814" VPOS="358" WIDTH="28" HEIGHT="26" WC="0.96" CONTENT="på"/><SP WIDTH="15" VPOS="358" HPOS="842"/>
							<String ID="string_60" HPOS="857" VPOS="359" WIDTH="61" HEIGHT="19" WC="0.95" CONTENT="dessa"/>
						</TextLine>
						<TextLine ID="line_7" HPOS="168" VPOS="392" WIDTH="748" HEIGHT="29">
							<String ID="string_61" HPOS="168" VPOS="395" WIDTH="45" HEIGHT="19" WC="0.96" CONTENT="skäl"/><SP WIDTH="22" VPOS="395" HPOS="213"/>
							<String ID="string_62" HPOS="235" VPOS="394" WIDTH="115" HEIGHT="27" WC="0.96" CONTENT="ingalunda"/><SP WIDTH="22" VPOS="394" HPOS="350"/>
							<String ID="string_63" HPOS="372" VPOS="393" WIDTH="106" HEIGHT="26" WC="0.90" CONTENT="tillstyrka"/><SP WIDTH="22" VPOS="393" HPOS="478"/>
							<String ID="string_64" HPOS="500" VPOS="394" WIDTH="122" HEIGHT="26" WC="0.91" CONTENT="petitionen,"/><SP WIDTH="24" VPOS="394" HPOS="622"/>
							<String ID="string_65" HPOS="646" VPOS="396" WIDTH="50" HEIGHT="17" WC="0.95" CONTENT="utan"/><SP WIDTH="23" VPOS="396" HPOS="696"/>
							<String ID="string_66" HPOS="719" VPOS="392" WIDTH="87" HEIGHT="21" WC="0.96" CONTENT="föreslår"/><SP WIDTH="16" VPOS="392" HPOS="806"/>
							<String ID="string_67" HPOS="822" VPOS="394" WIDTH="29" HEIGHT="18" WC="0.93" CONTENT="alt"/><SP WIDTH="16" VPOS="394" HPOS="851"/>
							<String ID="string_68" HPOS="867" VPOS="393" WIDTH="49" HEIGHT="19" WC="0.92" CONTENT="den-"/>
						</TextLine>
						<TextLine ID="line_8" HPOS="168" VPOS="428" WIDTH="360" HEIGHT="20">
							<String ID="string_69" HPOS="168" VPOS="434" WIDTH="80" HEIGHT="14" WC="0.91" CONTENT="samma"/><SP WIDTH="15" VPOS="434" HPOS="248"/>
							<String ID="string_70" HPOS="263" VPOS="428" WIDTH="80" HEIGHT="20" WC="0.91" CONTENT="lemnas"/><SP WIDTH="16" VPOS="428" HPOS="343"/>
							<String ID="string_71" HPOS="359" VPOS="430" WIDTH="48" HEIGHT="17" WC="0.95" CONTENT="utan"/><SP WIDTH="16" VPOS="430" HPOS="407"/>
							<String ID="string_72" HPOS="423" VPOS="428" WIDTH="105" HEIGHT="20" WC="0.96" CONTENT="afseende."/>
						</TextLine>
					</TextBlock>
					<TextBlock ID="block_2" HPOS="169" VPOS="461" WIDTH="748" HEIGHT="61">
						<TextLine ID="line_9" HPOS="231" VPOS="461" WIDTH="686" HEIGHT="27">
							<String ID="string_73" HPOS="231" VPOS="463" WIDTH="59" HEIGHT="24" WC="0.92" CONTENT="Herr"/><SP WIDTH="14" VPOS="463" HPOS="290"/>
							<String ID="string_74" HPOS="304" VPOS="461" WIDTH="130" HEIGHT="21" WC="0.92" CONTENT="Mechelin"/><SP WIDTH="15" VPOS="461" HPOS="434"/>
							<String ID="string_75" HPOS="449" VPOS="462" WIDTH="82" HEIGHT="26" WC="0.96" CONTENT="yrkade"/><SP WIDTH="17" VPOS="462" HPOS="531"/>
							<String ID="string_76" HPOS="548" VPOS="462" WIDTH="156" HEIGHT="26" WC="0.96" CONTENT="bordläggning"/><SP WIDTH="17" VPOS="462" HPOS="704"/>
							<String ID="string_77" HPOS="721" VPOS="462" WIDTH="24" HEIGHT="19" WC="0.96" CONTENT="af"/><SP WIDTH="17" VPOS="462" HPOS="745"/>
							<String ID="string_78" HPOS="762" VPOS="461" WIDTH="97" HEIGHT="25" WC="0.96" CONTENT="ärendet;"/><SP WIDTH="19" VPOS="461" HPOS="859"/>
							<String ID="string_79" HPOS="878" VPOS="462" WIDTH="39" HEIGHT="19" WC="0.96" CONTENT="och"/>
						</TextLine>
						<TextLine ID="line_10" HPOS="169" VPOS="495" WIDTH="406" HEIGHT="27">
							<String ID="string_80" HPOS="169" VPOS="497" WIDTH="45" HEIGHT="20" WC="0.96" CONTENT="blef"/><SP WIDTH="14" VPOS="497" HPOS="214"/>
							<String ID="string_81" HPOS="228" VPOS="497" WIDTH="116" HEIGHT="19" WC="0.89" CONTENT="detsamma"/><SP WIDTH="16" VPOS="497" HPOS="344"/>
							<String ID="string_82" HPOS="360" VPOS="495" WIDTH="82" HEIGHT="21" WC="0.89" CONTENT="derföre"/><SP WIDTH="16" VPOS="495" HPOS="442"/>
							<String ID="string_83" HPOS="458" VPOS="496" WIDTH="117" HEIGHT="26" WC="0.91" CONTENT="bordlagdt."/>
						</TextLine>
					</TextBlock>
					<TextBlock ID="block_3" HPOS="167" VPOS="529" WIDTH="749" HEIGHT="63">
						<TextLine ID="line_11" HPOS="236" VPOS="529" WIDTH="680" HEIGHT="27">
							<String ID="string_84" HPOS="236" VPOS="532" WIDTH="54" HEIGHT="19" WC="0.96" CONTENT="Herr"/><SP WIDTH="20" VPOS="532" HPOS="290"/>
							<String ID="string_85" HPOS="310" VPOS="537" WIDTH="46" HEIGHT="13" WC="0.93" CONTENT="von"/><SP WIDTH="16" VPOS="537" HPOS="356"/>
							<String ID="string_86" HPOS="372" VPOS="530" WIDTH="159" HEIGHT="26" WC="0.92" CONTENT="Zweygberg"/><SP WIDTH="16" VPOS="530" HPOS="531"/>
							<String ID="string_87" HPOS="547" VPOS="530" WIDTH="96" HEIGHT="26" WC="0.92" CONTENT="uppläste"/><SP WIDTH="18" VPOS="530" HPOS="643"/>
							<String ID="string_88" HPOS="661" VPOS="532" WIDTH="30" HEIGHT="17" WC="0.93" CONTENT="ett"/><SP WIDTH="16" VPOS="532" HPOS="691"/>
							<String ID="string_89" HPOS="707" VPOS="529" WIDTH="209" HEIGHT="27" WC="0.89" CONTENT="petitionsmemorial"/>
						</TextLine>
						<TextLine ID="line_12" HPOS="167" VPOS="564" WIDTH="251" HEIGHT="28">
							<String ID="string_90" HPOS="167" VPOS="566" WIDTH="23" HEIGHT="19" WC="0.95" CONTENT="af"/><SP WIDTH="14" VPOS="566" HPOS="190"/>
							<String ID="string_91" HPOS="204" VPOS="565" WIDTH="93" HEIGHT="27" WC="0.94" CONTENT="följande"/><SP WIDTH="18" VPOS="565" HPOS="297"/>
							<String ID="string_92" HPOS="315" VPOS="564" WIDTH="103" HEIGHT="20" WC="0.95" CONTENT="innehåll:"/>
						</TextLine>
					</TextBlock>
					<TextBlock ID="block_4" HPOS="306" VPOS="598" WIDTH="379" HEIGHT="26">
						<TextLine ID="line_13" HPOS="306" VPOS="598" WIDTH="379" HEIGHT="26">
							<String ID="string_93" HPOS="306" VPOS="598" WIDTH="53" HEIGHT="20" WC="0.90" CONTENT="”Till"/><SP WIDTH="15" VPOS="598" HPOS="359"/>
							<String ID="string_94" HPOS="374" VPOS="598" WIDTH="112" HEIGHT="26" WC="0.90" CONTENT="Välloflige"/><SP WIDTH="15" VPOS="598" HPOS="486"/>
							<String ID="string_95" HPOS="501" VPOS="598" WIDTH="184" HEIGHT="26" WC="0.91" CONTENT="Borgareståndet."/>
						</TextLine>
					</TextBlock>
					<TextBlock ID="block_5" HPOS="167" VPOS="632" WIDTH="753" HEIGHT="812">
						<TextLine ID="line_14" HPOS="237" VPOS="632" WIDTH="681" HEIGHT="27">
							<String ID="string_96" HPOS="237" VPOS="634" WIDTH="49" HEIGHT="20" WC="0.92" CONTENT="Som"/><SP WIDTH="20" VPOS="634" HPOS="286"/>
							<String ID="string_97" HPOS="306" VPOS="633" WIDTH="80" HEIGHT="19" WC="0.92" CONTENT="enhvar"/><SP WIDTH="18" VPOS="633" HPOS="386"/>
							<String ID="string_98" HPOS="404" VPOS="632" WIDTH="23" HEIGHT="20" WC="0.93" CONTENT="af"/><SP WIDTH="18" VPOS="632" HPOS="427"/>
							<String ID="string_99" HPOS="445" VPOS="632" WIDTH="112" HEIGHT="26" WC="0.91" CONTENT="Välloflige"/><SP WIDTH="20" VPOS="632" HPOS="557"/>
							<String ID="string_100" HPOS="577" VPOS="632" WIDTH="188" HEIGHT="27" WC="0.91" CONTENT="Borgareståndets"/><SP WIDTH="16" VPOS="632" HPOS="765"/>
							<String ID="string_101" HPOS="781" VPOS="632" WIDTH="137" HEIGHT="20" WC="0.96" CONTENT="medlemmar"/>
						</TextLine>
						<TextLine ID="line_15" HPOS="168" VPOS="666" WIDTH="748" HEIGHT="27">
							<String ID="string_102" HPOS="168" VPOS="668" WIDTH="60" HEIGHT="20" WC="0.96" CONTENT="torde"/><SP WIDTH="15" VPOS="668" HPOS="228"/>
							<String ID="string_103" HPOS="243" VPOS="667" WIDTH="65" HEIGHT="21" WC="0.96" CONTENT="hafva"/><SP WIDTH="14" VPOS="667" HPOS="308"/>
							<String ID="string_104" HPOS="322" VPOS="667" WIDTH="32" HEIGHT="26" WC="0.96" CONTENT="sig"/><SP WIDTH="16" VPOS="667" HPOS="354"/>
							<String ID="string_105" HPOS="370" VPOS="666" WIDTH="79" HEIGHT="20" WC="0.96" CONTENT="bekant"/><SP WIDTH="15" VPOS="666" HPOS="449"/>
							<String ID="string_106" HPOS="464" VPOS="666" WIDTH="51" HEIGHT="20" WC="0.96" CONTENT="huru"/><SP WIDTH="16" VPOS="666" HPOS="515"/>
							<String ID="string_107" HPOS="531" VPOS="666" WIDTH="146" HEIGHT="27" WC="0.96" CONTENT="mångfaldiga"/><SP WIDTH="13" VPOS="666" HPOS="677"/>
							<String ID="string_108" HPOS="690" VPOS="666" WIDTH="26" HEIGHT="20" WC="0.96" CONTENT="de"/><SP WIDTH="11" VPOS="666" HPOS="716"/>
							<String ID="string_109" HPOS="727" VPOS="666" WIDTH="70" HEIGHT="27" WC="0.96" CONTENT="frågor"/><SP WIDTH="11" VPOS="666" HPOS="797"/>
							<String ID="string_110" HPOS="808" VPOS="666" WIDTH="39" HEIGHT="20" WC="0.93" CONTENT="och"/><SP WIDTH="11" VPOS="666" HPOS="847"/>
							<String ID="string_111" HPOS="858" VPOS="668" WIDTH="58" HEIGHT="18" WC="0.91" CONTENT="ären-"/>
						</TextLine>
						<TextLine ID="line_16" HPOS="168" VPOS="700" WIDTH="748" HEIGHT="28">
							<String ID="string_112" HPOS="168" VPOS="702" WIDTH="37" HEIGHT="20" WC="0.96" CONTENT="der"/><SP WIDTH="23" VPOS="702" HPOS="205"/>
							<String ID="string_113" HPOS="228" VPOS="705" WIDTH="42" HEIGHT="23" WC="0.95" CONTENT="äro,"/><SP WIDTH="24" VPOS="705" HPOS="270"/>
							<String ID="string_114" HPOS="294" VPOS="701" WIDTH="32" HEIGHT="20" WC="0.96" CONTENT="för"/><SP WIDTH="22" VPOS="701" HPOS="326"/>
							<String ID="string_115" HPOS="348" VPOS="701" WIDTH="83" HEIGHT="19" WC="0.93" CONTENT="hvilkas"/><SP WIDTH="23" VPOS="701" HPOS="431"/>
							<String ID="string_116" HPOS="454" VPOS="700" WIDTH="115" HEIGHT="27" WC="0.93" CONTENT="afgörande"/><SP WIDTH="19" VPOS="700" HPOS="569"/>
							<String ID="string_117" HPOS="588" VPOS="700" WIDTH="58" HEIGHT="20" WC="0.93" CONTENT="såväl"/><SP WIDTH="16" VPOS="700" HPOS="646"/>
							<String ID="string_118" HPOS="662" VPOS="700" WIDTH="92" HEIGHT="20" WC="0.91" CONTENT="enskilla"/><SP WIDTH="19" VPOS="700" HPOS="754"/>
							<String ID="string_119" HPOS="773" VPOS="700" WIDTH="143" HEIGHT="26" WC="0.96" CONTENT="medborgare,"/>
						</TextLine>
						<TextLine ID="line_17" HPOS="167" VPOS="734" WIDTH="750" HEIGHT="26">
							<String ID="string_120" HPOS="167" VPOS="742" WIDTH="45" HEIGHT="14" WC="0.96" CONTENT="som"/><SP WIDTH="20" VPOS="742" HPOS="212"/>
							<String ID="string_121" HPOS="232" VPOS="736" WIDTH="48" HEIGHT="20" WC="0.96" CONTENT="hela"/><SP WIDTH="19" VPOS="736" HPOS="280"/>
							<String ID="string_122" HPOS="299" VPOS="736" WIDTH="124" HEIGHT="19" WC="0.93" CONTENT="kommuner"/><SP WIDTH="15" VPOS="736" HPOS="423"/>
							<String ID="string_123" HPOS="438" VPOS="734" WIDTH="91" HEIGHT="20" WC="0.91" CONTENT="behöfva"/><SP WIDTH="15" VPOS="734" HPOS="529"/>
							<String ID="string_124" HPOS="544" VPOS="734" WIDTH="51" HEIGHT="20" WC="0.96" CONTENT="söka"/><SP WIDTH="16" VPOS="734" HPOS="595"/>
							<String ID="string_125" HPOS="611" VPOS="735" WIDTH="39" HEIGHT="19" WC="0.96" CONTENT="den"/><SP WIDTH="21" VPOS="735" HPOS="650"/>
							<String ID="string_126" HPOS="671" VPOS="734" WIDTH="57" HEIGHT="20" WC="0.96" CONTENT="inom"/><SP WIDTH="17" VPOS="734" HPOS="728"/>
							<String ID="string_127" HPOS="745" VPOS="734" WIDTH="71" HEIGHT="26" WC="0.96" CONTENT="hvarje"/><SP WIDTH="16" VPOS="734" HPOS="816"/>
							<String ID="string_128" HPOS="832" VPOS="734" WIDTH="34" HEIGHT="20" WC="0.90" CONTENT="län"/><SP WIDTH="17" VPOS="734" HPOS="866"/>
							<String ID="string_129" HPOS="883" VPOS="734" WIDTH="34" HEIGHT="21" WC="0.90" CONTENT="be-"/>
						</TextLine>
						<TextLine ID="line_18" HPOS="168" VPOS="768" WIDTH="748" HEIGHT="28">
							<String ID="string_130" HPOS="168" VPOS="770" WIDTH="82" HEIGHT="26" WC="0.91" CONTENT="fintliga"/><SP WIDTH="14" VPOS="770" HPOS="250"/>
							<String ID="string_131" HPOS="264" VPOS="770" WIDTH="76" HEIGHT="26" WC="0.96" CONTENT="högsta"/><SP WIDTH="15" VPOS="770" HPOS="340"/>
							<String ID="string_132" HPOS="355" VPOS="769" WIDTH="167" HEIGHT="20" WC="0.95" CONTENT="administrativa"/><SP WIDTH="15" VPOS="769" HPOS="522"/>
							<String ID="string_133" HPOS="537" VPOS="769" WIDTH="142" HEIGHT="26" WC="0.91" CONTENT="myndighets,"/><SP WIDTH="17" VPOS="769" HPOS="679"/>
							<String ID="string_134" HPOS="696" VPOS="780" WIDTH="25" HEIGHT="3" WC="0.91" CONTENT="—"/><SP WIDTH="18" VPOS="780" HPOS="721"/>
							<String ID="string_135" HPOS="739" VPOS="769" WIDTH="19" HEIGHT="20" WC="0.90" CONTENT="d."/><SP WIDTH="16" VPOS="769" HPOS="758"/>
							<String ID="string_136" HPOS="774" VPOS="775" WIDTH="19" HEIGHT="13" WC="0.91" CONTENT="v."/><SP WIDTH="15" VPOS="775" HPOS="793"/>
							<String ID="string_137" HPOS="808" VPOS="775" WIDTH="16" HEIGHT="13" WC="0.87" CONTENT="s."/><SP WIDTH="14" VPOS="775" HPOS="824"/>
							<String ID="string_138" HPOS="838" VPOS="768" WIDTH="78" HEIGHT="21" WC="0.91" CONTENT="Guver-"/>
						</TextLine>
						<TextLine ID="line_19" HPOS="169" VPOS="802" WIDTH="749" HEIGHT="28">
							<String ID="string_139" HPOS="169" VPOS="804" WIDTH="153" HEIGHT="20" WC="0.90" CONTENT="nörsembetets"/><SP WIDTH="18" VPOS="804" HPOS="322"/>
							<String ID="string_140" HPOS="340" VPOS="816" WIDTH="19" HEIGHT="2" WC="0.91" CONTENT="—"/><SP WIDTH="21" VPOS="816" HPOS="359"/>
							<String ID="string_141" HPOS="380" VPOS="803" WIDTH="121" HEIGHT="27" WC="0.90" CONTENT="bemedling"/><SP WIDTH="23" VPOS="803" HPOS="501"/>
							<String ID="string_142" HPOS="524" VPOS="803" WIDTH="39" HEIGHT="19" WC="0.96" CONTENT="och"/><SP WIDTH="24" VPOS="803" HPOS="563"/>
							<String ID="string_143" HPOS="587" VPOS="803" WIDTH="91" HEIGHT="25" WC="0.95" CONTENT="bistånd,"/><SP WIDTH="23" VPOS="803" HPOS="678"/>
							<String ID="string_144" HPOS="701" VPOS="803" WIDTH="60" HEIGHT="20" WC="0.96" CONTENT="torde"/><SP WIDTH="22" VPOS="803" HPOS="761"/>
							<String ID="string_145" HPOS="783" VPOS="802" WIDTH="64" HEIGHT="20" WC="0.96" CONTENT="också"/><SP WIDTH="20" VPOS="802" HPOS="847"/>
							<String ID="string_146" HPOS="867" VPOS="804" WIDTH="51" HEIGHT="19" WC="0.96" CONTENT="hvar"/>
						</TextLine>
						<TextLine ID="line_20" HPOS="168" VPOS="836" WIDTH="750" HEIGHT="27">
							<String ID="string_147" HPOS="168" VPOS="838" WIDTH="40" HEIGHT="19" WC="0.96" CONTENT="och"/><SP WIDTH="16" VPOS="838" HPOS="208"/>
							<String ID="string_148" HPOS="224" VPOS="845" WIDTH="25" HEIGHT="12" WC="0.96" CONTENT="en"/><SP WIDTH="17" VPOS="845" HPOS="249"/>
							<String ID="string_149" HPOS="266" VPOS="838" WIDTH="46" HEIGHT="19" WC="0.96" CONTENT="inse"/><SP WIDTH="15" VPOS="838" HPOS="312"/>
							<String ID="string_150" HPOS="327" VPOS="838" WIDTH="95" HEIGHT="19" WC="0.96" CONTENT="fördelen"/><SP WIDTH="16" VPOS="838" HPOS="422"/>
							<String ID="string_151" HPOS="438" VPOS="837" WIDTH="62" HEIGHT="20" WC="0.96" CONTENT="deraf"/><SP WIDTH="12" VPOS="837" HPOS="500"/>
							<String ID="string_152" HPOS="512" VPOS="839" WIDTH="30" HEIGHT="18" WC="0.96" CONTENT="att"/><SP WIDTH="15" VPOS="839" HPOS="542"/>
							<String ID="string_153" HPOS="557" VPOS="837" WIDTH="69" HEIGHT="20" WC="0.96" CONTENT="denna"/><SP WIDTH="17" VPOS="837" HPOS="626"/>
							<String ID="string_154" HPOS="643" VPOS="837" WIDTH="126" HEIGHT="26" WC="0.96" CONTENT="myndighet"/><SP WIDTH="15" VPOS="837" HPOS="769"/>
							<String ID="string_155" HPOS="784" VPOS="836" WIDTH="67" HEIGHT="20" WC="0.96" CONTENT="finnes"/><SP WIDTH="16" VPOS="836" HPOS="851"/>
							<String ID="string_156" HPOS="867" VPOS="840" WIDTH="51" HEIGHT="16" WC="0.96" CONTENT="nära"/>
						</TextLine>
						<TextLine ID="line_21" HPOS="168" VPOS="871" WIDTH="749" HEIGHT="27">
							<String ID="string_157" HPOS="168" VPOS="872" WIDTH="106" HEIGHT="25" WC="0.95" CONTENT="tillhands,"/><SP WIDTH="25" VPOS="872" HPOS="274"/>
							<String ID="string_158" HPOS="299" VPOS="871" WIDTH="136" HEIGHT="26" WC="0.96" CONTENT="hvarigenom"/><SP WIDTH="24" VPOS="871" HPOS="435"/>
							<String ID="string_159" HPOS="459" VPOS="871" WIDTH="53" HEIGHT="20" WC="0.90" CONTENT="både"/><SP WIDTH="23" VPOS="871" HPOS="512"/>
							<String ID="string_160" HPOS="535" VPOS="871" WIDTH="127" HEIGHT="27" WC="0.90" CONTENT="tidsutdrägt"/><SP WIDTH="22" VPOS="871" HPOS="662"/>
							<String ID="string_161" HPOS="684" VPOS="871" WIDTH="40" HEIGHT="20" WC="0.96" CONTENT="och"/><SP WIDTH="25" VPOS="871" HPOS="724"/>
							<String ID="string_162" HPOS="749" VPOS="871" WIDTH="114" HEIGHT="20" WC="0.94" CONTENT="kostnader"/><SP WIDTH="23" VPOS="871" HPOS="863"/>
							<String ID="string_163" HPOS="886" VPOS="872" WIDTH="31" HEIGHT="19" WC="0.94" CONTENT="för"/>
						</TextLine>
						<TextLine ID="line_22" HPOS="167" VPOS="905" WIDTH="750" HEIGHT="28">
							<String ID="string_164" HPOS="167" VPOS="906" WIDTH="130" HEIGHT="20" WC="0.91" CONTENT="ärendernes"/><SP WIDTH="17" VPOS="906" HPOS="297"/>
							<String ID="string_165" HPOS="314" VPOS="905" WIDTH="137" HEIGHT="20" WC="0.91" CONTENT="befordrande"/><SP WIDTH="16" VPOS="905" HPOS="451"/>
							<String ID="string_166" HPOS="467" VPOS="905" WIDTH="30" HEIGHT="20" WC="0.96" CONTENT="till"/><SP WIDTH="17" VPOS="905" HPOS="497"/>
							<String ID="string_167" HPOS="514" VPOS="905" WIDTH="160" HEIGHT="28" WC="0.96" CONTENT="verkställighet"/><SP WIDTH="21" VPOS="905" HPOS="674"/>
							<String ID="string_168" HPOS="695" VPOS="905" WIDTH="109" HEIGHT="20" WC="0.95" CONTENT="undvikas."/><SP WIDTH="30" VPOS="905" HPOS="804"/>
							<String ID="string_169" HPOS="834" VPOS="906" WIDTH="41" HEIGHT="19" WC="0.96" CONTENT="Det"/><SP WIDTH="20" VPOS="906" HPOS="875"/>
							<String ID="string_170" HPOS="895" VPOS="909" WIDTH="22" HEIGHT="16" WC="0.95" CONTENT="är"/>
						</TextLine>
						<TextLine ID="line_23" HPOS="168" VPOS="939" WIDTH="750" HEIGHT="27">
							<String ID="string_171" HPOS="168" VPOS="940" WIDTH="110" HEIGHT="26" WC="0.92" CONTENT="sjelffallet"/><SP WIDTH="13" VPOS="940" HPOS="278"/>
							<String ID="string_172" HPOS="291" VPOS="942" WIDTH="30" HEIGHT="17" WC="0.93" CONTENT="att"/><SP WIDTH="14" VPOS="942" HPOS="321"/>
							<String ID="string_173" HPOS="335" VPOS="939" WIDTH="55" HEIGHT="20" WC="0.92" CONTENT="slika"/><SP WIDTH="10" VPOS="939" HPOS="390"/>
							<String ID="string_174" HPOS="400" VPOS="939" WIDTH="133" HEIGHT="20" WC="0.92" CONTENT="embetsverk"/><SP WIDTH="12" VPOS="939" HPOS="533"/>
							<String ID="string_175" HPOS="545" VPOS="939" WIDTH="48" HEIGHT="20" WC="0.96" CONTENT="icke"/><SP WIDTH="20" VPOS="939" HPOS="593"/>
							<String ID="string_176" HPOS="613" VPOS="940" WIDTH="72" HEIGHT="19" WC="0.96" CONTENT="kunna"/><SP WIDTH="20" VPOS="940" HPOS="685"/>
							<String ID="string_177" HPOS="705" VPOS="939" WIDTH="87" HEIGHT="20" WC="0.96" CONTENT="inrättas"/><SP WIDTH="15" VPOS="939" HPOS="792"/>
							<String ID="string_178" HPOS="807" VPOS="939" WIDTH="27" HEIGHT="26" WC="0.96" CONTENT="på"/><SP WIDTH="15" VPOS="939" HPOS="834"/>
							<String ID="string_179" HPOS="849" VPOS="940" WIDTH="69" HEIGHT="19" WC="0.96" CONTENT="alltför"/>
						</TextLine>
						<TextLine ID="line_24" HPOS="168" VPOS="973" WIDTH="749" HEIGHT="28">
							<String ID="string_180" HPOS="168" VPOS="974" WIDTH="78" HEIGHT="27" WC="0.94" CONTENT="många"/><SP WIDTH="15" VPOS="974" HPOS="246"/>
							<String ID="string_181" HPOS="261" VPOS="973" WIDTH="76" HEIGHT="20" WC="0.95" CONTENT="ställen"/><SP WIDTH="15" VPOS="973" HPOS="337"/>
							<String ID="string_182" HPOS="352" VPOS="973" WIDTH="52" HEIGHT="20" WC="0.96" CONTENT="eller"/><SP WIDTH="15" VPOS="973" HPOS="404"/>
							<String ID="string_183" HPOS="419" VPOS="973" WIDTH="27" HEIGHT="26" WC="0.96" CONTENT="på"/><SP WIDTH="16" VPOS="973" HPOS="446"/>
							<String ID="string_184" HPOS="462" VPOS="973" WIDTH="51" HEIGHT="20" WC="0.96" CONTENT="blott"/><SP WIDTH="16" VPOS="973" HPOS="513"/>
							<String ID="string_185" HPOS="529" VPOS="973" WIDTH="66" HEIGHT="26" WC="0.96" CONTENT="några"/><SP WIDTH="14" VPOS="973" HPOS="595"/>
							<String ID="string_186" HPOS="609" VPOS="973" WIDTH="21" HEIGHT="20" WC="0.96" CONTENT="få"/><SP WIDTH="16" VPOS="973" HPOS="630"/>
							<String ID="string_187" HPOS="646" VPOS="973" WIDTH="47" HEIGHT="20" WC="0.92" CONTENT="mils"/><SP WIDTH="16" VPOS="973" HPOS="693"/>
							<String ID="string_188" HPOS="709" VPOS="973" WIDTH="81" HEIGHT="20" WC="0.92" CONTENT="afstånd"/><SP WIDTH="12" VPOS="973" HPOS="790"/>
							<String ID="string_189" HPOS="802" VPOS="973" WIDTH="45" HEIGHT="20" WC="0.93" CONTENT="från"/><SP WIDTH="11" VPOS="973" HPOS="847"/>
							<String ID="string_190" HPOS="858" VPOS="974" WIDTH="59" HEIGHT="20" WC="0.91" CONTENT="hvar-"/>
						</TextLine>
						<TextLine ID="line_25" HPOS="168" VPOS="1007" WIDTH="749" HEIGHT="27">
							<String ID="string_191" HPOS="168" VPOS="1009" WIDTH="72" HEIGHT="25" WC="0.96" CONTENT="andra,"/><SP WIDTH="17" VPOS="1009" HPOS="240"/>
							<String ID="string_192" HPOS="257" VPOS="1015" WIDTH="47" HEIGHT="13" WC="0.96" CONTENT="men"/><SP WIDTH="18" VPOS="1015" HPOS="304"/>
							<String ID="string_193" HPOS="322" VPOS="1008" WIDTH="35" HEIGHT="19" WC="0.96" CONTENT="det"/><SP WIDTH="15" VPOS="1008" HPOS="357"/>
							<String ID="string_194" HPOS="372" VPOS="1014" WIDTH="49" HEIGHT="14" WC="0.95" CONTENT="vore"/><SP WIDTH="17" VPOS="1014" HPOS="421"/>
							<String ID="string_195" HPOS="438" VPOS="1007" WIDTH="53" HEIGHT="20" WC="0.96" CONTENT="dock"/><SP WIDTH="16" VPOS="1007" HPOS="491"/>
							<String ID="string_196" HPOS="507" VPOS="1007" WIDTH="88" HEIGHT="26" WC="0.96" CONTENT="rättvist,"/><SP WIDTH="16" VPOS="1007" HPOS="595"/>
							<String ID="string_197" HPOS="611" VPOS="1008" WIDTH="39" HEIGHT="19" WC="0.96" CONTENT="och"/><SP WIDTH="18" VPOS="1008" HPOS="650"/>
							<String ID="string_198" HPOS="668" VPOS="1007" WIDTH="69" HEIGHT="27" WC="0.96" CONTENT="billigt"/><SP WIDTH="15" VPOS="1007" HPOS="737"/>
							<String ID="string_199" HPOS="752" VPOS="1011" WIDTH="30" HEIGHT="16" WC="0.96" CONTENT="att"/><SP WIDTH="14" VPOS="1011" HPOS="782"/>
							<String ID="string_200" HPOS="796" VPOS="1007" WIDTH="26" HEIGHT="20" WC="0.96" CONTENT="de"/><SP WIDTH="14" VPOS="1007" HPOS="822"/>
							<String ID="string_201" HPOS="836" VPOS="1008" WIDTH="81" HEIGHT="26" WC="0.96" CONTENT="funnes,"/>
						</TextLine>
						<TextLine ID="line_26" HPOS="168" VPOS="1041" WIDTH="750" HEIGHT="27">
							<String ID="string_202" HPOS="168" VPOS="1042" WIDTH="70" HEIGHT="20" WC="0.91" CONTENT="såvidt"/><SP WIDTH="19" VPOS="1042" HPOS="238"/>
							<String ID="string_203" HPOS="257" VPOS="1042" WIDTH="83" HEIGHT="26" WC="0.95" CONTENT="möjligt"/><SP WIDTH="18" VPOS="1042" HPOS="340"/>
							<String ID="string_204" HPOS="358" VPOS="1045" WIDTH="23" HEIGHT="16" WC="0.93" CONTENT="är"/><SP WIDTH="16" VPOS="1045" HPOS="381"/>
							<String ID="string_205" HPOS="397" VPOS="1041" WIDTH="12" HEIGHT="20" WC="0.91" CONTENT="å"/><SP WIDTH="18" VPOS="1041" HPOS="409"/>
							<String ID="string_206" HPOS="427" VPOS="1043" WIDTH="56" HEIGHT="18" WC="0.96" CONTENT="orter"/><SP WIDTH="20" VPOS="1043" HPOS="483"/>
							<String ID="string_207" HPOS="503" VPOS="1042" WIDTH="98" HEIGHT="26" WC="0.96" CONTENT="liggande"/><SP WIDTH="21" VPOS="1042" HPOS="601"/>
							<String ID="string_208" HPOS="622" VPOS="1048" WIDTH="59" HEIGHT="13" WC="0.95" CONTENT="mera"/><SP WIDTH="15" VPOS="1048" HPOS="681"/>
							<String ID="string_209" HPOS="696" VPOS="1042" WIDTH="7" HEIGHT="19" WC="0.93" CONTENT="i"/><SP WIDTH="15" VPOS="1042" HPOS="703"/>
							<String ID="string_210" HPOS="718" VPOS="1042" WIDTH="79" HEIGHT="19" WC="0.92" CONTENT="midten"/><SP WIDTH="15" VPOS="1042" HPOS="797"/>
							<String ID="string_211" HPOS="812" VPOS="1042" WIDTH="24" HEIGHT="19" WC="0.96" CONTENT="af"/><SP WIDTH="13" VPOS="1042" HPOS="836"/>
							<String ID="string_212" HPOS="849" VPOS="1042" WIDTH="69" HEIGHT="25" WC="0.95" CONTENT="länen,"/>
						</TextLine>
						<TextLine ID="line_27" HPOS="168" VPOS="1076" WIDTH="750" HEIGHT="27">
							<String ID="string_213" HPOS="168" VPOS="1079" WIDTH="27" HEIGHT="16" WC="0.96" CONTENT="än"/><SP WIDTH="23" VPOS="1079" HPOS="195"/>
							<String ID="string_214" HPOS="218" VPOS="1083" WIDTH="44" HEIGHT="13" WC="0.95" CONTENT="som"/><SP WIDTH="24" VPOS="1083" HPOS="262"/>
							<String ID="string_215" HPOS="286" VPOS="1076" WIDTH="140" HEIGHT="19" WC="0.94" CONTENT="förhållandet"/><SP WIDTH="15" VPOS="1076" HPOS="426"/>
							<String ID="string_216" HPOS="441" VPOS="1079" WIDTH="22" HEIGHT="16" WC="0.96" CONTENT="är"/><SP WIDTH="16" VPOS="1079" HPOS="463"/>
							<String ID="string_217" HPOS="479" VPOS="1076" WIDTH="47" HEIGHT="20" WC="0.96" CONTENT="med"/><SP WIDTH="16" VPOS="1076" HPOS="526"/>
							<String ID="string_218" HPOS="542" VPOS="1077" WIDTH="121" HEIGHT="19" WC="0.91" CONTENT="nuvarande"/><SP WIDTH="20" VPOS="1077" HPOS="663"/>
							<String ID="string_219" HPOS="683" VPOS="1076" WIDTH="174" HEIGHT="27" WC="0.89" CONTENT="länefördelning."/><SP WIDTH="30" VPOS="1076" HPOS="857"/>
							<String ID="string_220" HPOS="887" VPOS="1077" WIDTH="31" HEIGHT="20" WC="0.94" CONTENT="De"/>
						</TextLine>
						<TextLine ID="line_28" HPOS="168" VPOS="1110" WIDTH="749" HEIGHT="27">
							<String ID="string_221" HPOS="168" VPOS="1110" WIDTH="62" HEIGHT="19" WC="0.93" CONTENT="flesta"/><SP WIDTH="14" VPOS="1110" HPOS="230"/>
							<String ID="string_222" HPOS="244" VPOS="1110" WIDTH="149" HEIGHT="26" WC="0.92" CONTENT="länestyrelser"/><SP WIDTH="16" VPOS="1110" HPOS="393"/>
							<String ID="string_223" HPOS="409" VPOS="1113" WIDTH="35" HEIGHT="16" WC="0.93" CONTENT="äro"/><SP WIDTH="17" VPOS="1113" HPOS="444"/>
							<String ID="string_224" HPOS="461" VPOS="1110" WIDTH="105" HEIGHT="26" WC="0.91" CONTENT="nemligen"/><SP WIDTH="16" VPOS="1110" HPOS="566"/>
							<String ID="string_225" HPOS="582" VPOS="1110" WIDTH="97" HEIGHT="27" WC="0.96" CONTENT="förlagda"/><SP WIDTH="15" VPOS="1110" HPOS="679"/>
							<String ID="string_226" HPOS="694" VPOS="1110" WIDTH="6" HEIGHT="19" WC="0.93" CONTENT="i"/><SP WIDTH="12" VPOS="1110" HPOS="700"/>
							<String ID="string_227" HPOS="712" VPOS="1110" WIDTH="124" HEIGHT="26" WC="0.90" CONTENT="kuststäder,"/><SP WIDTH="14" VPOS="1110" HPOS="836"/>
							<String ID="string_228" HPOS="850" VPOS="1111" WIDTH="67" HEIGHT="20" WC="0.91" CONTENT="hvari-"/>
						</TextLine>
						<TextLine ID="line_29" HPOS="168" VPOS="1144" WIDTH="752" HEIGHT="27">
							<String ID="string_229" HPOS="168" VPOS="1150" WIDTH="77" HEIGHT="19" WC="0.95" CONTENT="genom"/><SP WIDTH="24" VPOS="1150" HPOS="245"/>
							<String ID="string_230" HPOS="269" VPOS="1146" WIDTH="75" HEIGHT="17" WC="0.95" CONTENT="största"/><SP WIDTH="20" VPOS="1146" HPOS="344"/>
							<String ID="string_231" HPOS="364" VPOS="1144" WIDTH="61" HEIGHT="20" WC="0.96" CONTENT="delen"/><SP WIDTH="23" VPOS="1144" HPOS="425"/>
							<String ID="string_232" HPOS="448" VPOS="1144" WIDTH="23" HEIGHT="19" WC="0.96" CONTENT="af"/><SP WIDTH="21" VPOS="1144" HPOS="471"/>
							<String ID="string_233" HPOS="492" VPOS="1144" WIDTH="150" HEIGHT="27" WC="0.95" CONTENT="befolkningen"/><SP WIDTH="22" VPOS="1144" HPOS="642"/>
							<String ID="string_234" HPOS="664" VPOS="1144" WIDTH="6" HEIGHT="19" WC="0.95" CONTENT="i"/><SP WIDTH="21" VPOS="1144" HPOS="670"/>
							<String ID="string_235" HPOS="691" VPOS="1144" WIDTH="27" HEIGHT="19" WC="0.96" CONTENT="de"/><SP WIDTH="18" VPOS="1144" HPOS="718"/>
							<String ID="string_236" HPOS="736" VPOS="1145" WIDTH="45" HEIGHT="19" WC="0.93" CONTENT="inre"/><SP WIDTH="16" VPOS="1145" HPOS="781"/>
							<String ID="string_237" HPOS="797" VPOS="1144" WIDTH="86" HEIGHT="21" WC="0.91" CONTENT="delarne"/><SP WIDTH="15" VPOS="1144" HPOS="883"/>
							<String ID="string_238" HPOS="898" VPOS="1145" WIDTH="22" HEIGHT="20" WC="0.96" CONTENT="af"/>
						</TextLine>
						<TextLine ID="line_30" HPOS="168" VPOS="1177" WIDTH="751" HEIGHT="28">
							<String ID="string_239" HPOS="168" VPOS="1177" WIDTH="74" HEIGHT="21" WC="0.95" CONTENT="landet"/><SP WIDTH="19" VPOS="1177" HPOS="242"/>
							<String ID="string_240" HPOS="261" VPOS="1178" WIDTH="64" HEIGHT="19" WC="0.95" CONTENT="hafva"/><SP WIDTH="19" VPOS="1178" HPOS="325"/>
							<String ID="string_241" HPOS="344" VPOS="1178" WIDTH="50" HEIGHT="19" WC="0.96" CONTENT="flere"/><SP WIDTH="21" VPOS="1178" HPOS="394"/>
							<String ID="string_242" HPOS="415" VPOS="1178" WIDTH="68" HEIGHT="20" WC="0.96" CONTENT="tiotals"/><SP WIDTH="21" VPOS="1178" HPOS="483"/>
							<String ID="string_243" HPOS="504" VPOS="1179" WIDTH="46" HEIGHT="19" WC="0.96" CONTENT="mils"/><SP WIDTH="16" VPOS="1179" HPOS="550"/>
							<String ID="string_244" HPOS="566" VPOS="1181" WIDTH="41" HEIGHT="24" WC="0.96" CONTENT="väg"/><SP WIDTH="20" VPOS="1181" HPOS="607"/>
							<String ID="string_245" HPOS="627" VPOS="1179" WIDTH="31" HEIGHT="19" WC="0.95" CONTENT="till"/><SP WIDTH="20" VPOS="1179" HPOS="658"/>
							<String ID="string_246" HPOS="678" VPOS="1178" WIDTH="120" HEIGHT="26" WC="0.93" CONTENT="respektive"/><SP WIDTH="19" VPOS="1178" HPOS="798"/>
							<String ID="string_247" HPOS="817" VPOS="1179" WIDTH="102" HEIGHT="20" WC="0.92" CONTENT="läneresi-"/>
						</TextLine>
						<TextLine ID="line_31" HPOS="168" VPOS="1212" WIDTH="751" HEIGHT="27">
							<String ID="string_248" HPOS="168" VPOS="1212" WIDTH="84" HEIGHT="19" WC="0.86" CONTENT="denser."/><SP WIDTH="32" VPOS="1212" HPOS="252"/>
							<String ID="string_249" HPOS="284" VPOS="1213" WIDTH="53" HEIGHT="19" WC="0.96" CONTENT="Utan"/><SP WIDTH="23" VPOS="1213" HPOS="337"/>
							<String ID="string_250" HPOS="360" VPOS="1214" WIDTH="30" HEIGHT="18" WC="0.96" CONTENT="att"/><SP WIDTH="22" VPOS="1214" HPOS="390"/>
							<String ID="string_251" HPOS="412" VPOS="1212" WIDTH="50" HEIGHT="26" WC="0.96" CONTENT="vilja"/><SP WIDTH="19" VPOS="1212" HPOS="462"/>
							<String ID="string_252" HPOS="481" VPOS="1213" WIDTH="93" HEIGHT="26" WC="0.96" CONTENT="förringa"/><SP WIDTH="15" VPOS="1213" HPOS="574"/>
							<String ID="string_253" HPOS="589" VPOS="1212" WIDTH="92" HEIGHT="20" WC="0.96" CONTENT="nämnde"/><SP WIDTH="19" VPOS="1212" HPOS="681"/>
							<String ID="string_254" HPOS="700" VPOS="1213" WIDTH="80" HEIGHT="19" WC="0.96" CONTENT="städers"/><SP WIDTH="15" VPOS="1213" HPOS="780"/>
							<String ID="string_255" HPOS="795" VPOS="1212" WIDTH="124" HEIGHT="27" WC="0.96" CONTENT="lämplighet"/>
						</TextLine>
						<TextLine ID="line_32" HPOS="169" VPOS="1245" WIDTH="749" HEIGHT="28">
							<String ID="string_256" HPOS="169" VPOS="1245" WIDTH="77" HEIGHT="26" WC="0.91" CONTENT="dertill,"/><SP WIDTH="17" VPOS="1245" HPOS="246"/>
							<String ID="string_257" HPOS="263" VPOS="1246" WIDTH="65" HEIGHT="27" WC="0.96" CONTENT="vågar"/><SP WIDTH="12" VPOS="1246" HPOS="328"/>
							<String ID="string_258" HPOS="340" VPOS="1247" WIDTH="37" HEIGHT="26" WC="0.96" CONTENT="jag"/><SP WIDTH="15" VPOS="1247" HPOS="377"/>
							<String ID="string_259" HPOS="392" VPOS="1246" WIDTH="65" HEIGHT="19" WC="0.96" CONTENT="likväl"/><SP WIDTH="17" VPOS="1246" HPOS="457"/>
							<String ID="string_260" HPOS="474" VPOS="1247" WIDTH="109" HEIGHT="20" WC="0.93" CONTENT="framhålla"/><SP WIDTH="16" VPOS="1247" HPOS="583"/>
							<String ID="string_261" HPOS="599" VPOS="1247" WIDTH="99" HEIGHT="20" WC="0.93" CONTENT="hurusom"/><SP WIDTH="17" VPOS="1247" HPOS="698"/>
							<String ID="string_262" HPOS="715" VPOS="1247" WIDTH="105" HEIGHT="19" WC="0.95" CONTENT="mellersta"/><SP WIDTH="9" VPOS="1247" HPOS="820"/>
							<String ID="string_263" HPOS="829" VPOS="1247" WIDTH="89" HEIGHT="20" WC="0.96" CONTENT="Finland"/>
						</TextLine>
						<TextLine ID="line_33" HPOS="167" VPOS="1280" WIDTH="752" HEIGHT="25">
							<String ID="string_264" HPOS="167" VPOS="1280" WIDTH="41" HEIGHT="19" WC="0.93" CONTENT="och"/><SP WIDTH="16" VPOS="1280" HPOS="208"/>
							<String ID="string_265" HPOS="224" VPOS="1281" WIDTH="124" HEIGHT="24" WC="0.92" CONTENT="isynnerhet"/><SP WIDTH="15" VPOS="1281" HPOS="348"/>
							<String ID="string_266" HPOS="363" VPOS="1283" WIDTH="55" HEIGHT="17" WC="0.95" CONTENT="östra"/><SP WIDTH="16" VPOS="1283" HPOS="418"/>
							<String ID="string_267" HPOS="434" VPOS="1281" WIDTH="61" HEIGHT="19" WC="0.96" CONTENT="delen"/><SP WIDTH="16" VPOS="1281" HPOS="495"/>
							<String ID="string_268" HPOS="511" VPOS="1281" WIDTH="23" HEIGHT="20" WC="0.96" CONTENT="af"/><SP WIDTH="12" VPOS="1281" HPOS="534"/>
							<String ID="string_269" HPOS="546" VPOS="1281" WIDTH="65" HEIGHT="20" WC="0.96" CONTENT="Wasa"/><SP WIDTH="15" VPOS="1281" HPOS="611"/>
							<String ID="string_270" HPOS="626" VPOS="1281" WIDTH="35" HEIGHT="20" WC="0.95" CONTENT="län"/><SP WIDTH="17" VPOS="1281" HPOS="661"/>
							<String ID="string_271" HPOS="678" VPOS="1283" WIDTH="23" HEIGHT="17" WC="0.96" CONTENT="är"/><SP WIDTH="16" VPOS="1283" HPOS="701"/>
							<String ID="string_272" HPOS="717" VPOS="1283" WIDTH="52" HEIGHT="17" WC="0.93" CONTENT="mest"/><SP WIDTH="13" VPOS="1283" HPOS="769"/>
							<String ID="string_273" HPOS="782" VPOS="1280" WIDTH="137" HEIGHT="21" WC="0.92" CONTENT="förfördeladt"/>
						</TextLine>
						<TextLine ID="line_34" HPOS="170" VPOS="1314" WIDTH="749" HEIGHT="27">
							<String ID="string_274" HPOS="170" VPOS="1315" WIDTH="28" HEIGHT="18" WC="0.87" CONTENT="uti"/><SP WIDTH="26" VPOS="1315" HPOS="198"/>
							<String ID="string_275" HPOS="224" VPOS="1314" WIDTH="153" HEIGHT="27" WC="0.89" CONTENT="frågavarande"/><SP WIDTH="23" VPOS="1314" HPOS="377"/>
							<String ID="string_276" HPOS="400" VPOS="1315" WIDTH="106" HEIGHT="19" WC="0.93" CONTENT="afseende."/><SP WIDTH="30" VPOS="1315" HPOS="506"/>
							<String ID="string_277" HPOS="536" VPOS="1315" WIDTH="91" HEIGHT="20" WC="0.91" CONTENT="Fordom"/><SP WIDTH="20" VPOS="1315" HPOS="627"/>
							<String ID="string_278" HPOS="647" VPOS="1314" WIDTH="27" HEIGHT="21" WC="0.95" CONTENT="då"/><SP WIDTH="21" VPOS="1314" HPOS="674"/>
							<String ID="string_279" HPOS="695" VPOS="1315" WIDTH="61" HEIGHT="19" WC="0.96" CONTENT="dessa"/><SP WIDTH="15" VPOS="1315" HPOS="756"/>
							<String ID="string_280" HPOS="771" VPOS="1314" WIDTH="79" HEIGHT="20" WC="0.96" CONTENT="trakter"/><SP WIDTH="15" VPOS="1314" HPOS="850"/>
							<String ID="string_281" HPOS="865" VPOS="1316" WIDTH="54" HEIGHT="19" WC="0.96" CONTENT="hade"/>
						</TextLine>
						<TextLine ID="line_35" HPOS="169" VPOS="1348" WIDTH="750" HEIGHT="27">
							<String ID="string_282" HPOS="169" VPOS="1355" WIDTH="26" HEIGHT="13" WC="0.96" CONTENT="en"/><SP WIDTH="19" VPOS="1355" HPOS="195"/>
							<String ID="string_283" HPOS="214" VPOS="1348" WIDTH="82" HEIGHT="20" WC="0.96" CONTENT="mindre"/><SP WIDTH="15" VPOS="1348" HPOS="296"/>
							<String ID="string_284" HPOS="311" VPOS="1349" WIDTH="61" HEIGHT="19" WC="0.95" CONTENT="talrik"/><SP WIDTH="16" VPOS="1349" HPOS="372"/>
							<String ID="string_285" HPOS="388" VPOS="1348" WIDTH="131" HEIGHT="27" WC="0.96" CONTENT="befolkning,"/><SP WIDTH="17" VPOS="1348" HPOS="519"/>
							<String ID="string_286" HPOS="536" VPOS="1349" WIDTH="61" HEIGHT="20" WC="0.95" CONTENT="hvars"/><SP WIDTH="16" VPOS="1349" HPOS="597"/>
							<String ID="string_287" HPOS="613" VPOS="1349" WIDTH="79" HEIGHT="20" WC="0.96" CONTENT="handel"/><SP WIDTH="12" VPOS="1349" HPOS="692"/>
							<String ID="string_288" HPOS="704" VPOS="1350" WIDTH="72" HEIGHT="18" WC="0.96" CONTENT="nästan"/><SP WIDTH="12" VPOS="1350" HPOS="776"/>
							<String ID="string_289" HPOS="788" VPOS="1349" WIDTH="131" HEIGHT="21" WC="0.96" CONTENT="uteslutande"/>
						</TextLine>
						<TextLine ID="line_36" HPOS="169" VPOS="1379" WIDTH="751" HEIGHT="31">
							<String ID="string_290" HPOS="169" VPOS="1383" WIDTH="84" HEIGHT="19" WC="0.91" CONTENT="bedrefs"/><SP WIDTH="17" VPOS="1383" HPOS="253"/>
							<String ID="string_291" HPOS="270" VPOS="1382" WIDTH="27" HEIGHT="27" WC="0.96" CONTENT="på"/><SP WIDTH="19" VPOS="1382" HPOS="297"/>
							<String ID="string_292" HPOS="316" VPOS="1383" WIDTH="26" HEIGHT="19" WC="0.93" CONTENT="de"/><SP WIDTH="19" VPOS="1383" HPOS="342"/>
							<String ID="string_293" HPOS="361" VPOS="1379" WIDTH="167" HEIGHT="24" WC="0.91" CONTENT="Österbottniske"/><SP WIDTH="20" VPOS="1379" HPOS="528"/>
							<String ID="string_294" HPOS="548" VPOS="1383" WIDTH="149" HEIGHT="20" WC="0.90" CONTENT="kuststäderna"/><SP WIDTH="20" VPOS="1383" HPOS="697"/>
							<String ID="string_295" HPOS="717" VPOS="1382" WIDTH="39" HEIGHT="20" WC="0.93" CONTENT="och"/><SP WIDTH="20" VPOS="1382" HPOS="756"/>
							<String ID="string_296" HPOS="776" VPOS="1382" WIDTH="144" HEIGHT="28" WC="0.91" CONTENT="förnämligast"/>
						</TextLine>
						<TextLine ID="line_37" HPOS="168" VPOS="1416" WIDTH="750" HEIGHT="28">
							<String ID="string_297" HPOS="168" VPOS="1417" WIDTH="27" HEIGHT="26" WC="0.95" CONTENT="på"/><SP WIDTH="19" VPOS="1417" HPOS="195"/>
							<String ID="string_298" HPOS="214" VPOS="1417" WIDTH="73" HEIGHT="25" WC="0.96" CONTENT="Wasa,"/><SP WIDTH="20" VPOS="1417" HPOS="287"/>
							<String ID="string_299" HPOS="307" VPOS="1416" WIDTH="69" HEIGHT="21" WC="0.96" CONTENT="kände"/><SP WIDTH="21" VPOS="1416" HPOS="376"/>
							<String ID="string_300" HPOS="397" VPOS="1424" WIDTH="47" HEIGHT="13" WC="0.95" CONTENT="man"/><SP WIDTH="21" VPOS="1424" HPOS="444"/>
							<String ID="string_301" HPOS="465" VPOS="1417" WIDTH="79" HEIGHT="20" WC="0.96" CONTENT="mindre"/><SP WIDTH="21" VPOS="1417" HPOS="544"/>
							<String ID="string_302" HPOS="565" VPOS="1417" WIDTH="135" HEIGHT="27" WC="0.96" CONTENT="svårigheten"/><SP WIDTH="20" VPOS="1417" HPOS="700"/>
							<String ID="string_303" HPOS="720" VPOS="1417" WIDTH="23" HEIGHT="19" WC="0.93" CONTENT="af"/><SP WIDTH="13" VPOS="1417" HPOS="743"/>
							<String ID="string_304" HPOS="756" VPOS="1417" WIDTH="162" HEIGHT="26" WC="0.91" CONTENT="länestyrelsens"/>
						</TextLine>
					</TextBlock>
				</ComposedBlock>
			</PrintSpace>
		</Page>
	</Layout>
</alto>
