1039 1692
193 127 35 31 290
489 130 38 18 Den
540 130 11 17 9
563 130 53 18 Mars.

172 196 28 13 en
222 188 123 21 densamma
367 188 85 27 bifogad
475 188 25 20 H.
522 188 25 20 K.
563 188 48 20 M:ts
634 188 83 26 Nådiga
735 189 137 26 proposition,
887 195 36 13 an-

173 223 84 27 gående
272 230 30 19 ny
317 223 123 26 förordning
456 228 34 14 om
506 222 280 27 stämpelpappers-afgiften
801 224 7 18 i
826 223 97 20 Finland.

241 257 161 26 Propositionen
425 256 119 27 bordlades,
567 256 28 26 på
611 256 92 27 begäran
726 256 23 20 af
768 256 53 21 Herr
843 253 81 24 Öhrn-

168 292 77 26 berg,
262 291 31 20 till
308 291 41 20 den
368 292 24 19 12
408 291 86 20 dennes.

242 326 54 20 Herr
312 325 161 20 Talmannen
489 325 100 27 föredrog
605 326 72 20 vidare
692 325 232 21 Ekonomieutskottets

172 360 33 20 till
226 359 90 21 Ståndet
337 360 102 19 inkomna
454 358 135 22 betänkande
604 360 7 19 i
627 360 116 26 anledning
758 360 23 20 af
793 360 25 19 H.
834 359 25 20 K.
875 360 48 20 M:ts

172 394 84 27 Nådiga
278 394 131 26 proposition
433 400 33 14 om
490 394 123 26 förändring
629 394 23 20 af
665 394 95 27 grunden
778 394 32 20 för
825 394 98 26 tolagsaf-

173 428 78 27 giftens
267 428 144 21 beräknande.

242 462 64 20 Detta
321 462 135 20 betänkande
471 462 45 20 blef
529 462 113 26 bordlagdt
657 462 32 20 till
705 462 41 20 den
765 462 23 20 14
804 462 86 20 dennes.

242 496 137 20 Meddelades
395 496 87 20 Ståndet
497 498 78 18 tvenne
590 496 46 20 från
649 496 138 27 Högvördiga
794 496 129 20 Prestestån-

169 530 41 20 det
225 530 108 20 ankomna
348 530 198 26 protokollsutdrag,
562 530 36 20 det
613 536 41 14 ena
669 530 24 20 af
705 530 41 20 den
762 531 12 19 5
786 530 62 26 Mars,
864 530 59 20 inne-

172 565 96 21 fattande
284 564 98 21 Ståndets
399 564 68 20 beslut
481 566 30 17 att
525 564 44 19 låta
584 564 47 20 med
648 564 156 26 behandlingen
828 564 24 20 af
870 564 54 20 Herr

172 599 126 25 Mechelins,
313 599 7 19 i
336 598 177 27 Borgareståndet
534 598 77 20 väckta
636 598 40 20 och
699 598 138 20 Medstånden
858 599 66 25 jemte

172 632 129 28 inbjudning
324 632 31 20 till
378 632 125 27 deltagande
523 632 45 20 deri
583 632 96 27 delgifna
696 632 179 27 petitionsförslag
891 638 33 14 om

174 667 150 26 upphäfvande
340 667 22 19 af
376 667 26 20 de
418 666 137 27 stadganden,
571 673 44 13 som
632 666 61 20 ställa
705 667 91 26 judarne
811 669 57 17 utom
883 667 41 20 den

173 701 34 21 för
222 700 83 21 landets
328 700 129 20 innevånare
477 700 99 27 gällande
591 701 42 26 lag,
651 700 50 20 bero
717 701 53 19 intill
787 701 47 19 dess
849 701 74 20 veder-

174 736 94 20 börande
292 735 89 20 utskotts
408 735 133 20 betänkande
557 735 7 19 i
579 734 75 27 frågan
677 734 74 27 ingått,
768 737 54 18 samt
837 735 36 20 det
887 742 36 13 an-

173 770 39 20 dra
235 770 23 20 af
278 770 42 19 den
344 770 11 20 5
374 769 40 20 och
434 770 11 18 7
461 769 62 25 Mars,
541 768 112 27 angående
669 769 144 27 förstärkning
828 770 24 19 af
864 769 58 20 Stän-

175 803 76 21 dernes
267 803 114 20 Allmänna
395 803 176 25 Besvärsutskott,
587 808 78 21 genom
681 803 34 20 val
730 803 23 19 af
767 810 24 13 en
800 803 124 27 ytterligare

174 837 94 20 ledamot
282 838 7 19 i
305 837 66 26 sagde
386 837 85 20 utskott.

243 871 69 20 Dessa
336 871 154 20 meddelanden
512 871 90 26 ansågos
617 871 48 19 icke
681 871 32 19 till
728 870 68 27 någon
815 871 73 26 åtgärd
904 871 23 20 af

174 905 179 26 Borgareståndet
368 905 115 20 föranleda.

244 939 48 20 Med
315 939 102 20 förmälan
439 941 30 18 att
484 939 128 20 Ständernes
628 939 115 20 Allmänna
757 939 169 20 Besvärsutskott

175 979 88 14 numera
284 973 32 20 till
338 973 88 20 Ståndet
442 973 112 20 inkommit
574 973 48 20 med
638 973 135 20 betänkande
788 973 40 20 och
846 973 79 26 förslag

174 1007 34 20 till
224 1007 132 27 underdänig
371 1007 89 27 petition
476 1008 31 19 till
523 1008 24 19 H.
563 1007 25 20 K.
606 1008 43 25 M:t,
666 1014 34 13 om
715 1007 111 20 införande
844 1008 24 19 af
880 1008 42 26 lag-

175 1041 85 20 bunden
282 1041 127 27 tryckfrihet
430 1042 8 19 i
460 1041 96 27 Finland,
574 1043 8 18 i
597 1042 220 19 öfverensstämmelse
833 1043 48 19 med
897 1043 26 19 de

174 1075 182 27 petitionsförslag
370 1077 8 18 i
394 1078 77 23 ämnet,
487 1082 44 13 som
547 1076 22 20 af
582 1076 99 26 samtlige
701 1075 91 21 Ständen
809 1075 69 21 blifvit
892 1077 32 19 till

174 1110 104 20 utskottet
292 1110 141 26 remitterade,
449 1110 98 26 föredrog
562 1110 54 20 Herr
632 1110 165 19 Talmannen
813 1117 27 12 nu
851 1113 72 18 nämn-

174 1143 27 20 de
217 1144 136 20 betänkande
369 1144 39 20 och
424 1145 89 26 förslag;
528 1145 39 19 och
584 1144 46 20 blef
643 1145 94 25 ärendet,
753 1144 27 26 pä
796 1144 92 27 begäran
904 1145 23 20 af

174 1177 54 21 Herr
243 1173 141 32 Öhrnberg
401 1178 110 26 bordlagdt
525 1178 32 20 till
572 1179 41 19 den
632 1179 24 19 12
672 1178 87 20 dennes.

243 1211 120 27 Föredrogs
386 1219 25 12 en
434 1212 111 20 skrifvelse
566 1213 45 19 frän
628 1212 163 20 Bankutskottet
806 1212 24 20 af
842 1213 40 19 den
898 1213 27 20 22

175 1245 107 20 nästlidne
298 1246 107 26 Februari,
421 1246 75 20 hvaraf
508 1247 140 25 inhemtades,
664 1248 30 18 att
705 1246 63 20 sedan
778 1253 76 20 genom
865 1247 60 20 Stän-

175 1279 77 20 dernes
276 1279 191 28 bankfullmäktige
489 1281 31 19 till
541 1281 104 19 utskottet
666 1280 112 20 inkommit
796 1286 33 19 en,
847 1280 32 20 till
894 1283 31 17 ut-

174 1313 82 20 skottet
277 1314 61 19 ställd
361 1315 62 19 skrift
445 1315 22 19 af
481 1315 133 20 direktionen
630 1315 32 19 för
677 1314 101 20 Finlands
796 1314 128 27 hypotheks-

175 1347 106 27 förening,
297 1348 59 19 hvari
372 1348 95 20 anhälles
482 1355 33 14 om
532 1349 113 20 utskottets
661 1349 70 20 förord
748 1348 37 20 hos
800 1355 27 12 nu
839 1349 86 20 försam-

174 1381 49 20 lade
239 1381 90 20 Ständer
344 1383 32 18 för
392 1383 144 19 direktionens
551 1383 70 19 tillika
635 1383 76 26 gjorda
726 1382 155 27 framställning
891 1389 34 14 om

174 1415 103 27 antingen
293 1415 151 28 konvertering
460 1417 23 20 af
495 1418 30 19 ett
539 1417 244 26 hypoteksföreningens
799 1416 34 20 län
847 1423 23 13 ur
877 1417 48 20 Fin-
