1039 1692
421 139 41 17 Den
475 139 21 17 12
509 138 53 18 Mars.
810 140 33 18 303

111 198 99 26 räkning,
225 204 45 13 som
286 197 24 20 af
322 197 79 26 kapten
418 196 139 27 Charpentier
573 196 109 27 uppgjorts
701 197 27 27 på
746 196 117 22 stadsboar-

114 239 37 13 nes
166 232 172 24 föranstaltande,
355 232 39 19 och
410 238 44 13 som
471 231 124 27 visserligen
615 234 55 17 ännu
686 232 19 26 ej
725 232 69 20 blifvit
816 235 47 17 när-

115 272 57 14 mare
194 266 113 26 granskad,
330 265 72 20 kunde
425 266 73 26 läggas
521 266 32 19 till
576 266 67 26 grund
659 266 32 20 för
707 266 77 20 sakens
801 266 61 20 bedö-

115 301 81 25 mande,
212 300 27 27 på
254 300 36 20 det
305 300 143 20 kostnaderna
463 300 123 27 derigenom
603 300 106 26 betydligt
727 301 113 21 nedsättas.

182 335 40 27 Jag
238 335 38 19 har
291 335 73 19 vidare
380 335 7 19 i
404 334 111 20 utskottets
531 334 136 20 betänkande
682 334 60 26 tyckt
753 335 43 27 mig
808 336 57 20 finna

114 369 66 27 några
202 368 175 27 oegentligheter,
400 368 64 20 bland
487 368 66 20 andra
577 368 46 26 den,
647 370 30 18 att
699 369 27 20 då
741 369 123 21 utskottet
854 364 15 36 i

115 404 63 19 slutet
187 403 21 20 af
214 404 59 20 2:dra
281 403 59 20 sidan
355 404 73 25 yttrar,
449 404 30 18 att
493 403 102 20 utskottet
613 403 62 20 bordt
689 404 45 20 afse
749 404 117 20 ”huruvida

115 438 58 20 detta
185 438 81 26 företag
277 437 71 20 kunde
364 443 60 14 anses
441 444 49 13 vara
505 438 24 19 så
543 437 88 20 allmänt
649 438 78 26 nyttigt
743 438 39 20 och
798 438 66 20 makt-

115 472 135 26 päliggande,
269 473 31 19 att
317 472 117 19 detsamma
454 478 27 12 nu
496 471 67 20 redan
578 471 66 21 borde
660 472 137 20 verkställas?
817 475 47 23 ete.,

115 506 24 20 så
151 506 77 26 jemför
243 505 103 21 utskottet
362 505 58 20 detta
434 506 83 26 företag
532 506 47 20 med
595 506 66 20 andra
679 507 78 27 förslag
777 507 31 20 till
823 508 41 20 för-

114 539 96 21 bättrade
226 539 208 21 kommunikationer
456 540 58 20 inom
531 540 57 20 olika
603 540 59 20 delar
677 540 107 26 aflandet,
793 542 72 26 ehuru,

114 574 66 26 enligt
203 574 41 20 min
267 572 141 28 uppfattning,
432 574 155 20 Sammansatta
609 574 64 20 Stats-
691 575 40 20 och
750 575 114 21 Ekonomi-

113 608 102 20 utskottet
229 609 19 25 ej
265 608 44 20 haft
323 610 30 18 att
368 608 92 26 granska
474 608 79 20 sädana
568 608 85 27 förslag,
672 616 45 13 som
736 616 77 18 genom
828 617 36 19 pe-

114 643 86 19 titioner
223 642 69 21 blifvit
311 642 35 20 vid
363 642 69 20 denna
447 642 102 27 landtdag
564 643 131 20 framställda
710 644 39 20 och
765 644 31 19 för
811 644 53 20 hvil-

115 677 38 20 kas
176 677 118 26 beredning
317 677 117 20 Ständerna
456 677 75 20 anlitat
551 679 30 17 ett
599 679 64 18 annat
679 678 84 20 utskott.
792 678 74 26 Enligt

115 712 55 20 hvad
192 712 43 26 mig
258 718 70 20 synes,
351 712 54 19 hade
429 711 101 20 utskottet
546 711 59 20 bordt
620 711 91 26 jemföra
725 712 139 20 förevarande

115 746 145 26 anslagsfräga
276 746 75 20 endast
365 746 48 19 med
429 746 66 20 andra
510 745 74 27 dylika
599 746 77 26 frägor,
696 752 34 14 om
752 746 72 20 hvilka
839 746 25 20 H.

117 780 24 20 K.
158 781 36 19 M:t
209 780 92 20 utfärdat
315 780 155 26 propositioner
486 780 39 19 och
541 780 19 26 ej
578 780 47 20 med
643 780 179 27 petitionsförslag
834 780 32 20 till

115 814 129 20 förbättrade
266 814 214 20 kommunikationer.
510 814 108 20 Utskottet
639 816 68 24 yttrar
733 815 79 25 vidare,
836 817 30 18 att

115 848 36 20 det
174 848 81 20 ”funnit
277 847 73 20 staden
374 847 30 20 S:t
421 847 76 20 Michel
518 855 41 19 ega
579 848 132 27 berättigade
729 849 91 26 anspråk
836 851 30 18 att

115 883 86 20 komma
215 883 7 19 i
237 881 123 27 åtnjutande
376 881 23 20 af
411 888 80 13 samma
506 881 106 20 förmåner
629 882 46 19 med
685 882 120 21 afseende
795 877 12 36 å
817 883 47 20 dess

118 917 79 26 sjöfart,
217 923 45 13 som
285 916 26 20 de
331 915 69 27 öfriga
415 916 34 20 vid
466 916 84 20 Saimen
567 916 91 27 belägna
673 917 99 20 städerna
786 917 80 20 erhålla

114 957 77 21 genom
207 951 71 20 Saima
292 950 84 20 kanal”.
409 950 41 20 Det
471 950 108 20 förefaller
601 951 43 26 mig
667 950 146 28 besynnerligt
835 953 30 19 att

115 985 30 21 S:t
160 985 88 20 Michels
263 985 53 25 stad,
332 991 26 14 en
374 985 51 19 liten
441 984 62 27 fläck,
519 991 45 13 som
581 985 37 19 har
633 985 74 20 endast
728 985 60 26 1,000
806 986 59 20 inne-

115 1019 85 26 vånare,
223 1019 68 20 skulle
314 1025 41 20 ega
376 1019 80 20 sådana
477 1019 134 26 berättigade
634 1019 99 26 anspråk,
754 1026 47 13 men
818 1020 48 19 dess

116 1054 142 26 omgifningar
274 1053 88 20 alldeles
377 1053 57 26 inga.
463 1053 32 20 De
510 1053 131 26 kommuner,
658 1059 44 14 som
719 1053 68 20 skulle
802 1053 64 27 draga

115 1089 61 24 nytta
197 1087 24 20 af
241 1087 57 20 detta
320 1087 88 26 företag,
432 1087 36 20 har
484 1087 102 20 utskottet
609 1087 112 26 nemligen,
749 1093 33 14 om
801 1088 65 20 också

115 1122 97 19 tillvaron
230 1122 23 20 af
265 1121 80 20 sådana
358 1122 42 25 just
415 1121 48 20 icke
482 1121 107 26 förnekas,
604 1121 64 20 likväl
686 1121 30 20 till
736 1122 79 20 antalet
830 1122 36 20 de-

115 1157 95 23 cimerat,
228 1157 7 18 i
250 1156 37 20 det
308 1155 27 20 de
350 1159 62 23 sägas
430 1162 51 13 vara
499 1155 166 26 ”jemförelsevis
680 1155 40 20 få”.
750 1156 42 19 Här
808 1159 57 18 näm-

116 1197 38 14 nas
171 1190 53 20 först
244 1191 7 19 i
270 1190 144 20 betänkandet
432 1189 66 27 några
513 1189 22 20 af
549 1190 62 19 dessa
629 1189 130 26 kommuner,
777 1191 38 19 och
828 1191 38 26 jag

117 1225 87 26 medger
225 1226 30 18 att
278 1225 26 19 de
327 1227 36 17 äro
379 1224 26 19 de
424 1224 67 26 flesta,
513 1231 47 13 men
579 1224 48 20 icke
643 1224 47 26 alla,
706 1224 115 27 nemligen:
838 1225 30 20 S:t

116 1259 95 25 Michels,
227 1259 99 24 Kristina,
343 1259 158 26 Kangasniemi,
517 1259 148 25 Hirvensalmi,
680 1258 80 26 Joutsa,
779 1259 88 26 Jokkas,

118 1293 130 20 Haukivuori
270 1293 40 20 och
334 1293 134 26 Mäntyharju
491 1293 97 20 socknar.
617 1292 31 20 Af
668 1293 61 19 dessa
744 1293 62 20 hafva
821 1293 46 20 Kri-

119 1327 54 20 stina
196 1327 38 20 och
257 1327 81 20 Jokkas
360 1333 56 20 egna
432 1327 97 25 farleder,
545 1327 66 19 ehuru
627 1326 53 20 dock
697 1333 25 12 en
739 1328 42 18 stor
797 1327 33 20 del
846 1327 24 20 af

119 1361 61 20 dessa
202 1361 100 20 socknars
323 1360 131 27 befolkning,
475 1361 30 19 till
521 1361 51 25 följe
588 1361 23 19 af
623 1360 149 27 grannskapet,
789 1361 77 27 begag-

118 1402 37 13 nar
170 1395 95 20 farleden
282 1395 30 19 till
328 1395 30 20 S:t
373 1395 83 20 Michel.
488 1395 41 20 Till
545 1395 62 20 dessa
622 1394 90 20 socknar
731 1394 85 21 komma
831 1398 34 17 än-

116 1437 28 12 nu
166 1430 66 19 andra
255 1429 153 27 församlingar,
431 1429 64 20 bland
513 1429 74 20 hvilka
599 1429 37 26 jag
655 1428 37 20 ber
707 1430 30 18 att
752 1428 21 20 få
788 1432 77 17 nämna
