1039 1692
188 121 34 17 310
475 120 41 17 Den
528 120 22 18 12
562 120 53 17 Mars.

172 184 60 26 mäla,
256 186 30 18 att
310 184 40 20 den
373 183 120 27 föreslagna
514 183 94 20 farleden
629 184 31 19 till
676 183 29 21 9:t
721 184 83 25 Michel,
820 184 64 19 ehuru
900 183 23 20 af

170 218 148 27 otvifvelaktig
335 220 60 24 nytta
410 218 31 20 för
457 224 25 13 en
498 218 48 19 icke
563 218 60 26 ringa
638 218 103 26 landsdel,
758 218 31 20 för
807 221 111 17 närvaran-

170 253 26 19 de
212 253 48 20 icke
276 253 42 19 kan
334 253 78 19 utföras
429 252 46 20 med
492 252 73 26 anslag
576 252 23 19 af
609 252 205 26 bevillningsmedel,
830 252 88 20 emedan

170 287 62 20 dessa
247 287 87 19 komma
349 288 30 18 att
394 288 59 25 tagas
469 287 6 19 i
490 286 92 26 anspråk
598 286 33 20 för
647 286 77 26 många
739 286 65 20 andra
823 286 97 20 ändamål

173 321 39 19 och
229 321 52 19 flere
296 320 66 20 andra
378 321 81 25 företag
474 321 23 19 af
511 327 57 13 mera
582 320 78 20 allmän
670 322 66 18 natur.
752 320 91 20 Sålunda
853 320 67 20 skulle

172 354 58 20 såväl
247 357 75 24 nyttan
338 354 193 27 afifrägavarande
542 355 81 26 företag
643 354 80 20 erhålla
738 355 35 19 sitt
787 355 87 19 rättvisa
892 362 30 12 er-

173 389 120 26 kännande,
309 396 43 13 som
362 389 40 20 ock
411 389 74 27 frågan
501 389 72 19 härom
594 389 116 20 bibehållas
730 392 74 23 öppen,
821 391 29 18 att
866 389 55 26 ånyo

172 424 79 20 väckas
274 424 28 20 då
324 424 110 26 förslagets
457 423 124 27 realisering
601 423 39 20 blir
661 424 78 26 möjlig.
772 424 29 19 På
819 424 66 26 grund
902 424 22 19 af

173 458 54 20 hvad
248 458 38 26 jag
310 458 37 19 här
369 458 45 19 haft
428 460 49 17 äran
494 458 79 25 anföra,
589 458 32 18 får
635 458 37 25 jag
687 457 97 27 slutligen
804 458 120 25 ödmjukast

173 492 83 26 föreslå,
280 494 30 17 att
329 491 113 27 Välloflige
461 492 178 26 Borgareståndet
660 492 49 19 ville
725 492 31 19 till
771 491 153 21 Sammansatta

174 526 64 20 Stats-
255 526 41 20 och
311 525 221 21 Ekonomieutskottet
551 526 154 20 återremittera
725 526 147 26 betänkandet,
893 527 31 19 för

174 562 30 18 att
220 560 108 20 derstädes
346 560 95 26 undergå
457 560 88 26 förnyad
561 560 138 26 granskning.

242 595 54 19 Herr
311 594 121 20 Kiseleff:
453 594 72 20 Såsom
545 594 90 20 medlem
656 594 23 20 af
693 594 153 20 Sammansatta
860 594 64 20 Stats-

174 629 40 20 och
222 628 230 27 Ekonomieutskottet,
468 629 30 19 får
508 630 33 25 jag
557 629 6 19 i
579 628 116 26 anledning
714 628 23 20 af
753 628 53 20 Herr
826 628 98 20 Masalins

174 663 99 26 yttrande
290 663 115 26 framhålla,
421 665 30 17 att
467 663 100 20 utskottet
582 662 115 27 ingalunda
713 662 96 20 förbisett
824 663 51 19 eller
888 670 35 12 un-

176 696 90 20 derkänt
289 698 72 25 vigten
381 698 23 18 af
422 698 57 19 detta
498 697 229 26 kanaliseringsarbete
748 697 30 19 för
793 696 30 20 S:t
839 697 86 19 Michels

176 731 45 19 stad
244 732 39 19 och
304 731 47 20 dess
371 734 95 17 närmare
485 732 124 26 omgifning.
645 731 107 20 Utskottet
776 732 36 18 har
834 734 89 18 tvertom

176 767 69 17 ansett
268 765 36 20 det
326 772 50 13 vara
392 772 25 13 en
434 772 36 13 ren
487 766 108 26 tidsfråga,
612 765 105 20 beroende
732 765 27 26 på
775 768 37 17 när
828 767 96 19 statsver-

176 799 47 20 kets
246 799 106 20 ordinarie
375 800 112 26 tillgångar
510 800 69 20 kunde
600 800 107 26 medgifva
725 800 156 19 kanalarbetets
896 802 30 17 ut-

178 833 95 23 förande,
290 834 98 19 förutsatt
410 836 29 17 att
459 835 18 24 ej
494 834 65 19 andra
578 834 70 19 lokala
665 834 263 19 kommunikationsleders

178 867 157 26 upphjelpande
359 868 71 19 kunna
452 874 61 13 anses
536 875 49 12 vara
605 871 57 16 ännu
685 868 110 26 vigtigare.
828 868 100 20 Deremot

177 901 39 20 har
238 902 58 19 inom
320 902 102 20 utskottet
444 903 18 25 ej
482 909 25 13 en
527 903 54 19 enda
600 904 43 17 röst
659 902 74 19 uttalat
748 902 31 26 sig
798 902 38 26 för,
852 905 29 17 att
896 903 30 19 till

178 936 59 20 detta
252 937 82 26 företag
350 937 68 19 skulle
434 937 116 26 medgifvas
566 936 69 27 någon
656 939 60 16 extra
737 936 120 27 bevillning,
876 937 51 19 hvil-

179 970 37 20 ket
240 977 49 14 vore
313 970 101 27 liktydigt
434 971 53 22 med,
507 973 30 17 att
553 971 35 20 det
603 971 106 20 allmänna
724 971 66 19 skulle
807 971 20 19 få
842 971 32 20 stå
889 972 39 19 till-

181 1004 55 20 baka
259 1005 31 19 för
314 1005 36 19 det
370 1005 96 26 enskilta,
481 1007 22 24 ty
520 1005 36 20 det
571 1007 22 17 är
609 1004 73 27 kändt,
698 1007 29 17 att
744 1005 76 26 många
835 1005 31 20 för
882 1006 47 19 hela

179 1039 73 20 landet
268 1046 44 13 mer
332 1039 82 26 nyttiga
437 1039 276 26 kommunikationsföretag
733 1039 60 20 hafva
811 1039 118 28 föreslagits

180 1073 40 19 och
243 1073 92 26 anspråk
357 1073 32 20 för
408 1073 47 20 dem
471 1074 65 26 gjorts
557 1073 26 26 på
599 1073 203 27 bevillningsmedel.
832 1074 43 26 Att,
898 1075 31 20 så-

180 1113 44 12 som
240 1107 54 20 Herr
309 1107 89 20 Masalin
417 1107 97 26 påyrkat,
535 1107 128 20 tillerkänna
683 1107 58 20 detta
760 1108 78 25 arbete,
861 1109 68 20 såsom

180 1140 89 20 föremål
292 1141 32 19 för
347 1147 26 14 en
396 1141 105 26 Kejserlig
523 1142 138 25 proposition,
682 1141 68 27 någon
771 1142 160 21 förstfödslorätt

180 1174 88 20 framför
288 1175 66 19 andra
370 1182 26 12 nu
412 1175 6 19 i
434 1175 140 27 petitionsväg
590 1175 131 20 framställda
736 1176 84 26 förslag,
840 1177 39 19 kan
894 1178 36 25 jag

180 1208 32 19 för
236 1209 42 19 min
300 1209 34 19 del
349 1209 55 20 icke.
433 1209 32 19 En
487 1209 118 20 återremiss
622 1209 22 20 af
659 1209 72 27 frågan
749 1210 63 19 måste
827 1211 36 25 jag
880 1213 50 17 mot-

180 1244 54 17 sätta
258 1243 48 26 mig,
330 1243 88 20 emedan
435 1243 38 26 jag
493 1246 22 17 är
534 1243 125 27 öfvertygad
675 1250 34 13 om
728 1246 30 17 att
774 1244 39 19 den
830 1245 18 25 ej
865 1245 66 20 skulle

181 1276 48 19 leda
245 1277 31 19 till
292 1277 65 26 något
372 1279 65 18 annat
452 1277 141 26 betänkande,
609 1281 25 16 än
652 1278 36 19 det
703 1284 43 13 som
756 1278 64 19 redan
832 1278 99 27 afgifvits.

249 1311 54 19 Herr
326 1311 141 20 Mechelin:
489 1312 9 19 I
522 1312 67 20 likhet
612 1312 47 20 med
683 1312 77 19 Herrar
782 1313 88 19 Masalin
894 1313 38 20 och

180 1350 41 13 von
246 1345 134 27 Zweygberg
404 1346 37 19 har
461 1346 64 19 också
541 1347 37 26 jag
593 1347 19 25 ej
634 1347 69 18 funnit
718 1347 42 25 mig
776 1346 44 19 fullt
836 1347 96 20 tillfreds-

181 1379 62 19 ställd
261 1379 48 20 med
326 1379 112 20 utskottets
458 1380 133 20 betänkande
608 1381 6 18 i
630 1381 81 26 frågan,
728 1380 44 20 dels
793 1381 52 18 hvad
866 1382 65 19 utred-

181 1412 79 27 ningen
280 1413 23 19 af
316 1414 88 19 ärendet
421 1414 137 26 vidkommer,
577 1415 45 20 dels
646 1415 54 19 hvad
725 1414 97 20 beträffar
845 1415 89 20 konklu-
