1039 1692
414 116 39 17 Den
468 116 18 17 11
500 117 58 22 April,
800 116 33 16 565

111 174 162 27 klaringsgrund
289 174 73 20 deruti,
378 176 30 17 att
424 181 47 13 man
488 174 54 20 hade
562 175 111 19 framställt
693 174 164 26 anmärkningar

110 210 55 18 emot
181 210 29 18 ett
226 208 74 20 sådant
315 208 137 20 förhållande.
483 208 105 20 Utskottet
606 208 42 26 har,
664 208 68 20 såsom
741 209 37 25 jag
793 207 64 20 redan

111 245 77 23 nämnt,
205 242 52 20 blott
273 242 5 20 i
295 242 136 27 förbigående
447 245 64 24 yttrat
527 244 32 26 sig
577 250 33 12 om
628 244 39 19 den
687 242 111 20 utländska
822 242 34 20 be-

111 277 128 26 hållningen,
256 277 5 19 i
278 277 36 19 det
335 279 29 17 att
388 277 106 25 utskottet,
515 278 66 26 jemte
601 277 33 20 det
655 280 29 17 ett
700 276 155 28 godkännande

109 312 22 19 af
144 312 104 25 importen
264 311 46 19 utaf
322 311 48 20 ädla
387 311 94 20 metaller
497 312 81 25 uttalas,
593 311 13 19 ä
621 318 47 20 pag.
685 312 11 19 5
712 311 7 19 i
737 312 31 18 sin
788 310 67 20 berät-

108 346 52 20 telse
176 348 72 23 säger:
272 345 39 19 ”dä
334 346 104 19 dessutom
464 346 33 19 vid
514 345 151 27 dispositionen
682 346 21 18 af
718 345 25 20 de
760 344 95 20 vexande

109 380 174 26 behällningarne
299 380 37 19 hos
353 380 94 19 bankens
464 380 111 20 utländska
590 379 75 20 ombud
682 379 47 20 icke
738 378 66 21 heller
814 379 40 19 för-

109 414 72 20 bisetts
196 416 30 18 att
242 414 55 26 sörja
312 414 31 19 för
358 420 26 14 en
401 414 158 26 ränteinkomst,
575 420 77 20 genom
669 414 93 20 ökandet
772 412 22 20 af
806 413 49 19 ban-

107 448 52 20 kens
175 448 69 20 förräd
260 448 23 19 af
296 448 54 26 goda
366 450 131 24 statspapper
513 448 11 20 &
540 448 107 20 utländskt
663 451 64 23 mynt,
741 448 65 26 jemte
820 448 36 19 det

107 483 64 26 sagde
189 482 151 27 behällningar,
356 482 57 20 detta
429 483 92 25 oaktadi,
538 482 83 20 saldera
637 482 46 20 med
707 482 81 26 belopp.
809 488 44 13 som

107 524 85 13 snarare
208 516 71 20 kunna
294 523 60 13 anses
371 517 30 19 för
417 517 55 26 höga
488 520 25 16 än
531 517 31 20 för
577 516 63 20 små”.
672 517 40 19 Det
725 519 22 17 är
760 516 50 20 blott
822 515 30 20 sä-

107 552 64 19 lunda
193 557 44 13 som
262 550 98 21 utskottet
384 551 72 19 härom
480 551 74 20 uttalar
569 551 38 26 sig.
640 551 31 19 Då
689 550 116 20 emellertid
822 550 31 19 för

107 593 24 13 en
150 585 94 27 betydlig
260 586 33 18 del
309 585 23 19 af
344 585 26 20 de
386 585 6 19 i
408 585 107 27 Hamburg
532 585 108 26 befintliga
661 586 22 18 11
703 584 103 20 millioner
822 586 30 17 sä-

106 621 74 19 kerhet
196 622 22 17 är
233 620 61 19 ställd
311 620 38 19 och
366 620 32 24 då,
415 620 107 26 samtidigt
538 619 46 21 med
601 619 61 20 dessa
677 619 121 27 tillgångars
812 618 40 19 till-

106 657 56 23 vext,
178 660 46 14 man
242 654 76 19 befann
334 655 32 25 sig
382 656 40 24 öga
438 657 42 17 mot
496 657 40 23 öga
552 654 47 20 med
616 660 25 13 en
658 654 96 19 finansiel
773 653 79 25 period,

106 690 64 19 under
193 688 85 20 hvilken
302 688 42 20 alla
366 688 44 27 slag
433 689 23 19 af
469 688 153 20 räntebärande
640 688 80 20 valutor
736 688 38 19 vch
793 689 59 17 stats-

105 730 79 20 papper
207 727 59 22 stego
289 722 30 20 till
343 722 79 25 kurser,
446 729 43 13 som
514 723 103 26 knappast
641 723 53 19 förut
713 721 139 25 förekommit,

105 758 85 20 hvilken
215 758 93 25 stegring
332 756 64 20 måste
417 758 108 19 motverka
540 757 51 20 eller
607 756 110 20 framkalla
735 755 117 26 betänklig-

107 794 58 18 heter
181 793 5 19 i
203 792 99 19 afseende
319 791 11 20 å
345 791 123 26 ytterligare
484 792 128 26 indragning
627 792 22 18 af
666 791 111 20 utländska
796 790 55 20 valu-

106 830 37 23 tor,
160 830 42 17 tror
216 827 37 26 jag
268 826 35 19 det
319 826 52 19 låter
386 826 93 19 försvara
495 826 38 26 sig,
550 828 29 17 att
591 826 82 19 banken
686 826 47 19 icke
745 825 30 20 till
786 827 66 16 större

105 861 75 26 belopp
204 863 25 16 än
249 866 44 13 som
310 860 54 19 skett
380 859 90 27 indragit
486 860 146 27 fordringarne
651 860 28 19 uti
699 858 153 21 räntebärande

104 902 86 20 papper.
220 895 32 19 Då
268 894 80 20 landets
364 895 75 25 import
456 895 47 19 icke
520 894 108 20 medförde
645 895 68 25 någon
733 893 119 27 påfallande

105 932 65 17 större
195 929 119 26 minskning
339 929 27 19 uti
390 929 99 19 Finlands
510 928 65 20 banks
592 928 121 27 behållning
729 929 5 18 i
752 928 100 26 utlandet,

105 964 106 20 förefanns
228 963 105 26 nemligen
351 963 50 20 blott
418 966 77 17 tvenne
512 965 87 24 utvägar
614 965 29 17 att
660 963 82 19 minska
759 963 93 19 bankens

105 998 122 26 behållning
243 997 37 20 hos
296 997 26 20 de
338 997 112 20 utländska
466 997 111 20 ombuden,
595 997 103 27 nemligen
716 1000 28 17 att
765 997 86 26 indraga

105 1033 69 20 metall
192 1032 51 19 eller
259 1032 88 26 indraga
362 1034 137 23 statspapper.
530 1033 47 19 Men
593 1038 33 13 om
643 1038 26 13 en
685 1031 127 26 konjunktur
820 1031 30 19 in-

103 1066 89 21 träffade
211 1066 27 20 då
253 1066 36 19 vår
305 1068 74 24 export
394 1066 126 26 understege
536 1067 110 25 importen,
663 1065 22 20 så
701 1065 69 20 kunde
791 1065 61 20 dessa

105 1101 145 26 behållningar
273 1100 76 27 hastigt
372 1106 42 20 nog
437 1100 114 27 medtagas,
575 1100 38 19 och
631 1099 83 20 banken
733 1099 54 20 hade
802 1099 48 20 då
839 1095 14 36 i

103 1136 103 19 hvardera
228 1135 58 19 fallet
310 1134 66 20 blifvit
400 1136 92 24 tvungen
516 1137 30 16 att
568 1134 120 26 antagligen
713 1134 47 19 med
778 1133 73 20 förlust

104 1170 98 26 återsälja
225 1169 53 20 hvad
302 1175 44 13 som
370 1168 108 26 indragits.
509 1168 73 20 Likväl
606 1169 122 19 instämmer
747 1169 37 25 jag
803 1168 46 19 med

104 1204 52 20 Herr
172 1203 77 20 Kurtén
266 1203 74 25 deruti,
356 1205 30 17 att
401 1209 25 13 en
444 1203 71 19 vidare
531 1203 82 20 fillvext
632 1203 5 18 i
653 1202 61 20 dessa
735 1201 114 21 behällnin-

103 1245 37 20 gar
156 1239 48 26 föga
219 1243 49 14 vore
284 1239 30 18 att
329 1237 85 20 förorda
422 1236 38 20 och
469 1239 36 23 att,
515 1243 33 14 om
558 1236 64 21 också
630 1237 74 20 endast
713 1237 136 26 småningom,

103 1280 25 13 en
150 1271 127 27 indragning
301 1271 65 20 delvis
389 1271 23 19 af
428 1271 46 20 dem
493 1271 64 20 borde
573 1271 44 20 ske.
647 1271 52 20 Herr
718 1271 78 20 Kurtén
813 1271 37 20 har

103 1308 72 18 nämnt
190 1311 25 14 en
231 1307 63 24 utväg
310 1307 30 18 att
354 1305 83 20 minska
453 1305 61 20 dessa
531 1305 151 27 behällningar,
702 1306 105 25 nemligen
820 1308 29 17 att

103 1341 66 20 sänka
192 1339 82 20 kursen.
305 1338 75 21 Denna
403 1341 63 25 utväg
483 1343 24 16 är
524 1340 62 20 bland
602 1340 54 25 dem,
675 1347 44 12 som
739 1346 46 14 man
803 1341 46 19 med

103 1375 52 19 allra
170 1376 74 17 största
267 1374 119 19 varsamhet
412 1373 64 20 mäste
497 1374 107 27 begagna;
628 1374 33 19 mä
685 1381 46 12 man
757 1374 91 26 besinna,

102 1410 31 18 att
147 1407 101 21 Finlands
265 1407 65 20 banks
346 1408 128 27 förvaltning
490 1411 56 17 ännu
562 1409 35 19 vid
613 1408 124 26 tidpunkten
754 1409 30 18 för
802 1409 47 20 dess
