<?xml version="1.0" encoding="UTF-8"?>
<alto xmlns="http://www.loc.gov/standards/alto/ns-v3#" xmlns:xlink="http://www.w3.org/1999/xlink" xmlns:xsi="http://www.w3.org/2001/XMLSchema-instance" xsi:schemaLocation="http://www.loc.gov/standards/alto/ns-v3# http://www.loc.gov/alto/v3/alto-3-0.xsd">
	<Description>
		<MeasurementUnit>pixel</MeasurementUnit>
		<sourceImageInformation>
			<fileName>/tmp/tess_xukcwoz3_input.PNG</fileName>
		</sourceImageInformation>
		<OCRProcessing ID="OCR_0">
			<ocrProcessingStep>
				<processingSoftware>
					<softwareName>tesseract 5.3.4</softwareName>
				</processingSoftware>
			</ocrProcessingStep>
		</OCRProcessing>
	</Description>
	<Layout>
		<Page WIDTH="1039" HEIGHT="1692" PHYSICAL_IMG_NR="0" ID="page_0">
			<PrintSpace HPOS="0" VPOS="0" WIDTH="1039" HEIGHT="1692">
				<ComposedBlock ID="cblock_0" HPOS="188" VPOS="127" WIDTH="453" HEIGHT="19">
					<TextBlock ID="block_0" HPOS="188" VPOS="127" WIDTH="453" HEIGHT="19">
						<TextLine ID="line_0" HPOS="188" VPOS="127" WIDTH="453" HEIGHT="19">
							<String ID="string_0" HPOS="188" VPOS="128" WIDTH="33" HEIGHT="17" WC="0.94" CONTENT="352"/><SP WIDTH="277" VPOS="128" HPOS="221"/>
							<String ID="string_1" HPOS="498" VPOS="127" WIDTH="41" HEIGHT="19" WC="0.96" CONTENT="Den"/><SP WIDTH="13" VPOS="127" HPOS="539"/>
							<String ID="string_2" HPOS="552" VPOS="128" WIDTH="22" HEIGHT="17" WC="0.96" CONTENT="16"/><SP WIDTH="12" VPOS="128" HPOS="574"/>
							<String ID="string_3" HPOS="586" VPOS="128" WIDTH="55" HEIGHT="18" WC="0.95" CONTENT="Mars."/>
						</TextLine>
					</TextBlock>
				</ComposedBlock>
				<ComposedBlock ID="cblock_1" HPOS="167" VPOS="185" WIDTH="751" HEIGHT="1264">
					<TextBlock ID="block_1" HPOS="168" VPOS="185" WIDTH="748" HEIGHT="55">
						<TextLine ID="line_1" HPOS="168" VPOS="185" WIDTH="748" HEIGHT="28">
							<String ID="string_4" HPOS="168" VPOS="186" WIDTH="62" HEIGHT="20" WC="0.96" CONTENT="tande"/><SP WIDTH="23" VPOS="186" HPOS="230"/>
							<String ID="string_5" HPOS="253" VPOS="186" WIDTH="90" HEIGHT="20" WC="0.96" CONTENT="rörande"/><SP WIDTH="23" VPOS="186" HPOS="343"/>
							<String ID="string_6" HPOS="366" VPOS="186" WIDTH="26" HEIGHT="20" WC="0.96" CONTENT="de"/><SP WIDTH="22" VPOS="186" HPOS="392"/>
							<String ID="string_7" HPOS="414" VPOS="185" WIDTH="105" HEIGHT="27" WC="0.93" CONTENT="åtgärder,"/><SP WIDTH="24" VPOS="185" HPOS="519"/>
							<String ID="string_8" HPOS="543" VPOS="186" WIDTH="83" HEIGHT="20" WC="0.90" CONTENT="hvartill"/><SP WIDTH="20" VPOS="186" HPOS="626"/>
							<String ID="string_9" HPOS="646" VPOS="186" WIDTH="161" HEIGHT="27" WC="0.96" CONTENT="ifrågavarande"/><SP WIDTH="15" VPOS="186" HPOS="807"/>
							<String ID="string_10" HPOS="822" VPOS="185" WIDTH="94" HEIGHT="21" WC="0.96" CONTENT="ansökan"/>
						</TextLine>
						<TextLine ID="line_2" HPOS="168" VPOS="220" WIDTH="203" HEIGHT="20">
							<String ID="string_11" HPOS="168" VPOS="220" WIDTH="71" HEIGHT="20" WC="0.96" CONTENT="kunde"/><SP WIDTH="16" VPOS="220" HPOS="239"/>
							<String ID="string_12" HPOS="255" VPOS="220" WIDTH="116" HEIGHT="20" WC="0.96" CONTENT="föranleda."/>
						</TextLine>
					</TextBlock>
					<TextBlock ID="block_2" HPOS="168" VPOS="254" WIDTH="750" HEIGHT="468">
						<TextLine ID="line_3" HPOS="237" VPOS="254" WIDTH="681" HEIGHT="27">
							<String ID="string_13" HPOS="237" VPOS="254" WIDTH="55" HEIGHT="20" WC="0.96" CONTENT="Herr"/><SP WIDTH="14" VPOS="254" HPOS="292"/>
							<String ID="string_14" HPOS="306" VPOS="254" WIDTH="152" HEIGHT="27" WC="0.95" CONTENT="Nylander:"/><SP WIDTH="16" VPOS="254" HPOS="458"/>
							<String ID="string_15" HPOS="474" VPOS="254" WIDTH="40" HEIGHT="27" WC="0.96" CONTENT="Jag"/><SP WIDTH="14" VPOS="254" HPOS="514"/>
							<String ID="string_16" HPOS="528" VPOS="254" WIDTH="85" HEIGHT="21" WC="0.96" CONTENT="förenar"/><SP WIDTH="15" VPOS="254" HPOS="613"/>
							<String ID="string_17" HPOS="628" VPOS="255" WIDTH="44" HEIGHT="26" WC="0.96" CONTENT="mig"/><SP WIDTH="15" VPOS="255" HPOS="672"/>
							<String ID="string_18" HPOS="687" VPOS="256" WIDTH="29" HEIGHT="19" WC="0.96" CONTENT="uti"/><SP WIDTH="15" VPOS="256" HPOS="716"/>
							<String ID="string_19" HPOS="731" VPOS="255" WIDTH="53" HEIGHT="21" WC="0.93" CONTENT="Herr"/><SP WIDTH="19" VPOS="255" HPOS="784"/>
							<String ID="string_20" HPOS="803" VPOS="255" WIDTH="115" HEIGHT="20" WC="0.91" CONTENT="Mechelins"/>
						</TextLine>
						<TextLine ID="line_4" HPOS="171" VPOS="289" WIDTH="746" HEIGHT="28">
							<String ID="string_21" HPOS="171" VPOS="297" WIDTH="27" HEIGHT="13" WC="0.95" CONTENT="nu"/><SP WIDTH="15" VPOS="297" HPOS="198"/>
							<String ID="string_22" HPOS="213" VPOS="289" WIDTH="137" HEIGHT="26" WC="0.95" CONTENT="framställda,"/><SP WIDTH="17" VPOS="289" HPOS="350"/>
							<String ID="string_23" HPOS="367" VPOS="289" WIDTH="33" HEIGHT="19" WC="0.96" CONTENT="väl"/><SP WIDTH="16" VPOS="289" HPOS="400"/>
							<String ID="string_24" HPOS="416" VPOS="289" WIDTH="129" HEIGHT="20" WC="0.93" CONTENT="motiverade"/><SP WIDTH="16" VPOS="289" HPOS="545"/>
							<String ID="string_25" HPOS="561" VPOS="289" WIDTH="61" HEIGHT="27" WC="0.91" CONTENT="åsigt,"/><SP WIDTH="16" VPOS="289" HPOS="622"/>
							<String ID="string_26" HPOS="638" VPOS="289" WIDTH="70" HEIGHT="21" WC="0.91" CONTENT="såvidt"/><SP WIDTH="19" VPOS="289" HPOS="708"/>
							<String ID="string_27" HPOS="727" VPOS="290" WIDTH="40" HEIGHT="20" WC="0.97" CONTENT="den"/><SP WIDTH="16" VPOS="290" HPOS="767"/>
							<String ID="string_28" HPOS="783" VPOS="290" WIDTH="37" HEIGHT="27" WC="0.96" CONTENT="går"/><SP WIDTH="14" VPOS="290" HPOS="820"/>
							<String ID="string_29" HPOS="834" VPOS="291" WIDTH="23" HEIGHT="18" WC="0.93" CONTENT="ut"/><SP WIDTH="15" VPOS="291" HPOS="857"/>
							<String ID="string_30" HPOS="872" VPOS="290" WIDTH="45" HEIGHT="19" WC="0.90" CONTENT="der-"/>
						</TextLine>
						<TextLine ID="line_5" HPOS="170" VPOS="323" WIDTH="747" HEIGHT="28">
							<String ID="string_31" HPOS="170" VPOS="324" WIDTH="33" HEIGHT="27" WC="0.96" CONTENT="på,"/><SP WIDTH="16" VPOS="324" HPOS="203"/>
							<String ID="string_32" HPOS="219" VPOS="326" WIDTH="31" HEIGHT="18" WC="0.96" CONTENT="att"/><SP WIDTH="15" VPOS="326" HPOS="250"/>
							<String ID="string_33" HPOS="265" VPOS="324" WIDTH="88" HEIGHT="20" WC="0.96" CONTENT="ärendet"/><SP WIDTH="19" VPOS="324" HPOS="353"/>
							<String ID="string_34" HPOS="372" VPOS="323" WIDTH="68" HEIGHT="20" WC="0.95" CONTENT="skulle"/><SP WIDTH="16" VPOS="323" HPOS="440"/>
							<String ID="string_35" HPOS="456" VPOS="323" WIDTH="97" HEIGHT="27" WC="0.95" CONTENT="slutligen"/><SP WIDTH="16" VPOS="323" HPOS="553"/>
							<String ID="string_36" HPOS="569" VPOS="323" WIDTH="88" HEIGHT="21" WC="0.96" CONTENT="komma"/><SP WIDTH="14" VPOS="323" HPOS="657"/>
							<String ID="string_37" HPOS="671" VPOS="326" WIDTH="31" HEIGHT="18" WC="0.93" CONTENT="att"/><SP WIDTH="14" VPOS="326" HPOS="702"/>
							<String ID="string_38" HPOS="716" VPOS="324" WIDTH="82" HEIGHT="27" WC="0.90" CONTENT="afgöras"/><SP WIDTH="16" VPOS="324" HPOS="798"/>
							<String ID="string_39" HPOS="814" VPOS="324" WIDTH="22" HEIGHT="20" WC="0.93" CONTENT="af"/><SP WIDTH="13" VPOS="324" HPOS="836"/>
							<String ID="string_40" HPOS="849" VPOS="323" WIDTH="68" HEIGHT="21" WC="0.92" CONTENT="Bank-"/>
						</TextLine>
						<TextLine ID="line_6" HPOS="169" VPOS="357" WIDTH="749" HEIGHT="27">
							<String ID="string_41" HPOS="169" VPOS="358" WIDTH="140" HEIGHT="26" WC="0.95" CONTENT="fullmäktige,"/><SP WIDTH="23" VPOS="358" HPOS="309"/>
							<String ID="string_42" HPOS="332" VPOS="358" WIDTH="40" HEIGHT="20" WC="0.96" CONTENT="och"/><SP WIDTH="22" VPOS="358" HPOS="372"/>
							<String ID="string_43" HPOS="394" VPOS="358" WIDTH="36" HEIGHT="20" WC="0.96" CONTENT="det"/><SP WIDTH="22" VPOS="358" HPOS="430"/>
							<String ID="string_44" HPOS="452" VPOS="358" WIDTH="23" HEIGHT="20" WC="0.96" CONTENT="så"/><SP WIDTH="22" VPOS="358" HPOS="475"/>
							<String ID="string_45" HPOS="497" VPOS="357" WIDTH="87" HEIGHT="27" WC="0.96" CONTENT="mycket"/><SP WIDTH="23" VPOS="357" HPOS="584"/>
							<String ID="string_46" HPOS="607" VPOS="364" WIDTH="58" HEIGHT="14" WC="0.96" CONTENT="mera"/><SP WIDTH="18" VPOS="364" HPOS="665"/>
							<String ID="string_47" HPOS="683" VPOS="364" WIDTH="43" HEIGHT="14" WC="0.96" CONTENT="som"/><SP WIDTH="17" VPOS="364" HPOS="726"/>
							<String ID="string_48" HPOS="743" VPOS="359" WIDTH="40" HEIGHT="19" WC="0.96" CONTENT="den"/><SP WIDTH="16" VPOS="359" HPOS="783"/>
							<String ID="string_49" HPOS="799" VPOS="358" WIDTH="119" HEIGHT="26" WC="0.95" CONTENT="åberopade"/>
						</TextLine>
						<TextLine ID="line_7" HPOS="170" VPOS="392" WIDTH="748" HEIGHT="28">
							<String ID="string_50" HPOS="170" VPOS="393" WIDTH="124" HEIGHT="27" WC="0.96" CONTENT="paragrafen"/><SP WIDTH="23" VPOS="393" HPOS="294"/>
							<String ID="string_51" HPOS="317" VPOS="392" WIDTH="7" HEIGHT="20" WC="0.96" CONTENT="i"/><SP WIDTH="22" VPOS="392" HPOS="324"/>
							<String ID="string_52" HPOS="346" VPOS="392" WIDTH="119" HEIGHT="27" WC="0.96" CONTENT="Kejserliga"/><SP WIDTH="22" VPOS="392" HPOS="465"/>
							<String ID="string_53" HPOS="487" VPOS="392" WIDTH="150" HEIGHT="27" WC="0.96" CONTENT="förordningen"/><SP WIDTH="24" VPOS="392" HPOS="637"/>
							<String ID="string_54" HPOS="661" VPOS="393" WIDTH="23" HEIGHT="19" WC="0.96" CONTENT="af"/><SP WIDTH="20" VPOS="393" HPOS="684"/>
							<String ID="string_55" HPOS="704" VPOS="393" WIDTH="40" HEIGHT="19" WC="0.96" CONTENT="den"/><SP WIDTH="23" VPOS="393" HPOS="744"/>
							<String ID="string_56" HPOS="767" VPOS="393" WIDTH="11" HEIGHT="19" WC="0.96" CONTENT="9"/><SP WIDTH="23" VPOS="393" HPOS="778"/>
							<String ID="string_57" HPOS="801" VPOS="392" WIDTH="117" HEIGHT="20" WC="0.95" CONTENT="December"/>
						</TextLine>
						<TextLine ID="line_8" HPOS="172" VPOS="426" WIDTH="744" HEIGHT="28">
							<String ID="string_58" HPOS="172" VPOS="428" WIDTH="59" HEIGHT="24" WC="0.93" CONTENT="1867,"/><SP WIDTH="16" VPOS="428" HPOS="231"/>
							<String ID="string_59" HPOS="247" VPOS="426" WIDTH="108" HEIGHT="27" WC="0.91" CONTENT="nemligen"/><SP WIDTH="17" VPOS="426" HPOS="355"/>
							<String ID="string_60" HPOS="372" VPOS="429" WIDTH="10" HEIGHT="22" WC="0.93" CONTENT="$"/><SP WIDTH="18" VPOS="429" HPOS="382"/>
							<String ID="string_61" HPOS="400" VPOS="427" WIDTH="24" HEIGHT="20" WC="0.96" CONTENT="15"/><SP WIDTH="18" VPOS="427" HPOS="424"/>
							<String ID="string_62" HPOS="442" VPOS="428" WIDTH="113" HEIGHT="18" WC="0.93" CONTENT="momentet"/><SP WIDTH="21" VPOS="428" HPOS="555"/>
							<String ID="string_63" HPOS="576" VPOS="433" WIDTH="14" HEIGHT="20" WC="0.92" CONTENT="g"/><SP WIDTH="15" VPOS="433" HPOS="590"/>
							<String ID="string_64" HPOS="605" VPOS="427" WIDTH="96" HEIGHT="27" WC="0.95" CONTENT="tydligen"/><SP WIDTH="23" VPOS="427" HPOS="701"/>
							<String ID="string_65" HPOS="724" VPOS="427" WIDTH="21" HEIGHT="19" WC="0.93" CONTENT="åt"/><SP WIDTH="15" VPOS="427" HPOS="745"/>
							<String ID="string_66" HPOS="760" VPOS="426" WIDTH="156" HEIGHT="21" WC="0.89" CONTENT="Bankfullmäk-"/>
						</TextLine>
						<TextLine ID="line_9" HPOS="169" VPOS="461" WIDTH="748" HEIGHT="27">
							<String ID="string_67" HPOS="169" VPOS="462" WIDTH="43" HEIGHT="26" WC="0.91" CONTENT="tige"/><SP WIDTH="15" VPOS="462" HPOS="212"/>
							<String ID="string_68" HPOS="227" VPOS="468" WIDTH="37" HEIGHT="20" WC="0.96" CONTENT="ger"/><SP WIDTH="16" VPOS="468" HPOS="264"/>
							<String ID="string_69" HPOS="280" VPOS="467" WIDTH="26" HEIGHT="14" WC="0.96" CONTENT="en"/><SP WIDTH="20" VPOS="467" HPOS="306"/>
							<String ID="string_70" HPOS="326" VPOS="461" WIDTH="96" HEIGHT="27" WC="0.93" CONTENT="betydlig"/><SP WIDTH="20" VPOS="461" HPOS="422"/>
							<String ID="string_71" HPOS="442" VPOS="461" WIDTH="121" HEIGHT="20" WC="0.91" CONTENT="latitudinär"/><SP WIDTH="20" VPOS="461" HPOS="563"/>
							<String ID="string_72" HPOS="583" VPOS="461" WIDTH="129" HEIGHT="27" WC="0.95" CONTENT="befogenhet"/><SP WIDTH="15" VPOS="461" HPOS="712"/>
							<String ID="string_73" HPOS="727" VPOS="463" WIDTH="30" HEIGHT="18" WC="0.96" CONTENT="att"/><SP WIDTH="14" VPOS="463" HPOS="757"/>
							<String ID="string_74" HPOS="771" VPOS="462" WIDTH="29" HEIGHT="19" WC="0.95" CONTENT="uti"/><SP WIDTH="16" VPOS="462" HPOS="800"/>
							<String ID="string_75" HPOS="816" VPOS="461" WIDTH="101" HEIGHT="19" WC="0.96" CONTENT="liknande"/>
						</TextLine>
						<TextLine ID="line_10" HPOS="169" VPOS="495" WIDTH="747" HEIGHT="27">
							<String ID="string_76" HPOS="169" VPOS="496" WIDTH="36" HEIGHT="20" WC="0.96" CONTENT="fall"/><SP WIDTH="16" VPOS="496" HPOS="205"/>
							<String ID="string_77" HPOS="221" VPOS="496" WIDTH="86" HEIGHT="26" WC="0.96" CONTENT="vidtaga"/><SP WIDTH="15" VPOS="496" HPOS="307"/>
							<String ID="string_78" HPOS="322" VPOS="495" WIDTH="103" HEIGHT="27" WC="0.94" CONTENT="åtgärder."/><SP WIDTH="30" VPOS="495" HPOS="425"/>
							<String ID="string_79" HPOS="455" VPOS="495" WIDTH="40" HEIGHT="27" WC="0.96" CONTENT="Jag"/><SP WIDTH="16" VPOS="495" HPOS="495"/>
							<String ID="string_80" HPOS="511" VPOS="495" WIDTH="121" HEIGHT="20" WC="0.96" CONTENT="hemställer"/><SP WIDTH="16" VPOS="495" HPOS="632"/>
							<String ID="string_81" HPOS="648" VPOS="495" WIDTH="72" HEIGHT="21" WC="0.96" CONTENT="vidare"/><SP WIDTH="17" VPOS="495" HPOS="720"/>
							<String ID="string_82" HPOS="737" VPOS="496" WIDTH="30" HEIGHT="19" WC="0.93" CONTENT="till"/><SP WIDTH="11" VPOS="496" HPOS="767"/>
							<String ID="string_83" HPOS="778" VPOS="495" WIDTH="97" HEIGHT="21" WC="0.92" CONTENT="Ständets"/><SP WIDTH="11" VPOS="495" HPOS="875"/>
							<String ID="string_84" HPOS="886" VPOS="495" WIDTH="30" HEIGHT="19" WC="0.92" CONTENT="af-"/>
						</TextLine>
						<TextLine ID="line_11" HPOS="169" VPOS="530" WIDTH="749" HEIGHT="28">
							<String ID="string_85" HPOS="169" VPOS="530" WIDTH="101" HEIGHT="28" WC="0.92" CONTENT="görande,"/><SP WIDTH="16" VPOS="530" HPOS="270"/>
							<String ID="string_86" HPOS="286" VPOS="530" WIDTH="103" HEIGHT="20" WC="0.93" CONTENT="huruvida"/><SP WIDTH="15" VPOS="530" HPOS="389"/>
							<String ID="string_87" HPOS="404" VPOS="530" WIDTH="163" HEIGHT="20" WC="0.91" CONTENT="Bankutskottet"/><SP WIDTH="14" VPOS="530" HPOS="567"/>
							<String ID="string_88" HPOS="581" VPOS="530" WIDTH="55" HEIGHT="20" WC="0.96" CONTENT="skall"/><SP WIDTH="19" VPOS="530" HPOS="636"/>
							<String ID="string_89" HPOS="655" VPOS="536" WIDTH="61" HEIGHT="14" WC="0.93" CONTENT="anses"/><SP WIDTH="24" VPOS="536" HPOS="716"/>
							<String ID="string_90" HPOS="740" VPOS="530" WIDTH="126" HEIGHT="26" WC="0.86" CONTENT="berättigadt"/><SP WIDTH="22" VPOS="530" HPOS="866"/>
							<String ID="string_91" HPOS="888" VPOS="532" WIDTH="30" HEIGHT="18" WC="0.96" CONTENT="att"/>
						</TextLine>
						<TextLine ID="line_12" HPOS="168" VPOS="564" WIDTH="749" HEIGHT="28">
							<String ID="string_92" HPOS="168" VPOS="565" WIDTH="96" HEIGHT="27" WC="0.32" CONTENT="företa&amp;a"/><SP WIDTH="22" VPOS="565" HPOS="264"/>
							<String ID="string_93" HPOS="286" VPOS="564" WIDTH="69" HEIGHT="26" WC="0.67" CONTENT="någon"/><SP WIDTH="29" VPOS="564" HPOS="355"/>
							<String ID="string_94" HPOS="384" VPOS="564" WIDTH="72" HEIGHT="20" WC="0.95" CONTENT="vidare"/><SP WIDTH="25" VPOS="564" HPOS="456"/>
							<String ID="string_95" HPOS="481" VPOS="564" WIDTH="129" HEIGHT="27" WC="0.94" CONTENT="behandling"/><SP WIDTH="25" VPOS="564" HPOS="610"/>
							<String ID="string_96" HPOS="635" VPOS="564" WIDTH="23" HEIGHT="20" WC="0.96" CONTENT="af"/><SP WIDTH="23" VPOS="564" HPOS="658"/>
							<String ID="string_97" HPOS="681" VPOS="564" WIDTH="58" HEIGHT="20" WC="0.93" CONTENT="detta"/><SP WIDTH="23" VPOS="564" HPOS="739"/>
							<String ID="string_98" HPOS="762" VPOS="564" WIDTH="84" HEIGHT="20" WC="0.92" CONTENT="ärende."/><SP WIDTH="30" VPOS="564" HPOS="846"/>
							<String ID="string_99" HPOS="876" VPOS="564" WIDTH="41" HEIGHT="20" WC="0.96" CONTENT="För"/>
						</TextLine>
						<TextLine ID="line_13" HPOS="171" VPOS="598" WIDTH="747" HEIGHT="27">
							<String ID="string_100" HPOS="171" VPOS="600" WIDTH="42" HEIGHT="20" WC="0.96" CONTENT="min"/><SP WIDTH="17" VPOS="600" HPOS="213"/>
							<String ID="string_101" HPOS="230" VPOS="599" WIDTH="34" HEIGHT="21" WC="0.96" CONTENT="del"/><SP WIDTH="15" VPOS="599" HPOS="264"/>
							<String ID="string_102" HPOS="279" VPOS="598" WIDTH="69" HEIGHT="21" WC="0.96" CONTENT="skulle"/><SP WIDTH="12" VPOS="598" HPOS="348"/>
							<String ID="string_103" HPOS="360" VPOS="599" WIDTH="38" HEIGHT="26" WC="0.93" CONTENT="jag"/><SP WIDTH="15" VPOS="599" HPOS="398"/>
							<String ID="string_104" HPOS="413" VPOS="605" WIDTH="50" HEIGHT="13" WC="0.91" CONTENT="anse"/><SP WIDTH="16" VPOS="605" HPOS="463"/>
							<String ID="string_105" HPOS="479" VPOS="598" WIDTH="57" HEIGHT="20" WC="0.93" CONTENT="detta"/><SP WIDTH="15" VPOS="598" HPOS="536"/>
							<String ID="string_106" HPOS="551" VPOS="598" WIDTH="48" HEIGHT="20" WC="0.92" CONTENT="icke"/><SP WIDTH="19" VPOS="598" HPOS="599"/>
							<String ID="string_107" HPOS="618" VPOS="604" WIDTH="51" HEIGHT="14" WC="0.93" CONTENT="vara"/><SP WIDTH="15" VPOS="604" HPOS="669"/>
							<String ID="string_108" HPOS="684" VPOS="598" WIDTH="65" HEIGHT="27" WC="0.92" CONTENT="fallet,"/><SP WIDTH="18" VPOS="598" HPOS="749"/>
							<String ID="string_109" HPOS="767" VPOS="601" WIDTH="47" HEIGHT="17" WC="0.93" CONTENT="utan"/><SP WIDTH="16" VPOS="601" HPOS="814"/>
							<String ID="string_110" HPOS="830" VPOS="598" WIDTH="88" HEIGHT="20" WC="0.92" CONTENT="ärendet"/>
						</TextLine>
						<TextLine ID="line_14" HPOS="170" VPOS="632" WIDTH="748" HEIGHT="27">
							<String ID="string_111" HPOS="170" VPOS="634" WIDTH="50" HEIGHT="20" WC="0.88" CONTENT="böra"/><SP WIDTH="22" VPOS="634" HPOS="220"/>
							<String ID="string_112" HPOS="242" VPOS="633" WIDTH="84" HEIGHT="21" WC="0.88" CONTENT="direkte"/><SP WIDTH="22" VPOS="633" HPOS="326"/>
							<String ID="string_113" HPOS="348" VPOS="633" WIDTH="141" HEIGHT="19" WC="0.92" CONTENT="öfverlemnas"/><SP WIDTH="22" VPOS="633" HPOS="489"/>
							<String ID="string_114" HPOS="511" VPOS="632" WIDTH="32" HEIGHT="20" WC="0.93" CONTENT="till"/><SP WIDTH="22" VPOS="632" HPOS="543"/>
							<String ID="string_115" HPOS="565" VPOS="632" WIDTH="201" HEIGHT="27" WC="0.92" CONTENT="Bankfullmäktige,"/><SP WIDTH="18" VPOS="632" HPOS="766"/>
							<String ID="string_116" HPOS="784" VPOS="634" WIDTH="43" HEIGHT="25" WC="0.96" CONTENT="just"/><SP WIDTH="14" VPOS="634" HPOS="827"/>
							<String ID="string_117" HPOS="841" VPOS="632" WIDTH="31" HEIGHT="20" WC="0.95" CONTENT="för"/><SP WIDTH="16" VPOS="632" HPOS="872"/>
							<String ID="string_118" HPOS="888" VPOS="634" WIDTH="30" HEIGHT="18" WC="0.96" CONTENT="att"/>
						</TextLine>
						<TextLine ID="line_15" HPOS="169" VPOS="666" WIDTH="747" HEIGHT="27">
							<String ID="string_119" HPOS="169" VPOS="668" WIDTH="132" HEIGHT="20" WC="0.92" CONTENT="förekomma"/><SP WIDTH="23" VPOS="668" HPOS="301"/>
							<String ID="string_120" HPOS="324" VPOS="669" WIDTH="30" HEIGHT="18" WC="0.93" CONTENT="ett"/><SP WIDTH="21" VPOS="669" HPOS="354"/>
							<String ID="string_121" HPOS="375" VPOS="666" WIDTH="119" HEIGHT="27" WC="0.91" CONTENT="prejudikat"/><SP WIDTH="15" VPOS="666" HPOS="494"/>
							<String ID="string_122" HPOS="509" VPOS="673" WIDTH="44" HEIGHT="14" WC="0.95" CONTENT="som"/><SP WIDTH="15" VPOS="673" HPOS="553"/>
							<String ID="string_123" HPOS="568" VPOS="667" WIDTH="7" HEIGHT="19" WC="0.96" CONTENT="i"/><SP WIDTH="16" VPOS="667" HPOS="575"/>
							<String ID="string_124" HPOS="591" VPOS="667" WIDTH="112" HEIGHT="23" WC="0.93" CONTENT="framtiden"/><SP WIDTH="17" VPOS="667" HPOS="703"/>
							<String ID="string_125" HPOS="720" VPOS="667" WIDTH="61" HEIGHT="20" WC="0.92" CONTENT="äfven"/><SP WIDTH="16" VPOS="667" HPOS="781"/>
							<String ID="string_126" HPOS="797" VPOS="667" WIDTH="6" HEIGHT="19" WC="0.96" CONTENT="i"/><SP WIDTH="16" VPOS="667" HPOS="803"/>
							<String ID="string_127" HPOS="819" VPOS="667" WIDTH="40" HEIGHT="19" WC="0.93" CONTENT="den"/><SP WIDTH="16" VPOS="667" HPOS="859"/>
							<String ID="string_128" HPOS="875" VPOS="666" WIDTH="41" HEIGHT="20" WC="0.92" CONTENT="for-"/>
						</TextLine>
						<TextLine ID="line_16" HPOS="170" VPOS="701" WIDTH="361" HEIGHT="21">
							<String ID="string_129" HPOS="170" VPOS="708" WIDTH="48" HEIGHT="14" WC="0.96" CONTENT="men"/><SP WIDTH="16" VPOS="708" HPOS="218"/>
							<String ID="string_130" HPOS="234" VPOS="701" WIDTH="72" HEIGHT="21" WC="0.93" CONTENT="kunde"/><SP WIDTH="15" VPOS="701" HPOS="306"/>
							<String ID="string_131" HPOS="321" VPOS="701" WIDTH="63" HEIGHT="20" WC="0.92" CONTENT="hafva"/><SP WIDTH="15" VPOS="701" HPOS="384"/>
							<String ID="string_132" HPOS="399" VPOS="701" WIDTH="47" HEIGHT="20" WC="0.93" CONTENT="sina"/><SP WIDTH="14" VPOS="701" HPOS="446"/>
							<String ID="string_133" HPOS="460" VPOS="701" WIDTH="71" HEIGHT="20" WC="0.93" CONTENT="vädor."/>
						</TextLine>
					</TextBlock>
					<TextBlock ID="block_3" HPOS="167" VPOS="735" WIDTH="750" HEIGHT="714">
						<TextLine ID="line_17" HPOS="238" VPOS="735" WIDTH="678" HEIGHT="27">
							<String ID="string_134" HPOS="238" VPOS="736" WIDTH="54" HEIGHT="20" WC="0.94" CONTENT="Herr"/><SP WIDTH="16" VPOS="736" HPOS="292"/>
							<String ID="string_135" HPOS="308" VPOS="735" WIDTH="144" HEIGHT="21" WC="0.96" CONTENT="Lindblom:"/><SP WIDTH="19" VPOS="735" HPOS="452"/>
							<String ID="string_136" HPOS="471" VPOS="735" WIDTH="41" HEIGHT="27" WC="0.96" CONTENT="Jag"/><SP WIDTH="16" VPOS="735" HPOS="512"/>
							<String ID="string_137" HPOS="528" VPOS="735" WIDTH="37" HEIGHT="20" WC="0.96" CONTENT="ber"/><SP WIDTH="15" VPOS="735" HPOS="565"/>
							<String ID="string_138" HPOS="580" VPOS="737" WIDTH="31" HEIGHT="19" WC="0.93" CONTENT="att"/><SP WIDTH="14" VPOS="737" HPOS="611"/>
							<String ID="string_139" HPOS="625" VPOS="736" WIDTH="22" HEIGHT="19" WC="0.93" CONTENT="få"/><SP WIDTH="14" VPOS="736" HPOS="647"/>
							<String ID="string_140" HPOS="661" VPOS="735" WIDTH="127" HEIGHT="21" WC="0.93" CONTENT="understöda"/><SP WIDTH="15" VPOS="735" HPOS="788"/>
							<String ID="string_141" HPOS="803" VPOS="735" WIDTH="53" HEIGHT="20" WC="0.93" CONTENT="Herr"/><SP WIDTH="17" VPOS="735" HPOS="856"/>
							<String ID="string_142" HPOS="873" VPOS="735" WIDTH="43" HEIGHT="21" WC="0.93" CONTENT="Me-"/>
						</TextLine>
						<TextLine ID="line_18" HPOS="168" VPOS="769" WIDTH="748" HEIGHT="27">
							<String ID="string_143" HPOS="168" VPOS="771" WIDTH="81" HEIGHT="19" WC="0.61" CONTENT="ehelins"/><SP WIDTH="16" VPOS="771" HPOS="249"/>
							<String ID="string_144" HPOS="265" VPOS="770" WIDTH="85" HEIGHT="26" WC="0.95" CONTENT="förslag."/><SP WIDTH="30" VPOS="770" HPOS="350"/>
							<String ID="string_145" HPOS="380" VPOS="769" WIDTH="43" HEIGHT="27" WC="0.93" CONTENT="Att,"/><SP WIDTH="23" VPOS="769" HPOS="423"/>
							<String ID="string_146" HPOS="446" VPOS="769" WIDTH="67" HEIGHT="21" WC="0.96" CONTENT="såsom"/><SP WIDTH="23" VPOS="769" HPOS="513"/>
							<String ID="string_147" HPOS="536" VPOS="770" WIDTH="53" HEIGHT="20" WC="0.96" CONTENT="Herr"/><SP WIDTH="19" VPOS="770" HPOS="589"/>
							<String ID="string_148" HPOS="608" VPOS="770" WIDTH="110" HEIGHT="26" WC="0.93" CONTENT="Nylander"/><SP WIDTH="19" VPOS="770" HPOS="718"/>
							<String ID="string_149" HPOS="737" VPOS="770" WIDTH="93" HEIGHT="26" WC="0.93" CONTENT="föreslår,"/><SP WIDTH="20" VPOS="770" HPOS="830"/>
							<String ID="string_150" HPOS="850" VPOS="770" WIDTH="66" HEIGHT="20" WC="0.75" CONTENT="öfver-"/>
						</TextLine>
						<TextLine ID="line_19" HPOS="168" VPOS="804" WIDTH="749" HEIGHT="28">
							<String ID="string_151" HPOS="168" VPOS="806" WIDTH="72" HEIGHT="19" WC="0.92" CONTENT="lemna"/><SP WIDTH="21" VPOS="806" HPOS="240"/>
							<String ID="string_152" HPOS="261" VPOS="805" WIDTH="75" HEIGHT="27" WC="0.92" CONTENT="frägan"/><SP WIDTH="23" VPOS="805" HPOS="336"/>
							<String ID="string_153" HPOS="359" VPOS="804" WIDTH="31" HEIGHT="20" WC="0.93" CONTENT="till"/><SP WIDTH="22" VPOS="804" HPOS="390"/>
							<String ID="string_154" HPOS="412" VPOS="804" WIDTH="193" HEIGHT="27" WC="0.92" CONTENT="Bankfullmäktige"/><SP WIDTH="23" VPOS="804" HPOS="605"/>
							<String ID="string_155" HPOS="628" VPOS="804" WIDTH="75" HEIGHT="26" WC="0.96" CONTENT="skulle,"/><SP WIDTH="24" VPOS="804" HPOS="703"/>
							<String ID="string_156" HPOS="727" VPOS="804" WIDTH="51" HEIGHT="20" WC="0.96" CONTENT="efter"/><SP WIDTH="16" VPOS="804" HPOS="778"/>
							<String ID="string_157" HPOS="794" VPOS="805" WIDTH="42" HEIGHT="19" WC="0.93" CONTENT="min"/><SP WIDTH="19" VPOS="805" HPOS="836"/>
							<String ID="string_158" HPOS="855" VPOS="805" WIDTH="62" HEIGHT="27" WC="0.90" CONTENT="äsigt,"/>
						</TextLine>
						<TextLine ID="line_20" HPOS="168" VPOS="838" WIDTH="748" HEIGHT="28">
							<String ID="string_159" HPOS="168" VPOS="839" WIDTH="48" HEIGHT="20" WC="0.90" CONTENT="icke"/><SP WIDTH="24" VPOS="839" HPOS="216"/>
							<String ID="string_160" HPOS="240" VPOS="839" WIDTH="96" HEIGHT="20" WC="0.91" CONTENT="medföra"/><SP WIDTH="22" VPOS="839" HPOS="336"/>
							<String ID="string_161" HPOS="358" VPOS="838" WIDTH="64" HEIGHT="26" WC="0.91" CONTENT="nägot"/><SP WIDTH="22" VPOS="838" HPOS="422"/>
							<String ID="string_162" HPOS="444" VPOS="840" WIDTH="64" HEIGHT="18" WC="0.96" CONTENT="annat"/><SP WIDTH="20" VPOS="840" HPOS="508"/>
							<String ID="string_163" HPOS="528" VPOS="838" WIDTH="93" HEIGHT="24" WC="0.96" CONTENT="resultat,"/><SP WIDTH="16" VPOS="838" HPOS="621"/>
							<String ID="string_164" HPOS="637" VPOS="841" WIDTH="27" HEIGHT="17" WC="0.97" CONTENT="än"/><SP WIDTH="16" VPOS="841" HPOS="664"/>
							<String ID="string_165" HPOS="680" VPOS="841" WIDTH="30" HEIGHT="17" WC="0.93" CONTENT="att"/><SP WIDTH="15" VPOS="841" HPOS="710"/>
							<String ID="string_166" HPOS="725" VPOS="839" WIDTH="191" HEIGHT="27" WC="0.93" CONTENT="Bankfullmäktige"/>
						</TextLine>
						<TextLine ID="line_21" HPOS="168" VPOS="872" WIDTH="748" HEIGHT="27">
							<String ID="string_167" HPOS="168" VPOS="873" WIDTH="68" HEIGHT="20" WC="0.93" CONTENT="skulle"/><SP WIDTH="16" VPOS="873" HPOS="236"/>
							<String ID="string_168" HPOS="252" VPOS="873" WIDTH="81" HEIGHT="26" WC="0.92" CONTENT="nödgas"/><SP WIDTH="15" VPOS="873" HPOS="333"/>
							<String ID="string_169" HPOS="348" VPOS="872" WIDTH="94" HEIGHT="21" WC="0.90" CONTENT="förkasta"/><SP WIDTH="14" VPOS="872" HPOS="442"/>
							<String ID="string_170" HPOS="456" VPOS="872" WIDTH="159" HEIGHT="27" WC="0.91" CONTENT="ansökningen;"/><SP WIDTH="16" VPOS="872" HPOS="615"/>
							<String ID="string_171" HPOS="631" VPOS="875" WIDTH="29" HEIGHT="24" WC="0.93" CONTENT="ty,"/><SP WIDTH="17" VPOS="875" HPOS="660"/>
							<String ID="string_172" HPOS="677" VPOS="873" WIDTH="64" HEIGHT="20" WC="0.90" CONTENT="ehuru"/><SP WIDTH="18" VPOS="873" HPOS="741"/>
							<String ID="string_173" HPOS="759" VPOS="873" WIDTH="157" HEIGHT="20" WC="0.92" CONTENT="Bankfullmäk-"/>
						</TextLine>
						<TextLine ID="line_22" HPOS="169" VPOS="907" WIDTH="747" HEIGHT="27">
							<String ID="string_174" HPOS="169" VPOS="909" WIDTH="42" HEIGHT="25" WC="0.93" CONTENT="tige"/><SP WIDTH="20" VPOS="909" HPOS="211"/>
							<String ID="string_175" HPOS="231" VPOS="907" WIDTH="124" HEIGHT="27" WC="0.95" CONTENT="visserligen"/><SP WIDTH="23" VPOS="907" HPOS="355"/>
							<String ID="string_176" HPOS="378" VPOS="909" WIDTH="37" HEIGHT="18" WC="0.96" CONTENT="äro"/><SP WIDTH="15" VPOS="909" HPOS="415"/>
							<String ID="string_177" HPOS="430" VPOS="907" WIDTH="131" HEIGHT="27" WC="0.96" CONTENT="berättigade"/><SP WIDTH="16" VPOS="907" HPOS="561"/>
							<String ID="string_178" HPOS="577" VPOS="909" WIDTH="30" HEIGHT="18" WC="0.93" CONTENT="att"/><SP WIDTH="14" VPOS="909" HPOS="607"/>
							<String ID="string_179" HPOS="621" VPOS="909" WIDTH="79" HEIGHT="25" WC="0.67" CONTENT="antaga"/><SP WIDTH="14" VPOS="909" HPOS="700"/>
							<String ID="string_180" HPOS="714" VPOS="907" WIDTH="108" HEIGHT="26" WC="0.93" CONTENT="ackorder,"/><SP WIDTH="19" VPOS="907" HPOS="822"/>
							<String ID="string_181" HPOS="841" VPOS="907" WIDTH="75" HEIGHT="20" WC="0.96" CONTENT="förstår"/>
						</TextLine>
						<TextLine ID="line_23" HPOS="169" VPOS="941" WIDTH="747" HEIGHT="27">
							<String ID="string_182" HPOS="169" VPOS="949" WIDTH="47" HEIGHT="13" WC="0.96" CONTENT="man"/><SP WIDTH="18" VPOS="949" HPOS="216"/>
							<String ID="string_183" HPOS="234" VPOS="941" WIDTH="54" HEIGHT="21" WC="0.96" CONTENT="dock"/><SP WIDTH="17" VPOS="941" HPOS="288"/>
							<String ID="string_184" HPOS="305" VPOS="941" WIDTH="48" HEIGHT="20" WC="0.96" CONTENT="med"/><SP WIDTH="15" VPOS="941" HPOS="353"/>
							<String ID="string_185" HPOS="368" VPOS="941" WIDTH="86" HEIGHT="26" WC="0.96" CONTENT="ackord,"/><SP WIDTH="16" VPOS="941" HPOS="454"/>
							<String ID="string_186" HPOS="470" VPOS="943" WIDTH="30" HEIGHT="18" WC="0.96" CONTENT="att"/><SP WIDTH="13" VPOS="943" HPOS="500"/>
							<String ID="string_187" HPOS="513" VPOS="941" WIDTH="131" HEIGHT="27" WC="0.96" CONTENT="gäldenären"/><SP WIDTH="16" VPOS="941" HPOS="644"/>
							<String ID="string_188" HPOS="660" VPOS="941" WIDTH="66" HEIGHT="20" WC="0.96" CONTENT="måste"/><SP WIDTH="16" VPOS="941" HPOS="726"/>
							<String ID="string_189" HPOS="742" VPOS="948" WIDTH="50" HEIGHT="13" WC="0.93" CONTENT="vara"/><SP WIDTH="12" VPOS="948" HPOS="792"/>
							<String ID="string_190" HPOS="804" VPOS="941" WIDTH="112" HEIGHT="26" WC="0.91" CONTENT="insolvent,"/>
						</TextLine>
						<TextLine ID="line_24" HPOS="170" VPOS="975" WIDTH="746" HEIGHT="28">
							<String ID="string_191" HPOS="170" VPOS="976" WIDTH="64" HEIGHT="27" WC="0.95" CONTENT="något"/><SP WIDTH="22" VPOS="976" HPOS="234"/>
							<String ID="string_192" HPOS="256" VPOS="983" WIDTH="44" HEIGHT="13" WC="0.95" CONTENT="som"/><SP WIDTH="23" VPOS="983" HPOS="300"/>
							<String ID="string_193" HPOS="323" VPOS="975" WIDTH="47" HEIGHT="21" WC="0.95" CONTENT="icke"/><SP WIDTH="16" VPOS="975" HPOS="370"/>
							<String ID="string_194" HPOS="386" VPOS="978" WIDTH="22" HEIGHT="17" WC="0.96" CONTENT="är"/><SP WIDTH="16" VPOS="978" HPOS="408"/>
							<String ID="string_195" HPOS="424" VPOS="975" WIDTH="59" HEIGHT="20" WC="0.96" CONTENT="fallet"/><SP WIDTH="18" VPOS="975" HPOS="483"/>
							<String ID="string_196" HPOS="501" VPOS="976" WIDTH="47" HEIGHT="20" WC="0.93" CONTENT="med"/><SP WIDTH="15" VPOS="976" HPOS="548"/>
							<String ID="string_197" HPOS="563" VPOS="975" WIDTH="257" HEIGHT="28" WC="0.87" CONTENT="Hypotheksföreningen."/><SP WIDTH="34" VPOS="975" HPOS="820"/>
							<String ID="string_198" HPOS="854" VPOS="975" WIDTH="62" HEIGHT="20" WC="0.91" CONTENT="Före-"/>
						</TextLine>
						<TextLine ID="line_25" HPOS="170" VPOS="1009" WIDTH="747" HEIGHT="28">
							<String ID="string_199" HPOS="170" VPOS="1011" WIDTH="93" HEIGHT="20" WC="0.96" CONTENT="varande"/><SP WIDTH="23" VPOS="1011" HPOS="263"/>
							<String ID="string_200" HPOS="286" VPOS="1010" WIDTH="61" HEIGHT="27" WC="0.95" CONTENT="fråga"/><SP WIDTH="22" VPOS="1010" HPOS="347"/>
							<String ID="string_201" HPOS="369" VPOS="1011" WIDTH="37" HEIGHT="18" WC="0.96" CONTENT="har"/><SP WIDTH="20" VPOS="1011" HPOS="406"/>
							<String ID="string_202" HPOS="426" VPOS="1010" WIDTH="105" HEIGHT="20" WC="0.96" CONTENT="dessutom"/><SP WIDTH="17" VPOS="1010" HPOS="531"/>
							<String ID="string_203" HPOS="548" VPOS="1017" WIDTH="25" HEIGHT="13" WC="0.96" CONTENT="en"/><SP WIDTH="16" VPOS="1017" HPOS="573"/>
							<String ID="string_204" HPOS="589" VPOS="1010" WIDTH="89" HEIGHT="21" WC="0.96" CONTENT="alldeles"/><SP WIDTH="15" VPOS="1010" HPOS="678"/>
							<String ID="string_205" HPOS="693" VPOS="1009" WIDTH="88" HEIGHT="21" WC="0.93" CONTENT="särskild"/><SP WIDTH="18" VPOS="1009" HPOS="781"/>
							<String ID="string_206" HPOS="799" VPOS="1009" WIDTH="118" HEIGHT="20" WC="0.92" CONTENT="beskaffen-"/>
						</TextLine>
						<TextLine ID="line_26" HPOS="168" VPOS="1043" WIDTH="747" HEIGHT="28">
							<String ID="string_207" HPOS="168" VPOS="1045" WIDTH="42" HEIGHT="26" WC="0.91" CONTENT="het,"/><SP WIDTH="17" VPOS="1045" HPOS="210"/>
							<String ID="string_208" HPOS="227" VPOS="1045" WIDTH="45" HEIGHT="20" WC="0.91" CONTENT="deri"/><SP WIDTH="15" VPOS="1045" HPOS="272"/>
							<String ID="string_209" HPOS="287" VPOS="1046" WIDTH="37" HEIGHT="25" WC="0.96" CONTENT="att,"/><SP WIDTH="22" VPOS="1046" HPOS="324"/>
							<String ID="string_210" HPOS="346" VPOS="1045" WIDTH="68" HEIGHT="20" WC="0.96" CONTENT="såsom"/><SP WIDTH="16" VPOS="1045" HPOS="414"/>
							<String ID="string_211" HPOS="430" VPOS="1045" WIDTH="53" HEIGHT="19" WC="0.93" CONTENT="Herr"/><SP WIDTH="17" VPOS="1045" HPOS="483"/>
							<String ID="string_212" HPOS="500" VPOS="1045" WIDTH="105" HEIGHT="20" WC="0.91" CONTENT="Mechelin"/><SP WIDTH="16" VPOS="1045" HPOS="605"/>
							<String ID="string_213" HPOS="621" VPOS="1044" WIDTH="82" HEIGHT="27" WC="0.90" CONTENT="antydt,"/><SP WIDTH="20" VPOS="1044" HPOS="703"/>
							<String ID="string_214" HPOS="723" VPOS="1044" WIDTH="57" HEIGHT="21" WC="0.96" CONTENT="detta"/><SP WIDTH="13" VPOS="1044" HPOS="780"/>
							<String ID="string_215" HPOS="793" VPOS="1043" WIDTH="43" HEIGHT="27" WC="0.94" CONTENT="lån,"/><SP WIDTH="15" VPOS="1043" HPOS="836"/>
							<String ID="string_216" HPOS="851" VPOS="1043" WIDTH="64" HEIGHT="20" WC="0.95" CONTENT="redan"/>
						</TextLine>
						<TextLine ID="line_27" HPOS="169" VPOS="1078" WIDTH="747" HEIGHT="27">
							<String ID="string_217" HPOS="169" VPOS="1079" WIDTH="44" HEIGHT="20" WC="0.96" CONTENT="före"/><SP WIDTH="14" VPOS="1079" HPOS="213"/>
							<String ID="string_218" HPOS="227" VPOS="1079" WIDTH="97" HEIGHT="20" WC="0.91" CONTENT="bankens"/><SP WIDTH="16" VPOS="1079" HPOS="324"/>
							<String ID="string_219" HPOS="340" VPOS="1079" WIDTH="171" HEIGHT="20" WC="0.90" CONTENT="öfverlemnande"/><SP WIDTH="19" VPOS="1079" HPOS="511"/>
							<String ID="string_220" HPOS="530" VPOS="1079" WIDTH="31" HEIGHT="20" WC="0.93" CONTENT="till"/><SP WIDTH="20" VPOS="1079" HPOS="561"/>
							<String ID="string_221" HPOS="581" VPOS="1079" WIDTH="126" HEIGHT="26" WC="0.91" CONTENT="Ständerne,"/><SP WIDTH="20" VPOS="1079" HPOS="707"/>
							<String ID="string_222" HPOS="727" VPOS="1085" WIDTH="36" HEIGHT="14" WC="0.93" CONTENT="var"/><SP WIDTH="19" VPOS="1085" HPOS="763"/>
							<String ID="string_223" HPOS="782" VPOS="1078" WIDTH="134" HEIGHT="27" WC="0.91" CONTENT="Hypotheks-"/>
						</TextLine>
						<TextLine ID="line_28" HPOS="169" VPOS="1112" WIDTH="745" HEIGHT="28">
							<String ID="string_224" HPOS="169" VPOS="1113" WIDTH="126" HEIGHT="27" WC="0.91" CONTENT="föreningen"/><SP WIDTH="16" VPOS="1113" HPOS="295"/>
							<String ID="string_225" HPOS="311" VPOS="1113" WIDTH="101" HEIGHT="26" WC="0.91" CONTENT="beviljadt"/><SP WIDTH="15" VPOS="1113" HPOS="412"/>
							<String ID="string_226" HPOS="427" VPOS="1113" WIDTH="27" HEIGHT="27" WC="0.96" CONTENT="på"/><SP WIDTH="14" VPOS="1113" HPOS="454"/>
							<String ID="string_227" HPOS="468" VPOS="1113" WIDTH="76" HEIGHT="26" WC="0.95" CONTENT="vilkor,"/><SP WIDTH="16" VPOS="1113" HPOS="544"/>
							<String ID="string_228" HPOS="560" VPOS="1120" WIDTH="44" HEIGHT="13" WC="0.93" CONTENT="som"/><SP WIDTH="17" VPOS="1120" HPOS="604"/>
							<String ID="string_229" HPOS="621" VPOS="1116" WIDTH="36" HEIGHT="17" WC="0.91" CONTENT="ärd"/><SP WIDTH="16" VPOS="1116" HPOS="657"/>
							<String ID="string_230" HPOS="673" VPOS="1113" WIDTH="7" HEIGHT="20" WC="0.96" CONTENT="i"/><SP WIDTH="16" VPOS="1113" HPOS="680"/>
							<String ID="string_231" HPOS="696" VPOS="1113" WIDTH="40" HEIGHT="20" WC="0.96" CONTENT="den"/><SP WIDTH="9" VPOS="1113" HPOS="736"/>
							<String ID="string_232" HPOS="745" VPOS="1112" WIDTH="118" HEIGHT="27" WC="0.91" CONTENT="åberopade"/><SP WIDTH="11" VPOS="1112" HPOS="863"/>
							<String ID="string_233" HPOS="874" VPOS="1112" WIDTH="40" HEIGHT="19" WC="0.92" CONTENT="för-"/>
						</TextLine>
						<TextLine ID="line_29" HPOS="168" VPOS="1147" WIDTH="747" HEIGHT="28">
							<String ID="string_234" HPOS="168" VPOS="1147" WIDTH="120" HEIGHT="27" WC="0.95" CONTENT="fattningen"/><SP WIDTH="18" VPOS="1147" HPOS="288"/>
							<String ID="string_235" HPOS="306" VPOS="1147" WIDTH="114" HEIGHT="21" WC="0.93" CONTENT="bestämda."/><SP WIDTH="29" VPOS="1147" HPOS="420"/>
							<String ID="string_236" HPOS="449" VPOS="1147" WIDTH="252" HEIGHT="28" WC="0.91" CONTENT="Hypotheksföreningen"/><SP WIDTH="23" VPOS="1147" HPOS="701"/>
							<String ID="string_237" HPOS="724" VPOS="1147" WIDTH="94" HEIGHT="20" WC="0.96" CONTENT="anhåller"/><SP WIDTH="19" VPOS="1147" HPOS="818"/>
							<String ID="string_238" HPOS="837" VPOS="1153" WIDTH="27" HEIGHT="13" WC="0.96" CONTENT="nu"/><SP WIDTH="18" VPOS="1153" HPOS="864"/>
							<String ID="string_239" HPOS="882" VPOS="1153" WIDTH="33" HEIGHT="13" WC="0.95" CONTENT="om"/>
						</TextLine>
						<TextLine ID="line_30" HPOS="168" VPOS="1181" WIDTH="748" HEIGHT="28">
							<String ID="string_240" HPOS="168" VPOS="1189" WIDTH="26" HEIGHT="13" WC="0.96" CONTENT="en"/><SP WIDTH="16" VPOS="1189" HPOS="194"/>
							<String ID="string_241" HPOS="210" VPOS="1182" WIDTH="136" HEIGHT="27" WC="0.96" CONTENT="nedsättning"/><SP WIDTH="16" VPOS="1182" HPOS="346"/>
							<String ID="string_242" HPOS="362" VPOS="1182" WIDTH="23" HEIGHT="20" WC="0.96" CONTENT="af"/><SP WIDTH="12" VPOS="1182" HPOS="385"/>
							<String ID="string_243" HPOS="397" VPOS="1184" WIDTH="74" HEIGHT="18" WC="0.96" CONTENT="räntan"/><SP WIDTH="15" VPOS="1184" HPOS="471"/>
							<String ID="string_244" HPOS="486" VPOS="1183" WIDTH="40" HEIGHT="19" WC="0.96" CONTENT="och"/><SP WIDTH="15" VPOS="1183" HPOS="526"/>
							<String ID="string_245" HPOS="541" VPOS="1184" WIDTH="30" HEIGHT="18" WC="0.96" CONTENT="att"/><SP WIDTH="15" VPOS="1184" HPOS="571"/>
							<String ID="string_246" HPOS="586" VPOS="1182" WIDTH="21" HEIGHT="20" WC="0.96" CONTENT="få"/><SP WIDTH="14" VPOS="1182" HPOS="607"/>
							<String ID="string_247" HPOS="621" VPOS="1182" WIDTH="59" HEIGHT="20" WC="0.93" CONTENT="lånet"/><SP WIDTH="15" VPOS="1182" HPOS="680"/>
							<String ID="string_248" HPOS="695" VPOS="1181" WIDTH="121" HEIGHT="20" WC="0.92" CONTENT="förändradt"/><SP WIDTH="20" VPOS="1181" HPOS="816"/>
							<String ID="string_249" HPOS="836" VPOS="1181" WIDTH="31" HEIGHT="20" WC="0.96" CONTENT="till"/><SP WIDTH="19" VPOS="1181" HPOS="867"/>
							<String ID="string_250" HPOS="886" VPOS="1182" WIDTH="30" HEIGHT="19" WC="0.96" CONTENT="ett"/>
						</TextLine>
						<TextLine ID="line_31" HPOS="167" VPOS="1215" WIDTH="750" HEIGHT="28">
							<String ID="string_251" HPOS="167" VPOS="1216" WIDTH="202" HEIGHT="27" WC="0.91" CONTENT="amortiseringslån,"/><SP WIDTH="23" VPOS="1216" HPOS="369"/>
							<String ID="string_252" HPOS="392" VPOS="1216" WIDTH="81" HEIGHT="20" WC="0.92" CONTENT="hvilket"/><SP WIDTH="22" VPOS="1216" HPOS="473"/>
							<String ID="string_253" HPOS="495" VPOS="1216" WIDTH="200" HEIGHT="27" WC="0.88" CONTENT="Bankfullmäktige,"/><SP WIDTH="16" VPOS="1216" HPOS="695"/>
							<String ID="string_254" HPOS="711" VPOS="1215" WIDTH="27" HEIGHT="21" WC="0.96" CONTENT="då"/><SP WIDTH="14" VPOS="1215" HPOS="738"/>
							<String ID="string_255" HPOS="752" VPOS="1215" WIDTH="72" HEIGHT="27" WC="0.96" CONTENT="frågan"/><SP WIDTH="20" VPOS="1215" HPOS="824"/>
							<String ID="string_256" HPOS="844" VPOS="1216" WIDTH="18" HEIGHT="25" WC="0.96" CONTENT="ej"/><SP WIDTH="16" VPOS="1216" HPOS="862"/>
							<String ID="string_257" HPOS="878" VPOS="1215" WIDTH="39" HEIGHT="20" WC="0.96" CONTENT="här"/>
						</TextLine>
						<TextLine ID="line_32" HPOS="167" VPOS="1249" WIDTH="750" HEIGHT="28">
							<String ID="string_258" HPOS="167" VPOS="1250" WIDTH="68" HEIGHT="27" WC="0.96" CONTENT="gäller"/><SP WIDTH="15" VPOS="1250" HPOS="235"/>
							<String ID="string_259" HPOS="250" VPOS="1250" WIDTH="86" HEIGHT="27" WC="0.95" CONTENT="ackord,"/><SP WIDTH="16" VPOS="1250" HPOS="336"/>
							<String ID="string_260" HPOS="352" VPOS="1251" WIDTH="67" HEIGHT="26" WC="0.96" CONTENT="enligt"/><SP WIDTH="15" VPOS="1251" HPOS="419"/>
							<String ID="string_261" HPOS="434" VPOS="1251" WIDTH="41" HEIGHT="19" WC="0.93" CONTENT="min"/><SP WIDTH="16" VPOS="1251" HPOS="475"/>
							<String ID="string_262" HPOS="491" VPOS="1251" WIDTH="61" HEIGHT="26" WC="0.92" CONTENT="åsigt,"/><SP WIDTH="15" VPOS="1251" HPOS="552"/>
							<String ID="string_263" HPOS="567" VPOS="1251" WIDTH="49" HEIGHT="20" WC="0.96" CONTENT="icke"/><SP WIDTH="17" VPOS="1251" HPOS="616"/>
							<String ID="string_264" HPOS="633" VPOS="1252" WIDTH="48" HEIGHT="19" WC="0.96" CONTENT="utan"/><SP WIDTH="21" VPOS="1252" HPOS="681"/>
							<String ID="string_265" HPOS="702" VPOS="1249" WIDTH="89" HEIGHT="21" WC="0.96" CONTENT="särskild"/><SP WIDTH="18" VPOS="1249" HPOS="791"/>
							<String ID="string_266" HPOS="809" VPOS="1249" WIDTH="108" HEIGHT="20" WC="0.96" CONTENT="föreskrift"/>
						</TextLine>
						<TextLine ID="line_33" HPOS="168" VPOS="1284" WIDTH="747" HEIGHT="27">
							<String ID="string_267" HPOS="168" VPOS="1285" WIDTH="73" HEIGHT="20" WC="0.96" CONTENT="kunna"/><SP WIDTH="16" VPOS="1285" HPOS="241"/>
							<String ID="string_268" HPOS="257" VPOS="1285" WIDTH="84" HEIGHT="26" WC="0.94" CONTENT="bevilja."/><SP WIDTH="29" VPOS="1285" HPOS="341"/>
							<String ID="string_269" HPOS="370" VPOS="1285" WIDTH="40" HEIGHT="26" WC="0.96" CONTENT="Jag"/><SP WIDTH="15" VPOS="1285" HPOS="410"/>
							<String ID="string_270" HPOS="425" VPOS="1291" WIDTH="61" HEIGHT="14" WC="0.93" CONTENT="anser"/><SP WIDTH="15" VPOS="1291" HPOS="486"/>
							<String ID="string_271" HPOS="501" VPOS="1285" WIDTH="83" HEIGHT="20" WC="0.92" CONTENT="derföre"/><SP WIDTH="16" VPOS="1285" HPOS="584"/>
							<String ID="string_272" HPOS="600" VPOS="1286" WIDTH="6" HEIGHT="19" WC="0.96" CONTENT="i"/><SP WIDTH="16" VPOS="1286" HPOS="606"/>
							<String ID="string_273" HPOS="622" VPOS="1285" WIDTH="69" HEIGHT="20" WC="0.96" CONTENT="likhet"/><SP WIDTH="15" VPOS="1285" HPOS="691"/>
							<String ID="string_274" HPOS="706" VPOS="1285" WIDTH="48" HEIGHT="19" WC="0.96" CONTENT="med"/><SP WIDTH="15" VPOS="1285" HPOS="754"/>
							<String ID="string_275" HPOS="769" VPOS="1284" WIDTH="53" HEIGHT="20" WC="0.93" CONTENT="Herr"/><SP WIDTH="10" VPOS="1284" HPOS="822"/>
							<String ID="string_276" HPOS="832" VPOS="1284" WIDTH="83" HEIGHT="20" WC="0.89" CONTENT="Meche-"/>
						</TextLine>
						<TextLine ID="line_34" HPOS="168" VPOS="1319" WIDTH="747" HEIGHT="26">
							<String ID="string_277" HPOS="168" VPOS="1319" WIDTH="28" HEIGHT="19" WC="0.95" CONTENT="lin"/><SP WIDTH="16" VPOS="1319" HPOS="196"/>
							<String ID="string_278" HPOS="212" VPOS="1321" WIDTH="31" HEIGHT="18" WC="0.96" CONTENT="att"/><SP WIDTH="22" VPOS="1321" HPOS="243"/>
							<String ID="string_279" HPOS="265" VPOS="1319" WIDTH="88" HEIGHT="20" WC="0.96" CONTENT="ärendet"/><SP WIDTH="22" VPOS="1319" HPOS="353"/>
							<String ID="string_280" HPOS="375" VPOS="1319" WIDTH="64" HEIGHT="21" WC="0.96" CONTENT="borde"/><SP WIDTH="23" VPOS="1319" HPOS="439"/>
							<String ID="string_281" HPOS="462" VPOS="1320" WIDTH="31" HEIGHT="19" WC="0.93" CONTENT="till"/><SP WIDTH="18" VPOS="1320" HPOS="493"/>
							<String ID="string_282" HPOS="511" VPOS="1319" WIDTH="164" HEIGHT="20" WC="0.91" CONTENT="Bankutskottet"/><SP WIDTH="14" VPOS="1319" HPOS="675"/>
							<String ID="string_283" HPOS="689" VPOS="1319" WIDTH="8" HEIGHT="20" WC="0.96" CONTENT="i"/><SP WIDTH="15" VPOS="1319" HPOS="697"/>
							<String ID="string_284" HPOS="712" VPOS="1319" WIDTH="99" HEIGHT="20" WC="0.93" CONTENT="afseende"/><SP WIDTH="16" VPOS="1319" HPOS="811"/>
							<String ID="string_285" HPOS="827" VPOS="1319" WIDTH="12" HEIGHT="19" WC="0.91" CONTENT="å"/><SP WIDTH="15" VPOS="1319" HPOS="839"/>
							<String ID="string_286" HPOS="854" VPOS="1319" WIDTH="61" HEIGHT="26" WC="0.92" CONTENT="afgif-"/>
						</TextLine>
						<TextLine ID="line_35" HPOS="168" VPOS="1353" WIDTH="747" HEIGHT="27">
							<String ID="string_287" HPOS="168" VPOS="1353" WIDTH="69" HEIGHT="20" WC="0.96" CONTENT="vande"/><SP WIDTH="16" VPOS="1353" HPOS="237"/>
							<String ID="string_288" HPOS="253" VPOS="1353" WIDTH="24" HEIGHT="20" WC="0.96" CONTENT="af"/><SP WIDTH="13" VPOS="1353" HPOS="277"/>
							<String ID="string_289" HPOS="290" VPOS="1353" WIDTH="106" HEIGHT="20" WC="0.93" CONTENT="utlåtande"/><SP WIDTH="23" VPOS="1353" HPOS="396"/>
							<String ID="string_290" HPOS="419" VPOS="1354" WIDTH="147" HEIGHT="26" WC="0.90" CONTENT="öfverlemnas,"/><SP WIDTH="23" VPOS="1354" HPOS="566"/>
							<String ID="string_291" HPOS="589" VPOS="1353" WIDTH="40" HEIGHT="20" WC="0.96" CONTENT="och"/><SP WIDTH="20" VPOS="1353" HPOS="629"/>
							<String ID="string_292" HPOS="649" VPOS="1356" WIDTH="24" HEIGHT="18" WC="0.96" CONTENT="är"/><SP WIDTH="15" VPOS="1356" HPOS="673"/>
							<String ID="string_293" HPOS="688" VPOS="1353" WIDTH="61" HEIGHT="20" WC="0.96" CONTENT="äfven"/><SP WIDTH="16" VPOS="1353" HPOS="749"/>
							<String ID="string_294" HPOS="765" VPOS="1353" WIDTH="6" HEIGHT="19" WC="0.96" CONTENT="i"/><SP WIDTH="16" VPOS="1353" HPOS="771"/>
							<String ID="string_295" HPOS="787" VPOS="1353" WIDTH="63" HEIGHT="26" WC="0.96" CONTENT="öfrigt"/><SP WIDTH="15" VPOS="1353" HPOS="850"/>
							<String ID="string_296" HPOS="865" VPOS="1359" WIDTH="50" HEIGHT="13" WC="0.96" CONTENT="ense"/>
						</TextLine>
						<TextLine ID="line_36" HPOS="169" VPOS="1387" WIDTH="745" HEIGHT="27">
							<String ID="string_297" HPOS="169" VPOS="1387" WIDTH="47" HEIGHT="20" WC="0.96" CONTENT="med"/><SP WIDTH="23" VPOS="1387" HPOS="216"/>
							<String ID="string_298" HPOS="239" VPOS="1388" WIDTH="54" HEIGHT="19" WC="0.93" CONTENT="Herr"/><SP WIDTH="22" VPOS="1388" HPOS="293"/>
							<String ID="string_299" HPOS="315" VPOS="1388" WIDTH="104" HEIGHT="20" WC="0.92" CONTENT="Mechelin"/><SP WIDTH="23" VPOS="1388" HPOS="419"/>
							<String ID="string_300" HPOS="442" VPOS="1395" WIDTH="33" HEIGHT="12" WC="0.96" CONTENT="om"/><SP WIDTH="16" VPOS="1395" HPOS="475"/>
							<String ID="string_301" HPOS="491" VPOS="1388" WIDTH="40" HEIGHT="20" WC="0.95" CONTENT="den"/><SP WIDTH="17" VPOS="1388" HPOS="531"/>
							<String ID="string_302" HPOS="548" VPOS="1388" WIDTH="85" HEIGHT="26" WC="0.94" CONTENT="slutliga"/><SP WIDTH="15" VPOS="1388" HPOS="633"/>
							<String ID="string_303" HPOS="648" VPOS="1388" WIDTH="84" HEIGHT="26" WC="0.96" CONTENT="gången"/><SP WIDTH="15" VPOS="1388" HPOS="732"/>
							<String ID="string_304" HPOS="747" VPOS="1387" WIDTH="87" HEIGHT="20" WC="0.96" CONTENT="ärendet"/><SP WIDTH="15" VPOS="1387" HPOS="834"/>
							<String ID="string_305" HPOS="849" VPOS="1387" WIDTH="65" HEIGHT="20" WC="0.96" CONTENT="borde"/>
						</TextLine>
						<TextLine ID="line_37" HPOS="168" VPOS="1420" WIDTH="746" HEIGHT="29">
							<String ID="string_306" HPOS="168" VPOS="1424" WIDTH="55" HEIGHT="24" WC="0.96" CONTENT="taga,"/><SP WIDTH="21" VPOS="1424" HPOS="223"/>
							<String ID="string_307" HPOS="244" VPOS="1422" WIDTH="66" HEIGHT="20" WC="0.95" CONTENT="ehuru"/><SP WIDTH="16" VPOS="1422" HPOS="310"/>
							<String ID="string_308" HPOS="326" VPOS="1423" WIDTH="37" HEIGHT="26" WC="0.96" CONTENT="jag"/><SP WIDTH="16" VPOS="1423" HPOS="363"/>
							<String ID="string_309" HPOS="379" VPOS="1422" WIDTH="67" HEIGHT="21" WC="0.95" CONTENT="finner"/><SP WIDTH="16" VPOS="1422" HPOS="446"/>
							<String ID="string_310" HPOS="462" VPOS="1423" WIDTH="35" HEIGHT="20" WC="0.96" CONTENT="det"/><SP WIDTH="15" VPOS="1423" HPOS="497"/>
							<String ID="string_311" HPOS="512" VPOS="1429" WIDTH="50" HEIGHT="13" WC="0.96" CONTENT="vara"/><SP WIDTH="18" VPOS="1429" HPOS="562"/>
							<String ID="string_312" HPOS="580" VPOS="1422" WIDTH="31" HEIGHT="20" WC="0.96" CONTENT="för"/><SP WIDTH="16" VPOS="1422" HPOS="611"/>
							<String ID="string_313" HPOS="627" VPOS="1421" WIDTH="64" HEIGHT="27" WC="0.96" CONTENT="tidigt"/><SP WIDTH="14" VPOS="1421" HPOS="691"/>
							<String ID="string_314" HPOS="705" VPOS="1423" WIDTH="30" HEIGHT="18" WC="0.96" CONTENT="att"/><SP WIDTH="15" VPOS="1423" HPOS="735"/>
							<String ID="string_315" HPOS="750" VPOS="1427" WIDTH="27" HEIGHT="13" WC="0.96" CONTENT="nu"/><SP WIDTH="15" VPOS="1427" HPOS="777"/>
							<String ID="string_316" HPOS="792" VPOS="1420" WIDTH="71" HEIGHT="21" WC="0.93" CONTENT="derom"/><SP WIDTH="17" VPOS="1420" HPOS="863"/>
							<String ID="string_317" HPOS="880" VPOS="1420" WIDTH="34" HEIGHT="20" WC="0.92" CONTENT="be-"/>
						</TextLine>
					</TextBlock>
				</ComposedBlock>
			</PrintSpace>
		</Page>
	</Layout>
</alto>
