1039 1692
194 143 38 32 236
480 147 41 17 Den
541 148 8 16 1
569 148 53 17 Mars.

242 206 118 26 Föredrogs
379 207 30 19 ett
428 206 23 20 af
467 206 53 20 Herr
539 206 139 27 Björksten
700 206 118 20 framstäldt
838 206 38 20 och
895 206 31 20 till

174 240 70 20 denna
262 239 42 27 dag
322 240 112 26 bordlagdt
450 241 179 26 petitionsförslag
644 247 35 13 om
695 243 85 17 räntans
795 240 131 27 frigörande;

174 274 40 20 och
232 274 104 27 begärdes
352 275 72 20 härom
440 275 61 20 ordet
516 276 23 19 af

242 308 54 20 Herr
315 309 139 26 Mechelin,
473 315 44 13 som
537 309 95 27 yttrade:
651 309 42 27 Jag
712 309 37 20 ber
768 311 30 19 att
812 310 21 20 få
848 310 26 26 på
890 310 35 19 det

174 344 104 18 varmaste
298 343 90 26 förorda,
408 345 31 18 att
458 343 88 20 Ståndet
564 344 50 20 ville
634 344 136 26 understödja
788 344 70 20 denna
873 344 51 26 peti-

174 378 122 26 tionsfråga.
326 378 38 20 Att
378 384 24 13 ur
418 378 109 26 principiel
543 378 108 26 synpunkt
667 378 74 20 bevisa
754 379 170 26 rättmätigheten

172 412 24 20 af
215 414 85 18 räntans
324 412 62 20 frihet
407 412 60 20 torde
488 412 103 27 knappast
609 412 112 26 erfordras,
741 412 26 20 då
786 413 41 19 den
846 412 78 20 ekono-

174 446 69 20 miska
254 447 144 25 vetenskapen
412 447 64 19 redan
488 449 22 17 är
519 446 71 21 derom
600 453 57 13 ense.
673 447 49 19 Men
736 453 23 13 ur
770 446 95 26 praktisk
876 453 48 20 syn-

175 481 67 26 punkt
262 481 100 27 förtjenar
381 481 118 20 emellertid
518 481 73 27 frågan
607 481 77 20 kanske
698 482 43 25 just
753 481 31 19 för
795 480 130 20 närvarande

174 515 78 27 speciel
267 515 193 27 uppmärksamhet.
475 516 40 18 Det
529 516 37 19 har
582 515 107 27 nemligen
704 515 64 20 redan
785 522 26 12 nu
823 515 53 19 visat
886 514 38 26 sig,

174 551 30 18 att
218 549 41 20 den
270 549 7 19 i
288 549 91 20 Finland
393 549 99 27 gällande
507 549 48 27 låga
568 549 119 20 räntefoten
698 550 7 18 i
716 549 98 27 förening
825 548 47 21 med
884 548 39 20 den

174 590 42 20 nog
231 583 72 21 starka
317 584 176 26 tillströmningen
509 583 22 20 af
540 584 104 26 kapitaler
655 584 30 19 till
697 583 80 20 sådana
787 584 138 26 placeringar,

176 626 44 12 som
248 619 19 25 ej
288 621 74 24 utgöra
382 618 64 27 något
466 618 69 20 direkt
552 618 46 20 stöd
619 618 32 20 för
666 618 199 26 företagsamheten,
889 617 36 20 har

177 652 63 20 väckt
259 652 187 27 uppmärksamhet
461 652 27 26 på
506 653 66 19 andra
589 654 63 18 orter.
683 652 49 26 Nya
751 652 81 20 banker
842 654 36 17 äro
888 651 36 27 på-

176 687 84 25 tänkta;
276 687 32 20 för
322 694 27 13 en
363 689 42 18 stor
416 687 65 20 sådan
493 687 37 19 har
542 687 67 26 oktroj
622 686 65 20 redan
699 686 70 20 blifvit
779 686 53 26 sökt,
844 686 38 20 och
893 685 31 20 för

176 722 66 20 andra
261 721 43 21 lära
320 722 79 19 sådana
414 722 143 26 ansökningar
572 728 51 13 vara
637 721 7 19 i
660 721 126 27 görningen.

245 755 39 20 Om
310 756 65 20 också
398 756 61 20 dessa
481 756 81 26 företag
584 755 149 27 förnämligast
755 755 129 20 framkallats
906 755 22 19 af

175 790 81 19 önskan
275 792 30 18 att
323 793 51 24 göra
394 791 54 19 vinst
464 790 26 26 på
505 790 187 20 aktieemissionen
708 790 39 19 och
765 790 80 20 mindre
860 789 23 20 af
896 789 29 20 in-

176 825 65 18 tresse
257 824 32 19 för
305 824 75 26 sjelfva
395 824 210 20 kreditanstalternes
620 824 120 26 framgång,
756 823 22 20 så
790 824 66 19 måste
866 824 60 19 dessa

176 858 55 20 dock
247 858 57 21 lefva
319 859 39 19 och
374 865 93 20 operera.

245 893 32 19 De
296 893 60 20 torde
375 893 63 20 hafva
453 893 35 20 sitt
503 893 108 26 egentliga
626 892 132 27 ögonmärke
774 893 26 25 på
811 892 115 27 penninge-

176 927 129 20 marknaden
321 928 6 19 i
343 927 30 20 S:t
388 927 131 26 Petersburg.
549 928 9 19 I
569 927 106 27 Ryssland
686 927 60 20 torde
757 927 106 27 nemligen
876 927 49 20 tills-

176 962 72 20 vidare
268 962 51 27 inga
337 968 42 20 nya
398 961 150 27 privatbanker
569 961 64 21 blifva
654 961 141 26 oktrojerade.
826 961 47 20 Man
889 961 37 20 har

176 997 40 19 fäst
232 997 32 26 sig
280 997 35 19 vid
331 997 46 19 atti
388 996 90 20 Finland
489 998 56 18 stora
556 1002 92 14 summor
659 995 72 20 kunna
742 996 118 25 uppsamlas
871 995 31 20 till
914 997 12 19 4

177 1032 32 26 /,.
223 1031 188 26 Utläningsräntan
422 1031 7 19 i
443 1031 30 19 S:t
482 1031 125 26 Petersburg
622 1031 38 18 har
675 1031 7 18 i
694 1030 51 20 flere
757 1030 21 19 är
791 1030 59 20 hållit
860 1031 32 26 sig
904 1031 22 20 sä

176 1066 52 26 högt
242 1071 46 14 som
304 1066 10 19 7
330 1066 12 18 &
354 1065 25 19 10
391 1064 32 27 %,.
446 1065 112 26 Ingenting
574 1071 50 14 vore
640 1064 89 20 sålunda
745 1065 93 25 enklare,
854 1067 27 17 än
896 1068 30 18 att

176 1101 49 24 taga
239 1098 27 20 de
276 1099 74 26 billiga
360 1099 79 20 Finska
450 1099 131 26 kapitalerna
591 1099 39 20 och
642 1098 85 27 placera
739 1099 47 20 dem
797 1099 7 20 i
814 1099 110 27 Ryssland.

176 1133 39 20 Om
227 1133 58 20 detta
295 1133 32 20 fär
336 1133 92 26 fortfara,
439 1133 40 20 blir
490 1133 78 26 följden
580 1133 48 26 den,
639 1134 31 18 att
681 1133 50 20 vära
742 1133 54 20 förut
804 1134 124 27 obetydliga

176 1167 224 27 penningetillgängar
417 1167 86 20 alldeles
522 1167 27 26 gå
568 1175 23 12 ur
610 1167 80 26 landet,
711 1168 39 19 och
771 1167 26 21 de
816 1168 111 21 inhemska

176 1201 104 21 affärerne
296 1204 74 17 stanna
386 1202 27 25 pä
428 1202 35 19 det
478 1204 61 17 torra.
569 1202 48 19 Man
634 1201 42 20 kan
693 1202 124 26 visserligen
828 1203 98 26 invända,

176 1238 29 18 att
224 1242 27 13 en
272 1236 64 19 sädan
355 1235 46 20 fara
419 1236 37 19 har
475 1236 76 20 funnits
567 1236 65 20 redan
649 1235 62 26 förut,
727 1236 27 19 dä
769 1239 73 17 räntan
858 1237 69 20 säsom

177 1269 127 27 bemärktes,
324 1270 66 19 redan
410 1277 26 13 en
455 1270 49 27 läng
523 1271 30 19 tid
572 1270 50 20 stätt
641 1270 66 27 högre
726 1271 6 18 i
753 1270 104 26 Ryssland
876 1273 26 17 än
921 1272 6 19 i

176 1303 97 21 Finland.
303 1304 41 19 Det
366 1304 38 19 har
426 1304 54 20 dock
503 1305 67 26 enligt
587 1305 44 19 min
650 1304 55 27 äsigt
725 1304 55 20 förut
800 1305 78 20 funnits
898 1307 29 18 ett

176 1338 110 21 korrektiv
302 1340 56 18 emot
374 1344 27 14 en
417 1339 63 20 sädan
497 1339 44 20 fara
557 1339 38 20 och
611 1339 60 20 detta
686 1339 38 19 har
739 1339 55 20 varit
804 1339 39 20 den
855 1339 73 27 Ryska

176 1373 89 20 kursens
285 1372 119 21 osäkerhet.
435 1373 47 20 Men
502 1379 86 14 numera
607 1373 39 20 har
665 1373 36 20 det
719 1373 73 27 Ryska
812 1375 115 26 penninge-

177 1407 102 20 väsendet
299 1407 73 19 vunnit
387 1408 67 19 större
469 1407 73 26 stadga
557 1407 39 20 och
612 1407 123 20 förtroende
750 1408 7 19 i
773 1408 100 27 utlandet,
889 1410 39 19 och

176 1442 78 19 kursen
274 1441 38 20 har
330 1441 61 20 hällit
406 1442 32 26 sig
454 1441 22 20 sä
488 1441 65 27 jemn,
570 1444 29 17 att
615 1442 37 19 det
667 1448 64 20 synes
747 1448 50 14 vara
812 1443 48 20 med
876 1444 51 19 min-
