1039 1692
392 141 39 17 Den
447 141 20 16 15
482 141 94 17 Februari,
826 144 22 16 77

121 200 67 23 äfven,
203 200 6 18 i
225 198 100 21 händelse
344 198 70 20 denna
430 200 91 24 jernväg
545 198 93 20 utfördes
661 199 24 19 af
701 199 80 21 Finska
795 204 76 27 staten,

121 232 31 20 till
168 233 18 25 ej
201 233 59 26 ringa
282 233 33 19 del
333 232 95 20 nedsätta
444 233 26 19 de
481 232 33 20 för
529 232 84 20 Statens
629 233 65 19 redan
711 233 109 28 befintliga
836 236 34 19 ba-

121 272 38 14 nor
178 266 76 27 nödiga
274 266 120 20 underhälls
415 267 39 19 och
475 266 69 26 öfriga
563 266 123 24 kostnader,
703 270 51 17 enär
769 268 65 21 kändt
850 273 22 16 är

120 302 30 17 att
165 306 24 13 en
204 301 72 26 längre
296 300 126 20 bansträeka
442 300 167 26 proportionsvis
629 304 23 16 är
675 301 97 27 billigare
790 305 30 17 att
834 310 36 13 un-

121 333 97 26 derhälla,
234 338 26 16 än
275 340 25 14 en
316 335 91 22 kortare,
424 334 53 26 väga
492 334 22 20 vi
530 337 171 23 representanter
716 336 33 19 för
763 337 105 20 Tammer-

119 369 42 18 fors
182 368 44 20 stad
250 369 36 19 hos
308 368 114 27 Välloflige
444 368 89 20 Ständet
555 369 92 25 anhälla,
671 371 30 17 att
721 370 36 20 det
772 372 49 20 ville
836 373 34 25 sig

119 402 70 20 förena
212 402 46 20 med
281 408 33 14 oss
337 408 33 14 om
394 409 26 13 en
442 402 131 26 underdänig
589 404 98 24 petition,
703 406 30 17 att
749 405 55 20 Hans
819 406 49 26 Kej-

119 436 75 26 serliga
208 436 102 26 Majestät,
326 436 70 20 derest
412 437 26 19 de
454 443 107 19 personer,
577 444 45 12 som
643 437 85 20 erhällit
746 440 122 20 concession

120 470 31 19 för
166 470 117 20 utförandet
304 471 23 19 af
344 470 119 27 jernvägen
486 470 91 20 emellan
601 472 130 20 Tavastehus
751 473 37 20 och
808 474 61 20 Tam-

121 504 92 26 merfors,
229 505 47 19 icke
292 504 90 27 fullgöra
397 505 61 19 deras
477 504 106 27 åtagande
603 506 58 19 inom
677 506 139 21 föreskrifven
833 509 36 25 tid,

117 538 48 20 icke
181 538 61 20 måtte
257 539 124 26 ytterligare
397 539 78 25 bevilja
491 538 48 20 dem
555 538 100 28 förlängd
671 540 29 20 tid
713 540 31 20 till
755 541 113 27 företagets

117 572 114 26 utförande,
247 573 38 19 och
301 575 31 17 att
346 573 58 19 Hans
419 572 121 26 Kejserliga
554 573 99 26 Majestät
669 574 50 20 ville
735 575 31 19 till
784 576 82 20 landets

117 614 27 12 nu
164 607 124 19 församlade
311 607 90 20 Ständer
419 607 111 19 inkomma
545 608 47 19 med
609 608 132 26 proposition
757 612 29 17 att
804 610 3 20 i
823 617 43 13 om-

116 640 101 21 förmälde
240 641 100 19 händelse
363 641 73 26 anslag
457 640 65 20 måtte
544 641 85 19 anvisas
645 641 22 19 ät
681 642 72 20 Staten
769 644 29 19 till
815 644 52 27 byg-

116 674 78 26 gandet
216 675 23 20 af
258 675 90 20 nämnde
369 675 97 26 jernväg.
496 675 134 27 Helsingfors
654 676 41 19 den
720 677 25 19 15
768 678 99 20 Februari

118 709 59 19 1872.

105 757 33 3 —
160 762 4 2 ...
181 744 89 20 Fredrik
286 744 100 25 Procop6.
577 744 22 19 L.
615 744 19 19 J.
650 744 147 21 Hammarén.”

182 778 45 20 Och
246 778 100 19 förenade
366 778 33 26 sig
419 778 165 25 petitionärerne
604 778 31 20 för
652 778 65 27 öfrigt
732 780 47 20 med
795 787 70 19 repre-

115 814 133 18 sentanterne
263 813 31 18 för
309 805 47 26 Äbo
372 812 47 20 stad
434 812 29 19 uti
480 811 55 20 hvad
551 811 68 27 desse,
635 812 8 20 i
659 812 36 20 det
709 813 23 19 af
741 814 47 20 dem
802 814 62 20 fram-

115 846 75 20 ställda
205 845 177 27 petitionsförslag
397 846 6 19 i
419 845 102 20 liknande
540 846 62 25 syfte,
623 848 66 24 yttrat
705 853 32 13 om
759 849 61 18 sättet
834 848 33 20 för

116 879 135 21 anskaffande
267 879 22 20 af
302 879 69 20 medel
389 880 30 19 till
432 879 219 27 jernvägsföretagets
667 880 115 21 utförande.

183 911 69 22 Äfven
269 914 57 19 detta
342 914 78 19 ärende
436 913 69 20 skulle
521 913 134 27 bordläggas.

183 948 52 19 Herr
251 948 157 20 Talmannen
425 948 99 25 föredrog
539 954 27 12 nu
583 949 40 18 den
640 948 25 19 af
676 948 78 21 Herrar
768 949 96 26 Nylan-

117 983 43 19 der
176 983 37 19 och
230 981 134 20 Molander
382 981 120 26 skriftligen
523 982 74 25 gjorda
619 982 40 19 och
675 982 40 19 den
734 984 24 19 13
775 984 6 19 i
796 984 69 19 denne

118 1016 74 20 mänad
208 1015 115 27 bordlagda
338 1015 155 26 framställning
509 1021 32 14 om
559 1016 130 26 vidtagande
705 1016 22 19 af
735 1017 74 26 ätgärd
820 1018 45 19 der-

117 1050 38 25 till,
169 1052 29 17 att
212 1049 177 26 Borgareständet
404 1049 112 20 framdeles
532 1049 70 20 blefve
621 1051 170 24 representeradt
805 1052 7 19 i
834 1052 30 19 öf-

117 1084 193 20 verensstämmelse
330 1083 47 20 med
394 1084 109 19 städernes
518 1085 54 18 rätta
587 1083 170 27 innevänaretal;
775 1085 39 20 och
830 1085 34 20 be-

117 1118 74 26 gärdes
206 1117 60 20 ordet
280 1117 74 20 härvid
370 1118 23 19 af

182 1152 53 19 Herr
249 1151 139 23 Mechelin,
404 1158 45 14 som
464 1151 95 27 yttrade:
589 1151 33 20 Dä
638 1152 36 19 det
689 1153 49 18 utan
755 1153 71 20 tvifvel
842 1157 22 16 är

117 1188 30 18 ett
167 1186 79 26 ganska
268 1185 144 27 egendomligt
434 1185 132 20 förhällande
582 1188 31 17 att
631 1185 151 27 folkmängden
798 1187 66 27 enligt

118 1220 246 25 mantalsförteckningen
381 1220 6 19 i
405 1220 76 26 många
495 1219 24 20 af
531 1219 82 20 landets
629 1220 72 19 städer
712 1219 105 28 betydligt
827 1228 37 13 un-

121 1255 100 26 derstiger
245 1254 39 19 den
312 1253 132 27 folkmängd,
473 1260 45 13 som
548 1254 44 19 dels
616 1253 130 21 verkställda
776 1255 91 20 folkräk-

118 1289 79 25 ningar,
212 1288 44 20 dels
271 1287 178 27 kyrkoböckerna
464 1288 74 25 utvisa,
555 1288 38 19 och
603 1288 27 19 dä
639 1288 79 19 antalet
728 1289 24 19 af
763 1289 101 26 Borgare-

118 1322 91 21 ständets
225 1322 115 19 ledamöter
354 1324 24 16 är
393 1322 147 26 väsendtligen
557 1321 108 20 beroende
681 1322 64 26 deraf,
767 1325 29 17 att
810 1323 54 20 folk-

117 1356 102 25 mängden
235 1358 22 17 är
272 1358 40 17 rätt
327 1355 135 26 upptecknad
477 1357 6 18 i
500 1355 214 27 mantalslängderna,
730 1356 23 20 sä
774 1359 41 18 tror
827 1358 37 26 jag

119 1390 34 19 det
174 1389 46 20 icke
242 1389 40 20 kan
306 1391 64 18 annat
392 1392 26 17 än
442 1390 63 19 lända
528 1389 65 21 saken
613 1390 31 19 till
661 1396 62 19 gagn,
739 1397 34 13 om
789 1391 39 20 den
844 1392 24 19 af

118 1423 74 20 Herrar
207 1423 107 20 Molander
330 1423 39 19 och
384 1423 109 26 Nylander
509 1423 126 20 framhällna
651 1423 73 26 frägan
745 1431 68 14 vunne
829 1426 35 19 nä-

79 760 25 9 N,

53 770 24 10 —
