1039 1692
420 110 38 17 Den
472 110 21 17 25
506 110 53 18 Mars.
804 112 34 17 439

114 175 37 13 var
166 168 35 20 det
216 167 47 21 icke
278 168 60 26 fråga
354 175 32 13 om
403 168 175 20 kommissionens
597 170 193 26 sammansättning,
811 171 48 19 utan

114 210 33 13 om
164 202 47 20 dess
226 202 103 26 ändamål,
346 202 82 20 hvilket
442 202 132 27 obestridligt
589 203 81 27 ganska
691 204 76 26 tydligt
786 204 73 19 uttala-

113 238 46 24 des;
182 237 39 20 och
245 237 65 19 ehuru
333 237 41 26 det,
398 237 65 20 under
486 237 149 27 förutsättning
649 239 30 18 att
694 237 88 21 Ståndet
800 244 60 14 anses

114 272 62 20 hafva
198 272 83 19 anslutit
304 272 32 26 sig
359 271 31 20 till
406 272 53 19 Herr
477 272 157 26 Montgomerys
650 272 135 26 reservation,
800 272 60 20 torde

115 312 49 14 vara
186 306 32 20 för
240 308 46 18 sent
308 308 30 18 att
360 308 51 25 göra
433 306 140 27 anmärkning
592 308 57 18 emot
667 307 35 19 det
717 308 47 24 sätt,
782 306 79 27 hvarpå

114 340 164 20 kommissionen
300 340 68 27 enligt
391 340 90 20 nämnde
500 342 128 19 reservation
646 341 64 20 borde
726 343 134 18 sammansät-

115 377 36 23 tas,
168 381 61 14 anser
241 375 37 27 jag
294 375 42 27 mig
352 375 51 20 böra
418 375 53 19 fästa
487 375 186 26 uppmärksamhet
687 375 28 26 på
729 377 31 18 att
774 375 44 19 skäl
831 375 30 20 till

114 416 25 13 en
156 409 64 20 sådan
236 409 140 27 anmärkning
392 409 73 25 finnes,
481 409 32 20 för
529 410 38 20 den
584 410 101 20 händelse
695 410 88 20 Ståndet
793 409 67 21 skulle

115 444 57 20 finna
186 444 74 26 nödigt
275 446 30 18 att
320 444 56 26 ånyo
391 446 92 24 upptaga
498 444 40 20 den
555 444 62 20 delen
633 445 22 19 af
668 444 81 26 frågan.

181 478 53 20 Herr
249 478 123 20 Jansson:
397 478 41 20 För
460 478 41 20 min
523 478 34 20 del
576 479 49 19 ville
638 479 38 26 jag
694 478 116 26 hemställa,
826 485 35 13 om

114 513 18 25 ej
149 512 44 20 från
216 512 215 27 protokollsutdraget
453 513 64 20 borde
540 513 100 20 uteslutas
655 513 36 20 det
711 513 105 26 yttrande,
831 514 30 18 att

115 546 159 22 förhållandena
289 548 67 19 skulle
373 547 127 20 fortfarande
524 548 84 19 komma
622 549 31 18 att
667 547 99 21 förblifva
783 547 78 21 sådana

115 584 26 20 de
156 590 27 13 nu
200 586 42 17 äro.
271 583 110 19 Dessutom
398 582 59 26 ingår
473 584 29 17 ett
518 582 106 20 attalande
640 582 23 19 af
671 582 88 20 Ståndet
769 582 90 26 angåen-

115 619 26 19 de
157 617 69 21 denna
240 617 38 20 sak
294 616 65 21 också
374 617 6 19 i
396 618 70 18 svaret
480 616 27 26 på
523 616 40 20 den
579 616 102 20 särskilda
696 616 88 26 petition
800 616 6 20 i
819 619 41 17 äm-

115 655 41 24 net,
178 659 45 13 som
246 652 57 20 inom
325 651 158 20 Bondeståndet
504 651 127 25 framställts,
647 651 6 19 i
669 651 35 20 det
727 652 29 18 att
775 650 87 21 Ståndet

114 688 108 26 godkännt
244 686 111 20 utskottets
378 685 133 20 betänkande
527 686 6 19 i
550 685 69 20 denna
641 685 40 26 del,
700 685 82 20 hvilket
804 686 58 18 inne-

116 722 70 25 håller,
202 724 30 17 att
248 720 158 21 vederbörande
421 720 98 20 hänvisas
534 721 30 18 att
578 719 92 27 lagligen
689 719 69 20 utföra
777 720 39 19 den
833 721 28 18 ta-

117 758 32 19 lan
165 757 6 19 i
187 756 73 26 saken,
275 755 85 20 hvartill
376 755 25 19 de
416 754 71 20 kunna
503 760 50 13 anse
568 754 32 26 sig
615 753 111 27 befogade.

184 791 68 20 Sedan
276 789 147 21 diskussionen
439 789 6 19 i
461 790 71 18 ämnet
555 788 111 20 förklarats
685 788 95 26 afslutad,
800 788 62 20 fram-

117 826 75 20 ställde
213 826 53 19 Herr
289 824 158 20 Talmannen
471 823 48 19 med
539 822 86 26 ledning
648 823 23 18 af
684 823 55 19 hvad
759 822 103 21 derunder

116 861 79 26 yrkats,
211 859 93 26 följande

183 893 177 27 Proposition:
384 891 128 20 Godkänner
540 890 87 21 Ständet
649 890 215 27 protokollsutdraget

117 931 73 19 sädant
212 929 35 20 det
270 935 26 12 nu
320 927 69 20 blifvit
411 925 94 27 uppläst?
527 925 52 20 eller
594 925 37 20 vill
647 925 86 20 Ständet
752 927 30 17 att
796 925 67 20 deruti

117 963 52 21 skall
186 963 105 26 företagas
307 961 69 26 nägon
392 959 137 26 förändring?
559 959 38 26 De,
618 965 45 14 som
682 959 51 26 vilja
753 959 35 20 det
802 959 62 25 förra,

117 1005 60 13 svara
189 998 32 25 ja;
238 997 32 25 de,
287 1003 43 13 som
346 994 68 21 önska
429 995 35 19 det
479 1000 81 19 senare,
576 994 41 25 nej.

184 1031 160 26 Propositionen
360 1029 127 20 besvarades
503 1028 47 20 med
566 1027 157 27 öfvervägande
737 1028 36 25 ja;
788 1027 6 19 i
813 1027 50 26 följd

117 1066 75 21 hvaraf
205 1065 87 21 Ständet
315 1063 131 20 förklarades
468 1062 63 20 hafva
549 1062 95 27 godkänt
665 1061 163 27 formuleringen
844 1061 23 19 af

117 1099 159 28 ifrägavarande
291 1097 198 28 protokollsutdrag.

185 1134 79 20 Vidare
281 1133 105 26 upplästes
401 1132 32 19 till
446 1131 111 26 justering,
571 1131 8 19 i
595 1131 99 20 afseende
713 1130 12 19 &
742 1130 122 25 expedition

118 1170 30 20 till
165 1168 158 21 vederbörande
338 1167 86 25 utskott,
440 1166 97 21 Ständets
553 1165 106 26 protokoll
675 1165 23 20 af
711 1165 39 19 den
772 1165 21 19 [4
815 1165 49 19 den-

119 1211 36 14 nes
170 1204 59 19 öfver
244 1203 41 19 den
301 1203 6 18 i
323 1201 117 26 anledning
455 1200 23 21 af
490 1201 58 19 Hans
566 1199 119 27 Kejserliga
704 1199 105 26 Majestäts
824 1198 41 20 Nä-

119 1240 49 26 diga
183 1237 128 27 proposition
328 1242 33 13 om
378 1236 94 27 grunden
493 1235 31 19 för
544 1233 168 28 tolagsafgiftens
731 1232 135 21 beräknande

119 1273 59 20 förda
193 1271 125 21 diskussion.

186 1307 54 19 Herr
256 1305 159 20 Talmannen
439 1303 124 20 meddelade
585 1302 88 21 Ständet
695 1303 30 18 ett
746 1301 45 20 från
810 1301 56 26 Hög-

119 1343 69 24 loflige
211 1340 155 25 Ridderskapet
388 1339 39 19 och
451 1338 69 20 Adeln
536 1337 122 20 ankommet
676 1335 192 27 protokollsutdrag

119 1377 23 20 af
155 1376 39 20 den
213 1375 24 20 19
253 1375 7 18 i
276 1375 69 19 denne
361 1373 82 26 mänad,
459 1372 145 21 innefattande
622 1370 96 21 bemälde
738 1369 74 21 Ständs
832 1369 34 20 be-

119 1412 45 25 slut,
179 1411 7 19 i
202 1409 114 26 anledning
332 1408 23 20 af
367 1407 114 20 Allmänna
500 1405 202 22 Besvärsutskottets
726 1399 139 36 betänkande,
