1039 1692
198 135 23 18 48
471 137 40 18 Den
525 138 20 16 13
558 138 93 17 Februari.

245 194 69 20 Sedan
339 195 178 26 Borgareståndet
538 196 89 20 sålunda
644 196 6 19 i
672 196 70 20 denna
761 194 58 27 fråga
842 194 84 20 beslutit

176 231 31 17 att
222 231 77 24 antaga
314 229 137 20 omförmälde
467 230 146 26 underdåniga
627 230 71 20 adress
707 229 68 20 såsom
786 229 40 20 den
838 232 22 16 är
871 228 53 20 före-

177 263 73 26 slagen
266 263 23 19 af
302 263 26 19 de
344 263 31 19 för
390 263 75 20 sådant
481 264 98 20 ändamål
595 264 60 20 valde
674 264 164 19 medlemmarne
858 263 23 19 af
899 263 25 19 de

176 296 97 21 enskilde
296 297 98 24 Ständen,
418 298 40 20 och
481 300 29 18 att
525 298 99 20 adressen
648 298 67 20 skulle
734 298 140 19 öfverlemnas
894 296 31 20 till

176 331 56 20 Hans
248 331 113 20 Excellens
377 331 224 27 Generalguvernören
617 332 24 20 af
656 332 203 20 Landtmarskalken
885 330 39 20 och

175 366 105 19 Ständens
303 365 95 26 'Talmän,
421 366 68 20 skulle
512 367 61 19 dessa
596 366 67 20 beslut
685 366 107 20 meddelas
816 365 26 20 de
857 364 67 26 öfrige

175 399 92 20 Ständen
284 406 75 20 genom
376 400 40 19 den
432 400 129 26 deputation,
577 407 45 13 som
637 401 64 19 redan
718 400 68 20 blifvit
802 399 74 20 utsedd
895 400 30 18 att

175 434 94 26 delgifva
277 434 138 20 Medständen
424 434 188 27 Borgareständets
621 434 116 26 afböjande
752 440 48 14 svar
815 434 12 19 å
843 433 81 20 Bonde-

174 468 95 20 ständets
287 468 125 27 inbjudning
428 469 6 19 i
450 469 93 19 ärendet.

245 502 29 19 Pä
296 502 54 20 Herr
373 502 172 21 Talmannens
568 504 78 26 förslag
669 503 86 25 beslöts,
777 504 31 18 att
827 502 97 20 Ständets

174 536 138 20 sessionsrum
328 536 67 20 skulle
410 537 62 19 äfven
489 537 12 19 &
516 538 26 19 de
558 538 54 19 tider
627 538 27 20 dä
673 538 85 26 plenum
774 537 19 26 ej
809 539 51 24 äger
878 543 45 12 rum

174 571 66 19 hällas
258 571 129 27 tillgängligt
402 571 31 19 för
448 571 98 20 Ständets
562 572 137 20 medlemmar
714 571 45 20 frän
775 571 28 19 kl.
826 571 67 19 10—2
909 570 13 20 f.

173 612 27 13 m.
224 605 39 20 och
287 606 53 19 5—7
358 612 17 13 e.
400 612 25 13 m.
442 606 31 19 för
495 607 30 18 att
541 606 88 20 sälunda
647 606 79 20 bereda
743 604 177 21 Ständsmedlem-

173 646 71 13 marne
261 639 82 20 tillfälle
359 641 29 18 att
402 641 50 25 taga
467 640 120 20 kännedom
603 646 33 14 om
653 640 116 25 bordlagda
788 639 95 20 ärender.

240 673 59 20 Efter
321 674 97 19 anmälan
442 674 139 20 framställdes
604 674 24 20 af
644 674 161 20 nedannämnde
824 673 98 20 Ständets

172 708 137 19 medlemmar
325 708 92 26 följande
433 708 179 27 petitionsförslag

240 742 23 19 af
276 742 53 19 Herr
344 742 118 26 Nylander:

311 776 54 20 ”Till
380 776 113 26 Välloflige
508 776 184 27 Borgareständet.

240 810 46 20 Den
305 810 109 26 praktiske
434 810 98 20 läkarens
554 810 106 27 ställning,
681 810 123 26 isynnerhet
826 811 7 19 i
852 810 69 20 lands-

170 846 68 24 orten,
263 844 97 20 beröfvar
384 844 76 20 honom
484 845 41 19 den
549 845 112 26 vanligtvis
681 844 49 20 med
745 844 96 26 betydlig
856 843 65 26 peku-

170 879 46 20 niär
238 879 122 26 uppoffring
382 878 123 25 förbundna,
523 879 148 26 möjligheten,
697 880 30 18 att
747 885 55 20 egna
822 877 100 26 tillbörlig

170 913 186 26 uppmärksamhet
378 913 21 19 åt
421 913 32 20 sin
475 913 128 26 vetenskaps
624 913 107 26 framsteg.
761 913 9 19 I
785 919 81 13 samma
880 911 40 20 för-

169 947 107 25 hållande,
292 953 44 13 som
352 947 41 19 han
409 950 23 16 är
447 947 90 20 isolerad
553 947 54 20 ifrån
623 947 148 26 vetenskaplig
790 945 130 26 samfärdsel,

169 982 52 19 ökas
244 981 32 20 för
300 981 77 20 honom
400 981 133 26 svårigheten
558 983 29 18 att
602 981 51 26 följa
677 981 48 20 med
741 981 31 19 sin
792 981 37 20 tid.
859 980 60 20 Hvad

169 1017 41 19 han
226 1015 50 26 sjelf
291 1015 39 20 och
346 1015 6 19 i
368 1015 85 20 främsta
467 1017 90 18 rummet
573 1015 39 20 den
628 1015 176 26 verkningskrets
820 1015 40 19 han
880 1015 40 18 till-

169 1050 38 19 hör
232 1049 74 20 dervid
331 1049 83 25 förlora,
440 1056 61 13 anser
518 1050 37 25 jag
575 1050 43 26 mig
638 1049 83 26 knappt
737 1049 90 20 behöfva
842 1049 79 25 antyda

169 1084 38 19 hos
222 1083 113 26 Välloflige
351 1083 94 26 Ståndet,
461 1089 44 14 som
521 1084 70 19 städse
609 1085 65 25 egnat
692 1090 26 13 en
737 1086 68 23 öppen
826 1083 57 19 blick
899 1083 21 19 åt

169 1117 207 25 framåtskridandet,
401 1119 54 17 samt
477 1124 77 19 genom
576 1118 46 19 sina
648 1117 148 20 medlemmars
811 1117 108 19 samhälls-

168 1151 102 26 ställning
285 1151 48 20 icke
349 1151 77 19 saknar
441 1157 26 14 en
483 1151 49 26 djup
555 1152 63 26 insigt
641 1158 35 13 om
692 1151 41 20 den
748 1151 7 20 i
770 1151 73 26 hvarje
858 1151 62 26 prak-

169 1185 51 20 tiskt
242 1185 55 26 yrke
320 1185 95 19 absoluta
438 1185 191 26 nödvändigheten,
653 1187 31 18 att
707 1185 50 26 följa
772 1185 47 20 med
835 1185 31 19 sin
883 1185 36 20 tid.

168 1219 146 26 Läkareyrket
337 1221 29 24 är,
389 1219 67 19 såsom
472 1219 71 26 kändt,
559 1219 150 20 företrädesvis
725 1221 30 18 ett
769 1219 75 20 sådant
858 1219 61 26 yrke.

167 1253 48 20 Men
232 1264 24 3 —
275 1253 35 20 det
328 1256 23 16 är
370 1253 101 25 derjemte
491 1253 162 28 vetenskapligt.
670 1265 27 2 —
713 1253 93 20 Sålunda
823 1255 24 17 är
862 1253 36 20 det
912 1253 6 19 i

167 1287 105 20 utlandets
290 1289 56 18 stora
360 1287 76 20 härdar
452 1287 31 20 för
498 1287 153 27 vetenskapen,
668 1287 85 20 hvarest
764 1287 101 25 derjemte
876 1293 42 13 ma-

166 1321 85 20 terialet
274 1321 31 19 för
327 1321 47 20 dess
390 1321 109 26 praktiska
514 1322 135 26 tillämpning
664 1321 68 20 finnes
748 1321 170 26 koncentreradt,

167 1355 88 20 läkaren
272 1355 38 20 bör
325 1355 52 20 söka
392 1356 46 25 och,
454 1356 56 19 inom
526 1356 84 19 relativt
625 1356 50 19 kort
690 1355 36 24 tid,
742 1355 42 20 kan
798 1355 56 20 finna
864 1355 55 20 hvad

168 1390 41 19 han
225 1389 39 20 bör
279 1389 58 26 söka,
352 1390 106 26 nemligen
473 1390 32 19 sin
522 1390 112 26 tidsenliga
650 1389 127 26 utbildning,
788 1389 32 19 för
830 1391 30 18 att
871 1389 49 20 fort-

166 1423 89 20 farande
271 1423 47 19 med
336 1423 110 27 framgång
462 1424 71 19 kunna
548 1424 71 19 utöfva
636 1423 151 26 vetenskapen.
