1039 1692
199 138 36 30 108
460 141 41 17 Den
514 141 20 17 17
548 141 95 17 Februari.

176 199 96 21 anhåller
296 200 38 26 jag
354 200 30 18 att
403 199 36 20 det
458 199 64 20 måtte
551 199 127 20 bestämmas
707 199 30 19 till
762 198 51 20 huru
834 198 49 26 lång
899 198 30 20 tid

178 234 182 26 bordläggningen
376 234 123 19 utsträckes.

246 266 70 22 Sedan
330 267 124 27 ytterligare
470 268 76 20 Herrar
561 268 200 26 Neppenström,
778 267 150 20 Gummerus

176 302 40 20 och
231 302 115 20 Höckert
365 302 74 26 begärt
454 302 71 19 vidare
545 302 156 26 bordläggning
716 302 23 19 af
752 301 80 26 frågan,
848 301 78 19 beslöts

177 336 36 20 det
222 336 69 19 skulle
306 336 122 20 densamma
443 336 129 20 fortfarande
587 336 128 26 bordläggas
732 336 31 19 till
778 335 96 26 tisdagen
885 335 41 19 den

178 368 26 22 27
221 369 87 21 dennes.

244 404 120 26 Föredrogs
378 404 123 27 ytterligare
516 401 54 23 Herr
585 404 146 26 Nylanders
748 404 116 26 bordlagda
874 404 52 26 peti-

178 438 135 26 tionsförslag
332 444 34 14 om
385 438 206 27 tillvägabringande
606 438 23 20 af
642 445 27 13 en
686 439 31 19 för
732 438 26 20 de
777 438 69 20 skilda
864 438 62 20 länen

177 472 99 26 inrättad,
292 472 117 26 periodiskt
424 473 197 20 sammanträdande
636 472 174 26 representation.

282 506 66 20 Ordet
363 506 104 27 begärdes
482 507 74 20 härvid
571 507 24 19 af

245 541 55 20 Herr
316 541 140 25 Mechelin,
473 548 44 13 som
531 542 93 25 yttrade:
645 541 33 19 Då
697 540 116 27 petitionen
832 543 22 17 är
874 542 51 18 tem-

178 575 92 27 meligen
286 575 87 20 allmänt
388 575 122 26 framställd,
526 576 23 19 så
564 576 59 19 torde
639 575 36 20 det
690 581 51 13 vara
756 575 73 26 nödigt
844 575 32 19 för
891 575 36 19 det

177 609 87 26 utskott,
280 615 44 14 som
340 609 94 20 kommer
450 611 30 18 att
495 610 105 19 behandla
615 609 47 25 den,
678 611 31 17 att
724 608 68 27 någon
808 608 119 20 diskussion

178 644 73 19 derom
270 644 56 19 förut
344 646 36 24 ägt
394 650 46 13 rum
455 644 31 19 till
501 644 87 26 ledning
603 644 31 19 för
650 643 111 20 utskottets
780 643 148 26 tillgöranden,

180 678 39 19 och
234 677 89 20 föreslår
335 678 37 26 jag
388 678 83 20 derföre
487 680 30 17 att
531 678 41 20 den
588 681 55 16 ännu
659 677 32 20 får
706 677 59 27 ligga
774 677 28 26 på
812 677 75 20 bordet
898 677 31 19 till

180 711 98 27 tisdagen
294 712 40 20 den
352 712 26 20 27
395 712 86 20 dennes.

247 746 10 19 I
273 746 208 20 öfverenstämmelse
497 746 86 20 härmed
599 746 112 20 bordlades
722 746 72 27 frågan
804 747 124 26 ytterligare

179 780 32 19 till
227 780 41 20 den
284 780 27 20 27
327 780 107 20 Februari.

248 814 103 26 Slutligen
362 814 109 26 föredrogs
482 814 36 20 det
527 814 23 20 af
558 814 53 20 Herr
626 815 156 26 Helsingius
792 815 136 25 framställda,

180 847 122 20 sedermera
312 847 115 27 bordlagda
436 849 203 26 petitionsförslaget
649 855 35 13 om
695 849 81 19 lättnad
787 849 31 19 för
829 849 99 20 Tavaste-

179 882 38 19 hus
232 882 47 19 stad
295 882 6 19 i
317 883 264 25 inqvarterinskostnaden.

283 916 9 19 I
308 916 72 27 frågan
395 917 83 25 yttrade
493 917 42 26 sig:

249 949 55 20 Herr
318 950 169 27 Helsingius,
503 957 44 14 som
563 951 124 20 hemställde
699 957 33 14 om
744 951 19 26 ej
774 951 73 27 frågan
859 952 70 20 kunde

180 983 124 26 hänskjutas
319 984 31 19 till
366 984 162 21 Statsutskottet.

247 1017 55 20 Herr
320 1018 127 20 Höckert:
467 1019 82 26 Frågan
569 1019 117 20 behandlar
704 1026 27 13 en
749 1019 126 20 ekonomisk
894 1026 35 13 an-

179 1051 129 26 gelägenhet
322 1052 7 19 i
344 1052 125 27 hufvudsak,
488 1053 39 20 och
547 1053 23 20 af
587 1053 63 20 sådan
673 1053 115 26 anledning
808 1053 68 20 skulle
892 1055 38 26 jag

180 1091 51 14 anse
251 1086 41 19 den
308 1086 51 20 böra
374 1087 32 19 till
424 1087 153 20 Sammansatta
592 1088 63 20 Stats-
676 1088 40 19 och
731 1087 198 21 Ekonomieutskot-

180 1121 30 18 tet
224 1120 126 20 remitteras.

248 1154 54 20 Herr
317 1155 140 26 Cajander:
476 1156 31 19 Då
522 1156 50 20 flere
590 1157 115 25 petitioner
718 1157 3 19 i
733 1163 80 13 samma
823 1157 55 26 syfte
889 1160 40 17 tor-

180 1187 26 20 de
218 1194 50 13 vara
279 1191 30 17 att
319 1189 124 27 införvänta,
459 1190 23 19 så
497 1191 94 19 anhåller
598 1192 38 25 jag
651 1193 31 17 att
697 1191 76 26 frågan
787 1191 69 20 blefve
869 1192 60 19 bord-

181 1222 49 26 lagd
246 1223 43 19 tills
305 1223 78 20 vidare.

247 1256 30 20 På
293 1257 115 20 framställd
424 1259 129 25 proposition
569 1259 78 20 beslöts
663 1259 36 20 det
712 1259 88 20 ärendet
813 1259 75 26 skulle,
904 1260 26 26 på

180 1291 40 18 sätt
238 1290 24 19 af
275 1291 53 20 Herr
343 1291 117 20 Höckert
476 1299 26 13 nu
521 1293 108 26 föreslogs,
650 1293 101 20 förblifva
768 1293 110 26 bordlagdt
894 1294 33 19 till

180 1323 104 27 tisdagen.
298 1325 40 19 Till
352 1327 104 26 justering
471 1327 105 26 upplästes
592 1327 75 26 utdrag
680 1334 23 13 ur
714 1327 98 20 Ståndets
824 1328 104 25 protokoll

178 1357 32 19 för
221 1357 71 20 denna
306 1359 47 26 dag,
367 1360 110 26 angående
489 1361 127 20 tillsättande
627 1361 24 20 af
664 1363 30 18 ett
710 1361 220 26 Expeditionsutskott

178 1392 39 19 och
234 1392 34 19 val
284 1393 23 19 af
320 1393 35 20 två
369 1394 117 20 ledamöter
501 1395 39 20 och
556 1402 26 13 en
597 1395 113 26 suppleant
725 1395 51 20 deri.

247 1426 167 22 Sammanträdet
430 1429 107 26 upphörde
553 1429 28 20 kl.
601 1431 16 18 1.
