1039 1692
420 144 41 18 Den
475 144 9 16 1
498 144 53 17 Mars.
812 144 32 17 235

114 210 26 13 en
156 203 88 26 petition
260 203 6 19 i
282 202 36 20 det
332 202 150 28 egendomliga
497 202 56 26 syfte
569 208 44 14 som
629 202 54 20 afses
700 202 41 20 kan
755 202 112 20 erfordras.

113 237 40 27 Jag
170 238 36 19 ber
222 237 87 20 sålunda
324 236 20 20 få
360 236 107 27 tillstyrka
483 237 99 19 ärendets
598 236 151 20 remitterande
765 236 30 20 till
811 237 54 19 Eko-

116 271 179 21 nomieutskottet.

183 305 54 20 Herr
252 305 134 27 Nylander
402 304 101 20 förenade
519 305 33 27 sig
568 305 47 19 med
631 305 54 20 Herr
700 305 112 20 Mechelin.

183 339 53 20 Herr
251 340 147 19 Wasenius:
414 339 40 27 Jag
470 340 38 19 ber
524 340 74 19 endast
613 339 21 20 få
649 346 94 20 upprepa
758 340 41 19 min
812 340 56 20 förra

115 374 105 25 anhållan,
240 376 28 17 att
288 374 88 20 ärendet
394 374 64 20 måtte
478 374 129 26 bordläggas
627 374 32 19 till
678 373 44 20 åtta
740 374 66 26 dagar
821 374 46 20 här-

116 409 58 19 efter.

183 442 54 20 Herr
252 443 164 20 Gummerus:
436 443 41 27 Jag
492 449 63 14 anser
570 444 43 26 mig
629 443 50 20 böra
694 444 7 18 i
717 443 115 27 anledning
848 444 23 20 af

115 477 55 19 hvad
187 477 38 19 här
235 477 135 20 förekommit
386 477 54 20 fästa
456 478 215 26 uppmärksamheten
684 477 27 26 på
723 478 25 20 53
761 480 10 22 $
783 478 6 19 i
801 478 66 20 landt-

115 511 177 27 dagsordningen,
316 514 43 18 mot
380 512 87 20 hvilken
487 512 124 26 ytterligare
633 511 156 27 bordläggning
810 512 58 20 torde

116 546 70 20 strida.

185 580 53 20 Herr
254 580 158 20 Talmannen
428 580 111 20 anmärkte
555 581 7 19 i
577 580 116 27 anledning
704 580 23 20 af
735 581 54 20 Herr
804 580 64 20 Gum-

117 615 51 19 meri
178 615 121 25 anförande,
314 615 82 25 att
356 610 12 36 $
377 610 21 36 53
413 616 7 18 i
436 614 232 28 landtdagsordningen
685 616 93 26 anginge
794 616 73 20 endast

116 649 82 27 Nädige
214 649 160 27 propositioner,
391 656 48 13 men
455 650 19 26 ej
491 650 120 25 petitioner.

186 683 52 19 Herr
255 684 152 20 Gummerus
423 684 108 26 genmälte
547 683 57 25 härä,
621 686 29 17 att
665 683 203 27 bestämningarne
855 679 16 35 i

117 717 119 27 åberopade
256 720 9 22 $
285 718 67 26 enligt
370 718 52 20 hans
443 718 54 26 äsigt
518 718 62 20 äfven
596 717 71 21 kunde
683 718 105 26 tillämpas
804 718 12 20 &
831 726 36 13 an-

117 751 38 20 dra
172 752 177 26 framställningar
365 755 26 17 än
407 752 190 26 propositionerne.

184 786 54 19 Herr
259 793 38 13 von
318 786 176 27 Zweygberg:
511 786 42 27 Jag
569 788 42 18 tror
627 787 18 25 ej
661 788 30 18 att
706 786 72 27 frägan
794 788 75 20 vinner

118 820 64 27 nägot
206 820 70 27 derpä,
300 823 30 17 att
354 821 40 20 den
418 820 126 27 ytterligare
566 821 133 26 bordlägges,
719 822 97 20 hvarföre
833 823 37 26 jag

118 854 68 20 skulle
202 855 76 19 föreslä
293 856 30 18 att
333 855 40 20 den
384 855 70 20 blefve
467 855 123 19 remitterad
601 855 31 19 till
643 855 227 22 Ekonomieutskottet.

184 888 31 20 Dä
231 889 61 26 ingen
309 889 23 19 af
345 889 98 20 Ständets
460 889 138 20 medlemmar
615 889 71 20 vidare
702 890 94 20 önskade
810 893 58 24 yttra

116 923 32 26 sig
164 923 6 19 i
186 923 80 26 frägan,
282 923 140 20 framställdes
438 923 23 20 af
474 923 53 19 Herr
544 923 159 20 Talmannen
719 924 92 26 följande

185 957 175 26 Proposition:
381 957 58 20 Skall
458 957 90 20 ärendet
563 958 116 19 remitteras
695 958 31 20 till
742 959 127 21 Ekonomie-

117 992 100 19 utskottet
232 991 51 20 eller
299 994 25 17 än
341 991 72 20 vidare
431 991 140 27 bordläggas?
601 992 31 19 De
651 999 45 13 som
711 993 67 19 önska
794 995 74 19 remiss

117 1026 29 19 till
162 1026 221 20 Ekonomieutskottet
398 1032 62 14 svara
473 1027 36 25 ja,
526 1026 26 20 de
568 1032 44 14 som
627 1027 50 25 vilja
687 1027 99 20 ärendets
798 1028 71 20 vidare

118 1060 154 27 bordläggning
292 1067 61 13 svara
373 1061 46 25 nej.
450 1061 32 19 Då
503 1061 159 26 propositionen
679 1060 126 21 besvarades
822 1062 46 20 med

117 1094 156 26 öfvervägande
290 1095 30 25 ja,
340 1095 131 19 förklarades
490 1094 88 21 Ståndet
594 1095 63 19 hafva
674 1094 83 21 beslutit
772 1097 30 18 att
817 1097 52 25 peti-

117 1128 155 27 tionsförslaget
298 1129 68 20 skulle
392 1129 119 20 remitteras
536 1129 31 20 till
591 1129 128 26 behandling
742 1130 23 19 af
785 1129 85 22 Ekono-

119 1163 148 20 mieutskottet.

185 1198 101 27 Företogs
308 1198 30 19 till
359 1197 130 27 behandling
509 1197 56 20 Herr
584 1197 147 20 Molanders
751 1199 31 19 till
802 1199 6 19 i
829 1200 41 27 dag

119 1231 115 27 bordlagda
257 1232 180 27 petitionsförslag
458 1238 33 14 om
512 1231 265 27 Justitiedepartementets
797 1233 6 20 i
821 1234 49 27 Kej-

117 1266 78 27 serliga
214 1266 91 20 Senaten
324 1266 124 27 förändring
466 1265 31 21 till
514 1273 27 12 en
562 1267 75 25 högsta
657 1266 88 20 domstol
761 1269 53 18 samt
830 1269 40 20 till-

117 1300 96 20 sättande
231 1301 24 19 af
272 1307 25 13 en
316 1300 238 25 Justitieombudsman;
571 1300 39 20 och
626 1301 64 19 sedan
706 1301 53 20 Herr
774 1302 95 21 Molan-

117 1335 45 19 der
180 1335 90 26 upplyst,
287 1337 30 17 att
332 1337 30 18 ett
376 1335 183 26 petitionsförslag
575 1335 6 20 i
596 1341 80 14 samma
691 1335 93 27 syftning
801 1336 67 21 blifvit

118 1369 23 20 af
154 1369 119 27 Högloflige
289 1369 155 26 Ridderskapet
460 1369 39 20 och
516 1369 78 26 Adeln,
610 1369 37 20 der
662 1369 116 20 detsamma
789 1371 79 26 väckts,

119 1404 120 26 hänskjutet
264 1403 31 20 till
318 1403 152 27 Lagutskottet,
495 1403 70 20 beslöt
587 1403 92 25 Ständet,
705 1403 26 26 pä
754 1404 115 22 framställd

117 1437 136 27 proposition,
269 1439 30 18 att
313 1438 109 19 remittera
437 1437 88 20 ärendet
542 1437 30 20 till
589 1443 80 14 samma
691 1437 84 20 utskott.
