1039 1692
182 134 33 18 232
475 136 40 18 Den
529 136 9 18 1
551 136 53 18 Mars.

162 192 41 27 lige
229 193 105 21 Ständens
358 194 123 27 afgörande.
512 194 58 20 Efter
593 193 88 21 sålunda
701 200 82 13 vunnen
800 193 113 26 utredning

162 226 38 20 bör
223 227 36 20 det
282 227 65 21 blifva
369 228 76 20 lättare
464 228 31 20 för
515 228 93 20 Stånden
623 230 30 18 att
668 228 73 20 förena
757 227 31 27 sig
804 227 6 19 i
826 233 86 21 gemen-

161 266 81 15 samma
260 262 166 27 önskningsmäl,
445 263 116 25 hvaremot,
584 269 33 13 om
637 262 74 20 sådant
726 261 49 21 icke
789 261 55 26 sker,
861 262 53 19 intet

162 295 87 20 hindrar
270 296 36 20 det
323 296 52 20 eller
395 297 26 20 de
437 297 71 25 Stånd,
524 303 45 14 som
586 296 77 20 bifallit
678 296 122 27 petitionen,
816 297 30 18 att
862 301 50 21 upp-

162 330 50 26 taga
235 330 123 20 densamma
373 331 7 19 i
396 332 45 19 sina
460 331 97 20 enskilda
573 330 94 21 besvär.”
696 331 41 19 Det
755 332 23 18 är
792 330 76 20 endast
883 328 31 20 till

162 364 42 20 den
224 364 57 20 kraft
300 366 40 19 och
360 366 79 20 verkan
460 366 60 20 dessa
536 366 89 20 motiver
640 366 6 19 i
662 364 100 21 afseende
778 364 12 20 å
805 364 107 26 petitions-

162 398 71 26 frågor
248 399 7 19 i
271 399 115 21 allmänhet
409 400 68 26 hafva,
497 406 45 14 som
559 400 37 26 jag
617 406 27 13 nu
663 398 112 21 framställt
789 399 55 19 dem.
874 398 40 20 För

163 432 64 26 öfrigt
242 439 62 14 anser
317 434 37 26 jag
369 434 41 20 den
426 434 66 20 under
508 434 118 20 diskussion
642 434 93 19 varande
751 434 101 19 remissen
864 433 51 20 böra

164 466 37 20 ske
217 466 32 20 till
264 467 98 21 Ståndets
377 468 104 20 Enskilda
495 468 176 20 Besvärsutskott.

233 501 54 20 Herr
302 502 162 20 Gummerus:
485 503 70 19 Jemte
574 502 35 20 det
622 503 37 26 jag
675 502 32 20 för
723 502 43 20 min
782 501 34 20 del
832 501 83 20 förenar

164 535 43 26 mig
231 535 49 20 med
302 536 54 20 Herr
378 537 62 26 Frey,
462 537 7 19 i
489 537 41 20 den
551 536 33 20 del
603 536 22 20 af
640 536 73 26 frågan
729 536 42 19 han
786 535 130 26 understödt,

163 575 62 13 anser
245 570 39 26 jag
307 571 42 26 mig
371 571 54 20 dock
450 571 50 19 böra
523 570 116 25 framhålla,
663 570 98 20 hurusom
777 570 139 26 petitionen
906 566 14 36 i

165 604 91 19 nämnde
273 604 34 20 del
322 604 67 20 skulle
405 605 85 19 komma
505 607 30 17 att
551 605 74 20 beröra
640 604 109 20 städernas
761 604 91 20 enskilta
866 604 49 20 eko-

165 638 64 25 nomi,
250 638 88 20 emedan
360 638 66 21 kändt
444 642 23 16 är
486 640 30 18 att
535 639 26 19 de
581 639 91 26 afgifter,
689 638 82 20 hvilkas
786 638 130 20 afskaffande

164 671 119 26 petitionen
299 673 61 25 afser,
376 674 32 19 till
424 675 66 18 större
506 673 62 20 delen
584 673 50 26 ingå
649 673 7 19 i
672 673 108 20 städernas
796 672 68 26 kassa,
880 679 36 13 an-

165 705 73 27 tingen
255 707 131 20 omedelbart
402 707 52 20 eller
469 708 40 19 ock
525 707 94 26 sålunda,
635 708 30 19 att
680 713 77 20 genom
773 707 47 20 dem
832 707 85 26 tjenste-

166 742 48 17 män
230 740 88 20 aflönas.

235 774 40 20 Om
298 775 65 21 också
384 776 61 20 desse
465 776 84 26 afgifter
570 776 7 20 i
593 776 26 20 de
635 776 61 20 flesta
711 776 69 19 städer
796 776 18 25 ej
831 778 36 18 äro
883 776 35 20 be-

167 808 88 27 tydliga,
279 809 23 20 så
324 812 74 24 utgöra
422 810 26 20 de
469 810 53 20 dock
539 810 90 26 afgifter,
645 809 28 27 på
688 809 73 20 hvilka
775 810 143 26 stadstjenste-

167 845 103 18 männens
291 843 93 27 aflöning
404 847 21 16 är
447 844 112 26 beroende,
579 844 98 20 hvarföre
694 844 35 20 det
744 850 50 14 vore
810 844 111 27 olämpligt

166 878 30 17 att
212 883 28 13 nu
255 877 7 19 i
278 877 66 20 saken
361 878 85 27 vidtaga
463 878 68 27 någon
547 878 83 27 reform,
647 879 65 19 innan
728 878 98 20 städerne
845 878 75 26 sjelfva

167 911 54 19 varit
243 911 7 20 i
266 911 82 21 tillfälle
372 914 30 18 att
424 912 96 20 deröfver
542 914 56 25 yttra
617 913 40 26 sig.
688 911 46 21 Och
752 919 34 13 om
803 913 37 26 jag
856 912 65 21 också

167 945 32 20 för
223 946 43 19 min
290 946 34 20 del
347 947 18 25 ej
385 947 37 20 vill
443 948 96 19 motsätta
558 947 43 26 mig
620 946 129 27 petitionens
771 947 149 20 remitterande

167 979 32 20 till
214 980 87 26 utskott,
318 981 22 19 så
356 987 63 20 synes
435 981 36 19 det
486 981 42 26 mig
544 980 54 21 dock
614 980 121 27 betänkligt
749 982 30 18 att
794 981 35 19 vid
848 981 72 20 ofvan-

168 1013 74 20 nämdt
268 1014 132 21 förhållande
427 1015 51 20 fatta
501 1015 64 26 något
587 1015 116 26 afgörande
726 1015 67 19 beslut
816 1015 6 19 i
846 1015 74 27 frågan

168 1047 36 20 vid
220 1047 71 20 denna
313 1049 106 26 landtdag.
449 1049 10 20 I
481 1049 100 20 afseende
604 1049 13 20 å
636 1049 102 20 remissen
760 1049 50 20 ville
822 1049 38 26 jag
880 1049 39 20 för-

169 1081 51 20 orda
239 1082 99 21 ärendets
358 1082 155 27 hänskjutande
532 1083 32 20 till
583 1083 99 20 Ståndets
701 1082 103 21 Enskilda
822 1083 98 20 Besvärs-

168 1115 86 20 utskott.

238 1151 55 20 Herr
308 1151 170 27 Tengström:
493 1151 40 20 Till
550 1152 107 19 vinnande
673 1151 22 20 af
709 1151 30 20 tid
755 1151 37 20 vill
800 1152 38 26 jag
848 1151 75 21 endast

168 1184 84 27 föreslå,
276 1187 30 18 att
331 1186 117 27 petitionen
468 1186 117 20 remitteras
604 1186 31 19 till
651 1185 98 21 Ståndets
766 1185 103 20 Enskilda
883 1186 39 19 Be-

168 1219 142 20 svärsutskott
324 1220 40 20 och
379 1221 7 19 i
402 1221 151 26 sammanhang
569 1221 86 20 dermed
671 1221 77 24 erinra,
769 1221 30 18 att
816 1220 107 20 reformen

169 1253 71 20 lättast
255 1254 69 20 skulle
340 1255 72 20 kunna
427 1255 124 20 verkställas
567 1255 52 20 efter
639 1254 122 20 införandet
779 1254 23 19 af
820 1261 28 19 ny
864 1254 58 20 kom-

169 1287 197 28 munalförfattning
389 1289 31 20 för
443 1289 104 25 städerna,
570 1289 80 26 hvarpå
677 1288 103 20 Enskilda
801 1288 122 20 Besvärsut-

168 1321 80 20 skottet
271 1324 49 18 utan
343 1323 74 20 tvifvel
437 1323 53 20 skall
508 1323 53 20 fästa
577 1323 30 19 sin
627 1322 193 27 uppmärksamhet.
850 1322 73 20 Refor-

169 1363 48 13 men
242 1356 90 21 behöfde
357 1357 123 27 härigenom
504 1357 47 20 icke
571 1358 62 26 länge
654 1357 110 26 fördröjas,
781 1357 26 19 dä
820 1357 23 25 ju
859 1357 64 20 redan

169 1391 132 25 proposition
321 1398 33 13 om
374 1393 109 19 städernas
499 1391 252 26 kommunalförvaltning
767 1393 23 17 är
805 1390 35 20 vid
856 1391 69 20 denna

167 1425 105 27 landtdag
288 1425 111 28 framlagd.
