1039 1692
415 115 40 18 Den
467 116 12 17 6
491 116 59 23 April.
798 116 34 18 505

175 176 162 27 Propositionen
360 174 127 20 besvarades
510 174 48 20 med
584 174 101 21 blandadt
707 176 23 25 ja
755 175 38 20 och
813 176 41 25 nej,

107 211 97 20 hvarföre
228 210 73 20 skreds
324 209 31 19 till
380 209 102 26 votering,
503 209 38 19 och
557 208 95 27 afgåfvos
671 210 73 20 dervid
760 210 12 19 9
789 212 65 17 röster

109 246 31 20 för
152 246 26 26 ja
194 245 38 20 och
248 245 31 19 24
294 244 32 20 för
342 244 48 26 nej.

175 280 79 19 Vidare
270 277 141 21 framställdes
427 277 31 20 för
473 277 165 27 hufvudfrågans
657 278 115 26 afgörande
790 280 64 25 ytter-

108 315 64 26 ligare
189 314 61 20 dessa
265 312 165 27 propositioner:

175 347 169 27 Proposition
367 346 39 20 N:o
426 347 20 18 5:
473 346 57 20 Skall
553 346 68 20 såsom
648 346 206 27 kontraproposition

109 385 55 18 emot
188 382 111 20 utskottets
315 380 133 21 betänkande
464 380 113 27 uppställas
595 380 54 20 Herr
663 381 120 20 Molanders
801 381 54 20 före-

109 417 91 20 nämnda
214 415 195 27 ändringsförslag
399 411 12 36 ?

175 444 19 26 Ä
209 450 158 27 propositionen
390 450 99 19 svarades
512 450 46 19 med
583 450 100 20 blandadt
703 450 23 26 ja
751 450 37 20 och
814 451 41 25 nej,

106 486 64 26 jemte
187 485 35 21 det
238 484 96 26 votering
352 484 113 26 begärdes;
481 484 38 20 och
536 484 26 20 dä
577 484 64 20 sädan
663 491 27 13 nu
709 485 99 26 företogs,
825 488 29 17 ut-

109 520 50 20 föllo
175 520 32 20 för
221 520 26 26 ja
264 520 28 19 12
308 518 38 20 och
363 518 32 20 för
411 519 39 25 nej
467 518 28 20 21
512 520 72 18 röster.

177 554 165 26 Proposition
358 552 39 20 N:o
414 552 21 20 6:
462 552 42 20 Vill
527 552 88 20 Ständet
637 554 62 19 hafva
722 553 31 20 till
772 553 83 21 kontra-

108 589 130 26 proposition
262 590 57 17 emot
341 587 111 20 utskottets
475 587 134 20 betänkande
632 587 106 27 uppstäldt
756 589 99 25 antingen

108 624 52 20 Herr
175 623 138 27 Tengströms
328 622 51 20 eller
395 621 53 20 Herr
465 622 104 19 Boströms
585 622 163 20 amendement?
766 622 41 20 För
821 623 35 19 det

108 658 55 20 förra
178 659 66 18 röstas
260 656 47 20 med
321 656 26 26 ja
362 656 39 20 och
417 656 32 20 för
464 656 34 19 det
514 662 75 14 senare
606 656 46 20 med
669 656 48 26 nej.

176 691 32 20 Då
231 692 69 18 svaret
316 690 12 20 &
343 690 157 26 propositionen
525 690 58 20 utföll
600 690 148 27 ivifvelaktigt,
764 691 92 26 företogs

109 726 102 27 votering,
234 725 87 20 hvarvid
344 724 95 27 afgäfvos
458 725 29 19 20
501 724 114 26 jakande
632 725 38 19 och
692 725 27 19 13
739 725 117 20 nekande

109 763 73 18 röster.

178 794 164 27 Proposition
359 793 39 20 N:o
418 794 21 19 7:
455 793 42 20 Vill
513 793 87 20 Ständet
616 793 105 20 definitivt
736 796 76 25 antaga
826 797 30 17 ut-

110 830 88 19 skottets
222 828 78 26 förslag
320 828 52 19 eller
395 828 53 19 Herr
464 828 136 26 Tengströms
616 828 163 20 amendement?
810 828 45 20 Den

110 871 44 13 som
171 863 35 20 vill
222 863 36 20 det
274 863 55 19 förra
344 868 71 13 svarar
428 863 36 25 ja,
481 862 39 20 den
537 868 43 13 som
598 864 66 18 röstar
682 862 32 20 för
730 862 35 20 det
783 869 73 14 senare

111 899 48 25 nej.

178 931 75 21 Svaret
268 931 67 26 afgafs
352 930 46 20 med
416 931 99 19 blandadi
529 931 22 26 ja
567 931 39 19 och
622 931 41 26 nej,
687 931 116 26 hvarjemte
822 931 34 20 be-

109 967 75 26 gärdes
201 966 103 26 votering,
320 971 44 14 som
381 965 58 19 utföll
457 965 48 20 med
522 966 28 19 18
565 965 27 26 ja
607 967 58 18 emot
681 966 28 19 15
725 966 46 25 nej.

178 1000 39 20 Om
233 999 98 20 Ständets
347 999 88 20 sålunda
450 999 79 20 fattade
545 999 74 27 beslut,
630 999 137 27 hvarigenom
779 1000 78 20 utskot-

109 1037 40 18 tets
165 1034 134 21 betänkande
316 1033 68 20 blifvit
399 1033 136 20 oförändradt
553 1035 91 25 antaget,
667 1033 68 20 skulle
753 1035 104 19 Medstän-

110 1070 40 19 den
172 1069 109 20 äfvensom
304 1068 146 26 Lagutskottet
468 1068 131 20 underrättas
615 1075 76 19 genom
711 1068 146 26 protokollsut-

111 1104 57 26 drag.

179 1137 53 20 Herr
255 1137 154 25 Tengström
428 1137 93 26 begärde
547 1137 50 20 härä
620 1137 60 20 ordet
702 1137 39 20 och
763 1137 94 26 yttrade:

111 1173 41 26 Jag
167 1171 95 21 anhäller
277 1173 30 18 att
322 1171 19 19 fä
357 1177 110 14 reservera
489 1172 43 25 mig
556 1173 42 18 mot
616 1171 187 26 Borgareständets
825 1171 32 20 be-

112 1207 46 25 slut,
181 1212 47 14 men
253 1205 74 20 endast
350 1205 26 26 pä
399 1205 39 20 den
462 1205 74 27 grund,
559 1208 30 17 att
604 1206 37 26 jag
661 1212 62 13 anser
739 1205 65 20 sunda
819 1206 39 20 och

112 1241 78 27 riktiga
212 1241 78 26 äsigter
312 1246 77 21 genom
406 1240 117 26 utskottets,
539 1240 22 19 af
575 1240 88 20 Ständet
678 1242 91 24 antagna
788 1240 70 21 betän-

113 1276 68 19 kande
198 1275 62 20 hafva
276 1274 37 20 fätt
328 1281 26 12 en
371 1275 85 26 mycket
471 1274 95 27 olycklig
581 1274 118 26 redaktion,
719 1274 75 20 medan
813 1274 45 20 der-

111 1312 57 18 emot
183 1309 88 20 alldeles
286 1310 98 19 motsatta
399 1309 77 26 äsigter
492 1309 6 19 i
514 1310 169 19 reservanternes
699 1308 78 27 förslag
792 1309 66 20 erhäl-

111 1344 23 19 lit
150 1351 25 13 en
192 1343 80 27 lycklig
288 1343 117 20 redaktion.

178 1379 44 18 Mot
239 1377 88 20 beslutet
341 1378 136 20 reserverade
493 1378 32 27 sig
537 1377 104 20 dessutom
653 1377 76 20 Herrar
744 1377 114 26 Molander,

111 1413 77 26 Sjöros,
204 1411 111 26 Cajander,
331 1411 62 27 Frey,
402 1419 40 13 von
452 1411 140 28 Zweygberg,
602 1411 90 20 Jansson
707 1410 39 21 och
760 1411 98 20 Höekert.
