1039 1692
400 139 42 18 Den
455 139 22 17 20
489 140 94 18 Februari.
812 142 32 18 149

117 198 43 26 liga
180 198 96 26 Majestät
295 198 6 19 i
317 198 57 19 Hans
390 197 109 27 välvilliga
513 198 92 26 afsigter,
621 198 54 20 skall
691 199 54 21 dock
761 200 47 20 icke
824 200 39 20 för-

119 232 34 19 må
172 233 76 18 uträtta
266 232 43 26 allt,
330 232 54 20 hvad
404 232 42 20 hon
467 232 37 20 bör
524 232 39 20 och
584 232 48 26 kan,
648 239 34 14 om
698 233 41 21 hon
755 234 47 20 icke
818 234 45 20 der-

115 266 67 26 jemte
201 266 114 26 uppställer
334 265 69 21 såsom
422 266 36 19 sitt
478 266 48 26 mål,
542 268 30 18 att
587 266 52 21 söka
655 267 102 27 befrämja
772 269 39 20 och
826 269 38 19 hos

119 300 127 20 kommande
265 300 81 26 slägten
366 300 79 20 bevara
464 299 89 27 aktning
571 301 40 19 och
632 302 71 19 kärlek
724 302 31 20 för
774 303 36 20 det
824 303 40 19 för-

120 335 80 25 nuftiga
219 334 39 20 och
278 334 54 26 goda
348 334 6 19 i
371 334 49 20 våra
440 334 239 28 samhällsinrättningar
694 338 60 24 samt,
769 337 6 19 i
792 337 74 20 sådant

119 368 61 26 syfte,
198 368 80 20 sträfva
295 370 30 18 att
340 368 96 26 aflägsna
452 368 79 20 sådana
546 369 192 27 sakförhållanden,
754 377 43 14 som
814 372 51 19 kun-

118 410 27 13 na
159 403 98 26 försvaga
274 402 52 20 eller
342 402 110 20 motverka
467 402 71 20 denna
553 403 80 20 kärlek.

186 438 31 18 En
238 439 42 18 stor
300 436 39 20 och
355 436 121 26 betydande
492 436 34 20 del
542 437 23 20 af
578 438 35 19 det
629 438 67 20 finska
712 439 66 20 folket
793 446 50 20 eger
858 441 6 19 i

119 471 91 20 svenska
233 471 85 27 språket
340 472 30 18 ett
392 470 74 20 aktadt
490 471 39 20 och
553 471 82 21 älskadt
655 472 132 21 modersmål.
822 474 44 20 Och

119 506 41 20 den
180 508 56 17 stora
256 505 115 27 betydelse,
392 505 57 20 detta
464 505 64 26 språk
544 505 82 21 således
642 513 50 20 eger
707 506 32 20 för
755 507 76 27 många
845 508 23 19 af

119 540 53 26 dem,
189 540 72 20 hvilka
277 539 71 27 bygga
362 539 39 20 och
417 539 27 20 bo
459 539 6 19 i
481 539 47 20 vårt
543 540 56 25 land,
614 540 51 20 ökas
680 541 123 27 ytterligare
820 542 45 20 der-

119 574 91 27 igenom,
234 576 30 18 att
286 574 36 19 det
344 576 22 17 är
385 573 27 27 på
431 573 58 20 detta
507 573 70 27 språk,
597 574 61 20 deras
678 575 92 20 förfäder
788 576 78 20 lemnat

120 609 46 19 dem
185 609 6 19 i
211 608 34 20 arf
262 615 26 13 en
308 608 79 26 odling,
406 614 45 14 som
472 609 61 25 utgör
551 608 60 20 deras
629 608 70 27 glädje
719 610 40 19 och
775 610 91 26 stolthet,

119 644 66 26 lagar,
207 643 7 19 i
237 642 82 20 hvilkas
338 642 69 26 skydd
428 642 26 20 de
474 642 59 26 njuta
552 642 119 20 fördelarne
691 643 23 19 af
731 645 30 18 ett
780 644 88 19 ordnadt

120 676 167 25 samhällsskick,
302 676 39 20 och
357 676 100 27 hugstora
472 676 93 26 minnen,
582 677 64 19 värda
656 679 30 17 att
696 678 67 20 under
775 678 41 20 alla
826 678 40 19 för-

121 711 112 20 hållanden
249 711 6 19 i
271 713 73 24 trogen
361 710 112 27 hågkomst
489 710 94 20 bevaras.
614 711 45 19 Den
675 712 135 25 omvårdnad,
822 718 45 14 som

120 746 23 20 af
155 745 91 20 Landets
262 745 92 27 Styrelse
370 751 67 20 egnas
450 745 37 19 det
501 745 92 20 svenska
607 745 92 26 språket,
715 746 54 20 skall
784 746 84 20 derföre

121 780 23 20 af
159 780 41 19 alla
216 780 54 25 dem,
286 779 32 19 för
334 779 72 20 hvilka
421 779 76 20 fordna
508 779 65 20 tiders
583 779 72 20 arbete
665 780 7 18 i
684 779 133 27 bildningens
828 780 39 19 och

121 814 121 20 samhällets
255 814 63 26 tjenst
329 820 51 20 eger
391 813 69 26 värde,
472 815 104 25 mottagas
588 813 47 20 med
646 814 107 26 upprigtig
763 814 105 20 erkänsla.

188 848 42 19 Vid
246 848 26 20 de
288 847 65 26 flesta,
369 847 81 20 kanske
466 847 35 20 vid
517 847 42 20 alla
573 847 213 20 elementarläroverk
802 848 6 19 i
822 847 47 20 vårt

119 883 49 20 land
189 882 59 21 torde
264 881 90 21 svenska
369 881 86 27 språket
470 888 88 13 numera
572 881 52 26 ingå
639 888 43 13 som
698 881 169 27 undervisnings-

120 921 68 16 ämne.
219 916 184 27 Undervisningen
424 916 45 20 deri
488 916 42 19 kan
547 915 61 26 dock,
623 915 24 20 af
659 916 38 19 lätt
712 916 88 20 insedda
815 916 53 25 skäl,

121 951 47 21 icke
184 957 60 14 anses
261 956 49 14 vara
326 950 79 20 ordnad
421 949 27 27 på
464 951 29 18 ett
509 949 194 21 tillfredsställande
714 952 47 24 sätt,
773 949 22 20 så
805 950 64 27 länge

121 986 35 19 det
176 985 48 20 icke
244 987 22 17 är
284 984 46 20 från
350 984 36 20 det
404 984 118 20 allmännas
543 984 45 20 sida
607 984 66 26 sörjdt
691 984 32 20 för
739 983 131 21 utbildandet

121 1020 24 20 af
157 1019 105 26 skickliga
277 1019 67 20 lärare
360 1019 50 25 deri,
426 1018 40 20 och
481 1019 72 20 halten
569 1018 22 20 af
604 1018 60 20 deras
680 1019 87 26 insigter
777 1019 7 19 i
795 1018 75 27 sjelfva

121 1055 117 19 läroämnet
252 1053 6 20 i
274 1053 51 26 följd
341 1053 62 20 deraf
415 1053 48 20 icke
478 1053 68 20 heller
560 1053 42 20 kan
619 1053 137 20 underkastas
773 1053 39 20 den
824 1059 44 13 om-

121 1087 111 27 sorgsfulla
254 1087 104 26 pröfning,
378 1093 43 14 som
441 1087 74 26 hvarje
533 1087 197 26 lärarebefogenhet
749 1087 47 20 med
815 1089 55 18 rätta

122 1123 125 19 förutsätter.
278 1121 40 20 Det
336 1127 47 20 ena,
403 1127 45 14 som
464 1121 35 20 det
515 1121 67 20 andra
597 1121 22 20 af
633 1121 60 20 dessa
710 1121 68 20 vilkor
794 1121 31 20 för
840 1123 30 18 ett

121 1155 177 26 ändamålsenligt
316 1155 108 20 ordnande
444 1155 23 20 af
483 1155 71 20 denna
572 1155 155 27 angelägenhet
743 1155 41 20 kan
799 1155 27 26 på
841 1157 31 18 ett

121 1190 73 21 enkelt
208 1191 42 18 sätt
265 1189 122 26 tillgodoses
402 1189 132 26 derigenom,
550 1191 29 18 att
594 1189 82 20 landets
692 1189 102 26 högskola
804 1189 66 20 förses

122 1224 47 20 med
185 1230 26 13 en
227 1223 41 20 fast
282 1223 87 20 lärostol
385 1223 31 20 för
432 1223 93 20 svenska
539 1223 92 27 språket,
648 1223 46 20 med
705 1223 123 26 skyldighet
838 1223 32 20 för

122 1258 152 21 innehafvaren
290 1257 61 20 deraf
364 1259 30 18 att
408 1258 19 25 ej
444 1257 83 21 mindre
543 1257 96 21 meddela
653 1257 40 20 den
707 1257 111 27 grundliga
833 1265 37 12 un-

123 1293 149 26 dervisningen
288 1292 6 19 i
310 1291 36 20 sitt
360 1291 114 27 läroämne,
489 1292 143 20 hvarförutom
648 1298 70 13 vuxne
728 1292 67 19 lärare
806 1292 6 20 i
824 1299 46 20 sag-

123 1328 26 19 de
169 1326 63 27 språk
252 1326 35 19 vid
307 1326 245 20 elementarläroverken
570 1327 19 26 ej
606 1326 71 19 kunna
691 1325 31 20 till
738 1326 134 27 erforderligt

123 1361 57 20 antal
199 1359 113 28 påräknas,
332 1362 26 17 än
378 1360 86 27 deltaga
483 1361 7 19 i
511 1361 36 20 det
562 1361 51 19 eller
629 1360 26 20 de
670 1359 109 28 offentliga
794 1361 77 23 förhör,

124 1401 43 14 som
189 1394 105 26 berättiga
313 1394 31 19 till
363 1394 83 20 inträde
464 1395 6 19 i
486 1394 28 21 de
529 1395 106 20 allmänna
650 1394 136 20 läroverkens
802 1395 70 26 tjenst.

123 1428 131 21 Inrättandet
269 1428 23 20 af
304 1435 26 13 en
346 1428 64 20 sådan
427 1429 86 20 lärostol
530 1435 50 14 vore
595 1429 74 20 endast
683 1435 26 13 en
725 1428 85 27 skyldig
820 1429 52 27 gärd
