1039 1692
414 134 42 19 Den
467 135 11 17 5
491 135 53 17 Mars.
803 134 33 17 265

108 194 38 20 das
161 194 39 20 och
216 193 66 20 förses
298 193 48 20 med
362 193 78 27 nödige
456 193 86 26 böcker,
558 193 23 20 så
596 192 73 20 kunna
682 192 26 20 de
720 186 68 33 öfrige
798 191 60 21 Stän-

109 228 53 20 dens
176 228 137 26 protokoller,
329 227 69 21 sävidt
414 227 25 20 de
455 230 36 17 äro
508 227 91 27 tryckta,
615 227 45 20 deri
675 226 49 21 icke
739 226 83 20 saknas.

177 261 69 20 Sedan
262 262 148 19 diskussionen
425 262 113 19 förklarats
553 261 98 26 afslutad,
666 260 130 21 framställde
806 260 54 21 Herr

109 296 158 20 Talmannen
282 296 32 20 till
330 296 88 20 Ståndet
432 296 106 26 följande:

178 330 181 26 Proposition:
382 330 43 20 Vill
448 330 89 20 Ständet
557 332 31 18 att
609 330 50 20 icke
682 330 54 20 blott
755 330 41 20 den
816 336 44 14 om-

110 364 91 21 nämnda
216 364 118 27 samlingen
350 364 23 20 af
385 364 120 27 Kejserliga
520 364 49 20 bref
581 365 55 19 samt
650 363 120 27 Kejserliga
784 370 75 20 propo-

109 398 115 20 sitionerne
247 399 39 19 och
308 398 125 21 Utskottens
459 398 151 20 betänkanden
635 398 47 20 från
706 398 154 26 landtdagarne

110 433 54 20 1863
172 434 78 19 —1864
265 433 39 20 och
322 433 60 26 1867,
398 435 49 17 utan
463 433 62 19 äfven
541 433 27 20 de
583 432 77 21 Ständs
673 432 130 26 protokoller
814 432 46 20 från

109 474 81 13 samma
207 462 132 32 landtdagar,
355 474 44 13 som
416 467 69 20 blifvit
499 467 47 19 från
562 466 84 27 trycket
660 466 89 27 utgifna,
767 466 45 20 med
823 472 39 23 un-

110 502 78 26 däntag
208 502 23 20 af
248 502 194 26 Borgareständets,
462 501 61 20 skola
539 501 32 19 till
586 500 99 21 Ständets
699 500 61 20 arkiv
776 499 83 21 anskaf-

111 536 38 26 fas,
164 536 39 20 och
219 536 70 20 medel
304 537 31 19 för
350 536 121 20 ändamålet
486 536 38 19 hos
539 534 159 21 Statsutskottet
713 534 104 26 begäras?
831 534 28 20 el-

110 570 31 20 ler
160 570 38 20 vill
217 570 93 26 Ständet,
330 571 48 19 med
396 570 121 27 antagande
532 570 23 19 af
568 569 55 20 hvad
639 568 88 20 sålunda
742 568 119 26 föreslagits

111 604 6 19 i
138 604 37 20 allt
194 604 69 27 öfrigt,
282 604 46 20 från
347 604 151 27 regvisitionen
514 604 91 20 utesluta
619 603 104 21 Ständens
739 602 123 20 förberörda

112 638 143 26 protokoller?
284 638 31 20 De
331 645 45 14 som
392 638 66 20 önska
474 639 35 19 det
525 638 57 20 förra
597 644 62 13 svara
671 638 35 25 ja,
722 637 27 20 de
764 642 45 14 som
824 643 36 13 an-

111 672 54 20 sluta
184 673 32 27 sig
237 673 31 19 till
288 673 35 20 det
342 679 75 14 senare
437 672 135 21 alternativet
585 672 59 26 nej.

180 706 76 21 Denna
277 707 130 27 proposition
432 706 126 21 besvarades
582 706 47 20 med
655 706 158 27 öfvervägande
826 707 38 26 ja,

112 742 40 19 och
167 741 69 20 skulle
249 742 6 19 i
266 742 51 25 följd
333 741 62 20 häraf
412 742 75 26 utdrag
503 748 24 12 ur
544 740 136 27 protokollet,
697 740 97 21 affattadt
808 741 8 19 i
830 742 30 20 öf-

112 776 196 20 verensstämmelse
331 776 47 20 med
396 775 99 21 Sfiändets
517 775 90 20 sålunda
631 775 79 20 fattade
733 775 75 27 beslut,
831 775 31 20 till

112 810 158 20 Statsutskottet
284 810 132 27 expedieras.

179 844 47 20 Den
248 844 36 20 vid
306 843 163 21 sammanträdet
489 843 42 20 den
554 844 9 19 1
585 843 80 20 dennes
685 843 107 21 beroende
809 844 52 21 lem-

117 878 55 20 nade
187 879 81 26 frågan,
281 878 110 27 angående
404 878 162 26 publikationen
579 877 23 20 af
610 877 97 20 Ständets
726 878 138 26 protokoller,

113 915 89 24 upptogs
222 919 27 13 nu
269 914 44 18 äter
330 912 32 19 till
383 912 136 26 behandling,
540 911 88 20 hvarvid
647 911 60 20 ordet
726 912 103 27 begärdes
841 912 25 21 af

180 946 54 20 Herr
254 946 200 26 Mechelin,'som
472 946 96 26 yttrade:
585 946 32 20 Då
632 946 36 20 det
683 946 35 19 vid
727 949 83 18 senaste
826 947 35 20 be-

113 980 129 27 handlingen
264 981 23 19 af
308 981 58 19 detta
386 981 78 19 ärende
483 980 73 20 visade
577 981 39 26 sig,
636 983 29 18 att
685 980 105 27 äsigterne
811 988 49 14 voro

112 1014 66 27 nägot
196 1014 82 27 delade,
296 1015 111 26 angäende
423 1014 44 20 dels
484 1014 157 27 behöfligheten
658 1015 23 20 af
693 1015 168 26 protokollernes

112 1048 114 27 tryckning
241 1048 126 20 åtminstone
383 1049 7 19 i
406 1049 40 19 den
463 1049 122 26 föreslagna
600 1049 87 26 formen,
703 1049 44 20 dels
757 1051 63 19 sättet
830 1050 32 21 för

112 1082 129 20 kostnadens
266 1083 134 20 bestridande
423 1083 39 20 och
486 1083 27 20 då
536 1083 37 20 det
596 1083 106 20 dessutom
724 1083 24 20 af
765 1084 97 20 enskilda

112 1117 216 20 Ständsmedlemmar
347 1117 109 20 anmäldes
473 1117 132 20 reservation
621 1119 60 18 emot
700 1117 41 20 den
757 1117 60 28 äsigt,
832 1121 32 18 att

113 1151 88 20 Ständet
216 1158 50 13 vore
282 1151 100 27 befogadt
397 1153 30 18 att
442 1151 96 20 debitera
553 1151 47 20 sina
615 1151 158 20 kommittenter
788 1153 32 20 för
835 1153 27 20 de

113 1186 48 19 med
180 1186 168 26 protokollernes
369 1186 114 26 tryckning
503 1186 102 20 förenade
625 1186 120 26 kostnader,
762 1186 22 20 sä
800 1187 63 21 hafva

114 1220 65 27 några
187 1220 23 19 af
223 1220 97 20 Ständets
336 1220 143 26 medlemmar,
496 1220 24 19 af
532 1220 90 20 intresse
636 1220 32 19 för
678 1221 65 19 saken
755 1221 39 20 och
806 1228 59 14 eme-

113 1255 41 19 dan
170 1255 27 20 de
212 1255 19 26 ej
247 1255 56 19 velat
318 1256 30 18 att
362 1254 74 27 frägan
453 1254 69 20 blefve
538 1256 31 18 ett
584 1254 123 20 tvisteämne
729 1255 56 20 inom
804 1256 61 20 Stän-

114 1289 37 19 det
163 1288 51 20 eller
227 1289 67 19 skulle
314 1289 48 20 leda
382 1289 31 19 till
432 1288 135 26 principiella
586 1288 176 27 skiljaktigheter,
779 1289 85 21 beslutit

114 1325 31 18 att
159 1323 58 20 bilda
232 1325 30 17 ett
276 1323 144 26 förlagsbolag
435 1323 32 20 för
482 1322 92 26 affären;
590 1323 39 20 och
646 1322 26 20 dä
687 1329 27 13 nu
731 1323 30 20 till
777 1323 89 21 Ständet

114 1356 72 20 ställes
206 1356 80 27 frågan,
307 1363 34 14 om
360 1356 88 21 Ständet
463 1357 78 20 tillåter
557 1359 31 18 att
602 1356 157 27 protokollerne
775 1357 21 20 få
811 1360 54 25 tryc-

115 1391 38 20 kas
168 1391 7 20 i
191 1391 95 26 enlighet
301 1391 47 20 med
365 1391 41 20 den
421 1392 121 25 föreslagna
557 1391 89 25 formen,
662 1392 48 18 utan
726 1391 69 27 nägon
809 1392 57 21 kost-

115 1425 41 20 nad
176 1425 32 20 för
228 1425 88 21 Ständet
335 1426 51 19 eller
406 1426 48 20 dess
473 1425 166 26 kommittenter,
655 1425 24 20 sä
694 1425 59 20 torde
769 1425 41 21 den
825 1427 43 20 för-
