<?xml version="1.0" encoding="UTF-8"?>
<alto xmlns="http://www.loc.gov/standards/alto/ns-v3#" xmlns:xlink="http://www.w3.org/1999/xlink" xmlns:xsi="http://www.w3.org/2001/XMLSchema-instance" xsi:schemaLocation="http://www.loc.gov/standards/alto/ns-v3# http://www.loc.gov/alto/v3/alto-3-0.xsd">
	<Description>
		<MeasurementUnit>pixel</MeasurementUnit>
		<sourceImageInformation>
			<fileName>/tmp/tess_pd3lutig_input.PNG</fileName>
		</sourceImageInformation>
		<OCRProcessing ID="OCR_0">
			<ocrProcessingStep>
				<processingSoftware>
					<softwareName>tesseract 5.3.4</softwareName>
				</processingSoftware>
			</ocrProcessingStep>
		</OCRProcessing>
	</Description>
	<Layout>
		<Page WIDTH="1039" HEIGHT="1692" PHYSICAL_IMG_NR="0" ID="page_0">
			<PrintSpace HPOS="0" VPOS="0" WIDTH="1039" HEIGHT="1692">
				<ComposedBlock ID="cblock_0" HPOS="201" VPOS="118" WIDTH="429" HEIGHT="24">
					<TextBlock ID="block_0" HPOS="201" VPOS="118" WIDTH="429" HEIGHT="24">
						<TextLine ID="line_0" HPOS="201" VPOS="118" WIDTH="429" HEIGHT="24">
							<String ID="string_0" HPOS="201" VPOS="120" WIDTH="33" HEIGHT="16" WC="0.96" CONTENT="578"/><SP WIDTH="249" VPOS="120" HPOS="234"/>
							<String ID="string_1" HPOS="483" VPOS="118" WIDTH="41" HEIGHT="18" WC="0.96" CONTENT="Den"/><SP WIDTH="13" VPOS="118" HPOS="524"/>
							<String ID="string_2" HPOS="537" VPOS="118" WIDTH="21" HEIGHT="18" WC="0.95" CONTENT="11"/><SP WIDTH="12" VPOS="118" HPOS="558"/>
							<String ID="string_3" HPOS="570" VPOS="119" WIDTH="60" HEIGHT="23" WC="0.95" CONTENT="April."/>
						</TextLine>
					</TextBlock>
				</ComposedBlock>
				<ComposedBlock ID="cblock_1" HPOS="160" VPOS="176" WIDTH="769" HEIGHT="1091">
					<TextBlock ID="block_1" HPOS="179" VPOS="176" WIDTH="750" HEIGHT="158">
						<TextLine ID="line_1" HPOS="180" VPOS="176" WIDTH="749" HEIGHT="29">
							<String ID="string_4" HPOS="180" VPOS="178" WIDTH="27" HEIGHT="26" WC="0.91" CONTENT="pä"/><SP WIDTH="16" VPOS="178" HPOS="207"/>
							<String ID="string_5" HPOS="223" VPOS="177" WIDTH="109" HEIGHT="20" WC="0.90" CONTENT="trädvaror"/><SP WIDTH="15" VPOS="177" HPOS="332"/>
							<String ID="string_6" HPOS="347" VPOS="176" WIDTH="130" HEIGHT="20" WC="0.91" CONTENT="afskaffande"/><SP WIDTH="19" VPOS="176" HPOS="477"/>
							<String ID="string_7" HPOS="496" VPOS="176" WIDTH="52" HEIGHT="20" WC="0.96" CONTENT="1867"/><SP WIDTH="16" VPOS="176" HPOS="548"/>
							<String ID="string_8" HPOS="564" VPOS="177" WIDTH="38" HEIGHT="19" WC="0.93" CONTENT="har"/><SP WIDTH="11" VPOS="177" HPOS="602"/>
							<String ID="string_9" HPOS="613" VPOS="176" WIDTH="106" HEIGHT="27" WC="0.92" CONTENT="nemligen"/><SP WIDTH="14" VPOS="176" HPOS="719"/>
							<String ID="string_10" HPOS="733" VPOS="177" WIDTH="22" HEIGHT="20" WC="0.96" CONTENT="sä"/><SP WIDTH="12" VPOS="177" HPOS="755"/>
							<String ID="string_11" HPOS="767" VPOS="178" WIDTH="85" HEIGHT="26" WC="0.95" CONTENT="mycket"/><SP WIDTH="12" VPOS="178" HPOS="852"/>
							<String ID="string_12" HPOS="864" VPOS="179" WIDTH="65" HEIGHT="26" WC="0.96" CONTENT="gjorts"/>
						</TextLine>
						<TextLine ID="line_2" HPOS="180" VPOS="210" WIDTH="748" HEIGHT="28">
							<String ID="string_13" HPOS="180" VPOS="211" WIDTH="141" HEIGHT="27" WC="0.88" CONTENT="sägindustrin"/><SP WIDTH="17" VPOS="211" HPOS="321"/>
							<String ID="string_14" HPOS="338" VPOS="210" WIDTH="51" HEIGHT="20" WC="0.93" CONTENT="eller"/><SP WIDTH="16" VPOS="210" HPOS="389"/>
							<String ID="string_15" HPOS="405" VPOS="212" WIDTH="76" HEIGHT="18" WC="0.93" CONTENT="rättare"/><SP WIDTH="16" VPOS="212" HPOS="481"/>
							<String ID="string_16" HPOS="497" VPOS="210" WIDTH="156" HEIGHT="28" WC="0.92" CONTENT="skogsegarene"/><SP WIDTH="16" VPOS="210" HPOS="653"/>
							<String ID="string_17" HPOS="669" VPOS="212" WIDTH="6" HEIGHT="18" WC="0.93" CONTENT="i"/><SP WIDTH="16" VPOS="212" HPOS="675"/>
							<String ID="string_18" HPOS="691" VPOS="212" WIDTH="46" HEIGHT="19" WC="0.91" CONTENT="värt"/><SP WIDTH="15" VPOS="212" HPOS="737"/>
							<String ID="string_19" HPOS="752" VPOS="212" WIDTH="50" HEIGHT="20" WC="0.96" CONTENT="land"/><SP WIDTH="8" VPOS="212" HPOS="802"/>
							<String ID="string_20" HPOS="810" VPOS="212" WIDTH="31" HEIGHT="20" WC="0.93" CONTENT="till"/><SP WIDTH="15" VPOS="212" HPOS="841"/>
							<String ID="string_21" HPOS="856" VPOS="212" WIDTH="72" HEIGHT="23" WC="0.93" CONTENT="fördel,"/>
						</TextLine>
						<TextLine ID="line_3" HPOS="179" VPOS="244" WIDTH="749" HEIGHT="29">
							<String ID="string_22" HPOS="179" VPOS="249" WIDTH="29" HEIGHT="17" WC="0.91" CONTENT="att"/><SP WIDTH="16" VPOS="249" HPOS="208"/>
							<String ID="string_23" HPOS="224" VPOS="246" WIDTH="65" HEIGHT="26" WC="0.89" CONTENT="nägot"/><SP WIDTH="22" VPOS="246" HPOS="289"/>
							<String ID="string_24" HPOS="311" VPOS="245" WIDTH="72" HEIGHT="19" WC="0.96" CONTENT="vidare"/><SP WIDTH="23" VPOS="245" HPOS="383"/>
							<String ID="string_25" HPOS="406" VPOS="244" WIDTH="31" HEIGHT="20" WC="0.92" CONTENT="för"/><SP WIDTH="20" VPOS="244" HPOS="437"/>
							<String ID="string_26" HPOS="457" VPOS="244" WIDTH="142" HEIGHT="27" WC="0.89" CONTENT="ögonblicket,"/><SP WIDTH="16" VPOS="244" HPOS="599"/>
							<String ID="string_27" HPOS="615" VPOS="246" WIDTH="39" HEIGHT="20" WC="0.91" CONTENT="och"/><SP WIDTH="17" VPOS="246" HPOS="654"/>
							<String ID="string_28" HPOS="671" VPOS="258" WIDTH="21" HEIGHT="2" WC="0.92" CONTENT="—"/><SP WIDTH="17" VPOS="258" HPOS="692"/>
							<String ID="string_29" HPOS="709" VPOS="247" WIDTH="37" HEIGHT="25" WC="0.95" CONTENT="jag"/><SP WIDTH="16" VPOS="247" HPOS="746"/>
							<String ID="string_30" HPOS="762" VPOS="249" WIDTH="22" HEIGHT="17" WC="0.93" CONTENT="är"/><SP WIDTH="20" VPOS="249" HPOS="784"/>
							<String ID="string_31" HPOS="804" VPOS="247" WIDTH="124" HEIGHT="26" WC="0.92" CONTENT="öfvertygad"/>
						</TextLine>
						<TextLine ID="line_4" HPOS="179" VPOS="279" WIDTH="747" HEIGHT="29">
							<String ID="string_32" HPOS="179" VPOS="281" WIDTH="73" HEIGHT="19" WC="0.93" CONTENT="derom"/><SP WIDTH="19" VPOS="281" HPOS="252"/>
							<String ID="string_33" HPOS="271" VPOS="292" WIDTH="25" HEIGHT="2" WC="0.91" CONTENT="—"/><SP WIDTH="20" VPOS="292" HPOS="296"/>
							<String ID="string_34" HPOS="316" VPOS="280" WIDTH="61" HEIGHT="19" WC="0.95" CONTENT="äfven"/><SP WIDTH="21" VPOS="280" HPOS="377"/>
							<String ID="string_35" HPOS="398" VPOS="279" WIDTH="6" HEIGHT="19" WC="0.94" CONTENT="i"/><SP WIDTH="20" VPOS="279" HPOS="404"/>
							<String ID="string_36" HPOS="424" VPOS="285" WIDTH="24" HEIGHT="13" WC="0.92" CONTENT="en"/><SP WIDTH="23" VPOS="285" HPOS="448"/>
							<String ID="string_37" HPOS="471" VPOS="286" WIDTH="48" HEIGHT="12" WC="0.96" CONTENT="snar"/><SP WIDTH="25" VPOS="286" HPOS="519"/>
							<String ID="string_38" HPOS="544" VPOS="280" WIDTH="82" HEIGHT="20" WC="0.95" CONTENT="framtid"/><SP WIDTH="27" VPOS="280" HPOS="626"/>
							<String ID="string_39" HPOS="653" VPOS="280" WIDTH="48" HEIGHT="19" WC="0.55" CONTENT="icke"/><SP WIDTH="23" VPOS="280" HPOS="701"/>
							<String ID="string_40" HPOS="724" VPOS="280" WIDTH="64" HEIGHT="20" WC="0.93" CONTENT="borde"/><SP WIDTH="26" VPOS="280" HPOS="788"/>
							<String ID="string_41" HPOS="814" VPOS="282" WIDTH="112" HEIGHT="26" WC="0.95" CONTENT="rättmätigt"/>
						</TextLine>
						<TextLine ID="line_5" HPOS="179" VPOS="313" WIDTH="337" HEIGHT="21">
							<String ID="string_42" HPOS="179" VPOS="316" WIDTH="71" HEIGHT="18" WC="0.96" CONTENT="kunna"/><SP WIDTH="16" VPOS="316" HPOS="250"/>
							<String ID="string_43" HPOS="266" VPOS="314" WIDTH="77" HEIGHT="20" WC="0.96" CONTENT="önskas"/><SP WIDTH="16" VPOS="314" HPOS="343"/>
							<String ID="string_44" HPOS="359" VPOS="313" WIDTH="21" HEIGHT="19" WC="0.95" CONTENT="åt"/><SP WIDTH="16" VPOS="313" HPOS="380"/>
							<String ID="string_45" HPOS="396" VPOS="313" WIDTH="56" HEIGHT="20" WC="0.96" CONTENT="detta"/><SP WIDTH="16" VPOS="313" HPOS="452"/>
							<String ID="string_46" HPOS="468" VPOS="314" WIDTH="48" HEIGHT="19" WC="0.96" CONTENT="håll."/>
						</TextLine>
					</TextBlock>
					<TextBlock ID="block_2" HPOS="168" VPOS="347" WIDTH="758" HEIGHT="576">
						<TextLine ID="line_6" HPOS="247" VPOS="347" WIDTH="679" HEIGHT="23">
							<String ID="string_47" HPOS="247" VPOS="349" WIDTH="9" HEIGHT="19" WC="0.96" CONTENT="I"/><SP WIDTH="16" VPOS="349" HPOS="256"/>
							<String ID="string_48" HPOS="272" VPOS="348" WIDTH="112" HEIGHT="20" WC="0.96" CONTENT="utskottets"/><SP WIDTH="17" VPOS="348" HPOS="384"/>
							<String ID="string_49" HPOS="401" VPOS="347" WIDTH="132" HEIGHT="21" WC="0.93" CONTENT="betänkande"/><SP WIDTH="16" VPOS="347" HPOS="533"/>
							<String ID="string_50" HPOS="549" VPOS="348" WIDTH="120" HEIGHT="20" WC="0.91" CONTENT="framhålles"/><SP WIDTH="19" VPOS="348" HPOS="669"/>
							<String ID="string_51" HPOS="688" VPOS="349" WIDTH="33" HEIGHT="19" WC="0.93" CONTENT="väl"/><SP WIDTH="20" VPOS="349" HPOS="721"/>
							<String ID="string_52" HPOS="741" VPOS="349" WIDTH="98" HEIGHT="21" WC="0.91" CONTENT="hurusom"/><SP WIDTH="19" VPOS="349" HPOS="839"/>
							<String ID="string_53" HPOS="858" VPOS="350" WIDTH="68" HEIGHT="20" WC="0.89" CONTENT="förde-"/>
						</TextLine>
						<TextLine ID="line_7" HPOS="177" VPOS="382" WIDTH="749" HEIGHT="30">
							<String ID="string_54" HPOS="177" VPOS="384" WIDTH="41" HEIGHT="25" WC="0.95" CONTENT="len,"/><SP WIDTH="24" VPOS="384" HPOS="218"/>
							<String ID="string_55" HPOS="242" VPOS="390" WIDTH="44" HEIGHT="12" WC="0.96" CONTENT="som"/><SP WIDTH="25" VPOS="390" HPOS="286"/>
							<String ID="string_56" HPOS="311" VPOS="388" WIDTH="75" HEIGHT="20" WC="0.94" CONTENT="genom"/><SP WIDTH="26" VPOS="388" HPOS="386"/>
							<String ID="string_57" HPOS="412" VPOS="382" WIDTH="49" HEIGHT="20" WC="0.94" CONTENT="1861"/><SP WIDTH="20" VPOS="382" HPOS="461"/>
							<String ID="string_58" HPOS="481" VPOS="382" WIDTH="32" HEIGHT="20" WC="0.96" CONTENT="års"/><SP WIDTH="17" VPOS="382" HPOS="513"/>
							<String ID="string_59" HPOS="530" VPOS="383" WIDTH="123" HEIGHT="26" WC="0.93" CONTENT="författning"/><SP WIDTH="15" VPOS="383" HPOS="653"/>
							<String ID="string_60" HPOS="668" VPOS="383" WIDTH="154" HEIGHT="26" WC="0.90" CONTENT="tillskyndades"/><SP WIDTH="18" VPOS="383" HPOS="822"/>
							<String ID="string_61" HPOS="840" VPOS="384" WIDTH="86" HEIGHT="28" WC="0.92" CONTENT="sågega-"/>
						</TextLine>
						<TextLine ID="line_8" HPOS="177" VPOS="416" WIDTH="748" HEIGHT="28">
							<String ID="string_62" HPOS="177" VPOS="424" WIDTH="57" HEIGHT="19" WC="0.92" CONTENT="rene,"/><SP WIDTH="24" VPOS="424" HPOS="234"/>
							<String ID="string_63" HPOS="258" VPOS="417" WIDTH="108" HEIGHT="20" WC="0.92" CONTENT="allaredau"/><SP WIDTH="24" VPOS="417" HPOS="366"/>
							<String ID="string_64" HPOS="390" VPOS="416" WIDTH="73" HEIGHT="20" WC="0.93" CONTENT="hunnit"/><SP WIDTH="22" VPOS="416" HPOS="463"/>
							<String ID="string_65" HPOS="485" VPOS="416" WIDTH="95" HEIGHT="26" WC="0.92" CONTENT="utplänas"/><SP WIDTH="20" VPOS="416" HPOS="580"/>
							<String ID="string_66" HPOS="600" VPOS="424" WIDTH="75" HEIGHT="20" WC="0.96" CONTENT="genom"/><SP WIDTH="17" VPOS="424" HPOS="675"/>
							<String ID="string_67" HPOS="692" VPOS="417" WIDTH="40" HEIGHT="20" WC="0.96" CONTENT="den"/><SP WIDTH="17" VPOS="417" HPOS="732"/>
							<String ID="string_68" HPOS="749" VPOS="420" WIDTH="67" HEIGHT="18" WC="0.93" CONTENT="större"/><SP WIDTH="18" VPOS="420" HPOS="816"/>
							<String ID="string_69" HPOS="834" VPOS="418" WIDTH="91" HEIGHT="21" WC="0.92" CONTENT="konkur-"/>
						</TextLine>
						<TextLine ID="line_9" HPOS="178" VPOS="451" WIDTH="748" HEIGHT="27">
							<String ID="string_70" HPOS="178" VPOS="459" WIDTH="53" HEIGHT="19" WC="0.91" CONTENT="rens,"/><SP WIDTH="25" VPOS="459" HPOS="231"/>
							<String ID="string_71" HPOS="256" VPOS="458" WIDTH="44" HEIGHT="13" WC="0.92" CONTENT="som"/><SP WIDTH="28" VPOS="458" HPOS="300"/>
							<String ID="string_72" HPOS="328" VPOS="451" WIDTH="118" HEIGHT="20" WC="0.91" CONTENT="sedermera"/><SP WIDTH="27" VPOS="451" HPOS="446"/>
							<String ID="string_73" HPOS="473" VPOS="451" WIDTH="98" HEIGHT="26" WC="0.90" CONTENT="uppstätt,"/><SP WIDTH="24" VPOS="451" HPOS="571"/>
							<String ID="string_74" HPOS="595" VPOS="452" WIDTH="38" HEIGHT="19" WC="0.94" CONTENT="och"/><SP WIDTH="29" VPOS="452" HPOS="633"/>
							<String ID="string_75" HPOS="662" VPOS="452" WIDTH="116" HEIGHT="26" WC="0.93" CONTENT="skogarnas"/><SP WIDTH="26" VPOS="452" HPOS="778"/>
							<String ID="string_76" HPOS="804" VPOS="452" WIDTH="61" HEIGHT="21" WC="0.91" CONTENT="deraf"/><SP WIDTH="20" VPOS="452" HPOS="865"/>
							<String ID="string_77" HPOS="885" VPOS="453" WIDTH="41" HEIGHT="19" WC="0.88" CONTENT="för-"/>
						</TextLine>
						<TextLine ID="line_10" HPOS="176" VPOS="485" WIDTH="747" HEIGHT="27">
							<String ID="string_78" HPOS="176" VPOS="486" WIDTH="64" HEIGHT="26" WC="0.96" CONTENT="höjda"/><SP WIDTH="17" VPOS="486" HPOS="240"/>
							<String ID="string_79" HPOS="257" VPOS="486" WIDTH="69" HEIGHT="19" WC="0.96" CONTENT="värde."/><SP WIDTH="32" VPOS="486" HPOS="326"/>
							<String ID="string_80" HPOS="358" VPOS="486" WIDTH="40" HEIGHT="19" WC="0.96" CONTENT="Det"/><SP WIDTH="15" VPOS="486" HPOS="398"/>
							<String ID="string_81" HPOS="413" VPOS="488" WIDTH="23" HEIGHT="16" WC="0.96" CONTENT="är"/><SP WIDTH="15" VPOS="488" HPOS="436"/>
							<String ID="string_82" HPOS="451" VPOS="485" WIDTH="36" HEIGHT="20" WC="0.93" CONTENT="allt"/><SP WIDTH="16" VPOS="485" HPOS="487"/>
							<String ID="string_83" HPOS="503" VPOS="488" WIDTH="67" HEIGHT="17" WC="0.87" CONTENT="sannt."/><SP WIDTH="31" VPOS="488" HPOS="570"/>
							<String ID="string_84" HPOS="601" VPOS="486" WIDTH="47" HEIGHT="20" WC="0.93" CONTENT="Men"/><SP WIDTH="17" VPOS="486" HPOS="648"/>
							<String ID="string_85" HPOS="665" VPOS="486" WIDTH="62" HEIGHT="20" WC="0.95" CONTENT="hvem"/><SP WIDTH="16" VPOS="486" HPOS="727"/>
							<String ID="string_86" HPOS="743" VPOS="487" WIDTH="36" HEIGHT="19" WC="0.95" CONTENT="har"/><SP WIDTH="16" VPOS="487" HPOS="779"/>
							<String ID="string_87" HPOS="795" VPOS="487" WIDTH="69" HEIGHT="21" WC="0.93" CONTENT="denna"/><SP WIDTH="20" VPOS="487" HPOS="864"/>
							<String ID="string_88" HPOS="884" VPOS="487" WIDTH="39" HEIGHT="20" WC="0.92" CONTENT="för-"/>
						</TextLine>
						<TextLine ID="line_11" HPOS="176" VPOS="520" WIDTH="747" HEIGHT="28">
							<String ID="string_89" HPOS="176" VPOS="521" WIDTH="34" HEIGHT="19" WC="0.96" CONTENT="del"/><SP WIDTH="16" VPOS="521" HPOS="210"/>
							<String ID="string_90" HPOS="226" VPOS="520" WIDTH="90" HEIGHT="20" WC="0.96" CONTENT="kommit"/><SP WIDTH="15" VPOS="520" HPOS="316"/>
							<String ID="string_91" HPOS="331" VPOS="520" WIDTH="30" HEIGHT="20" WC="0.93" CONTENT="till"/><SP WIDTH="17" VPOS="520" HPOS="361"/>
							<String ID="string_92" HPOS="378" VPOS="520" WIDTH="62" HEIGHT="26" WC="0.95" CONTENT="godo,"/><SP WIDTH="17" VPOS="520" HPOS="440"/>
							<String ID="string_93" HPOS="457" VPOS="526" WIDTH="33" HEIGHT="13" WC="0.93" CONTENT="om"/><SP WIDTH="16" VPOS="526" HPOS="490"/>
							<String ID="string_94" HPOS="506" VPOS="520" WIDTH="47" HEIGHT="20" WC="0.93" CONTENT="icke"/><SP WIDTH="14" VPOS="520" HPOS="553"/>
							<String ID="string_95" HPOS="567" VPOS="521" WIDTH="43" HEIGHT="25" WC="0.96" CONTENT="just"/><SP WIDTH="15" VPOS="521" HPOS="610"/>
							<String ID="string_96" HPOS="625" VPOS="521" WIDTH="40" HEIGHT="19" WC="0.93" CONTENT="den"/><SP WIDTH="20" VPOS="521" HPOS="665"/>
							<String ID="string_97" HPOS="685" VPOS="520" WIDTH="95" HEIGHT="20" WC="0.93" CONTENT="enskilde"/><SP WIDTH="19" VPOS="520" HPOS="780"/>
							<String ID="string_98" HPOS="799" VPOS="521" WIDTH="124" HEIGHT="27" WC="0.92" CONTENT="skogsinne-"/>
						</TextLine>
						<TextLine ID="line_12" HPOS="176" VPOS="554" WIDTH="747" HEIGHT="27">
							<String ID="string_99" HPOS="176" VPOS="554" WIDTH="108" HEIGHT="24" WC="0.92" CONTENT="hafvaren,"/><SP WIDTH="17" VPOS="554" HPOS="284"/>
							<String ID="string_100" HPOS="301" VPOS="554" WIDTH="85" HEIGHT="20" WC="0.92" CONTENT="hvilken"/><SP WIDTH="18" VPOS="554" HPOS="386"/>
							<String ID="string_101" HPOS="404" VPOS="560" WIDTH="46" HEIGHT="13" WC="0.96" CONTENT="man"/><SP WIDTH="17" VPOS="560" HPOS="450"/>
							<String ID="string_102" HPOS="467" VPOS="561" WIDTH="27" HEIGHT="13" WC="0.93" CONTENT="nu"/><SP WIDTH="16" VPOS="561" HPOS="494"/>
							<String ID="string_103" HPOS="510" VPOS="554" WIDTH="44" HEIGHT="20" WC="0.92" CONTENT="äter"/><SP WIDTH="16" VPOS="554" HPOS="554"/>
							<String ID="string_104" HPOS="570" VPOS="554" WIDTH="36" HEIGHT="20" WC="0.96" CONTENT="vill"/><SP WIDTH="20" VPOS="554" HPOS="606"/>
							<String ID="string_105" HPOS="626" VPOS="554" WIDTH="27" HEIGHT="27" WC="0.93" CONTENT="pä"/><SP WIDTH="22" VPOS="554" HPOS="653"/>
							<String ID="string_106" HPOS="675" VPOS="554" WIDTH="141" HEIGHT="20" WC="0.92" CONTENT="Statsverkets"/><SP WIDTH="23" VPOS="554" HPOS="816"/>
							<String ID="string_107" HPOS="839" VPOS="556" WIDTH="84" HEIGHT="20" WC="0.91" CONTENT="bekost-"/>
						</TextLine>
						<TextLine ID="line_13" HPOS="174" VPOS="588" WIDTH="748" HEIGHT="28">
							<String ID="string_108" HPOS="174" VPOS="590" WIDTH="41" HEIGHT="19" WC="0.92" CONTENT="nad"/><SP WIDTH="16" VPOS="590" HPOS="215"/>
							<String ID="string_109" HPOS="231" VPOS="589" WIDTH="80" HEIGHT="20" WC="0.96" CONTENT="bereda"/><SP WIDTH="15" VPOS="589" HPOS="311"/>
							<String ID="string_110" HPOS="326" VPOS="596" WIDTH="25" HEIGHT="12" WC="0.96" CONTENT="en"/><SP WIDTH="17" VPOS="596" HPOS="351"/>
							<String ID="string_111" HPOS="368" VPOS="595" WIDTH="68" HEIGHT="13" WC="0.96" CONTENT="annan"/><SP WIDTH="17" VPOS="595" HPOS="436"/>
							<String ID="string_112" HPOS="453" VPOS="589" WIDTH="38" HEIGHT="19" WC="0.96" CONTENT="och"/><SP WIDTH="16" VPOS="589" HPOS="491"/>
							<String ID="string_113" HPOS="507" VPOS="589" WIDTH="51" HEIGHT="19" WC="0.93" CONTENT="sista"/><SP WIDTH="16" VPOS="589" HPOS="558"/>
							<String ID="string_114" HPOS="574" VPOS="588" WIDTH="67" HEIGHT="20" WC="0.96" CONTENT="fördel"/><SP WIDTH="18" VPOS="588" HPOS="641"/>
							<String ID="string_115" HPOS="659" VPOS="595" WIDTH="76" HEIGHT="20" WC="0.92" CONTENT="genom"/><SP WIDTH="26" VPOS="595" HPOS="735"/>
							<String ID="string_116" HPOS="761" VPOS="589" WIDTH="161" HEIGHT="27" WC="0.89" CONTENT="sägningsafgif-"/>
						</TextLine>
						<TextLine ID="line_14" HPOS="174" VPOS="622" WIDTH="748" HEIGHT="28">
							<String ID="string_117" HPOS="174" VPOS="626" WIDTH="45" HEIGHT="17" WC="0.93" CONTENT="tens"/><SP WIDTH="17" VPOS="626" HPOS="219"/>
							<String ID="string_118" HPOS="236" VPOS="622" WIDTH="146" HEIGHT="21" WC="0.90" CONTENT="afskaffande?"/><SP WIDTH="15" VPOS="622" HPOS="382"/>
							<String ID="string_119" HPOS="397" VPOS="634" WIDTH="27" HEIGHT="2" WC="0.93" CONTENT="—"/><SP WIDTH="16" VPOS="634" HPOS="424"/>
							<String ID="string_120" HPOS="440" VPOS="622" WIDTH="49" HEIGHT="20" WC="0.96" CONTENT="Icke"/><SP WIDTH="16" VPOS="622" HPOS="489"/>
							<String ID="string_121" HPOS="505" VPOS="623" WIDTH="36" HEIGHT="19" WC="0.96" CONTENT="har"/><SP WIDTH="17" VPOS="623" HPOS="541"/>
							<String ID="string_122" HPOS="558" VPOS="623" WIDTH="35" HEIGHT="19" WC="0.96" CONTENT="det"/><SP WIDTH="16" VPOS="623" HPOS="593"/>
							<String ID="string_123" HPOS="609" VPOS="624" WIDTH="53" HEIGHT="19" WC="0.93" CONTENT="varit"/><SP WIDTH="15" VPOS="624" HPOS="662"/>
							<String ID="string_124" HPOS="677" VPOS="623" WIDTH="122" HEIGHT="27" WC="0.84" CONTENT="sägegaren,"/><SP WIDTH="20" VPOS="623" HPOS="799"/>
							<String ID="string_125" HPOS="819" VPOS="630" WIDTH="43" HEIGHT="14" WC="0.93" CONTENT="som"/><SP WIDTH="24" VPOS="630" HPOS="862"/>
							<String ID="string_126" HPOS="886" VPOS="625" WIDTH="36" HEIGHT="19" WC="0.92" CONTENT="all-"/>
						</TextLine>
						<TextLine ID="line_15" HPOS="173" VPOS="657" WIDTH="748" HEIGHT="21">
							<String ID="string_127" HPOS="173" VPOS="658" WIDTH="29" HEIGHT="20" WC="0.96" CONTENT="tid"/><SP WIDTH="24" VPOS="658" HPOS="202"/>
							<String ID="string_128" HPOS="226" VPOS="661" WIDTH="22" HEIGHT="16" WC="0.96" CONTENT="är"/><SP WIDTH="24" VPOS="661" HPOS="248"/>
							<String ID="string_129" HPOS="272" VPOS="658" WIDTH="39" HEIGHT="19" WC="0.93" CONTENT="och"/><SP WIDTH="24" VPOS="658" HPOS="311"/>
							<String ID="string_130" HPOS="335" VPOS="657" WIDTH="72" HEIGHT="20" WC="0.95" CONTENT="förblir"/><SP WIDTH="23" VPOS="657" HPOS="407"/>
							<String ID="string_131" HPOS="430" VPOS="657" WIDTH="74" HEIGHT="20" WC="0.96" CONTENT="endast"/><SP WIDTH="23" VPOS="657" HPOS="504"/>
							<String ID="string_132" HPOS="527" VPOS="664" WIDTH="25" HEIGHT="12" WC="0.92" CONTENT="en"/><SP WIDTH="24" VPOS="664" HPOS="552"/>
							<String ID="string_133" HPOS="576" VPOS="657" WIDTH="147" HEIGHT="20" WC="0.96" CONTENT="förmedlare"/><SP WIDTH="-6" VPOS="657" HPOS="723"/>
							<String ID="string_134" HPOS="717" VPOS="653" WIDTH="12" HEIGHT="35" WC="0.96" CONTENT="i"/><SP WIDTH="14" VPOS="653" HPOS="729"/>
							<String ID="string_135" HPOS="743" VPOS="658" WIDTH="65" HEIGHT="20" WC="0.93" CONTENT="saken"/><SP WIDTH="24" VPOS="658" HPOS="808"/>
							<String ID="string_136" HPOS="832" VPOS="658" WIDTH="89" HEIGHT="20" WC="0.94" CONTENT="emellan"/>
						</TextLine>
						<TextLine ID="line_16" HPOS="172" VPOS="691" WIDTH="748" HEIGHT="28">
							<String ID="string_137" HPOS="172" VPOS="692" WIDTH="144" HEIGHT="27" WC="0.92" CONTENT="skogsegaren"/><SP WIDTH="17" VPOS="692" HPOS="316"/>
							<String ID="string_138" HPOS="333" VPOS="692" WIDTH="37" HEIGHT="19" WC="0.96" CONTENT="och"/><SP WIDTH="18" VPOS="692" HPOS="370"/>
							<String ID="string_139" HPOS="388" VPOS="691" WIDTH="39" HEIGHT="20" WC="0.96" CONTENT="den"/><SP WIDTH="25" VPOS="691" HPOS="427"/>
							<String ID="string_140" HPOS="452" VPOS="698" WIDTH="62" HEIGHT="13" WC="0.92" CONTENT="varan"/><SP WIDTH="29" VPOS="698" HPOS="514"/>
							<String ID="string_141" HPOS="543" VPOS="692" WIDTH="132" HEIGHT="20" WC="0.91" CONTENT="behöfvande"/><SP WIDTH="20" VPOS="692" HPOS="675"/>
							<String ID="string_142" HPOS="695" VPOS="692" WIDTH="145" HEIGHT="27" WC="0.87" CONTENT="utländingen."/><SP WIDTH="30" VPOS="692" HPOS="840"/>
							<String ID="string_143" HPOS="870" VPOS="692" WIDTH="50" HEIGHT="27" WC="0.90" CONTENT="Säg-"/>
						</TextLine>
						<TextLine ID="line_17" HPOS="172" VPOS="725" WIDTH="746" HEIGHT="29">
							<String ID="string_144" HPOS="172" VPOS="734" WIDTH="78" HEIGHT="20" WC="0.91" CONTENT="egaren"/><SP WIDTH="20" VPOS="734" HPOS="250"/>
							<String ID="string_145" HPOS="270" VPOS="726" WIDTH="40" HEIGHT="20" WC="0.96" CONTENT="kan"/><SP WIDTH="18" VPOS="726" HPOS="310"/>
							<String ID="string_146" HPOS="328" VPOS="726" WIDTH="23" HEIGHT="26" WC="0.96" CONTENT="ju"/><SP WIDTH="16" VPOS="726" HPOS="351"/>
							<String ID="string_147" HPOS="367" VPOS="726" WIDTH="58" HEIGHT="19" WC="0.96" CONTENT="alltid"/><SP WIDTH="16" VPOS="726" HPOS="425"/>
							<String ID="string_148" HPOS="441" VPOS="726" WIDTH="95" HEIGHT="19" WC="0.96" CONTENT="fortsätta"/><SP WIDTH="16" VPOS="726" HPOS="536"/>
							<String ID="string_149" HPOS="552" VPOS="726" WIDTH="47" HEIGHT="20" WC="0.93" CONTENT="med"/><SP WIDTH="16" VPOS="726" HPOS="599"/>
							<String ID="string_150" HPOS="615" VPOS="725" WIDTH="102" HEIGHT="21" WC="0.89" CONTENT="industrin"/><SP WIDTH="17" VPOS="725" HPOS="717"/>
							<String ID="string_151" HPOS="734" VPOS="726" WIDTH="22" HEIGHT="20" WC="0.97" CONTENT="sä"/><SP WIDTH="15" VPOS="726" HPOS="756"/>
							<String ID="string_152" HPOS="771" VPOS="726" WIDTH="62" HEIGHT="26" WC="0.93" CONTENT="länge"/><SP WIDTH="20" VPOS="726" HPOS="833"/>
							<String ID="string_153" HPOS="853" VPOS="726" WIDTH="65" HEIGHT="20" WC="0.91" CONTENT="räma-"/>
						</TextLine>
						<TextLine ID="line_18" HPOS="170" VPOS="760" WIDTH="749" HEIGHT="27">
							<String ID="string_154" HPOS="170" VPOS="761" WIDTH="84" HEIGHT="20" WC="0.91" CONTENT="terialet"/><SP WIDTH="16" VPOS="761" HPOS="254"/>
							<String ID="string_155" HPOS="270" VPOS="761" WIDTH="47" HEIGHT="19" WC="0.95" CONTENT="icke"/><SP WIDTH="16" VPOS="761" HPOS="317"/>
							<String ID="string_156" HPOS="333" VPOS="766" WIDTH="75" HEIGHT="21" WC="0.93" CONTENT="genom"/><SP WIDTH="16" VPOS="766" HPOS="408"/>
							<String ID="string_157" HPOS="424" VPOS="760" WIDTH="77" HEIGHT="26" WC="0.95" CONTENT="pålagd"/><SP WIDTH="16" VPOS="760" HPOS="501"/>
							<String ID="string_158" HPOS="517" VPOS="760" WIDTH="56" HEIGHT="20" WC="0.96" CONTENT="skatt"/><SP WIDTH="15" VPOS="760" HPOS="573"/>
							<String ID="string_159" HPOS="588" VPOS="761" WIDTH="59" HEIGHT="19" WC="0.96" CONTENT="lönar"/><SP WIDTH="16" VPOS="761" HPOS="647"/>
							<String ID="string_160" HPOS="663" VPOS="760" WIDTH="32" HEIGHT="26" WC="0.93" CONTENT="sig"/><SP WIDTH="15" VPOS="760" HPOS="695"/>
							<String ID="string_161" HPOS="710" VPOS="760" WIDTH="94" HEIGHT="20" WC="0.93" CONTENT="hvarken"/><SP WIDTH="16" VPOS="760" HPOS="804"/>
							<String ID="string_162" HPOS="820" VPOS="763" WIDTH="30" HEIGHT="17" WC="0.96" CONTENT="att"/><SP WIDTH="18" VPOS="763" HPOS="850"/>
							<String ID="string_163" HPOS="868" VPOS="760" WIDTH="51" HEIGHT="26" WC="0.96" CONTENT="sälja"/>
						</TextLine>
						<TextLine ID="line_19" HPOS="170" VPOS="794" WIDTH="748" HEIGHT="27">
							<String ID="string_164" HPOS="170" VPOS="796" WIDTH="52" HEIGHT="19" WC="0.95" CONTENT="eller"/><SP WIDTH="16" VPOS="796" HPOS="222"/>
							<String ID="string_165" HPOS="238" VPOS="795" WIDTH="62" HEIGHT="26" WC="0.95" CONTENT="köpa,"/><SP WIDTH="17" VPOS="795" HPOS="300"/>
							<String ID="string_166" HPOS="317" VPOS="795" WIDTH="51" HEIGHT="19" WC="0.96" CONTENT="eller"/><SP WIDTH="15" VPOS="795" HPOS="368"/>
							<String ID="string_167" HPOS="383" VPOS="794" WIDTH="182" HEIGHT="26" WC="0.96" CONTENT="konjunkturerna"/><SP WIDTH="14" VPOS="794" HPOS="565"/>
							<String ID="string_168" HPOS="579" VPOS="794" WIDTH="28" HEIGHT="26" WC="0.93" CONTENT="på"/><SP WIDTH="16" VPOS="794" HPOS="607"/>
							<String ID="string_169" HPOS="623" VPOS="794" WIDTH="198" HEIGHT="20" WC="0.91" CONTENT="verldsmarknaden"/><SP WIDTH="12" VPOS="794" HPOS="821"/>
							<String ID="string_170" HPOS="833" VPOS="795" WIDTH="30" HEIGHT="19" WC="0.96" CONTENT="till"/><SP WIDTH="15" VPOS="795" HPOS="863"/>
							<String ID="string_171" HPOS="878" VPOS="794" WIDTH="40" HEIGHT="20" WC="0.96" CONTENT="den"/>
						</TextLine>
						<TextLine ID="line_20" HPOS="169" VPOS="828" WIDTH="748" HEIGHT="28">
							<String ID="string_172" HPOS="169" VPOS="830" WIDTH="51" HEIGHT="26" WC="0.96" CONTENT="grad"/><SP WIDTH="25" VPOS="830" HPOS="220"/>
							<String ID="string_173" HPOS="245" VPOS="830" WIDTH="119" HEIGHT="22" WC="0.96" CONTENT="försämras,"/><SP WIDTH="24" VPOS="830" HPOS="364"/>
							<String ID="string_174" HPOS="388" VPOS="831" WIDTH="29" HEIGHT="16" WC="0.96" CONTENT="att"/><SP WIDTH="22" VPOS="831" HPOS="417"/>
							<String ID="string_175" HPOS="439" VPOS="829" WIDTH="40" HEIGHT="18" WC="0.91" CONTENT="han"/><SP WIDTH="24" VPOS="829" HPOS="479"/>
							<String ID="string_176" HPOS="503" VPOS="829" WIDTH="45" HEIGHT="19" WC="0.96" CONTENT="från"/><SP WIDTH="17" VPOS="829" HPOS="548"/>
							<String ID="string_177" HPOS="565" VPOS="828" WIDTH="78" HEIGHT="20" WC="0.96" CONTENT="affären"/><SP WIDTH="17" VPOS="828" HPOS="643"/>
							<String ID="string_178" HPOS="660" VPOS="830" WIDTH="18" HEIGHT="24" WC="0.96" CONTENT="ej"/><SP WIDTH="17" VPOS="830" HPOS="678"/>
							<String ID="string_179" HPOS="695" VPOS="828" WIDTH="41" HEIGHT="20" WC="0.96" CONTENT="kan"/><SP WIDTH="18" VPOS="828" HPOS="736"/>
							<String ID="string_180" HPOS="754" VPOS="830" WIDTH="62" HEIGHT="17" WC="0.96" CONTENT="vänta"/><SP WIDTH="14" VPOS="830" HPOS="816"/>
							<String ID="string_181" HPOS="830" VPOS="828" WIDTH="32" HEIGHT="27" WC="0.93" CONTENT="sig"/><SP WIDTH="16" VPOS="828" HPOS="862"/>
							<String ID="string_182" HPOS="878" VPOS="828" WIDTH="39" HEIGHT="20" WC="0.92" CONTENT="till-"/>
						</TextLine>
						<TextLine ID="line_21" HPOS="169" VPOS="862" WIDTH="748" HEIGHT="27">
							<String ID="string_183" HPOS="169" VPOS="863" WIDTH="68" HEIGHT="26" WC="0.92" CONTENT="börlig"/><SP WIDTH="16" VPOS="863" HPOS="237"/>
							<String ID="string_184" HPOS="253" VPOS="863" WIDTH="63" HEIGHT="25" WC="0.96" CONTENT="vinst,"/><SP WIDTH="15" VPOS="863" HPOS="316"/>
							<String ID="string_185" HPOS="331" VPOS="862" WIDTH="81" HEIGHT="20" WC="0.96" CONTENT="hvilket"/><SP WIDTH="16" VPOS="862" HPOS="412"/>
							<String ID="string_186" HPOS="428" VPOS="869" WIDTH="26" HEIGHT="13" WC="0.96" CONTENT="nu"/><SP WIDTH="16" VPOS="869" HPOS="454"/>
							<String ID="string_187" HPOS="470" VPOS="863" WIDTH="99" HEIGHT="26" WC="0.96" CONTENT="gällande"/><SP WIDTH="16" VPOS="863" HPOS="569"/>
							<String ID="string_188" HPOS="585" VPOS="863" WIDTH="146" HEIGHT="25" WC="0.95" CONTENT="författningar"/><SP WIDTH="16" VPOS="863" HPOS="731"/>
							<String ID="string_189" HPOS="747" VPOS="862" WIDTH="38" HEIGHT="20" WC="0.93" CONTENT="och"/><SP WIDTH="19" VPOS="862" HPOS="785"/>
							<String ID="string_190" HPOS="804" VPOS="865" WIDTH="113" HEIGHT="17" WC="0.92" CONTENT="närvaran-"/>
						</TextLine>
						<TextLine ID="line_22" HPOS="168" VPOS="897" WIDTH="409" HEIGHT="26">
							<String ID="string_191" HPOS="168" VPOS="898" WIDTH="26" HEIGHT="19" WC="0.96" CONTENT="de"/><SP WIDTH="16" VPOS="898" HPOS="194"/>
							<String ID="string_192" HPOS="210" VPOS="897" WIDTH="154" HEIGHT="26" WC="0.96" CONTENT="konjunkturer"/><SP WIDTH="15" VPOS="897" HPOS="364"/>
							<String ID="string_193" HPOS="379" VPOS="897" WIDTH="47" HEIGHT="19" WC="0.96" CONTENT="icke"/><SP WIDTH="16" VPOS="897" HPOS="426"/>
							<String ID="string_194" HPOS="442" VPOS="897" WIDTH="41" HEIGHT="20" WC="0.96" CONTENT="låta"/><SP WIDTH="17" VPOS="897" HPOS="483"/>
							<String ID="string_195" HPOS="500" VPOS="897" WIDTH="77" HEIGHT="20" WC="0.96" CONTENT="befara."/>
						</TextLine>
					</TextBlock>
					<TextBlock ID="block_3" HPOS="160" VPOS="931" WIDTH="757" HEIGHT="336">
						<TextLine ID="line_23" HPOS="236" VPOS="931" WIDTH="681" HEIGHT="26">
							<String ID="string_196" HPOS="236" VPOS="931" WIDTH="108" HEIGHT="21" WC="0.96" CONTENT="Utskottet"/><SP WIDTH="15" VPOS="931" HPOS="344"/>
							<String ID="string_197" HPOS="359" VPOS="937" WIDTH="60" HEIGHT="14" WC="0.96" CONTENT="anser"/><SP WIDTH="15" VPOS="937" HPOS="419"/>
							<String ID="string_198" HPOS="434" VPOS="931" WIDTH="78" HEIGHT="26" WC="0.96" CONTENT="vidare,"/><SP WIDTH="19" VPOS="931" HPOS="512"/>
							<String ID="string_199" HPOS="531" VPOS="934" WIDTH="30" HEIGHT="17" WC="0.96" CONTENT="att"/><SP WIDTH="20" VPOS="934" HPOS="561"/>
							<String ID="string_200" HPOS="581" VPOS="939" WIDTH="26" HEIGHT="12" WC="0.94" CONTENT="nu"/><SP WIDTH="20" VPOS="939" HPOS="607"/>
							<String ID="string_201" HPOS="627" VPOS="931" WIDTH="160" HEIGHT="26" WC="0.93" CONTENT="ifrågavarande"/><SP WIDTH="21" VPOS="931" HPOS="787"/>
							<String ID="string_202" HPOS="808" VPOS="931" WIDTH="109" HEIGHT="26" WC="0.91" CONTENT="sågnings-"/>
						</TextLine>
						<TextLine ID="line_24" HPOS="167" VPOS="965" WIDTH="747" HEIGHT="28">
							<String ID="string_203" HPOS="167" VPOS="967" WIDTH="61" HEIGHT="26" WC="0.91" CONTENT="afgift"/><SP WIDTH="15" VPOS="967" HPOS="228"/>
							<String ID="string_204" HPOS="243" VPOS="966" WIDTH="105" HEIGHT="20" WC="0.96" CONTENT="försvårar"/><SP WIDTH="15" VPOS="966" HPOS="348"/>
							<String ID="string_205" HPOS="363" VPOS="965" WIDTH="159" HEIGHT="20" WC="0.96" CONTENT="konkurrensen"/><SP WIDTH="17" VPOS="965" HPOS="522"/>
							<String ID="string_206" HPOS="539" VPOS="966" WIDTH="31" HEIGHT="19" WC="0.96" CONTENT="för"/><SP WIDTH="16" VPOS="966" HPOS="570"/>
							<String ID="string_207" HPOS="586" VPOS="965" WIDTH="49" HEIGHT="20" WC="0.93" CONTENT="våra"/><SP WIDTH="20" VPOS="965" HPOS="635"/>
							<String ID="string_208" HPOS="655" VPOS="965" WIDTH="102" HEIGHT="27" WC="0.90" CONTENT="sågegare"/><SP WIDTH="21" VPOS="965" HPOS="757"/>
							<String ID="string_209" HPOS="778" VPOS="965" WIDTH="46" HEIGHT="20" WC="0.96" CONTENT="med"/><SP WIDTH="20" VPOS="965" HPOS="824"/>
							<String ID="string_210" HPOS="844" VPOS="965" WIDTH="26" HEIGHT="20" WC="0.92" CONTENT="de"/><SP WIDTH="15" VPOS="965" HPOS="870"/>
							<String ID="string_211" HPOS="885" VPOS="969" WIDTH="29" HEIGHT="16" WC="0.92" CONTENT="ut-"/>
						</TextLine>
						<TextLine ID="line_25" HPOS="166" VPOS="999" WIDTH="748" HEIGHT="28">
							<String ID="string_212" HPOS="166" VPOS="1000" WIDTH="96" HEIGHT="26" WC="0.92" CONTENT="ländske,"/><SP WIDTH="16" VPOS="1000" HPOS="262"/>
							<String ID="string_213" HPOS="278" VPOS="1003" WIDTH="50" HEIGHT="17" WC="0.96" CONTENT="enär"/><SP WIDTH="16" VPOS="1003" HPOS="328"/>
							<String ID="string_214" HPOS="344" VPOS="1006" WIDTH="25" HEIGHT="13" WC="0.96" CONTENT="en"/><SP WIDTH="16" VPOS="1006" HPOS="369"/>
							<String ID="string_215" HPOS="385" VPOS="999" WIDTH="43" HEIGHT="20" WC="0.96" CONTENT="lika"/><SP WIDTH="16" VPOS="999" HPOS="428"/>
							<String ID="string_216" HPOS="444" VPOS="1000" WIDTH="108" HEIGHT="20" WC="0.93" CONTENT="beskaffad"/><SP WIDTH="16" VPOS="1000" HPOS="552"/>
							<String ID="string_217" HPOS="568" VPOS="999" WIDTH="163" HEIGHT="28" WC="0.92" CONTENT="sågningsafgift"/><SP WIDTH="15" VPOS="999" HPOS="731"/>
							<String ID="string_218" HPOS="746" VPOS="999" WIDTH="47" HEIGHT="20" WC="0.96" CONTENT="icke"/><SP WIDTH="19" VPOS="999" HPOS="793"/>
							<String ID="string_219" HPOS="812" VPOS="999" WIDTH="102" HEIGHT="20" WC="0.95" CONTENT="existerar"/>
						</TextLine>
						<TextLine ID="line_26" HPOS="165" VPOS="1033" WIDTH="747" HEIGHT="28">
							<String ID="string_220" HPOS="165" VPOS="1034" WIDTH="37" HEIGHT="20" WC="0.93" CONTENT="hos"/><SP WIDTH="16" VPOS="1034" HPOS="202"/>
							<String ID="string_221" HPOS="218" VPOS="1034" WIDTH="145" HEIGHT="27" WC="0.91" CONTENT="utländingen,"/><SP WIDTH="25" VPOS="1034" HPOS="363"/>
							<String ID="string_222" HPOS="388" VPOS="1040" WIDTH="45" HEIGHT="13" WC="0.94" CONTENT="men"/><SP WIDTH="25" VPOS="1040" HPOS="433"/>
							<String ID="string_223" HPOS="458" VPOS="1034" WIDTH="120" HEIGHT="20" WC="0.91" CONTENT="framhåller"/><SP WIDTH="16" VPOS="1034" HPOS="578"/>
							<String ID="string_224" HPOS="594" VPOS="1036" WIDTH="66" HEIGHT="17" WC="0.93" CONTENT="straxt"/><SP WIDTH="16" VPOS="1036" HPOS="660"/>
							<String ID="string_225" HPOS="676" VPOS="1033" WIDTH="71" HEIGHT="26" WC="0.91" CONTENT="derpå,"/><SP WIDTH="17" VPOS="1033" HPOS="747"/>
							<String ID="string_226" HPOS="764" VPOS="1033" WIDTH="96" HEIGHT="20" WC="0.91" CONTENT="hurusom"/><SP WIDTH="12" VPOS="1033" HPOS="860"/>
							<String ID="string_227" HPOS="872" VPOS="1033" WIDTH="40" HEIGHT="20" WC="0.95" CONTENT="den"/>
						</TextLine>
						<TextLine ID="line_27" HPOS="164" VPOS="1067" WIDTH="748" HEIGHT="28">
							<String ID="string_228" HPOS="164" VPOS="1069" WIDTH="100" HEIGHT="26" WC="0.96" CONTENT="inkomst,"/><SP WIDTH="23" VPOS="1069" HPOS="264"/>
							<String ID="string_229" HPOS="287" VPOS="1075" WIDTH="44" HEIGHT="13" WC="0.96" CONTENT="som"/><SP WIDTH="24" VPOS="1075" HPOS="331"/>
							<String ID="string_230" HPOS="355" VPOS="1075" WIDTH="75" HEIGHT="20" WC="0.92" CONTENT="genom"/><SP WIDTH="24" VPOS="1075" HPOS="430"/>
							<String ID="string_231" HPOS="454" VPOS="1068" WIDTH="199" HEIGHT="27" WC="0.85" CONTENT="sägningsafgiftens"/><SP WIDTH="27" VPOS="1068" HPOS="653"/>
							<String ID="string_232" HPOS="680" VPOS="1067" WIDTH="130" HEIGHT="20" WC="0.92" CONTENT="afskaffande"/><SP WIDTH="24" VPOS="1067" HPOS="810"/>
							<String ID="string_233" HPOS="834" VPOS="1068" WIDTH="30" HEIGHT="19" WC="0.96" CONTENT="till"/><SP WIDTH="23" VPOS="1068" HPOS="864"/>
							<String ID="string_234" HPOS="887" VPOS="1075" WIDTH="25" HEIGHT="13" WC="0.97" CONTENT="en"/>
						</TextLine>
						<TextLine ID="line_28" HPOS="165" VPOS="1102" WIDTH="746" HEIGHT="27">
							<String ID="string_235" HPOS="165" VPOS="1103" WIDTH="72" HEIGHT="26" WC="0.93" CONTENT="början"/><SP WIDTH="16" VPOS="1103" HPOS="237"/>
							<String ID="string_236" HPOS="253" VPOS="1103" WIDTH="103" HEIGHT="20" WC="0.91" CONTENT="bereddes"/><SP WIDTH="16" VPOS="1103" HPOS="356"/>
							<String ID="string_237" HPOS="372" VPOS="1102" WIDTH="123" HEIGHT="27" WC="0.92" CONTENT="sägegaren,"/><SP WIDTH="12" VPOS="1102" HPOS="495"/>
							<String ID="string_238" HPOS="507" VPOS="1103" WIDTH="24" HEIGHT="20" WC="0.96" CONTENT="af"/><SP WIDTH="8" VPOS="1103" HPOS="531"/>
							<String ID="string_239" HPOS="539" VPOS="1109" WIDTH="26" HEIGHT="13" WC="0.93" CONTENT="en"/><SP WIDTH="12" VPOS="1109" HPOS="565"/>
							<String ID="string_240" HPOS="577" VPOS="1102" WIDTH="111" HEIGHT="27" WC="0.90" CONTENT="sjelffallen"/><SP WIDTH="12" VPOS="1102" HPOS="688"/>
							<String ID="string_241" HPOS="700" VPOS="1102" WIDTH="132" HEIGHT="20" WC="0.92" CONTENT="konkurrens"/><SP WIDTH="12" VPOS="1102" HPOS="832"/>
							<String ID="string_242" HPOS="844" VPOS="1102" WIDTH="67" HEIGHT="20" WC="0.96" CONTENT="skulle"/>
						</TextLine>
						<TextLine ID="line_29" HPOS="163" VPOS="1137" WIDTH="748" HEIGHT="27">
							<String ID="string_243" HPOS="163" VPOS="1137" WIDTH="85" HEIGHT="20" WC="0.96" CONTENT="komma"/><SP WIDTH="16" VPOS="1137" HPOS="248"/>
							<String ID="string_244" HPOS="264" VPOS="1137" WIDTH="74" HEIGHT="20" WC="0.93" CONTENT="endast"/><SP WIDTH="15" VPOS="1137" HPOS="338"/>
							<String ID="string_245" HPOS="353" VPOS="1137" WIDTH="142" HEIGHT="27" WC="0.92" CONTENT="skogsegaren"/><SP WIDTH="17" VPOS="1137" HPOS="495"/>
							<String ID="string_246" HPOS="512" VPOS="1137" WIDTH="29" HEIGHT="20" WC="0.93" CONTENT="till"/><SP WIDTH="16" VPOS="1137" HPOS="541"/>
							<String ID="string_247" HPOS="557" VPOS="1137" WIDTH="62" HEIGHT="26" WC="0.96" CONTENT="godo."/><SP WIDTH="22" VPOS="1137" HPOS="619"/>
							<String ID="string_248" HPOS="641" VPOS="1137" WIDTH="32" HEIGHT="20" WC="0.93" CONTENT="Då"/><SP WIDTH="15" VPOS="1137" HPOS="673"/>
							<String ID="string_249" HPOS="688" VPOS="1137" WIDTH="101" HEIGHT="20" WC="0.59" CONTENT="utskottet"/><SP WIDTH="18" VPOS="1137" HPOS="789"/>
							<String ID="string_250" HPOS="807" VPOS="1137" WIDTH="104" HEIGHT="20" WC="0.95" CONTENT="erkänner"/>
						</TextLine>
						<TextLine ID="line_30" HPOS="162" VPOS="1171" WIDTH="748" HEIGHT="20">
							<String ID="string_251" HPOS="162" VPOS="1171" WIDTH="141" HEIGHT="20" WC="0.96" CONTENT="förhållandet"/><SP WIDTH="23" VPOS="1171" HPOS="303"/>
							<String ID="string_252" HPOS="326" VPOS="1177" WIDTH="50" HEIGHT="14" WC="0.93" CONTENT="vara"/><SP WIDTH="22" VPOS="1177" HPOS="376"/>
							<String ID="string_253" HPOS="398" VPOS="1171" WIDTH="75" HEIGHT="20" WC="0.92" CONTENT="sådant"/><SP WIDTH="19" VPOS="1171" HPOS="473"/>
							<String ID="string_254" HPOS="492" VPOS="1183" WIDTH="17" HEIGHT="2" WC="0.91" CONTENT="—"/><SP WIDTH="22" VPOS="1183" HPOS="509"/>
							<String ID="string_255" HPOS="531" VPOS="1172" WIDTH="38" HEIGHT="19" WC="0.93" CONTENT="och"/><SP WIDTH="24" VPOS="1172" HPOS="569"/>
							<String ID="string_256" HPOS="593" VPOS="1171" WIDTH="73" HEIGHT="20" WC="0.96" CONTENT="sådant"/><SP WIDTH="19" VPOS="1171" HPOS="666"/>
							<String ID="string_257" HPOS="685" VPOS="1174" WIDTH="22" HEIGHT="17" WC="0.96" CONTENT="är"/><SP WIDTH="20" VPOS="1174" HPOS="707"/>
							<String ID="string_258" HPOS="727" VPOS="1171" WIDTH="35" HEIGHT="20" WC="0.93" CONTENT="det"/><SP WIDTH="17" VPOS="1171" HPOS="762"/>
							<String ID="string_259" HPOS="779" VPOS="1183" WIDTH="22" HEIGHT="2" WC="0.88" CONTENT="—"/><SP WIDTH="19" VPOS="1183" HPOS="801"/>
							<String ID="string_260" HPOS="820" VPOS="1171" WIDTH="41" HEIGHT="20" WC="0.96" CONTENT="kan"/><SP WIDTH="17" VPOS="1171" HPOS="861"/>
							<String ID="string_261" HPOS="878" VPOS="1172" WIDTH="32" HEIGHT="19" WC="0.96" CONTENT="väl"/>
						</TextLine>
						<TextLine ID="line_31" HPOS="161" VPOS="1205" WIDTH="748" HEIGHT="28">
							<String ID="string_262" HPOS="161" VPOS="1205" WIDTH="190" HEIGHT="26" WC="0.86" CONTENT="sägningsafgiften"/><SP WIDTH="22" VPOS="1205" HPOS="351"/>
							<String ID="string_263" HPOS="373" VPOS="1205" WIDTH="60" HEIGHT="20" WC="0.95" CONTENT="äfven"/><SP WIDTH="26" VPOS="1205" HPOS="433"/>
							<String ID="string_264" HPOS="459" VPOS="1205" WIDTH="36" HEIGHT="20" WC="0.93" CONTENT="här"/><SP WIDTH="18" VPOS="1205" HPOS="495"/>
							<String ID="string_265" HPOS="513" VPOS="1206" WIDTH="95" HEIGHT="20" WC="0.92" CONTENT="hvarken"/><SP WIDTH="21" VPOS="1206" HPOS="608"/>
							<String ID="string_266" HPOS="629" VPOS="1212" WIDTH="70" HEIGHT="20" WC="0.95" CONTENT="gagna"/><SP WIDTH="16" VPOS="1212" HPOS="699"/>
							<String ID="string_267" HPOS="715" VPOS="1205" WIDTH="52" HEIGHT="20" WC="0.96" CONTENT="eller"/><SP WIDTH="15" VPOS="1205" HPOS="767"/>
							<String ID="string_268" HPOS="782" VPOS="1205" WIDTH="66" HEIGHT="20" WC="0.93" CONTENT="skada"/><SP WIDTH="16" VPOS="1205" HPOS="848"/>
							<String ID="string_269" HPOS="864" VPOS="1206" WIDTH="45" HEIGHT="27" WC="0.92" CONTENT="säg-"/>
						</TextLine>
						<TextLine ID="line_32" HPOS="160" VPOS="1239" WIDTH="750" HEIGHT="28">
							<String ID="string_270" HPOS="160" VPOS="1246" WIDTH="85" HEIGHT="20" WC="0.91" CONTENT="egaren,"/><SP WIDTH="24" VPOS="1246" HPOS="245"/>
							<String ID="string_271" HPOS="269" VPOS="1246" WIDTH="45" HEIGHT="13" WC="0.96" CONTENT="som"/><SP WIDTH="24" VPOS="1246" HPOS="314"/>
							<String ID="string_272" HPOS="338" VPOS="1239" WIDTH="34" HEIGHT="20" WC="0.91" CONTENT="vid"/><SP WIDTH="23" VPOS="1239" HPOS="372"/>
							<String ID="string_273" HPOS="395" VPOS="1239" WIDTH="84" HEIGHT="27" WC="0.95" CONTENT="uppköp"/><SP WIDTH="24" VPOS="1239" HPOS="479"/>
							<String ID="string_274" HPOS="503" VPOS="1240" WIDTH="22" HEIGHT="19" WC="0.93" CONTENT="af"/><SP WIDTH="16" VPOS="1240" HPOS="525"/>
							<String ID="string_275" HPOS="541" VPOS="1240" WIDTH="59" HEIGHT="19" WC="0.95" CONTENT="stock"/><SP WIDTH="17" VPOS="1240" HPOS="600"/>
							<String ID="string_276" HPOS="617" VPOS="1247" WIDTH="41" HEIGHT="19" WC="0.93" CONTENT="nog"/><SP WIDTH="16" VPOS="1247" HPOS="658"/>
							<String ID="string_277" HPOS="674" VPOS="1239" WIDTH="52" HEIGHT="20" WC="0.96" CONTENT="låter"/><SP WIDTH="19" VPOS="1239" HPOS="726"/>
							<String ID="string_278" HPOS="745" VPOS="1239" WIDTH="40" HEIGHT="20" WC="0.93" CONTENT="alla"/><SP WIDTH="18" VPOS="1239" HPOS="785"/>
							<String ID="string_279" HPOS="803" VPOS="1245" WIDTH="64" HEIGHT="15" WC="0.91" CONTENT="onera"/><SP WIDTH="15" VPOS="1245" HPOS="867"/>
							<String ID="string_280" HPOS="882" VPOS="1241" WIDTH="28" HEIGHT="26" WC="0.96" CONTENT="pä"/>
						</TextLine>
					</TextBlock>
				</ComposedBlock>
				<ComposedBlock ID="cblock_2" HPOS="158" VPOS="1273" WIDTH="750" HEIGHT="62">
					<TextBlock ID="block_4" HPOS="158" VPOS="1273" WIDTH="750" HEIGHT="62">
						<TextLine ID="line_33" HPOS="160" VPOS="1273" WIDTH="748" HEIGHT="27">
							<String ID="string_281" HPOS="160" VPOS="1280" WIDTH="63" HEIGHT="13" WC="0.93" CONTENT="varan"/><SP WIDTH="16" VPOS="1280" HPOS="223"/>
							<String ID="string_282" HPOS="239" VPOS="1274" WIDTH="51" HEIGHT="26" WC="0.95" CONTENT="ingå"/><SP WIDTH="16" VPOS="1274" HPOS="290"/>
							<String ID="string_283" HPOS="306" VPOS="1274" WIDTH="28" HEIGHT="19" WC="0.96" CONTENT="uti"/><SP WIDTH="16" VPOS="1274" HPOS="334"/>
							<String ID="string_284" HPOS="350" VPOS="1274" WIDTH="36" HEIGHT="19" WC="0.93" CONTENT="sitt"/><SP WIDTH="14" VPOS="1274" HPOS="386"/>
							<String ID="string_285" HPOS="400" VPOS="1274" WIDTH="139" HEIGHT="26" WC="0.91" CONTENT="uppköpspris"/><SP WIDTH="17" VPOS="1274" HPOS="539"/>
							<String ID="string_286" HPOS="556" VPOS="1285" WIDTH="23" HEIGHT="3" WC="0.92" CONTENT="—"/><SP WIDTH="19" VPOS="1285" HPOS="579"/>
							<String ID="string_287" HPOS="598" VPOS="1274" WIDTH="23" HEIGHT="19" WC="0.93" CONTENT="sä"/><SP WIDTH="15" VPOS="1274" HPOS="621"/>
							<String ID="string_288" HPOS="636" VPOS="1274" WIDTH="62" HEIGHT="20" WC="0.93" CONTENT="äfven"/><SP WIDTH="15" VPOS="1274" HPOS="698"/>
							<String ID="string_289" HPOS="713" VPOS="1273" WIDTH="195" HEIGHT="27" WC="0.65" CONTENT="sägningsafgiften."/>
						</TextLine>
						<TextLine ID="line_34" HPOS="158" VPOS="1307" WIDTH="748" HEIGHT="28">
							<String ID="string_290" HPOS="158" VPOS="1308" WIDTH="95" HEIGHT="26" WC="0.90" CONTENT="Utgiften"/><SP WIDTH="22" VPOS="1308" HPOS="253"/>
							<String ID="string_291" HPOS="275" VPOS="1307" WIDTH="90" HEIGHT="20" WC="0.96" CONTENT="drabbar"/><SP WIDTH="20" VPOS="1307" HPOS="365"/>
							<String ID="string_292" HPOS="385" VPOS="1309" WIDTH="61" HEIGHT="18" WC="0.92" CONTENT="alltså"/><SP WIDTH="15" VPOS="1309" HPOS="446"/>
							<String ID="string_293" HPOS="461" VPOS="1309" WIDTH="150" HEIGHT="26" WC="0.91" CONTENT="skogsegaren,"/><SP WIDTH="16" VPOS="1309" HPOS="611"/>
							<String ID="string_294" HPOS="627" VPOS="1308" WIDTH="48" HEIGHT="20" WC="0.93" CONTENT="icke"/><SP WIDTH="16" VPOS="1308" HPOS="675"/>
							<String ID="string_295" HPOS="691" VPOS="1308" WIDTH="118" HEIGHT="20" WC="0.92" CONTENT="förädlaren"/><SP WIDTH="17" VPOS="1308" HPOS="809"/>
							<String ID="string_296" HPOS="826" VPOS="1320" WIDTH="26" HEIGHT="2" WC="0.92" CONTENT="—"/><SP WIDTH="16" VPOS="1320" HPOS="852"/>
							<String ID="string_297" HPOS="868" VPOS="1309" WIDTH="38" HEIGHT="19" WC="0.95" CONTENT="och"/>
						</TextLine>
					</TextBlock>
				</ComposedBlock>
				<ComposedBlock ID="cblock_3" HPOS="156" VPOS="1342" WIDTH="750" HEIGHT="94">
					<TextBlock ID="block_5" HPOS="156" VPOS="1342" WIDTH="750" HEIGHT="94">
						<TextLine ID="line_35" HPOS="158" VPOS="1342" WIDTH="748" HEIGHT="27">
							<String ID="string_298" HPOS="158" VPOS="1343" WIDTH="46" HEIGHT="19" WC="0.93" CONTENT="dess"/><SP WIDTH="16" VPOS="1343" HPOS="204"/>
							<String ID="string_299" HPOS="220" VPOS="1342" WIDTH="131" HEIGHT="19" WC="0.92" CONTENT="afskaffande"/><SP WIDTH="17" VPOS="1342" HPOS="351"/>
							<String ID="string_300" HPOS="368" VPOS="1349" WIDTH="48" HEIGHT="13" WC="0.93" CONTENT="vore"/><SP WIDTH="17" VPOS="1349" HPOS="416"/>
							<String ID="string_301" HPOS="433" VPOS="1343" WIDTH="81" HEIGHT="20" WC="0.93" CONTENT="säledes"/><SP WIDTH="16" VPOS="1343" HPOS="514"/>
							<String ID="string_302" HPOS="530" VPOS="1343" WIDTH="31" HEIGHT="19" WC="0.96" CONTENT="till"/><SP WIDTH="16" VPOS="1343" HPOS="561"/>
							<String ID="string_303" HPOS="577" VPOS="1343" WIDTH="39" HEIGHT="20" WC="0.93" CONTENT="den"/><SP WIDTH="17" VPOS="1343" HPOS="616"/>
							<String ID="string_304" HPOS="633" VPOS="1343" WIDTH="66" HEIGHT="20" WC="0.93" CONTENT="förres"/><SP WIDTH="16" VPOS="1343" HPOS="699"/>
							<String ID="string_305" HPOS="715" VPOS="1342" WIDTH="67" HEIGHT="19" WC="0.92" CONTENT="fördel"/><SP WIDTH="17" VPOS="1342" HPOS="782"/>
							<String ID="string_306" HPOS="799" VPOS="1353" WIDTH="23" HEIGHT="4" WC="0.92" CONTENT="—"/><SP WIDTH="15" VPOS="1353" HPOS="822"/>
							<String ID="string_307" HPOS="837" VPOS="1342" WIDTH="69" HEIGHT="27" WC="0.92" CONTENT="nägot,"/>
						</TextLine>
						<TextLine ID="line_36" HPOS="156" VPOS="1375" WIDTH="749" HEIGHT="28">
							<String ID="string_308" HPOS="156" VPOS="1383" WIDTH="43" HEIGHT="12" WC="0.93" CONTENT="som"/><SP WIDTH="18" VPOS="1383" HPOS="199"/>
							<String ID="string_309" HPOS="217" VPOS="1375" WIDTH="65" HEIGHT="20" WC="0.94" CONTENT="likväl"/><SP WIDTH="17" VPOS="1375" HPOS="282"/>
							<String ID="string_310" HPOS="299" VPOS="1376" WIDTH="18" HEIGHT="26" WC="0.96" CONTENT="ej"/><SP WIDTH="18" VPOS="1376" HPOS="317"/>
							<String ID="string_311" HPOS="335" VPOS="1383" WIDTH="36" HEIGHT="12" WC="0.96" CONTENT="ens"/><SP WIDTH="16" VPOS="1383" HPOS="371"/>
							<String ID="string_312" HPOS="387" VPOS="1377" WIDTH="59" HEIGHT="19" WC="0.93" CONTENT="torde"/><SP WIDTH="16" VPOS="1377" HPOS="446"/>
							<String ID="string_313" HPOS="462" VPOS="1377" WIDTH="78" HEIGHT="26" WC="0.95" CONTENT="åsyftas"/><SP WIDTH="17" VPOS="1377" HPOS="540"/>
							<String ID="string_314" HPOS="557" VPOS="1378" WIDTH="5" HEIGHT="18" WC="0.96" CONTENT="i"/><SP WIDTH="16" VPOS="1378" HPOS="562"/>
							<String ID="string_315" HPOS="578" VPOS="1377" WIDTH="39" HEIGHT="20" WC="0.93" CONTENT="den"/><SP WIDTH="17" VPOS="1377" HPOS="617"/>
							<String ID="string_316" HPOS="634" VPOS="1377" WIDTH="65" HEIGHT="19" WC="0.93" CONTENT="värda"/><SP WIDTH="18" VPOS="1377" HPOS="699"/>
							<String ID="string_317" HPOS="717" VPOS="1376" WIDTH="123" HEIGHT="26" WC="0.88" CONTENT="petitionen."/><SP WIDTH="32" VPOS="1376" HPOS="840"/>
							<String ID="string_318" HPOS="872" VPOS="1377" WIDTH="33" HEIGHT="20" WC="0.87" CONTENT="Ut-"/>
						</TextLine>
						<TextLine ID="line_37" HPOS="156" VPOS="1410" WIDTH="749" HEIGHT="26">
							<String ID="string_319" HPOS="156" VPOS="1411" WIDTH="75" HEIGHT="19" WC="0.96" CONTENT="skottet"/><SP WIDTH="18" VPOS="1411" HPOS="231"/>
							<String ID="string_320" HPOS="249" VPOS="1410" WIDTH="37" HEIGHT="19" WC="0.96" CONTENT="har"/><SP WIDTH="18" VPOS="1410" HPOS="286"/>
							<String ID="string_321" HPOS="304" VPOS="1410" WIDTH="70" HEIGHT="20" WC="0.93" CONTENT="vidare"/><SP WIDTH="17" VPOS="1410" HPOS="374"/>
							<String ID="string_322" HPOS="391" VPOS="1411" WIDTH="112" HEIGHT="20" WC="0.93" CONTENT="framhållit"/><SP WIDTH="16" VPOS="1411" HPOS="503"/>
							<String ID="string_323" HPOS="519" VPOS="1412" WIDTH="97" HEIGHT="19" WC="0.88" CONTENT="hurusom"/><SP WIDTH="16" VPOS="1412" HPOS="616"/>
							<String ID="string_324" HPOS="632" VPOS="1411" WIDTH="81" HEIGHT="25" WC="0.93" CONTENT="Staten,"/><SP WIDTH="16" VPOS="1411" HPOS="713"/>
							<String ID="string_325" HPOS="729" VPOS="1410" WIDTH="67" HEIGHT="19" WC="0.96" CONTENT="såsom"/><SP WIDTH="18" VPOS="1410" HPOS="796"/>
							<String ID="string_326" HPOS="814" VPOS="1411" WIDTH="91" HEIGHT="20" WC="0.94" CONTENT="varande"/>
						</TextLine>
					</TextBlock>
				</ComposedBlock>
			</PrintSpace>
		</Page>
	</Layout>
</alto>
