1039 1692
400 140 41 17 Den
454 140 20 16 27
489 140 93 18 Februari.
819 141 33 17 203

125 197 99 20 förordna
238 198 76 20 det-en
330 198 88 25 petition
435 198 52 19 skall
504 198 82 20 direkte
602 198 120 20 remitteras
738 198 31 20 till
779 198 95 20 Allmänt

126 232 85 26 utskott,
227 232 23 20 så
265 238 61 14 anser
342 232 37 26 jag
398 232 32 19 för
449 232 42 19 min
508 232 33 20 del
557 234 30 18 att
602 232 64 27 något
681 232 46 20 skäl
745 232 47 20 icke
809 232 66 20 finnes

125 268 30 17 att
179 266 107 20 remittera
308 266 73 26 frågan
405 266 31 19 till
458 266 97 20 Ståndets
575 266 103 20 Enskilda
698 266 177 25 Besvärsutskott,

126 302 48 18 utan
198 300 37 20 bör
255 300 47 26 den,
326 300 66 26 enligt
408 300 42 20 min
467 299 60 27 åsigt,
544 302 75 24 genast
633 300 28 26 gå
679 300 31 20 till
726 300 149 21 Ekonomieut-

125 334 84 20 skottet.

193 368 54 20 Herr
267 368 168 26 Tengström:
455 368 41 20 Det
515 371 24 17 är
558 368 125 27 visserligen
704 368 75 20 tillåtet
797 369 31 19 för
847 371 30 18 ett

126 401 92 21 enskildt
242 402 64 20 Stånd
331 404 29 18 att
378 402 108 20 remittera
505 409 25 13 en
551 402 162 27 petitionsfråga
732 403 30 19 till
782 403 94 20 Allmänt

126 436 84 25 utskott,
237 443 48 13 men
305 436 113 20 tillåtelsen
438 436 71 20 dertill
525 439 23 17 är
563 437 107 26 vilkorlig,
685 437 41 19 den
742 436 61 21 beror
818 444 58 13 nem-

123 470 56 26 ligen
200 470 68 20 deraf:
288 470 47 20 ”om
356 470 87 20 Ståndet
462 470 22 20 så
503 471 32 19 för
554 471 51 26 godt
624 471 89 26 finner”,
729 472 40 19 och
784 473 30 18 ett
830 471 46 20 skäl

124 504 31 20 till
174 505 75 19 sådant
268 504 185 27 förgodtfinnande
471 505 69 19 skulle
557 505 37 27 jag
613 505 54 20 dock
687 505 48 20 icke
756 512 50 13 anse
825 512 51 13 vara

125 539 117 19 förhanden
262 539 6 19 i
289 539 58 19 detta
366 539 43 26 fall,
428 538 68 20 såsom
515 540 37 25 jag
568 539 65 20 redan
649 540 55 19 förut
720 540 37 19 har
772 540 103 20 anmärkt.

126 573 40 19 Det
186 573 54 19 hade
259 573 67 26 enligt
341 574 42 18 min
400 573 55 26 åsigt
470 574 54 19 varit
540 573 45 20 bäst
601 574 39 20 och
655 574 121 26 lämpligast
791 580 33 14 om
840 581 36 19 pe-

127 607 87 19 titionen
234 607 69 19 blifvit
322 607 115 19 framställd
459 607 5 19 i
480 608 165 26 Bondeståndet,
661 610 22 24 ty
699 608 65 20 saken
780 611 34 17 rör
829 611 47 17 när-

126 642 53 18 mast
194 641 91 19 nämnde
301 641 75 26 Stånd;
392 648 46 13 men
460 641 27 20 då
502 642 36 19 det
554 648 26 13 nu
596 642 48 20 icke
660 642 62 25 skett,
738 644 49 18 utan
802 642 74 26 frågan

127 674 73 20 väckts
219 675 43 25 här,
279 675 23 20 så
318 675 66 20 måste
401 682 47 13 man
464 676 33 19 väl
513 678 57 24 yttra
585 676 32 26 sig
633 676 103 20 huruvida
751 683 47 13 man
815 682 62 14 anser

127 708 39 20 den
187 715 51 13 vara
255 710 23 18 af
291 709 65 20 sådan
372 710 50 26 vigt,
438 712 30 17 att
484 710 40 19 den
541 710 38 20 bör
594 710 123 26 hänskjutas
733 710 31 19 till
779 712 30 18 ett
825 710 51 20 eller

125 745 64 17 annat
214 743 80 19 utskott
312 743 39 20 och
371 743 87 20 hvilket.
488 744 42 19 För
551 744 41 19 min
613 744 33 20 del
666 744 68 20 skulle
747 744 37 26 jag
799 744 77 20 föreslå

126 777 102 20 Enskilda
247 778 198 25 Besvärsutskottet,
465 777 74 20 såvida
559 778 73 26 frågan
653 778 18 26 ej
690 778 44 19 helt
752 778 40 20 och
811 778 66 20 hållet

127 811 31 19 får
174 811 88 20 förfalla.

194 845 54 20 Herr
263 846 205 26 Neppenström:
484 845 41 27 Jag
537 845 83 20 förenar
632 846 41 25 mig
686 845 46 20 med
744 845 52 20 Herr
808 845 68 27 Teng-

126 881 63 18 ström
210 879 23 20 så
253 879 87 26 tillvida,
361 882 29 17 att
407 880 37 26 jag
462 886 63 13 anser
543 879 161 27 ifrågavarande
724 879 86 26 petition
826 879 52 20 böra

128 913 122 26 hänskjutas
266 913 31 20 till
314 914 97 20 Ståndets
426 913 104 20 Enskilda
545 913 180 20 Besvärsutskotts
742 913 136 27 behandling.

195 947 67 26 Ingen
281 948 22 19 af
321 947 97 20 Ståndets
442 948 137 19 medlemmar
603 947 93 26 begärde
721 947 71 20 vidare
812 947 66 26 ordet,

127 980 97 21 hvarföre
252 981 146 20 diskussionen
425 981 131 20 förklarades
579 988 50 13 vara
652 981 89 20 afslutad
764 981 38 20 och
825 981 53 20 Herr

127 1015 163 20 Talmannen
306 1016 130 19 framställde
450 1015 31 20 till
499 1015 88 20 Ståndet
602 1015 93 26 följande

194 1049 186 26 Proposition:
400 1050 42 19 Vill
462 1049 91 20 Ståndet
572 1050 108 19 remittera
698 1050 53 19 Herr
772 1050 106 19 Boströms

128 1083 162 26 ifrågavarande
298 1084 179 26 petitionsförslag
488 1084 32 19 till
529 1083 227 25 Ekonomieutskottet,
767 1083 51 20 eller
827 1083 53 20 skall

128 1117 73 26 frågan
218 1117 30 20 till
264 1117 98 20 Ståndets
378 1118 102 19 Enskilda
495 1118 180 19 Besvärsutskotts
687 1117 129 26 behandling
828 1117 50 20 hän-

129 1151 94 26 skjutas?
253 1151 31 20 De
304 1158 44 13 som
369 1152 52 25 hysa
440 1152 39 19 den
500 1152 57 19 förra
572 1151 80 27 åsigten
669 1157 61 14 svara
742 1151 35 26 ja,
793 1151 26 19 de
834 1157 44 13 som

129 1187 57 17 rösta
201 1185 31 20 för
249 1185 41 20 den
306 1192 75 13 senare
397 1192 61 13 svara
473 1187 50 24 nej.

194 1219 162 26 Propositionen
382 1220 126 20 besvarades
534 1220 48 20 med
604 1219 101 20 blandadt
722 1220 25 25 ja
767 1219 39 20 och
826 1219 53 26 nej,

128 1253 96 20 hvarföre
245 1253 88 20 befanns
352 1254 74 26 nödigt
444 1256 30 17 att
493 1254 90 19 anställa
599 1254 102 25 votering,
718 1253 85 20 hvilken
819 1253 60 20 utföll

128 1286 94 25 sålunda,
238 1289 30 18 att
283 1288 157 25 propositionen
457 1288 128 20 besvarades
602 1287 46 20 med
662 1288 24 19 15
699 1288 26 25 ja
737 1287 39 20 och
790 1287 22 20 19
824 1287 55 26 nej;

128 1321 30 20 till
173 1321 51 26 följd
241 1321 75 20 hvaraf
329 1322 143 20 antecknades
491 1322 70 20 såsom
577 1322 98 20 Ståndets
692 1321 73 26 beslut,
781 1323 30 18 att
826 1321 51 20 ofta-

129 1356 91 19 nämnda
236 1356 179 27 petitionsförslag
431 1357 67 19 skulle
515 1357 31 19 till
562 1356 97 20 Ståndets
670 1355 102 20 Enskilda
782 1355 97 20 Besvärs-

129 1389 81 20 utskott
226 1390 124 19 remitteras.

199 1423 41 20 Till
263 1423 128 28 behandling
407 1427 89 24 upptogs
512 1425 93 20 derefter
620 1424 35 20 det
671 1424 22 19 af
706 1424 53 19 Herr
774 1423 108 26 Nylander
