1039 1692
204 116 32 18 398
485 116 41 18 Den
538 116 20 17 21
571 116 53 17 Mars.

181 175 135 27 loppsjorden
334 174 128 20 verkställde
481 174 150 26 ängsodlingar
646 175 53 18 samt
713 174 117 25 ersättning
848 173 31 20 för
895 173 35 19 od-

182 210 63 26 lings-
269 210 39 20 och
333 208 227 27 byggnadskostnader
582 208 21 20 åt
618 208 79 20 sådana
711 208 131 26 nybyggare,
860 207 71 20 hvilka

182 244 32 20 till
236 244 51 26 följe
302 243 22 21 af
338 243 137 26 afvittringen
491 242 70 20 blefve
576 242 45 20 från
638 242 46 20 sina
699 242 122 27 lägenheter
840 242 90 26 afhyste,

182 281 36 17 äro
242 278 23 20 af
286 277 67 27 vigtig
376 277 110 27 betydelse
509 277 32 20 för
562 276 157 21 innevånarene
737 277 6 19 i
759 276 61 21 dessa
836 276 95 27 nordliga

182 312 86 27 trakter,
284 312 83 20 förenar
380 312 38 26 jag
434 312 43 26 mig
493 311 27 20 uti
537 311 54 20 hvad
607 311 97 20 Friherre
719 318 40 13 von
776 311 62 26 Troil,
855 311 28 20 uti
900 318 30 12 re-

182 347 134 20 servationen
332 348 56 18 emot
404 346 111 20 utskottets
532 346 140 25 betänkande,
688 346 108 26 föreslagit
814 346 116 20 Ständerne

182 383 30 18 att
227 381 30 19 uti
280 381 60 20 desse
364 380 114 20 afseenden
499 380 68 20 såsom
583 380 159 26 önskningsmål
759 380 36 20 hos
811 380 56 20 Hans
883 380 47 26 Kej-

182 415 78 27 serliga
275 415 97 26 Majestät
387 415 7 19 i
410 414 168 27 underdånighet
596 414 121 21 framställa.

252 450 82 19 Genom
350 450 129 26 antagandet
494 450 23 20 af
531 449 53 21 hvad
599 450 36 25 jag
651 449 45 20 haft
711 452 51 17 äran
778 450 6 18 i
800 448 132 21 förestående

184 484 64 20 måtto
264 483 84 27 föreslå,
364 484 59 19 torde
439 484 68 26 någon
524 484 105 26 väsentlig
644 484 106 26 rubbning
764 484 28 19 uti
803 483 129 26 indelnings-

185 518 75 20 verket
282 518 48 20 icke
353 518 126 26 förorsakas,
502 521 49 17 enär
574 518 161 27 ifrågavarande
751 518 89 20 socknar
856 524 76 20 genom

182 552 244 21 knektekontrakternes
442 553 147 26 upphäfvande
605 552 75 20 endast
689 552 103 21 likställas
804 552 46 21 med
866 552 68 26 öfriga

184 587 90 20 socknar
290 588 6 19 i
313 587 96 26 nordliga
424 587 61 19 delen
501 587 24 20 af
537 587 71 19 landet
623 587 46 26 och,
685 587 65 20 sedan
766 588 26 19 de
804 587 66 20 blifvit
881 589 51 17 stor-

184 621 99 27 skiftade,
299 621 157 27 otvifvelaktigt
471 621 84 20 komma
571 624 30 17 att
616 621 21 20 få
652 621 88 28 bidraga
755 622 31 19 till
797 622 81 20 landets
892 621 40 20 för-

184 662 53 14 svar.

255 690 55 20 Herr
336 690 163 27 Tengström:
529 690 149 20 Förevarande
709 690 224 20 utskottsbetänkande

184 725 139 21 sönderfaller
339 725 29 19 uti
384 726 77 18 tvenne
477 724 103 21 särskilda
595 725 65 26 delar,
672 726 103 19 hvardera
784 724 150 21 innehällande

185 760 35 20 sitt
236 759 106 20 särskilda
356 762 68 17 ämne.
442 759 34 20 Uti
492 759 39 20 den
548 759 64 21 första
627 759 24 20 af
663 760 26 20 de
705 761 76 19 tvenne
798 759 84 20 delarne
898 766 35 12 an-

185 801 33 13 ser
230 795 38 25 jag
285 794 111 20 utskottets
413 794 133 20 betänkande
561 800 51 14 vara
628 794 32 19 väl
677 794 105 26 grundadt
797 794 38 20 och
854 793 80 27 riktigt,

185 829 69 20 säsom
271 829 35 20 det
322 829 61 19 äfven
400 835 49 19 nyss
465 828 106 26 anfördes;
587 828 70 21 denne
679 828 33 20 del
731 832 23 16 är
769 828 105 27 nemligen
893 828 40 19 för-

185 863 76 20 anledd
278 864 24 19 af
315 863 38 20 och
370 863 206 26 sammanhängande
593 863 47 20 med
655 863 41 20 den
712 863 118 26 Kejserliga
840 863 93 26 proposi-

186 899 79 25 tionen,
289 897 66 20 under
378 897 36 20 det
428 899 30 18 att
474 897 95 20 deremot
584 897 40 20 den
641 903 74 14 senare
731 897 69 26 delen,
816 897 68 20 säsom
898 897 36 26 jag

186 932 53 20 skall
263 932 53 20 söka
338 932 79 25 bevisa,
440 934 23 17 är
478 934 29 17 ett
523 931 174 20 öfverskridande
712 932 23 19 af
749 932 109 19 utskottets
877 931 57 20 befo-

186 967 79 25 genhet
280 967 39 20 och
335 968 30 18 ett
381 965 147 26 tillstyrkande
543 966 23 19 af
579 965 129 21 Ständernes
723 966 125 27 ingripande
865 965 26 26 pä
906 967 30 18 ett

186 1001 94 25 område,
295 1001 101 19 hvarmed
412 1000 26 20 de
454 1000 47 20 icke
518 999 61 21 hafva
595 1002 30 18 att
641 1000 78 20 befatta
734 1001 38 26 sig.
802 1000 60 20 Hvad
878 1006 56 14 nem-

186 1035 57 26 ligen
261 1035 65 26 angår
342 1034 155 27 upphäfvandet
513 1034 23 20 af
548 1034 114 26 Kuusamo,
677 1034 120 21 Kemiträsk
808 1035 39 19 och
858 1033 76 21 Kuola-

182 1069 56 26 järvi
262 1069 101 20 socknars
386 1069 155 26 exceptionella
559 1069 108 26 ställning,
683 1075 44 14 som
743 1069 7 19 i
765 1069 56 20 förra
839 1068 60 20 delen
916 1068 22 19 af

186 1103 112 20 utskottets
321 1103 133 20 betänkande
478 1103 92 26 föreslås,
594 1103 39 20 och
656 1103 87 20 hvarom
763 1103 40 20 den
819 1103 117 26 Kejserliga

186 1138 159 26 propositionen
368 1138 61 19 äfven
454 1137 93 26 handlar,
566 1144 61 13 anser
644 1138 37 25 jag
698 1138 100 20 utskottet
813 1137 63 20 hafva
891 1137 44 20 haft

186 1175 30 17 att
238 1173 70 25 stödja
330 1173 32 26 sig
385 1172 27 27 på
431 1172 78 27 lagliga
527 1172 45 20 skäl
588 1172 68 20 såsom
674 1171 39 20 ock
729 1172 28 26 på
775 1172 40 20 den
831 1172 105 19 allmänna

188 1210 84 23 nyttans
289 1207 39 20 och
344 1207 135 26 billighetens
495 1207 51 24 skäl,
563 1209 21 24 ty
604 1207 45 20 från
670 1207 140 26 laglighetens
830 1206 105 27 synpunkt

186 1244 23 17 är
232 1241 36 20 det
291 1241 48 20 icke
362 1241 88 20 allenast
473 1240 25 27 pä
523 1241 24 19 18
564 1243 9 22 $
590 1241 27 20 uti
637 1241 52 20 1772
712 1241 33 19 års
764 1241 170 26 regeringsform,

187 1282 44 13 som
254 1275 58 20 detta
335 1275 106 20 utlåtande
464 1275 70 20 stöder
549 1276 39 26 sig,
605 1277 48 18 utan
671 1275 61 20 äfven
748 1274 27 27 på
790 1275 40 19 den
847 1277 89 18 omstän-

187 1310 109 26 digheten,
319 1312 30 17 att
372 1309 26 20 de
417 1309 150 26 förhållanden,
584 1315 43 14 som
644 1310 77 19 ordnas
737 1309 39 20 och
792 1309 92 27 regleras
900 1315 35 21 ge-

188 1350 47 13 nom
261 1344 162 26 ifrågavarande
446 1343 105 26 kontrakt,
574 1350 88 14 numera
680 1343 47 21 icke
744 1344 97 19 existera.
871 1343 66 20 Dessa

187 1378 147 20 förhållanden
351 1378 62 20 hafva
429 1378 104 26 nemligen
550 1378 122 20 tillkommit
687 1379 66 19 under
769 1378 39 20 den
825 1378 37 25 tid,
878 1378 26 20 då
912 1378 25 19 de

187 1412 163 27 ifrågavarande
365 1413 118 20 socknarne
498 1412 64 27 lydde
578 1413 67 20 under
661 1413 95 20 Svenska
767 1412 71 21 väldet
848 1412 38 20 och
898 1412 39 20 frå-
