1039 1692
413 116 40 18 Den
465 116 10 17 6
488 117 59 23 April.
796 120 34 17 501

108 177 76 17 ämnet.
215 174 101 21 BSärskilta
334 174 72 26 talare,
425 174 60 20 äfven
507 175 62 20 bland
586 176 53 26 dem,
656 183 44 13 som
717 177 5 19 i
741 177 112 21 hufvudsa-

108 210 40 19 ken
166 209 78 20 biträdt
264 209 165 25 reservationen,
447 209 63 20 hafva
525 210 19 25 ej
560 209 65 27 åtnöjt
641 211 32 26 sig
689 212 48 19 med
753 212 101 27 förslaget

107 244 52 21 deri,
174 246 30 18 att
219 244 35 20 det
269 244 50 19 sista
334 245 114 18 momentet
462 243 67 20 skulle
545 244 50 26 lyda
614 244 19 20 ”i
649 246 65 19 andra
733 246 53 19 mål”
802 252 18 14 o.
836 253 16 13 s.

106 286 19 12 v.
149 278 38 20 och
210 278 108 26 åtskilliga
340 277 78 27 förslag
438 278 61 20 hafva
515 278 37 20 här
567 278 108 28 framlagts
694 280 31 19 till
742 286 25 14 en
783 280 69 20 förän-

107 312 50 20 drad
180 312 80 26 lydelse
284 312 64 20 deraf.
378 312 62 20 Detta
464 312 105 20 bekräftar
591 313 124 27 ytterligare
737 320 26 14 en
786 314 66 20 redan

106 346 55 20 känd
177 346 44 26 sak,
237 348 30 18 att
282 352 80 14 samma
377 346 63 20 tanke
456 347 41 19 kan
514 347 107 26 uttryckas
636 348 27 25 på
677 347 76 27 många
764 350 40 18 sätt
812 348 39 20 och

106 381 119 20 tillochmed
246 387 76 20 genom
342 380 86 20 alldeles
444 380 57 20 olika
517 381 42 20 ord.
589 382 41 26 Jag
646 382 77 20 tillåter
739 383 42 25 mig
797 383 54 20 dock

105 416 126 19 fortfarande
254 414 84 21 förorda
360 415 58 20 detta
440 416 82 26 uttryck
542 416 19 19 Yi
577 416 66 20 andra
662 416 53 20 mål”
731 417 85 20 framför
832 419 19 19 ”i

105 450 65 20 andra
192 449 48 20 fall”
264 450 39 19 och
326 449 54 20 hvad
400 449 72 20 vidare
491 450 124 26 föreslagits.
647 451 38 19 Om
707 458 46 13 man
770 453 80 25 tager
838 445 15 37 i

106 484 143 26 betraktande,
265 484 67 20 såsom
349 484 32 26 sig
397 483 43 24 bör,
456 486 29 17 att
501 484 39 20 den
558 484 64 20 första
637 486 135 26 afdelningen
787 487 23 19 af
818 489 32 22 $:n

106 519 68 26 börjar
190 518 57 20 med:
270 518 20 19 ”i
314 518 41 19 mål
375 518 89 20 rörande
479 518 80 20 sådana
578 519 73 26 brott”,
671 520 22 20 så
708 520 67 20 finner
794 528 55 19 man,

105 556 30 17 att
143 554 36 19 der
192 553 52 20 talas
260 558 32 14 om
308 558 26 14 en
346 553 42 19 viss
399 552 56 20 klass
471 553 23 19 af
507 553 51 25 mål;
577 554 120 20 sedermera
712 554 6 20 i
734 554 64 21 andra
810 556 39 20 och

104 588 67 26 tredje
192 589 114 18 momentet
321 587 52 19 talas
394 587 18 25 ej
429 594 33 13 om
482 587 69 27 någon
571 588 41 20 viss
628 588 56 20 klass
700 588 23 20 af
737 589 47 26 mål,
799 592 49 18 utan

105 628 33 14 om
155 622 25 19 de
196 622 32 19 för
243 621 54 20 brott
314 621 108 26 tilltalade,
440 622 39 19 och
495 622 27 19 då
537 622 120 20 sedermera
671 623 66 25 fjerde
757 630 91 14 momen-

104 658 30 18 tet
150 656 68 26 börjar
241 656 47 19 med
312 655 17 19 ”i
353 655 65 20 andra
438 656 61 25 mål”,
515 656 22 20 sä
553 657 60 26 följer
629 657 33 19 väl
678 657 61 20 deraf
756 660 29 17 att
801 658 46 21 med

105 691 60 20 dessa
188 690 40 20 mål
251 691 19 24 ej
294 690 78 26 åsyftas
395 690 64 26 något
481 692 70 24 annat,
567 694 26 16 än
609 690 79 21 sådana
707 691 47 26 mål,
770 698 42 14 som
829 694 19 26 ej

104 728 85 16 nämnas
205 725 6 19 i
227 724 65 20 första
307 726 124 23 momentet;
447 724 39 20 och
502 731 33 13 om
552 724 23 20 så
589 728 29 22 är,
635 725 22 19 så
668 732 62 20 synes
745 726 42 27 mig
798 727 50 20 den-

104 766 26 13 na
145 759 110 19 redaktion
279 758 71 20 kunna
374 765 61 13 anses
458 765 50 13 vara
530 759 44 19 lika
591 759 194 21 tillfredsställande
804 768 45 13 som

105 794 51 20 hvar
178 794 39 19 och
238 800 25 12 en
279 794 23 18 af
315 793 25 19 de
356 800 27 12 nu
400 793 125 26 föreslagna.
555 794 40 26 Jag
611 794 37 19 har
664 794 123 27 visserligen
803 796 47 19 hört

104 829 48 19 dem
168 828 132 25 framställas,
315 834 47 13 men
378 828 6 19 i
401 828 99 19 afseende
516 828 13 19 å
544 828 167 26 lagstadganden
719 831 23 17 är
753 829 34 19 det
797 830 51 19 nöd-

105 862 92 27 vändigt,
220 868 32 13 om
277 868 47 13 man
343 861 53 20 skall
418 861 69 20 kunna
508 861 47 20 med
571 861 37 20 full
624 862 99 20 säkerhet
741 862 109 21 bedömma

105 897 53 26 dem,
180 898 30 17 att
227 896 21 20 få
264 896 25 19 de
308 895 120 27 föreslagna
443 896 64 20 orden
523 896 66 19 under
604 896 46 20 sina
665 899 55 24 ögon
740 897 47 19 med
802 897 46 20 råd-

105 939 42 12 rum
170 933 30 17 att
225 932 43 18 mot
291 931 117 19 hvarandra
430 937 55 20 noga
505 930 114 27 öfverväga
633 931 60 20 deras
711 931 27 20 fel
754 931 38 20 och
808 931 40 20 för-

105 966 89 25 ijenster.

171 999 52 20 Herr
243 999 153 19 Gummerus:
413 999 31 20 Då
460 999 53 20 Herr
529 999 105 20 Mechelin
650 999 47 20 med
713 1000 51 20 flere
784 1001 66 19 andra

106 1034 61 19 talare
183 1033 23 20 sä
221 1033 151 26 öfvertygande
389 1033 98 26 uppträdt
502 1033 31 20 till
549 1033 81 20 förmån
646 1033 32 20 för
690 1034 109 19 utskottets
808 1034 40 20 för-

107 1069 48 26 slag,
170 1070 61 24 göres
248 1067 35 20 det
298 1067 42 26 mig
357 1067 81 20 kanske
454 1067 135 27 öfverflödigt
606 1069 36 24 att,
661 1068 68 20 säsom
743 1069 37 26 jag
794 1069 55 19 förut

107 1103 49 20 nade
172 1102 31 19 för
218 1102 68 27 afsigt,
304 1102 86 27 tillägga
405 1102 64 26 något
484 1102 6 19 i
507 1103 71 19 saken.
608 1102 40 27 Jag
664 1109 61 13 anser
741 1103 41 26 mig
794 1103 54 20 dock

107 1140 53 22 döra,
183 1137 47 19 med
254 1136 115 27 anledning
388 1136 22 19 af
423 1136 53 20 Herr
491 1133 122 30 Öhrnbergs
628 1137 84 25 yttrade
731 1137 117 28 betänklig-

107 1172 61 23 aeter,
191 1171 89 20 rörande
304 1170 34 20 det
359 1172 54 18 rätta
428 1171 28 19 uti
472 1173 30 17 att
517 1171 68 19 såsom
601 1177 26 13 en
643 1171 77 19 allmän
739 1171 110 26 grundsats

107 1205 99 20 fastställa
227 1211 26 14 en
276 1205 88 26 förmån,
388 1211 44 13 som
456 1205 18 25 ej
497 1205 69 19 skulle
586 1205 85 20 komma
688 1205 43 20 alla
744 1205 32 20 till
793 1206 55 26 godo

108 1239 111 25 ramhälla,
242 1239 97 19 hurusom
356 1239 11 19 å
384 1239 61 26 lagen
468 1239 74 20 endast
560 1239 123 20 ankommer
699 1241 30 18 att
746 1239 103 28 berättiga

108 1275 37 18 illa
159 1273 31 20 till
206 1273 121 26 ätnjutande
343 1273 23 20 af
379 1279 80 14 samma
474 1273 89 25 förmän,
579 1279 47 14 men
642 1273 47 20 icke
707 1275 30 18 att
755 1273 94 27 aflägsna

109 1309 20 19 le
145 1308 23 20 af
180 1308 65 19 andra
267 1307 147 20 förhällanden
439 1307 106 20 beroende
569 1307 87 20 hindren
676 1307 32 20 för
723 1314 25 13 en
765 1308 33 20 del
814 1315 34 13 en-

109 1343 63 20 skilda
194 1344 30 18 att
246 1341 98 27 begagna
366 1343 32 25 sig
421 1342 22 19 af
459 1342 40 20 den
519 1342 102 26 stadgade
641 1341 114 21 förmänen.
785 1343 64 20 Detta

109 1377 59 26 väller
190 1377 36 19 det
248 1376 35 19 fall
306 1378 30 18 att
359 1376 40 20 den
422 1376 102 20 tilltalade
544 1379 23 16 är
585 1376 26 26 pä
630 1376 25 19 fri
672 1377 38 24 fot;
731 1383 46 14 men
796 1377 54 20 Herr

110 1408 102 29 Jhrnberg
228 1411 38 19 har
282 1410 53 20 dock
352 1410 100 20 särskildt
467 1411 69 20 afsedt
551 1411 61 19 äfven
629 1410 35 20 det
679 1410 43 27 fall,
738 1411 26 20 dä
777 1417 70 20 perso-
