1039 1692
207 143 34 17 244
492 143 39 17 Den
547 144 7 16 1
567 143 53 17 Mars.

184 201 60 26 tagit,
260 200 48 20 icke
333 201 100 25 förordat,
455 202 49 18 utan
523 201 112 19 inskränkt
655 201 36 19 sitt
706 201 70 19 förord
792 201 30 19 till
838 202 30 19 att
883 200 53 20 före-

186 236 31 19 slå
233 235 124 27 utgifvande
372 235 24 20 af
409 235 190 27 Borgareståndets
615 235 263 25 diskussionsprotokoller
890 235 46 19 ark-

185 271 45 19 tals.
247 271 64 19 Detta
326 271 40 18 sätt
381 276 64 20 synes
462 270 42 26 mig
520 269 110 27 olämpligt
645 270 39 19 och
701 269 97 20 förenadt
813 270 47 20 med
875 269 61 20 verk-

185 305 43 27 liga
242 305 144 26 olägenheter.
404 316 20 2 —
447 303 39 21 Om
502 310 27 13 nu
545 304 95 26 köparen
655 303 32 20 får
703 304 32 26 sig
754 306 29 18 ett
802 304 74 20 sådant
891 304 45 24 ark,

183 340 71 25 tryckt
278 340 67 26 enligt
364 338 111 20 utskottets
495 338 78 26 förslag
593 338 6 19 i
615 338 71 22 oktav,
705 338 23 19 så
744 338 65 20 måste
828 338 41 20 han
885 338 51 20 först

184 374 63 19 skära
270 380 41 20 upp
331 374 36 19 det
386 372 39 20 och
445 372 38 20 har
501 372 64 20 sedan
585 372 58 20 svårt
660 373 31 18 att
710 372 84 20 förvara
813 372 41 20 alla
869 372 65 19 arken

184 408 39 20 och
240 408 62 20 deras
322 407 64 20 delar.
417 407 41 19 Det
473 406 42 20 kan
530 406 82 26 ganska
627 406 38 20 lätt
681 406 76 26 hända,
773 408 29 18 att
818 409 37 17 när
870 406 65 20 sedan

183 442 49 20 hela
250 442 118 26 samlingen
388 444 23 16 är
429 440 96 25 afslutad,
545 440 39 20 han
601 440 78 20 saknar
695 442 30 18 ett
741 440 52 20 eller
812 442 64 18 annat
891 440 44 20 ark.

183 476 129 26 Härigenom
328 476 38 19 har
380 475 118 26 samlingen
514 474 87 20 förlorat
615 474 38 20 allt
668 475 71 25 värde,
755 474 39 20 och
809 474 41 20 han
870 474 66 20 mäste

183 510 27 20 dä
226 516 51 13 vara
293 509 87 21 betänkt
395 508 56 27 uppä
466 510 35 22 att,
518 514 34 14 om
568 508 40 20 han
625 507 111 27 verkligen
752 508 36 20 vill
807 508 62 20 hafva
880 514 54 14 sam-

181 544 74 26 lingen
276 543 128 26 fullständig,
426 542 67 20 skaffa
512 542 32 26 sig
563 544 30 18 ett
613 544 47 24 nytt
679 542 114 26 exemplar.
815 554 22 3 —
855 542 78 20 Vidare

182 584 51 14 vore
254 578 36 19 det
308 584 27 12 en
355 576 114 26 olägenhet
489 578 30 18 att
537 576 66 20 arken
624 576 48 20 icke
692 576 107 20 innehölle
819 576 69 26 nägon
904 576 28 20 af-

182 612 68 20 slutad
271 611 126 25 diskussion,
419 612 47 18 utan
487 610 27 20 dä
533 611 52 19 sista
603 610 61 20 sidan
683 613 23 16 är
725 610 47 25 slut,
792 610 23 20 sä
837 610 97 26 afbrytes

182 646 48 26 den,
246 646 62 20 äfven
325 652 33 14 om
375 646 36 19 det
426 644 67 20 skulle
509 651 50 13 vara
575 644 52 20 midt
641 644 30 19 uti
688 646 30 18 ett
732 644 143 27 andragande.
892 644 41 27 Jag

181 680 68 20 skulle
266 680 83 20 derföre
365 680 32 19 för
412 679 42 19 min
471 678 34 20 del
520 685 51 13 anse
587 678 35 20 det
637 678 132 26 lämpligare,
780 680 30 18 att
820 678 61 20 dessa
891 678 41 20 för-

181 714 133 26 handlingar,
331 714 61 19 dessa
408 712 261 27 diskussionsprotokoller
686 712 95 27 utgäfves
797 725 23 2 —
839 719 33 13 om
884 718 48 14 man

180 748 48 19 icke
248 748 37 19 vill
306 747 72 20 afbida
398 747 40 20 den
459 747 36 25 tid,
516 746 27 20 dä
563 747 26 20 de
605 746 72 20 kunde
692 746 90 27 utgifvas
798 747 41 19 alla
854 747 27 26 pä
896 753 35 14 en-

179 782 57 26 gäng
257 794 23 2 —
299 782 127 19 ätminstone
445 781 72 23 delvis,
538 781 39 20 och
597 781 27 19 dä
643 781 58 19 inom
722 781 86 27 omslag.
825 793 23 2 —
869 777 63 23 Ännu

180 822 25 12 en
222 816 143 25 anmärkning
385 815 78 20 tillåter
480 816 37 25 jag
539 816 42 25 mig
600 815 123 24 framställa,
745 815 39 20 och
804 815 36 20 det
858 818 22 16 är
897 815 33 20 be-

179 849 105 20 träffande
300 851 64 18 sättet
379 849 31 20 för
426 849 147 26 tryckningen.
603 849 109 20 Utskottet
727 849 36 20 har
782 849 108 26 föreslagil
901 851 31 17 att

178 883 100 20 Ståndets
296 883 223 27 konceptprotokoller
539 883 68 20 skulle
627 883 103 20 aflemnas
754 883 31 20 till
808 883 122 26 tryckeriet,

178 918 39 19 och
232 918 33 19 för
281 918 40 19 den
338 917 100 20 händelse
454 919 30 18 att
499 917 26 20 de
541 917 37 20 der
596 917 70 20 blefve
686 917 108 26 förstörda,
813 917 68 20 skulle
900 920 30 17 ett

178 954 46 23 nytt
243 951 106 27 protokoll
368 951 116 20 deduceras
503 952 47 19 med
570 951 89 26 ledning
683 951 24 20 af
729 951 25 20 de
777 951 153 28 stenografiska

177 986 190 27 anteckningarne.

246 1021 42 19 Det
307 1020 71 19 kunde
396 1019 39 20 lätt
454 1020 70 19 hända
539 1021 30 18 att
584 1020 71 19 denna
671 1020 129 27 deducering
815 1020 68 21 skulle
899 1022 30 18 ut-

176 1054 50 19 falla
245 1054 65 26 olika,
329 1061 33 12 om
383 1053 65 20 också
467 1053 53 21 blott
539 1054 31 20 till
590 1054 89 23 formen,
700 1054 48 20 med
763 1055 35 19 det
816 1054 112 26 protokoll,

176 1094 44 13 som
236 1089 66 19 redan
320 1088 116 27 begagnats
451 1089 6 18 i
473 1088 116 27 tryckeriet
603 1089 41 19 och
661 1088 82 20 således
763 1089 81 20 olikhet
856 1089 72 20 kunna

176 1123 75 26 uppstå
267 1123 91 19 emellan
378 1123 35 19 det
433 1122 83 27 tryckta
531 1123 39 20 och
586 1123 36 20 det
638 1123 138 20 handskrifna
793 1123 135 26 protokollet,

174 1162 44 15 som
244 1157 94 20 förvaras
358 1157 7 18 i
384 1156 97 21 Ständets
503 1157 67 20 arkiv.
604 1157 43 19 Det
671 1157 71 20 kunde
764 1157 33 20 väl
823 1157 104 26 afhjelpas

174 1191 132 26 derigenom,
322 1192 30 19 att
368 1191 36 20 det
418 1191 64 20 redan
498 1191 84 26 tryckta
597 1191 130 26 protokollet
741 1191 59 20 lades
815 1191 32 20 till
858 1191 68 26 grund

173 1224 32 19 för
221 1225 99 20 Ständets
340 1231 42 20 nya
400 1225 205 26 konceptprotokoll,
626 1231 50 14 men
700 1226 35 20 det
754 1225 106 20 förefaller
884 1225 43 26 mig

173 1259 159 25 motbjudande,
352 1261 30 18 att
400 1265 26 14 en
442 1259 64 20 sådan
522 1261 64 25 utväg
601 1259 70 20 skulle
689 1259 111 27 begagnas.
834 1260 41 19 För
890 1259 36 20 det

172 1293 67 19 andra
256 1293 60 19 torde
334 1299 48 13 man
398 1293 19 26 ej
434 1293 26 26 på
475 1293 115 26 tryckeriet
606 1299 51 14 vara
674 1293 79 26 betjent
769 1293 46 20 med
824 1293 101 26 koncept-

169 1326 137 26 protokollet,
316 1326 74 21 sådant
398 1326 35 21 det
448 1330 23 16 är
486 1327 180 20 sammanhäftadt
681 1327 22 20 af
717 1327 50 20 flere
782 1327 45 26 ark,
848 1329 23 24 ty
890 1333 33 14 om

166 1362 37 25 jag
219 1361 19 25 ej
255 1361 111 26 misstager
382 1361 48 26 mig,
448 1361 22 20 så
485 1361 76 20 önskar
577 1364 102 23 sättaren,
695 1361 123 27 isynnerhet
833 1369 33 13 om
880 1362 42 20 han

168 1395 38 20 har
221 1395 69 25 brådt,
306 1397 30 17 att
351 1395 21 20 få
388 1395 151 26 manuskriptet
555 1395 46 20 blad
619 1396 34 19 för
669 1396 48 20 blad
733 1396 39 20 och
788 1397 19 25 ej
823 1396 6 19 i
850 1398 30 18 ett
892 1397 31 19 så-

167 1429 51 20 dant
232 1429 68 24 tjockt
321 1428 63 21 häfte.
402 1441 25 3 —
443 1429 40 26 Jag
501 1429 68 21 skulle
589 1430 28 26 på
632 1430 43 20 alla
693 1430 61 20 dessa
769 1430 44 20 skäl
831 1431 31 19 för
878 1431 43 19 min
