1039 1692
187 113 35 17 462
475 111 42 18 Den
529 112 10 17 3
552 112 61 22 April.

167 171 39 20 bör
228 170 88 21 komma
330 170 7 20 i
352 169 66 27 fråga,
441 171 49 18 utan
513 172 29 18 att
564 169 161 27 lagstiftningen
747 170 74 20 endast
835 170 85 20 komme

167 207 30 18 att
212 205 44 20 afse
272 204 119 21 framtiden.
420 203 41 27 Jag
476 204 68 20 skulle
561 204 82 20 derföre
659 204 48 20 kort
722 211 33 13 om
772 204 50 27 godt
832 205 86 26 tillstyr-

167 239 28 20 ka
210 240 31 19 att
263 239 137 27 lagförslaget
422 238 70 26 måtte,
515 238 68 21 såsom
605 238 36 20 det
660 239 65 20 redan
746 239 6 19 i
773 239 67 27 öfriga
855 238 64 21 Stånd

168 273 62 27 skett,
246 274 8 18 i
270 272 94 27 enlighet
379 272 48 20 med
443 272 112 21 utskottets
571 273 134 21 betänkande
721 273 40 20 och
776 273 42 20 den
836 273 83 27 Kejser-

167 308 44 26 liga
226 307 158 27 propositionen
401 309 93 25 antagas.

236 342 54 20 Herr
306 348 48 13 von
370 341 176 27 Zweygberg:
564 341 73 21 Såsom
651 341 92 20 ledamot
755 342 28 20 uti
793 341 126 21 Ekonomie-

168 376 109 26 utskottet,
300 375 37 20 vill
357 376 38 26 jag
414 376 74 20 endast
507 375 94 21 vidhålla
617 376 25 20 de
658 375 85 27 åsigter,
759 383 44 13 som
820 375 101 21 utskottet

168 410 80 26 uttalat,
265 410 48 20 med
329 410 107 27 undantag
451 410 32 20 för
499 410 25 20 de
541 411 36 19 ord
594 411 67 19 ”efter
672 410 118 27 pröfning”,
806 417 45 13 som
866 410 54 20 före-

166 446 87 20 komma
276 445 29 19 uti
325 444 64 20 första
409 446 114 18 momentet
538 445 23 19 af
575 445 40 20 den
631 444 83 28 Nådiga
732 445 166 26 propositionen,
913 445 7 19 i

167 480 101 20 afseende
284 479 66 20 hvarå
362 480 37 26 jag
414 486 36 13 var
468 479 24 20 af
509 486 26 13 en
559 486 69 13 annan
651 479 87 27 mening
760 482 25 17 än
809 479 111 20 utskottets

167 514 115 27 pluralitet,
304 516 49 18 utan
376 515 31 19 att
426 514 37 26 jag
483 514 54 20 dock
553 514 56 20 velat
624 513 100 21 särskildt
741 520 109 14 reservera
869 514 49 26 mig.

168 544 72 24 Äfven
260 549 38 26 jag
320 554 61 14 anser
404 548 60 20 dessa
484 548 37 20 ord
539 548 52 20 böra
612 548 56 27 utgå,
691 547 69 21 såsom
780 548 91 20 ledande
887 548 31 20 till

168 583 80 26 många
263 582 58 20 olika
336 582 122 27 tolkningar
473 582 23 20 af
509 582 70 21 denna
591 582 112 27 pröfning;
718 583 124 26 isynnerhet
852 582 67 20 skulle

167 617 29 27 på
210 617 80 27 landet,
306 617 84 19 hvarest
412 616 231 27 Kommunalstyrelsen
663 617 44 20 ofta
725 617 69 20 består
810 617 23 20 af
846 617 74 20 endast

168 651 99 27 allmoge,
290 651 70 20 denna
379 650 98 28 pröfning
496 651 71 20 kunna
586 651 119 20 utsträckas
721 651 81 27 ganska
816 651 103 27 godtyck-

166 686 46 26 ligt.
242 686 157 19 Instämmande
422 686 31 19 för
474 686 64 26 öfrigt
559 686 30 20 uti
614 686 55 20 hvad
690 685 53 21 Herr
763 686 70 26 Sjöros
848 687 72 24 yttrat,

167 726 63 14 anser
242 720 39 26 jag
300 720 50 27 mig,
370 720 55 20 hvad
440 720 102 20 remissen
558 720 31 20 till
605 719 160 21 Statsutskottet
782 720 138 26 vidkommer,

168 755 53 20 böra
243 754 96 28 afstyrka
364 754 129 27 densamma,
518 754 69 21 såsom
612 754 49 20 icke
687 754 90 20 ledande
802 754 31 20 till
857 754 65 26 något

166 789 70 20 bättre
251 789 94 20 resultat.

238 823 54 20 Herr
308 820 144 29 Öhrnberg:
467 822 41 27 Jag
524 823 37 20 ber
576 825 30 18 att
621 824 6 19 i
643 823 115 26 anledning
773 823 23 20 af
808 823 54 19 Herr
871 823 49 19 Pro-

168 859 64 24 copés
249 857 141 27 anmärkning
412 857 28 27 få,
464 857 31 20 till
518 857 160 27 förebyggande
698 857 23 20 af
741 857 73 20 vidare
829 856 91 21 missför-

168 891 68 26 stånd,
259 897 102 21 upprepa,
384 893 30 18 att
433 892 37 26 jag
488 891 48 21 icke
552 892 68 20 såsom
636 891 47 20 skäl
698 891 31 20 till
745 893 29 18 att
793 894 76 23 antaga
884 891 35 20 be-

168 925 118 20 tänkandet
301 926 7 19 i
324 926 47 19 dess
394 925 23 20 af
437 926 43 27 mig
503 926 113 26 godkända
636 925 59 20 delar
710 926 38 19 har
763 925 101 26 åberopat
880 925 40 20 den

166 960 166 27 omständighet,
355 962 29 18 att
407 962 74 19 trenne
503 960 65 21 Stånd
594 960 65 21 redan
685 960 82 27 antagit
797 961 122 20 detsamma.

168 994 63 21 Detta
247 994 47 20 skäl
309 994 136 27 begagnades
461 995 39 20 och
515 995 99 20 anfördes
630 995 23 20 af
667 995 42 26 mig
725 995 74 19 endast
814 994 68 21 såsom
894 1001 26 14 en

166 1029 62 26 giltig
251 1029 70 26 orsak,
344 1031 30 18 att
395 1029 49 20 icke
466 1029 82 21 besluta
565 1030 33 19 till
618 1029 71 26 någon
709 1029 126 20 återremiss.
867 1029 54 20 Herr

166 1063 129 26 Tengström
315 1063 43 26 har,
378 1070 32 13 om
428 1065 38 25 jag
481 1064 82 20 förstått
578 1064 78 20 honom
671 1065 48 24 rätt,
735 1063 47 20 sökt
800 1065 30 18 att
844 1069 75 21 genom

168 1097 37 20 sitt
218 1097 118 20 anförande
351 1097 59 27 gifva
424 1098 46 20 stöd
485 1098 64 20 bland
565 1100 65 18 annat
644 1098 33 19 för
692 1097 158 21 bibehållandet
865 1097 23 20 af
895 1098 26 20 de

168 1131 113 20 anmärkta
296 1132 65 20 orden
378 1132 66 21 Yefter
459 1132 122 27 pröfning”;
599 1133 37 26 jag
655 1132 67 20 finner
745 1132 43 27 mig
804 1131 54 21 dock
873 1131 48 21 icke

168 1167 128 26 öfvertygad
318 1166 23 20 af
360 1167 55 20 hvad
438 1167 53 20 Herr
514 1167 126 27 Tengström
655 1166 7 20 i
678 1166 70 20 denna
763 1166 33 20 del
816 1166 104 27 framlagt.

168 1201 42 20 Det
226 1200 41 21 blir
282 1201 33 20 för
330 1201 57 20 såväl
403 1201 109 27 Magistrat
527 1208 45 13 som
591 1201 150 26 Ordningsrätt
759 1201 39 20 och
820 1201 101 20 Kommu-

170 1235 126 26 nalstyrelse
312 1235 63 26 svårt,
391 1237 29 18 att
435 1237 19 25 ej
470 1239 51 24 säga
536 1236 97 27 omöjligt
650 1237 36 25 att,
710 1235 27 20 då
755 1242 25 13 en
800 1235 65 20 sådan
885 1241 37 14 an-

167 1269 93 26 sökning
282 1269 126 27 inkommer,
432 1271 64 19 vinna
518 1271 80 20 visshet
618 1277 33 14 om
669 1269 107 21 sökanden
797 1269 123 27 verkeligen

168 1306 38 23 gör
222 1303 33 20 sin
271 1303 120 28 ansökning
411 1305 6 19 i
436 1305 63 26 afsigt
517 1307 30 18 att
562 1305 49 26 sjelf
625 1304 96 21 bedrifva
736 1303 92 21 rörelsen
848 1304 52 20 eller
915 1304 6 19 i

169 1337 76 27 uppsåt
260 1339 30 18 att
306 1337 129 22 öfverlemna
450 1339 40 20 den
507 1340 31 19 till
553 1340 70 27 någon
640 1345 76 14 annan.
746 1338 41 20 Det
802 1341 22 17 är
839 1338 83 20 derföre

168 1372 40 20 och
232 1372 90 20 emedan
346 1373 26 19 all
396 1373 65 21 sådan
477 1374 98 27 pröfning
590 1375 77 25 ytterst
681 1373 85 20 komme
782 1374 30 18 att
826 1373 48 20 leda
890 1373 31 20 till

168 1406 109 27 godtycke
294 1406 38 21 och
348 1407 92 28 onödiga
456 1408 119 27 kostnader,
588 1409 37 26 jag
642 1408 36 19 vill
693 1406 93 21 vidhålla
802 1407 42 20 min
860 1407 62 28 åsigt,
