1039 1692
414 135 42 18 Den
467 136 10 16 5
490 136 54 18 Mars.
804 137 33 17 267

109 192 172 22 Besvärsutskott
300 192 32 20 för
351 192 122 28 afgifvande
492 194 23 20 af
531 193 114 27 utlåtande,
665 194 65 20 ehuru
747 194 38 27 jag
804 194 55 21 dock

110 228 32 20 för
158 228 42 19 min
216 227 42 26 del,
274 227 48 20 med
337 227 99 21 afseende
452 228 13 20 å
479 227 86 27 frågans
581 228 107 27 enkelhet,
704 229 18 26 ej
737 228 36 21 vill
788 229 72 21 derom

110 264 53 25 göra
185 261 123 27 påstående.
337 261 101 20 Deremot
459 262 64 26 hyser
539 262 38 27 jag
596 264 30 18 ett
645 264 65 19 annat
728 264 133 20 tvifvelsmål.

109 296 43 20 Vid
172 291 83 25 senaste
274 296 156 20 sammanträde
456 296 79 20 fattade
555 296 89 21 Ståndet
670 303 77 21 genom
763 298 97 26 votering

111 332 30 18 ett
156 330 69 20 beslut
239 332 31 17 att
286 330 98 20 befordra
395 330 290 27 diskussionsprotokollerne
696 332 30 19 till
738 331 124 27 tryckning;

111 370 35 14 om
160 366 64 18 sättet
238 370 38 14 var
291 363 27 21 då
332 364 49 20 icke
396 367 56 17 ännu
467 364 66 27 fråga.
564 366 63 19 Detta
641 365 68 20 beslut
725 365 44 27 bör,
782 372 33 13 om
824 366 38 26 jag

111 399 20 25 ej
148 399 133 20 missminner
296 398 43 27 mig
354 398 131 21 beträffande
501 399 48 21 dess
565 399 101 26 innehåll,
682 400 27 26 på
723 402 31 18 ett
763 400 51 20 eller
826 406 36 14 an-

111 434 36 18 nat
162 435 41 18 sätt
219 432 146 27 undanrödjas,
382 433 32 20 för
429 435 30 18 att
474 433 59 21 bifall
549 434 32 20 till
596 434 70 20 denna
674 433 118 27 ansökning
808 434 55 24 skajl

112 468 70 19 kunna
202 474 40 20 ega
260 474 52 20 rum,
334 468 38 19 och
393 468 35 20 det
447 474 50 14 vore
516 468 83 20 således
615 468 32 20 för
662 468 85 27 frågans
762 468 99 27 pröfning

111 502 24 20 af
151 502 90 20 intresse
258 503 31 19 att
308 508 27 13 nu
354 502 94 20 inhemta
463 502 105 20 hurudant
582 502 98 20 Ständets
696 502 68 21 beslut
778 502 36 20 vid
830 508 32 14 se-

113 538 59 18 naste
188 536 154 20 sammanträde
358 536 109 27 verkligen
484 542 43 14 var.
557 536 42 27 Jag
613 536 78 20 tilläter
707 536 42 27 mig
765 537 19 25 ej
798 538 30 18 att
838 542 24 14 ur

113 571 81 19 minnet
208 570 114 20 formulera
337 570 42 26 det,
395 577 47 14 men
458 570 35 21 det
509 570 38 21 bör
563 571 33 20 väl
612 570 83 28 framgä
709 578 24 13 ur
747 571 57 21 deni
799 577 63 35 pros

112 604 89 21 tokollet
217 607 107 25 upptagna
338 605 165 27 propositionen.

215 639 9 21 I
239 639 116 27 anledning
370 639 61 20 häraf
445 640 95 26 uppläste

182 673 54 21 Herr
255 674 160 20 Talmannen
433 673 268 27 voteringspropositionen
721 674 7 20 i
747 673 74 27 frågan
840 680 25 14 ur

113 707 36 21 det
163 708 36 20 vid
214 707 98 21 Ståndets
327 708 156 20 sammänträde
498 708 41 20 den
557 708 10 20 1
584 708 81 20 dennes
680 708 60 20 förda
749 707 114 27 protokoll.

181 742 55 20 Herr
250 742 165 26 Borgström:
429 742 60 20 Efter
497 742 44 20 min
549 742 135 27 uppfattning
697 741 55 21 hade
761 742 104 20 Enskilda

112 776 194 20 Besvärsutskottet
324 776 40 20 fått
382 776 32 26 sig
433 776 117 27 uppdraget
568 776 64 20 bland
651 778 64 18 annat
743 778 30 18 att
788 776 74 20 under-

114 812 55 18 rätta
186 810 33 27 sig
238 817 34 13 om
294 810 69 27 någon
385 811 82 20 enskild
487 810 51 21 ville
557 810 63 27 åtaga
639 811 32 26 sig
686 810 141 27 tryckningen
843 810 25 20 af

114 844 98 21 Ståndets
234 845 131 26 protokoller
387 845 27 26 på
436 847 49 25 eget
506 845 75 26 förlag,
605 844 65 21 ehuru
690 844 107 20 Utskottet
816 844 49 20 icke

114 879 103 26 lyckades
237 881 31 18 att
286 879 162 27 tillvägabringa
468 879 64 27 något
547 879 76 20 sådant
637 878 78 21 anbud.
741 878 36 27 Då
792 885 27 12 nu
835 880 31 18 ett

116 913 94 20 enskildt
224 913 63 26 bolag
301 913 38 20 har
354 913 68 20 bildat
436 914 31 26 sig
483 913 32 20 för
530 913 59 20 detta
602 912 105 26 ändamål,
718 919 61 14 anser
787 913 37 26 jag
836 914 32 18 att

115 948 74 26 frågan
209 949 19 25 ej
247 948 79 19 inträdt
340 948 7 19 i
363 947 65 27 något
443 949 47 25 nytt
505 947 74 26 skede,
595 947 39 20 och
650 946 67 21 skulle
729 947 38 26 jag
782 947 84 20 derföre

113 983 87 19 förorda
215 982 35 21 det
265 982 88 21 Ståndet
366 982 51 20 ville
432 981 90 27 fulifölja
537 981 71 20 denna
623 981 56 26 plan,
693 987 77 20 genom
786 982 30 19 att
830 987 36 14 an-

116 1019 50 24 taga
180 1016 37 20 det
231 1016 77 26 anbud,
324 1023 44 13 som
386 1016 69 20 blifvit
469 1016 77 26 gjordt.

183 1050 53 20 Herr
255 1050 145 27 Nylander:
420 1051 44 19 Mot
483 1050 53 20 Herr
555 1049 122 21 Lindbloms
695 1049 135 27 uppfattning
846 1049 20 20 af

117 1084 42 20 min
175 1085 156 26 framställning
342 1085 5 19 i
359 1084 58 20 detta
430 1087 61 17 ämne
501 1084 40 20 och
551 1084 53 20 hans
616 1083 134 27 åberopande
761 1083 23 20 af
799 1083 67 21 landt-

116 1117 183 28 dagsordningens
315 1119 24 19 81
349 1113 13 37 $
383 1119 37 19 vill
432 1119 37 26 jag
483 1118 81 25 anföra,
575 1120 30 18 att
615 1117 126 27 stadgandet
751 1124 33 13 om
796 1118 71 26 tryck-

117 1153 52 26 ning
184 1153 23 20 af
220 1153 119 26 Kejserliga
357 1153 161 26 propositioner,
531 1151 247 22 Utskottsbetänkanden
790 1158 19 14 o.
820 1159 17 12 s.
848 1159 20 12 v.

118 1188 19 25 ej
156 1187 75 27 lägger
246 1187 75 20 hinder
336 1187 6 20 i
358 1190 69 24 vägen
443 1187 31 20 för
490 1187 151 20 befordrandet
657 1186 30 20 till
705 1186 61 27 tryck
780 1186 28 27 pä
823 1187 47 20 Sta-

118 1224 46 17 tens
181 1221 117 20 bekostnad
314 1221 22 20 af
349 1221 104 21 Ständens
468 1221 137 27 protokoller,
621 1222 23 25 ty
659 1227 27 13 en
702 1220 34 20 hel
745 1220 78 27 mängd
838 1223 31 18 ut-

118 1256 63 27 gifter
200 1255 104 21 bestridas
320 1256 22 25 ju
361 1256 23 19 af
402 1256 107 19 allmänna
527 1255 70 20 medel
613 1255 32 20 för
660 1254 101 26 Ständen,
775 1256 49 19 utan
840 1257 31 18 att

119 1290 70 26 nägon
210 1290 86 27 speciell
314 1290 134 27 bestämning
466 1291 6 19 i
490 1289 232 27 landtdagsordningen
743 1288 72 21 derom
831 1289 39 20 fin-

119 1331 44 14 nes.

188 1359 54 20 Herr
268 1359 167 26 Tengström:
461 1359 47 20 Ifall
532 1358 43 20 min
597 1357 134 27 uppfattning
753 1357 22 19 af
794 1356 79 21 sakens

122 1393 57 27 gäng
194 1396 23 17 är
233 1393 72 26 riktig,
320 1393 23 20 sä
358 1396 23 17 är
396 1393 71 21 denna
481 1393 57 26 gäng
554 1391 147 28 ungefärligen
717 1390 75 20 sädan:
805 1392 31 19 att
845 1391 29 20 dä

124 1428 125 27 voteringen
268 1428 7 19 i
294 1427 74 28 frägan
387 1427 35 21 vid
441 1430 83 17 senaste
539 1425 156 22 sammanträde
711 1424 40 21 fick
767 1431 26 14 en
810 1428 64 17 ovän-
