1039 1692
413 136 41 18 Den
467 136 22 18 14
501 136 54 18 Mars.
804 137 33 17 329

111 196 79 26 ningen
206 197 22 17 är
244 195 122 26 förändring
382 194 153 25 underkastad;
551 201 47 13 men
608 194 68 26 någon
685 194 64 20 sådan
763 194 96 20 väsendt-

112 230 29 26 lig
169 229 39 20 och
234 228 180 28 genomgripande
445 228 134 27 förändring,
607 234 43 14 som
683 228 177 27 hufvudsakligen

111 263 67 20 skulle
202 263 66 21 rubba
290 263 187 27 tolagsafgifterne,
501 262 38 20 har
558 270 48 12 man
625 263 18 25 ej
665 264 30 18 att
715 265 78 18 emotse
809 262 52 20 eller

111 298 102 22 förvänta,
234 298 38 20 och
291 297 40 20 den
348 297 98 20 befarade
462 297 141 26 olägenheten
620 300 22 16 är
658 297 82 20 således
759 297 23 20 af
794 297 65 27 ingen

112 332 115 26 betydelse.
258 332 45 20 Den
327 338 27 13 nu
376 331 92 20 varande
491 331 203 27 tullagstiftningens
717 332 83 26 princip
815 331 45 19 är
849 327 14 35 i

111 365 117 20 hufvudsak
252 366 40 20 och
311 366 6 19 i
337 366 26 20 de
381 365 60 20 flesta
461 365 36 20 fall
513 365 113 25 finanstull,
643 366 38 19 och
698 366 19 25 ej
733 365 126 26 skyddstull.

111 400 42 19 Det
167 402 23 17 är
206 400 74 20 endast
294 400 56 20 vissa
365 399 142 20 manufaktur-
524 400 39 19 och
579 400 143 20 fabriksvaror
740 400 22 19 af
779 400 81 20 mindre

112 433 137 27 betydenhet,
266 440 43 14 som
325 433 82 20 kanske
422 433 71 20 kunde
508 440 63 13 anses
587 433 64 27 draga
667 433 124 26 skyddstull.
816 434 44 19 An-

113 467 140 27 märkningen
277 468 70 20 härom
372 471 22 16 är
416 468 82 19 således
521 468 62 19 äfven
600 468 23 19 af
638 468 48 26 föga
701 468 50 26 vigt.
782 468 79 26 Skulle,

112 503 56 17 emot
190 501 26 20 all
240 502 117 26 förmodan,
380 508 26 14 en
429 502 23 20 så
469 502 181 26 genomgripande
667 502 40 20 och
723 502 136 20 ombildande

111 535 123 27 förändring
253 536 7 19 i
284 536 189 26 tullagstiftningen
496 536 46 25 ske,
561 538 30 18 att
606 536 108 20 städernas
733 536 57 26 tolag
805 536 54 20 deri-

113 575 77 21 genom
206 570 84 20 komme
305 570 7 19 i
328 570 44 19 fara
387 572 30 17 att
431 569 52 21 råka
497 570 8 19 i
520 570 56 26 olag,
593 570 22 19 så
629 570 42 20 kan
688 570 70 20 denna
772 570 51 26 följd
840 570 23 20 af

113 603 151 27 förändringen
280 604 6 19 i
302 604 41 20 alla
365 604 112 20 händelser
499 604 150 26 förekommas,
671 610 77 20 genom
769 604 35 20 det
822 607 40 17 sätt

111 640 30 18 att
156 638 26 26 gå
198 638 31 20 till
244 641 54 23 väga
313 639 7 19 i
335 639 99 19 afseende
450 638 12 20 å
477 638 136 26 uppgörande
629 638 24 20 af
666 640 60 18 taxor
742 638 32 20 för
783 639 77 26 tolags-

113 672 100 26 afgiftens
236 672 142 26 beräknande,
402 678 42 14 som
466 673 37 26 jag
526 672 53 20 skall
596 672 62 20 hafva
673 676 50 16 äran
742 675 30 17 att
786 676 76 24 genast

113 706 83 20 föreslå.
226 706 40 20 Vid
283 707 61 19 dessa
359 706 144 20 förhållanden
519 713 62 13 anser
594 707 37 26 jag
647 708 29 18 att
686 706 88 20 Ständet
786 706 72 28 borde,

113 740 48 20 med
184 740 156 26 godkännande
363 741 23 19 af
406 741 40 19 den
466 740 119 27 Kejserliga
601 740 164 26 propositionen,
781 741 31 20 för
828 742 32 19 sin

112 775 34 19 del
165 775 66 19 uttala
248 775 41 20 den
308 775 60 27 äsigt,
387 776 30 19 att
436 775 95 26 grunden
552 775 31 20 för
599 774 169 27 tolagsafgiftens
783 774 77 27 belopp

114 808 65 21 borde
194 810 7 18 i
217 809 95 27 enlighet
328 810 47 19 med
390 809 158 26 propositionen
567 809 125 19 bestämmas
713 808 52 20 efter
784 808 78 20 tullsat-

113 849 43 14 sen.
186 843 144 20 Företrädena
344 846 36 17 äro
397 843 76 26 många
488 843 39 20 och
544 842 86 27 mycket
645 841 50 21 flere
711 845 26 16 än
753 842 32 20 för
796 845 64 24 ögon-

112 877 80 20 blicket
207 877 72 20 kunna
294 877 126 26 uppräknas,
443 873 62 24 Ännu
521 877 38 19 har
575 877 64 26 ingen
655 876 22 19 af
690 875 97 21 Ständets
803 877 57 19 med-

115 911 88 20 lemmar
217 913 65 24 yttrat
297 912 33 26 sig
345 918 33 13 om
394 913 63 18 sättet
472 911 31 19 för
519 911 146 26 uppgörandet
687 911 24 19 af
723 910 138 27 tolagstaxor-

116 951 27 14 na
158 945 40 20 och
214 945 32 20 för
261 945 52 20 huru
328 945 49 26 lång
392 945 30 20 tid
438 945 26 20 de
480 945 65 20 borde
565 945 62 26 gälla.
656 944 10 20 I
688 944 57 20 detta
763 945 100 20 afseende

113 979 69 19 skulle
195 979 44 26 jag,
254 979 8 19 i
277 979 135 26 temmeligen
428 982 51 17 nära
494 978 220 21 öfverensstämmelse
739 979 57 20 såväl
814 980 47 19 med

115 1012 119 27 Kejserliga
248 1013 166 26 propositionen,
429 1019 44 14 som
490 1013 48 19 med
555 1013 40 20 den
612 1012 22 20 af
648 1013 52 19 Herr
715 1013 65 20 Cleve
793 1013 5 19 i
810 1013 52 20 hans

113 1047 131 20 reservation
266 1047 31 20 till
320 1047 111 20 utskottets
450 1047 136 20 betänkande
602 1047 91 19 uttalade
709 1047 60 26 äsigt,
786 1047 76 20 föreslå

115 1082 36 25 att,
167 1081 79 26 förslag
262 1081 30 19 till
308 1081 150 27 tolagstariffen
475 1081 68 20 skulle
564 1081 23 20 af
603 1081 108 20 städernas
730 1081 131 20 administra-

115 1115 42 20 tion
175 1127 25 2 —
216 1115 7 20 i
239 1115 83 27 Nådiga
336 1116 157 25 propositionen
509 1115 43 20 står
569 1115 135 26 magistraten
721 1126 23 3 —
758 1117 104 24 uppgöras

116 1149 39 20 och
170 1149 7 19 i
193 1149 72 26 vanlig
287 1149 91 27 ordning
399 1150 99 19 insändas
522 1149 30 20 till
577 1149 118 26 Kejserliga
717 1149 98 26 Senaten,
830 1149 32 20 för

115 1184 30 19 att
160 1183 95 26 undergå
270 1184 130 27 granskning
416 1185 39 19 och
471 1184 92 19 derefter
580 1183 117 26 fastställas,
713 1183 107 26 nemligen
834 1185 30 18 att

117 1217 56 26 gälla
188 1217 32 20 för
235 1217 109 20 obestämd
366 1218 29 20 tid
418 1218 50 20 eller
491 1218 124 25 tillsvidare,
631 1217 31 20 för
677 1218 30 18 att
725 1217 71 20 kunna
812 1217 52 20 efter

118 1285 158 26 propositionen
293 1286 117 20 innehåller
425 1288 30 18 att
471 1286 132 26 tolagstaxan
620 1285 67 20 skulle
702 1285 56 26 gälla
774 1285 31 20 för
823 1285 41 20 fem

117 1319 29 26 år,
169 1319 54 20 Herr
246 1319 75 21 Cleves
346 1321 128 20 reservation
498 1320 89 20 föreslår
608 1319 44 20 åter
672 1319 57 19 tiden
749 1319 69 20 derför
833 1320 31 20 till

117 1356 61 17 nästa
191 1353 108 28 landtdag,
319 1355 26 25 på
361 1355 35 20 det
415 1355 117 20 Ständerna
552 1354 68 19 skulle
637 1353 64 20 blifva
716 1353 6 19 i
738 1353 82 20 tillfälle
836 1357 30 18 att

119 1387 27 20 då
168 1387 45 20 åter
235 1391 56 23 yttra
313 1389 32 26 sig
364 1389 6 20 i
390 1389 79 26 frågan.
498 1389 41 26 Jag
555 1388 69 19 skulle
639 1394 50 13 anse
705 1387 36 20 det
755 1387 46 20 bäst
816 1395 50 13 vore

120 1425 36 23 alt,
178 1422 70 20 såsom
273 1423 48 20 med
343 1423 42 20 alla
406 1423 65 19 andra
493 1425 61 18 taxor
570 1425 23 17 är
608 1421 65 26 fallet,
689 1421 101 20 fastställa
805 1422 61 20 äfven
