1039 1692
187 131 37 31 188
456 135 41 18 Den
509 136 22 16 23
544 135 95 18 Februari.

165 200 47 14 ners
232 194 63 26 antal,
315 194 58 20 ålder
389 201 26 13 m.
435 200 33 19 m.,
485 200 43 14 som
545 196 36 17 äro
597 194 6 19 i
619 194 73 26 hvarje
708 194 51 27 gård
775 194 92 26 bosatte;
882 196 29 18 att

164 229 26 19 de
208 228 75 26 fattige
302 228 38 20 och
360 228 84 26 ringare
464 228 154 20 folkklasserne
638 234 41 20 ega
698 228 115 26 muntligen
830 228 82 20 anmäla

164 263 39 25 sig,
226 262 111 20 hvaremot
358 262 42 20 alla
422 262 174 26 ståndspersoner
618 262 60 21 skola
696 263 92 19 inlemna
808 262 105 27 skriftliga

163 296 160 28 förteckningar
341 297 58 19 öfver
415 296 37 20 allt
467 297 35 19 sitt
517 296 90 26 husfolk,
623 299 54 17 samt
692 297 90 20 husvärd
798 297 58 20 öfver
872 297 41 20 alla

164 331 46 19 sina
226 331 145 27 hyresgäster;
386 332 30 18 att
432 330 160 21 underlåtenhet
602 331 126 20 härutinnan
739 331 107 20 äfvensom
857 332 55 20 orik-

164 365 44 26 tiga
225 365 107 26 uppgifter
347 365 101 26 beläggas
464 366 47 19 med
528 365 69 25 böter;
613 369 54 16 samt
681 367 36 24 att,
733 366 64 19 sedan
814 366 98 19 mantals-

164 399 133 26 skrifningen
318 399 68 20 blifvit
405 399 95 26 afslutad,
521 400 181 26 mantalslängden
719 399 54 20 skall
788 400 124 20 underteck-

164 440 37 13 nas
221 433 23 20 af
261 433 195 20 häradsskrifvaren
476 434 38 20 och
535 434 26 20 de
582 434 183 20 tillstädesvordne
785 434 126 26 magistrats-

163 474 130 20 personerne
314 468 38 20 och
373 468 91 20 derefter
482 471 49 17 utan
552 468 105 26 uppehäll,
678 468 116 26 behörigen
815 475 97 19 uppsum-

164 502 80 26 merad,
267 502 101 20 aflemnas
392 502 30 19 till
446 502 154 26 Kyrkoherden
620 502 7 20 i
646 502 157 27 församlingen,
827 502 85 21 hvilken

164 537 53 19 skall
242 536 149 27 ofördröjligen
419 537 105 26 genomgä
551 537 38 19 och
614 537 91 26 jemföra
723 538 123 19 densamma
866 538 47 20 med

164 572 36 19 det
215 571 32 19 för
263 571 73 20 staden
352 571 123 26 upprättade
487 571 117 20 tabellverk
617 573 55 17 samt
683 572 12 19 ä
706 572 91 25 längden
809 572 105 20 anteckna

164 612 34 13 om
215 605 65 26 nägot
295 606 95 19 deremot
405 612 50 13 vore
470 608 30 17 att
515 605 105 26 päminna.

233 639 131 26 Noggranna
379 639 130 21 föreskrifter
525 640 76 19 saknas
617 639 82 21 säledes
715 640 54 26 icke,
786 640 78 26 hvilka,
879 647 33 13 om

165 674 25 20 de
212 674 70 20 blefve
302 674 115 26 behörigen
438 674 115 26 iakttagne,
574 674 65 20 borde
660 674 48 20 leda
723 674 85 26 derhän,
824 676 30 18 att
869 675 44 19 lan-

166 708 45 20 dets
230 708 48 19 hela
298 708 124 26 befolkning
443 708 84 20 komme
547 710 30 18 att
592 709 6 19 i
615 708 206 27 mantalslängderne
843 712 71 24 uppta-

164 749 44 20 gas.
238 742 126 26 Isynnerhet
384 748 69 20 synes,
469 742 27 20 dä
511 742 156 27 presterskapet
686 743 81 26 åligger
781 744 29 18 att
823 744 91 25 jemföra

165 777 207 27 mantalslängderne.
395 777 47 19 med
462 777 146 25 tabellverket,
629 778 30 18 att
677 777 69 27 någon
767 777 79 20 olikhet
866 778 46 20 dem

164 811 91 20 emellan
276 812 18 26 ej
317 811 63 20 borde
399 811 70 19 kunna
488 811 119 25 förefinnas,
627 810 87 20 säframt
734 811 70 19 denna
822 811 91 21 kontroll

164 845 133 26 ordentligen
319 845 86 20 utöfvas.
435 845 122 20 Emellertid
577 847 22 17 är
614 845 36 19 det
667 845 102 20 notoriskt
784 847 30 17 att
830 852 26 13 en
872 848 42 17 stor

165 879 91 20 skillnad
278 879 58 20 alltid
353 885 49 20 eger
418 885 44 13 rum
478 879 76 20 mellan
571 879 156 26 personantalet
743 879 6 19 i
766 879 147 28 mantalsläng-

165 913 65 20 derne
254 913 39 20 och
317 913 25 20 de
366 913 24 20 af
406 913 156 26 presterskapet
581 913 118 26 uppgjorda
719 913 194 26 gvingvennitabel-

165 947 65 26 lerne,
247 947 73 20 hvilka
335 947 105 20 innehälla
457 947 47 20 vida
519 947 159 26 fullständigare
694 947 219 28 folkmängdeuppgif-

165 983 37 17 ter.
232 981 74 26 Enligt
322 981 25 20 de
362 983 83 18 senaste
461 981 48 20 data
524 981 78 26 härom,
618 981 108 20 Utskottet
742 981 53 20 varit
810 982 6 19 i
832 982 80 20 tillfälle

164 1017 30 18 att
214 1015 101 25 inhemta,
334 1015 51 20 eller
405 1015 31 19 för
456 1015 22 20 år
495 1016 60 25 1870,
572 1015 95 26 utgjorde
683 1015 100 20 Finlands
799 1016 113 21 inneväna-

165 1049 53 20 retal
238 1049 91 20 nämnde
349 1049 23 20 är
389 1049 53 20 efter
458 1049 205 27 mantalslängderne
681 1050 109 25 1,709,254
807 1051 39 18 och
862 1052 52 19 efter

166 1083 157 26 preterskapets
338 1083 88 20 tabeller
444 1084 109 25 1,732,582
569 1089 107 20 personer,
693 1083 52 20 efter
761 1085 25 18 de
802 1084 64 20 andre
882 1085 31 20 sä-

165 1117 58 20 ledes
239 1117 77 26 23,328
333 1124 100 19 personer
449 1124 56 13 mera
521 1121 25 16 än
563 1117 52 20 efter
631 1117 26 20 de
673 1117 62 20 förra.
765 1117 147 22 Stadsinnevä-

166 1159 75 13 narnes
257 1153 58 19 anta]
331 1152 44 19 äter
390 1152 91 25 uppgick
497 1158 79 13 samma
591 1151 22 20 är
629 1151 68 27 enligt
708 1151 205 28 mantalslängderne

164 1187 32 20 till
230 1186 89 26 123,865
347 1186 38 20 och
413 1185 66 27 enligt
505 1185 167 27 presterskapets
699 1185 157 28 förteckningar
883 1187 30 20 till

167 1221 90 26 128,462
278 1227 107 20 personer,
405 1220 108 20 utvisande
532 1227 25 13 en
586 1220 91 19 skillnad
693 1220 23 19 af
729 1220 60 25 4,597
806 1227 106 19 personer.

165 1255 39 20 Om
221 1255 36 20 det
273 1255 32 20 får
320 1257 86 24 antagas
422 1256 30 17 att
467 1253 256 28 gvingvennitabellernas
740 1254 81 27 uppgift
836 1257 23 18 är
873 1255 40 20 den

164 1289 86 26 riktiga,
269 1292 23 17 är
308 1289 69 20 denna
392 1289 89 20 skillnad
497 1289 31 20 för
552 1289 109 19 städernas
683 1289 167 25 representation
866 1289 48 20 icke

164 1323 89 26 ovigtig,
270 1323 27 20 dä
309 1323 85 26 jemlikt
408 1323 119 26 äberopade
542 1325 9 22 $
569 1323 25 19 12
610 1323 5 18 i
632 1322 230 27 landtdagsordningen
877 1330 35 13 en-

165 1357 47 20 dast
234 1357 73 26 hvarje
330 1357 46 20 fullt
396 1357 27 19 tal
444 1357 23 19 af
483 1357 61 26 6,000
564 1363 101 20 personer
685 1356 114 27 berättigar
818 1357 46 20 stad
885 1360 30 17 att

164 1391 76 20 skicka
255 1393 31 18 ett
300 1391 123 26 ytterligare
439 1391 76 20 ombud
531 1391 31 20 till
577 1390 130 27 landtdagen
723 1392 54 18 samt
792 1390 35 20 fall
842 1391 72 20 kunna

164 1425 87 20 inträffa
270 1427 36 24 att,
327 1431 33 14 om
380 1425 204 27 mantalslängderne
603 1425 20 26 ej
643 1425 86 26 angifva
747 1424 35 20 det
800 1426 55 19 rätta
873 1425 41 20 för-
