1039 1692
406 140 40 17 Den
460 140 9 16 7
483 141 94 17 Februari.
821 141 22 16 15

119 205 32 13 om
169 198 120 20 underrätta
304 197 149 21 Medständen;
469 198 106 20 hvarefter
594 198 167 20 Presteständets
780 198 85 26 depute-

117 233 49 19 rade
182 232 102 20 afträdde.

186 266 29 20 På
237 266 153 26 framställning
414 266 23 20 af
453 266 53 20 Herr
525 266 160 20 Talmannen
702 266 74 20 skreds
791 272 27 13 nu
834 266 30 19 till

119 302 32 20 val
174 302 23 19 af
216 300 136 20 ledamöter
346 296 14 34 i
372 300 239 26 talmanskonferensen,
634 300 89 20 hvarvid
746 300 119 20 bestämdes

118 338 36 23 att,
174 336 66 25 jemte
264 334 34 20 det
321 334 25 20 de
371 334 41 26 två,
436 341 44 13 som
503 335 80 19 erhölle
603 334 76 26 högsta
698 334 80 20 antalet
792 337 72 17 röster.

118 370 66 19 skulle
200 369 82 20 inträda
298 368 67 20 såsom
380 368 123 26 ledamöter,
519 369 41 19 den
576 375 44 13 som
637 369 86 19 dernäst
738 369 56 27 finge
805 369 58 20 flesta

117 406 95 17 rösterna
226 403 84 20 komme
326 404 28 18 att
371 402 65 20 blifva
455 404 116 25 suppleant.

186 437 68 25 Valet,
270 436 80 20 hvilket
366 437 139 20 verkställdes
521 438 47 19 med
589 438 68 19 slutna
673 438 75 25 sedlar,
765 438 58 19 utföll
834 438 30 20 så-

118 472 63 20 lunda
191 474 29 17 att
228 472 53 19 Herr
297 467 110 30 Öhrnberg
422 471 67 20 erhöll
506 472 25 19 25
548 474 72 23 röster,
636 472 53 20 Herr
704 472 55 26 Frey
771 472 32 25 19,
812 472 54 20 Herr

118 506 109 26 Wallgren
254 506 30 25 14,
307 505 52 19 Herr
383 505 110 20 Lindblom
519 507 31 24 11,
573 506 54 20 Herr
649 506 93 20 Höckert
766 506 31 26 10,
814 506 52 20 Herr

120 541 102 19 Mechelin
242 541 19 24 7,
284 540 52 19 Herr
359 539 105 26 Cajander
485 540 18 26 6,
520 540 76 20 Herrar
612 540 125 20 Gummerus
753 540 38 20 och
808 540 58 21 Kise-

117 576 39 19 leff
172 575 103 19 hvardera
298 574 18 23 3,
338 574 77 19 Herrar
439 574 98 26 Masalin,
561 574 134 26 Tengström,
718 575 94 26 Procopé
828 576 37 20 och

118 610 90 26 Krogius
224 615 26 13 en
267 608 50 20 hvar
332 608 12 19 2
361 611 53 16 samt
429 608 78 20 Herrar
522 608 98 20 Jaatinen
637 608 38 20 och
687 609 109 20 Molander
807 609 58 20 hvar-

119 645 50 19 dera
185 645 8 18 1
212 645 48 18 röst.

186 678 9 19 I
210 677 51 27 följd
284 676 22 20 af
328 676 65 20 valets
412 676 78 26 utgång
511 676 54 20 hade
583 676 82 20 således
682 677 30 19 till
729 677 115 20 ledamöter
859 678 5 18 i

118 711 232 29 talmanskonferensen
367 710 69 20 blifvit
447 710 88 20 utsedde
551 710 76 20 Herrar
639 707 111 30 Öhrnberg
761 712 38 19 och
810 712 54 26 Frey

119 748 38 19 och
178 746 30 20 till
226 745 115 26 Suppleant
360 744 53 20 Herr
433 744 118 26 Wallgren.
582 744 76 20 Härom
675 744 68 20 skulle
759 746 105 19 underrät-

117 781 51 20 telse
184 786 77 21 genom
277 778 190 26 protokollsutdrag
484 778 26 20 de
527 779 67 26 öfriga
609 778 92 21 Stånden
722 780 114 19 meddelas.

186 814 75 20 Medan
281 812 153 20 ofvanberörde
458 812 33 20 val
517 812 83 27 pågick,
623 813 109 19 anmäldes
754 814 39 19 och
812 814 52 20 före-

118 849 74 20 trädde
215 855 25 13 en
264 847 120 26 deputation
409 846 53 19 ifrån
486 846 164 24 Bondeståndet,
666 847 74 20 anförd
756 847 23 20 af
791 847 75 20 Landt-

117 883 144 27 dagsmannen
277 881 73 25 Slotte,
366 880 85 19 hvilken
469 880 125 20 meddelade
614 883 30 17 att
659 881 157 20 Bondeständet
830 889 36 12 an-

117 917 53 26 tagit
192 917 41 19 den
256 915 23 20 af
299 914 155 26 Ridderskapet
477 915 40 19 och
536 914 69 20 Adeln
621 915 75 26 gjorda
714 915 150 27 inbjudningen

118 954 30 17 att
162 951 32 19 till
209 950 57 19 Hans
287 949 96 26 Majestät
403 948 101 26 Kejsaren
526 949 63 20 afläta
603 955 26 14 en
654 949 131 26 underdänig
808 950 57 19 tack-

118 984 155 27 sägelseadress
296 984 6 18 i
328 983 114 26 anledning
468 983 24 19 af
516 983 239 27 landtdagsordningens
785 983 81 28 Nädiga

118 1019 154 23 stadfästande;
290 1017 38 20 och
347 1018 66 25 jemte
422 1017 34 19 det
466 1017 163 26 Bondeständet,
647 1018 30 19 för
693 1017 80 20 hvilket
789 1018 35 19 det
833 1024 33 13 va-

118 1052 27 22 rit
161 1054 53 25 kärt,
229 1055 31 18 att
274 1052 82 26 ansigte
372 1054 44 17 mot
430 1051 84 26 ansigte
530 1057 22 14 se
568 1051 56 20 Hans
640 1051 119 27 Kejserliga
771 1052 94 26 Majestä!

119 1087 133 22 närvarande
275 1086 35 20 vid
333 1085 139 26 landtdagens
496 1086 119 25 öppnande,
632 1085 119 27 beklagade
767 1088 29 18 att
811 1086 56 19 Hans

120 1122 118 26 Kejserliga
253 1121 96 25 Majestät
364 1119 92 20 derifrän
473 1119 95 20 hindrats
583 1121 23 18 af
619 1120 66 19 andra
698 1120 119 27 angelägna
828 1121 39 19 och

118 1157 81 26 vigtiga
219 1155 226 27 regeringsomsorger,
466 1153 55 20 hade
540 1153 157 20 Bondeständet
724 1154 90 19 beslutat
832 1156 34 17 att.

118 1191 70 20 derest
203 1190 68 26 öfriga
286 1189 64 19 Ständ
366 1188 94 20 önskade
469 1187 73 20 derom
553 1188 74 19 förena
639 1188 38 26 sig,
689 1188 98 20 adressen
799 1188 67 19 skulle

118 1225 31 20 till
165 1225 57 19 Hans
237 1223 119 26 Kejserliga
371 1223 97 25 Majestät
483 1222 5 19 i
507 1222 168 27 underdänighet
684 1222 138 20 öfverlemnas
832 1229 34 19 ge-

118 1265 47 14 nom
186 1265 25 14 en
232 1257 121 27 deputation
372 1257 24 19 af
412 1256 99 26 samtlige
532 1256 47 26 fyra
593 1256 100 25 Ständen,
709 1257 5 18 i
731 1256 80 20 hvilket
833 1257 33 19 be-

119 1293 39 19 slut
174 1291 178 27 Borgareständet
367 1297 26 12 nu
409 1290 85 26 inbjöds
513 1292 31 17 att
559 1290 90 27 deltaga.

188 1326 155 26 Deputationen
369 1324 130 20 betackades
523 1325 22 19 af
563 1324 53 20 Herr
636 1323 170 27 Talmannen,
823 1325 46 20 med

121 1361 102 20 förmälan
246 1362 30 17 att
298 1359 61 20 äfven
382 1358 181 27 Borgareständet
585 1358 85 19 anslutit
689 1358 32 26 sig
738 1358 30 19 till
783 1358 87 20 Ridder-

123 1395 75 26 skapet
221 1394 38 19 och
283 1393 79 20 Adelns
385 1393 128 26 inbjudning
532 1392 109 27 angående
660 1391 160 27 ifrågavarande
836 1399 35 12 un-

125 1428 116 26 derdåniga
264 1427 76 20 adress'
359 1426 106 21 aflätande
485 1427 32 19 till
533 1427 58 19 Hans
607 1426 94 25 Majestät
717 1425 102 26 Kejsaren
835 1427 38 18 oci
