1039 1692
392 139 41 17 Den
447 138 20 17 15
481 138 94 18 Februari.
818 140 18 17 81

109 197 76 19 föreslå
208 199 29 17 alt
260 196 73 26 frågan
357 196 31 20 för
409 196 72 20 vidare
503 196 117 26 beredning
641 196 63 20 måtte
719 197 141 20 öfverlemnas

109 231 30 19 till
159 230 98 20 Ståndets
276 230 103 20 Enskilda
394 230 177 20 Besvärsutskott.
589 242 24 2 —
631 229 39 20 Om
687 230 73 26 frågan
779 231 81 27 derige-

109 272 48 12 nom
181 265 39 19 blir
240 265 46 19 litet
304 264 100 26 fördröjd,
425 264 25 20 sä
470 264 41 19 blir
531 264 39 19 den
588 264 64 20 också
668 264 90 27 troligen
775 265 88 21 sålunda

110 298 68 20 bättre
194 298 78 20 beredd
289 302 26 16 än
331 298 37 20 här
384 298 42 19 kan
443 298 44 19 ske.

177 332 53 20 Herr
245 333 123 25 Procopé:
385 332 49 20 Som
450 332 54 19 Herr
520 328 123 30 Öhrnbergs
653 334 99 24 yttrande
763 334 98 20 fullkom-

109 367 39 25 ligt
167 366 198 20 öfverensstämmer
386 366 48 20 med
455 366 55 20 hvad
525 367 36 25 jag
576 366 45 20 haft
636 366 31 20 för
683 366 64 27 afsigt
762 370 30 17 att
807 368 7 20 i
828 374 33 14 sa-

109 400 42 20 ken
173 403 63 23 yttra,
259 400 23 20 så
304 400 37 20 ber
361 401 37 25 jag
423 400 52 20 blott
498 402 31 17 att
548 400 20 19 få
588 400 73 19 förena
681 400 44 26 mig
745 402 46 18 med
808 402 53 20 Herr

109 432 116 29 Öhrnberg.

176 469 54 19 Herr
246 468 166 26 Tengström:
429 468 42 19 Min
485 468 85 26 mening
581 468 84 26 syftade
680 468 70 20 dertill
762 471 30 18 att
802 470 59 20 Stån-

109 502 36 20 det
160 502 68 20 skulle
243 502 43 20 låta
301 502 48 20 hela
364 502 74 26 frågan
455 508 33 14 om
505 502 168 26 protokollernas
689 503 115 27 tryckning
819 504 40 20 för-

109 537 57 24 falla,
185 538 48 18 utan
254 536 69 26 någon
346 536 74 20 remiss
439 536 32 20 till
491 536 98 20 Ståndets
612 536 104 20 Enskilda
740 538 120 20 Besvärsut-

109 571 63 19 skott.
193 582 27 4 —
235 570 32 20 Då
283 578 27 12 nu
325 570 117 20 emellertid
459 576 26 13 en
502 576 68 14 annan
587 571 86 26 mening
689 574 23 16 är
728 572 78 26 yttrad,
823 574 38 19 och

108 606 38 25 jag
164 606 19 24 ej
204 604 66 20 heller
289 605 63 25 hyser
373 604 66 26 några
453 604 172 26 betänkligheter
641 605 6 19 i
663 607 30 17 att
707 605 74 21 förena
796 607 44 26 mig
855 607 6 19 i

111 640 127 24 densamma,
259 638 37 20 ber
311 639 37 25 jag
368 639 21 19 få
408 638 113 20 instämma
536 638 6 20 i
557 638 54 20 Herr
627 634 124 32 Öhrnbergs
765 640 98 26 yrkande

111 680 34 13 om
161 673 85 26 frågans
257 672 149 20 remitterande
417 673 32 19 till
459 672 100 20 Ståndets
573 672 103 20 Enskilda
686 673 177 21 Besvärsutskott.

111 707 40 27 Jag
171 708 37 18 vill
228 707 61 19 äfven
308 706 73 20 förena
401 707 43 26 mig
466 707 48 19 med
534 706 53 20 Herr
603 703 111 31 Öhrnberg
729 708 6 19 i
752 708 40 20 den
808 708 54 28 åsig-

112 745 42 22 ten,
173 743 29 18 att
222 741 26 26 på
264 741 82 19 Statens
363 740 119 21 bekostnad
497 740 116 27 ingalunda
627 741 69 27 någon
714 742 113 27 tryckning
842 744 24 18 af

111 774 104 22 Ständens
233 775 159 26 förhandlingar
413 775 37 19 bör
468 777 42 23 äga
529 782 52 12 rum.
612 776 24 18 81
654 778 10 21 $
680 776 6 19 i
702 776 160 26 landtdagsord-

111 810 78 26 ningen
206 809 117 20 innehäller
339 809 151 27 uttryckligen,
507 811 30 17 att
551 809 102 26 Kejsaren
669 810 40 19 och
725 810 138 21 Storfurstens

112 844 31 19 till
162 843 117 20 Ständerne
298 843 78 20 aflätna
395 843 163 26 propositioner,
579 843 117 20 utskottens
713 844 150 20 betänkanden

111 877 107 20 äfvensom
235 877 126 20 Ständernes
378 877 123 20 skrifvelser
517 877 31 20 till
563 877 102 26 Kejsaren
681 877 40 20 och
740 878 121 27 landtdags-

112 911 90 20 beslutet
225 911 60 20 skola
307 911 100 20 särskildt
430 911 44 19 frän
499 911 84 26 trycket
603 911 96 26 utgifvas.
730 912 82 26 Frägan
828 919 34 13 om

112 945 114 26 tryckning
245 945 23 19 af
284 945 97 20 Ständets
401 945 160 26 förhandlingar
581 948 23 17 är
623 945 82 20 således
721 946 106 20 beroende
843 947 21 19 af

112 979 98 20 Ständets
226 981 50 24 eget
290 979 74 20 beslut.
384 979 40 19 Om
439 979 75 26 frågan
531 979 116 20 remitteras
663 980 31 19 till
714 979 98 21 Ständets
822 981 41 19 En-

111 1013 69 20 skilda
196 1013 175 26 Besvärsutskott,
386 1013 24 19 sä
426 1013 66 20 borde
509 1014 58 19 detta
582 1013 79 20 utskott
676 1013 62 20 äfven
755 1013 20 20 fä
790 1014 6 19 i
812 1021 50 20 upp-

111 1049 51 25 drag
178 1050 30 17 att
223 1047 91 27 tillfråga
329 1047 98 23 kansliet,
442 1054 34 13 om
493 1048 36 19 det
546 1050 47 17 utan
610 1048 71 19 vidare
698 1047 35 20 vill
754 1048 61 25 ätaga
831 1048 32 26 sig

111 1084 31 17 att
160 1081 42 20 läta
222 1081 101 20 utskrifva
342 1084 30 18 ett
392 1081 133 27 fullständigt
543 1082 107 26 exemplar
669 1083 24 18 af
704 1081 98 20 Ständets
817 1089 46 19 pro-

112 1115 90 22 tokoller
222 1118 53 17 samt
293 1118 29 17 att
336 1116 106 20 efterhöra
460 1116 103 19 huruvida
581 1116 69 25 någon
669 1115 140 26 boktryckare
826 1116 37 19 fin-

114 1158 37 13 nes
167 1151 69 26 hugad
253 1152 29 17 att
298 1152 47 17 utan
362 1151 83 26 garanti
462 1150 110 26 öfvertaga
587 1150 103 26 företaget
705 1150 39 19 och
756 1149 27 27 pä
793 1150 73 19 hvilka

113 1185 75 19 vilkor.

182 1219 54 19 Herr
252 1218 90 25 Sjöros
358 1219 97 19 förmälte
471 1218 33 26 sig
521 1225 92 19 numera,
633 1219 48 19 med
700 1218 129 26 frängäende
844 1217 23 19 af

113 1253 31 19 sin
161 1252 55 20 förut
230 1252 84 27 yttrade
330 1252 60 27 äsigt,
407 1252 43 20 helt
466 1252 39 20 oeh
523 1252 65 20 hället
603 1252 47 20 dela
667 1253 54 19 Herr
743 1249 121 28 Öhrnbergs

114 1285 134 27 uppfattning
263 1286 23 19 af
298 1286 80 26 frägan.

183 1320 59 19 Efter
261 1326 87 13 numera
367 1320 67 20 slutad
451 1320 127 26 diskussion,
595 1321 128 19 framställde
738 1320 54 20 Herr
807 1320 58 20 Tal-

116 1360 112 14 mannen
244 1353 31 20 till
291 1353 88 20 Ständet
394 1354 93 26 följande

184 1387 182 26 Proposition:
382 1388 43 19 Vill
442 1388 89 20 Ständet
541 1389 108 19 remittera
659 1388 138 20 förevarande
808 1388 60 27 fräga

115 1422 31 19 till
170 1421 117 26 beredning
312 1421 23 20 af
354 1422 100 19 Ständets
479 1422 105 20 Enskilda
606 1422 185 21 Besvärsutskott?
816 1423 52 19 eller

162 1457 60 19 Välloi.
236 1457 139 20 Vorgareständets
385 1458 82 19 protokoll
479 1457 96 19 landtdagen
589 1459 46 14 1972.
812 1455 10 16 6
