1039 1692
420 134 40 17 Den
473 134 22 17 12
508 134 53 18 Mars.
809 134 33 17 313

113 192 54 21 skall
184 193 54 26 utgå,
255 192 65 21 ehuru
336 192 36 20 det
387 194 23 18 är
425 192 56 20 svårt
496 194 31 18 att
543 192 56 20 bilda
615 192 32 27 sig
663 194 29 18 ett
704 192 103 20 bestämdt
820 199 42 13 om-

113 228 62 20 döme
191 227 79 26 härom,
287 228 64 19 innan
368 227 26 19 de
410 226 68 28 öfriga
493 226 186 27 anslagsfrågorna
695 226 68 20 blifvit
782 229 80 17 närma-

114 268 22 14 re
160 262 88 20 utredda
266 262 40 19 och
329 262 39 19 fått
390 261 31 19 sin
445 262 88 25 lösning.
564 260 41 27 Jag
623 260 41 20 kan
685 260 54 20 dock
755 260 19 26 ej
791 260 73 20 förena

114 296 43 27 mig
174 302 32 14 om
222 296 166 26 formuleringen
404 295 23 20 af
440 295 111 20 utskottets
567 295 78 26 förslag
660 294 31 20 till
714 301 47 13 svar
778 295 27 25 på
823 294 40 20 den

114 330 84 26 Nådiga
205 330 165 26 propositionen,
379 331 49 19 utan
438 330 66 20 skulle
514 330 45 20 deri
568 329 66 20 önska
641 329 78 19 föreslå
727 329 92 26 följande
828 332 34 16 än-

115 364 68 27 dring,
199 364 118 27 nemligen:
333 364 44 20 ”att
390 364 118 20 Ständerna
523 364 7 19 i
545 364 170 26 underdänighet
730 364 89 23 anmäla,
835 365 30 18 alt

114 398 120 20 utförandet
256 398 23 20 af
299 399 26 19 de
348 398 119 26 föreslagna
487 398 116 20 kanalerna
623 398 34 20 vid
677 397 186 27 Warkaantaipale

114 433 38 19 och
176 432 160 27 Kirkontaipale
359 436 37 16 näs
419 434 52 18 samt
495 432 39 20 den
559 432 91 20 derifrän
673 432 32 20 till
728 432 30 20 S:t
776 432 87 20 Michels

114 468 45 19 stad
175 467 83 27 gående
273 467 105 20 farledens
395 467 143 26 upprensning
554 466 31 20 till
602 468 11 18 7
635 466 39 21 fots
696 466 49 26 djup
765 467 38 27 vid
819 467 43 20 Sai-

116 508 58 13 mens
196 501 68 27 lägsta
287 501 131 20 vattenständ
444 502 18 25 ej
486 503 79 18 ansetts
588 508 49 13 vara
660 503 29 17 ett
708 501 81 27 företag
804 501 24 19 af
840 501 24 19 sä

117 536 132 20 brädskande
265 536 39 20 och
321 535 186 27 maktpäliggande
523 537 38 24 art,
577 537 30 18 att
623 536 26 19 de
667 535 69 21 dertill
760 536 102 19 erforder-

115 570 43 26 liga
180 570 70 20 medel
272 570 64 20 redan
360 570 32 19 för
414 570 132 20 närvarande
569 569 64 21 borde
652 576 77 20 genom
748 570 116 26 bevillning

114 605 201 26 sammanbringas?.
345 600 69 24 Äfven
431 604 67 20 skulle
511 604 38 26 jag
565 604 49 25 vilja
630 604 89 20 utesluta
734 604 128 20 fortsättnin-

115 646 41 20 gen
172 639 6 19 i
194 639 112 19 utskottets
321 638 85 26 förslag,
422 638 96 26 emedan,
535 638 68 20 såsom
617 638 38 26 jag
670 641 78 23 nämnt,
764 639 99 26 pröfning

115 673 23 20 af
151 673 27 20 de
193 673 68 27 öfriga
276 672 104 26 ändamål,
396 672 31 20 för
443 672 72 20 hvilka
531 672 116 27 bevillning
664 672 90 27 begärts,
770 674 18 25 ej
808 676 55 17 ännu

116 708 80 19 kunnat
218 707 93 27 försiggä
333 707 39 20 och
395 707 88 20 Ständet
505 707 68 20 skulle
588 707 27 26 pä
630 708 41 18 sätt
685 707 40 20 och
744 708 31 19 vis
801 707 61 20 binda

116 742 32 26 sig
164 748 76 20 genom
256 744 30 18 att
301 743 77 25 antaga
393 742 40 20 den
450 741 24 20 af
487 741 102 20 utskottet
604 741 120 27 föreslagna
743 742 119 20 motiverin-

114 783 40 20 gen
170 776 7 20 i
194 776 68 20 denna
278 776 40 20 del.

183 810 54 20 Herr
252 810 159 27 Tengström:
426 810 33 19 Då
474 810 112 20 utskottets
596 810 133 20 betänkande
738 813 22 16 är
778 812 86 25 antaget

115 845 23 20 af
151 847 77 17 tvenne
247 844 65 20 Stånd
330 844 39 20 och
388 843 158 27 propositionen
566 843 82 21 således
664 844 6 19 i
690 845 116 19 hufvudsak
823 845 39 20 för-

116 879 70 25 fallen,
212 879 23 20 så
254 882 23 17 är
296 878 85 27 frågans
400 878 40 20 öde
455 878 64 20 redan
536 878 93 27 afgjordt
644 879 38 19 och
699 879 35 20 det
752 886 50 13 vore
817 879 45 20 der-

116 914 44 19 före
183 913 81 20 kanske
288 912 178 27 ändamålsenligt
487 915 30 17 att
539 913 19 25 ej
583 913 86 26 mycket
693 916 51 17 orda
766 920 33 13 om
816 914 46 25 den,

117 953 46 14 men
188 947 26 20 då
229 947 23 20 så
268 947 76 26 många
363 947 180 26 omständigheter
562 947 87 26 anförts,
664 947 74 20 hvilka
751 948 36 25 jag
802 954 62 13 anser

116 982 90 26 förtjena
229 988 25 13 en
276 981 52 20 liten
349 981 118 26 belysning,
486 981 42 20 kan
542 981 37 27 jag
598 982 19 25 ej
634 981 108 20 underlåta
760 983 30 18 att
805 982 59 20 deråt

117 1022 55 20 egna
194 1015 66 27 några
279 1016 45 19 ord.
355 1015 81 20 Främst
454 1022 60 13 anser
531 1016 38 26 jag
585 1016 43 26 mig
645 1015 54 20 dock
715 1016 50 20 böra
780 1017 84 19 förorda

115 1050 129 27 antagandet
259 1050 23 19 af
295 1049 111 20 utskottets
423 1050 134 20 betänkande
573 1050 61 20 äfven
651 1050 22 20 af
681 1051 182 26 Borgareståndet.

115 1084 36 21 Uti
167 1084 71 26 frågor
253 1085 23 18 af
289 1084 64 19 sådan
371 1083 152 27 beskaffenhet,
539 1090 44 14 som
601 1085 40 19 den
660 1085 137 26 närvarande,
820 1085 42 27 gäl-

118 1119 29 19 ler
172 1119 36 19 det
230 1119 18 25 ej
272 1118 23 20 så
319 1118 85 26 mycket
426 1120 30 18 att
478 1119 120 19 undersöka
621 1118 72 21 hvilka
715 1119 91 20 fördelar
824 1119 39 20 uch

116 1152 72 20 hvilka
204 1159 124 20 gynsamma
344 1153 178 26 omständigheter
538 1153 104 27 företaget
657 1153 68 20 skulle
740 1153 84 20 komma
834 1156 30 18 att

118 1187 94 20 medföra
227 1187 32 19 för
274 1186 40 20 den
330 1189 38 24 ort,
385 1187 36 20 der
436 1187 35 20 det
486 1187 86 20 komme
588 1189 30 18 att
633 1187 84 26 utföras,
733 1190 49 18 utan
802 1189 60 19 fram-

118 1222 31 18 för
164 1221 38 20 allt
216 1223 30 18 att
261 1221 89 20 anställa
365 1227 25 14 en
407 1222 122 25 jemförelse
549 1222 77 19 mellan
645 1222 100 27 förslaget
768 1223 38 20 och
828 1229 35 14 an-

118 1255 37 20 dra
170 1255 85 26 sådana,
271 1255 32 20 för
318 1255 72 20 hvilka
406 1262 33 13 om
456 1257 73 26 anslag
537 1257 23 19 af
567 1256 106 20 allmänna
682 1257 66 20 medel
760 1257 104 26 anhållits,

118 1289 31 20 till
165 1289 23 20 sä
203 1291 56 18 stora
275 1290 83 26 belopp,
377 1292 30 17 att
429 1290 140 27 tillgångarne
585 1291 114 26 omöjligen
715 1291 72 20 kunna
800 1291 64 20 räcka

116 1324 31 20 till
163 1324 31 19 för
210 1324 47 19 alla.
288 1323 159 28 Hufvudfrägan
463 1327 22 17 är
501 1324 88 26 således,
606 1331 33 14 om
654 1325 57 20 detta
721 1325 87 27 företag,
820 1332 43 13 som

116 1358 23 20 af
159 1358 74 20 staden
256 1358 31 20 S:t
308 1358 88 20 Michels
418 1361 147 24 representant
588 1359 23 20 sä
632 1359 59 26 ifrigt
711 1359 99 27 förordas,
827 1360 37 20 bör

117 1393 62 19 hafva
195 1392 103 20 företräde
315 1392 86 20 framför
416 1393 42 19 alla
473 1393 25 20 de
514 1393 82 27 vigtiga
610 1394 89 26 företag,
719 1400 44 13 som
782 1401 27 13 nu
828 1395 36 25 pä-

117 1427 55 19 kalla
194 1427 140 19 användande
358 1427 22 19 af
394 1427 106 20 allmänna
526 1427 81 26 medel;
629 1427 40 20 och
692 1427 26 20 dä
738 1434 46 13 man
801 1428 63 20 bland
