1039 1692
389 136 41 17 Den
442 136 22 17 13
477 136 96 18 Februari.
816 134 21 17 51

110 194 80 27 uppgår
205 194 31 20 till
252 193 36 21 två
303 194 13 19 &
331 195 92 19 tretusen
440 194 57 19 mark
514 194 88 26 årligen,
622 192 31 20 får
671 193 38 25 jag
727 192 38 20 hos
779 191 80 21 Vällof-

110 229 43 26 lige
168 228 176 26 Borgareståndet
360 228 119 26 ödmjukast
497 227 86 20 anhålla
597 229 30 18 att
646 227 117 20 detsamma
781 229 26 17 än
827 228 32 24 yt-

112 262 98 27 terligare
230 262 50 19 ville
303 262 73 19 förena
393 262 32 26 sig
444 268 32 13 om
497 261 132 26 underdånig
645 261 88 26 petition
750 260 38 20 hos
803 260 57 20 Hans

111 296 118 26 Kejserliga
244 296 96 25 Majestät
355 296 31 19 till
402 296 125 26 skyndsamt
541 294 136 27 afhjelpande
694 294 27 27 på
731 294 75 20 sådant
814 296 46 20 sätt,

112 337 44 13 som
172 330 135 20 härförinnan
323 329 152 27 underdånigst
489 329 128 27 föreslagits,
633 328 22 20 af
672 329 26 19 de
717 328 143 27 olägenheter,

112 371 44 13 som
170 365 37 26 jag
222 364 109 20 ofvanföre
346 364 45 19 haft
406 366 50 18 äran
472 363 117 21 framhålla.

180 398 78 20 Tillika
272 404 62 14 anser
346 398 38 26 jag
400 398 43 26 mig
459 397 50 21 böra
528 398 90 26 upplysa
635 399 30 17 att
689 397 84 20 Torneå
795 397 64 20 stads-

113 433 100 20 kommun
236 431 158 27 otvifvelaktigt
417 438 50 14 vore
489 431 127 27 beredvillig
631 433 30 17 att
679 431 88 27 bidraga
786 431 31 19 till
832 431 28 19 af-

114 467 72 26 löning
208 466 22 20 af
248 466 40 20 den
310 465 108 20 blifvande
438 465 191 26 lasarettsläkaren,
649 465 74 20 såvida
742 465 40 20 han
796 466 66 25 jemte

114 501 68 20 denne
197 501 63 26 tjenst
275 500 70 20 kunde
364 500 121 20 handhafva
502 499 285 27 stadsläkarebefattningen.
812 500 49 19 Hel-

115 535 90 27 singfors
221 534 40 20 den
279 534 23 20 13
319 534 100 20 Februari
437 534 60 20 1872.

605 568 26 20 K.
645 568 20 20 J.
681 568 114 20 Boström.”

184 603 29 20 Af
225 603 53 20 Herr
293 603 89 20 Kurtén:

251 637 53 20 ”Till
318 636 115 27 Välloflige
448 636 185 27 Borgareståndet.

183 672 45 19 Den
249 671 123 26 kraftigaste
390 670 98 26 häfstång
508 670 31 20 för
555 672 30 18 ett
599 670 60 20 lands
675 670 189 20 framåtskridande

116 706 6 19 i
139 705 72 27 odling
234 705 39 20 och
292 704 89 20 industri
400 704 69 26 ligger
488 704 134 26 obestridligt
641 704 6 19 i
667 704 52 20 lätta
737 704 40 20 och
793 704 73 26 billiga

117 738 211 21 kommunikationer.
358 738 66 20 Deras
444 738 141 20 befruktande
605 738 39 20 och
665 738 139 20 utvecklande
824 739 40 19 för-

118 773 62 27 måga
194 773 37 20 har
246 772 64 21 redan
326 772 70 20 blifvit
411 774 30 18 ett
456 772 78 26 axiom,
551 772 39 20 och
606 772 146 20 erfarenheten
773 772 44 20 från
829 779 35 13 an-

117 807 38 20 dra
170 807 73 19 länder
257 807 81 19 lemnar
353 806 77 20 talrika
446 806 58 20 bevis
520 806 71 26 derpå,
607 808 31 18 att
657 812 26 14 en
701 807 97 26 jernväg,
820 812 44 14 som

119 840 69 20 blifvit
203 840 89 27 lyckligt
314 840 105 26 placerad,
442 840 121 20 framkallat
585 846 26 14 en
627 840 55 19 förut
696 840 47 20 icke
760 847 36 13 ens
812 840 53 19 anad

119 874 134 20 verksamhet
268 874 39 20 och
322 873 97 20 stundom
439 873 63 20 äfven
522 875 6 18 i
547 873 100 21 afseende
663 874 13 19 &
690 875 32 19 sin
738 875 127 20 rentabilitei

119 908 129 21 öfverträffat
271 908 26 20 de
318 908 114 26 djerfvaste
454 907 174 27 förhoppningar.
664 908 38 20 Att
725 909 87 26 tillegna
836 909 32 26 sig

120 943 106 20 förmånen
247 942 23 20 af
289 942 79 20 sådana
390 941 208 21 kommunikationer
622 941 66 21 måste
704 942 82 21 derföre
802 943 66 20 blifva

120 979 30 18 ett
169 977 23 19 af
208 977 50 19 våra
278 976 93 27 ifrigaste
397 975 142 20 sträfvanden.
573 976 48 20 Men
640 976 6 19 i
665 978 30 18 ett
717 977 151 26 kapitalfattigt

120 1011 49 20 land
185 1011 47 20 med
248 1017 25 13 en
289 1010 45 27 gles
349 1010 126 26 befolkning
489 1009 74 20 kunna
578 1010 33 25 de,
627 1009 82 27 tillfölje
727 1011 24 19 af
764 1011 103 26 dyrheten

120 1045 6 19 i
142 1045 32 19 sin
190 1044 136 27 anläggning,
341 1043 48 21 icke
404 1043 164 26 åstadkommas,
585 1050 33 13 om
634 1044 19 25 ej
674 1046 67 18 staten
757 1044 48 20 med
823 1045 47 19 sina

121 1081 66 17 större
202 1084 104 14 ressurser
320 1079 60 26 tager
395 1078 56 19 hand
467 1084 34 13 om
518 1077 73 20 saken.
621 1077 32 20 Då
673 1077 44 21 åter
737 1080 66 18 staten
820 1079 49 19 ned-

122 1113 73 26 lägger
210 1113 46 19 sina
270 1112 79 20 krafter
365 1112 27 26 på
406 1118 27 14 en
449 1111 237 27 kommunikationsled,
701 1112 81 21 fordrar
798 1119 26 14 en
834 1119 36 14 en-

122 1147 35 19 kel
179 1146 88 19 rättvisa
290 1148 44 18 mot
356 1146 26 20 de
406 1146 166 27 skattdragande
595 1146 45 27 dels
663 1148 30 18 att
711 1149 79 24 gagnet
812 1146 62 20 deraf

123 1180 53 20 skall
192 1180 86 20 komma
292 1180 41 20 den
349 1182 75 18 största
440 1180 87 26 möjliga
542 1180 34 20 del
591 1180 23 19 af
626 1180 73 20 landet
713 1181 94 26 tillgodo,
827 1180 45 20 dels

125 1214 39 21 ock
180 1216 30 18 att
230 1214 26 20 de
275 1214 123 26 landsorter,
420 1220 45 14 som
483 1214 7 19 i
511 1214 41 20 den
571 1217 67 24 vägen
655 1214 54 20 förut
725 1214 69 20 blifvit
809 1213 62 21 förbi-

123 1248 91 27 gångna,
230 1248 60 20 skola
305 1248 73 20 dervid
397 1248 154 27 ihågkommas.

191 1282 9 19 I
216 1282 46 20 vårt
277 1282 48 19 land
341 1282 67 19 finnes
423 1282 83 20 tillfälle
522 1282 33 20 för
570 1284 75 24 staten,
664 1284 31 18 att
709 1289 76 20 genom
800 1283 72 26 anläg-

123 1315 69 28 gande
207 1316 23 19 af
243 1322 26 13 en
284 1315 237 27 kommunikationsled,
543 1323 45 13 som
612 1316 38 20 hos
669 1316 33 27 sig
721 1316 83 20 förenar
820 1315 54 21 båda

125 1349 143 27 nyssnämnda
284 1350 138 26 egenskaper,
439 1350 65 20 verka
520 1350 32 20 för
567 1350 82 20 landets
665 1350 117 20 materiella
796 1350 78 19 förkof-

125 1389 37 14 ran
188 1390 58 13 mera
270 1383 157 27 fruktbärande,
453 1387 26 16 än
505 1384 82 20 kanske
613 1384 27 26 på
662 1384 64 27 något
747 1386 64 17 annat
829 1386 46 17 sätt.

126 1417 62 20 Detta
206 1424 51 13 vore
276 1424 75 19 genom
371 1419 30 18 att
421 1417 107 21 utsträcka
545 1419 116 25 jernvägen
681 1417 44 21 från
747 1417 129 20 Tavastehus
