1039 1692
190 114 34 17 510
475 113 41 18 Den
528 112 11 18 6
551 114 61 22 April.

169 172 22 20 af
212 172 27 20 all
263 171 104 27 egendom
383 172 7 18 i
406 171 40 20 löst
467 171 39 20 och
530 172 46 26 fast,
593 172 69 20 ovissa
676 171 118 27 fordringar
810 171 54 21 dock
880 178 36 13 un-

168 207 114 25 dantagne,
298 213 26 13 en
339 208 88 24 procent
442 206 31 20 för
488 206 173 26 uppteckningen
677 206 39 20 och
732 212 26 14 en
774 206 46 20 half
829 207 87 25 procent

169 241 31 19 för
217 240 122 27 delningen,
363 240 45 20 deri
427 240 63 20 likväl
512 240 48 20 icke
575 240 126 26 inbegripna
720 240 78 20 sådana
813 240 103 25 sterbhus,

168 282 45 13 som
235 274 68 27 enligt
325 274 104 20 särskilda
451 274 122 27 privilegier
592 274 123 27 berättigats
733 277 30 17 att
781 274 73 27 sjelfve
871 276 45 18 utse

168 309 40 20 och
223 308 186 21 öfverenskomma
424 308 46 21 med
486 309 46 19 sina
547 308 193 27 förrättningsmän.
770 308 32 20 Då
820 308 95 21 emeller-

168 344 30 20 tid
214 343 157 20 ofvannämnda
387 343 132 26 bestämning
535 349 33 14 om
585 343 147 27 Borgmästare
748 343 39 21 och
806 343 56 20 Råds
884 350 31 13 ar-

169 378 53 20 vode
246 378 32 20 för
296 378 160 26 ifrågavarande
478 378 127 26 förrättning
620 384 87 14 numera
721 377 48 21 icke
786 384 50 14 vore
851 377 65 27 lämp-

167 413 36 27 lig,
226 412 74 20 såvida
314 412 7 19 i
337 412 26 20 de
386 412 60 20 flesta
468 412 96 20 sterbhus
580 412 39 20 och
637 412 126 26 isynnerhet
780 412 84 25 sådana,
880 411 37 20 der

169 454 25 14 en
210 449 68 18 större
293 445 143 21 affärsrörelse
452 446 116 27 bedrifvits,
581 447 66 25 jemte
663 448 56 18 stora
732 446 112 27 tillgångar
855 446 61 20 äfven

171 481 143 21 förekommer
329 481 95 27 betydlig
447 481 56 27 gäld,
523 487 44 14 som
584 481 34 20 vid
634 480 145 28 beräkningen
796 480 23 21 af
831 486 87 21 procen-

168 518 35 17 ten
219 515 48 20 icke
283 515 97 26 afdrages
396 515 39 20 och
451 515 70 21 denna
536 515 123 27 derigenom
674 515 42 20 kan
729 515 114 27 öfverstiga
858 515 58 19 boets

170 549 96 27 verkliga
281 549 130 27 behållning,
427 552 54 18 samt
495 550 62 20 äfven
573 552 30 18 ett
619 549 103 21 skuldsatt
742 549 32 27 bo,
794 550 37 20 der
853 549 63 26 ingen

169 583 123 27 behållning
314 583 121 27 förefinnes,
458 584 31 20 får
511 584 32 20 för
561 584 59 20 boets
636 584 144 26 uppteckning
800 583 117 21 vidkännas

168 624 27 13 en
219 618 134 26 betungande
376 618 39 20 och
438 618 58 20 öfver
519 619 78 19 höfvan
617 620 42 18 stor
675 618 145 27 beskattning;
836 618 39 20 och
891 618 27 20 då

169 652 73 20 vidare
266 652 196 27 bouppteckningar
482 652 27 27 på
524 653 72 20 landet
611 655 48 17 utan
675 652 55 20 våda
745 653 32 19 för
794 652 122 20 rättssäker-

169 687 62 19 heten
255 686 22 20 få
292 687 124 20 verkställas
432 687 23 20 af
468 687 68 21 dertill
553 688 46 19 utaf
615 686 225 27 sterbhusdelegarene
856 686 61 19 valde

168 721 55 27 gode
240 724 54 24 män,
311 721 73 20 hvilka
398 722 54 20 efter
467 721 215 20 öfverenskommelse
698 721 32 20 för
740 721 177 27 förrättningarne

168 755 122 27 godtgöras,
313 756 87 20 föreslås
422 758 29 18 att
466 756 177 27 Borgareståndet
658 755 68 20 skulle
741 756 38 20 hos
797 755 57 20 Hans
869 753 49 27 Kej-

168 789 79 27 serliga
268 790 98 26 Majestät
384 790 5 19 i
409 790 168 27 underdånighet
599 790 84 20 anhålla
705 796 34 14 om
762 789 127 27 vidtagande
912 789 6 19 i

168 824 48 25 laga
232 824 90 26 ordning
338 824 22 19 af
374 824 63 20 sådan
454 824 73 27 åtgärd
543 826 30 18 att
589 824 95 20 sterbhus
700 824 7 19 i
723 824 52 25 stad,
789 824 90 19 likasom
890 823 27 26 på

170 858 78 26 landet,
265 857 57 27 finge
338 864 76 21 genom
430 858 23 20 af
466 858 131 27 sakegarene
613 859 44 19 fritt
675 858 68 26 valde,
763 858 69 20 dertill
848 857 69 20 skick-

168 892 42 26 lige
234 892 55 26 gode
313 895 47 17 män
385 892 135 27 upptecknas,
543 893 37 20 allt
598 893 65 19 likväl
682 893 49 20 med
745 892 137 27 iakttagande
898 891 22 20 af

169 926 26 19 de
211 926 31 19 för
258 925 107 21 allmänna
380 927 189 20 rättssäkerhetens
588 927 38 20 och
651 927 131 20 kontrollens
798 926 54 21 skull
867 927 6 18 i
889 926 29 20 af-

169 961 78 19 seende
264 961 12 19 &
291 961 73 20 landet
383 961 98 26 gällande
500 961 137 26 föreskrifter,
655 961 39 20 och
709 963 30 18 att
755 961 87 20 sålunda
860 961 58 20 skill-

169 995 69 20 naden
263 995 76 20 mellan
363 996 63 20 stads-
452 996 39 20 och
512 996 102 20 landsrätt
633 996 7 19 i
657 996 57 20 detta
733 995 36 21 fall
784 1002 76 21 genom
878 995 39 20 den

169 1029 65 20 förras
249 1029 149 27 upphäfvande
414 1029 67 22 skulle
497 1030 101 27 upphöra.

237 1064 148 20 Förevarande
401 1065 88 26 petition
505 1065 114 20 innefattar
634 1063 35 21 två
684 1064 104 21 särskilda
803 1064 64 26 delar,
878 1063 39 20 den

170 1105 40 14 ena
225 1105 34 13 om
276 1100 40 18 rätt
332 1099 31 20 för
378 1099 41 20 alla
434 1099 187 20 stadsinnevänare
635 1100 32 18 att
681 1099 74 26 sjelfve
771 1099 55 26 välja
841 1098 77 27 boupp-

170 1133 169 26 teckningsmän,
356 1133 40 20 den
413 1134 65 20 andra
493 1140 33 13 om
543 1134 35 20 det
593 1133 32 20 för
641 1133 152 26 förrättningen
814 1133 104 26 utgäende

168 1167 86 21 arvode.

237 1197 129 25 Ändamålet
382 1202 46 20 med
444 1202 48 26 den,
508 1202 65 21 redan
589 1203 64 19 innan
672 1203 53 19 1734
741 1201 32 21 års
788 1202 36 27 lag
839 1201 79 26 utkom,

168 1235 85 21 införda
267 1236 135 20 föreskriften
419 1243 33 14 om
466 1236 182 27 boupptecknings
663 1237 6 19 i
685 1236 46 20 stad
742 1236 127 20 förrättande
883 1243 36 20 ge-

169 1276 49 14 nom
241 1271 149 26 Borgmästare
406 1271 37 20 och
460 1271 55 20 Räds
531 1271 82 27 försorg
629 1271 60 20 torde
705 1271 52 20 böra
775 1270 62 20 sökas
853 1271 6 19 i
874 1270 44 27 lag-

168 1303 108 21 stiftarens
292 1305 80 20 önskan
389 1307 29 18 att
434 1306 125 26 omyndiges
575 1307 41 18 rätti
635 1305 122 26 derigenom
778 1304 67 20 skulle
861 1304 57 21 kom-

170 1345 34 12 ma
218 1340 30 18 att
265 1338 116 27 behörigen
397 1339 104 28 iakttagas
517 1339 40 20 och
573 1339 99 21 bevakas.
703 1339 64 20 Detta
784 1339 97 26 syftemäl
897 1342 22 17 är

170 1372 65 20 likväl
259 1373 49 20 icke
330 1379 37 14 ens
391 1373 54 21 hvad
467 1374 42 20 alla
524 1373 186 21 stadsinnevänare
727 1372 98 21 beträffar
844 1373 76 20 konse-

172 1409 65 24 yvent
252 1407 141 28 genomfördt,
409 1409 6 19 i
431 1409 36 20 det
481 1410 30 19 att
525 1408 52 21 ifrån
595 1408 92 20 nämnda
705 1407 108 20 föreskrift
832 1410 36 17 äro
885 1415 35 12 un-
