1039 1692
397 142 39 18 Den
451 142 21 17 16
485 142 96 17 Februari.
823 142 22 16 59

114 202 48 20 häst
183 202 40 20 och
243 201 46 20 karl
310 200 112 26 uppehålla
441 200 32 26 sig
493 200 90 26 aflägset
601 199 45 19 från
667 200 35 19 sitt
717 200 96 25 hemvist,
829 200 39 20 och

117 236 122 27 derigenom
260 236 114 19 försumma
394 240 54 20 egna
468 234 189 26 maktpåliggande
676 234 101 26 göromål.
806 234 61 20 Befo-

117 271 105 25 genheten
238 270 23 19 af
275 269 61 19 dessa
351 268 107 26 klagomål
474 274 65 20 synes
555 268 42 26 mig
615 268 49 19 böra
680 268 58 26 ligga
748 268 55 20 klart
813 269 7 19 i
832 269 35 19 da-

114 311 40 19 gen
175 304 31 20 för
225 310 25 13 en
271 303 56 24 hvar,
346 308 44 14 som
411 308 66 20 egnar
498 301 141 20 förhållandet
658 302 62 19 äfven
739 302 39 20 den
795 302 71 26 flykti-

116 340 58 24 gaste
195 337 125 21 eftertanke.
354 336 41 20 Det
415 336 58 19 torde
495 336 84 20 derföre
598 342 50 14 vara
666 336 137 26 regeringens
824 336 42 20 oaf-

117 372 75 26 visliga
210 371 128 27 skyldighet,
357 372 30 17 att
405 370 27 26 gå
450 370 8 19 i
474 369 124 27 författning
615 376 33 14 om
663 370 96 20 rättande
775 371 20 19 af
811 371 57 19 detta

117 405 189 25 missförhållande,
326 404 82 20 hvilket
426 404 149 20 företrädesvis
591 407 22 17 är
629 404 134 27 betungande
779 404 31 20 för
826 405 40 20 den

114 440 138 26 jordägande,
276 438 22 20 af
319 440 64 24 tunga
410 438 149 19 skattebördor
581 439 60 19 äfven
667 438 127 20 derförutom
818 439 48 19 ned-

116 474 84 26 tryckta
217 473 157 25 befolkningen.

186 507 79 20 Medlet
284 507 32 19 för
337 506 133 26 utjemnande
491 506 23 20 af
531 506 56 20 detta
607 506 182 20 missförhållande
805 514 63 19 synes

117 542 43 26 mig
180 541 58 26 ligga
258 541 99 26 antingen
382 540 67 20 deruti
475 542 30 18 att
526 540 157 26 omorganisera
701 540 167 27 skjutsningsbe-

118 577 69 18 sväret
211 575 94 25 sålunda,
327 576 29 18 att
376 574 36 20 det
431 574 114 26 aflyftades
565 574 40 20 den
623 574 134 27 jordägande
777 574 91 27 klassen,

117 610 53 19 eller
186 612 30 17 att
230 609 130 26 skjutslegan
376 609 107 25 förhöjdes
500 609 7 19 i
523 609 41 19 den
580 616 55 18 mon,
656 610 30 18 att
701 609 122 19 densamme
839 610 29 19 åt-

119 644 103 19 minstone
238 644 30 18 till
285 643 68 26 någon
370 642 52 27 grad
442 649 82 13 komme
540 645 30 17 att
585 645 105 17 motsvara
707 643 101 19 besväret.
828 644 41 18 Det

118 678 56 19 förra
189 677 23 20 af
226 678 61 19 dessa
302 677 134 19 alternativer
451 676 41 20 kan
511 676 61 26 dock,
588 677 66 25 enligt
670 677 45 19 mitt
725 677 144 26 förmenande,

117 712 49 19 icke
185 715 105 16 motsvara
308 711 125 26 ändamålet,
454 711 75 19 såvida
544 711 40 19 den
600 711 7 19 i
623 710 74 20 sådant
712 710 36 20 fall
764 711 105 26 utgående

119 746 88 19 kostnad
227 747 76 25 ytterst
322 745 84 19 komme
427 747 30 17 att
476 745 97 19 återfalla
592 744 27 26 på
638 751 79 13 samma
735 751 106 20 personer,
858 745 12 19 å

119 780 72 19 hvilka
206 779 228 27 skjutsningsbesväret
450 786 27 12 nu
494 779 23 19 så
533 780 60 25 tungt
605 779 74 25 hvilar,
688 781 53 17 samt
750 779 119 26 hållskjuts-

120 815 84 25 ningen,
220 814 86 20 oaktadt
322 814 47 19 dess
386 813 76 25 många
481 813 40 19 och
540 815 56 17 stora
616 813 142 26 olägenheter,
777 813 25 26 på
818 813 50 20 flere

120 848 78 19 trakter
218 848 6 19 i
243 847 71 20 landet
333 847 65 20 likväl
419 847 89 20 bereder
523 847 40 19 den
583 847 122 25 skjutsande
723 853 26 13 en
765 847 43 19 ofta
826 847 43 19 väl-

121 881 99 20 kommen
244 881 39 20 och
306 881 92 26 behöflig
417 881 100 20 inkomst.
547 881 43 26 Mig
609 887 64 20 synes
693 881 82 19 derföre
791 883 29 17 att
836 881 35 20 det

120 922 74 13 senare
214 915 133 20 alternativet
366 915 52 20 eller
438 915 142 26 skjutslegans
600 914 123 27 förhöjande
744 915 37 20 bör
797 917 74 24 utgöra

121 950 87 19 föremål
224 950 32 19 för
271 950 137 26 regeringens
425 949 133 26 tillgörande.

189 984 31 19 Af
236 984 70 19 denna
326 983 114 26 anledning
460 983 40 20 och
522 983 46 19 fullt
587 983 125 26 öfvertygad
728 989 33 14 om
777 985 30 18 att
822 984 48 19 Väl-

121 1019 71 26 loflige
208 1018 178 27 Borgareståndet
400 1018 62 19 äfven
480 1018 6 19 i
503 1017 70 20 denna
588 1017 37 19 sak
641 1017 37 19 vill
693 1017 39 20 och
744 1017 53 20 skall
809 1017 63 20 häfda

120 1053 35 19 sitt
172 1053 106 19 anseende
304 1059 33 12 om
361 1052 73 19 nitiskt
456 1051 142 20 befordrande
618 1051 23 19 af
661 1051 120 20 samhällets
805 1051 65 26 bästa,

120 1086 64 27 vågar
198 1087 36 26 jag
250 1086 84 19 anhålla
350 1086 160 25 vördsammast,
527 1087 29 17 att
571 1085 113 26 Välloflige
694 1085 178 26 Borgareständet

120 1121 49 19 ville
186 1121 73 19 förena
274 1120 32 26 sig
322 1126 32 13 om
370 1119 94 26 följande
480 1119 99 26 petition:
596 1119 141 26 skjutslegans
748 1119 124 26 förhöjande

121 1154 12 19 3
149 1154 160 27 landsbyggden
328 1154 32 19 till
379 1154 77 25 fjorton
474 1153 65 26 penni
559 1153 39 20 och
614 1153 45 19 från
676 1153 45 19 stad
738 1153 30 19 till
784 1153 87 20 aderton

122 1189 64 26 penni
209 1195 37 19 per
274 1189 56 18 verst
352 1189 54 18 samt
429 1188 6 19 i
459 1187 153 26 sammanhang
640 1187 86 20 dermed
749 1187 123 27 erforderlig

122 1223 121 26 minskning
264 1222 22 19 af
304 1222 35 19 det
359 1221 57 20 antal
436 1222 77 23 hästar,
535 1228 42 13 som
595 1221 66 26 enligt
676 1221 196 26 rese-reglementet

121 1257 40 20 och
176 1257 65 19 andre
257 1256 147 26 författningar
420 1259 22 16 är
457 1255 152 20 tillförsäkradt
624 1255 55 20 visse
695 1256 125 25 tjenstemän
836 1263 35 12 un-

123 1291 36 20 der
175 1291 147 19 embetsresor.
352 1290 131 27 Helsingfors
500 1290 40 19 den
558 1290 24 19 16
599 1289 99 20 Februari
717 1289 60 19 1872.

616 1324 23 19 K.
654 1323 19 20 J.
689 1323 115 20 Boström.”

190 1359 204 26 Petitionsförslaget
410 1358 120 20 bordlades.

188 1393 149 19 Framställdes
352 1392 23 20 af
388 1393 53 19 Herr
456 1392 134 26 Nylander
610 1393 29 18 ett
658 1391 177 27 petitionsförslag
851 1393 23 18 af

124 1427 91 26 följande
230 1426 91 26 lydelse:
