1039 1692
210 137 22 17 26
473 135 40 19 Den
525 136 10 16 8
548 136 94 18 Februari.

255 195 52 20 Herr
323 193 111 26 Kurtén,
451 200 43 14 som
512 194 47 19 med
575 194 100 20 afseende
691 194 12 20 å
717 194 26 20 de
759 194 34 20 val
810 195 30 19 till
856 195 80 21 utskot-

188 231 42 23 ten,
250 228 72 21 hvilka
342 228 66 20 borde
428 228 22 19 af
469 227 97 21 Ståndets
593 229 105 19 elektorer
723 228 107 27 anställas,
850 230 40 19 och
910 230 27 20 då

186 262 97 21 Ståndets
304 262 148 20 medlemmars
473 265 64 17 större
557 262 40 20 och
613 262 81 20 mindre
713 262 97 27 förmåga
824 264 30 18 att
868 263 66 21 hand-

186 297 63 27 lägga
264 297 26 19 de
305 297 58 20 olika
378 296 97 25 ärender,
491 303 44 13 som
551 296 6 20 i
573 296 106 20 utskotten
695 296 139 27 förekomme,
849 298 31 19 till
892 300 43 18 stor

184 331 35 20 del
239 331 65 20 måste
324 338 50 13 vara
393 331 32 20 för
444 330 133 20 elektorerne
597 330 76 26 okänd,
695 330 125 21 hemställde
836 338 34 13 om
884 332 50 20 icke

184 365 31 20 till
230 365 86 27 ledning
332 366 31 19 för
378 365 135 20 elektorerne
528 364 99 21 Ståndets
644 364 137 20 medlemmar
803 365 64 20 borde
882 366 52 20 hvar

183 400 33 19 för
230 400 33 26 sig
279 400 30 20 för
325 399 135 21 elektorerne
475 399 83 20 anmäla
573 399 7 20 i
595 399 82 19 hvilket
693 398 78 20 utskott
786 399 28 20 de
828 398 27 27 på
865 400 69 26 grund

183 434 24 20 af
224 434 86 26 insigter
330 434 40 20 och
390 433 42 27 håg
452 433 79 27 ansågo
551 434 32 26 sig
604 433 150 20 företrädesvis
777 433 72 20 kunna
869 434 66 20 verka

182 469 34 19 för
231 468 109 34 frågornas
357 468 125 26 beredning.

250 502 54 21 Herr
319 502 197 26 Neppenström
533 501 101 20 förenade
649 502 34 26 sig
698 501 47 20 med
760 501 54 21 Herr
832 501 88 21 Kurtén.

234 544 4 9 /
249 537 53 20 Herr
318 533 141 29 Öhrnberg
475 535 65 27 ansåg
557 536 40 19 den
613 536 23 19 af
649 536 54 20 Herr
717 536 80 20 Kurtén
814 536 120 26 föreslagna

180 571 98 20 anmälan
294 570 121 26 lämpligast
430 570 71 19 kunna
516 570 38 20 ske
569 570 92 19 enskildt
672 570 32 20 för
715 570 69 27 någon
796 570 63 20 bland
874 570 58 22 elek-

180 608 96 23 törerne;
293 612 49 13 men
358 605 6 19 i
381 604 102 20 händelse
498 604 54 20 Herr
567 604 90 20 Kurténs
669 604 78 27 förslag
759 604 69 22 blefve
839 606 23 19 af
870 604 62 22 Stån-

180 640 37 20 det
232 641 86 25 antaget
333 638 49 20 ville
398 638 81 20 talaren
496 638 103 26 derjemte
614 638 112 20 framhålla
746 639 185 27 nödvändigheten

178 676 32 18 att
225 674 115 20 bestämma
356 672 69 26 någon
442 672 42 20 viss
500 672 36 26 tid,
552 672 57 20 inom
625 672 87 20 hvilken
723 673 161 27 ifrågavarande
895 682 36 13 an-

180 709 118 26 mälningar
314 707 64 21 borde
395 710 40 23 äga
443 713 52 19 rum,
510 706 28 27 pä
553 706 36 20 det
603 706 135 21 elektorerne
753 708 49 20 icke
814 708 62 21 måtte
890 709 40 20 för-

179 743 87 20 hindras
285 744 31 18 att
334 741 72 20 skrida
426 740 31 20 till
477 740 26 20 de
522 740 28 27 på
574 741 48 20 dem
646 741 155 21 ankommande
821 743 111 27 åtgärder;

180 777 40 20 och
235 777 93 26 föreslog
339 776 79 19 talaren
434 775 33 19 för
482 774 64 21 sådan
563 775 109 27 händelse,
688 778 30 18 att
733 776 62 20 dessa
810 777 120 21 meddelan-

179 811 42 20 den
238 811 64 20 borde
318 810 39 20 ske
372 809 65 20 redan
453 809 7 19 i
476 809 47 27 dag.

248 845 53 20 Herr
316 845 159 25 Tengström
492 843 104 27 upplyste,
611 845 30 18 att
657 844 41 20 den
714 845 23 19 af
751 845 53 20 Herr
818 842 112 32 Öhrnberg

180 879 131 20 omnämnda
326 878 97 20 enskilda
438 877 97 20 anmälan
552 878 31 19 för
599 885 25 13 en
640 878 53 20 eller
708 885 69 14 annan
794 879 62 21 bland
872 881 57 20 elek-

179 916 83 18 torerne
278 913 55 20 varit
348 912 71 25 vanlig
435 912 35 19 vid
488 912 139 20 1863—1864
643 912 34 20 års
691 913 102 26 landtdag
808 914 39 20 och
862 917 31 17 att
903 915 26 20 de

179 948 89 20 sålunda
287 947 107 26 uttryckta
414 946 157 27 önskningarne
591 946 62 20 äfven
674 947 24 19 af
713 947 134 21 elektorerne
867 949 63 26 tagits

177 983 7 19 i
200 982 148 25 betraktande,
368 981 64 20 ehuru
453 980 26 20 de
499 981 121 19 framställts
635 981 24 19 af
672 981 62 26 högst
749 981 21 20 få
786 982 62 20 bland
868 983 59 20 Stän-

178 1017 46 20 dets
241 1016 137 20 medlemmar
393 1017 57 17 utom
467 1015 133 20 elektorerne
616 1015 82 26 sjelfva.
727 1016 41 19 För
784 1017 64 26 öfrigt
862 1018 67 27 ansåg

177 1051 80 19 talaren
274 1057 25 13 en
316 1049 64 20 sådan
396 1049 98 19 anmälan
510 1049 48 19 icke
575 1049 50 20 böra
641 1049 66 20 blifva
721 1049 145 28 obligatorisk,
878 1054 49 17 utan

176 1085 22 20 få
213 1085 115 20 ankomma
343 1083 13 20 å
370 1090 26 13 en
412 1083 63 19 hvars
490 1089 54 20 egen
561 1083 88 20 önskan.

247 1119 52 20 Herr
314 1119 157 19 Granström
491 1117 102 20 förenade
608 1118 31 26 sig
656 1117 48 20 med
719 1117 77 21 Herrar
816 1115 111 32 Öhrnberg

176 1154 41 20 och
232 1154 126 26 Tengström
374 1152 71 20 derom
462 1153 30 18 att
506 1151 161 27 ifrågavarande
683 1153 97 19 anmälan
798 1153 64 21 borde
877 1161 50 14 vara

178 1188 88 26 frivillig
282 1187 39 20 och
337 1187 21 19 få
372 1186 38 19 ske
426 1185 113 27 mundtligt
554 1187 39 18 och
609 1185 99 20 enskildt.

245 1222 54 19 Herr
314 1221 99 19 Kurtén
429 1220 72 26 ansåg,
510 1221 7 18 i
526 1223 95 17 motsatts
630 1221 30 18 till
671 1221 26 19 de
708 1221 128 26 föregående
848 1222 80 21 talarne

176 1255 155 27 offentlighet
322 1250 15 36 i
351 1255 57 19 detta
427 1254 36 19 fall
484 1261 50 13 vara
553 1257 31 17 att
598 1255 112 26 föredraga
726 1255 85 20 framför
830 1257 97 20 enskilda

176 1289 162 26 meddelanden,
358 1291 53 17 samt
431 1288 121 21 förklarade
571 1289 32 20 för
623 1289 64 26 öfrigt
709 1291 30 18 att
763 1289 51 20 hans
839 1291 86 27 mening

176 1324 48 19 med
244 1323 41 20 den
304 1323 75 26 gjorda
398 1322 182 27 framställningen
601 1323 47 20 icke
665 1323 53 19 varit
733 1325 29 18 att
782 1327 52 22 göra
848 1325 76 20 omför-

175 1358 70 19 mälde
260 1357 146 26 anmälningar
421 1356 31 19 till
467 1359 30 17 ett
512 1357 109 26 nödtvång
641 1357 32 20 för
693 1357 79 20 enhvar
791 1358 23 19 af
826 1358 98 21 Ståndets

175 1392 144 24 medlemmar,
337 1397 45 13 men
399 1391 32 19 väl
448 1393 30 17 att
493 1391 26 19 de
536 1391 65 20 borde
616 1391 38 20 ske
671 1391 126 27 skriftligen.

243 1425 54 20 Herr
312 1425 155 26 Borgström
482 1425 75 20 trodde
573 1425 32 20 för
621 1426 31 19 sin
669 1425 34 20 del
724 1432 25 13 en
767 1426 102 27 mundtlig
885 1429 39 19 och
