1039 1692
420 110 41 18 Den
475 111 20 17 21
508 110 53 18 Mars.
808 111 33 18 415

117 169 137 20 hemmanens
270 168 88 20 bestånd
374 168 67 26 aldrig
457 168 49 26 kan,
529 168 67 20 såsom
617 168 40 20 den
672 168 84 27 Nådiga
771 169 92 26 proposi-

118 204 70 20 tionen
206 203 112 26 förmenar,
338 202 85 21 baseras
443 202 130 20 uteslutande
589 202 27 26 på
631 202 51 20 åker
697 202 38 21 och
751 206 49 23 äng,
816 205 47 18 utan

119 240 30 17 att
164 237 44 20 helt
222 237 66 20 andra
303 238 92 26 grunder
412 237 65 20 måste
493 237 74 27 läggas
582 237 76 26 derför,
676 237 47 20 med
739 237 81 27 hänsyn
835 238 30 19 till

118 272 27 19 de
160 271 170 27 näringsgrenar,
346 278 44 13 som
406 274 36 17 äro
458 271 50 20 eller
524 272 48 19 med
587 271 70 27 någon
668 272 135 20 sannolikhet
814 272 51 20 kun-

118 312 27 14 na
160 306 6 19 i
182 306 106 20 anseende
304 306 30 20 till
350 308 94 18 orternas
460 305 171 27 klimatologiska
642 305 146 21 beskaffenhet
801 306 63 20 blifva

118 340 88 20 föremål
220 340 32 20 för
267 340 155 20 innevånarnes
437 346 88 20 omsorg.
556 340 37 19 Att
608 339 71 23 likväl,
695 340 28 26 på
741 342 41 18 sätt
797 341 68 19 flerta-

118 374 29 20 let
163 374 23 20 af
199 374 110 20 utskottets
325 374 137 20 medlemmar
477 374 107 26 tillstyrkt,
600 374 6 19 i
625 374 57 20 detta
699 374 100 20 afseende
815 382 50 19 upp-

118 408 60 20 ställa
201 409 55 19 vissa
272 408 74 26 vilkor,
366 415 62 13 anser
441 408 37 27 jag
493 414 50 14 vara
558 409 7 19 i
581 408 73 27 högsta
669 408 65 20 måtto
750 409 116 27 olämpligt,

119 443 28 19 då
161 443 61 19 dessa
238 443 46 20 med
301 443 40 20 den
358 443 112 26 utredning
485 443 88 19 ärendet
588 442 31 20 för
635 444 131 20 närvarande
782 444 37 19 har
829 444 36 20 all-

120 477 30 21 tid
166 478 66 20 måste
249 477 63 20 blifva
334 478 61 26 högst
417 477 114 20 sväfvande
554 477 39 20 och
617 477 66 20 sakna
705 478 106 26 garantier
835 478 31 20 för

120 514 30 17 att
171 518 51 14 vara
245 512 47 20 med
317 512 95 26 verkliga
435 511 100 21 behofvet
560 511 234 21 öfverensstämmande.
828 512 38 20 Att

119 546 51 26 åter,
193 546 67 20 såsom
284 552 26 14 en
334 546 32 20 del
386 547 131 19 reservanter
537 545 82 27 önskat,
638 546 77 20 föreslå
735 547 55 19 vissa
804 547 62 20 önsk-

120 580 104 27 ningsmål
240 580 39 20 och
295 580 31 20 för
342 580 64 27 öfrigt
421 580 130 20 öfverlemna
565 580 88 20 ärendet
672 580 29 20 till
722 580 144 28 Regeringens

119 615 166 26 bestämmande,
300 620 62 14 anser
374 615 37 26 jag
427 621 50 13 vara
491 614 44 20 lika
551 614 106 27 vanskligt
673 615 38 19 och
723 615 87 21 alldeles
820 616 46 20 icke

120 648 154 28 betryggande,
289 651 48 17 utan
353 651 30 17 att
398 648 83 20 derföre
497 649 26 25 på
542 649 64 27 något
623 651 41 17 sätt
679 649 50 26 vilja
747 650 121 26 ifrågasätta

121 684 40 26 god
185 683 51 26 vilja
253 683 37 20 hos
310 683 163 20 vederbörande.
503 684 48 19 Men
572 683 45 20 från
634 683 77 21 medlet
726 684 24 20 af
762 685 55 20 förra
832 685 34 20 de-

120 718 84 20 eenniet
222 718 66 26 ligger
306 724 26 13 en
351 717 69 20 alltför
443 717 78 27 sorglig
546 718 119 20 erfarenhet
680 721 51 17 nära
749 719 30 19 till
796 720 72 26 hands,

121 752 31 20 för
168 754 30 18 att
212 752 88 20 sålunda
315 752 27 26 på
356 752 56 20 vinst
427 752 39 20 och
481 751 75 20 förlust
566 754 53 18 sätta
630 752 181 21 medmenniskors
823 754 45 20 tim-

121 786 43 27 liga
178 786 94 20 existens
288 786 26 26 på
332 786 51 26 spel.
412 786 41 26 Jag
471 786 37 19 har
527 786 105 27 nemligen
657 787 106 27 personlig
790 788 77 20 känne-

122 821 47 19 dom
188 827 42 16 om,
246 820 111 20 huruledes
380 820 56 20 inom
459 820 122 26 Pudasjärvi
597 820 78 20 socken
691 821 66 19 under
772 821 95 20 fullkom-

120 855 40 26 ligt
175 854 111 20 evahanda
301 854 144 20 förhållanden
466 861 25 13 en
510 854 97 27 ansenlig
623 855 74 26 mängd
714 856 154 25 jemförelsevis

122 889 127 26 välbergade
265 889 90 26 familjer
371 888 27 27 på
413 890 30 18 ett
457 889 146 26 hjertslitande
618 891 41 18 sätt
673 889 40 20 och
731 892 49 17 utan
799 889 69 27 någon

123 923 115 20 nämnvärd
262 923 116 26 ersättning
402 923 69 20 blefvo
492 923 72 20 vräkte
581 923 45 20 från
643 923 36 20 hus
695 923 40 20 och
750 924 48 19 hem
816 926 54 18 samt

123 957 73 27 bragte
212 957 31 20 till
259 957 157 27 tiggarstafven,
431 957 31 20 för
478 957 35 20 det
529 957 26 20 de
571 957 38 20 och
626 957 59 20 deras
701 957 106 21 förfäder
797 953 9 35 i
819 958 50 21 flere

123 991 34 21 led
178 992 47 19 med
246 993 54 19 svett
320 991 39 21 och
375 991 62 21 möda
452 994 54 17 samt
522 991 110 20 oförtrutet
647 992 71 20 arbete
736 992 27 26 på
781 992 42 27 god
839 995 30 18 tro

122 1026 101 26 uppodlat
238 1026 38 20 och
293 1025 100 28 bebygdt,
410 1026 30 20 till
456 1026 43 19 lika
515 1026 78 27 godhet
604 1026 47 20 med
663 1027 25 19 de
701 1026 58 20 bästa
772 1026 97 20 hemman

123 1061 55 19 inom
194 1060 86 27 socken,
296 1060 108 26 områden,
420 1067 44 13 som
480 1061 35 19 vid
531 1060 117 20 storskiftet
663 1059 133 28 tillfälligtvis
811 1061 57 19 kom-

124 1101 33 14 mo
172 1096 31 18 att
218 1095 74 26 tillyda
306 1094 94 21 kronans
415 1095 59 19 mark
490 1095 38 19 och
545 1095 23 19 af
581 1095 35 19 lätt
633 1094 123 27 förklarliga
771 1094 45 20 skäl
835 1095 35 20 be-

123 1129 75 20 funnos
213 1129 149 20 företrädesvis
378 1129 101 26 lämpliga
493 1129 32 19 till
541 1128 263 27 skogsvaktareboställen.

192 1163 32 21 Då
243 1164 38 26 jag
304 1163 82 20 derföre
402 1163 6 20 i
424 1163 40 20 alla
486 1163 115 20 afseenden
622 1163 61 27 gillar
703 1163 25 20 de
745 1163 126 20 välbetänka

124 1198 84 27 åsigter,
232 1204 44 14 som
292 1198 54 20 Herr
361 1197 107 20 Professor
483 1197 148 27 Montgomery
648 1198 28 19 uti
692 1197 30 20 sin
744 1197 127 20 reservation

125 1235 96 17 närmare
237 1232 113 25 utvecklat,
368 1232 38 21 och
422 1239 61 13 anser
499 1232 146 27 föreliggande
661 1232 77 19 ärende
757 1232 74 20 endast
846 1232 26 26 på

125 1267 43 19 deri
191 1266 119 27 föreslagna
328 1268 41 18 sätt
388 1266 72 20 kunna
479 1266 86 27 bringas
580 1266 31 19 till
631 1267 29 18 ett
676 1265 89 27 lyckligt
780 1266 46 25 slut,
842 1266 30 19 får

122 1302 37 25 jag
175 1301 31 20 för
222 1301 42 19 min
282 1301 33 19 del
331 1301 6 19 i
353 1301 41 20 allo
411 1301 72 20 förena
499 1301 44 26 mig
558 1301 29 19 uti
603 1300 63 26 sagde
686 1301 128 19 reservation
833 1301 38 19 och

125 1334 107 27 tillstyrka
247 1336 31 18 att
292 1335 114 26 Välloflige
422 1334 176 27 Borgareståndet
611 1334 78 27 jemväl
702 1334 48 20 ville
761 1334 113 27 godkänna

125 1369 129 20 densamma.

192 1403 53 20 Herr
262 1403 119 20 Kiseleff:
405 1403 92 26 Tillfölje
517 1403 24 20 af
561 1403 68 26 orsak,
649 1409 43 14 som
715 1402 46 20 icke
782 1401 92 21 berodde
