1039 1692
418 133 41 17 Den
472 134 21 17 11
507 133 58 23 April.
812 133 33 17 593

118 192 53 20 1870
186 192 31 19 till
234 191 89 26 335,000
340 190 65 21 mark.
436 190 70 21 Saima
521 191 63 20 kanal
601 191 59 20 torde
680 191 27 20 ha
725 191 69 20 blifvit
816 194 51 24 öpp-

117 226 40 20 nad
173 226 31 19 för
219 225 89 20 trafiken
334 226 88 26 ungefär
447 225 52 20 1856
515 226 52 19 eller
584 226 60 19 1857.
674 226 33 20 Nu
723 225 82 20 känner
820 232 47 13 man

116 259 117 21 emellertid
248 262 30 18 att
301 260 133 26 sägrörelsen
454 260 64 20 sedan
539 260 70 20 Saima
624 260 63 20 kanal
707 260 107 26 öppnades
830 260 38 20 har

117 295 53 19 varit
186 294 88 26 troligen
295 297 65 17 större
380 294 36 20 der
438 296 25 17 än
481 294 80 20 kanske
578 295 5 19 i
599 294 49 20 hela
663 294 72 20 landet
750 294 32 20 för
798 294 69 26 öfrigt.

115 328 40 27 Jag
179 328 35 20 vill
237 328 85 20 härmed
347 328 53 20 blott
423 328 50 27 visa,
497 335 34 13 om
547 328 48 20 icke
611 328 70 20 Saima
696 329 64 19 kanal
780 329 88 26 specielt

115 365 79 25 gagnat
218 363 55 26 dem,
298 369 44 14 som
366 363 62 19 hafva
452 363 41 19 den
515 362 78 28 lyckan
617 365 30 18 att
661 370 51 13 vara
732 363 136 27 skogsegare.

117 396 37 21 Om
172 404 47 13 man
231 397 105 20 dessutom
347 397 77 26 jemför
433 397 186 21 ärsberättelserna
635 398 58 20 öfver
709 397 70 21 Saima
793 398 75 20 kanals

116 432 123 26 inkomster,
262 431 23 21 sä
307 432 54 19 skall
386 438 47 14 man
458 432 57 20 finna
537 434 30 18 att
585 433 77 19 utefter
677 432 123 20 densamma
816 435 53 17 mest

116 468 160 24 transporterats
292 466 105 27 sägvirke.
427 466 40 27 Jag
483 466 36 20 vill
535 467 76 20 endast
626 467 111 20 framhälla
752 468 62 19 dessa
824 473 44 13 om-

117 500 143 27 ständigheter
275 501 6 19 i
298 500 39 20 den
354 501 64 26 afsigt
432 502 31 19 att
482 501 129 27 ifrågasätta,
635 501 103 21 huruvida
760 502 47 20 icke
831 504 36 18 än-

117 535 54 20 dock
194 535 195 27 sägningsskattens
413 535 149 21 bibehållande
587 536 42 20 kan
657 543 50 13 vara
734 536 134 28 berättigadt,

117 570 54 20 helst
186 570 27 20 dä
229 576 47 14 man
293 570 102 20 betänker
410 572 31 18 att
456 570 23 20 sä
495 571 85 26 mycket
595 574 56 17 ännu
668 572 59 19 torde
742 571 85 21 komma
838 574 30 18 att

117 604 94 28 tillgöras
227 604 61 20 äfven
305 604 31 20 för
352 604 51 20 våra
418 605 84 26 skogar,
518 606 58 19 såväl
593 606 90 20 medelst
700 606 168 26 kanaliseringar

117 646 44 13 som
182 638 309 28 jernvägsbyggnadsarbeten.
528 640 77 20 Herrar
631 640 80 20 Kurtén
735 640 39 20 och
797 640 71 27 Sjöros

117 674 63 19 hafva
202 673 113 20 framhållit
337 675 30 18 att
386 673 36 20 det
441 680 50 14 vore
510 681 42 20 nog
568 674 38 20 lätt
621 676 30 18 att
667 674 90 20 betäcka
775 675 39 19 den
830 675 36 20 ba-

118 708 51 26 lans,
185 714 45 14 som
244 714 76 20 genom
337 708 202 27 sägningsafgiftens
555 709 137 26 upphörande
708 708 68 21 skulle
794 709 76 27 uppstä

117 742 6 20 i
139 742 135 26 statskassan,
290 743 40 19 och
346 743 62 19 hafva
424 744 7 18 i
447 742 74 21 sädant
537 743 100 20 afseende
655 744 98 19 hänvisat
771 743 32 19 till
822 743 47 19 tull-

119 777 89 26 medlen,
219 778 7 19 i
237 778 40 19 den
294 777 114 20 sväfvande
424 777 143 27 förhoppning
583 780 30 18 att
627 778 105 26 importen
748 784 42 20 nog
801 778 69 19 skulle

119 812 99 20 förstoras
234 812 66 20 under
316 812 93 20 tidernas
424 812 57 26 lopp.
511 812 41 20 Det
567 815 23 17 är
606 812 71 27 nägot,
693 819 45 13 som
755 819 47 13 man
803 808 12 35 i
832 812 36 20 all-

119 846 85 20 mänhet
219 847 19 25 ej
254 846 37 20 bör
307 845 67 21 önska
389 846 32 26 sig
437 846 38 19 och
492 846 71 27 glädja
578 847 32 26 sig
626 847 27 26 åt,
669 848 30 19 att
714 847 105 26 importen
834 847 35 19 sti-

119 887 43 20 ger.
192 881 62 20 Utom
278 881 48 19 dess
350 880 58 20 torde
432 880 123 21 tullmedlen
579 887 50 14 vara
646 887 43 14 mer
705 884 26 17 än
748 880 123 27 tillräckligt

119 915 98 20 anlitade.
248 915 128 27 Lämpligast
399 915 55 20 hade
476 915 115 20 kanhända
613 916 54 19 varit
689 918 30 17 att
741 915 27 20 dä
783 915 89 20 hänvisa

119 950 32 19 till
166 949 196 21 forstinkomsterne
380 961 22 2 —
421 949 126 20 ätminstone
563 949 63 20 hafva
642 949 26 20 de
684 950 69 26 nägon
763 949 106 20 förvandt-

120 983 51 27 skap
188 983 47 21 med
252 984 40 20 den
308 984 66 26 afgift,
391 990 44 13 som
452 983 67 21 skulle
535 986 94 18 ersättas.

188 1018 52 21 Herr
256 1018 144 26 Nylander:
422 1017 74 21 Säsom
516 1018 189 27 Borgareständets
721 1018 127 27 delegerade
864 1018 7 19 i

120 1053 35 20 det
177 1053 86 26 utskott,
286 1059 43 13 som
353 1052 102 27 handlagt
474 1053 93 26 ärendet,
587 1059 62 14 anser
664 1053 38 26 jag
721 1053 43 26 mig
784 1052 87 27 skyldig

121 1089 30 18 att
165 1087 103 26 uppträda
287 1087 31 19 till
334 1086 80 20 försvar
433 1087 32 20 för
480 1087 35 20 det
530 1087 143 26 betänkande,
689 1087 29 20 uti
733 1087 63 20 hvars
811 1086 60 21 affat-

121 1122 63 19 tande
200 1121 60 20 äfven
275 1121 37 26 jag
328 1121 94 26 deltagit.
453 1121 42 20 Det
512 1124 23 17 är
550 1122 7 19 i
577 1122 116 20 allmänhet
711 1121 87 27 mycket
816 1121 57 20 svårt

123 1158 30 18 att
167 1156 95 25 tillämpa
276 1155 107 27 principer
398 1155 27 26 på
441 1156 156 26 exceptionella
613 1155 153 27 förhållanden,
782 1155 40 20 och
836 1155 36 20 det

123 1193 23 17 är
168 1190 84 26 sådana,
275 1196 43 14 som
343 1190 106 20 föranledt
472 1191 165 26 petitionärerne
657 1190 32 20 till
705 1191 40 19 den
761 1189 111 20 framställ-

123 1225 56 27 ning,
195 1231 45 14 som
256 1224 100 20 utskottet
371 1225 45 20 haft
435 1226 30 19 att
483 1225 99 26 granska.
615 1225 48 20 Man
686 1225 37 19 har
746 1224 127 20 åtminstone

123 1260 6 19 i
145 1260 45 20 vårt
205 1259 59 20 lands
280 1259 144 26 nordvestliga
440 1259 33 20 del
490 1259 55 20 hvad
561 1259 70 20 denna
646 1259 59 26 fråga
723 1258 66 27 angår
809 1265 63 20 egen-

122 1294 94 27 domliga
236 1293 153 26 förhållanden,
413 1300 44 14 som
481 1293 62 21 äfven
570 1294 23 19 af
614 1293 164 27 petitionärerne
804 1293 70 20 blifvit

123 1328 139 25 framställda;
278 1335 47 13 man
342 1328 37 20 har
395 1328 122 20 äfvenledes
533 1329 7 19 i
560 1328 81 27 Nystad
661 1327 89 21 kommit
769 1327 31 20 till
820 1327 52 20 erfa-

122 1363 76 19 renhet
220 1362 23 20 af
263 1363 166 26 olägenheterna
452 1363 22 19 af
491 1362 138 27 exportafgift
649 1362 13 20 å
680 1361 123 28 handsågad
818 1363 55 18 träd-

122 1403 55 13 vara.
208 1397 40 19 Det
263 1399 22 17 är
301 1396 64 27 detta,
381 1403 44 14 som
446 1399 93 18 närmast
557 1397 104 20 föranledt
678 1397 36 20 det
732 1395 140 27 petitionsför-

122 1430 51 27 slag,
196 1431 112 20 hvaröfver
331 1431 103 20 utskottet
456 1431 84 27 afgifvit
564 1431 139 20 betänkande.
739 1431 134 26 Regeringen

157 1467 60 16 Vällofl.
231 1466 138 20 borgareståndets
379 1467 83 19 protokoll
473 1466 95 21 landtdagen
583 1467 46 15 1872.
806 1463 23 18 38
