1039 1692
406 139 41 18 Den
460 138 22 19 16
494 139 53 18 Mars.
803 138 34 18 349

322 198 117 31 Lördagen
459 199 42 23 den
523 200 30 20 16
572 198 58 23 Mars

111 267 28 19 kl.
157 267 24 20 12
197 266 27 27 på
238 266 69 27 dagen
323 266 170 20 sammanträdde
509 265 31 20 till
560 266 85 26 plenum
669 265 188 27 Borgareståndets

111 301 96 26 samtlige
224 301 144 23 medlemmar,
384 300 46 20 med
446 300 107 26 undantag
569 300 23 19 af
606 300 52 20 Herr
673 299 128 27 Helsingius,
812 305 45 14 som

112 336 23 20 af
148 335 128 20 fortfarande
292 334 98 27 sjukdom
405 341 37 13 var
458 334 89 21 hindrad
563 336 30 18 att
600 334 165 20 sammanträdet
772 333 87 20 bevista.

178 369 41 20 Till
239 370 104 26 justering
365 369 106 27 upplästes
494 369 76 27 utdrag
592 376 23 12 ur
637 368 98 20 Ståndets
753 368 104 26 protokoll

111 405 32 19 för
158 404 40 20 den
216 405 25 19 14
256 404 144 20 innevarande
415 404 61 20 Mars.

179 438 54 20 Herr
256 438 157 20 Talmannen
437 437 124 21 meddelade
583 437 93 26 Ständet,
699 438 30 19 att
752 437 34 19 vid
810 436 47 20 Tal-

114 473 172 20 manskonferens
308 472 70 20 blifvit
400 472 115 26 beramadt,
538 474 30 18 att
583 472 63 26 plena
663 472 7 18 i
686 471 97 27 samtliga
798 470 59 20 Stän-

113 507 40 21 den
169 507 69 20 skulle
253 508 66 19 under
334 506 140 21 instundande
490 506 66 20 vecka
578 506 66 20 hällas
663 506 96 26 tisdagen
775 506 41 19 den
833 505 24 19 19

113 542 39 20 och
176 541 127 28 thorsdagen
326 542 41 20 den
389 542 24 19 21
439 542 7 19 i
462 541 69 20 denne
553 540 83 26 mänad,
657 540 66 20 under
739 540 40 20 den
795 540 65 26 derpä

113 576 92 26 följande
228 576 119 26 mändagen
370 576 41 20 den
426 575 28 21 25
474 575 79 20 dennes
569 577 54 18 samt
638 575 6 20 i
660 574 106 21 anseende
782 574 29 20 till
823 574 34 27 jn-

112 610 117 20 stundande
244 610 104 26 päskhelg
364 609 91 21 derefter
470 610 51 20 först
539 610 108 26 onsdagen
666 610 41 19 den
723 610 12 19 3
752 608 105 21 nästkom-

113 644 75 20 mande
204 644 67 27 April.

180 678 118 27 Föredrogs
314 685 25 13 en
351 678 45 20 frän
409 678 159 21 Statsutskottet
577 678 127 21 ankommen
713 680 111 20 skrifvelse
838 680 24 20 af

113 713 40 19 den
178 713 24 19 13
226 713 87 26 dennes,
336 712 44 21 deri
395 712 108 27 utskottet,
519 713 7 19 i
541 712 115 28 anledning
671 713 23 20 af
710 713 149 27 Borgarestän-

113 748 45 19 dets
180 747 40 20 den
238 748 10 19 7
265 748 7 19 i
287 747 70 20 denna
379 747 75 20 mänad
469 747 32 20 till
523 747 102 20 utskottet
639 747 78 20 afläina
734 748 125 26 protokolls-

113 782 73 26 utdrag
201 782 7 19 i
224 782 73 26 frågan
321 788 33 14 om
376 781 132 21 bekostande
531 782 23 20 af
567 782 171 27 renskrifningen
753 782 32 20 för
800 782 58 21 Stän-

113 816 46 20 dets
181 816 105 26 utgäende
309 816 153 25 expeditioner,
482 816 95 20 anmäler
592 818 30 18 att
637 816 89 20 särskild
742 818 116 25 ersättning

113 849 70 20 derför
205 850 47 20 icke
275 850 42 20 kan
339 849 160 28 ifrägakomma,
523 853 51 17 enär
601 849 97 21 Ständets
724 850 135 21 Sekreterare

112 884 60 27 äläge
195 884 72 20 derom
292 884 82 27 besörja
391 884 40 20 och
446 884 35 21 det
496 885 77 20 honom
594 884 87 27 tillagda
696 885 78 20 arvode
791 885 68 20 blifvit

114 919 47 20 med
184 919 100 20 afseende
307 919 50 20 derä
381 919 110 20 bestämdt.
521 918 46 21 Och
587 919 65 26 jemte
675 919 36 20 det
732 919 53 20 Herr
800 919 59 21 Tal-

114 959 104 14 mannen
239 959 28 14 nu
282 953 71 20 anhöll
368 959 34 14 om
418 953 98 20 Ständets
531 953 142 20 förordnande
693 953 52 20 huru
762 953 46 20 med
824 954 35 20 be-

112 987 117 20 stridandet
244 987 22 20 af
279 987 91 20 nämnde
385 987 89 20 kostnad
490 987 67 20 borde
572 987 105 26 förhällas,
697 988 97 26 upplyste
806 988 54 20 Herr

113 1021 160 20 Talmannen
289 1023 31 18 att
333 1021 67 20 under
415 1021 128 27 föregäende
558 1021 125 28 Jandtdagar
697 1021 162 27 renskrifnings-

113 1055 116 21 kostnaden
246 1055 69 21 blifvit
330 1056 93 20 bestridd
439 1056 23 20 af
475 1056 97 21 Ständets
587 1056 97 21 enskilda
701 1056 69 21 kassa.

216 1090 10 20 I
241 1090 73 27 frägan
330 1090 84 27 yttrade
429 1090 42 27 sig:

182 1124 54 20 Herr
250 1124 122 20 Höekert:
395 1125 41 19 För
460 1125 41 19 min
524 1125 34 20 del
574 1125 31 19 får
618 1125 37 26 jag
671 1125 83 26 föreslå,
769 1127 31 18 att
813 1132 46 13 ren-

114 1158 259 27 skrifningskostnaderne
388 1159 36 20 vid
439 1159 70 20 denna
523 1159 102 26 landtdag
643 1159 64 20 måtte
723 1159 101 20 bestridas
840 1159 23 20 af

115 1193 97 20 Ständets
228 1193 97 20 enskilda
339 1193 69 20 kassa.

182 1227 54 20 Herr
250 1227 141 26 Nylander:
406 1227 41 26 Jag
463 1229 59 24 tager
541 1228 43 26 mig
602 1227 90 20 friheten
709 1227 93 27 äberopa
816 1228 46 21 mitt

115 1261 98 27 yttrande
229 1261 35 20 vid
280 1261 36 20 det
332 1261 88 26 tillfälle,
436 1261 27 20 dä
477 1261 74 27 frägan
568 1261 55 20 förut
637 1261 57 20 inom
709 1261 88 21 Ständet
808 1261 52 21 före-

116 1303 42 13 var.
188 1296 40 27 Jag
244 1303 32 13 ser
292 1299 62 23 ännu,
371 1296 89 19 likasom
475 1295 34 27 dä,
525 1298 30 17 att
570 1295 157 22 Statsutskottet
737 1303 66 20 gerna
813 1296 49 27 kan,

115 1332 49 18 utan
179 1330 75 20 hinder
269 1331 23 20 af
306 1330 47 20 dess
369 1330 128 27 föregäende
513 1330 76 26 beslut,
605 1330 77 26 bevilja
697 1331 73 26 anslag
784 1331 31 19 till
832 1331 28 19 af-

115 1365 91 20 lönande
222 1365 22 19 af
257 1367 30 17 ett
303 1365 158 26 kanslibiträde,
477 1371 44 14 som
537 1365 124 26 isynnerhet
679 1364 67 21 skulle
769 1371 50 14 vara
840 1365 23 20 af

115 1399 69 20 nöden
200 1399 32 20 för
247 1399 121 26 expedition
385 1399 22 20 af
420 1399 148 20 betänkanden
585 1399 45 20 frän
647 1399 97 20 Ständets
759 1399 102 20 Enskilda

116 1433 175 26 Besvärsutskott,
307 1433 39 20 och
361 1435 43 18 tror
420 1433 42 27 mig
477 1433 24 20 sä
516 1433 86 27 mycket
618 1439 57 14 mera
691 1433 50 20 böra
757 1433 105 27 tillstyrka
