1039 1692
195 141 11 16 6
460 142 41 18 Den
515 143 10 16 5
538 142 95 18 Februari.

175 199 137 27 trädespolett
336 202 30 18 att
381 200 35 20 vid
432 200 70 20 denna
518 200 100 27 landtdag
635 202 48 25 taga
698 202 44 18 säte
758 200 39 20 och
812 202 88 18 stämma
914 200 7 20 i

175 234 176 26 Borgareständet
366 234 69 20 såsom
451 234 77 20 ombud
544 234 31 20 för
592 234 30 20 S:t
632 234 87 20 Michels
731 235 51 19 stad.
803 234 55 20 Derä
868 234 54 20 Herr

175 268 154 20 Talmannen
346 269 86 19 helsade
448 269 53 19 Herr
520 269 88 19 Masalin
629 268 134 20 välkommen
779 268 67 20 säsom
866 268 55 20 leda-

175 304 42 18 mot
233 302 5 19 i
255 302 88 21 Ständet
358 305 52 18 samt
425 303 54 20 Herr
494 303 89 20 Masalin
599 303 59 26 intog
673 303 40 20 den
735 303 75 20 honom
831 303 6 19 i
858 302 63 21 sädan

174 336 109 27 egenskap
299 337 160 21 tillkommande
475 338 61 25 plats.

243 371 53 20 Herr
312 372 161 20 Talmannen
489 372 144 26 tillkännagaf
645 374 30 17 att
690 372 40 19 han
747 372 66 26 enligt
826 372 97 20 Ständets

175 405 94 27 uppdrag
285 406 87 20 vidtalat
388 405 165 26 undertecknad,
576 412 45 13 som
639 406 84 20 förmält
743 406 32 26 sig
796 412 48 14 vara
864 406 58 27 villig

174 440 30 18 att
219 441 106 25 emottaga
340 440 35 20 det
391 440 128 25 förtroende,
535 440 101 20 hvarmed
652 440 87 20 Ständet
755 440 74 20 hedrat
845 440 76 20 honom

174 475 30 17 att
219 473 61 20 äfven
298 474 34 20 vid
348 474 70 20 denna
432 474 102 26 landtdag
551 480 49 14 vara
615 474 98 20 Ständets
731 474 142 27 Sekreterare,
889 475 31 20 sä-

174 508 61 19 framt
245 508 94 27 ledighet
348 509 44 19 frän
405 508 389 20 Referendariesekreterare-embetet
805 509 68 20 blefve
885 509 35 19 ho-

174 548 47 13 nom
238 542 6 20 i
260 542 70 20 Näder
347 543 119 21 meddelad.

242 576 177 27 Borgareständet
435 577 41 20 fick
492 577 93 20 härefter
601 579 106 25 emottaga
723 578 25 19 de
769 578 151 26 deputationer,

173 617 44 13 som
234 611 53 19 ifrån
303 611 26 19 de
345 611 67 26 öfrige
428 611 93 20 Ständen
539 611 68 20 blifvit
621 612 87 19 afsände
727 611 32 20 för
774 614 30 18 att
823 612 98 20 framföra

174 645 60 19 deras
250 646 98 26 helsning
367 646 38 19 och
427 645 132 27 lyckönskan
578 646 31 19 till
628 645 178 27 Borgareständet
825 647 6 19 i
849 647 71 19 anled-

173 679 51 26 ning
246 679 24 19 af
290 679 127 20 Ständernes
442 680 155 19 sammanträde
621 680 38 20 och
683 680 73 20 hvilka
777 681 145 26 deputationer

174 719 50 13 voro
240 713 93 26 anförde,
350 714 167 20 Bondeständets
533 714 22 20 af
569 714 54 20 Vice
639 714 130 20 Talmannen
786 715 72 26 Slotte,
873 716 47 20 Pre-

173 746 126 20 steständets
322 748 23 19 af
366 748 52 19 Herr
436 748 140 26 Domprosten
592 748 89 20 Renvall
697 751 54 17 samt
766 749 152 27 Ridderskapet

173 780 39 20 och
228 781 80 20 Adelns
324 782 24 19 af
360 782 53 20 Herr
431 782 156 27 Montgomery.

241 816 189 25 Deputationernes
447 816 136 27 helsningstal
604 817 69 19 blefvo
693 817 24 19 af
734 816 52 20 Herr
805 817 115 20 Talman-

173 855 49 13 nen
238 849 13 20 &
266 850 98 21 Ständets
379 854 79 23 vägnar
475 851 121 20 besvarade.

240 884 54 20 Herr
310 885 155 20 Talmannen
489 885 124 20 meddelade
638 885 50 19 härä
706 887 30 17 att
752 885 39 20 han
812 887 109 26 emottagit

172 924 26 13 en
222 917 110 22 skrifvelse
356 920 23 19 af
392 920 69 19 denne
477 919 40 26 dag
536 920 22 19 af
579 919 56 20 Hans
658 919 113 20 Excellens
791 920 127 27 Generalgu-

173 955 111 24 vernören,
300 954 47 19 med
363 953 205 27 tillkännagifvande
584 955 35 24 ait,
636 954 5 19 i
657 953 117 27 anledning
789 954 23 20 af
824 955 94 20 landtda-

172 992 52 20 gens
240 987 118 27 högtidliga
380 988 111 26 öppnande
515 987 40 20 den
572 988 11 19 6
600 988 86 25 dennes,
707 987 31 20 bal
756 988 39 20 den
812 990 11 18 7
840 989 78 21 dennes

172 1020 92 20 klockan
281 1021 40 27 8",
338 1022 166 27 eftermiddagen
521 1021 67 27 gifves
604 1023 6 18 i
625 1022 119 26 Kejserliga
755 1022 77 26 slottet,
851 1023 69 20 dertill

172 1055 98 20 Ståndets
294 1056 115 20 ledamöter
432 1056 39 20 och
494 1056 135 20 Sekreterare
652 1056 23 19 af
693 1056 224 27 Generalguvernören

172 1089 69 20 tillika
256 1090 103 26 inbjudas.

241 1123 97 21 Härefter
353 1125 72 26 delgaf
441 1125 51 19 Herr
508 1125 160 19 Talmannen
685 1124 87 20 Ståndet
788 1125 35 20 det
839 1125 27 20 tal
878 1125 39 20 han

171 1158 79 19 ärnade
266 1159 34 19 vid
317 1159 137 26 landtdagens
469 1159 112 26 öppnande
598 1159 55 19 hålla
673 1158 31 19 till
724 1158 194 27 Generalguvernö-

172 1198 42 19 ren,
231 1193 39 19 och
287 1193 80 20 hvilket
383 1199 35 14 var
435 1193 24 20 af
472 1193 92 26 följande
580 1193 87 26 lydelse.

308 1227 78 20 ”Eders
401 1227 122 20 Excellens!

238 1261 178 27 Borgareståndet
432 1261 59 20 utber
507 1262 32 26 sig
555 1262 61 19 äfven
633 1263 28 18 att
679 1261 34 19 vid
729 1261 57 19 detta
802 1261 116 27 högtidliga

169 1295 83 20 tillfälle
268 1295 21 20 få
305 1296 29 19 till
351 1296 66 20 Eders
432 1295 113 20 Excellens
560 1295 120 26 ödmjukast
695 1295 99 19 framföra
807 1295 110 26 uttrycken

169 1329 23 20 af
206 1329 98 20 Ståndets
320 1330 58 25 djupt
394 1330 70 19 kända
479 1329 144 26 underdåniga
638 1329 133 20 tacksamhet
789 1329 31 19 för
836 1329 26 20 de
876 1336 42 19 nya

169 1363 136 20 vedermälen
321 1364 23 19 af
356 1364 58 20 Hans
429 1363 118 27 Kejserliga
563 1363 107 26 Majestäts
686 1363 98 26 ständiga
802 1363 116 20 oförtrutna

168 1404 108 20 omsorger
299 1405 33 12 om
355 1397 46 20 vårt
423 1397 124 21 fosterlands
570 1397 123 26 lagbundna
720 1396 128 27 utveckling,
872 1403 43 14 som

166 1431 73 20 landet
262 1431 38 20 fått
323 1434 51 17 röna
396 1432 122 27 derigenom
538 1433 31 18 att
583 1431 56 20 Hans
656 1431 98 26 Majestät
769 1431 91 20 utfärdat
876 1432 39 20 den
