1056 1735
222 170 23 16 30
262 171 2 2 *
486 170 40 18 Den
540 172 22 16 10
574 172 93 17 Februari.

203 228 143 19 innevarande
366 228 100 26 landtdag
471 224 10 36 '
490 229 103 27 tillsättas,
617 230 169 21 öfverenskoms:
809 234 29 18 att
856 234 90 20 nämnde

202 262 89 20 likasom
307 262 68 26 öfrige
390 262 39 27 val,
445 269 44 13 som
501 263 70 21 kunde
582 264 132 20 elektorerne
725 266 65 20 under
804 266 142 22 innevarande

203 296 100 26 landtdag
320 296 124 27 uppdragas,
460 297 67 20 skulle
542 298 125 20 verkställas
683 292 47 27 med
745 300 69 20 slutna
828 301 74 27 sedlar,
917 304 30 17 att

203 331 100 25 valsedel,
319 338 43 12 som
379 331 101 20 befunnes
496 332 78 26 oriktig
589 333 7 19 i
615 333 99 20 afseende
734 334 13 19 å
762 334 25 20 de
803 336 72 19 valdes
890 337 56 19 antal

202 365 52 19 eller
269 371 69 19 namn,
353 365 68 20 skulle
437 366 79 19 lemnas
532 369 47 17 utan
595 367 106 26 afseende,
717 370 53 18 samt
784 370 31 18 att
828 370 29 18 till
874 370 72 26 hvarje

202 399 24 19 af
240 398 25 20 de
274 398 106 21 blifvande
389 400 106 19 utskotten
515 400 31 20 för
562 401 34 26 sig
609 401 67 20 skulle
695 404 55 18 utses
765 402 51 20 först
831 404 116 20 ledamöter

204 433 40 19 och
260 433 91 19 derefter
366 434 145 26 suppleanter;
527 435 38 19 och
582 436 72 20 utföllo
665 436 68 27 valen,
745 444 44 13 som
799 438 92 20 härefter
902 440 43 19 vid-

202 469 56 24 togo,
273 467 27 26 på
315 469 41 18 sätt
370 474 43 14 som
430 468 70 26 följer:

250 503 1 3 i
473 502 198 27 Lagutskottet.,

205 535 135 21 Ledamöter:
359 536 78 20 Herrar
456 533 118 31 Öhrnberg,
595 538 104 26 Cajander
717 540 39 20 och
776 540 124 22 Gummerus
919 549 26 13 en

340 570 52 20 hvar
407 571 47 20 med
473 572 24 19 14
513 572 38 20 och
568 572 53 20 Herr
631 574 55 26 Frey
701 574 48 20 med
762 575 24 19 12
797 577 71 19 röster.
884 576 61 20 Dess-

339 606 57 18 utom
413 605 79 21 erhöllo
508 606 53 20 Herr
576 607 93 27 Procop6
685 608 12 20 4
717 611 53 17 samt
789 609 77 21 Herrar
880 610 65 20 Jaati-

323 662 3 2 .
340 646 41 13 nen
397 638 39 22 och
451 640 121 27 Helsingius
587 642 103 20 hvardera
707 644 7 18 1
736 645 48 18 röst.

204 668 148 32 Suppleanter:
368 674 77 20 Herrar
459 675 103 20 Fabritius
582 676 47 20 med
646 677 24 19 13
689 677 39 20 och
743 677 97 21 Jaatinen
856 678 89 22 med'12

342 710 73 25 röster,
435 709 109 21 hvarutom
563 710 77 20 Herrar
659 711 93 27 Procopé
772 713 38 19 och
825 713 120 27 Helsingius

342 743 83 20 tillföllo
441 744 40 20 den
497 744 55 20 förre
568 746 12 18 4
596 745 39 20 och
651 746 41 19 den
710 753 74 13 senare
801 748 9 18 1
827 750 49 18 röst.

427 778 292 22 Ekonomieutskottet.

204 812 135 20 Ledamöter:
359 812 78 20 Herrar
455 812 57 20 Julin
533 814 47 19 med
601 814 32 26 12,
653 820 40 14 von
709 815 133 27 Zweygberg
856 816 47 20 med
921 818 41 19 11-

341 848 54 18 samt
408 846 109 20 Molander
532 848 40 19 och
586 848 94 26 Procop6
695 848 103 21 hvardera.
813 851 47 19 med
877 852 25 19 10
912 854 33 17 rö-

340 881 53 24 ster;
417 881 38 19 och
476 881 72 20 utföllo
572 881 105 21 dessutom
702 883 33 20 för
753 883 53 20 Herr
824 884 87 21 Masalin
932 886 13 19 2

339 916 54 18 samt
408 915 31 19 för
453 915 77 20 Herrar
544 916 93 26 Kiseleff,
653 917 99 26 Höckert,
760 918 118 27 Björksten,
893 919 51 20 Kur-

340 951 42 23 ten,
401 949 133 26 Tengström,
549 950 120 27 Helsingius
685 951 39 20 och
740 951 97 28 Sopanen
852 959 26 14 en
894 954 51 19 hvar

342 984 8 18 1
367 985 49 18 röst.
862 985 2 2 :

204 1018 148 26 Suppleanter:
371 1017 78 20 Herrar
463 1018 121 27 Helsingius
599 1019 48 20 med
664 1021 24 18 15
704 1021 39 19 och
758 1021 94 20 Höckert
870 1022 47 20 med
932 1023 12 18 9

341 1053 72 24 röster,
436 1053 66 24 jemte
527 1053 35 20 det
584 1053 54 20 Herr
661 1054 88 20 Masalin
769 1055 65 20 erhöll
855 1056 19 26 3,
892 1057 53 19 Herr

340 1085 114 27 Schogster
469 1087 13 19 2
498 1087 38 20 och
553 1087 53 20 Herr
621 1088 120 26 Borgström
758 1090 9 19 1
784 1092 48 18 röst.

466 1121 217 21 Statsutskottet.

202 1154 135 19 Ledamöter:
357 1154 76 20 Herrar
452 1155 110 20 Lindblom'
586 1156 39 20 och
648 1157 108 26 Nylander
775 1158 103 22 hvardera
897 1161 47 20 med

344 1189 23 18 14
391 1191 53 17 samt
462 1189 91 20 Kiseleff
574 1191 37 19 och
636 1191 104 20 Mechelin
763 1193 47 20 med
833 1195 23 19 13
872 1192 71 34 röster,

340 1223 107 20 hvarutom
467 1224 13 19 2
499 1227 67 17 röster
585 1225 82 21 tillföllo
687 1227 52 19 Herr
754 1227 93 22 Höckert
864 1232 52 18 samt
935 1232 5 19 1

341 1259 43 17 röst
398 1257 77 20 Herrar
490 1258 117 27 Björksten,
623 1259 85 28 Kurtén,
726 1261 98 21 Jaatinen
840 1264 39 20 och
894 1265 49 20 Wa-

339 1291 70 20 senius
424 1299 26 13 en
466 1293 57 20 hvar.
927 1303 19 11 oe

202 1325 149 29 Suppleanter:
371 1326 76 20 Herrar
467 1327 111 20 Wasenius
598 1329 48 20 med
666 1330 25 19 14
711 1330 38 20 och
769 1331 110 26 Björksten
896 1335 46 19 med

339 1360 12 19 7
368 1362 72 23 röster,
458 1361 66 26 jemte
544 1362 34 20 det
600 1363 32 20 för
651 1363 52 21 Herr
726 1365 93 20 Höckert
838 1367 72 20 utföllo
930 1370 12 19 5

339 1397 53 17 samt
411 1395 32 19 för
461 1395 77 21 Herrar
557 1397 64 26 Julin,
641 1398 86 27 Kurtén,
743 1399 97 22 Jaatinen
856 1402 38 20 och
909 1403 43 20 Li:

337 1429 60 20 sitzin
413 1436 25 13 en
455 1430 50 20 hvar
523 1432 7 19 1
548 1433 49 18 röst.

1048 1535 5 8 5
