1039 1692
208 128 33 18 332
491 126 40 20 Den
545 129 21 16 14
579 128 52 18 Mars.

186 186 134 27 näringarna,
347 186 40 20 kan
405 186 38 27 jag
463 187 19 25 ej
501 186 74 20 förena
593 186 42 26 mig
654 192 39 20 om,
711 188 21 24 ty
745 186 37 26 jag
799 188 42 18 tror
856 187 30 19 att
902 185 34 20 det

185 227 51 13 vore
259 220 36 20 det
318 223 75 17 största
408 220 69 26 skydd
496 221 31 19 för
544 221 133 25 näringarna,
693 226 33 14 om
743 220 60 20 deras
819 220 115 26 redskaper

186 255 40 19 och
248 254 86 20 råvaror
350 255 6 19 i
372 254 115 20 allmänhet
510 261 49 13 vore
578 254 85 26 tullfria,
679 254 27 20 då
721 255 95 19 deremot
834 254 102 20 tullfrihet

186 288 32 20 för
233 289 57 19 vissa
304 288 92 26 råvaror,
412 295 45 13 som
471 289 36 25 jag
524 289 54 19 hade
594 292 50 16 äran
664 289 79 25 anföra,
763 291 13 17 t.
793 296 33 12 ex.
849 289 86 25 bomull,

187 322 96 21 kommer
299 323 74 19 endast
388 322 66 27 några
469 323 20 19 få
504 323 129 20 fabrikanter
650 323 29 19 till
696 323 66 26 godo;
784 324 40 18 och
838 324 38 26 jag
893 325 43 17 tror

186 358 30 18 att
236 356 45 26 just
303 356 45 20 deri
372 357 54 19 visar
448 358 33 26 sig
496 358 40 19 den
556 357 89 25 skilnad,
661 363 45 13 som
723 358 102 19 existerar
845 358 89 19 emellan

189 390 89 27 Sverige
301 392 39 19 och
363 397 40 13 oss.
433 391 10 19 I
461 391 86 27 Sverige
571 394 29 23 är,
622 391 67 20 såsom
707 392 37 25 jag
759 391 64 20 redan
840 391 98 26 nämnde,

188 424 134 21 finanstullen
346 426 39 19 den
409 426 99 25 rådande,
535 426 39 20 och
589 425 118 20 Ständerna
722 426 62 19 hafva
800 426 36 19 der
851 427 41 18 rätt
907 428 30 17 att

188 458 117 21 bestämma
327 459 139 21 tullsatserna.
495 460 43 19 Hos
563 466 33 14 oss
620 461 55 18 utses
699 466 26 12 en
751 459 86 26 komité,
859 460 32 19 för
906 462 30 17 att

185 492 78 20 föreslå
286 494 67 25 dessa,
376 493 39 20 och
438 494 106 26 utgången
569 494 59 20 beror
643 493 28 26 på
687 493 72 20 hvilka
778 494 103 19 intressen
898 496 36 17 äro

189 526 46 21 bäst
257 528 174 26 representerade
446 528 7 19 i
469 528 69 20 denna
560 528 85 26 komité,
669 527 82 20 hvilket
773 528 31 20 för
820 528 46 26 den,
890 534 44 14 som

190 564 97 17 närmare
303 562 93 20 studerat
410 562 37 20 vår
463 569 26 13 nu
505 562 98 26 gällande
619 562 95 26 tulltaxa,
730 562 64 20 också
816 562 38 20 lätt
876 562 60 20 faller

186 595 7 19 i
209 598 91 23 ögonen.

257 630 54 20 Herr
326 629 125 28 Procopé:
473 630 72 27 Enligt
567 631 42 19 min
630 630 134 27 uppfattning
779 631 23 19 af
815 631 53 19 Herr
883 632 54 20 Höc-

189 663 57 21 kerts
262 664 159 26 framställning,
436 665 92 20 uttalade
544 665 47 26 han,
607 667 30 17 att
652 664 220 21 Ekonomieutskottet
886 666 6 18 i
902 666 35 19 sitt

192 698 134 20 betänkande
349 698 67 21 skulle
438 701 65 24 yttrat
522 699 40 20 den
578 699 61 26 åsigt,
655 701 30 17 att
703 699 3 19 i
722 699 100 19 händelse
840 699 40 20 den
896 700 42 20 Nå-

192 732 50 26 diga
264 733 158 25 propositionen
446 734 22 19 af
488 733 117 20 Ständerne
630 733 131 27 godkändes,
792 733 57 20 detta
870 734 67 20 skulle

188 766 96 20 medföra
305 773 26 13 en
354 767 154 27 inskränkning
529 768 7 18 i
559 768 108 20 städernas
693 767 243 27 sjelfbeskattningsrätt.

186 800 32 20 Af
241 801 55 19 hvad
321 801 221 21 Ekonomieutskottet
563 802 7 19 i
596 802 35 19 sitt
653 801 135 20 betänkande
815 802 121 26 framhållit,

188 834 94 27 framgår
305 835 54 20 dock
375 835 84 27 tydligt,
477 838 30 17 att
526 836 101 19 utskottet
642 836 103 25 uppfattat
761 835 64 20 saken
842 836 94 25 sålunda,

191 870 31 19 att
237 869 168 26 tolagsafgiftens
421 869 144 20 fastställande
579 869 66 20 redan
661 868 45 21 frän
726 869 58 20 äldre
800 870 54 20 tider
868 870 70 20 berott

190 903 24 20 af
226 903 56 20 bäda
297 903 163 21 statsmakterna
473 906 138 25 gemensamt,
628 903 39 21 och
683 903 82 20 säledes
780 905 18 25 ej
809 904 70 20 kunde
887 911 51 13 vara

191 944 26 13 en
234 938 109 21 städernas
358 938 98 20 enskilda
470 939 106 26 rättighet.
595 939 42 19 Det
651 941 23 17 är
689 939 62 18 äfven
766 937 28 27 pä
808 938 66 27 grund
892 939 45 19 der-

188 971 28 26 af,
232 978 45 13 som
293 973 134 26 Regeringen
444 979 27 13 nu
487 973 36 19 har
539 973 140 20 öfverlemnat
694 972 21 20 ät
729 972 117 20 Ständerna
861 975 30 18 att
901 973 35 20 be-

190 1009 89 17 stämma
295 1013 33 14 om
344 1007 95 26 grunden
455 1007 31 20 för
501 1007 96 26 tolagens
613 1007 123 26 utgörande.
766 1007 30 20 De
816 1006 118 27 betänklig-

190 1040 60 21 heter
266 1041 102 20 utskottet
383 1041 74 20 uttalat
471 1043 47 18 röra
534 1042 95 19 deremot
649 1041 127 20 Siändernes
795 1041 142 26 sjelfbeskatt-

190 1075 111 26 ningsrätt.
332 1076 106 19 Utskottet
460 1076 37 19 har
516 1076 106 27 nemligen
639 1075 60 20 tänkt
715 1075 38 27 sig,
769 1077 29 18 att
813 1075 7 19 i
836 1075 101 20 händelse

188 1109 42 21 den
252 1109 84 27 Nädiga
357 1110 158 26 propositionen
538 1112 87 24 antages
641 1111 49 18 utan
707 1109 64 26 nägot
785 1109 76 26 vilkor,
877 1109 59 21 Stän-

189 1145 67 20 derna
272 1145 122 26 derigenom
410 1144 68 20 skulle
493 1144 72 27 afsäga
581 1145 32 25 sig
629 1143 27 20 all
672 1146 40 17 rätt
731 1144 30 19 för
780 1143 111 20 framtiden
908 1146 30 18 att

189 1179 87 26 deltaga
290 1179 6 19 i
312 1178 234 27 tolagslagstiftningen,
563 1177 89 21 emedan
669 1177 117 20 Ständerna
801 1184 27 13 nu
840 1177 48 21 icke
897 1185 40 20 ega

188 1215 42 18 rätt
245 1214 31 18 att
291 1213 84 26 deltaga
390 1213 6 18 i
412 1212 205 27 tull-lagstiftningen
634 1212 23 19 af
669 1211 86 20 hvilken
773 1212 83 26 tolagen
872 1212 65 27 enligt

188 1247 158 26 propositionen
370 1247 83 19 komme
476 1249 30 17 att
523 1247 113 19 framdeles
653 1246 56 20 bero.
739 1246 41 19 Det
794 1249 23 16 är
833 1246 35 19 det
883 1247 53 19 enda

189 1282 73 25 motiv,
285 1288 43 13 som
351 1281 101 20 utskottet
475 1281 43 20 haft
536 1281 31 19 för
583 1281 36 19 sitt
635 1280 137 26 afstyrkande
788 1280 39 19 och
846 1286 44 14 som
907 1283 29 17 ut-

191 1315 81 20 skottet
293 1317 69 18 ansett
383 1321 51 14 vara
456 1315 22 19 af
498 1315 40 19 den
554 1315 51 26 vigt,
622 1316 30 18 att
668 1314 35 19 det
718 1313 27 26 pä
760 1313 67 26 grund
843 1314 61 19 deraf
918 1315 17 26 cj

190 1348 82 21 kunnat
293 1349 114 26 godkänna
430 1349 162 26 propositionen.
623 1349 40 25 Jag
683 1348 31 19 för
733 1348 42 19 min
796 1347 34 20 del
850 1348 65 19 mäste
931 1349 4 19 i

190 1383 42 20 allo
247 1383 93 20 vidhålla
356 1383 69 20 denna
440 1383 110 20 utskottets
567 1383 92 19 uttalade
675 1382 60 26 äsigt.
770 1381 31 20 De
824 1381 110 26 olägenhe-

193 1419 36 24 ter,
253 1423 44 14 som
321 1417 67 20 skulle
408 1417 72 26 uppstå
500 1417 129 26 derigenom,
645 1419 29 17 att
691 1416 107 20 tullsaisen
814 1416 19 25 ej
852 1419 82 23 antoge:
