1039 1692
210 115 36 18 498
496 112 41 19 Den
549 112 12 17 6
573 113 60 22 April.

188 180 52 14 vara
262 172 102 27 lämpligt,
388 171 88 20 emedan
497 171 36 27 jag
556 177 68 20 anser,
647 172 30 19 att
695 170 64 28 något
773 171 74 27 lagligt
862 170 76 20 hinder

189 208 75 19 hittills
286 207 19 26 ej
328 205 125 21 förefunnits
475 205 32 20 för
522 212 26 13 en
566 205 135 27 målsegande
716 207 30 18 att
761 205 63 20 också
843 205 6 19 i
865 205 71 26 gröfre

190 241 99 21 brottmål
312 246 49 14 vara
383 240 102 20 tillstädes
508 246 76 20 genom
608 240 85 25 ombud,
716 240 38 20 och
777 246 33 13 om
827 239 74 20 sådant
916 239 23 19 af

189 274 91 22 domstol
296 274 102 26 någonsin
415 275 90 25 vägrats,
521 274 23 19 så
559 273 66 21 måste
639 274 36 26 jag
691 274 65 26 ogilla
774 274 41 20 det.
830 274 41 26 Jag
887 273 49 20 ville

190 310 83 20 derföre
289 308 83 26 föreslå,
388 310 30 18 att
433 308 64 20 orden
514 308 77 20 ”böra”
607 308 38 20 och
662 308 93 20 ”skulle?
772 308 45 20 från
833 308 48 19 4:de
894 314 42 13 mo-

190 345 81 19 mentet
286 343 22 20 af
321 342 156 21 reservationen
493 342 50 27 utgå
559 342 39 20 och
614 342 31 20 till
661 342 62 20 slutet
733 342 23 20 af
764 342 122 20 densamma
897 341 39 19 till-

190 380 64 18 sättes
277 378 122 26 meningen:
422 376 111 20 ”Kärande
556 379 39 17 etc.
612 388 6 3 -
635 388 6 3 -
659 377 27 19 -?.
717 376 40 20 För
772 376 63 26 öfrigt
850 376 36 19 vill
900 376 37 26 jag

191 412 31 20 till
237 412 43 20 alla
294 411 58 21 delar
367 411 114 26 godkänna
496 411 165 20 reservationen.

259 446 54 20 Herr
327 445 144 27 Nylander:
493 445 48 20 Med
560 445 115 27 anledning
694 445 23 19 af
730 445 41 20 den
786 445 91 19 humana
892 446 44 18 ten-

190 481 60 26 dens,
266 486 44 14 som
326 479 92 27 framgår
433 480 24 19 af
469 479 156 27 Lagutskottets
644 479 78 27 förslag
740 479 31 19 till
789 478 111 20 redaktion
916 478 24 20 af

193 516 7 18 1
220 517 10 22 $
248 515 24 19 15
289 514 48 26 kap.
354 514 23 19 R.
392 514 31 24 B.,
446 514 31 19 får
497 515 37 25 jag
557 514 37 20 hos
617 514 88 20 Ständet
723 514 83 20 förorda
822 514 116 19 detsamma

190 550 32 19 till
237 549 127 27 antagande.
394 548 28 20 Sä
444 548 85 26 mycket
550 554 44 14 mer
616 554 61 14 anser
697 548 37 27 jag
754 548 42 26 mig
811 548 63 20 hafva
892 548 45 19 skäl

190 583 78 26 dertill,
291 589 44 13 som
358 582 126 20 ätminstone
507 582 28 20 uti
559 589 25 13 en
609 582 66 26 fräga,
695 582 105 26 nemligen
824 583 46 24 den,
892 588 44 14 som

191 618 67 27 gäller
281 618 31 19 för
336 617 55 20 brott
412 616 90 21 tilltalad
524 623 87 20 persons
631 618 42 18 rätt
687 619 30 17 att
731 616 100 20 förskaffa
846 616 40 20 och
902 616 34 19 be-

191 658 71 21 gagna
284 652 32 26 sig
338 651 22 20 af
381 651 211 27 räitegängsbiträde,
608 653 30 18 ett
653 651 92 27 verkligt
760 651 98 25 framsteg
874 650 6 19 i
897 650 39 20 för-

190 687 70 27 slaget
278 686 55 26 röjer
348 686 38 26 sig.
416 686 41 19 Det
479 688 22 17 är
522 685 72 26 kändt,
617 687 30 18 att
670 685 65 21 under
751 684 130 21 närvarande
897 685 40 19 för-

191 720 113 21 hällanden
320 720 40 20 den
376 720 71 26 praxis
463 720 89 20 utbildat
566 720 32 26 sig
613 720 38 20 hos
667 720 104 26 juridiska
790 719 98 20 fackmän
908 721 30 17 att

190 756 19 26 ej
226 762 66 20 gerna
307 754 51 26 vilja
372 754 48 20 läna
434 755 32 25 sig
481 754 30 20 till
528 754 80 20 biträde
623 754 21 20 ät
659 754 103 20 svarande
777 756 73 24 parten
870 754 6 18 i
891 753 45 20 svä-

190 796 47 14 rare
254 788 104 21 brottmäl.
388 788 63 20 Detta
466 791 22 17 är
504 788 116 20 emellertid
638 790 29 18 ett
682 788 62 27 högst
759 788 118 27 beklagligt
896 788 40 20 för-

191 817 105 26 hållande.
326 822 38 20 Att
378 822 36 20 det
429 822 31 20 till
475 829 26 13 en
518 822 33 20 del
567 829 78 20 genom
660 822 119 27 antagande
797 822 24 20 af
833 822 103 27 ifrägava-

191 857 64 20 rande
278 856 201 27 redaktionsförslag
500 857 71 20 kunde
594 857 110 26 afhjelpas,
727 863 62 14 anser
808 857 37 26 jag
868 857 67 19 såsom

190 891 82 27 ganska
287 890 218 21 rekommenderande
520 891 32 20 för
567 891 107 26 förslaget,
689 891 39 20 och
745 891 36 20 vill
794 892 36 25 jag
846 891 91 26 derföre,

191 927 49 18 utan
256 927 30 18 att
300 925 51 26 ingä
365 925 7 19 i
388 927 95 18 närmare
498 925 89 25 detaljer
602 925 23 20 af
636 927 77 24 ämnet,
725 932 93 20 upprepa
829 926 41 19 min
883 926 53 20 före-

190 960 84 27 gående
297 959 128 26 uppmaning
448 959 31 20 till
498 959 88 20 Ständet
600 961 30 19 att
644 959 73 21 förena
733 960 32 26 sig
779 960 29 19 uti
827 960 110 20 utskottets

190 995 86 26 förslag.

258 1028 54 20 Herr
328 1034 47 13 von
396 1028 170 27 Zweygberg:
589 1028 31 20 Af
640 1035 80 14 samma
742 1029 52 26 skäl,
816 1035 44 14 som
883 1029 53 20 Herr

190 1063 110 26 Wallgren
323 1062 37 20 har
379 1063 44 26 jag,
446 1063 64 20 ehuru
533 1063 18 26 ej
569 1063 66 26 jurist,
655 1063 67 20 utbett
741 1063 43 28 mig
799 1065 30 18 att
846 1063 20 20 få
880 1066 56 24 yttra

190 1097 66 26 några
278 1096 37 21 ord
331 1097 6 19 i
354 1096 78 27 frågan.
462 1097 72 27 Enligt
556 1097 43 20 min
621 1097 134 27 uppfattning
777 1097 65 20 uttala
864 1097 71 27 första,

189 1132 67 25 tredje
273 1131 39 20 och
328 1131 66 26 fjerde
409 1131 118 26 punkterna
543 1131 6 20 i
565 1132 40 20 den
625 1132 83 27 Nådiga
725 1132 157 26 propositionen
899 1135 35 17 nä-

190 1168 45 18 stan
259 1165 101 26 tydligast
383 1165 54 20 hvad
460 1167 159 31 meningen
591 1162 35 40 är
642 1166 48 20 med
710 1166 69 20 denna
795 1166 139 27 lagparagraf.

188 1200 82 20 Endast
284 1200 6 19 i
306 1199 64 20 första
392 1202 115 18 momentet
529 1200 66 20 skulle
615 1201 37 26 jag
677 1206 50 14 anse
753 1200 60 20 ordet
835 1201 99 26 ”grofva”

189 1235 72 19 kunna
275 1233 124 20 utelemnas.
427 1234 60 20 Hvad
503 1235 64 19 sedan
583 1235 66 20 andra
663 1236 115 18 momentet
791 1234 106 26 beträffar,
912 1234 23 20 så

188 1275 62 14 anser
262 1269 45 25 jag,
322 1268 6 19 i
343 1267 68 21 likhet
425 1269 47 20 med
488 1269 53 20 Herr
555 1269 62 26 Frey,
633 1269 36 19 det
684 1268 71 20 kunna
774 1268 97 27 tilläggas
894 1269 40 19 för-

188 1305 31 18 sta
234 1303 123 25 momentet,
372 1302 88 20 sålunda
474 1305 31 18 att
519 1303 53 20 efter
587 1303 65 20 orden
669 1303 73 20 ”svare
758 1302 40 21 den
815 1303 53 26 sjelf,
889 1309 44 14 som

188 1336 106 27 anklagad
317 1336 35 19 är?
375 1336 84 21 komme
482 1337 89 20 ”honom
595 1337 54 20 dock
669 1337 19 26 ej
709 1337 117 20 förmenadt
844 1339 30 18 att
888 1337 46 19 full-

188 1371 80 26 mäktig
292 1371 48 19 med
362 1371 32 26 sig
416 1371 68 27 taga”.
514 1372 31 19 De
565 1371 45 20 skäl
626 1372 31 19 för
673 1373 30 18 att
718 1378 26 13 en
760 1371 105 27 anklagad
881 1371 51 20 skall

187 1405 20 20 få
223 1405 63 20 hafva
301 1404 119 27 fullmäktig
436 1405 46 20 med
498 1406 39 26 sig,
553 1413 44 13 som
617 1405 124 28 isynnerhet
758 1405 53 20 Herr
828 1405 104 21 Mechelin
