1039 1692
201 141 33 17 156
462 140 41 18 Den
515 140 22 17 20
549 140 94 17 Februari.

180 206 25 13 en
228 200 78 19 allmän
327 198 107 27 reglering
452 198 23 20 af
492 198 62 20 länen
573 198 57 20 inom
650 198 73 20 landet
743 198 39 20 och
802 198 31 20 för
852 198 76 20 sådant

180 233 97 20 ändamål
297 233 45 20 låtit
360 232 115 20 verkställa
489 232 154 20 förberedande
658 232 189 26 undersökningar.
877 232 49 19 Huf-

180 268 146 26 vudsakligast
344 267 139 20 ekonomiska
503 267 45 19 skäl
568 266 59 20 torde
645 266 63 20 hafva
728 266 116 20 förhindrat
863 266 63 19 refor-

180 308 58 13 mens
261 301 171 26 genomförande.
462 302 48 19 Men
533 300 27 20 då
583 300 75 20 bakom
681 300 58 20 detta
765 300 74 20 hinder
858 300 68 20 finnes

180 342 26 13 en
226 336 116 26 tvingande
361 335 163 27 nödvändighet,
544 335 23 20 så
585 335 37 20 bör
638 335 47 19 dess
702 336 43 18 röst
760 335 18 25 ej
795 334 132 20 förstummas

180 370 82 19 derföre
282 371 30 18 att
332 370 122 19 densamma
473 369 31 20 till
524 370 49 25 följe
593 370 22 19 af
629 368 105 27 tillfälliga
749 368 179 27 omständigheter

180 404 136 19 härförinnan
336 404 19 26 ej
376 404 68 20 blifvit
462 404 51 20 eller
533 403 104 20 måhända
655 404 19 26 ej
692 403 81 20 kunnat
789 403 63 19 blifva
868 402 59 20 hörd.

181 438 88 20 Ståndet
284 438 60 20 torde
359 438 83 20 derföre
458 438 84 20 ursäkta
557 439 30 19 att
599 438 37 26 jag
652 437 48 20 med
716 437 70 20 denna
800 436 127 27 angelägen-

181 472 36 20 het
231 472 123 26 ytterligare
371 475 59 23 tager
446 472 47 20 dess
509 472 30 20 tid
554 472 39 20 och
609 471 187 27 uppmärksamhet
810 471 7 19 i
830 470 98 26 anspråk.

249 507 61 19 Hvad
326 507 40 19 den
382 507 113 19 omordade
511 506 186 27 nödvändigheten
713 506 23 20 af
747 506 126 26 klyfningen
885 505 43 19 vid-

182 541 103 25 kommer,
305 541 59 19 torde
381 541 36 26 jag
432 541 20 19 få
468 540 92 27 åberopa
575 541 55 19 hvad
646 547 26 13 en
688 541 6 18 i
711 540 64 20 saken
792 540 37 19 hos
846 539 82 27 Kejser-

181 575 43 26 liga
243 575 103 20 Senatens
360 575 119 20 Ekonomie
496 575 149 26 Departement
661 574 130 20 tillkommen
808 574 42 26 akt,
863 574 66 26 jemte

182 616 25 12 en
233 610 69 19 dertill
326 609 94 20 hörande
442 609 60 20 karta
521 609 58 20 öfver
599 609 162 25 ifrågavarande
780 608 148 27 läneklyfning

182 644 118 20 innehåller
319 644 40 20 och
376 644 84 24 utvisar,
481 644 47 19 med
545 643 152 20 framhållande
713 643 103 26 derjemte
832 644 6 18 i
854 646 76 17 största

182 678 115 20 allmänhet
316 680 30 18 att
366 678 244 26 befolkningsnummern
630 678 7 19 i
656 678 104 19 hvardera
775 678 79 20 hälften
870 678 58 19 kom-

183 720 32 12 me
234 715 30 18 att
284 715 104 17 motsvara
406 712 83 26 vidpass
509 712 40 20 den
570 712 29 20 uti
617 712 103 26 Nylands,
741 712 129 20 Tavastehus
890 712 38 20 och

183 748 29 20 S:t
232 748 88 19 Michels
339 748 40 24 län,
400 749 30 17 att
448 746 84 20 arealen
554 746 68 20 blefve
642 746 89 26 ungefär
747 746 121 20 densamma
883 752 44 14 som

183 783 31 19 för
230 782 96 26 Nylands
343 782 39 19 län.
413 781 72 20 Skulle
502 787 47 13 man
560 780 69 20 dertill
641 780 54 26 våga
705 780 66 20 uttala
780 780 40 20 den
833 780 97 26 förhopp-

184 818 50 25 ning
252 818 31 18 att
302 816 86 26 dugliga
408 815 132 20 Guvernörer
558 821 41 20 nog
618 814 71 20 kunde
710 814 90 20 erhållas
819 814 30 20 till
866 814 65 26 några

183 853 59 18 tusen
262 850 70 19 marks
349 849 81 20 mindre
445 849 93 26 aflöning
553 851 26 17 än
595 849 48 19 dem
659 855 28 12 nu
703 848 98 26 tilldelas,
817 848 23 19 så
855 849 39 19 och
906 848 26 20 då

184 885 62 20 minst
266 884 36 20 två
321 883 238 20 vicelandssekreterare
580 882 34 20 vid
630 882 216 20 Guvernörsembetet
864 883 3 18 i
883 876 48 27 Åbo

183 919 69 20 blefve
273 918 139 26 öfverflödiga
431 919 53 18 samt
503 917 173 20 Guvernörernes
695 916 40 20 och
752 917 179 24 tjenstemännens

183 954 34 19 vid
240 952 154 27 länestyrelsen
416 951 139 20 embetsresor
574 951 98 26 medtoge
693 957 26 13 en
741 952 42 18 mot
802 951 36 19 det
858 953 72 18 närva-

183 987 66 20 rande
273 986 105 27 betydligt
404 985 81 20 mindre
504 985 96 26 kostnad,
618 985 61 20 torde
699 985 40 19 den
761 985 82 20 direkta
862 985 68 20 tillök-

184 1022 78 26 ningen
279 1021 6 20 i
301 1021 83 20 Statens
403 1019 85 27 utgifter
503 1020 6 19 i
525 1019 75 26 sjelfva
619 1019 75 20 verket
709 1019 18 26 ej
744 1019 65 20 biifva
824 1019 23 20 så
862 1019 70 20 alltför

184 1055 128 27 betydande.
345 1055 69 26 Tager
437 1060 47 13 man
508 1053 71 20 vidare
597 1053 7 20 i
624 1053 136 20 betänkande
782 1055 30 18 att
835 1054 29 19 uti
884 1047 47 27 Åbo

183 1091 39 19 och
242 1089 142 27 Björneborgs
404 1089 35 19 län
458 1087 47 20 med
521 1087 46 20 dess
587 1087 63 20 bland
666 1087 42 19 alla
723 1087 35 20 län
774 1087 107 20 talrikaste
898 1088 33 20 be-

183 1124 104 27 folkning,
302 1123 90 27 lifligare
407 1121 138 26 framfärdsel,
560 1122 89 19 industri
665 1121 40 20 och
717 1121 83 26 handel,
812 1124 53 17 samt
876 1122 55 19 dess-

183 1161 57 17 utom
261 1158 77 26 många
357 1157 105 26 fängelser
479 1157 27 18 uti
522 1155 176 26 residensstaden,
714 1156 19 25 ej
749 1155 89 20 allenast
854 1156 78 20 Guver-

184 1195 65 18 nören
270 1193 37 19 har
326 1193 42 18 stor
387 1191 106 26 svårighet
513 1192 35 24 att,
568 1190 106 26 likmätigt
693 1190 32 19 sin
746 1190 57 26 pligt,
820 1191 71 19 utöfva
906 1197 26 14 en

186 1233 110 20 noggrann
313 1225 91 20 kontroll
420 1225 58 20 öfver
494 1225 109 26 samteliga
613 1225 27 19 de
652 1223 144 27 mångfaldiga
807 1225 127 20 ärendernas

180 1262 74 25 jemna
272 1260 56 27 gång
346 1261 54 18 samt
419 1265 54 20 egna
487 1266 27 13 en
531 1259 86 26 behörig
633 1258 187 26 uppmärksamhet
836 1259 20 19 åt
873 1259 60 26 vigti-

183 1301 52 21 gare
253 1294 82 27 frågors
350 1294 90 26 lösning,
456 1295 48 18 utan
521 1293 39 20 ock
576 1293 170 26 tjenstemännen
757 1293 35 19 vid
804 1292 128 21 Guvernörs-

184 1329 100 26 embetet,
304 1335 33 14 om
358 1329 41 20 ock
418 1328 26 20 de
462 1331 35 17 äro
514 1327 81 26 talrika,
611 1327 76 20 endast
702 1327 48 20 med
765 1327 91 26 mycken
872 1328 62 20 möda

184 1365 72 19 kunna
275 1363 51 20 reda
346 1363 31 26 sig
393 1363 46 20 med
457 1368 81 14 massan
554 1362 22 19 af
590 1362 46 19 sina
651 1361 185 26 embetsgöromål,
853 1362 81 21 hvilket

184 1400 58 18 snart
264 1404 42 20 nog
329 1397 59 20 torde
410 1396 85 27 päkalla
513 1396 112 27 tillökning
643 1397 7 18 i
670 1396 221 27 stjenstepersonalen,
912 1397 22 20 sä

184 1433 60 20 torde
260 1431 112 21 skilnaden
387 1431 6 20 i
410 1431 116 20 kostnaden
543 1430 23 20 sä
577 1430 86 27 mycket
675 1429 82 21 mindre
769 1429 91 21 behöfva
871 1430 62 21 beak-
