1039 1692
402 121 41 17 Den
456 121 21 17 12
489 121 54 17 Mars,
798 122 33 17 305

99 181 56 18 raste
170 185 44 13 som
231 178 67 20 finnas
313 179 7 19 i
336 178 70 20 denna
422 178 33 20 del
472 179 23 19 af
509 178 30 21 S:t
555 179 88 20 Michels
655 180 42 19 län.
713 180 71 26 Syftar
796 180 57 20 detta

101 213 98 27 yttrande
222 212 45 20 åter
290 212 70 26 derpä,
377 215 36 23 att,
429 212 68 21 såsom
515 220 47 12 man
579 220 25 13 en
622 214 29 19 tid
667 214 72 26 ansåg,
760 214 94 20 Kristina

103 247 78 21 socken
198 247 54 19 hade
268 243 54 23 varit
336 246 125 27 lämpligare
477 247 32 20 för
524 248 144 26 anläggandet
683 248 24 20 af
719 249 52 25 stad,
784 248 23 20 sä
816 249 36 19 vill

101 282 38 26 jag
154 281 108 26 anmärka,
278 283 30 18 att
323 287 25 13 en
365 281 64 19 sådan
446 280 55 27 äsigt
517 282 64 20 redan
599 282 58 27 långt
673 282 43 20 före
733 283 57 20 detta
808 284 44 19 blif-

105 317 30 19 vit
156 316 139 26 öfvergifven,
319 316 89 19 emedan
432 316 134 26 RBrahelinna,
590 316 37 20 der
650 323 46 13 man
721 318 55 19 velat
791 318 63 19 hafva

103 350 74 20 staden
201 350 88 26 förlagd,
312 350 69 26 ligger
403 350 27 20 22
453 352 56 18 verst
528 350 53 20 ifrån
598 350 31 21 S:t
644 351 83 26 Michel,
746 358 43 13 som
806 352 45 20 der-

103 386 57 18 emot
174 387 24 17 är
213 384 89 26 belägen
319 384 5 20 i
341 386 85 18 centern
443 384 24 20 af
479 384 41 20 den
536 391 77 20 genom
633 386 220 20 naturförhällandena

105 418 109 20 bestämda
229 418 90 26 trakten,
335 418 38 20 och
388 419 22 25 ju
426 418 73 27 längre
516 426 47 12 man
581 419 96 20 kommer
692 422 43 17 mot
754 420 98 26 periferin

105 453 6 19 i
128 459 25 13 en
170 452 64 20 cirkel
252 452 58 20 desto
326 452 74 27 längre
416 456 40 23 väg
472 453 31 19 dit
519 453 62 20 hafva
600 453 198 28 öfverhufvudtaget
820 454 33 26 de,

105 494 43 13 som
165 487 25 20 bo
206 488 57 19 inom
280 488 128 19 densamma.
439 487 108 21 Utskottet
561 488 106 20 erkänner
682 488 41 20 ock
739 490 30 18 att
778 488 74 20 staden

104 522 31 19 S:t
150 522 77 20 Michel
242 525 22 16 är
281 521 89 27 belägen
386 522 7 19 i
409 522 78 20 midten
503 522 24 20 af
535 522 26 20 de
572 522 193 26 landskommuner,
782 523 72 20 hvilka

105 556 40 20 den
168 556 38 20 har
226 558 30 18 att
271 556 91 26 betjena.
392 556 8 20 I
417 556 144 20 betänkandet
576 560 61 24 säges
656 557 82 20 vidare:
761 556 91 27 ”Ifråga-

104 590 92 20 varande
212 590 72 20 kanal-
300 590 40 20 och
356 590 68 27 öfriga
434 590 86 21 arbeten
532 591 68 20 skulle
613 591 82 20 derföre
707 593 92 17 närmast
809 591 44 19 afse

104 627 31 17 att
157 624 102 27 befrämja
277 625 73 19 staden
369 625 29 20 S:t
414 625 87 20 Michels
517 626 112 25 intressen,
647 632 77 20 genom
740 627 30 18 att
784 625 69 19 lemna

104 659 82 20 tillfälle
202 659 31 20 till
249 659 140 27 begagnande
404 659 23 20 af
440 661 66 18 större
523 659 104 21 farkoster
643 660 34 20 vid
693 660 48 20 dess
756 659 98 27 import”.

105 690 69 24 Äfven
198 694 6 19 i
220 694 30 20 S:t
268 694 76 19 Michel
363 694 61 20 fattar
443 700 47 14 man
507 696 30 18 att
555 700 26 14 en
598 694 77 26 import
693 694 47 20 icke
756 693 41 20 kan
814 700 40 20 ega

106 735 44 13 rum
167 730 49 18 utan
232 728 147 20 motsvarande
395 730 81 24 export,
495 728 65 26 något
579 734 44 14 som
647 728 116 20 emellertid
786 728 24 20 af
823 730 29 18 ut-

107 762 77 20 skottet
200 762 104 26 förnekas,
320 765 30 17 att
365 762 84 20 dömma
464 762 23 20 af
500 763 36 19 det
552 762 103 26 följande:
671 762 46 27 ”Ty
733 762 68 27 någon
818 763 34 19 be-

107 796 103 27 tydligare
233 798 132 25 exportvara,
388 802 44 14 som
456 796 70 20 kunde
550 796 51 20 bära
623 797 74 20 endast
720 797 39 20 den
786 798 68 25 lägsta

108 830 200 27 transportkostnad,
332 830 78 20 utföres
432 830 47 21 icke
502 831 46 20 från
573 831 26 20 de
622 831 87 26 trakter,
725 831 70 20 hvilka
812 832 40 19 den

109 864 120 26 fördjupade
245 865 92 20 farleden
354 865 84 20 komme
454 867 31 18 att
500 865 135 26 genomlöpa,
651 867 48 18 utan
720 865 65 20 måste
806 871 47 13 man

109 901 59 17 vänta
191 899 47 20 dess
261 899 115 20 förnämsta
398 899 111 20 resultater
531 899 24 20 af
575 899 41 20 den
632 901 67 18 större
715 899 97 26 välmåga
827 906 26 13 en

110 933 126 20 inderlättad
259 933 124 20 samfärdsel
398 933 6 20 i
426 933 112 20 framtiden
548 933 68 20 skulle
626 933 113 20 medföra”.
755 933 55 20 Ifrån
824 933 30 20 S:t

111 967 72 20 Michel
192 967 78 20 utföres
279 967 119 20 emellertid
409 969 56 18 utom
475 967 228 27 ladugårdsprodukter
712 967 39 20 och
759 967 94 26 spanmål

112 1001 25 20 ör
154 1001 130 21 närvarande
295 1001 65 20 också
372 1001 78 20 sådana
458 1008 68 18 varor,
540 1008 44 13 som
604 1002 73 19 kunna
692 1001 50 20 bära
760 1001 52 20 blott
828 1008 26 13 en

115 1035 26 28 åg
156 1035 204 27 transportkosinad,
377 1035 106 27 nemligen
499 1035 92 27 plankor
606 1036 39 19 och
661 1035 76 20 bräder
751 1035 54 20 ifrån
816 1035 37 20 Lä-

113 1069 77 20 säkoski
207 1070 43 27 såg.
280 1070 32 20 En
328 1076 69 14 annan
414 1070 44 27 såg,
474 1069 88 21 hvilken
579 1077 37 12 var
631 1070 76 26 anlagd
723 1070 34 19 vid
767 1069 35 20 det
810 1072 44 17 vat-

115 1105 78 26 endrag
216 1111 43 14 som
284 1105 66 19 kallas
372 1104 124 21 Sarvikoski
519 1104 79 21 drifves
615 1104 93 20 deremot
723 1104 47 20 icke
790 1111 64 18 mera,

116 1141 33 17 ust
171 1139 82 20 derföre
278 1141 29 18 att
330 1139 94 20 farleden
440 1142 24 17 är
479 1139 47 20 svår
542 1140 31 19 att
588 1138 103 27 begagna,
709 1145 46 13 men
771 1138 48 20 icke
834 1138 24 20 af

115 1173 43 19 ist
178 1173 26 26 på
224 1173 172 20 arbetsmaterial.
426 1173 41 20 Det
486 1175 23 18 är
525 1173 108 26 nemligen
649 1173 28 19 tio
693 1174 56 18 verst
764 1172 44 19 från
825 1172 30 20 S:t

116 1207 66 20 diehel
206 1207 31 20 till
260 1207 99 20 stranden
378 1207 24 20 af
414 1207 111 20 Puulavesi
542 1207 38 26 sjö,
599 1207 93 25 hvilken,
709 1213 43 13 som
769 1206 85 25 bekant,

117 1242 55 26 igger
188 1241 89 21 emellan
294 1241 30 20 S:t
339 1241 94 26 Michels,
454 1241 149 25 Hirvensalmi,
618 1240 73 20 Joutsa
706 1241 39 19 och
761 1240 93 26 Kangas-

117 1276 53 19 ilemi
193 1276 90 20 socknar
306 1278 54 18 samt
382 1277 115 24 emottager
518 1275 103 20 tillflöden
638 1274 52 20 ifrån
707 1274 94 27 Kyyvesi
817 1275 38 25 sjö,

118 1317 33 13 om
168 1311 86 26 nyligen
270 1310 111 20 förenades
397 1309 86 20 dermed
507 1315 77 21 genom
608 1315 26 14 en
654 1308 61 20 kanal
732 1308 38 20 och
786 1308 69 27 ligger

121 1345 76 19 mellan
213 1345 138 26 Haukivuori,
362 1343 141 26 Pieksämäki,
515 1342 151 27 Kangasniemi
677 1343 39 19 och
727 1342 30 20 S:t
769 1341 87 21 Michels

119 1378 85 20 ocknar.

176 1413 41 20 Det
231 1412 77 21 saknas
324 1412 65 21 också
404 1413 47 20 icke
467 1411 165 28 exportartiklat
647 1411 7 19 i
674 1410 104 27 skogarne
798 1411 57 20 inom

152 1449 60 19 Vällofi.
226 1448 139 21 horgareständets
375 1448 82 20 protokoll
468 1447 97 21 landtdagen
579 1447 48 16 1872.
800 1444 23 17 20
