1039 1692
193 115 38 31 386
488 119 41 17 Den
541 118 22 18 19
575 119 52 17 Mars.

244 178 54 20 Herr
313 178 161 21 Talmannen
497 177 99 27 föredrog
619 176 50 21 härå
688 183 25 13 en
734 176 23 20 af
770 176 96 21 Ståndets
882 176 40 19 En-

175 212 70 20 skilda
266 212 171 21 Besvärsutskott
459 212 31 19 till
513 211 87 21 Ståndet
623 210 76 21 aflåten
719 211 111 20 skrifvelse
849 210 23 20 af
885 210 37 20 föl-

172 246 65 26 jande
253 246 104 21 innehåll:

175 309 188 27 Borgareståndets
380 309 103 21 Enskilda

239 344 176 20 Besvärsutskott.

175 377 139 28 Helsingfors,
330 378 41 20 den
389 378 25 20 12
428 378 54 20 Mars

281 432 5 5 .
303 412 59 20 1872.

529 360 40 20 Till
585 360 113 27 Välloflige
713 360 183 27 Borgareständet.

246 475 34 20 Uti
297 477 30 18 ett
342 476 29 20 till
388 475 113 28 Välloflige
515 476 180 27 Borgareständet
709 476 89 26 ingifvet
815 476 108 26 petitions-

177 510 110 19 memorial
304 510 36 20 har
356 510 101 25 förmälts,
473 512 30 18 att
518 510 156 21 vattenständet
692 510 6 20 i
715 510 89 26 Saimen,
821 510 102 26 synnerli-

176 547 46 23 gast
238 544 7 20 i
261 544 27 20 de
303 544 66 20 smala
384 545 110 26 farvatten,
510 552 44 13 som
571 548 36 18 äro
624 545 90 27 belägna
729 545 75 19 mellan
818 544 106 20 Kallavesi

176 579 32 26 sjö
231 578 40 20 och
294 579 86 27 Taipale
404 579 69 26 kanal,
496 579 23 20 år
535 580 32 20 för
581 580 23 20 är
619 579 80 27 sjunkit
715 579 38 21 och
770 579 62 20 vållat
851 579 75 20 hinder

177 612 32 20 för
225 613 139 27 seglationen,
387 614 23 19 så
425 616 30 18 att
477 614 75 26 fartyg,
568 613 151 21 konstruerade
735 613 53 20 efter
804 614 70 20 Saima
889 613 35 20 ka-

177 647 45 19 nals
239 648 57 26 djup,
311 648 47 20 icke
375 647 71 21 kunna
461 650 48 18 utan
526 648 114 27 olägenhet
656 648 47 20 med
718 648 41 20 last
770 654 85 20 passera
866 648 60 20 dessa

178 682 111 20 farvatten.
320 682 44 20 Och
380 688 44 14 som
441 682 34 20 det
491 685 22 17 är
529 682 23 20 af
565 683 44 27 vigt
624 684 31 18 att
670 683 69 19 denna
754 682 65 20 farled
836 682 47 20 ieke
896 682 30 20 får

176 716 90 26 förfalla,
291 718 48 18 utan
364 716 126 27 tillbörligen
514 717 169 25 vidmakthälles,
699 718 54 19 samt
768 717 114 19 orsakerna
897 716 30 20 till

177 751 158 20 ofvannämnda
350 751 130 20 förhållande
495 752 74 20 endast
585 758 76 20 genom
678 757 124 21 noggranna
811 750 115 21 undersök-

178 786 76 26 ningar
277 785 23 20 af
320 785 132 27 sakkunnige
475 792 100 20 personer
598 786 71 20 kunna
692 785 89 26 utredas,
797 785 37 20 har
850 785 76 27 förslag

178 820 122 20 framställts
322 820 70 20 derom
416 822 30 18 att
467 820 113 26 Välloflige
603 820 177 26 Borgareståndet
805 820 68 20 skulle
888 819 38 20 hos

179 854 57 19 Hans
252 853 119 28 Kejserliga
386 854 97 25 Majestät
497 854 7 19 i
520 854 169 27 underdånighet
711 853 84 21 anhålla
810 861 33 13 om
860 854 65 20 vidta-

178 887 70 28 gande
271 888 23 19 af
307 888 63 20 sådan
394 888 73 27 åtgärd
487 890 30 18 att
535 889 158 20 ofvannämnda
707 889 73 25 farled,
796 889 52 19 efter
865 889 59 19 verk-

178 923 76 20 ställda
277 922 181 28 undersökningar
481 929 33 14 om
537 923 26 20 de
586 923 97 27 verkliga
703 923 113 20 orsakerne
839 923 29 20 till
885 923 40 20 den

178 957 112 20 anmärkta
305 957 188 26 omständigheten,
511 957 68 21 blefve
595 958 100 26 antingen
712 957 108 26 fördjupad
832 957 52 20 eller
894 961 31 16 sä-

178 991 102 20 kerställd
296 994 54 17 emot
368 991 70 20 vidare
454 992 168 27 uppgrundning.

247 1037 73 26 Enligt
341 1037 54 20 hvad
418 1037 29 20 uti
466 1038 191 26 protokollsutdrag
673 1038 45 19 från
735 1038 154 20 Presteståndet
905 1037 23 20 af

178 1071 42 20 den
235 1071 27 20 23
279 1071 95 20 sistlidne
389 1071 99 20 Februari
504 1072 183 27 tillkännagifvits,
704 1071 37 21 har
755 1073 55 19 inom
831 1071 96 21 bemälda

178 1105 65 20 Stånd
268 1105 87 27 petition
377 1105 68 21 blifvit
461 1106 113 21 framställd
591 1113 33 14 om
641 1107 107 26 reglering
763 1107 23 19 af
800 1106 125 21 vattenstån-

179 1140 35 19 det
233 1140 3 19 i
252 1136 139 24 Ämmäkoski
408 1140 41 21 fors
465 1141 56 20 invid
538 1141 105 20 Warkaus
659 1141 52 20 bruk
731 1141 39 20 och
788 1141 72 26 frågan
880 1141 45 20 här-

179 1180 33 14 om
232 1174 144 21 öfverlemnad
399 1175 29 19 till
445 1175 112 20 Allmänna
573 1175 198 20 Besvärsutskottet.
800 1175 76 20 Denna
891 1181 33 20 pe-

178 1208 61 20 tition
263 1209 97 19 omfattar
383 1215 79 14 samma
483 1212 68 23 ämne,
575 1216 44 13 som
643 1209 144 20 förstnämnda
802 1209 6 20 i
824 1209 101 27 Borgare-

178 1242 86 20 ståndet
286 1243 75 20 väckta
386 1244 94 26 petition,
496 1244 96 20 hvarföre
608 1243 102 21 Enskilda
728 1244 198 21 Besvärsutskottet,

178 1283 46 14 som
240 1277 6 19 i
264 1277 41 26 dag
321 1277 30 20 till
367 1277 158 28 handläggning
541 1279 91 20 förehaft
647 1279 94 24 ärendet,
753 1277 105 20 vördsamt
870 1277 56 20 hem-

178 1311 73 20 ställer
267 1311 102 20 huruvida
384 1312 48 20 icke
448 1313 116 20 detsamma
579 1313 71 19 kunde
669 1312 30 20 till
720 1311 147 27 nyssbemälda
883 1311 43 20 All-

179 1347 78 17 männa
282 1345 78 20 utskott
383 1347 122 26 remitteras,
530 1347 25 26 på
578 1347 36 20 det
637 1347 68 26 begge
732 1346 60 19 dessa
815 1346 111 26 petitioner

178 1379 56 26 finge
258 1379 137 21 tillsammans
418 1380 114 21 behandlas
548 1381 45 26 och,
617 1381 54 20 efter
687 1381 34 20 det
737 1380 63 26 nödig
816 1380 110 27 utredning
