1039 1692
426 128 40 18 Den
477 129 12 17 6
502 129 58 23 April.
810 129 34 18 489

120 186 72 20 landet
207 187 51 20 eller
274 187 152 20 fastställandet
442 188 23 18 af
477 187 69 20 denna
560 187 111 27 grundsats
688 187 65 20 borde
764 187 60 20 anstå
839 187 29 19 åt-

119 222 102 19 minstone
237 222 54 19 intill
310 222 47 20 dess
377 221 37 20 vår
434 222 213 26 rättegångsordning
666 222 7 19 i
689 222 32 19 sin
737 222 72 20 helhet
824 222 42 19 kan

120 255 64 20 blifva
206 256 86 20 föremål
313 256 32 20 för
368 262 25 14 en
416 256 129 20 omfattande
561 256 131 27 granskning
711 256 39 20 och
766 256 99 20 revision.

118 289 40 27 Jag
181 290 37 20 har
241 290 53 20 dock
318 290 110 26 ingenting
452 292 56 18 emot
523 292 29 18 att
568 291 55 19 hvad
641 290 52 20 1734
709 290 33 20 års
761 290 34 26 lag
810 290 7 20 i
833 290 35 20 det

119 324 108 20 afscendet
251 325 64 20 redan
338 324 74 26 bjuder
428 324 124 27 bibehålles,
568 324 67 21 såsom
651 327 30 18 ett
696 324 136 20 erkännande
848 324 22 20 af

119 358 127 20 svarandens
262 360 40 19 rätt
318 361 36 24 att,
370 362 37 16 när
426 360 40 19 han
483 359 35 20 det
533 359 84 27 önskar,
633 359 20 20 åt
669 360 32 26 sig
717 358 95 21 anskaffa
827 359 40 20 och

119 393 53 19 inför
188 393 115 21 domstolen
321 394 84 26 åtföljas
422 393 23 20 af
458 400 25 13 en
500 393 125 27 fullmäktig.
655 394 48 19 Men
720 394 102 20 utskottet
832 394 37 19 har

119 428 53 19 efter
194 428 41 19 min
255 428 132 27 uppfattning
403 428 73 20 uttalat
491 428 65 26 något
571 434 63 14 mera.
665 428 41 20 Det
721 428 37 19 har
777 428 89 20 visserli-

119 468 48 20 gen,
182 468 35 14 om
233 468 47 14 man
296 462 66 20 håller
378 462 32 26 sig
426 462 31 20 till
473 462 132 26 bokstafven,
621 462 74 20 endast
713 464 47 24 sagt
778 464 30 18 att
826 463 41 19 han

119 496 53 20 skall
196 499 47 24 taga
265 496 119 27 fullmäktig
407 496 47 20 med
477 496 42 27 sig;
543 497 38 19 och
602 496 75 20 bakom
695 497 61 19 dessa
772 496 36 20 ord
824 496 41 20 kan

119 538 55 18 man,
190 531 98 20 hållande
303 532 32 26 sig
350 532 30 19 till
398 531 226 26 bokstafstolkningen,
641 531 82 27 skydda
738 531 32 26 sig
788 530 32 20 för
831 537 35 13 an-

120 565 141 27 märkningar.
291 566 41 20 Det
354 568 22 17 är
399 566 67 19 kändt
485 567 30 18 att
533 566 7 18 i
556 566 26 20 de
599 566 70 26 gröfre
686 564 124 21 brottmålen
827 565 40 19 den

118 600 102 20 tilltalade
243 600 43 20 ofta
306 600 66 20 hålles
392 600 77 20 häktad
485 600 40 20 och
541 600 35 20 det
592 600 59 20 torde
668 600 19 26 ej
704 600 71 19 kunna
793 599 73 20 bestri-

119 634 36 20 das
171 636 30 18 att
221 634 65 20 behof
299 634 22 20 af
335 634 55 27 hjelp
406 635 5 19 i
428 634 138 26 rättegången
583 634 32 20 för
631 634 40 20 den
690 633 102 20 tilltalade
808 634 5 19 i
830 633 36 19 all-

120 668 84 20 mänhet
219 672 23 16 är
258 669 48 19 vida
322 671 65 17 större
403 669 6 19 i
426 670 29 18 ett
470 669 70 26 gröfre
557 668 96 20 brottmål
670 671 25 17 än
712 669 6 19 i
735 670 28 18 ett
780 667 86 20 mindre.

119 703 40 20 Det
174 710 63 19 synes
259 704 43 25 mig
325 702 82 21 derföre
430 703 47 20 icke
497 709 51 13 vara
562 702 159 27 lagstiftningen
741 702 84 26 värdigt
839 703 30 18 att

119 737 64 19 uttala
198 743 25 14 en
247 738 116 26 grundsats,
385 744 44 13 som
453 737 34 21 vid
503 737 161 27 tillämpningen
680 738 19 25 ej
716 737 95 19 kommer
827 737 40 19 den

119 772 31 19 till
173 772 62 26 godo,
258 778 44 14 som
325 775 23 16 är
364 774 52 17 mest
432 772 6 19 i
455 771 65 20 behof
534 772 65 24 deraf,
616 771 105 27 nemligen
737 772 6 18 i
761 771 56 20 detta
832 770 36 20 fall

119 806 40 19 den
176 812 42 14 som
235 809 23 17 är
273 806 88 20 tilltalad
378 806 31 20 för
424 806 56 26 groft
496 806 61 20 brott.
589 806 69 26 Tager
677 812 47 13 man
744 806 101 26 derjemte
861 806 6 20 i

119 840 138 20 betraktande
273 842 29 18 att
318 840 116 26 samhället,
450 841 27 25 pä
491 847 81 13 samma
587 840 55 27 gång
659 840 34 19 det
715 840 95 20 beröfvar
826 840 40 19 den

119 874 102 20 tilltalade
237 874 89 20 friheten
343 875 38 19 och
398 874 86 20 sälunda
500 876 64 18 sätter
580 874 75 20 honom
673 881 22 12 ur
711 873 60 21 ständ
782 876 30 17 att
823 874 43 19 vid-

120 910 48 25 taga
191 909 25 19 de
240 909 103 26 ätgärder,
364 915 43 14 som
424 909 32 19 för
471 909 51 19 hans
538 910 51 18 rätts
607 908 118 21 bevarande
744 911 36 16 äro
796 909 23 19 af
832 911 35 17 nö-

120 943 46 24 den,
190 943 81 20 ikläder
294 944 38 26 sig,
356 950 33 13 om
412 943 64 20 också
497 944 18 25 ej
533 949 25 13 en
575 943 130 26 skyldighet,
721 949 43 13 som
780 943 41 20 kan
839 945 29 18 ut-

119 979 88 25 tvingas,
231 977 22 20 sä
276 977 125 20 ätminstone
424 984 25 13 en
467 977 99 20 moralisk
583 977 52 26 pligt
649 979 30 18 att
696 977 130 20 beträffande
842 977 26 20 de

119 1011 129 27 rättsfrägor,
267 1019 43 13 som
326 1015 48 16 röra
394 1012 40 19 den
451 1012 98 25 häktade,
565 1011 159 20 tillhandahålla
740 1012 74 19 honom
831 1012 37 19 allt

120 1046 35 19 det
178 1046 82 20 biträde
282 1047 40 19 han
346 1046 102 20 behöfver
464 1046 38 20 och
519 1047 18 25 ej
554 1045 50 27 sjelf
616 1046 42 19 kan
674 1046 32 26 sig
724 1045 106 26 förskaffa,
846 1047 23 19 sä

120 1081 66 19 mäste
203 1087 47 13 man
266 1081 40 25 väl,
322 1087 33 14 om
372 1087 48 13 man
436 1087 65 20 egnar
516 1080 187 27 uppmärksamhet
718 1080 21 20 ät
757 1080 37 20 allt
812 1081 57 20 detta

121 1115 38 20 och
184 1115 116 20 bibehäller
323 1115 154 26 ordalydelsen,
501 1114 63 21 sädan
581 1115 100 19 utskottet
697 1115 107 26 föreslagit
820 1115 48 23 den,

124 1148 107 27 medgifva
253 1151 29 17 att
305 1155 25 14 en
354 1149 53 27 pligt
423 1149 98 26 inträder,
538 1155 49 14 vare
603 1149 32 26 sig
651 1149 64 20 sedan
731 1149 31 20 för
780 1149 90 20 domsto-

121 1183 34 19 len
170 1183 52 19 eller
237 1183 137 20 Guvernören
390 1183 52 20 eller
458 1183 39 20 den
515 1183 132 26 myndighet,
663 1189 44 14 som
724 1183 37 20 har
773 1183 49 21 värd
834 1191 33 13 om

120 1217 40 20 den
169 1217 98 26 häktade,
276 1219 30 18 att
313 1218 27 25 gä
353 1218 51 19 hans
412 1218 83 25 yttrade
507 1218 130 25 önskningar
645 1218 31 19 till
692 1219 65 18 mötes
777 1218 37 19 och
831 1225 35 12 an-

121 1250 67 21 skaffa
211 1253 76 18 honom
311 1254 29 17 ett
363 1252 81 27 dugligt
467 1252 38 19 och
525 1252 98 26 lämpligt
643 1252 89 24 biträde;
749 1258 47 13 men
812 1252 57 20 detta

121 1286 40 19 kan
178 1286 6 19 i
200 1288 40 17 rätt
256 1286 76 27 mänga
348 1286 35 19 fall
400 1286 64 19 blifva
479 1293 26 13 en
521 1286 83 25 verklig
620 1286 129 26 omöjlighet.
769 1286 35 20 Att
816 1293 52 13 sam-

121 1320 64 19 hället
208 1320 73 20 hittills
305 1320 129 20 beträffande
457 1320 92 20 häktade
571 1320 47 26 följt
638 1321 39 19 och
696 1320 89 19 erkännt
801 1321 69 20 denna

120 1355 110 26 grundsats
254 1354 91 27 framgår
369 1355 61 20 bland
447 1356 64 18 annat
526 1354 62 20 deraf
601 1357 30 17 att
645 1361 34 13 om
695 1361 25 12 en
739 1354 77 21 häktad
834 1362 34 13 an-

121 1389 65 20 mäler
203 1389 99 26 missnöje
318 1391 57 18 emot
390 1391 29 18 ett
434 1389 68 26 utslag
518 1389 52 20 eller
585 1389 36 19 vill
639 1388 64 27 klaga
721 1388 96 21 deröfver
840 1392 29 17 att

121 1429 24 13 en
162 1423 91 19 domstol
269 1423 34 20 vid
320 1423 155 26 behandlingen
492 1423 22 20 af
528 1425 30 18 ett
574 1423 40 20 mål
631 1423 101 20 åsidosatt
742 1423 70 26 något,
824 1430 44 14 som
