1039 1692
185 124 38 37 MA
478 132 40 18 Den
531 132 22 16 25
565 132 52 17 Mars.

238 189 69 21 Sedan
331 189 146 21 diskussionen
494 190 6 20 i
516 192 70 18 ämnet
607 189 112 21 förklarats
738 189 96 26 afslutad,
850 188 67 21 beslöt

168 224 96 23 Ständet,
280 224 52 20 efter
348 224 72 20 derom
440 224 23 19 af
479 224 53 20 Herr
551 224 158 20 Talmannen
729 224 59 26 gjord
807 223 109 20 framställ-

168 259 59 26 ning,
244 260 30 18 att
289 258 31 20 till
336 260 30 18 ett
381 258 61 20 hvart
457 258 22 20 af
493 258 70 26 Stats-,
579 259 127 19 Ekonomie-
722 258 39 20 och
777 258 139 20 Bankutskot-

169 295 36 18 ten
221 293 68 20 skulle
305 295 55 17 utses
376 300 26 13 en
418 293 117 26 suppleant,
553 293 72 20 hvilka
643 293 135 27 suppleanter
797 292 54 27 egde
874 293 42 19 fun-

169 334 52 20 gera
236 327 56 20 intill
308 328 47 19 dess
370 328 26 19 de
412 334 27 12 nu
455 327 140 21 fränvarande
610 328 163 25 suppleanterne
788 328 6 19 i
813 327 61 19 dessa
889 331 29 14 ut-

169 362 57 20 skott
242 362 121 24 ätervändt;
379 362 39 20 och
435 362 141 26 herättigades
599 362 102 25 derjemte
717 362 26 20 de
762 368 26 13 nu
807 361 111 20 tillstädes-

170 396 93 20 varande
279 396 134 20 elektorerne
428 398 36 24 att,
478 397 65 25 jemte
560 397 25 19 de
598 396 81 26 jemväl
699 396 129 20 närvarande
846 397 74 19 trenne

170 431 264 26 elektorssuppleanterne,
457 431 65 20 ehuru
545 430 116 28 utgörande
688 430 136 20 tillsammans
847 430 73 20 endast

170 465 84 26 fjorton,
270 465 115 20 verkställa
401 466 25 19 de
442 464 88 21 sälunda
545 465 96 21 beslutna
656 465 68 20 valen.

240 500 113 20 Sessionen
371 499 44 21 blef
429 499 50 20 härä
494 500 103 26 afbruten,
613 499 28 26 pä
656 500 35 19 det
706 501 30 18 ati
751 499 81 20 tillfälle
844 499 29 19 till
885 506 34 12 va-

171 535 45 19 lens
232 534 129 20 förrättande
377 534 68 20 skulle
467 534 80 20 lemnas
563 534 140 26 elektorerne,
726 534 72 20 hvilka
817 534 31 19 för
863 534 57 20 detta

171 568 98 21 ändamål
292 568 96 20 afträdde
404 568 6 20 i
426 570 30 18 ett
475 571 63 17 annat
556 575 45 13 rum
621 568 39 20 och
677 569 53 19 efter
745 574 26 14 en
787 568 61 20 stund
867 568 53 20 äter-

172 603 85 26 komna,
281 603 131 25 meddelade,
436 605 30 17 ait
488 603 60 20 valen
569 603 53 20 hade
638 603 77 19 utfallit
729 602 97 20 sälunda:
846 605 29 17 att
890 602 31 20 till

171 638 135 26 suppleanter
321 637 88 20 invalts:
429 638 3 18 i
448 637 113 20 Allmänna
573 638 191 19 Besvärsutskottet
775 638 75 19 Herrar
860 638 60 19 Jans-

172 678 37 14 son
226 672 39 20 och
288 672 111 24 Fabritius,
422 672 29 19 uti
473 672 222 20 Ekonomieutskottet
709 672 53 19 Herr
780 672 96 26 Jansson,
892 672 29 19 uti

172 706 160 20 Statsutskottet
353 706 53 20 Herr
428 706 113 20 Wendelin
565 709 53 17 samt
641 707 29 19 uti
689 706 162 20 Bankutskottet
869 706 53 20 Herr

171 741 134 26 Borgström;
329 741 39 19 och
392 740 69 20 blefvo
481 742 6 18 i
507 740 220 21 öfverensstämmelse
753 740 85 20 härmed
862 740 61 20 dessa

172 776 99 20 Ständets
295 775 137 20 medlemmar
454 782 28 13 nu
498 774 28 20 'af
547 775 88 20 Ständet
657 775 126 20 förordnade
802 776 31 18 att
851 774 72 20 ofvan-

176 810 92 20 nämnde
284 810 254 26 suppleantbefattningar
549 810 81 25 utöfva;
646 809 86 20 hvarom
744 810 18 25 ej
775 808 81 20 mindre
867 809 56 19 Med-

175 843 88 20 ständen
288 847 25 16 än
337 843 160 20 vederbörande
521 843 78 20 utskott
618 843 68 20 skulle
706 849 76 20 genom
799 843 123 26 protokolls-

175 878 74 26 utdrag
265 878 139 19 underrättas.
475 872 2 3 i

236 912 30 19 På
281 912 24 20 af
316 912 54 20 Herr
386 913 156 20 Talmannen
557 912 60 27 gjord
638 912 161 27 framställning,
818 912 106 20 meddela-

174 946 37 20 des
234 946 54 20 Herr
311 947 153 26 Neppenström
488 947 91 20 tillstånd
603 949 31 18 att
656 947 32 20 för
703 953 47 14 resa
765 947 31 19 till
814 947 109 19 hemorten

175 987 50 14 vara
240 981 141 20 frånvarande
396 981 31 20 till
444 981 39 20 den
500 983 11 24 5
528 981 175 20 nästkommande
718 981 66 26 April.

239 1015 171 20 Sammanträdet
424 1015 80 21 slutade
521 1015 28 20 kl.
568 1016 22 27 ,
607 1017 10 18 3
635 1022 18 13 e.
671 1023 26 12 m.

404 1189 119 30 Onsdagen
543 1189 41 23 den
605 1190 14 21 3
640 1189 62 31 April

177 1257 92 20 klockan
288 1257 22 19 11
328 1256 159 27 föremiddagen
504 1256 170 21 sammanträdde
685 1257 31 19 till
727 1257 83 26 plenum
827 1257 101 26 Borgare-

178 1291 94 20 ständets
288 1291 97 26 samtlige
402 1291 141 25 medlemmar,
561 1291 45 20 med
624 1291 109 26 undantag
744 1291 23 19 af
774 1291 78 19 Herrar
862 1291 66 20 Gran-

177 1328 64 17 ström
266 1325 39 20 och
328 1325 161 27 Neppenström,
512 1325 71 20 hvilka
606 1325 48 20 med
678 1325 97 20 Ständets
802 1325 126 26 begifvande

178 1366 50 14 voro
251 1359 46 20 frän
321 1361 58 18 orten
400 1360 108 26 bortresta,
528 1360 52 20 Herr
595 1360 128 27 Helsingius,
739 1367 44 13 som
799 1359 128 21 fortfarande

178 1400 35 14 var
229 1393 54 26 sjuk,
299 1394 78 19 Herrar
392 1395 79 20 Kurtén
487 1395 38 20 och
541 1395 105 26 Sopanen,
662 1395 32 19 för
709 1394 72 20 hvilka
798 1394 66 20 förfall
880 1395 48 19 icke

177 1428 69 20 blifvit
262 1428 100 26 anmäldt,
377 1431 54 18 samt
447 1429 52 20 Herr
514 1429 95 26 Masalin,
626 1435 45 14 som
688 1429 30 20 till
735 1428 50 27 följd
797 1428 22 20 af
828 1430 30 18 ett
868 1429 60 20 döds-
