1039 1692
434 142 41 18 Den
487 142 11 17 3
510 142 61 23 April.
821 142 35 18 459

129 200 39 19 den
184 199 83 28 Nådiga
283 200 165 27 propositionen,
466 200 66 27 enligt
547 201 46 20 mitt
608 201 103 26 omdöme,
727 201 6 19 i
749 207 80 14 samma
844 200 33 21 del

128 234 88 26 bifallas,
239 241 33 13 om
299 240 47 14 man
372 234 61 20 äfven
456 235 57 19 inom
533 236 32 26 sig
584 235 50 26 sjelf
651 235 66 20 måste
733 238 51 24 göra
800 242 26 12 en
842 241 35 14 an-

129 268 111 27 märkning
263 275 34 13 om
320 268 36 20 det
378 269 105 20 oväntade
499 270 36 25 uti,
551 271 30 18 att
598 270 135 26 Regeringen
749 269 48 21 icke
813 270 65 20 redan

130 302 33 20 vid
181 303 53 19 1867
250 302 33 20 års
298 302 102 28 landtdag
416 303 61 27 hade,
493 304 36 20 vid
541 304 110 26 förslagets
663 304 145 26 utarbetande,
819 304 61 20 tänkt

128 337 32 26 sig
175 337 35 20 det
225 337 42 27 fall,
284 343 44 14 som
345 344 27 13 nu
388 337 120 20 framkallat
519 338 160 27 ifrågavarande
689 338 131 27 proposition
832 338 46 26 och,

129 371 66 27 enligt
216 371 55 20 hvad
294 372 37 26 jag
352 372 67 26 vågar
434 374 38 24 tro,
487 372 35 27 låg
536 372 137 27 temmeligen
688 376 52 16 nära
755 372 30 20 till
804 373 74 20 hands.

128 406 40 20 Det
190 406 66 20 andra
278 408 115 18 momentet
415 406 29 20 uti
468 406 41 20 den
532 406 83 27 Nådiga
637 408 159 26 propositionen
815 414 63 20 synes

129 440 42 27 mig
187 440 64 20 också
266 440 119 27 oegentligt
400 440 39 20 och
456 441 86 20 besitter
557 440 48 21 icke
621 441 84 27 önsklig
724 441 111 27 tydlighet,
852 441 26 21 då

129 474 60 20 deraf
208 474 42 21 kan
274 476 75 26 dragas
372 476 41 19 den
432 476 90 26 slutsats,
541 478 30 17 att
587 475 35 20 det
637 475 67 21 skulle
723 476 114 20 ankomma
852 476 27 26 på

130 509 136 21 Guvernören
282 516 34 14 om
332 510 41 20 han
389 510 37 19 vill
442 510 79 26 bevilja
535 510 147 27 ansökningen
698 510 52 20 eller
760 510 54 26 icke,
826 510 51 20 hvil-

128 544 42 27 ket,
186 544 53 20 efter
254 544 55 20 hvad
322 545 38 26 jag
375 545 7 19 i
398 544 36 20 det
449 544 129 26 föregående
597 544 103 26 anmärkt,
723 544 76 20 strider
822 547 56 17 emot

129 579 74 26 sjelfva
218 578 188 28 näringsfrihetens
422 578 118 27 grundsats.
559 580 41 19 Det
615 579 142 20 förekommer
772 579 42 27 mig
829 579 49 20 slut-

128 613 56 27 ligen
208 613 68 21 såsom
300 620 25 13 en
349 613 51 20 brist
416 613 53 21 både
485 614 7 18 i
508 613 40 20 den
564 613 83 27 Nådiga
665 614 158 26 propositionen
839 613 39 20 och

129 648 110 20 utskottets
264 648 140 26 betänkande,
427 650 30 17 att
472 648 96 20 hvarken
584 648 133 26 Regeringen
733 648 50 20 eller
798 648 79 20 utskot-

129 684 29 18 tet
180 682 96 26 antyder,
298 682 53 20 huru
367 688 54 20 man,
444 682 51 26 ifall,
511 682 68 20 såsom
595 682 104 27 antagligt
713 685 30 23 är,
762 682 117 20 Ständerne

129 717 113 26 godkänna
257 717 165 27 propositionen,
439 716 38 21 bör
492 716 79 20 förfara
588 716 47 20 med
651 717 26 19 de
692 716 186 27 landthandlande,

129 752 73 20 hvilka
224 751 137 21 härförinnan
384 750 49 20 sökt
452 750 39 21 och
511 750 84 20 erhållit
609 750 99 20 tillåtelse
723 753 30 18 att
768 751 27 26 på
810 758 69 13 annan

129 788 32 18 ort
176 789 26 17 än
218 786 36 20 der
270 786 26 20 de
312 785 26 21 bo
354 786 40 20 och
409 785 51 20 idka
475 785 31 20 sin
525 785 159 20 hufvudrörelse
705 785 68 20 drifva
794 785 85 27 handel,

129 826 34 14 om
186 819 114 28 nemligen,
315 820 7 19 i
338 820 95 26 enlighet
456 820 47 20 med
527 820 40 20 den
594 819 108 21 blifvande
721 820 157 27 författningen,

131 854 61 27 afgift
207 854 31 19 till
252 854 83 21 kronan
351 854 54 20 skall
420 854 62 21 äfven
501 854 22 19 af
544 854 48 20 dem
613 854 102 27 erläggas,
732 855 64 19 ehuru
812 854 67 21 förbe-

129 889 42 20 håll
187 889 69 20 derom
273 889 48 20 icke
336 889 81 20 kunnat
432 889 50 26 ingå
497 889 7 19 i
520 889 40 19 den
576 889 47 19 dem
640 888 105 27 beviljade
760 889 119 20 tillåtelsen.

130 923 74 20 Denna
219 923 157 27 omständighet
391 923 71 20 kunde
478 923 34 19 väl
528 923 109 20 föranleda
652 923 31 19 till
693 922 127 27 återremiss,
832 931 46 13 men

131 957 32 26 då,
180 957 53 20 efter
248 957 56 21 hvad
317 958 37 27 jag
370 957 103 20 inhemtat
489 957 22 20 af
525 959 71 18 ortens
607 957 112 26 tidningar,
731 960 73 17 trenne
815 957 65 21 Stånd

129 992 65 20 redan
210 992 32 19 till
257 993 41 19 alla
314 992 58 20 delar
386 992 110 26 godkännt
511 991 112 21 utskottets
640 991 140 26 betänkande,
796 991 42 20 kan
853 999 27 13 en

129 1026 119 20 återremiss
263 1027 7 19 i
286 1027 74 26 antydt
375 1026 55 27 syfte
445 1026 48 21 icke
509 1026 109 20 föranleda
634 1026 30 19 till
680 1025 70 28 någon
769 1025 111 22 utskottets

130 1060 80 27 åtgärd,
226 1061 97 20 hvarföre
336 1061 37 26 jag
389 1060 64 20 afstår
468 1060 45 20 från
530 1060 115 27 påstående
664 1060 79 20 derom.
762 1060 40 27 Jag
812 1061 68 20 skulle

131 1095 71 26 också,
226 1095 44 20 dels
292 1095 28 26 på
342 1095 65 20 sådan
423 1095 68 26 grund
507 1095 44 20 dels
567 1095 48 20 med
631 1095 99 20 afseende
748 1095 13 20 &
776 1094 54 21 hvad
843 1096 38 26 jag

130 1129 64 20 redan
211 1130 70 20 anfört
295 1129 111 28 angående
421 1130 70 19 denna
506 1129 143 27 beskattning,
665 1129 96 26 afstyrka
779 1129 59 20 bifall
849 1130 31 19 till

132 1163 34 20 det
183 1164 65 20 under
264 1163 146 21 diskussionen
427 1164 76 20 väckta
518 1164 101 27 förslaget
639 1170 32 14 om
691 1164 98 20 ärendets
812 1165 67 20 öfver-

131 1198 112 21 lemnande
258 1199 31 19 till
305 1198 165 21 Statsutskottet.

198 1233 54 20 Herr
268 1233 124 26 Procopé:
408 1233 40 27 Jag
464 1233 84 20 förenar
564 1233 43 26 mig
622 1233 7 19 i
644 1233 41 20 allo
702 1239 33 13 om
751 1233 26 20 de
793 1232 23 20 af
828 1233 54 20 Herr

131 1267 109 20 Molander
262 1267 92 21 uttalade
376 1268 79 27 åsigter
479 1268 38 19 och
541 1268 74 26 tillägg
637 1267 32 20 till
687 1267 40 20 den
743 1267 22 20 af
782 1267 99 21 honom
869 1263 17 36 i

131 1302 88 20 ärendet
234 1302 80 27 afgifna
329 1303 129 20 reservation
474 1302 40 21 och
531 1302 36 20 vill
583 1302 7 19 i
605 1301 115 21 allmänhet
736 1303 94 26 motsäga
840 1302 41 20 den

132 1336 20 20 af
167 1337 54 20 Herr
236 1333 112 30 Öhrnberg
364 1337 92 20 uttalade
471 1337 90 26 princip,
577 1339 30 17 att
625 1335 183 28 Borgareståndet,
826 1343 56 14 eme-

133 1371 40 19 dan
190 1373 77 18 tvenne
283 1371 65 20 andra
364 1371 64 20 Stånd
445 1371 63 20 hafva
523 1371 81 27 antagit
624 1371 39 20 den
683 1370 84 27 Nådiga
788 1371 93 26 proposi-

134 1405 78 26 tionen,
229 1405 64 20 borde
309 1406 6 19 i
332 1412 80 13 samma
427 1406 55 26 syfte
497 1405 73 27 afgöra
589 1405 80 26 frågan.
699 1405 40 26 Jag
761 1411 61 14 anser
838 1406 44 20 der-

139 1441 56 18 emot
210 1441 30 18 att
255 1439 94 27 Ståndet,
366 1440 120 21 oberoende
502 1440 23 20 af
539 1440 35 20 det
589 1441 46 24 sätt,
651 1439 79 26 hvarpå
748 1438 73 27 frågan
838 1440 45 20 blif-
