1039 1692
421 132 41 18 Den
476 132 9 17 7
498 132 53 18 Mars.
809 133 32 17 285

118 191 6 19 i
141 192 41 19 den
198 191 34 20 del
254 191 65 26 deraf,
343 191 86 20 hvarom
453 198 27 12 nu
499 194 22 16 är
537 191 66 27 fråga,
623 191 122 27 egentligen
761 193 29 18 att
806 191 61 19 fram-

120 226 57 19 kalla
199 225 69 27 någon
292 226 55 26 slags
370 225 117 27 förklaring
507 225 110 27 angående
633 226 84 19 läkares
732 227 41 18 rätt
788 227 30 18 att
833 225 34 20 be-

119 260 67 20 räkna
200 260 100 26 tjensteår
316 259 65 21 under
403 266 58 13 resor
483 259 6 19 i
506 259 100 27 utlandet,
628 260 100 26 antingen
745 260 6 19 i
771 260 99 20 officiella

123 294 94 26 uppdrag
233 294 51 20 eller
300 294 31 20 för
346 293 98 21 enskilda
460 293 161 28 vetenskapliga
629 294 105 20 ändamål,

190 328 54 20 Herr
266 334 46 14 von
336 328 173 26 Zweygberg:
534 328 41 27 Jag
598 335 67 19 anser,
688 330 31 18 att
734 328 34 20 det
784 334 50 14 vore
850 328 22 20 af

108 380 3 3 .
121 364 52 18 stort
188 369 56 20 gagn
260 362 32 20 för
307 362 165 26 läkarekorpsen
489 362 40 20 och
545 363 82 20 landets
643 362 132 28 befolkning,
793 369 34 14 om
842 364 29 18 ett

121 396 76 21 sådant
211 397 134 26 stipendium,
360 404 45 13 som
421 404 28 12 nu
464 397 126 27 föreslagits,
606 397 70 21 blefve
696 395 100 22 utdeladt.
811 397 59 19 Dock

122 432 50 19 ville
185 432 37 26 jag
238 431 111 21 hemställa
363 432 31 19 till
410 432 93 26 Ståndet,
519 432 104 20 huruvida
638 433 25 25 ej,
679 432 43 20 ifall
738 432 133 26 regeringen,

123 472 43 14 som
190 472 49 20 eger
260 466 74 26 pröfva
349 472 33 14 om
399 465 112 27 tillgångar
527 466 67 20 finnas
610 466 31 20 för
657 466 126 26 ändamålet,
800 466 68 20 dertill

124 500 70 20 anslår
209 507 25 13 en
251 500 23 20 så
288 506 48 20 pass
352 502 42 18 stor
410 506 86 20 summa,
513 506 44 14 som
574 500 40 20 den
626 500 127 27 föreslagna,
769 500 57 20 detta
836 506 36 13 an-

125 535 45 27 slag
185 534 67 20 skulle
274 541 71 21 gagna
367 542 50 19 mer,
440 542 33 13 om
490 535 36 20 det
541 534 118 21 fördelades
674 535 28 26 på
718 534 35 20 två
770 534 102 27 praktise-

125 570 65 20 rande
205 569 79 26 läkare,
300 569 39 21 och
354 569 68 21 skulle
438 569 115 27 stipendiet
568 569 27 21 då
611 569 50 20 böra
676 569 107 21 betraktas
799 569 73 20 endast

126 604 68 20 såsom
211 605 29 19 ett
255 604 75 26 bidrag
345 604 31 19 till
392 604 26 20 de
434 604 106 20 ordinarie
555 603 123 27 inkomster,
694 610 45 14 som
755 604 40 20 den
818 605 55 17 utre-

127 638 65 20 sande
214 637 87 21 läkaren
324 638 58 26 finge
405 638 89 26 behålla,
517 639 66 19 ehuru
606 639 41 19 han
663 638 104 26 aflägsnar
782 638 32 26 sig
829 637 45 20 från

127 673 32 19 sin
175 672 180 27 verkningskrets.
372 672 119 26 Stipendiet
505 672 68 21 skulle
589 673 6 19 i
612 673 57 20 detta
684 672 36 20 fall
737 672 64 21 blifva
812 672 62 27 2,500

127 706 60 21 mark
209 707 31 19 för
262 707 110 25 hvardera,
395 707 87 20 hvilken
505 714 81 13 summa
602 714 41 20 nog
662 707 60 20 torde
739 706 50 21 böra
804 706 70 26 förslå,

127 742 39 20 och
182 740 27 28 på
224 740 57 21 detta
296 743 40 18 sätt
351 741 85 20 komme
452 743 29 18 ett
497 744 66 17 större
579 741 118 27 procenttal
712 742 24 19 af
753 741 100 20 läkarene
868 740 7 20 i

128 776 122 26 åtnjutande
265 776 23 19 af
301 776 120 26 stipendiet.

196 810 53 20 Herr
272 810 160 27 Tengström:
455 810 41 20 Det
517 812 23 18 är
563 810 75 20 blott
633 804 13 37 i
656 808 101 22 afseende
780 809 12 20 &
810 809 66 27 några

128 844 97 20 formella
247 843 169 28 betänkligheter
439 844 35 20 vid
503 843 162 28 ifrågavarande
690 843 186 26 petitionsförslag,

129 885 45 14 som
196 879 36 26 jag
254 879 74 26 begärt
351 879 65 20 ordet.
436 890 22 3 —
474 879 47 19 Den
542 879 65 20 första
622 881 28 23 är,
667 878 103 20 huruvida
785 878 35 20 det
835 877 42 20 kan

129 919 50 14 vara
194 913 94 26 lämpligt
303 914 30 19 att
348 913 7 20 i
370 913 41 20 den
427 913 146 26 underdäniga
588 899 95 44 petition,
698 919 45 13 som
759 912 53 21 efter
822 912 55 20 hvad

131 947 36 21 det
181 947 74 27 tyckes
270 947 96 20 kommer
381 949 31 18 att
426 947 24 20 af
462 946 180 27 Borgareståndet
649 948 93 25 antagas,
757 946 77 21 föreslå
850 947 29 19 ett

129 981 107 21 bestämdt
250 981 77 26 belopp
342 981 32 20 för
390 981 26 20 de
424 981 87 20 afsedda
521 981 202 25 reseunderstöden;
739 981 77 20 månne
830 979 48 21 icke

132 1015 123 27 lämpligare
278 1021 50 15 vore
351 1017 30 18 att
396 1015 53 20 blott
467 1015 128 26 petitionera
607 1022 32 13 om
649 1017 29 18 ett
696 1014 182 27 resestipendium,

131 1049 31 20 till
179 1049 83 27 belopp,
277 1056 45 13 som
338 1049 57 20 Hans
410 1049 119 27 Kejserliga
544 1049 97 27 Majestät
656 1049 50 26 sjelf
720 1049 49 20 ville
787 1049 7 19 i
813 1048 66 20 nåder

131 1084 122 21 bestämma.
283 1084 36 19 Ett
334 1084 74 26 anslag
423 1084 23 19 af
460 1084 61 26 5,000
539 1083 60 20 mark
615 1083 76 26 kunde,
706 1083 84 20 relativt
801 1083 31 19 till
844 1089 35 13 an-

133 1119 37 20 dra
184 1118 170 27 resestipendier,
370 1125 64 20 synas
450 1124 42 21 nog
507 1118 58 27 högt,
582 1117 73 27 tycker
669 1119 44 25 jag,
728 1117 39 20 och
782 1119 30 18 att
826 1117 54 20 före-

132 1152 30 20 slå
185 1153 57 19 detta
264 1152 69 20 såsom
356 1152 28 20 fix
406 1159 81 13 summa
510 1151 71 21 kunde
603 1152 48 20 leda
674 1152 31 19 till
721 1153 29 18 att
765 1151 116 27 petitionen

132 1187 48 20 icke
197 1186 89 27 bifölles,
301 1188 23 25 ty
340 1187 41 20 den
396 1193 46 13 som
458 1186 64 27 begär
538 1186 120 26 förmycket
673 1185 30 20 får
719 1186 44 19 ofta
779 1185 59 25 intet,
854 1196 26 4 —

133 1221 40 21 blir
196 1221 43 20 ofta
260 1222 50 19 utan
332 1221 36 20 det
390 1221 44 19 lilla
456 1220 42 20 han
514 1220 69 20 skulle
598 1220 44 26 fått,
665 1226 33 14 om
715 1219 40 20 han
771 1219 112 20 inskränkt

134 1255 32 27 sig
188 1255 32 20 till
235 1257 31 18 att
287 1254 48 21 icke
350 1256 78 19 utsätta
442 1254 65 27 något
522 1254 105 20 bestämdt
645 1254 84 26 belopp.
745 1265 21 3 —
784 1253 47 20 Den
847 1259 35 13 an-

135 1289 37 21 dra
186 1288 175 27 betänkligheten
384 1292 30 23 är,
434 1289 104 20 huruvida
561 1289 36 20 det
611 1291 22 17 är
649 1288 97 26 lämpligt
761 1289 29 18 att
806 1287 76 20 föreslå

135 1324 40 21 den
199 1323 130 27 myndighet,
352 1329 44 14 som
420 1323 53 20 skall
497 1323 72 20 utdela
589 1323 58 20 detta
661 1322 138 26 stipendium;
815 1321 68 20 bättre

135 1364 57 20 vore,
208 1357 65 27 enligt
288 1357 41 20 min
346 1357 72 26 tanke,
433 1359 31 18 att
483 1357 132 20 öfverlemna
636 1356 167 21 bestämmandet
825 1355 60 20 häraf

136 1393 21 19 åt
171 1392 57 20 Hans
250 1391 104 26 Majestät.
384 1392 40 26 Jag
446 1393 43 18 tror
512 1393 36 18 det
566 1394 23 17 är
607 1390 106 21 sannolikt
729 1391 29 19 att
773 1389 27 21 då
815 1389 69 20 skulle

136 1426 140 21 öfverlemnas
291 1425 21 21 åt
326 1425 120 28 Kejserliga
461 1425 91 21 Senaten
569 1427 30 18 att
614 1425 52 20 efter
681 1424 78 27 förslag
778 1424 51 20 eller
848 1423 36 20 hö-
