1039 1692
182 131 36 32 184
444 134 41 18 Den
498 134 21 17 23
533 134 94 18 Februari.

160 194 41 20 den
217 193 69 27 grund
299 194 38 25 jag
352 193 55 19 förut
422 192 44 20 ofta
482 194 77 18 nämnt.
591 188 104 24 Ärendets
711 192 152 26 beskaffenhet,
880 192 31 20 så-

161 234 44 13 som
226 227 112 27 åsyftande
358 227 76 19 allmän
453 226 52 20 eller
525 226 82 20 enskild
630 228 65 25 nytta,
714 229 23 17 är
752 226 106 28 nemligen
874 233 35 13 en-

161 262 39 26 ligt
223 262 43 19 min
290 261 64 20 tanke
374 261 64 27 något
456 260 69 20 alltför
545 261 115 20 sväfvande
681 261 39 19 och
740 260 124 25 obestämdt,
880 261 32 19 för

161 297 31 18 att
214 296 28 26 på
264 295 67 27 grund
356 295 60 20 deraf
436 295 72 19 kunna
530 294 73 27 afgöra
625 302 34 13 om
680 301 26 13 en
723 295 87 26 petition
827 296 37 19 bör
879 302 32 13 re-

162 330 94 19 mitteras
272 329 32 19 till
319 329 99 20 Enskildt
433 329 51 20 eller
501 329 93 19 Allmänt
610 330 85 19 utskott.

231 364 78 20 Herrar
324 364 153 20 Gummerus
493 363 38 19 och
547 364 116 20 Boström
679 363 101 20 förenade
791 364 32 26 sig
839 364 6 19 i
860 363 53 20 Herr

162 398 138 26 Tengströms
315 398 136 20 reservation.

231 432 55 20 Herr
301 432 160 20 Talmannen
482 432 98 26 föredrog
596 440 33 18 nu,
646 432 67 26 enligt
728 432 97 20 Ståndets
840 432 72 20 derom

162 466 56 20 förut
238 466 79 20 fattade
337 466 74 26 beslut,
431 467 5 19 i
457 468 30 18 ett
502 467 152 26 sammanhang
670 466 41 20 alla
727 466 30 20 till
773 467 6 19 i
796 466 40 27 dag
851 466 61 20 bord-

162 500 64 27 lagda
246 500 179 27 petitionsförslag
447 500 110 26 angående
574 500 264 27 jernvägsanläggningar,
857 506 56 14 nem-

163 535 58 26 ligen
237 536 24 24 a)
277 534 53 20 Herr
344 534 92 21 Kurténs
451 541 34 13 om
499 535 89 26 jernväg
604 535 46 20 från
666 534 130 21 Tavastehus
810 535 31 19 till
852 534 61 20 Tam-

165 569 95 26 merfors,
276 568 91 20 derifrån
384 569 30 19 till
430 570 71 26 Lappo
517 569 39 19 och
572 570 122 19 sedermera
708 570 27 25 på
753 576 40 13 ena
808 570 57 20 sidan
883 570 30 19 till

164 603 66 20 Wasa
250 603 40 20 och
310 603 27 26 på
357 603 40 20 den
414 604 65 19 andra
495 603 29 19 till
544 603 115 27 Uleåborg;
675 602 22 24 6)
713 603 77 20 Herrar
804 604 110 26 Höckerts,

163 637 123 20 Lindbloms
311 637 39 19 och
372 637 68 19 Julins
464 643 34 13 om
521 637 114 27 byggande
658 638 24 19 af
699 638 117 25 jernvägen
839 631 72 27 Åbo—

164 671 315 25 Tammerfors—Tavastehus;
497 673 19 22 c)
538 672 76 20 Herrar
637 672 105 26 Procopés
763 673 38 19 och
817 673 97 19 Hamma-

163 707 48 18 réns
232 712 35 13 om
288 706 110 20 utförande
416 706 23 19 af
456 706 166 26 jernvägslinien
647 706 268 20 Tavastehus—Tammer-

166 739 54 26 fors;
244 740 24 24 d)
288 740 54 20 Herr
361 740 120 20 Molanders
495 746 33 13 om
543 741 88 25 jernväg
647 740 32 20 till
695 740 130 28 Björneborg
841 742 6 19 i
862 748 53 13 sam-

163 774 108 26 manhang
287 774 46 20 med
349 774 65 20 linien
435 774 161 20 Tammerfors—
610 768 142 32 Åbo—Wasa,
768 776 39 19 och
822 777 20 23 e)
861 775 53 20 Herr

164 808 121 26 Nylanders
300 815 33 13 om
350 815 25 13 en
392 808 83 26 nordlig
495 808 118 21 stambanas
637 808 126 20 sträckande
786 809 45 20 från
854 810 60 19 Tam-

165 842 88 19 merfors
269 842 31 19 till
318 842 112 27 Uleäborg.

267 875 10 20 I
292 877 72 18 ämnet
378 876 84 26 yttrade
477 877 32 26 sig

232 910 54 20 Herr
302 910 167 27 Tengström:
485 910 28 20 På
529 911 40 20 den
585 911 76 26 grund,
677 913 30 17 att
723 911 77 27 förslag
811 918 34 13 om
857 912 56 25 jern-

165 946 65 24 vägar
248 947 38 16 äro
306 944 76 20 väckta
402 945 6 18 i
424 945 41 20 alla
485 945 46 26 fyra
546 945 101 26 Stånden,
663 945 88 20 föreslår
763 946 37 26 jag
816 948 29 17 att
860 946 53 20 före-

165 978 92 20 varande
277 979 179 26 petitionsförslag
477 979 116 20 remitteras
614 979 30 20 till
665 979 115 20 Allmänna
794 980 121 20 Besvärsut-

164 1011 86 26 skottet,
269 1019 48 12 men
342 1012 47 20 icke
412 1013 28 26 på
462 1013 40 19 den
519 1013 66 26 grund
605 1016 30 17 att
647 1015 116 25 jernvägar
778 1017 36 17 äro
829 1015 87 20 allmänt

165 1045 82 27 nyttiga
262 1046 32 19 för
310 1046 48 19 hela
372 1046 79 20 landet.

233 1080 55 20 Herr
303 1080 124 20 Höckert:
448 1081 40 26 Jag
503 1083 22 17 är
545 1081 24 20 af
581 1088 81 13 samma
677 1081 54 27 äsigt
747 1089 43 13 som
807 1083 39 20 den
866 1090 49 19 nyss

164 1113 128 20 framhällna
308 1115 39 19 och
363 1115 83 20 förenar
462 1115 42 26 mig
520 1115 83 21 derföre
619 1116 48 20 med
683 1116 54 20 Herr
755 1117 131 26 Tengström.

233 1148 54 20 Herr
302 1149 122 20 Masalin:
450 1149 40 26 Jag
515 1149 37 20 har
577 1150 40 20 fäst
643 1150 44 26 mig
709 1151 73 19 dervid
802 1153 30 18 att
852 1152 64 20 under

165 1182 70 20 denna
249 1182 103 27 landtdag
367 1183 36 20 två
418 1183 112 26 petitioner
542 1185 71 19 väckts
628 1185 6 19 i
651 1184 77 27 frågor,
744 1191 43 14 som
803 1188 47 17 röra
858 1186 56 25 jern-

164 1218 65 24 vägar
245 1216 33 20 till
293 1213 134 24 Österbotten
444 1217 39 20 och
499 1217 112 28 Uleåborg,
631 1218 116 20 afvikande
767 1219 45 20 från
828 1220 87 19 hvaran-

164 1249 38 20 dra
217 1249 53 27 deri,
285 1252 31 18 att
330 1251 41 19 den
387 1257 40 14 ena
443 1251 92 20 förordat
547 1253 90 26 jernväg
653 1252 46 20 frän
715 1253 62 20 södra
792 1253 122 20 stambanan

162 1289 78 20 genom
261 1284 143 21 Tammerfors
424 1286 39 19 och
481 1288 40 17 den
540 1287 65 19 andra
629 1289 82 24 vägens
733 1287 86 26 ledning
838 1294 76 20 genom

163 1319 57 18 östra
242 1317 63 21 delen
328 1319 22 19 af
370 1319 77 20 landet.
478 1320 39 19 Det
539 1323 23 16 är
580 1321 19 26 ej
620 1321 44 19 min
686 1321 84 26 mening
785 1323 29 17 att
831 1328 26 13 nu
873 1322 43 20 tala

164 1357 33 14 om
214 1351 41 20 den
272 1358 50 14 enas
338 1353 51 20 eller
404 1354 76 20 andras
497 1354 49 26 vigt,
563 1355 51 19 eller
630 1354 58 20 tiden
705 1357 37 16 när
758 1355 26 19 de
802 1355 66 20 skulle
884 1358 30 17 ut-

162 1385 62 20 föras.
255 1385 41 27 Jag
316 1387 94 20 önskade
433 1388 52 20 blott
507 1388 140 21 framkomma
671 1388 47 20 med
739 1395 26 13 en
782 1389 136 29 upplysning,

162 1425 44 14 som
228 1420 38 26 jag
286 1420 132 27 tillfälligtvis
439 1422 113 20 förvärfvat
575 1423 43 26 mig
638 1423 80 26 derom,
738 1424 31 18 att
786 1429 25 13 en
826 1424 90 27 jernväg
