1039 1692
418 122 40 18 Den
470 122 21 17 21
505 122 52 18 Mars.
804 123 34 18 395

112 179 36 19 vill
171 178 117 21 emellertid
311 180 71 20 lemna
404 180 39 20 den
467 180 65 20 saken
557 180 79 21 derhän
655 182 39 20 och
711 182 82 20 biträda
808 182 53 20 Herr

113 214 107 20 Gummeri
236 214 105 26 yttrande.

180 249 54 20 Herr
249 248 122 27 Procop6:
388 249 32 20 Dä
435 249 138 21 förevarande
588 250 78 20 ärende
682 250 67 27 gäller
764 257 25 13 en
804 252 56 25 prin-

113 284 41 26 eip,
170 284 52 20 eller
237 284 102 20 huruvida
353 284 178 26 Borgareständet
546 284 32 20 för
594 284 111 20 framtiden
717 284 53 21 skall
785 285 23 19 af
817 286 46 19 sina

113 318 97 20 enskilda
232 318 89 20 tillskott
343 318 92 20 bestrida
460 317 98 21 Ständets
582 318 91 27 utgifter,
697 318 68 21 skulle
778 320 37 26 jag
830 320 32 20 för

114 352 42 20 min
173 352 33 20 del
222 350 86 22 anhälla
322 354 30 18 att
368 352 20 20 fä
403 352 105 27 nedlägga
523 354 80 24 protest
618 354 57 19 emot
694 353 168 21 Statsutskottets

115 387 91 20 uttalade
229 387 61 27 äsigt,
314 389 30 17 att
358 387 48 20 icke
422 387 113 26 godkänna
551 387 26 20 de
593 386 121 22 kostnader,
730 394 45 14 som
790 390 36 18 äro
842 388 22 20 af

114 421 88 20 Ständet
225 421 107 20 bestämda
355 421 29 20 till
408 421 103 19 kansliets
530 421 116 20 underhäll.
677 422 72 26 Enligt
764 422 98 26 gällande

112 456 203 26 landtdagsordning
330 458 36 17 äro
382 455 97 20 Ständets
495 455 115 20 ledamöter
625 456 48 20 icke
689 456 129 26 berättigade
833 459 30 18 att

115 490 97 19 ähvälfva
228 490 45 19 sina
288 490 82 19 valmän
387 489 65 20 andra
468 489 85 27 utgifter
568 492 26 17 än
609 489 140 21 bekostandet
757 491 23 19 af
788 491 75 26 sjelfva

115 525 201 25 representationen,
339 524 39 20 och
401 530 33 14 om
458 524 158 20 Statsutskottet
634 524 47 20 icke
697 525 124 26 godkänner
836 526 26 20 de

114 558 120 26 kostnader,
250 565 44 13 som
310 558 24 20 af
346 558 88 20 Ständet
450 558 68 20 blifvit
533 558 122 26 fastställda,
667 559 66 20 mäste
745 560 61 20 dessa
816 560 45 20 der-

115 592 45 20 före
175 594 6 19 i
198 599 25 13 en
240 593 84 20 framtid
341 593 101 20 bestridas
458 593 23 20 af
498 595 204 24 representanterne.
732 594 41 26 Jag
795 594 67 20 skulle

115 628 33 19 vid
165 628 57 20 detta
245 627 130 21 förhällande
398 628 73 25 önska,
493 630 30 17 att
539 627 88 21 Ständet
642 628 49 20 ville
708 628 70 20 härom
799 629 64 19 uttala

115 663 39 26 sig,
166 662 27 26 pä
204 662 35 20 det
250 665 30 17 att
290 662 108 27 principen
415 662 68 20 härför
497 662 83 26 engång
596 662 63 20 måtte
674 662 66 20 blifva
755 663 108 20 fastställd.

182 696 53 20 Herr
251 696 159 21 Gummerus:
432 697 40 26 Jag
495 697 35 19 vill
547 697 6 19 i
570 696 115 27 anledning
707 697 23 19 af
743 698 53 19 Herr
814 698 47 20 Pro-

114 733 62 25 copés
198 732 99 25 yttrande
321 731 115 26 framhålla,
459 722 29 29 att
504 731 80 27 frågan,
607 731 69 20 såvidt
688 732 37 26 jag
742 732 40 20 kan
800 732 62 26 finna,

115 766 47 20 ieke
177 766 66 26 gäller
258 766 154 20 fastställandet
426 766 24 19 af
463 765 67 27 någon
547 765 110 27 principiel
678 767 117 25 grundsats,
815 769 48 17 utan

115 800 74 20 endast
204 802 30 18 att
249 800 31 20 för
296 800 69 20 denna
381 800 98 27 landtdag
495 800 66 20 ordna
579 802 30 17 ett
629 800 135 25 förhållande,
783 807 43 13 som
843 800 23 20 af

116 835 71 26 möjlig
210 834 200 27 ouppmärksamhet
432 834 44 19 från
499 834 98 20 Ständets
621 834 45 20 sida
681 834 109 21 kommit
781 830 14 35 i
807 836 57 20 detta

117 869 79 20 mindre
214 869 112 26 behagliga
341 869 95 20 stadium.
466 869 41 25 Jag
527 875 61 13 anser
606 870 30 17 att
652 869 62 26 detta,
731 871 47 18 utan
800 870 64 26 något

117 903 69 20 vidare
211 903 106 20 uttalande
332 903 6 19 i
355 905 76 23 ämnet,
455 903 69 19 kunde
547 903 156 20 åstadkommas
726 904 27 25 på
772 906 30 17 ett
816 907 47 24 sätt,

116 945 43 13 som
176 944 50 13 vore
242 938 47 19 fullt
303 937 200 26 tillfredsställande,
519 937 40 20 och
573 937 36 26 jag
626 937 37 20 ber
678 939 30 18 att
718 938 21 19 få
746 939 118 26 framhålla,

116 975 29 17 alt
160 973 35 20 det
218 974 46 24 sätt,
289 972 27 26 på
337 972 81 20 hvilket
433 972 65 20 saken
515 978 26 13 nu
559 972 96 19 kommer
670 973 29 18 att
718 973 82 25 ordnas,
816 973 47 20 icke

117 1007 62 20 målte
195 1013 61 14 anses
272 1007 67 20 såsom
356 1009 29 17 ett
400 1006 120 26 prejudikat
536 1006 31 19 för
583 1006 119 20 framtiden.

184 1041 53 20 Herr
252 1041 122 20 Jansson:
397 1041 40 26 Jag
458 1041 36 20 ber
509 1041 63 20 äfven
588 1043 30 17 att
634 1041 20 20 få
670 1041 65 20 uttala
750 1041 42 27 mig
808 1045 56 17 emot

116 1076 35 19 det
167 1075 33 20 vid
217 1078 29 17 ett
262 1075 128 26 föregående
406 1075 154 20 sammanträde
576 1075 75 26 gjorda
666 1075 106 27 förslaget,
786 1078 29 17 att
827 1076 37 20 hos

116 1109 157 20 Statsutskottet
295 1109 83 21 anhålla
401 1116 32 13 om
458 1109 72 27 anslag
553 1109 31 20 till
603 1109 128 27 antagandet
749 1109 22 20 af
785 1116 24 13 en
827 1110 36 20 ko-

117 1145 47 25 pist,
180 1144 81 20 hvilket
276 1144 48 20 icke
340 1151 49 14 vore
408 1144 64 27 något
487 1147 64 17 annat
566 1147 26 17 än
615 1146 31 17 att
668 1144 65 20 under
751 1151 25 13 en
795 1150 68 13 annan

118 1179 51 19 form
185 1179 76 26 förnya
283 1185 81 13 samma
386 1179 104 22 anhållan,
514 1185 43 13 som
581 1178 65 20 redan
667 1178 68 20 blifvit
749 1178 59 27 gjord
825 1179 39 19 och

117 1220 43 13 som
177 1213 158 20 Statsutskottet
350 1216 74 24 vägrat
438 1215 29 18 att
484 1213 77 20 bifalla.
591 1212 40 27 Jag
654 1219 61 14 anser
730 1215 30 18 att
777 1213 88 20 Ständet

117 1248 47 20 icke
179 1248 124 27 ytterligare
320 1248 37 19 bör
373 1249 76 18 utsätta
464 1248 31 25 sig
511 1247 32 20 för
558 1249 30 18 ett
603 1247 74 26 afslag.

185 1282 53 20 Herr
253 1281 145 28 Nylander:
413 1282 40 25 Jag
469 1281 35 20 vill
521 1281 54 20 fästa
590 1281 97 20 Ståndets
708 1281 156 27 uppmärksam-

119 1317 34 20 het
168 1317 71 26 derpå,
255 1319 30 18 att
298 1317 37 26 jag
350 1317 34 20 vid
401 1316 127 27 föregående
545 1316 86 26 plenum
647 1317 80 25 uppgaf
739 1316 68 20 såsom
819 1317 46 19 skäl

118 1351 31 20 för
172 1351 43 20 mitt
241 1351 127 20 omnämnda
390 1351 84 26 förslag,
490 1353 29 17 att
535 1350 98 20 Ståndets
648 1350 102 20 Enskilda
768 1351 96 20 Besvärs-

118 1386 78 20 utskott
218 1385 48 20 icke
288 1385 54 20 hade
367 1386 87 19 likasom
478 1385 157 20 Bondeståndet
660 1385 62 26 något
744 1385 74 27 anslag
834 1386 31 19 för

117 1419 93 21 kanslist.
242 1420 39 20 Det
304 1420 36 19 har
366 1420 104 26 nemligen
493 1420 100 25 inträffat,
612 1421 30 18 att
660 1419 156 20 Bondeständet
830 1427 35 20 ge-
