1039 1692
397 146 41 16 Den
452 145 21 17 15
486 145 94 17 Febrnari.
822 146 20 17 79

114 202 55 20 trakt
188 210 34 13 om
242 205 29 18 att
289 202 97 20 Ståndets
406 202 137 27 protokoller,
564 203 109 20 efterhand
689 210 45 13 som
751 204 26 20 de
792 204 74 20 aflem-

114 244 44 16 nas,
174 237 60 21 skola
250 236 84 28 tryckas
350 237 29 19 uti
396 244 25 12 en
438 236 132 26 fortlöpande
582 237 98 26 arkföljd.

184 272 44 19 Och
244 272 32 18 för
292 271 55 25 dem,
362 277 44 13 som
423 270 67 20 önska
506 277 149 19 prenumerera
670 272 27 26 på
713 278 25 14 en
755 272 64 20 sådan
836 272 28 20 ef-

113 305 87 20 terhand
210 304 148 20 utkommande
368 304 48 25 bok,
425 304 68 20 skulle
503 304 81 21 tillfälle
593 305 69 19 dertill
679 306 88 20 beredas
777 307 39 20 och
826 307 38 19 ark

114 339 53 19 efter
182 340 38 19 ark
236 339 88 20 sålunda
338 338 171 20 tillhandahållas
529 341 206 23 prenumeranterna.
752 340 40 20 För
807 340 59 20 Stån-

115 374 45 18 dets
180 373 116 20 ledamöter
314 372 68 20 skulle
402 373 35 19 det
453 375 48 17 utan
519 372 72 20 tvifvel
607 373 24 19 af
643 373 90 27 mången
749 374 117 26 anledning

115 414 50 13 vara
180 407 22 19 af
215 414 56 20 gagn
287 408 30 18 att
331 406 66 20 under
410 407 73 25 loppet
499 406 23 20 af
534 406 128 27 landtdagen
681 407 71 20 kunna
767 408 99 26 rådfråga

115 441 133 26 protokollet,
270 443 48 17 utan
338 442 30 18 att
388 440 81 20 derföre
490 440 59 20 alltid
571 441 90 20 behöfva
681 442 65 19 anlita
761 442 34 20 det
811 443 55 19 enda

118 475 108 25 exemplar
242 474 64 26 deraf,
323 480 43 14 som
386 475 33 19 vid
432 474 93 20 kansliet
537 475 65 19 finnes
613 477 30 17 att
652 475 66 27 tillgå.
733 475 41 21 Till
785 477 32 19 sin
831 477 35 19 idé

116 508 59 20 torde
197 509 100 26 förslaget
316 508 126 20 åtminstone
462 508 49 20 icke
531 509 82 20 derföre
633 516 51 13 vara
703 509 120 28 förkastligt
838 513 30 17 att

117 542 36 20 det
167 542 27 26 på
209 543 36 19 det
260 544 104 18 närmaste
380 543 176 26 sammanhänger
572 544 47 19 med
636 544 35 19 det
686 544 182 20 konstitutionella

117 576 69 20 lifvets
202 577 99 25 väsende,
316 579 30 17 att
366 576 142 20 allmänheten
529 576 65 21 också
614 577 33 20 må
661 578 72 20 kunna
749 578 50 26 följa
818 579 49 19 med

115 611 197 27 förhandlingarnas
328 610 56 27 gång
400 611 34 19 vid
450 611 136 26 landtdagen,
603 612 81 20 hvilket
699 612 75 20 endast
788 620 77 19 genom

117 644 61 20 korta
195 645 102 20 referater
312 645 18 26 ej
347 647 22 17 är
385 645 88 26 möjligt.
499 645 110 21 Dessutom
626 652 23 14 se
665 646 19 19 vi
700 648 30 18 att
749 646 118 21 Ständerne

118 686 76 19 genom
214 679 66 20 skedd
302 678 131 27 publikation
454 679 23 19 af
490 679 89 27 tidigare
595 680 273 28 landtdagsförhandlingar

118 713 54 20 förut
188 713 82 20 bevisat
284 713 32 27 sig
332 713 58 26 hylla
405 714 40 19 den
462 715 77 24 satsen,
555 716 30 17 att
600 714 25 19 de
641 714 165 27 förhandlingar,
822 721 45 14 som

119 748 34 19 vid
170 748 127 26 landtdagen
317 750 41 24 äga
374 754 52 19 rum,
442 748 48 19 icke
510 747 33 20 må
559 747 53 21 blott
628 748 87 20 bevaras
731 748 5 19 i
753 751 30 17 ett
800 749 67 26 arkiv,

118 784 48 18 utan
182 782 51 27 ingå
248 782 6 19 i
270 782 82 20 landets
368 782 101 26 politiska
483 782 102 20 literatur.
601 782 60 20 Hvad
677 782 32 20 för
724 782 63 28 öfrigt
802 784 66 19 detal-

115 817 62 25 jerna
196 817 35 19 vid
250 816 36 20 det
305 816 109 26 praktiska
431 816 119 20 utförandet
565 816 124 26 vikommer,
705 817 23 19 så
743 817 74 19 tänker
830 818 38 25 jag

119 850 41 25 mig
176 852 36 23 att,
228 850 61 19 äfven
301 856 32 13 om
350 849 87 21 Ståndet
452 849 125 27 godkänner
590 850 107 26 förslaget,
709 850 35 19 det
755 851 18 25 ej
785 851 83 19 direkte

118 884 67 19 skulle
200 884 51 26 ingå
265 884 6 19 i
287 884 125 26 uppgörelse
432 884 81 19 härom.
532 883 75 27 Någon
623 891 69 12 annan
709 884 110 20 redaktion
836 891 31 14 er-

119 918 80 19 fordras
215 918 31 19 för
261 918 64 26 öfrigt
338 918 27 25 ej,
382 921 26 16 än
424 919 30 18 att
469 918 24 19 af
501 918 72 25 hvarje
589 918 104 26 protokoll
715 920 30 17 ett
759 919 109 25 exemplar

118 952 112 19 afskrifves
246 952 39 19 och
301 951 139 20 öfverlemnas
452 952 30 19 till
495 952 36 19 det
541 952 100 26 tryckeri,
657 959 44 12 som
718 952 107 20 förbinder
836 953 32 26 sig

119 988 36 23 att,
172 987 67 24 jemte
259 986 88 26 behörig
362 985 204 27 korrekturläsning,
582 986 62 19 äfven
660 986 118 25 ombesörja
797 986 71 26 tryck-

119 1021 84 25 ningen.

187 1055 53 19 Herr
251 1055 97 26 Sjöros:
364 1053 40 28 Jag
420 1054 67 20 skulle
504 1054 26 19 be
545 1055 30 19 att
586 1054 21 20 få
619 1054 92 26 tillfråga
721 1054 54 19 Herr
785 1054 83 20 Meche-

118 1089 29 20 lin
167 1089 7 19 i
194 1089 82 19 hvilket
294 1087 132 21 förhållande
446 1088 40 19 han
508 1087 59 20 tänkt
587 1089 32 25 sig
636 1088 68 19 denna
725 1088 37 19 sak
783 1088 31 19 till
834 1088 36 20 det

120 1123 121 26 stadgande,
258 1129 43 13 som
318 1122 66 19 finnes
399 1123 7 18 i
423 1122 238 26 landtdagsordningen,
676 1124 30 17 att
717 1122 151 26 landtdagsför-

119 1157 155 24 handlingarna
288 1156 39 20 och
343 1156 123 20 Utskottens
478 1156 149 20 betänkanden
643 1156 60 20 skola
713 1155 31 20 till
756 1156 113 27 tryckning

120 1190 114 20 befordras.
255 1190 72 20 Skulle
342 1192 30 17 ett
386 1191 76 19 sådant
476 1190 42 20 mål
529 1190 86 26 åsyftas,
631 1192 30 18 att
676 1190 70 19 denna
756 1190 113 27 tryckning

122 1224 68 20 blefve
206 1224 85 27 onödig,
308 1224 22 19 så
346 1224 48 20 ville
408 1225 38 26 jag
461 1224 27 27 på
503 1224 36 20 det
555 1226 104 18 varmaste
674 1224 85 19 förorda
769 1226 100 24 antagan-

121 1259 35 19 det
170 1259 24 19 af
206 1259 53 20 Herr
274 1258 115 20 Mechelins
408 1259 84 26 förslag.
516 1259 57 19 Vore
588 1259 44 20 åter
649 1258 112 26 meningen
777 1259 47 25 den,
841 1261 30 17 att

121 1293 69 19 denna
214 1293 131 26 publikation
366 1292 68 20 skulle
454 1292 95 27 försiggå
571 1293 115 25 efterhand,
705 1292 39 20 och
765 1293 104 20 dessutom

120 1327 308 26 Landtdagsförhandlingarna
449 1327 86 26 tryckas
554 1327 27 25 på
600 1327 83 20 Statens
699 1325 123 27 bekostnad,
838 1326 23 19 så

122 1361 108 20 medförde
246 1361 58 20 detta
319 1361 113 27 onekligen
448 1367 26 14 en
491 1361 77 20 dubbel
585 1361 39 20 och
640 1361 6 19 i
663 1361 76 20 sakens
750 1361 120 20 nuvarande

122 1394 59 20 skiek
198 1395 79 26 onödig
293 1394 95 21 kostnad.
