1039 1692
205 157 32 17 194
467 155 39 17 Den
521 155 21 17 27
557 155 93 17 Februari.

184 215 36 19 det
235 214 48 20 dess
306 213 97 27 samtlige
426 212 144 26 medlemmar,
590 214 57 18 utom
668 212 53 19 Herr
737 211 134 25 Hammarén,
890 217 44 13 som

185 248 47 20 med
249 248 98 20 Ständets
362 247 110 27 samtycke
489 253 36 13 var
541 246 146 20 frånvarande.

254 282 42 20 Till
309 282 104 26 justering
429 282 106 25 upplästes
552 281 74 26 utdrag
642 287 23 13 ur
681 279 189 27 Borgareståndets
890 285 46 19 pro-

186 316 66 20 tokoll
268 316 32 20 för
316 316 40 19 den
374 316 25 19 15
416 316 39 19 och
471 316 26 19 23
514 315 6 19 i
537 315 69 19 denne
622 314 84 25 månad,
722 314 29 19 uti
767 314 27 20 då
811 313 126 20 förevordna

186 350 97 20 ärender.

255 384 118 26 Föredrogs
385 383 40 20 den
437 383 30 19 till
479 383 6 19 i
501 383 40 26 dag
552 382 117 27 bordlagda
678 382 83 26 Nådiga
772 382 166 26 propositionen,

186 417 112 27 angående
314 417 116 26 utgörande
446 416 22 20 af
485 417 117 26 bevillning
621 417 32 19 för
680 416 53 20 1873
754 416 39 20 och
818 414 120 27 påföljande

186 451 32 25 år;
242 452 39 19 och
302 451 77 20 beslöts
398 453 30 17 att
446 451 108 19 remittera
577 452 40 19 den
639 457 81 13 samma
739 450 30 20 till
786 449 116 27 beredning
918 450 23 18 af

187 485 243 27 Bevillningsutskottet.

256 520 78 19 Vidare
354 519 110 26 föredrogs
481 519 80 26 jemväl
581 519 116 25 bordlagda
715 518 83 27 Nådiga
813 518 124 26 propositio-

189 560 41 13 nen
247 560 33 13 om
304 554 116 19 anvisande
443 552 23 20 af
486 553 73 26 anslag
577 554 32 19 till
625 553 114 19 understöd
755 553 32 19 för
802 552 26 20 de
844 552 93 20 kommu-

189 594 37 13 ner
242 588 6 18 i
265 587 78 26 landet,
366 587 74 20 hvilka
462 589 36 17 äro
522 587 46 20 med
588 588 145 25 inqvartering
752 587 23 19 af
788 589 84 23 trupper
888 586 51 20 eller

190 621 91 20 militära
296 622 140 25 inrättningar
452 621 81 19 svårast
549 622 127 26 betungade.

257 655 10 19 I
283 655 115 26 anledning
421 655 60 20 häraf
501 656 83 25 yttrade
607 656 32 26 sig
663 655 161 20 nedannämnde
843 654 97 20 Ständets

191 689 138 20 medlemmar
345 689 27 26 på
387 691 41 18 sätt
443 695 44 13 som
507 690 70 25 följer:

259 722 54 21 Herr
329 723 126 19 Boström:
477 724 9 18 I
507 724 152 25 sammanhang
682 724 85 19 härmed
789 723 36 19 vill
838 723 37 26 jag
891 728 50 20 upp-

191 757 52 25 lysa,
266 759 30 17 att
320 757 40 19 den
376 759 38 23 ort,
430 764 44 12 som
492 758 37 26 jag
544 759 164 25 representerar,
724 757 51 20 eller
790 757 83 20 'Torneå
888 756 52 26 stad,

190 794 23 16 är
228 791 82 20 befriad
327 791 45 19 från
387 792 158 26 ingvartering
538 787 13 35 ;
561 792 39 20 och
616 791 69 20 skulle
700 792 44 26 jag,
761 792 66 25 jemte
842 791 97 20 anhållan

191 827 30 17 att
244 825 90 20 Ståndet
356 825 50 20 ville
429 825 52 20 fästa
501 826 100 25 tillbörlig
617 825 187 26 uppmärksamhet
820 825 79 24 dervid,
916 824 26 26 pä

192 859 65 20 sådan
274 859 67 26 grund
360 859 56 26 yrka
434 861 30 18 att
484 859 73 20 staden
577 860 18 25 ej
613 859 67 20 heller
697 859 112 20 framdeles
827 859 63 20 måtte
908 859 33 19 be-

192 895 76 24 tungas
284 894 47 19 med
350 893 284 26 inqvarteringsskyldighet.

261 927 53 20 Herr
329 928 143 19 Mechelin:
495 928 40 26 Jag
555 927 96 21 anhåller
670 927 21 20 få
710 927 78 20 föreslå
802 929 31 18 att
848 927 92 26 proposi-

192 961 72 20 tionen
288 961 111 27 angående
422 962 143 26 inqvartering
590 962 119 19 remitteras
732 961 31 20 till
778 961 164 25 Statsutskottet,

193 995 90 20 emedan
304 996 122 19 densamma
444 997 19 24 ej
480 996 66 27 gäller
561 996 86 27 frågans
662 995 140 20 ekonomiska
817 995 125 26 anordning,

194 1031 48 18 utan
262 1036 26 13 en
309 1030 96 19 finansiel
424 1030 65 26 fråga,
509 1037 26 13 en
551 1030 58 27 fråga
625 1037 34 13 om
677 1030 73 26 bidrag
766 1030 22 19 af
802 1029 140 20 Statsverkets

192 1063 121 26 tillgångar.

262 1098 54 20 Herr
338 1098 126 26 Procopé:
487 1099 40 26 Jag
549 1099 68 20 skulle
633 1099 68 19 önska
715 1100 31 18 att
761 1099 36 19 det
812 1097 85 26 utskott,
913 1097 31 20 dit

192 1132 75 26 frågan
285 1133 39 19 blir
339 1132 128 26 remitterad,
483 1133 50 20 ville
553 1133 53 20 fästa
625 1132 186 27 uppmärksamhet
827 1131 71 26 derpå,
914 1132 30 18 att

194 1166 144 20 Tammerfors
353 1167 52 25 stad,
422 1173 43 13 som
479 1167 36 26 jag
531 1169 163 24 representerar,
713 1169 23 16 är
756 1166 80 20 befriad
852 1166 44 19 från
913 1166 29 19 in-

193 1201 213 26 qvarteringstungan
423 1201 54 19 ända
493 1201 30 20 till
539 1201 23 19 år
579 1201 60 20 1906.

262 1235 54 20 Herr
338 1235 137 25 Nylander
497 1235 70 20 anhöll
591 1238 30 17 att
643 1235 22 20 få
685 1235 74 20 förena
778 1235 31 26 sig
826 1235 45 19 med
890 1234 54 19 Herr

194 1268 105 20 Mechelin
316 1269 5 19 i
337 1269 97 26 yrkande
450 1269 27 25 på
492 1270 169 25 propositionens
677 1269 150 20 remitterande
838 1269 31 19 till
880 1269 64 20 Stats-

194 1302 108 21 utskottet.

263 1337 53 20 Herr
339 1337 168 26 Tengström:
530 1337 31 19 Då
584 1337 159 26 propositionen
768 1337 124 26 innehåller,
915 1339 30 18 att

195 1371 165 20 militiefondens
380 1371 111 27 tillgångar
509 1371 48 20 icke
577 1371 68 20 skulle
661 1374 58 24 tagas
734 1371 6 20 i
757 1371 89 26 anspråk
862 1372 32 19 för
910 1371 35 20 det

194 1405 98 20 ändamål
309 1406 156 25 propositionen
481 1406 85 26 åsyftar,
582 1408 48 17 utan
648 1408 30 17 att
693 1413 26 12 en
735 1412 81 13 summa
833 1406 23 19 af
869 1406 74 19 åtmin-

194 1441 61 17 stone
278 1439 90 26 200,000
392 1439 58 20 mark
474 1439 79 27 årligen
577 1440 69 20 skulle
667 1440 84 20 anvisas
769 1447 23 12 ur
808 1439 136 26 bevillnings-
