1039 1692
425 135 41 17 Den
478 135 11 17 6
501 135 60 23 April.
811 134 33 18 475

120 193 48 26 kan,
184 192 30 21 till
230 193 81 20 hvilket
333 192 80 20 utskott
433 193 70 20 denna
521 193 130 27 proposition
667 192 66 21 borde
750 192 120 26 lämpligast

119 228 123 19 remitteras.
272 227 157 20 Presteståndet
444 227 44 26 har,
504 228 54 19 efter
574 227 54 19 hvad
643 228 38 25 jag
696 229 43 18 tror
756 226 43 27 mig
814 228 54 22 veta,

121 262 116 19 remitterat
251 261 73 27 frågan
334 262 30 19 till
376 261 155 21 Sammansatta
543 262 128 20 Ekonomie-
680 262 38 19 och
731 260 139 27 Bevillnings-

119 295 107 26 utskottet,
248 296 82 20 hvilket
344 296 6 20 i
366 296 76 26 sjelfva
464 296 74 20 verket
561 296 36 20 har
621 296 31 19 för
668 296 32 26 sig
716 296 35 19 det
771 294 51 26 skäl,
838 296 30 18 att

119 330 36 19 det
170 330 36 20 här
222 330 66 25 gäller
303 332 30 18 att
348 330 71 20 lemna
435 330 134 20 betänkande
585 330 48 20 icke
648 330 90 20 allenast
753 328 58 21 öfver
826 328 40 20 den

118 363 140 21 ekonomiska
279 364 63 20 delen
364 365 23 20 af
404 364 109 27 förslaget,
533 367 50 17 utan
601 364 63 20 äfven
680 363 102 21 huruvida
796 362 72 20 landet

119 398 53 20 skall
188 398 31 20 för
234 398 74 27 längre
324 399 29 20 tid
369 402 26 17 än
412 399 74 19 hittills
501 399 58 20 skett
573 399 62 26 åtaga
650 398 32 27 sig
693 398 40 20 den
746 397 122 25 bevillning,

118 432 41 20 den
182 432 62 26 skatt,
267 438 45 14 som
328 433 32 19 för
378 433 88 20 bränvin
483 434 90 26 utgöres.
603 432 33 20 Då
651 432 117 20 emellertid
788 431 79 19 författ-

118 466 173 27 ningsförslagets
314 467 98 26 samtliga
433 468 122 26 paragrafer
578 470 35 17 äro
636 467 23 19 af
678 469 48 17 rent
743 465 123 21 ekonomisk

117 503 67 23 natur,
199 500 23 20 så
238 500 36 20 ber
286 502 37 26 jag
338 504 30 17 att
383 501 21 20 få
418 501 32 20 för
466 502 41 19 min
524 502 34 20 del
575 501 82 24 föreslå,
673 501 36 20 det
719 500 72 27 frågan
804 500 63 19 måtte

118 535 31 19 till
163 535 222 21 Ekonomieutskottet
399 536 125 26 remitteras,
541 535 54 21 dock
611 536 94 25 sålunda,
721 537 30 18 att
763 534 103 20 slutdelen

118 569 23 20 af
154 569 242 27 författningsförslaget,
413 570 87 20 hvilken
517 570 64 20 också
595 570 7 19 i
621 570 109 26 ingressen
750 572 23 17 är
794 568 74 26 antydt

119 604 67 20 såsom
202 603 108 21 blifvande
325 604 89 20 föremål
430 604 32 20 för
477 611 26 13 en
519 604 89 20 särskild
624 604 130 26 förordning,
771 603 38 19 och
822 608 44 14 som

119 638 118 20 innehåller
252 639 78 26 förslag
346 639 31 19 till
393 638 120 28 fördelning
529 639 22 20 af
567 639 26 19 de
612 645 76 20 genom
712 637 154 21 bränvinsskat-

119 674 34 18 ten
176 672 118 28 inflytande
318 673 75 26 medel,
417 673 64 20 måtte
497 674 140 20 öfverlemnas
653 673 30 19 till
700 671 168 22 Statsutskottets

117 707 165 27 handläggning.
312 708 38 20 Att
365 707 49 21 med
429 708 115 27 anledning
559 708 23 20 af
600 707 83 27 frågans
702 706 117 21 finansiella
834 705 33 20 del

119 742 105 20 remittera
239 742 89 20 ärendet
350 742 31 20 till
404 741 153 21 Sammansatta
579 740 65 22 Stats-
663 742 39 19 och
718 740 149 21 Ekonomieut-

118 775 79 21 skottet
211 776 38 20 har
264 776 36 20 det
314 778 57 18 emot
386 776 38 26 sig,
440 778 28 17 att
491 776 158 20 Statsutskottet
669 776 52 20 eller
743 782 25 13 en
785 774 83 26 delega-

120 810 42 20 tion
186 810 62 20 deraf
263 810 88 20 sälunda
369 810 68 20 skulle
457 810 86 20 komma
557 812 30 18 att
602 810 85 26 deltaga
701 810 29 20 uti
746 809 122 21 behandlin-

119 850 40 20 gen
176 844 23 20 af
211 844 43 20 alla
268 845 26 19 de
310 845 98 20 nittionio
424 845 127 26 paragrafer,
568 844 23 20 af
605 844 72 20 hvilka
692 843 175 27 författningsför-

118 879 68 26 slaget
201 878 69 20 består
286 879 39 20 och
340 885 45 14 som
401 879 48 20 icke
465 882 36 17 äro
517 879 23 20 af
557 879 96 20 finansiel
669 881 66 18 natur.
766 878 40 19 Det
826 879 40 18 tor-

119 912 26 20 de
168 913 61 19 äfven
249 920 24 12 ur
288 913 95 26 praktisk
400 913 107 26 synpunkt
522 913 21 20 fä
558 913 119 26 anmärkas,
692 916 30 17 att
740 912 128 21 Ekonomie-

119 946 101 21 utskottet
235 947 19 26 ej
270 947 38 20 har
324 948 71 19 vidare
407 947 94 20 särdeles
512 948 77 27 mänga
600 947 89 20 ärender
699 949 30 18 ait
742 947 126 26 handlägga,

119 980 26 20 dä
160 981 95 20 deremot
270 981 158 21 Statsutskottet
443 985 55 16 ännu
515 983 38 19 har
569 988 25 14 en
611 982 53 27 dryg
681 982 33 20 del
725 981 71 21 arbete
810 987 58 20 gvar,

119 1015 39 20 och
181 1014 27 21 dä
230 1015 159 21 Statsutskottet
412 1016 48 20 icke
480 1016 49 27 kan,
549 1017 62 19 äfven
627 1022 76 21 genom
720 1018 30 18 att
765 1015 103 26 deltaga
855 1010 16 37 i

118 1049 147 20 diskussionen
281 1057 33 13 om
331 1051 100 26 afgiftens
446 1051 120 20 eventuella
585 1050 127 27 förhöjning,
731 1049 86 21 alldeles
834 1049 33 20 be-

117 1084 77 21 stämdt
209 1083 95 22 beräkna
318 1085 26 20 de
352 1091 99 20 summor,
467 1091 44 14 som
529 1091 77 20 genom
616 1084 182 20 bränvinsskatten
809 1083 61 21 skola

119 1119 81 26 inilyta,
215 1121 49 18 utan
284 1119 36 20 det
334 1119 59 20 alltid
415 1119 66 20 måste
496 1119 127 26 förutsättas,
639 1121 30 18 att
686 1118 181 21 bränvinsskatten

120 1153 107 20 eventuelt
241 1153 48 20 icke
305 1153 59 27 utgår
380 1153 31 20 till
428 1153 36 20 det
479 1153 128 26 beräknade,
622 1153 66 27 högre
705 1153 104 26 beloppet,
825 1153 41 20 kan

116 1189 38 26 jag
176 1189 32 19 för
231 1188 42 19 min
294 1188 35 20 del
344 1189 19 25 ej
384 1188 85 26 förutse,
485 1190 30 17 att
530 1188 69 27 nägon
615 1187 107 28 svärighet
737 1188 31 20 för
783 1187 85 27 frägans

119 1223 83 26 lösning
218 1222 67 20 skulle
301 1222 129 27 uppkomma
446 1223 131 26 derigenom,
593 1224 30 18 att
634 1221 235 28 författningsförslaget

119 1256 31 20 till
175 1256 231 21 Ekonomieutskottets
433 1257 160 26 handläggning
619 1257 174 25 öfverlemnades,
820 1263 47 13 men

119 1291 103 20 slutdelen
248 1291 66 26 deraf,
336 1291 87 20 hvilken
448 1291 67 27 enligt
537 1292 40 19 den
600 1291 84 27 Nädiga
710 1291 158 27 propositionen

120 1326 94 19 kommer
230 1326 30 19 att
275 1325 6 20 i
297 1326 42 19 alla
353 1325 37 20 fall
405 1325 66 21 blifva
486 1326 88 20 föremål
589 1325 32 20 för
637 1332 25 13 en
681 1325 90 20 särskild
789 1325 79 20 förord-

120 1360 58 27 ning,
200 1359 106 27 nemligen
329 1360 110 27 angående
463 1360 195 21 bränvinsskattens
677 1359 145 27 användande,
839 1360 30 19 till

118 1394 158 21 Statsutskottet
293 1395 129 26 hänskjötes.

183 1428 53 20 Herr
251 1428 129 27 Procopé:
396 1429 10 20 1
422 1429 41 20 allo
478 1429 116 22 förenande
609 1429 43 26 mig
667 1435 34 15 om
720 1429 40 20 den
779 1429 23 20 af
816 1429 53 22 Herr
