1039 1692
186 123 33 17 574
468 123 40 17 Den
522 123 21 17 11
556 124 59 21 April.

166 180 188 21 arbetskostnaden
376 182 6 18 i
404 181 60 20 dessa
484 180 35 20 fall
538 183 84 18 stannar
641 181 56 19 inom
716 181 72 20 landet
803 182 39 19 och
858 181 57 19 kom-

166 221 44 13 mer
226 215 48 19 dess
288 214 129 21 innevånare
426 215 31 19 till
473 215 61 26 godo,
552 215 88 20 likasom
659 215 189 27 sågningsafgiften
865 218 50 17 mot-

166 252 64 23 väges
245 250 23 19 af
281 250 41 19 den
338 250 64 26 högre
418 249 81 21 frakten
516 250 11 19 å
543 249 94 20 råvaran.
668 249 140 20 Annorlunda
826 253 22 17 är
869 250 45 19 der-

166 287 56 17 emot
244 284 141 20 förhållandet
407 284 57 20 inom
489 284 40 20 den
553 284 32 19 del
602 284 22 20 af
637 284 117 26 Uleåborgs
775 284 41 21 län,
832 290 43 14 som
892 287 22 17 är

167 318 89 26 belägen
274 324 48 14 norr
338 324 32 14 om
388 318 117 26 Uleåborgs
516 318 45 20 stad
573 319 38 19 och
623 318 105 20 hvarifrån
740 318 112 20 rundstock
868 318 46 20 med

167 352 75 20 lätthet
257 352 40 20 och
313 355 47 17 utan
378 353 122 26 synnerliga
515 353 113 20 kostnader
644 352 40 20 kan
701 352 74 20 forslas
786 352 31 20 till
829 352 87 27 sågarne

167 386 28 19 uti
213 386 128 27 nordligaste
357 386 86 27 Sverige
460 386 108 25 långsmed
585 388 25 19 de
627 387 28 19 uti
673 387 147 19 Bottenhafvet
835 389 81 23 utmyn-

169 420 68 20 nande
255 420 158 28 vattendragen.

236 455 81 19 Genom
340 455 27 19 de
388 456 27 18 uti
434 455 155 27 konungariket
609 456 87 26 Sverige
715 456 38 19 och
774 456 47 18 dess
836 454 81 27 skogri-

168 489 59 20 kaste
243 490 85 25 provins
351 489 111 25 Norrland,
485 490 54 20 efter
561 490 22 19 år
607 489 61 26 1863,
688 489 27 19 då
729 489 121 27 sågskatten
867 495 49 20 upp-

169 523 80 27 häfdes,
266 524 90 26 anlagda
372 526 56 18 stora
443 524 39 20 och
499 524 76 26 många
595 523 96 27 sågverk,
712 524 62 20 hafva
792 524 103 26 skogarne
912 524 5 18 i

169 559 62 26 högst
248 558 108 26 betänklig
371 558 51 27 grad
438 558 136 20 förminskats
590 558 38 20 och
645 558 116 26 tillgången
778 558 26 26 på
820 557 97 27 sågstock

169 592 80 27 aftagit,
265 593 97 20 hvarföre
386 593 61 19 äfven
473 593 143 27 Regeringens
639 592 186 27 uppmärksamhet
846 592 72 20 fästats

168 627 72 26 derpä.
272 628 38 19 För
333 629 28 18 att
386 627 44 20 lära
452 628 70 19 känna
545 627 95 27 verkliga
662 626 141 21 förhällandet
826 627 92 22 härmed,

169 662 97 20 tillsattes
290 662 31 19 för
345 662 48 19 flere
417 661 22 20 år
463 662 63 20 sedan
547 668 24 13 em
593 662 136 20 kommission
748 662 23 19 af
786 661 132 27 sakkunnige

171 702 107 20 personer,
294 696 71 20 hvilka
378 696 63 20 borde
453 696 118 20 undersöka
583 696 115 26 skogarnes
709 696 92 20 tillständ
814 696 27 20 uti
854 696 64 26 sagde

171 731 91 25 provins.
293 730 57 20 Efter
375 730 92 27 flerärigt
489 730 71 20 arbete
584 733 50 18 samt
660 737 123 20 noggranna
799 730 70 20 lokala
884 737 35 12 un-

172 764 153 27 dersökningar
341 766 28 18 uti
387 766 123 24 provinsens
525 765 104 20 särskilda
644 765 64 25 delar,
725 765 37 19 har
777 764 69 20 denna
861 764 58 20 kom-

171 799 85 19 mission
273 799 65 20 under
354 799 90 20 sistlidet
460 799 23 19 är
498 799 82 26 afgifvit
596 799 112 20 berättelse
725 805 32 13 om
769 799 31 19 sin
814 798 106 20 verksam-

174 834 35 19 het
224 833 38 20 och
280 834 39 19 den
337 834 126 25 erfarenhet,
480 834 82 19 hvartill
579 834 38 19 den
635 834 88 19 kommit
738 833 89 20 rörande
848 832 71 27 skogs-

173 867 122 27 tillgången.
312 867 69 20 Ehuru
395 868 37 25 jag
448 875 27 12 nu
491 868 46 19 icke
554 868 37 19 har
607 868 69 19 denna
692 867 112 20 berättelse
816 867 30 20 till
863 867 57 20 hands

172 901 39 20 och
228 902 55 25 förty
300 901 76 20 saknar
392 901 81 20 tillfälle
489 904 28 17 att
537 902 68 20 lemna
625 902 25 19 de
671 908 123 20 noggranna
813 901 108 26 sifferupp-

173 936 69 26 gifter,
266 943 44 13 som
334 937 34 19 vid
392 936 154 27 behandlingen
571 937 22 19 af
613 936 146 26 föreliggande
778 936 78 19 ärende
872 942 48 13 vore

174 971 100 26 önskligt,
297 971 31 19 fär
345 971 37 26 jag
402 971 53 20 dock
475 971 5 19 i
497 971 106 19 allmänna
621 971 52 26 drag
693 970 104 26 meddela,
813 972 30 18 att
858 970 63 26 sagde

173 1005 137 20 kommission
334 1005 88 20 kommit
446 1005 30 20 fill
499 1005 36 20 det
554 1005 92 26 sorgliga
665 1005 93 26 resultat,
774 1006 29 18 att
818 1005 26 19 de
860 1004 62 20 Norr-

175 1039 88 20 ländska
278 1040 112 26 skogarne,
406 1040 72 20 hvilka
493 1042 78 17 ansetis
587 1041 53 18 samt
656 1039 22 20 af
693 1046 25 13 en
735 1039 39 20 och
790 1045 68 14 annan
873 1039 49 20 fort-

174 1073 87 20 farande
284 1081 61 13 anses
364 1081 50 13 vara
432 1075 129 26 outtömliga,
581 1080 76 21 genom
675 1073 80 26 hejdlös
775 1073 147 26 skogsafverk-

175 1108 51 26 ning
242 1109 111 26 medtagits
369 1109 30 19 till
416 1108 40 21 den
473 1109 58 26 grad,
547 1110 28 18 att
591 1109 25 19 de
633 1114 88 14 numera
736 1107 47 20 icke
802 1107 119 27 öfverstiga.

175 1145 48 17 utan
241 1144 88 18 tvärtom
346 1143 104 26 ansenligt
467 1143 120 26 understiga
603 1142 163 26 befolkningens
781 1144 49 23 eget
853 1141 69 25 behof,

174 1178 5 19 i
196 1177 35 20 det
246 1179 31 18 att
292 1177 66 20 under
374 1184 25 13 en
416 1178 50 26 följd
483 1177 22 20 af
523 1178 23 19 år
567 1177 49 20 flere
636 1177 105 20 millioner
761 1178 99 18 stammar
876 1175 46 20 årli-

176 1217 38 20 gen
232 1211 106 20 afverkats
354 1212 82 20 utöfver
452 1212 53 20 hvad
523 1212 114 27 tillgången
655 1211 115 26 medgifvit.

244 1245 92 20 Oaktadt
352 1247 57 19 detta
425 1246 130 20 förhållande
571 1247 62 19 hafva
649 1245 66 20 under
731 1245 25 20 de
773 1246 81 19 senaste
873 1244 49 20 åren

177 1279 104 21 särskilda
296 1282 65 18 större
378 1280 89 27 sågverk
484 1281 91 26 uppstått
591 1281 26 26 på
627 1279 96 21 Svenska
734 1279 58 20 sidan
805 1279 57 19 invid
874 1279 50 20 Tor-

176 1313 39 20 neå
230 1313 32 20 elf
276 1314 38 20 och
330 1315 6 18 i
352 1317 104 18 närmaste
472 1315 105 26 granskap
598 1314 29 20 till
653 1314 166 25 elfmynningen.
844 1312 81 21 Sådana

176 1351 48 16 äro:
248 1355 25 12 en
298 1349 109 26 vattensåg
427 1349 46 20 med
492 1349 47 26 fyra
554 1355 67 14 ramar
637 1349 58 19 inom
710 1347 80 27 Kengis
810 1347 26 26 by
852 1346 23 20 af
888 1347 37 19 Pa-

174 1383 44 25 jala
233 1382 78 21 socken
328 1383 26 26 på
372 1384 23 18 17
413 1384 46 19 mils
480 1384 38 19 och
539 1389 25 14 en
583 1389 69 14 annan
671 1382 24 20 af
712 1381 43 20 lika
770 1381 78 20 storlek
865 1381 59 19 midt-

175 1420 57 17 emot
254 1417 86 19 Turtola
359 1417 68 26 kyrka
446 1417 26 26 pä
494 1418 25 19 10
540 1417 46 20 mils
605 1416 82 21 afständ
708 1416 45 19 från
773 1415 83 20 Torneå
871 1415 55 20 stad:
