1039 1692
208 130 34 18 362
493 129 42 18 Den
547 130 21 16 16
582 130 53 17 Mars.

186 188 40 20 och
241 188 112 26 Nordsjön.
382 188 42 19 För
439 186 117 21 afslutande
572 187 22 19 af
608 187 49 20 kurs
673 187 7 19 i
696 187 69 20 denna
780 187 60 21 skola
851 188 81 21 fordras

185 221 85 20 derföre
292 221 126 27 afläggande
441 221 23 20 af
481 228 88 13 examen
592 221 53 20 blott
659 221 8 19 i
683 221 26 20 de
724 221 31 19 för
775 217 157 31 Östersjöskep-

186 262 58 20 pare,
260 256 52 20 eller
334 256 41 19 den
391 255 68 26 lägsta
476 255 135 26 afdelningen
631 255 7 19 i
657 256 30 18 ett
701 254 131 28 fullständigt
847 256 86 26 naviga-

184 290 162 24 tionsläroverk,
368 289 127 20 föreskrifna
517 289 184 25 kunskapsämnen
725 290 53 18 samt
804 290 127 19 dessutom
919 285 16 34 i

186 324 123 24 astronomi,
332 323 169 26 korrespondans
524 322 39 20 och
579 322 107 26 åtskilliga
701 323 65 19 andra
780 323 32 19 för
828 330 26 12 en
870 323 61 26 skep-

185 364 51 20 pare
252 357 79 26 nödiga
345 357 95 19 skrifters
455 356 146 26 uppsättande,
617 356 107 20 äfvensom
739 357 8 18 i
766 356 167 27 hafveristadgar

185 392 41 19 och
242 391 104 26 vexellag.
376 390 56 20 Ifrån
456 390 90 20 nämnda
565 390 60 20 skola
641 390 171 20 utexaminerade
828 390 104 27 skeppare

185 426 115 19 innehafva
316 426 120 25 derigenom
452 424 47 20 icke
515 430 80 14 samma
610 424 167 26 kunskapsmått,
792 431 44 13 som
851 424 81 20 fordras

186 460 22 19 af
222 458 232 27 fartygsbefälhafvare,
477 458 73 20 hvilka
572 464 40 20 ega
634 458 125 19 oinskränkt
780 460 41 18 rätt
843 460 30 18 att
887 458 45 20 föra

185 493 167 26 handelsfartyg.
380 492 215 26 Navigationsskolan
617 492 7 19 i
650 491 130 20 Mariehamn
806 492 38 20 har
865 492 67 20 likväl

184 527 123 20 tillkommit
322 527 32 19 för
369 526 121 20 utbildande
505 526 23 19 af
541 526 143 19 befälhafvare
700 526 12 19 3
728 526 39 19 den
778 526 76 19 talrika
864 522 68 34 landt-

185 561 144 26 mannaflotta,
352 567 43 13 som
418 562 23 18 är
463 560 176 20 hemmahörande
663 560 26 25 på
710 553 69 26 Åland
802 560 40 20 och
864 561 68 26 enligt

186 596 100 26 gällande
308 595 36 25 lag
365 594 38 20 har
425 594 94 20 tillstånd
534 596 29 18 att
579 594 71 20 befara
665 594 41 20 alla
720 594 110 25 farvatten,
846 594 86 20 såframt

185 629 41 20 den
251 628 55 20 föres
329 629 22 19 af
365 628 110 26 skeppare,
496 634 43 14 som
555 628 113 26 undergått
683 628 26 19 de
725 628 103 26 examina,
844 628 87 20 hvarom

185 663 89 19 handlas
296 663 7 19 i
320 663 25 19 18
361 664 9 22 $
387 662 23 20 af
430 662 138 26 reglementet
591 662 38 19 den
645 662 25 20 21
687 662 86 20 Januari
792 662 61 20 1863.
884 663 47 20 Men

185 697 27 19 då
227 697 24 19 så
267 696 121 21 beskaffade
404 696 135 26 fullständiga
554 696 99 20 examina
668 696 19 25 ej
703 696 71 19 kunna
792 696 35 20 vid
847 697 85 26 naviga-

185 730 132 21 tionsskolan
332 730 8 19 i
355 730 129 20 Mariehamn
507 729 101 27 afläggas,
631 732 36 17 äro
690 730 103 25 skeppare
813 730 27 26 på
861 724 70 27 Åland

184 765 142 19 urståndsatte
348 766 30 18 att
400 764 37 20 der
459 764 94 19 inhemta
573 763 78 20 sådana
670 763 127 26 kunskaper,
818 766 29 18 att
862 764 25 20 de
902 758 29 26 Å-

184 798 92 20 ländska
292 798 120 20 rederierna
428 798 68 19 kunde
512 798 98 26 begagna
631 798 33 26 sig
682 797 23 19 af
723 797 47 20 dem
786 797 35 19 vid
836 798 95 20 utöfvan-

186 832 36 19 det
236 832 24 19 af
274 832 35 19 det
325 832 144 25 berättigande
485 831 26 20 de
527 838 38 19 ega
587 832 6 18 i
608 831 101 20 afseende
728 831 12 19 å
755 838 25 13 en
800 831 131 26 obegränsad

184 865 113 27 seglation.

252 899 108 20 Utskottet
382 905 61 14 anser
463 901 28 17 ett
507 899 68 26 dylikt
590 899 132 19 förhållande
737 899 94 20 medföra
846 899 84 27 olägen-

183 933 67 26 heter,
274 933 78 26 hvilka,
376 933 46 19 med
438 932 99 21 afseende
553 933 12 20 å
581 933 40 20 den
638 932 109 27 betydelse
767 933 40 19 den
822 927 110 26 Åländska

185 965 76 21 flottan
283 967 83 26 intager
380 967 8 19 i
403 967 37 19 vår
462 967 162 26 handelsmarin,
645 967 58 20 torde
725 967 50 19 böra
792 973 76 20 genom
884 967 48 21 sko-

183 1001 47 20 lang
253 1001 129 26 utvidgande
405 1001 110 26 aflägsnas.
545 1001 36 19 Ett
604 1001 57 19 bevis
685 1001 31 20 för
738 1003 30 17 att
787 994 69 27 Åland
872 1003 19 25 ej
907 1005 23 16 är

183 1034 47 21 fullt
255 1035 79 26 betjent
357 1035 47 20 med
428 1035 46 20 dess
500 1035 121 20 nuvarande
648 1035 193 26 navigationsskola
867 1043 63 18 synes

184 1075 57 19 vara,
264 1070 30 18 att
316 1069 124 19 densamma
461 1069 73 19 hittills
557 1069 18 26 ej
592 1069 85 19 besökts
693 1069 22 19 af
730 1075 43 14 mer
788 1072 27 17 än
834 1070 96 27 omkring

183 1103 27 19 20
226 1103 79 20 elever.
335 1102 45 20 Och
396 1103 26 19 då
438 1103 65 19 kändt
517 1105 23 17 är
555 1105 30 17 att
599 1103 26 19 de
645 1096 110 27 Åländska
774 1103 98 26 fartygen
894 1105 35 20 tal-

182 1137 44 19 rikt
249 1137 97 26 begagna
369 1137 31 26 sig
424 1137 22 19 af
467 1137 40 19 den
527 1137 47 20 dem
590 1137 159 20 tillkommande
769 1137 161 26 seglationsrätt,

183 1170 61 20 torde
260 1171 90 19 flertalet
365 1171 23 19 af
401 1171 61 19 deras
477 1170 54 21 befäl
549 1171 134 26 fregventera
700 1171 208 26 navigationsskolan
923 1173 7 19 i

184 1193 56 41 Åbo,
256 1211 45 13 som
318 1204 39 20 den
374 1206 92 17 närmast
480 1205 99 19 varande.
609 1204 128 27 Härigenom
761 1204 39 20 blir
822 1205 108 20 undervis-

184 1239 92 26 ningens
292 1238 134 20 inhemtande
442 1239 31 18 för
488 1238 46 19 dem
551 1239 83 25 dyrare,
649 1241 27 16 än
688 1238 139 20 förhållandet
838 1247 50 13 vore
897 1247 33 13 om

184 1271 26 20 de
226 1272 12 19 å
254 1272 108 19 hemorten
380 1272 68 19 kunde
464 1272 104 26 genomgå
583 1272 122 26 fullständig
720 1272 56 20 kurs.
806 1273 40 20 Till
860 1274 70 21 denna

184 1305 51 20 icke
251 1305 147 26 oväsendtliga
412 1306 155 26 omständighet
582 1307 95 19 kommer
684 1308 36 21 att,
733 1306 76 26 såvida
817 1307 114 21 hamnarne

183 1339 28 26 på
232 1332 71 26 Åland
326 1339 98 27 vanligen
447 1340 50 19 först
519 1342 56 17 emot
593 1339 55 20 årets
663 1340 41 19 slut
719 1341 84 25 stängas
822 1341 22 19 af
857 1341 17 19 is
890 1343 40 19 och

184 1372 26 20 de
225 1366 111 26 Åländska
351 1373 97 26 fartygen
463 1373 6 20 i
485 1373 51 26 följd
552 1374 62 19 deraf
626 1373 48 20 icke
689 1374 43 19 förr
747 1376 27 17 än
789 1376 47 17 sent
851 1375 27 26 på
893 1375 36 20 hö-

184 1408 45 18 sten
254 1406 141 27 hemkomma,
418 1414 48 13 men
485 1407 207 26 navigationsskolan
709 1407 6 19 i
731 1400 47 27 Åbo
794 1410 80 24 öppnas
889 1409 40 21 den
