1039 1692
180 116 35 31 280
465 119 41 18 Den
525 119 10 17 7
555 120 54 17 Mars.

161 177 63 27 kring
241 178 40 19 100
296 177 160 27 praktiserande
471 178 72 20 läkare
559 178 74 20 endast
649 177 61 21 10:de
726 177 62 21 delen
804 178 66 20 under
882 184 26 13 en

162 212 94 26 tidrymd
280 212 22 19 af
324 212 24 20 10
372 212 22 20 år
416 212 63 20 häraf
494 212 42 20 kan
555 212 65 20 blifva
639 212 100 26 delaktig,
759 212 22 20 så
799 212 111 20 reduceras

162 246 67 26 enligt
252 246 110 20 utskottets
385 246 134 27 uppfattning
541 246 23 20 af
583 246 64 20 saken
666 248 74 24 nyttan
759 246 23 20 af
798 246 113 26 stipendiet

162 280 112 26 betydligt.
304 280 79 20 Vidare
398 287 50 13 vore
465 281 34 19 det
515 281 52 19 efter
579 280 111 20 utskottets
702 280 136 20 förmenande
848 280 62 20 önsk-

162 315 45 26 ligt,
222 316 31 18 att
268 314 51 20 flere
334 315 125 25 tjenstemän
475 315 70 20 blefve
561 314 107 27 delaktige
683 315 24 19 af
719 314 32 20 för
775 315 47 19 dem
847 316 63 18 inrät-

162 349 50 20 tade
227 349 122 26 stipendier,
365 349 87 20 hvilken
468 349 54 27 åsigt
535 350 36 26 jag
587 349 46 19 fullt
649 349 64 19 delar.
742 349 60 20 Efter
821 349 90 27 uppräk-

164 384 80 19 nandet
258 383 24 20 af
295 383 25 20 de
336 383 122 27 stipendier,
475 383 72 20 hvilka
562 383 82 20 utöfver
659 383 33 26 de,
709 389 43 13 som
769 384 143 19 universitetet

163 418 125 26 disponerar
303 418 65 26 öfver,
384 421 36 17 äro
436 418 12 20 å
464 419 40 19 stat
519 418 107 30 anslagne,
642 420 67 24 säges,
726 419 30 17 att
771 418 26 19 de
815 418 41 19 alla
875 420 37 17 äro

164 452 105 20 inrättade
286 452 31 20 för
333 452 79 20 sådana
427 458 56 20 unge
499 455 55 23 män,
570 458 45 14 som
630 451 83 27 tillfölje
729 451 23 20 af
760 452 32 19 sin
802 452 110 26 fattigdom

164 486 20 26 ej
200 486 122 26 kunna
278 482 9 35 -:
295 482 30 35 på
344 492 54 20 egen
423 486 117 20 bekostnad
555 492 57 20 resa;
627 487 65 19 annat
706 492 51 14 vore
772 486 142 20 förhållandet

164 520 49 20 med
228 520 96 26 läkaren,
340 520 62 21 hvars
418 520 139 20 ekonomiska
575 520 100 26 ställning
695 520 74 20 endast
786 520 127 27 undantags-

164 554 34 20 vis
213 560 51 14 vore
280 554 72 26 sådan,
368 556 30 18 att
420 554 41 20 han
477 554 48 20 icke
540 554 70 20 kunde
625 554 27 26 på
661 560 54 21 egen
726 554 118 20 bekostnad
860 555 53 19 före-

164 590 50 24 taga
230 594 27 14 en
272 594 54 20 resa,
342 588 27 20 då
384 589 143 26 pligtkänslan
544 596 72 13 manar
631 589 78 19 honom
724 590 31 18 att
765 589 30 19 till
807 590 106 19 medmen-

165 622 84 20 niskors
266 622 78 20 båtnad
360 625 51 24 göra
426 623 42 20 det.

234 656 135 20 Beträffande
378 657 36 20 det
421 657 65 20 första
494 657 67 21 skälet
577 658 52 19 eller
640 659 30 18 att
686 659 74 25 nyttan
776 658 23 20 af
812 660 29 18 ett
859 665 55 13 rese-

165 690 130 27 stipendium
316 691 85 19 komme
424 692 75 19 endast
521 692 40 20 den
583 692 90 20 resande
694 692 88 20 läkaren
805 693 39 19 och
862 693 52 20 hans

166 726 107 18 närmaste
288 724 174 28 verkningskrets
478 726 31 19 till
525 726 40 26 del,
581 726 71 20 kunde
665 726 24 26 ju
708 732 79 14 samma
805 729 111 25 argument

166 758 84 20 anföras
267 760 43 19 mot
325 759 73 27 hvarje
414 760 22 19 af
450 760 25 19 de
491 760 137 26 uppräknade
648 760 198 26 resestipendierna,
875 761 41 27 Jag

167 792 45 20 åter
228 793 68 19 håller
311 793 52 26 före,
378 795 31 18 att
424 796 74 24 nyttan
514 794 23 20 af
550 796 29 18 ett
594 794 176 26 resestipendium
793 795 47 20 med
859 796 56 26 skyl-

168 826 74 27 dighet
257 829 30 18 att
302 827 80 26 afgifva
397 828 160 20 reseberättelse
572 828 96 19 kommer
688 828 48 20 hela
751 829 165 27 läkarekorpsen

167 860 32 19 till
215 860 41 20 del.
286 861 41 26 Jag
350 861 38 20 ber
410 863 30 18 att
462 861 21 20 få
497 862 100 26 påminna
613 869 34 13 om
663 864 30 17 ett
707 862 23 20 af
744 863 100 20 utskottet
862 864 54 19 bort-

167 895 83 26 glömdt
265 895 127 26 stipendium
410 896 105 27 nemligen
531 897 35 19 det
575 897 30 19 för
614 897 129 26 pedagoger,
758 897 81 21 hvilket
848 901 22 17 är
881 899 36 20 all-

168 929 58 20 deles
239 929 119 27 jemförligt
373 930 47 20 med
437 930 36 20 det
487 930 32 20 för
533 931 73 20 läkare
622 938 27 12 nu
665 931 126 27 föreslagna.
824 933 41 20 Det
887 935 30 18 ut-

168 963 58 20 delas
242 964 54 19 efter
312 965 32 19 tur
360 964 81 27 årligen
457 965 57 20 inom
529 965 73 20 stiften
618 966 39 19 och
673 965 96 21 kommer
784 967 82 21 derföre
882 971 36 17 än-

168 1004 28 13 nu
212 998 82 20 mindre
310 998 43 20 ofta
368 998 27 21 de
410 999 96 20 enskilde
522 999 151 27 skollärarene,
689 1007 44 13 som
750 1001 30 20 till
791 1002 80 21 antalet
882 1006 36 17 äro

168 1031 59 27 flere,
251 1035 27 17 än
300 1032 108 27 läkarene,
424 1033 32 20 till
471 1033 45 26 del;
536 1034 39 20 och
591 1034 55 20 dock
662 1034 37 20 har
715 1035 146 21 erfarenheten
878 1037 40 20 till-

168 1065 79 27 räkligt
262 1066 132 21 konstaterat
410 1067 53 20 huru
479 1068 57 20 detta
551 1069 128 26 stipendium
695 1069 99 27 bidrager
812 1072 30 18 att
864 1071 56 20 hålla

168 1099 162 28 lärarekorpsen
353 1101 7 20 i
385 1101 49 20 nivå
457 1102 47 20 med
527 1103 131 26 pedagogins
681 1103 100 28 framsteg
796 1105 7 19 i
819 1105 99 21 utlandet.

168 1133 65 27 Dylik
249 1135 40 19 och
305 1135 104 20 måhända
424 1139 26 16 än
466 1138 67 18 större
548 1139 60 24 nytta
624 1137 68 20 skulle
708 1139 29 19 ett
756 1138 62 27 årligt
836 1141 82 19 resesti-

166 1168 101 26 pendium
279 1169 95 20 medföra
381 1170 32 20 för
422 1170 47 20 hela
477 1171 172 27 !läkarekorpsen,
660 1171 86 20 hvilken
756 1172 87 21 likasom
852 1175 65 25 peda-

168 1209 95 20 gogerne
286 1203 38 20 har
339 1204 32 20 sin
387 1211 54 20 egen
457 1205 98 25 tidskrift,
575 1205 36 20 der
631 1206 200 21 reseberättelserna
849 1207 70 21 kunde

167 1237 132 26 publiceras;
314 1238 102 21 läkarene
432 1239 62 20 hafva
510 1240 52 19 efter
573 1240 84 20 kortare
670 1240 132 20 mellantider
816 1241 103 21 återkom-

173 1271 77 20 mande
273 1272 107 21 allmänna
402 1275 71 18 möten
495 1274 39 20 och
554 1275 37 26 jag
615 1274 36 19 vill
668 1274 52 20 blott
735 1275 79 26 antyda
828 1276 51 20 huru
896 1277 25 20 de

171 1305 38 20 der
231 1306 154 27 uppträdande,
408 1307 54 20 ifrån
483 1308 94 20 utlandet
592 1309 128 20 hemkomne
736 1309 100 21 läkarene
854 1311 67 20 skulle

171 1339 67 20 verka
260 1340 96 21 lifvande
372 1341 27 26 pä
414 1341 48 20 hela
476 1342 173 27 läkarekorpsen.
679 1343 41 26 Jag
735 1343 98 28 öfvergär
848 1352 27 13 nu
891 1347 31 19 till

172 1373 36 20 det
231 1373 51 20 sista
305 1375 39 19 och
367 1375 100 21 skenbart
488 1377 111 26 vigtigaste
616 1377 88 20 motivet
719 1378 32 19 för
766 1378 110 21 utskottets
892 1381 29 20 af-

168 1407 120 26 styrkande
304 1408 23 19 af
340 1410 128 25 petitionens
483 1411 131 26 antagande:
631 1412 107 26 nemligen
756 1411 98 22 läkarens
873 1415 49 20 obe-
