1039 1692
407 116 40 16 Den
460 114 22 18 19
494 116 53 16 Mars.
803 114 32 18 367

330 174 108 30 Tisdagen
458 173 42 23 den
522 174 30 22 19
571 174 58 22 Mars

112 241 29 20 kl.
159 242 22 18 11
199 241 14 19 f.
229 248 25 12 m.
271 240 169 20 sammanträdde
455 240 32 20 till
501 239 86 27 plenum
598 240 188 26 Borgareståndets
797 242 61 18 samt-

111 276 44 25 lige
171 275 143 25 medlemmar,
338 275 48 19 med
402 274 106 26 undantag
531 274 22 19 af
571 274 76 20 Herrar
667 274 111 25 Fabritius,
797 274 60 19 Jans-

111 315 38 14 son
166 309 39 19 och
220 308 119 27 Schogster,
355 308 73 20 hvilka
443 308 54 20 dock
513 308 66 19 under
594 308 108 19 sessionen
718 308 32 26 sig
764 307 94 25 infunno,

112 344 54 18 samt
188 342 53 20 Herr
263 342 127 27 Helsingius,
414 342 86 20 hvilken
524 342 23 19 af
562 342 129 20 fortfarande
710 341 96 27 sjukdom
822 348 37 13 var

112 376 90 20 hindrad
217 378 30 18 att
262 376 164 20 sammanträdet
440 376 87 20 bevista.

181 410 10 19 I
206 410 100 20 afseende
326 410 12 20 &
358 410 104 26 justering
489 410 107 26 upplästes
618 410 74 25 utdrag
715 416 24 13 ur
761 408 97 22 Ständets

113 444 105 27 protokoll
234 445 32 19 för
281 445 41 19 den
339 445 25 19 15
380 444 88 26 dennes,
483 444 29 20 uti
528 446 30 18 ett
573 444 27 20 dä
615 443 129 21 behandladt
759 443 85 20 ärende.

182 478 54 20 Herr
258 478 162 20 Talmannen
442 478 105 26 föredrog,
570 478 88 20 Ständet
680 478 32 19 till
733 477 126 27 kännedom,

112 512 94 26 följande
221 512 45 20 från
283 512 137 20 Medstånden
436 512 107 20 ankomna
557 512 202 26 protokollsutdrag:

183 547 38 19 1:0.
251 546 55 20 Från
329 546 121 26 Höglofliga
469 545 155 27 Ridderskapet
643 546 39 20 och
697 546 68 20 Adeln
781 546 24 20 af
817 546 41 20 den

114 580 27 20 14
155 580 61 26 Mars,
232 580 144 20 innefattande
391 580 98 19 Ståndets
505 580 69 20 beslut
588 580 7 19 i
611 580 114 26 anledning
741 580 22 20 af
775 580 83 26 Nådiga

113 614 163 26 propositionen,
292 614 110 26 angående
418 613 147 26 upphäfvande
581 613 22 20 af
617 614 11 19 3
645 615 9 22 $
670 614 12 19 2
698 613 48 27 kap.
763 614 24 19 G.
803 614 23 20 B.

181 648 39 19 2:0.
250 648 54 19 Från
321 647 95 20 bemälde
432 647 64 20 Stånd
512 647 23 19 af
547 654 80 13 samma
643 647 47 27 dag,
709 654 34 13 om
759 649 98 25 antagan-

113 682 26 19 de
155 682 22 19 af
190 682 128 20 Ständernes
339 681 115 20 Allmänna
475 681 180 20 Besvärsutskotts
677 682 77 26 förslag
776 682 30 20 till
821 689 36 13 un-

112 716 103 26 derdånig
230 716 87 26 petition
332 716 110 26 angående
458 715 121 26 lagbunden
594 715 132 26 tryckfrihet.

184 750 39 20 3:0.
252 750 54 19 Från
323 749 137 27 Högvördiga
474 749 154 20 Presteständet
645 749 23 19 af
681 749 41 20 den
739 750 25 19 12
779 749 55 20 Mars
852 749 7 20 i

114 790 80 14 samma
210 786 68 18 ämne.

182 818 40 19 4:o.
252 817 53 20 Från
330 817 90 19 nämnde
442 816 65 20 Stånd
529 816 104 20 likaledes
655 816 24 20 af
696 816 40 20 den
757 817 25 19 12
798 817 60 25 Mars,

113 851 110 26 angående
246 851 74 20 remiss
344 851 30 19 till
393 850 164 20 Bankutskottet
577 851 24 19 af
619 850 99 20 Finlands
740 851 118 26 Hypoteks-

114 885 107 26 förenings
237 885 119 26 ansökning
371 891 33 13 om
420 885 93 26 lindring
528 885 6 18 i
551 884 216 27 betalningsvilkoren
784 885 31 19 för
830 886 29 19 ett

114 919 33 19 lån
164 925 23 12 ur
202 919 100 19 Finlands
318 918 64 20 bank.

183 952 39 19 5:o.
252 952 54 19 Från
330 958 80 13 samma
431 951 64 20 Stånd
518 951 24 20 af
563 952 40 19 den
628 952 25 20 12
673 952 61 25 Mars,
749 952 109 26 angående

113 985 119 20 återremiss
247 985 31 20 till
293 985 220 20 Ekonomieutskottet
528 985 23 20 af
563 985 83 27 Nådiga
659 987 157 25 propositionen
825 993 33 13 om

113 1019 123 26 förändring
251 1019 23 20 af
286 1019 95 27 grunden
397 1019 32 20 för
444 1020 168 25 tolagsafgiftens
632 1020 142 20 beräknande.

182 1053 40 20 6:0.
251 1053 83 20 Jemväl
357 1053 44 20 från
424 1053 157 20 Presteständet
603 1054 23 19 af
639 1061 80 12 samma
734 1054 47 26 dag,
800 1055 57 18 inne-

113 1087 94 19 fattande
222 1086 98 21 Ständets
336 1087 74 26 beslut,
426 1088 8 19 i
453 1087 114 26 anledning
587 1087 22 20 af
629 1088 84 25 Nädiga
734 1088 124 25 propositio-

114 1127 41 14 nen
171 1127 34 14 om
221 1121 73 26 anslag
309 1121 31 20 till
349 1121 142 20 förbättrande
500 1121 23 20 af
529 1121 94 20 farleden
633 1122 89 19 emellan
733 1122 30 19 S:t
773 1122 87 20 Michels

115 1155 45 20 stad
177 1155 39 20 och
232 1158 70 23 öppna
317 1155 90 20 Saimen.

184 1189 40 20 Till
240 1189 128 26 behandling
385 1191 88 24 upptogs
489 1188 113 21 Allmänna
617 1189 201 20 Besvärsutskoitets
829 1189 31 20 till

114 1223 7 18 i
138 1222 40 27 dag
194 1223 115 25 bordlagda
332 1223 133 19 betänkande
488 1223 110 26 angående
615 1223 35 20 det
665 1223 29 20 till
712 1223 146 23 Borgarestän-
877 1241 2 2 .

113 1256 36 20 det
164 1256 23 20 af
200 1257 52 19 Herr
267 1256 107 20 Mechelin
389 1257 118 19 inlemnade
523 1257 40 20 och
579 1257 63 19 sedan
659 1257 31 19 till
709 1257 101 19 utskottet
827 1263 33 13 re-

113 1290 111 20 mitterade
246 1289 178 27 petitionsförslag
446 1297 33 13 om
502 1291 157 26 upphäfvandet
677 1291 24 19 af
717 1291 25 19 de
762 1291 96 26 stadgan-

115 1323 47 26 den,
185 1330 44 13 som
253 1324 61 19 ställa
335 1324 93 20 Judarne
452 1327 55 17 utom
526 1325 40 19 den
587 1325 32 19 för
634 1325 81 19 landets
731 1325 127 19 innevånare

113 1357 99 27 gällande
228 1358 41 26 lag.

182 1391 68 20 Sedan
268 1391 146 22 diskussionen
430 1393 6 19 i
452 1395 70 17 ämnet
537 1392 112 21 förklarats
661 1392 90 27 öppnad,
768 1392 89 20 anmälte
