1039 1692
401 110 39 18 Den
453 110 11 17 6
477 110 59 22 April.
785 110 35 19 499

94 170 39 20 och
150 169 101 20 utskottet
266 169 6 19 i
288 168 35 20 sitt
339 168 134 20 betänkande
489 168 118 26 framställt,
624 175 63 19 synas
706 169 43 26 mig
768 169 72 20 nemli-

94 210 40 21 gen
151 202 166 27 ovedersägliga.
347 202 36 20 Uti
398 202 67 26 fjerde
481 205 115 17 momentet
611 203 67 20 skulle
691 204 38 25 jag
739 209 51 14 anse
801 204 40 20 den

95 238 118 25 redaktion,
229 243 45 14 som
290 236 52 20 Herr
358 236 94 20 Boström
469 236 37 20 der
521 236 114 28 föreslagit,
646 244 50 13 vara
707 238 134 26 synnerligen

96 272 26 27 pä
138 272 30 20 sin
186 271 59 27 plats.

164 306 53 20 Herr
232 305 127 26 Procop6:
376 304 29 20 På
420 305 26 19 de
461 305 24 20 af
496 306 99 19 särskilta
610 305 65 21 talare
690 306 65 20 redan
775 306 69 21 anför-

96 342 28 19 da
139 340 46 20 skäl
199 340 42 20 kan
258 340 18 26 ej
293 340 65 19 heller
372 340 37 26 jag
424 339 115 27 godkänna
554 340 35 20 det
605 340 22 20 af
641 340 102 20 utskottet
764 340 80 27 afgifna

96 374 135 20 betänkande
247 374 6 20 i
270 374 78 26 frägan,
372 374 54 20 helst
448 374 62 20 äfven
526 374 6 19 i
549 374 44 20 värt
615 374 118 27 grannland
757 375 87 27 Sverige

97 409 36 19 det
147 410 94 18 moment
256 414 43 14 som
316 408 6 20 i
338 408 39 20 den
393 408 82 27 Nädiga
491 409 156 25 propositionen
661 408 72 27 lyder:
749 409 96 27 ”pröfvar

99 444 99 19 domaren
214 445 30 18 att
259 443 41 20 han
316 443 57 26 hjelp
389 443 6 19 i
411 442 138 28 rättegängen
565 444 89 25 tarfvar;
669 443 27 21 dä
715 444 78 20 tillätes
809 445 36 19 ho-

99 484 49 14 nom
170 478 120 26 fullmäktig
306 477 47 21 med
370 477 31 27 sig
418 477 80 26 hafva”,
517 478 38 19 har
570 484 80 14 samma
665 478 81 26 lydelse
765 479 29 19 uti
810 479 37 19 der

99 512 99 27 gällande
221 512 41 26 lag.
292 512 31 20 Då
345 512 5 19 i
374 512 93 26 Sverige,
490 511 89 21 likasom
603 513 37 19 hos
664 519 40 18 oss,
727 516 55 17 ännu
799 514 47 20 icke

101 547 89 20 utbildat
205 547 32 26 sig
253 546 63 27 något
332 546 159 26 advokatständ,
507 546 38 20 har
561 553 47 14 man
625 548 19 25 ej
655 550 69 17 ansett
734 548 32 26 sig
777 548 71 20 kunna

101 581 108 21 utsträcka
224 581 40 20 den
280 580 113 21 tilltalades
409 582 41 18 rätt
464 581 6 19 i
487 581 58 19 detta
559 581 121 21 hänseende
695 582 79 26 längre.
807 582 41 20 Vid

103 623 25 13 en
149 616 120 26 jemförelse
293 615 88 20 emellan
400 617 171 18 reservauternes
590 616 77 26 förslag
683 616 29 20 till
732 616 81 26 lydelse
828 616 24 20 af

103 650 161 27 ifrägavarande
281 652 10 22 $
307 650 39 20 och
362 650 38 19 den
418 649 118 27 Kejserliga
551 650 164 26 propositionen,
734 656 62 14 anser
812 651 38 25 jag

103 687 30 18 att
148 685 110 26 uttrycken
275 685 5 19 i
297 684 64 20 första
376 685 115 19 momentet
506 684 24 20 af
539 684 169 26 propositionen:
724 685 45 19 ”för
780 684 72 20 hvilka

104 720 74 20 urbota
193 725 75 14 ansvar
285 718 67 20 finnes
367 718 6 20 i
390 718 34 27 lag
444 720 68 22 utsatt,
532 719 107 20 äfvensom
656 719 105 26 tjufnader
776 720 22 19 af
811 719 41 20 alla

105 754 58 27 slag”
180 754 38 20 och
235 753 26 20 de
276 753 147 20 motsvarande
440 753 112 26 ordalagen
564 753 6 19 i
581 755 171 19 reservanternes
764 754 88 26 förslag
842 749 12 36 :

106 789 26 20 ”å
146 788 73 20 hvilka
234 788 52 20 efter
308 787 36 27 lag
367 786 73 21 urbota
455 793 76 14 ansvar
546 787 51 26 följa
611 787 49 27 kan,
676 790 54 18 samt
748 788 105 26 tjufnader

106 823 24 20 af
143 822 145 27 hvarjehanda
309 822 57 26 slag”
391 821 106 20 innehålla
516 821 128 27 fullkomligt
662 828 81 14 samma
761 823 91 26 mening,

107 857 97 20 hvarföre
217 857 45 26 jag,
277 855 106 21 anseende
399 855 106 26 uttrycket
520 856 6 19 i
542 856 51 19 sista
608 858 115 19 momentet
740 857 23 20 af
779 863 74 20 propo-

108 892 100 19 sitionen:
231 890 97 27 Yringare
351 889 97 21 brottmål
470 890 39 20 och
525 890 5 19 i
547 890 118 20 tvistemål”
681 897 50 14 vara
746 891 67 20 bättre
828 894 26 17 än

109 927 36 20 det
159 926 6 19 i
181 925 157 20 reservationen
362 924 119 27 föreslagna
504 924 78 21 ”andra
597 925 61 26 mäl”,
682 925 94 20 förordar
798 927 56 18 anta-

109 960 78 27 gandet
202 959 22 20 af
238 959 40 20 den
294 959 82 26 Nädiga
392 959 164 26 propositionen.

177 993 54 21 Herr
246 993 123 20 Jansson:
390 993 40 20 För
450 994 42 19 min
512 993 34 20 del
562 993 84 20 förenar
658 994 37 26 jag
712 994 43 26 mig
769 995 7 18 i
791 1000 65 14 reser-

111 1030 111 18 vanternes
238 1028 84 27 förslag.
351 1027 41 27 Jag
407 1034 61 13 anser
483 1028 19 24 ej
519 1027 45 20 skäl
580 1027 132 20 förekomma
726 1029 30 18 att
771 1028 87 21 beröfva

111 1063 99 20 domaren
230 1062 40 20 den
289 1062 157 27 pröfningsrätt,
462 1068 43 14 som
522 1062 77 20 honom
615 1069 75 19 genom
711 1062 97 27 gällande
824 1063 34 26 lag

112 1100 23 17 är
149 1097 7 19 i
172 1103 27 13 nu
215 1096 161 27 ifrågavarande
391 1097 100 20 afseende
507 1096 81 27 tillagd,
604 1096 27 20 dä
649 1096 153 27 pröfningsrätt
823 1103 36 14 en-

113 1131 38 27 ligt
166 1137 66 20 nyare
247 1131 59 26 lagar
320 1131 7 19 i
344 1130 76 27 mänga
435 1131 104 26 vigtigare
554 1130 36 21 fall
606 1133 23 18 är
644 1130 31 20 till
695 1130 77 21 honom
792 1131 67 20 öfver-

114 1165 90 20 lemnad.
234 1165 61 20 Hvad
311 1165 65 20 likväl
391 1166 50 19 sista
457 1166 114 19 momentet
587 1165 72 26 angår,
675 1165 23 20 sä
717 1171 61 14 anser
794 1166 44 26 jag,
854 1166 6 19 i

116 1199 66 20 likhet
200 1199 47 20 med
268 1199 54 20 Herr
337 1199 102 26 Boström,
459 1201 30 18 att
504 1199 64 26 något
583 1199 150 26 lagstadgande
749 1199 20 26 ej
787 1199 75 26 finnes,

115 1239 44 14 som
175 1233 68 20 skulle
259 1233 95 20 förmena
370 1233 133 27 mälsegande
523 1235 30 18 att
568 1233 6 20 i
591 1233 80 20 hvilket
691 1233 41 20 mål
748 1239 44 14 som
808 1233 55 21 helst

116 1274 76 21 genom
208 1267 77 21 ombud
302 1268 108 26 uppträda,
434 1268 52 20 dock
510 1268 49 20 med
575 1267 123 27 skyldighet
713 1269 30 18 att
761 1267 49 26 sjelf
823 1268 39 20 till-

117 1302 161 26 städeskomma,
294 1302 27 20 då
336 1302 100 20 domaren
452 1302 84 27 pröfvar
552 1302 35 20 det
602 1302 75 26 nöäigt
694 1308 56 13 vara.

185 1336 54 20 Herr
254 1333 142 30 Öhrnberg:
418 1337 41 26 Jag
481 1336 38 21 ber
541 1339 31 18 att
593 1336 21 20 fä
632 1336 87 27 tillägga
737 1336 65 27 nägra
820 1338 44 20 ord.

117 1371 41 26 Jag
173 1370 53 20 skall
242 1371 20 26 ej
277 1373 51 24 göra
344 1371 64 26 nägot
422 1371 71 20 försök
509 1373 31 18 att
554 1370 130 27 vederlägga
698 1370 52 20 eller
770 1373 95 19 närmare

119 1405 73 26 belysa
207 1405 26 20 de
248 1404 108 21 allmänna
370 1405 145 26 betraktelser,
532 1405 91 20 rörande
633 1405 41 20 den
686 1404 113 21 tilltalades
810 1406 56 19 ställ-
