1039 1692
208 119 34 17 402
493 118 40 19 Den
547 119 18 17 21
581 119 53 18 Mars.

187 176 97 27 vidtager
305 183 24 13 en
354 177 85 26 mycket
462 177 66 27 vigtig
549 177 130 27 förrättning,
700 178 145 26 uppgörandet
859 178 23 20 af
895 178 39 20 för-

188 211 45 27 slag
255 211 32 20 till
310 211 177 20 tunnelandtalets
510 211 165 26 bestämmande,
698 211 110 21 hvaröfver
830 213 105 26 allmogen

187 246 45 19 åter
255 245 76 20 blifver
353 245 59 26 hörd,
436 246 39 19 och
498 245 91 21 härefter
612 246 61 26 ingår
695 246 31 20 till
749 246 137 21 Guvernören
902 247 36 20 det

187 280 81 26 vigtiga
284 280 38 20 och
338 280 120 26 angelägna
473 280 142 25 dokumentet,
632 280 39 20 den
691 281 138 20 summariska
848 282 88 20 beskrif-

188 314 78 26 ningen
284 314 38 20 och
339 314 99 26 förslaget
454 314 30 20 till
500 314 178 20 tunnelandtalets
695 315 163 20 bestämmande.
877 316 59 20 Efter

188 348 35 20 det
238 350 30 18 att
291 348 136 20 Guvernören
448 349 101 19 inhemtat
564 349 213 20 länelandtmätarens
798 349 138 26 betänkande,

187 389 37 20 ger
239 383 41 19 han
297 383 6 19 i
320 382 64 20 saken
401 383 35 20 sitt
452 384 73 26 utslag,
540 383 81 20 hvilket
636 383 121 20 hemställes
773 384 31 19 till
818 384 119 26 Kejserliga

187 416 103 20 Senatens
314 418 104 26 pröfning.
452 418 68 19 Sedan
548 417 90 21 Senaten
662 417 103 20 infordrat
786 418 150 20 Landtmäteri-

188 452 116 26 styrelsens
327 451 107 21 utlätande
456 452 39 20 och
517 452 132 20 betänkande
665 452 7 19 i
688 452 73 23 saken,
777 452 60 20 faller
855 452 35 20 det
906 455 29 17 ut-

187 487 51 26 slag,
255 492 44 13 som
316 486 100 20 utskottet
431 493 27 13 nu
474 486 37 20 har
527 486 30 20 till
574 488 42 18 stor
632 485 33 20 del
682 486 90 26 afgifvit,
795 486 51 20 eller
864 486 76 20 hvaraf

188 521 55 20 vissa
267 521 57 20 delar
346 521 22 19 af
390 520 101 20 utskottet
512 520 109 26 uppställts
643 520 67 20 säsom
733 520 69 20 vilkor
825 520 31 20 för
879 520 58 20 bifall

186 555 31 20 till
232 555 162 27 ifrägavarande
410 554 133 20 kontrakters
559 554 154 27 upphäfvande.

255 590 31 20 Pä
300 590 68 26 grund
384 590 23 19 af
420 589 39 20 den
478 589 145 20 beskaffenhet
638 588 65 20 saken
720 595 27 13 nu
763 589 43 25 har,
818 589 66 20 skulle
898 590 38 26 jag

187 624 107 26 tillstyrka
316 624 128 26 antagandet
466 624 23 19 af
509 623 111 20 utskottets
642 622 135 21 betänkande
795 623 6 19 i
818 624 47 20 hela
888 624 47 20 dess

188 658 56 24 vidd,
261 658 55 20 hvad
338 658 66 27 angär
420 658 36 20 det
477 657 155 27 exceptionella
655 657 125 20 tillständets
799 658 135 27 upphörande

187 693 39 19 och
242 693 36 20 det
294 692 103 20 normalas
413 692 130 25 inträdande,
559 692 22 20 sä
597 693 29 18 att
643 691 52 21 både
712 691 25 20 de
753 692 123 27 rättigheter
896 694 38 19 och

186 727 154 27 skyldigheter,
362 734 44 12 som
429 726 150 20 kontrakterne
602 726 101 25 medföra,
727 726 67 20 skulle
814 727 122 26 upphäfvas,

187 764 54 17 samt
263 761 77 20 föreslä
362 763 30 18 att
415 760 39 20 den
478 761 67 25 öfriga
561 760 60 20 delen
639 760 22 20 af
675 760 111 20 utskottets
802 760 133 22 betänkande

186 795 68 21 skulle
278 796 80 20 lemnas
381 798 47 17 utan
452 795 37 20 allt
511 794 105 26 afseende,
639 794 23 20 sä
684 796 30 18 att
729 795 87 20 Ständet
832 797 19 25 ej
868 796 67 20 skulle

186 836 50 13 anse
260 830 40 19 den
324 830 108 19 föranleda
456 829 29 19 till
510 829 67 26 nägon
595 829 72 20 vidare
687 828 73 27 ätgärd
777 830 43 19 frän
837 830 97 21 Ständets

186 863 51 20 sida.
268 863 76 20 Kunde
365 863 49 20 icke
437 863 68 20 denna
520 863 54 27 äsigt
589 863 64 20 vinna
675 863 65 22 bifall,
761 864 34 19 vill
810 865 36 26 jag
862 865 72 21 förena

187 898 42 26 mig
253 899 29 19 uti
304 898 40 20 den
367 898 23 20 af
409 897 96 20 Friherre
525 903 40 14 von
581 897 58 20 Troil
659 897 80 27 afgifna
754 900 53 18 samt
822 899 22 20 af
858 899 76 21 Herrar

186 933 98 26 Pipping,
300 932 86 21 Alfthan
402 933 38 19 och
457 932 54 27 Borg
528 931 141 21 understödda
677 933 135 26 reservation,
829 934 104 27 utgäende

186 967 66 26 derpä
268 969 30 18 att
312 967 104 20 särskilda
431 967 6 19 i
453 967 156 20 reservationen
626 969 108 24 upptagna
749 968 183 26 omständigheter,

186 1001 80 26 hvilka,
279 1001 65 26 jemte
360 1001 72 26 andra,
455 1001 100 20 utskottet
578 1000 56 20 velat
652 1001 104 26 uppställa
775 1001 68 20 såsom
858 1002 75 25 vilkor,

186 1035 68 20 skulle
270 1035 68 20 såsom
354 1034 158 27 önskningsmål
527 1035 50 26 ingå
595 1035 28 19 uti
644 1034 127 21 Ständernes
790 1035 144 27 underdåniga

185 1076 48 13 svar
249 1069 13 20 &
277 1070 40 19 den
333 1069 82 27 Nädiga
431 1069 162 26 propositionen.
612 1069 40 26 Jag
668 1075 61 14 anser
745 1069 43 27 mig
802 1076 78 20 genom
891 1071 41 18 min

186 1104 154 26 framställning
362 1103 62 20 äfven
448 1103 61 20 hafva
533 1103 108 26 vederlagt
655 1103 53 20 Herr
723 1103 117 26 Nylanders
857 1104 30 19 till
903 1107 29 17 ut-

186 1137 90 20 skottets
291 1137 134 21 betänkande
441 1137 76 26 fogade
533 1137 103 20 särskilda
651 1137 137 20 reservation.

255 1172 53 20 Herr
322 1171 142 27 Nylander:
486 1172 32 19 Då
541 1171 137 20 förevarande
702 1171 59 26 fråga
778 1175 22 16 är
816 1172 21 19 af
852 1173 80 26 ganska

185 1208 43 18 stor
251 1206 45 26 vigt
318 1206 38 20 och
376 1206 115 26 betydelse,
511 1208 59 25 tager
583 1207 37 26 jag
635 1205 43 28 mig
694 1205 89 20 friheten
799 1206 84 20 anhålla
898 1213 33 13 om

185 1240 122 20 undseende
324 1240 37 20 hos
376 1239 93 26 Ständet,
486 1240 31 20 för
533 1240 40 20 den
589 1240 100 20 händelse
711 1240 37 26 jag
764 1239 69 21 kunde
847 1240 84 21 komma

184 1276 30 17 att
237 1274 65 19 blifva
324 1274 46 20 litet
385 1274 133 27 vidlyftigare
534 1275 7 19 i
557 1275 46 19 mitt
618 1274 97 27 föredrag
731 1277 25 16 än
776 1274 85 27 vanligt.
891 1275 41 20 Det

184 1308 115 27 föreligger
318 1308 7 19 i
343 1308 85 21 främsta
450 1311 87 18 rummet
561 1315 25 13 en
606 1308 113 27 rättsfräga
738 1307 51 21 eller
808 1308 122 27 tolkningen

182 1343 21 19 af
221 1343 25 19 18
263 1345 9 21 $
289 1343 29 19 uti
335 1343 53 20 1772
404 1343 32 20 års
452 1343 170 26 regeringsform,
638 1342 86 20 hvilken
741 1345 10 21 $
767 1342 29 19 uti
812 1343 39 20 den
866 1343 63 20 Nädi-

182 1383 27 20 ga
224 1376 158 27 propositionen
400 1377 67 20 blifvit
481 1377 105 27 åberopad
602 1377 68 20 såsom
687 1377 45 20 stöd
744 1377 32 19 för
786 1376 144 28 Regeringens

181 1410 155 27 framställning
351 1417 33 14 om
401 1411 120 27 förändring
536 1412 23 19 af
572 1411 26 20 de
613 1411 48 20 med
681 1411 110 25 Kuusamo,
812 1410 117 21 Kemiträsk
