1039 1692
195 141 23 16 30
457 139 40 17 Den
511 139 20 17 15
545 139 94 17 Februari.

242 198 54 20 Herr
318 196 142 26 Cajander:
483 196 40 26 Jag
549 197 84 19 förenar
663 197 43 26 mig
722 197 5 19 i
744 197 40 19 alla
804 198 57 19 delar
876 198 6 18 i
896 198 28 19 de

172 232 24 20 af
212 232 54 20 Herr
282 231 105 20 Mechelin
403 230 92 20 uttalade
511 230 87 27 åsigter.

243 266 53 20 Herr
312 265 142 19 Mechelin:
470 264 9 20 I
495 264 116 27 anledning
626 265 23 19 af
662 264 53 20 Herr
726 265 76 26 Sjöros'
818 264 105 27 förfrågan

175 306 33 13 ser
224 300 38 26 jag
282 299 65 26 mig
333 294 12 36 i
367 299 82 19 tillfälle
472 301 81 23 nämna,
577 301 30 17 att
630 299 35 19 det
687 299 97 26 åsyftade
806 298 119 21 ändamålet

175 334 48 20 med
246 333 311 26 landtdagsförhandlingarnas
581 332 123 27 utgifvande
727 333 53 19 efter
806 333 54 20 hand
882 334 44 25 just

176 374 50 14 vore
241 370 31 17 att
287 367 94 19 undvika
396 367 72 19 vidare
484 366 114 26 tryckning
613 367 23 19 af
649 366 56 20 dem.
736 367 40 19 Det
790 370 22 16 är
829 367 52 19 blott
894 367 32 19 för

176 404 30 18 att
226 402 34 19 det
280 401 64 19 måtte
366 407 50 13 vara
436 401 23 19 af
476 402 65 18 större
560 401 89 19 intresse
665 400 40 20 och
721 403 65 17 större
802 408 62 20 gagn,
881 407 43 13 som

174 437 38 25 jag
234 435 109 26 föreslagit
363 435 70 19 denna
448 435 52 19 form
521 434 32 20 för
569 435 60 19 deras
646 435 129 25 utgifvande.
804 435 75 26 Någon
896 436 28 18 vi-

176 471 50 19 dare
244 470 115 26 tryckning
378 469 24 19 af
417 468 186 27 förhandlingarna
621 469 68 19 skulle
709 469 81 20 således
806 470 18 25 ej
841 470 85 18 komma

175 505 6 19 i
204 504 66 26 fråga,
294 510 33 13 om
351 503 70 19 denna
443 503 49 19 sker
515 503 47 19 med
585 503 101 25 tillbörlig
709 509 84 21 omsorg
812 504 40 19 och
875 509 50 20 nog-

176 538 96 27 granhet.

245 572 53 19 Herr
317 570 130 20 Kiseleff:
467 570 40 26 Jag
527 570 61 20 utber
608 571 43 26 mig
670 570 20 20 få
705 570 85 20 förorda
804 572 30 18 att
849 571 40 19 den
905 571 24 19 af

176 606 54 19 Herr
244 604 106 21 Mechelin
366 604 119 26 föreslagna
501 604 131 26 publikation
648 604 24 20 af
683 604 242 26 landtdagsförhandlin-

176 646 67 20 garna
262 639 68 20 skulle
350 638 140 20 öfverlemnas
509 638 21 20 åt
549 638 41 20 den
612 638 98 20 enskilda
728 639 198 26 företagsamheten,

176 674 32 19 för
227 673 86 20 hvilken
336 672 27 20 då
381 672 100 26 möjligen
505 672 73 27 anslag
598 673 44 19 från
659 672 131 20 Statsverket
805 673 70 19 kunde
892 673 34 19 be-

176 708 68 19 redas.

245 741 54 20 Herr
314 740 98 26 Sjöros:
434 740 47 20 Med
501 740 114 26 anledning
635 740 23 20 af
676 740 55 20 hvad
754 741 53 19 Herr
822 740 105 20 Mechelin

178 782 86 13 numera
280 775 90 26 upplyst,
387 774 84 20 förenar
483 775 38 25 jag
536 774 44 26 mig
597 775 45 19 med
659 774 78 20 honom
753 775 6 19 i
775 775 47 25 allo,
839 782 47 12 men
900 774 27 20 då

177 810 67 25 enligt
266 809 47 20 mitt
336 808 137 20 förmenande
494 808 232 26 landtdagsordningen
749 809 125 25 förutsätter,
898 810 30 18 att

179 843 36 20 det
230 845 22 17 är
268 843 142 25 Regeringen,
426 849 45 13 som
487 842 128 25 ombesörjer
629 841 169 27 protokollernas
808 842 119 27 tryckning,

178 877 65 20 sedan
263 876 129 26 landtdagen
411 879 23 16 är
453 876 89 20 afslutad
559 876 32 19 får
603 877 37 25 jag
657 876 111 19 hemställa
783 877 31 19 till
830 876 96 20 Ståndets

178 910 151 27 bepröfvande,
348 910 103 20 huruvida
473 910 19 19 vi
513 910 72 20 kunna
603 910 52 20 fatta
673 909 65 27 något
754 910 67 20 beslut
836 911 7 19 i
858 910 69 20 denna

178 945 44 24 sak,
239 945 27 19 då
281 950 76 21 genom
373 944 230 26 landtdagsordningen
620 944 143 27 uttryckligen
784 947 22 17 är
821 945 106 19 föreskrif-

177 981 37 17 vet
229 979 52 19 huru
298 978 69 19 denna
382 978 132 25 publikation
532 978 37 20 bör
584 978 44 20 ske.

247 1013 53 19 Herr
324 1008 146 31 Öhrnberg:
495 1012 72 19 Såvidt
587 1013 38 26 jag
640 1013 82 19 kunnat
745 1013 93 26 uppfatta
860 1013 66 20 landt-

178 1046 180 27 dagsordningen,
373 1045 43 20 kan
431 1046 146 26 ifrågakomne
593 1046 117 27 stadgande
726 1046 44 20 afse
779 1047 74 20 endast
860 1047 67 26 publi-

178 1081 101 19 kationen
303 1080 23 19 af
346 1080 26 19 de
394 1080 84 26 Nådiga
500 1081 160 25 propositioner,
676 1080 118 20 utskottens
813 1081 115 20 betänkan-

178 1115 48 25 den,
245 1115 128 20 Ständernes
392 1114 121 20 skrifvelser
535 1115 32 19 till
590 1114 117 21 Monarken
726 1115 38 19 och
780 1115 149 26 landtdagsbe-

178 1149 70 26 slutet,
264 1155 48 14 men
328 1148 88 20 alldeles
432 1149 48 19 icke
495 1149 26 19 de
537 1149 167 26 förhandlingar,
720 1155 43 13 som
780 1152 40 23 äga
834 1156 45 13 rum
890 1150 38 19 hos

177 1183 27 20 de
228 1183 104 20 särskilda
354 1182 99 20 Stånden.
483 1183 151 26 Tryckningen
658 1183 24 19 af
698 1183 47 19 dem
761 1183 59 20 torde
839 1183 89 20 likasom

179 1217 75 20 hittills
277 1217 21 19 få
317 1217 50 19 bero
391 1217 24 19 af
437 1216 103 20 Ståndens
561 1217 74 20 beslut.
651 1228 28 3 —
694 1217 95 25 Derföre,
805 1217 39 20 och
860 1217 26 19 då
902 1217 26 19 de

179 1251 127 20 tvifvelsmål
323 1251 38 26 jag
381 1251 54 26 hyst,
456 1250 109 27 angående
584 1251 115 26 meningen
715 1251 47 20 med
777 1251 54 20 Herr
846 1251 82 20 Meche-

178 1285 40 19 lins
242 1285 162 26 framställning,
427 1284 44 20 deri
494 1285 113 26 nemligen,
631 1287 30 18 att
684 1285 40 19 den
748 1287 71 24 syntes
839 1285 43 26 mig
897 1292 31 12 ur-

179 1319 146 26 sprungligen,
345 1318 64 20 sådan
429 1319 40 19 den
488 1321 22 16 är
528 1319 87 20 affattad
630 1319 6 20 i
653 1319 36 19 det
704 1319 105 26 skriftliga
824 1319 106 26 förslaget,

178 1353 44 19 afse
243 1352 99 26 samtliga
360 1352 104 20 Ståndens
480 1352 164 27 förhandlingar,
661 1359 28 12 nu
707 1355 37 17 äro
762 1353 64 19 häfda
844 1353 86 25 derhän,

179 1389 31 17 att
225 1386 152 20 befordrandet
392 1387 31 19 till
439 1387 60 26 tryck
516 1387 67 20 skulle
599 1390 40 23 äga
652 1393 45 14 rum
709 1387 73 19 endast
791 1387 31 19 för
834 1387 98 26 Borgare.

179 1421 95 19 ständets
298 1420 268 27 diskussionsprotokoller,
589 1421 23 20 sä
634 1421 38 20 ber
692 1421 37 26 jag
750 1421 30 18 för
800 1421 41 19 min
862 1421 33 19 del
912 1421 20 19 få
