1039 1692
188 130 36 32 202
456 134 40 18 Den
510 136 20 16 27
544 135 95 18 Februari.

171 193 83 26 månad,
280 194 48 19 med
348 194 82 26 uppgift
449 200 33 13 om
506 194 57 19 tiden
583 194 39 19 och
643 193 78 25 stället,
742 193 36 19 der
800 193 26 20 de
842 192 29 20 till
888 192 35 20 det

171 228 121 26 föreslagna
308 228 119 20 bankhuset
442 228 116 26 uppgjorda
573 228 104 26 ritningar
693 227 71 20 kunde
779 227 23 20 af
820 227 102 20 Ständens

173 262 137 20 medlemmar
328 262 66 20 beses.

237 296 40 20 2:0.
309 296 80 26 Utdrag
405 303 23 13 ur
452 296 120 27 Högloflige
597 296 158 26 Ridderskapet
778 296 40 20 och
840 296 80 20 Adelns

171 330 107 26 protokoll
301 330 33 20 för
354 331 39 19 den
416 332 24 18 14
461 331 143 19 innevarande
624 330 100 20 Februari
744 336 33 14 om
800 330 72 20 remiss
892 330 31 19 till

172 364 222 20 Ekonomieutskottet
414 365 22 19 af
453 365 82 26 Nådiga
554 365 159 26 propositionen
729 364 110 26 angående
855 364 68 20 förän-

173 398 51 20 drad
239 398 69 26 grund
324 398 32 20 för
372 399 167 27 tolagsafgiftens
557 398 143 21 beräknande.

242 433 39 19 3:0.
312 432 81 27 Utdrag
416 440 23 12 ur
466 433 136 20 Hedervärda
626 432 169 21 Bondeståndets
820 432 104 26 protokoll

173 466 32 20 för
220 466 42 20 den
278 467 26 19 20
322 467 86 25 dennes,
424 467 110 26 angående
550 469 63 18 sättet
628 467 32 20 för
676 467 142 20 aflemnandet
833 467 23 19 af
865 467 59 20 Stän-

174 500 76 20 dernes
266 500 97 21 beslutna
378 502 146 26 underdåniga
539 501 208 27 tacksägelseadress
762 501 31 19 till
809 501 57 20 Hans
881 502 42 19 Ma-

171 535 65 25 jestät
251 534 110 27 Kejsaren.

239 569 119 27 Föredrogs
375 570 54 20 Herr
444 570 133 20 Boströms
593 570 30 20 till
645 570 6 20 i
672 570 41 26 dag
735 570 115 26 bordlagda
865 570 52 26 peti-

175 603 135 27 tionsförslag
326 610 33 14 om
376 604 140 26 skjutslegans
532 605 97 26 höjande.
661 604 45 20 Och
721 604 84 26 yttrade
819 604 32 26 sig
867 604 6 19 i
885 604 40 19 frå-

175 644 41 19 gan
232 637 94 26 följande
342 638 97 20 Ståndets
459 638 147 20 medlemmar:

242 672 56 20 Herr
315 672 141 20 Mechelin:
473 672 44 20 Den
533 672 24 20 af
569 672 54 20 Herr
643 672 96 20 Boström
755 672 119 20 inlemnade
890 679 36 19 pe-

175 706 67 26 tition,
262 706 111 26 angående
394 706 91 26 höjande
506 707 23 19 af
546 706 137 27 skjutslegan,
704 706 31 20 får
753 707 37 26 jag
806 706 76 20 föreslå
896 709 30 17 att

175 740 63 19 måtte
263 740 118 20 remitteras
407 740 30 20 till
460 740 227 26 Ekonomieutskottet,
713 740 39 20 och
772 743 30 17 att
817 740 25 20 de
859 740 67 26 öfrige

176 773 92 20 Stånden
286 774 71 20 derom
373 781 77 19 genom
466 775 192 26 protokollsutdrag
674 774 138 20 underrättas.

244 808 54 20 Herr
314 808 160 27 Tengström:
490 809 41 19 Det
547 809 84 25 utskott,
648 808 31 20 till
693 808 81 20 hvilket
788 808 73 26 frågan
874 808 53 20 skall

177 842 125 25 remitteras,
319 842 66 20 måste
401 843 33 19 väl
450 849 50 13 vara
518 843 97 19 Ståndets
633 842 104 20 Enskilda
751 843 176 19 Besvärsutskott.

176 875 224 21 Ekonomieutskottet
424 877 41 19 kan
491 877 36 19 det
545 877 18 26 ej
590 883 56 20 vara,
671 876 88 20 emedan
776 877 69 26 någon
861 877 64 19 sådan

175 909 60 27 fråga
250 910 19 25 ej
287 911 45 18 från
348 913 64 17 annat
427 911 64 19 Stånd
507 911 68 19 blifvit
591 911 30 20 dit
636 911 130 25 remitterad,
782 911 39 19 och
840 911 88 20 ärendet

177 943 19 26 ej
213 943 67 20 heller
300 944 42 19 står
361 945 6 18 i
387 945 151 26 sammanhang
557 945 48 20 med
627 945 68 26 någon
712 951 68 13 annan
797 945 31 19 till
842 945 85 20 Ekono-

178 978 146 20 mieutskottet
348 979 120 19 remitterad
491 979 65 26 fråga.
586 979 32 19 Då
641 979 35 20 det
696 979 65 20 likväl
780 982 22 17 är
818 979 66 20 kändt
898 981 30 18 att

176 1014 30 17 ett
230 1012 80 27 förslag
335 1012 30 20 till
391 1013 107 19 ordnande
517 1013 23 19 af
556 1013 232 26 skjutsningsväsendet
806 1014 6 19 i
834 1014 93 20 landet
917 1008 15 35 i

176 1045 48 20 hela
247 1046 49 19 dess
319 1047 125 26 omfattning
463 1047 66 20 håller
547 1047 27 26 på
592 1049 30 18 att
641 1047 113 25 utarbetas,
775 1047 22 20 så
812 1054 62 19 synes
893 1049 36 19 det

176 1086 51 13 vara
242 1079 122 28 lämpligast
382 1083 30 17 att
429 1081 42 19 låta
489 1081 69 20 denna
577 1081 102 26 speciella
694 1082 33 19 del
743 1082 22 19 af
778 1084 71 17 ämnet
866 1082 64 20 blifva

179 1113 106 20 beroende
307 1115 41 18 tills
372 1115 73 26 frågan
469 1115 6 19 i
498 1115 27 19 all
548 1116 31 19 sin
599 1116 127 26 omfattning
743 1115 67 20 blifvit
826 1116 102 27 reglerad.

178 1148 46 19 Bäst
250 1155 51 12 vore
324 1151 30 16 att
376 1148 42 20 låta
441 1149 46 19 hela
505 1149 74 26 frågan
595 1149 93 26 förfalla;
704 1156 33 13 om
754 1150 26 25 ej,
796 1149 23 20 så
834 1150 38 19 bör
887 1151 41 19 den

177 1182 119 19 remitteras
313 1182 30 19 till
359 1183 102 19 Enskilda
476 1183 198 20 Besvärsutskottet.

246 1216 55 19 Herr
316 1217 126 19 Boström:
465 1217 91 20 Emedan
577 1217 74 27 frågan
671 1224 64 19 synes
754 1224 50 13 vara
822 1218 23 19 af
862 1220 30 17 ett
907 1218 23 19 så

178 1250 88 19 allmänt
286 1251 88 19 intresse
396 1251 31 19 för
445 1251 77 21 landet,
543 1253 30 18 att
588 1252 40 19 den
646 1252 48 19 med
710 1252 37 19 allt
761 1251 46 20 skäl
824 1252 41 19 kan
881 1252 47 19 räk-

178 1290 37 13 nas
231 1284 32 19 till
280 1284 26 20 de
322 1284 76 27 frågor,
414 1291 44 14 som
475 1285 66 20 finnas
558 1286 105 19 omtalade
678 1286 7 19 i
701 1287 10 22 $
728 1286 26 19 52
769 1286 23 19 af
808 1286 121 27 landtdags-

178 1317 127 27 ordningen,
324 1319 68 26 enligt
411 1319 84 19 hvilken
515 1319 36 20 det
566 1320 125 19 ankommer
707 1319 27 26 på
749 1319 88 20 Ståndet
852 1322 31 17 att
897 1327 32 13 re-

179 1352 84 19 mittera
288 1359 26 13 en
338 1352 64 20 sådan
426 1353 59 26 fråga
508 1354 29 19 till
560 1353 95 20 Allmänt
679 1353 84 26 utskott,
780 1356 48 17 utan
844 1356 30 17 att
889 1355 40 19 den

178 1385 55 20 förut
249 1386 53 19 varit
320 1386 116 21 behandlad
454 1388 21 19 af
488 1387 98 20 Enskildt
602 1388 176 24 Besvärsutskott,
798 1388 39 19 och
853 1388 27 19 då
895 1389 34 20 det

179 1419 47 20 icke
250 1419 68 20 heller
337 1423 23 16 är
383 1423 29 17 ett
434 1421 91 20 enskildt
549 1421 63 20 Stånd
639 1422 84 26 betaget
742 1424 29 17 att
791 1423 140 26 uttryckligen
