1039 1692
415 118 41 18 Den
468 119 21 17 11
502 119 61 23 April,
807 120 39 17 581:

113 178 64 20 värda
192 178 123 26 petitionen,
338 183 34 13 om
392 177 39 19 den
453 177 64 20 ocksä
533 177 47 20 icke
596 177 71 21 kunde
683 178 44 20 helt
742 178 38 19 och
796 178 66 20 hället

112 213 78 19 lemnas
214 214 47 17 utan
286 211 106 25 afseende,
416 212 52 19 dock
493 212 67 19 skulle
585 212 118 20 modifieras
726 212 86 25 derhän,
832 214 29 18 att

112 246 57 20 Hans
185 246 118 26 Kejserliga
318 246 95 25 Majestät
430 246 49 19 ville
495 246 32 20 för
543 246 244 20 nästsammanträdande
801 246 58 20 Stän-

113 281 36 19 der
164 281 6 19 i
186 280 70 20 Näder
279 280 115 26 framlägga
417 282 29 18 ett
468 280 122 27 lagförslag,
609 282 30 18 att
655 287 25 13 en
697 281 52 19 efter
769 282 90 18 omstän-

112 315 132 27 digheterna-
258 314 82 26 lämpad
364 314 137 27 exportafgift
524 314 69 20 blefve
616 314 54 20 äsatt
692 315 35 19 det
745 314 113 26 trädvirke,

111 356 44 13 som
171 348 127 27 oförsägadt,
314 348 6 20 i
336 348 51 20 form
404 348 23 20 af
440 349 113 20 rundstock
570 349 77 20 utföres
664 348 45 20 frän
723 349 79 19 landet.

178 383 52 20 Herr
246 383 120 26 Sopanen
382 383 66 27 ansäg
463 385 36 24 att,
516 384 26 20 dä
558 384 33 20 vid
609 384 69 20 denna
693 383 100 27 landtdag
808 390 51 13 vore

111 417 59 27 fräga
192 424 33 13 om
249 417 93 26 fyllande
364 417 22 19 af
406 417 104 21 särskilda
532 418 119 20 statsbehof
670 418 39 20 och
732 418 126 26 bevillnings

112 452 155 26 medgifvande,
288 458 24 13 en
335 452 64 19 redan
422 452 95 27 befintlig
541 454 56 18 skatt
619 453 18 26 ej
655 452 64 20 borde
735 452 123 26 upphäfvas,

112 488 48 17 utan
175 486 118 26 förordade,
308 486 7 19 i
332 486 66 20 likhet
414 486 47 20 med
477 487 53 19 Herr
545 487 163 26 Neppenström,
723 488 30 18 att
766 486 30 20 till
812 487 44 19 häf-

111 521 67 19 vande
202 520 23 20 af
244 520 26 20 de
292 520 150 27 öfverklagade
462 521 210 20 missförhällandena
692 521 61 20 äfven
773 521 37 20 tull
826 521 31 19 för

111 557 75 24 export
201 554 23 21 af
237 555 112 19 rundstock
365 555 67 20 skulle
451 556 85 20 införas.

178 589 53 20 Herr
247 596 47 13 von
312 589 171 27 Zweygberg:
507 590 9 20 I
540 593 84 17 motsats
649 590 30 20 till
703 590 54 20 hvad
780 589 77 20 Herrar

110 624 154 26 Neppenström
280 624 38 19 och
334 623 97 27 Sopanen
448 624 75 26 anfört,
546 624 67 20 skulle
631 626 37 25 jag
688 630 50 14 anse
753 624 51 20 atti
820 623 36 20 all-

110 659 84 20 mänhet
210 658 68 27 nägon
295 658 113 26 exporttull
424 658 12 20 &
451 659 62 19 rundt
529 658 59 21 virke
605 660 18 25 ej
640 659 37 20 bör
699 658 157 27 ifrägakomma.

109 693 60 20 Hvad
192 692 88 27 specielt
302 692 132 20 vidkommer
456 693 82 20 landets
563 693 130 27 nordligaste
715 693 65 26 delar,
806 692 50 20 eller

110 728 83 19 trakten
216 727 22 20 af
254 726 89 27 Torneä,
362 726 23 20 sä
404 727 37 19 har
454 728 37 26 jag
507 728 43 26 mig
566 728 19 26 ej
601 728 160 20 förhällandena
778 727 78 20 derstä-

110 762 37 20 des
162 762 92 20 bekanta
269 762 39 19 och
323 761 41 20 kan
381 761 82 21 derföre
479 762 18 26 ej
515 762 104 20 bestämdt
632 764 57 25 yttra
701 763 43 26 mig
755 768 32 14 om
799 762 58 25 dem;

110 803 47 13 men
180 799 36 17 äro
240 796 25 20 de
290 795 85 26 sådana,
394 802 44 14 som
461 796 54 20 Herr
530 797 95 19 Boström
642 797 110 27 uppgifvit,
768 797 22 19 sä
806 804 49 13 vore

109 831 36 19 det
160 830 104 20 mähända
279 830 52 26 skäl,
347 832 29 17 att
392 837 25 13 en
437 831 248 27 undantagsförfattning,
709 832 88 19 rörande
820 838 35 13 ex-

109 867 73 24 porten
199 865 23 20 af
234 864 62 20 rundt
311 864 66 26 virke,
394 864 37 20 der
446 865 71 20 blefve
533 865 75 20 införd.
639 865 37 20 Att
691 866 95 20 deremot
801 866 4 19 i
815 866 39 19 all-

109 899 85 20 mänhet
210 899 89 26 belägga
314 899 62 19 rundt
392 899 59 20 virke
468 899 47 20 med
531 900 113 26 exporttull
668 900 51 20 eller
742 906 25 14 en
788 901 66 26 afoift,

109 933 145 21 motsvarande
270 933 197 26 sägningsafgiften,
483 939 50 14 vore
548 935 29 18 att
594 934 28 19 uti
638 941 26 13 en
680 936 42 18 stor
738 934 33 20 del
783 935 71 20 aflan-

108 968 35 20 det
166 967 141 26 undertrycka
329 967 168 26 skogsegarenes
515 969 111 19 intressen.
656 969 27 19 Vi
698 969 63 20 hafva
780 969 76 26 mänga

109 1003 81 20 mindre
205 1002 73 25 elfvar,
294 1008 43 13 som
353 1001 52 26 flyta
421 1004 21 17 ut
457 1002 7 19 i
479 1002 79 20 Finska
573 1003 40 19 och
633 1003 110 20 Bottniska
761 1003 93 26 vikarne,

108 1037 37 20 der
160 1037 6 20 i
182 1036 104 20 anseende
310 1035 29 20 till
364 1035 35 20 det
418 1037 18 25 ej
452 1036 70 20 alltför
537 1038 56 19 stora
609 1037 85 20 omräde
713 1038 61 20 dessa
789 1038 66 19 elfvar

109 1072 85 19 omfatta
216 1072 19 25 ej
259 1070 69 27 nägon
350 1070 38 27 säg
410 1070 71 21 blifvit
501 1071 77 26 anlagd
598 1071 39 20 och
657 1071 81 20 kanske
754 1073 19 25 ej
789 1072 66 20 heller

107 1106 80 19 kunnat
202 1105 106 26 anläggas.
339 1105 31 20 De
379 1105 136 26 skogsegare,
527 1112 44 13 som
587 1109 36 16 äro
641 1106 106 20 beroende
763 1106 22 20 af
794 1106 60 20 dessa

109 1140 65 20 elfvar
189 1140 31 19 för
236 1141 131 24 transporten
384 1139 23 20 af
420 1140 36 19 sitt
471 1140 67 26 virke,
554 1141 39 19 och
609 1147 44 13 som
670 1147 27 13 nu
713 1141 32 19 för
765 1141 88 19 detsam-

108 1181 33 14 ma
164 1174 72 19 kunna
257 1173 21 20 fä
300 1173 65 27 nägot
383 1174 56 27 slags
458 1175 49 26 pris,
531 1175 67 20 skulle
618 1181 77 20 genom
711 1181 26 14 en
753 1175 61 26 afgift
828 1175 27 26 pä

107 1209 62 20 rundt
185 1208 59 20 virke
259 1208 23 20 sä
297 1208 51 27 godt
363 1215 44 13 som
424 1210 120 25 utestängas
561 1209 44 20 frän
623 1209 136 26 marknaden,
772 1211 22 24 ty
806 1216 47 13 man

107 1246 41 23 vet,
164 1243 82 20 hvilket
261 1242 63 20 också
341 1242 101 21 utskottet
457 1243 38 20 har
511 1243 77 27 tydligt
604 1243 79 26 uttalat,
703 1245 30 18 att
752 1246 102 24 exporten

107 1278 22 20 af
143 1277 62 20 rundt
227 1277 59 20 virke
308 1279 22 17 är
350 1277 48 20 vida
417 1277 76 26 dyrare
513 1281 25 16 än
558 1281 102 23 exporten
679 1278 23 19 af
719 1277 39 20 den
777 1277 77 27 sågade

108 1313 50 19 eller
174 1311 107 20 förädlade
296 1317 72 20 varan,
384 1311 23 20 så
422 1313 29 18 att
467 1312 64 20 redan
551 1312 66 20 deruti
636 1312 68 27 ligger
722 1319 25 13 en
768 1313 87 26 motvigt

108 1347 30 19 till
154 1345 79 21 förmån
249 1345 31 20 för
303 1345 131 27 sågegarene
454 1346 23 20 af
495 1347 40 19 den
556 1346 129 27 betydenhet
705 1348 30 18 att
750 1347 19 25 ej
784 1347 70 26 någon

107 1380 132 20 konkurrens
254 1380 6 19 i
276 1379 26 20 de
318 1379 86 28 trakter,
421 1380 37 20 der
473 1381 62 26 sågar
550 1381 75 26 finnas,
639 1381 42 19 kan
694 1381 74 26 uppstå
778 1387 76 20 genom

107 1416 75 25 export
200 1414 23 20 af
235 1414 62 19 rundt
312 1414 67 21 virke.
410 1415 39 25 Jag
470 1415 68 20 skulle
553 1415 27 26 på
595 1415 68 26 grund
679 1415 22 19 af
715 1415 36 19 det
769 1415 87 20 anförda
