1039 1692
188 138 23 17 94
452 136 41 16 Den
507 136 20 16 16
539 134 95 18 Februari.

168 202 44 20 gar,
231 194 93 26 föreslog
339 194 54 19 Herr
408 193 131 20 Mechelin
556 194 29 18 att
600 192 70 20 denna
686 191 29 20 tid
731 191 68 20 skulle
815 192 103 20 förkortas

169 229 127 20 åtminstone
312 228 32 20 till
359 227 79 20 hälften
454 227 52 20 eller
521 233 38 13 sex
574 228 13 18 å
601 227 31 25 sju
648 226 71 26 dagar.

237 264 54 19 Herr
307 262 163 20 Gummerus:
485 262 40 26 Jag
537 261 36 19 har
585 260 111 20 framställt
707 260 47 20 mitt
764 261 84 26 förslag,
864 267 54 13 eme-

170 298 41 19 dan
220 298 38 26 jag
271 296 47 20 icke
334 296 54 26 ägde
404 296 119 19 kännedom
541 302 33 12 om
590 295 51 19 huru
657 295 35 20 vid
708 296 128 26 föregående
852 296 66 19 landt-

170 332 66 26 dagar
260 330 104 25 förfarits;
386 330 40 20 och
446 330 64 20 sedan
530 329 54 20 Herr
603 326 113 30 Öhrnberg
733 336 86 14 numera
834 330 84 20 medde-

167 366 30 19 lat
215 365 130 27 upplysning
366 365 72 19 derom
456 364 65 26 jemte
541 363 74 20 skälen
634 364 75 24 dertill,
727 364 37 20 har
777 364 37 26 jag
829 364 31 20 för
876 365 42 19 min

169 400 34 20 del
219 400 19 26 ej
255 399 65 26 något
335 401 31 17 att
381 399 95 19 deremot
491 398 108 19 anmärka.

236 434 30 20 På
281 434 23 19 af
317 434 53 19 Herr
386 432 164 20 Talmannen
566 432 116 20 framställd
698 432 138 26 proposition,
852 433 68 20 beslöt

167 468 89 20 Ståndet
274 470 31 17 att
319 466 107 21 bibehålla
442 467 35 19 det
492 466 35 20 vid
543 466 128 26 föregående
686 466 126 27 landtdagar
827 469 92 25 antagna

167 504 40 18 och
218 503 66 25 följda
300 501 60 25 bruk,
376 502 30 18 att
418 501 105 26 justering
539 500 22 20 af
574 500 105 26 utgående
695 501 147 25 expeditioner
857 502 60 19 verk-

167 537 71 19 ställes
252 542 78 20 genom
341 535 61 20 deras
416 535 125 26 uppläsning
556 534 55 20 inför
626 534 95 26 Ståndet,
738 541 47 13 men
801 535 23 19 af
837 535 81 20 diskus-

168 570 187 27 sionsprotokollet
366 569 88 20 sålunda
465 571 30 18 att
505 569 116 19 detsamma
636 569 43 19 viss
695 568 30 20 tid
741 569 66 19 hålles
823 569 95 27 tillgäng-

166 605 40 26 ligt
228 605 32 19 till
280 603 157 27 genomseende
457 603 12 19 å
489 602 96 21 Ständets
605 602 76 26 kansli,
701 603 48 19 med
768 603 99 26 rättighet
886 604 32 19 för

167 638 161 20 vederbörande
347 638 73 24 talare,
440 639 31 17 att
485 637 74 19 endast
578 636 53 20 efter
650 637 99 19 anmälan
768 638 37 18 hos
820 637 98 21 Ståndets

168 672 137 20 Sekreterare
324 674 54 17 rätta
392 672 7 19 i
415 671 127 26 protokollet
557 671 100 27 möjligen
673 670 175 21 förekommande
864 672 55 20 orik-

168 706 98 27 tigheter.

235 740 58 20 Enär
303 740 54 19 Herr
372 739 161 20 Talmannen
549 746 27 12 nu
587 740 63 19 väkte
662 739 60 27 fråga
733 746 33 14 om
778 740 40 20 den
834 740 23 20 af
864 740 54 20 Herr

167 774 107 20 Mechelin
286 774 120 26 föreslagna
416 773 133 27 förkortning
565 773 23 20 af
601 774 57 19 tiden
675 773 32 19 för
727 774 138 26 protokollets
886 776 32 24 ju-

168 809 86 25 stering,
271 808 104 26 begärdes
391 808 60 20 ordet
466 808 23 19 af

236 842 54 19 Herr
306 841 129 26 Höckert,
452 848 43 13 som
511 841 93 26 yttrade:
634 842 41 25 Jag
687 841 31 20 får
733 841 32 20 för
781 842 42 19 min
839 842 34 19 del
888 842 30 20 fö-

167 876 61 26 reslå,
249 878 31 17 att
300 876 70 19 denna
388 875 60 27 fråga
467 876 71 19 kunde
559 875 64 20 blifva
638 876 108 19 beroende
762 875 79 20 tilldess
857 876 59 20 Stån-

168 910 46 19 dets
234 909 104 20 Enskilda
353 910 170 19 Besvärsutskott
538 909 83 27 afgifvit
636 911 36 18 sitt
687 910 115 25 utlåtande,
818 910 101 20 huruvida

168 951 26 13 en
206 944 198 27 landtdagstidning
416 944 54 19 skall
484 944 90 26 utgifvas
589 944 52 19 eller
657 944 26 25 ej.
714 944 31 19 Af
758 945 57 19 detta
831 945 87 19 utlåtan-

168 978 26 19 de
212 977 98 20 kommer
330 978 132 25 naturligtvis
477 978 73 27 frågan
566 984 33 13 om
615 979 52 19 huru
683 978 63 27 länge
762 978 158 27 protokollerna

166 1012 61 20 skola
241 1013 59 26 ligga
315 1012 27 26 på
358 1012 74 20 bordet
447 1014 30 17 att
493 1012 101 26 betingas.

236 1047 9 19 I
270 1047 116 26 anledning
408 1047 61 19 häraf
491 1046 84 26 beslöts,
599 1046 27 26 på
649 1046 156 27 framställning
827 1047 23 19 af
867 1047 53 20 Herr

168 1080 175 26 Talmannen,
360 1083 30 17 att
408 1080 73 26 frågan
501 1087 33 13 om
555 1081 40 19 den
614 1081 30 19 tid
665 1081 129 25 protokollet
813 1081 38 19 bör
870 1087 51 14 vara

170 1113 112 27 bordlagdt
302 1114 31 19 för
350 1115 104 26 justering
474 1115 66 19 skulle
560 1115 79 19 lemnas
656 1115 43 19 tills
716 1115 71 20 vidare
802 1115 119 25 beroende;

168 1155 48 12 men
236 1150 30 17 att
286 1148 70 19 denna
375 1148 29 20 tid
429 1149 104 19 derunder
554 1148 53 20 skall
627 1149 91 19 likasom
737 1149 34 20 vid
791 1149 129 26 föregående

167 1181 127 28 landtdagar
310 1184 74 25 utgöra
399 1182 76 26 fjorton
492 1183 71 26 dagar.

237 1217 171 20 Sammanträdet
423 1217 108 27 upphörde
547 1217 90 20 klockan
655 1217 28 26 ?/,
700 1217 32 20 till
748 1218 19 19 2.

367 1360 116 31 Lördagen
503 1361 42 22 den
567 1362 29 21 17
616 1361 107 22 Februari

168 1421 29 20 kl.
217 1422 23 19 12
257 1421 27 26 på
305 1421 67 26 dagen
393 1421 169 21 sammanträdde
581 1422 31 19 till
627 1422 87 26 plenum
733 1421 187 27 Borgareståndets
