1039 1692
211 132 33 18 154
344 154 3 2 N
473 134 41 17 Den
527 133 22 17 20
562 133 94 18 Februari.

188 190 55 20 inför
265 191 107 25 nationen,
391 191 94 26 pröfvad,
506 191 100 27 godkänd
626 192 39 20 och
686 192 102 21 fastställd
808 192 20 20 af
847 192 91 20 Landets

188 227 176 25 representanter.
395 225 31 20 Då
448 225 31 20 till
499 226 62 19 dessa
579 226 7 19 i
605 226 86 20 korthet
711 226 87 21 berörda
818 226 45 20 skäl
882 229 54 17 ännu

187 260 81 26 lägges,
290 259 51 25 dels,
364 261 30 17 att
414 259 26 20 de
459 259 131 27 högsinnade
611 260 44 26 ord,
675 267 45 13 som
740 261 56 20 Hans
816 260 118 26 Kejserliga

187 294 99 26 Majestät
301 292 91 21 uttalade
411 293 35 20 vid
466 294 121 26 öppnandet
602 294 23 20 af
637 294 130 28 landtdagen
786 296 6 18 i
812 294 123 27 September

191 328 60 25 1863,
272 327 105 26 berättiga
396 327 31 20 till
443 327 36 20 det
493 328 126 26 antagande,
636 330 30 18 att
682 329 37 19 vär
734 328 76 28 nädige
826 328 112 21 Storfurste

188 361 107 21 allaredan
312 361 67 20 täekts
394 368 55 20 egna
463 362 186 26 uppmärksamhet
664 363 21 19 ät
699 370 26 13 en
737 364 113 26 grundlags
861 363 77 20 reform

188 396 6 19 i
206 396 71 19 denna
287 395 100 27 riktning,
397 408 24 2 —
434 396 45 20 dels
493 396 45 20 åter
553 399 30 17 att
597 397 40 20 den
654 397 38 19 här
701 397 123 27 ifrågasatta
834 397 103 20 reformen

188 430 49 20 icke
252 430 68 20 skulle
336 430 101 20 innebära
452 432 30 18 ett
497 430 128 27 frängäende
642 431 23 19 af
677 432 41 20 den
730 432 80 27 vigtiga
820 432 118 26 grundsats,

190 471 44 13 som
257 464 74 26 bjuder
351 470 33 14 oss
404 466 30 18 att
454 465 72 20 trofast
544 465 65 21 värda
628 466 39 20 och
688 466 78 20 bevara
785 466 154 27 grundlagarne

190 499 40 20 och
248 498 49 21 icke
313 498 52 20 söka
380 499 108 20 föranleda
504 500 120 26 upprepade
640 500 53 20 eller
708 500 179 27 genomgripande
903 503 35 17 än-

190 533 86 27 dringar
291 534 7 18 i
314 533 113 25 desamma,
446 536 51 17 enär
513 534 106 26 nemligen
635 534 70 20 denna
721 534 76 20 reform
813 534 48 20 icke
871 534 67 20 skulle

190 570 75 24 utgöra
283 568 68 26 någon
372 567 170 27 omgestaltning,
563 568 74 20 endast
657 575 25 13 en
700 568 116 27 följdriktig
834 569 39 20 och
888 568 48 20 lids-

190 602 57 26 enlig
268 602 122 26 utveckling
410 602 22 20 af
446 604 29 18 ett
490 602 6 20 i
511 602 155 26 grundlagarne
682 602 65 20 redan
764 602 104 28 befintligt
883 603 53 19 stad-

189 636 76 27 gande,
286 636 23 20 sä
330 642 62 20 synes
415 636 42 26 mig
482 636 65 27 nägra
566 636 170 27 betänkligheter
751 637 47 20 icke
813 637 71 20 kunna
900 637 36 26 hy-

190 678 33 13 sas
246 670 90 21 rörande
359 670 35 20 det
416 670 128 20 motiverade
567 671 52 25 deri,
638 672 30 18 att
688 670 117 21 Ständerna
825 678 27 12 nu
872 671 67 20 skulle

193 706 75 19 nalkas
289 704 115 21 Monarken
426 704 46 20 med
494 712 25 13 en
541 704 131 28 underdänig
688 705 97 21 anhällan
805 712 33 13 om
858 708 29 18 att
905 706 35 19 hä-

189 740 96 20 danefter
301 740 21 19 fä
337 739 84 27 deltaga
437 739 28 19 uti
480 739 154 20 fastställandet
645 740 22 19 af
677 739 72 20 finska
759 740 83 20 Statens
852 740 86 26 budget.

259 774 41 27 Jag
319 774 88 20 förbiser
427 774 74 19 härvid
521 774 18 26 ej
559 774 26 20 de
601 774 138 26 svärigheter,
756 780 43 14 som
816 781 22 12 ur
855 776 45 18 rent
915 774 23 19 fi-

192 808 81 20 nansiel
292 808 107 26 synpunkt
419 808 71 20 kunna
511 808 120 20 framhållas
652 808 70 20 såsom
738 808 138 26 förknippade
893 808 47 20 med

192 842 304 27 budgetbestämningsrättens
521 841 148 27 inrymmande
695 841 22 20 ät
742 842 124 20 Ständerna.
901 842 37 25 Då,

192 877 67 26 enligt
281 876 236 27 landtdagsordningen,
540 876 87 27 lagtima
651 876 101 26 landtdag
775 877 165 19 sammanträder

192 911 75 20 endast
286 911 61 20 hvart
364 910 64 21 femte
444 910 28 26 är,
490 911 68 19 blefve
575 911 34 20 det
624 911 138 26 nödvändigt,
778 913 30 18 att
824 911 116 26 budgetens

192 945 107 26 reglering
316 945 72 25 hvarje
406 944 56 27 gäng
478 945 113 20 omfattade
607 945 71 20 denna
693 945 63 26 länga
771 945 29 20 tid
816 945 23 20 af
852 945 42 20 fem
910 945 28 26 &r,

192 979 52 20 eller
260 979 101 26 perioden
377 979 46 20 frän
439 979 39 20 och
494 979 47 20 med
557 979 45 20 äret
617 982 48 17 näst
680 979 53 20 efter
749 979 35 20 det
799 979 27 20 dä
841 979 100 27 landtdag

193 1013 66 20 hålles
279 1013 31 20 till
326 1013 38 20 och
380 1013 47 20 med
444 1013 35 20 det
494 1013 23 20 år
534 1014 65 19 under
615 1013 82 20 hvilket
712 1013 120 27 påföljande
843 1013 97 20 Ständer-

193 1049 56 18 möte
265 1048 93 19 afslutas.
388 1048 48 19 Men
452 1053 33 14 om
502 1047 39 20 ock
557 1048 125 26 utgifternas
698 1047 144 20 fastställande
857 1048 39 20 och
910 1048 30 19 in-

194 1083 132 19 komsternas
346 1082 135 20 beräknande
500 1082 31 20 för
549 1082 23 20 sä
592 1082 49 27 lång
660 1082 30 19 tid
711 1081 73 21 framåt
804 1085 22 16 är
846 1082 96 20 förenadt

193 1117 47 20 med
259 1117 138 26 svårigheter,
416 1117 23 19 sä
454 1119 35 18 äro
505 1117 61 20 dessa
581 1117 55 20 dock
652 1117 116 26 ingalunda
784 1115 156 21 oöfvervinner-

192 1151 49 26 liga.
272 1150 104 21 Jemföras
395 1151 140 20 Statsverkets
552 1151 145 26 räkenskaper
712 1151 32 19 för
759 1157 25 14 en
800 1151 74 26 längre
889 1151 51 26 följd

193 1186 23 19 af
232 1185 30 26 år,
282 1185 23 20 sä
324 1185 41 20 kan
386 1185 121 26 derigenom
524 1186 46 19 med
586 1185 165 26 tillförlitlighet,
767 1185 57 20 såväl
840 1185 55 20 hvad
910 1185 31 19 in-

192 1219 95 20 komster
303 1226 43 13 som
363 1219 85 27 utgifter
464 1220 137 26 vidkommer,
617 1219 92 26 utredas,
726 1219 71 20 hvilka
812 1219 56 20 titlar
879 1219 64 20 hafva

194 1261 25 12 en
243 1254 89 20 tendens
355 1256 29 17 att
406 1254 55 26 stiga
481 1254 52 20 eller
550 1254 50 20 falla
618 1253 40 20 och
679 1253 73 20 hvilka
770 1254 44 20 åter
836 1253 55 20 hålla
910 1254 33 25 sig

194 1295 58 13 mera
270 1289 120 19 stationära.
420 1288 47 20 Med
493 1288 86 27 ledning
599 1288 61 20 deraf
678 1289 40 19 och
738 1289 47 20 med
804 1288 36 19 det
857 1289 86 19 förutse-

192 1323 54 20 ende
266 1323 112 26 angående
393 1322 40 21 den
450 1322 128 21 beträffande
594 1323 113 26 periodens
723 1322 118 21 finansiella
852 1323 90 20 chancer

193 1357 40 20 och
258 1357 70 26 behof,
351 1363 44 14 som
418 1357 38 20 hos
475 1357 80 20 landets
575 1357 94 26 Styrelse
689 1357 40 20 och
747 1357 127 26 deputerade
895 1357 47 20 icke

192 1397 66 22 gerna
277 1391 41 20 kan
335 1391 83 26 saknas,
434 1391 59 20 torde
508 1398 26 13 en
550 1391 165 27 Statsreglering
731 1391 31 20 för
777 1391 41 20 fem
834 1391 23 20 är
872 1392 72 19 kunna

192 1427 105 25 uppgöras
313 1427 48 18 utan
378 1425 163 26 äfventyrandet
556 1426 23 20 af
592 1426 143 27 väsentligare
750 1426 28 20 fel
794 1425 52 20 eller
861 1425 82 26 brister,
