1039 1692
192 122 34 17 526
481 121 41 18 Den
533 120 11 18 9
557 121 60 23 April.

239 179 133 27 Föredrogos
388 178 40 20 och
445 178 111 21 bordlades
572 179 30 20 till
618 178 101 27 lördagen
731 179 41 20 den
789 179 24 20 13
829 179 7 19 i
852 179 68 19 denne

171 214 76 20 månad
264 213 93 27 följande
373 212 23 20 af
410 212 107 21 utskotten
531 214 81 26 afgifne
628 213 38 20 och
683 213 31 20 till
730 213 87 21 Ståndet
832 213 86 21 ankom-

172 255 26 13 ne
214 248 160 20 betänkanden:

240 281 170 21 Statsutskottets
432 282 134 21 betänkande
582 283 6 19 i
604 282 115 27 anledning
742 282 23 20 af
784 282 136 20 Hedervärda

171 316 168 20 Bondeståndets
362 316 179 26 petitionsförslag
565 319 30 18 att
613 317 34 20 vid
664 317 173 20 nästkommande
853 317 66 19 landt-

172 352 40 25 dag
228 351 117 20 Ständerne
368 350 68 20 skulle
459 352 120 26 föreläggas
597 351 69 27 Nädig
685 352 128 26 proposition
830 358 33 14 om
879 352 40 19 för-

170 386 92 26 säljning
277 386 23 19 af
314 385 25 20 de
356 385 80 20 mindre
452 386 39 20 och
507 386 92 20 kontroll
617 386 58 20 öfver
695 386 26 20 de
739 388 66 18 större
824 386 45 20 utaf
883 386 36 20 mi-

171 420 52 20 litie-
240 420 39 20 och
294 420 140 20 civil-statens
451 420 109 20 boställen.

240 454 158 26 Lagutskottets
421 454 134 20 betänkande
571 455 6 19 i
593 454 114 27 anledning
727 454 23 20 af
763 454 57 20 Hans
837 455 83 26 Kejser-

171 488 43 27 liga
237 489 108 25 Majestäts
368 489 84 26 Nädiga
475 489 129 26 proposition
624 489 111 27 angäende
755 489 115 27 ersättning
890 489 29 19 till

171 524 80 19 vittnen
268 523 6 19 i
290 523 79 20 sådana
384 523 74 27 grofva
475 524 104 26 brottmål,
595 524 28 20 uti
639 523 73 20 hvilka
727 524 76 20 allmän
820 523 99 27 åklagare

172 564 50 20 eger
238 558 46 19 föra
299 557 64 21 talan.

240 592 156 26 Lagutskottets
417 592 134 20 betänkande
569 593 6 19 i
591 592 114 27 anledning
724 592 23 20 af
763 593 57 19 Hans
836 593 82 26 Kejser-

170 627 44 26 liga
237 627 107 25 Majestäts
366 626 84 26 Nådiga
467 628 129 25 proposition
613 634 33 13 om
662 627 119 27 antagande
798 627 22 19 af
837 627 82 27 fridlys-

171 661 138 27 ningsstadga
324 660 32 20 för
372 667 45 20 gas-
434 661 39 20 och
489 661 189 27 vattenledningar.

240 695 95 27 Upptogs
358 695 94 20 härefter
473 695 30 20 till
527 696 127 26 behandling
676 696 167 20 Statsutskottets
868 696 50 19 till
911 691 12 36 i

171 730 41 26 dag
234 729 118 27 bordlagda
375 729 134 21 betänkande
530 730 7 19 i
560 730 115 26 anledning
690 730 23 20 af
726 730 56 20 Hans
802 729 118 27 Kejserliga

172 764 106 26 Majestäts
302 764 82 26 Nädiga
407 764 128 26 proposition
559 771 34 13 om
615 764 116 20 anvisande
754 764 22 20 af
797 764 73 26 anslag
890 764 29 20 till

173 799 113 19 understöd
309 798 32 20 för
364 798 26 20 de
413 798 124 20 kommuner
557 799 7 19 i
584 799 77 25 landet,
681 799 74 20 hvilka
773 802 35 16 äro
827 798 47 20 med
890 799 29 19 in-

172 833 122 26 gvartering
316 832 23 20 af
360 835 84 24 trupper
460 833 50 20 eller
527 833 90 20 militära
632 833 140 26 inrättningar
790 832 79 20 svärast
887 833 32 20 be-

171 867 99 27 tungade.

240 902 9 19 I
266 901 70 21 denna
351 901 60 27 fräga
425 901 84 26 yttrade
525 902 31 26 sig
572 901 162 21 nedannämnde
748 901 171 20 ständsmedlem-

174 943 44 13 mar
233 936 27 26 pä
276 938 40 18 sätt
332 942 43 14 som
392 935 72 26 följer:

240 970 54 20 Herr
310 970 140 20 Mechelin:
466 970 153 27 Föreliggande
635 971 80 20 ärende
730 970 138 21 sönderfaller
884 977 34 13 en-

172 1005 38 26 ligt
226 1005 42 19 min
285 1005 134 26 uppfattning
436 1005 28 19 uti
480 1007 77 18 tvenne
573 1005 162 26 hufvudsakliga
745 1005 64 25 delar,
820 1011 26 14 en
862 1006 58 18 rätts-

171 1039 29 26 lig
216 1039 39 20 och
272 1045 26 14 en
315 1039 105 20 finansiell
436 1039 65 26 fräga.
531 1039 32 20 En
579 1039 82 26 rättslig
677 1039 83 20 derföre
775 1041 30 18 att
820 1039 36 20 det
872 1039 48 20 icke

172 1074 41 19 kan
230 1074 85 19 komma
330 1073 6 20 i
352 1073 60 27 fråga
433 1075 31 18 att
486 1073 121 27 obetingadt
626 1073 129 20 tillerkänna
769 1073 151 20 kommunerne

171 1110 41 17 rätt
237 1108 32 19 till
292 1107 116 28 ersättning
431 1107 32 21 för
485 1107 160 27 ifrågavarande
666 1108 82 26 bördor,
769 1114 44 13 som
832 1107 26 27 pä
873 1108 47 20 dem

173 1143 63 19 hvila.
267 1142 41 20 Det
324 1142 59 20 torde
400 1143 105 26 nemligen
522 1143 51 19 först
588 1143 51 20 böra
654 1142 85 20 utredas
750 1142 102 20 huruvida
862 1141 58 21 kom-

172 1183 102 14 munerne
298 1177 109 26 verkligen
429 1177 66 26 enligt
510 1177 81 20 landets
606 1177 59 26 lagar
681 1177 72 19 kunna
769 1183 49 14 vara
835 1177 85 26 förplig-

173 1211 47 20 tade
243 1213 30 18 att
296 1211 51 20 bära
364 1211 145 27 ingvartering
528 1211 6 20 i
550 1211 86 20 hvilken
653 1211 145 26 utsträckning
814 1211 39 20 och
869 1211 51 20 hvil-

173 1245 42 20 ken
231 1245 94 26 tidsföljd
341 1251 44 14 som
399 1245 61 20 helst.
478 1246 31 19 Dä
520 1246 235 27 ingvarteringstungan
767 1245 85 27 pälades
864 1245 56 20 kom-

174 1286 102 13 munerne
291 1280 7 19 i
313 1279 79 27 landet,
408 1280 71 20 tänkte
496 1287 47 13 man
558 1281 32 26 sig
605 1281 48 19 icke
669 1279 70 27 någon
759 1279 163 27 koncentrering

172 1313 24 20 af
209 1313 78 20 militär
310 1314 29 19 uti
362 1314 56 20 vissa
433 1314 57 21 delar
505 1315 22 20 af
545 1315 71 20 landet
631 1314 52 21 eller
698 1313 119 20 inrättande
832 1313 23 20 af
869 1314 54 20 vissa

173 1350 138 25 permanenta
330 1348 165 27 militärdepoter
514 1349 28 20 uti
561 1349 150 25 smästäderna,
728 1347 83 20 hvilkas
829 1347 91 27 förmäga

171 1385 30 18 att
224 1383 52 20 bära
300 1382 39 20 den
364 1383 149 28 ingvartering,
536 1391 44 13 som
596 1383 61 21 deraf
671 1382 119 21 föranledes
809 1382 113 27 omöjligen

173 1417 41 20 kan
231 1416 70 21 förslä.
332 1417 42 27 Mig
390 1425 63 19 synes
469 1418 88 27 derföre,
573 1420 30 18 att
621 1420 13 18 t.
651 1425 19 13 o.
687 1425 26 14 m.
731 1417 35 20 det
781 1418 41 19 sätt
837 1417 31 20 för
882 1417 39 20 den
