1039 1692
202 139 35 17 164
473 138 40 17 Den
526 137 23 17 20
560 137 95 17 Februari.

182 197 40 21 och
237 196 71 27 frågor
324 196 23 20 af
360 195 86 27 mycket
460 195 82 20 mindre
557 195 77 20 allmän
646 194 148 21 beskaffenhet
805 194 62 21 hafva
880 200 50 20 upp-

181 231 63 26 tagits
260 230 24 20 af
296 230 98 25 Ståndet;
413 230 60 19 deras
497 229 39 20 öde
559 230 34 19 må
615 228 65 21 sedan
700 229 65 20 blifva
783 230 29 19 ett
828 229 51 20 eller
894 235 36 13 an-

182 267 44 18 nat:
243 271 48 13 man
306 264 82 20 känner
404 264 35 20 det
454 264 26 26 ej.
510 263 61 20 Hvad
587 264 70 19 denna
672 263 61 27 fråga
748 264 86 26 specielt
854 262 76 21 beträf-

168 296 2 2 *
182 300 38 25 far,
234 300 82 26 hoppas
328 299 38 25 jag
381 300 30 18 att
426 298 40 20 den
483 298 53 20 skall
551 298 105 26 välvilligt
671 300 104 24 upptagas
790 298 23 20 af
830 298 102 26 Borgare-

182 333 84 20 ständet
281 333 38 20 och
336 332 36 20 vill
384 333 38 26 jag
438 332 82 20 derföre
535 331 48 21 icke
593 332 129 20 understöda
732 332 53 20 Herr
796 332 136 26 Tengströms

182 367 61 27 åsigt,
259 369 31 17 att
305 366 115 27 petitionen
437 366 68 20 skulle
521 366 80 20 lemnas
616 368 50 18 utan
683 366 38 20 allt
740 366 106 20 afseende.

251 401 54 20 Herr
324 400 141 26 Nylander:
484 400 40 27 Jag
543 402 42 18 tror
605 402 30 18 att
651 400 80 20 bristen
751 400 27 26 pä
796 400 68 20 finska
879 400 52 19 folk-

182 436 130 20 skolelärare
328 434 48 20 med
391 434 89 20 särskild
497 434 96 27 bildning
608 434 32 20 för
656 435 61 19 deras
733 434 43 20 kall
791 437 23 17 är
825 434 56 20 känd
893 434 39 20 och

182 470 82 20 erkänd
279 470 57 19 inom
352 469 83 25 landet;
458 468 83 20 hvartill
561 471 55 17 ännu
632 469 36 19 det
684 468 132 20 förhällande
831 468 102 26 kommer,

183 506 30 18 att
235 503 67 21 andra
324 504 101 26 lämpliga
447 509 100 20 personer
569 503 70 20 dertill
659 503 66 19 sällan
746 503 70 19 kunna
836 502 96 26 erhällas,

184 538 64 26 nägot
264 544 45 13 som
322 538 38 26 jag
379 544 62 13 anser
460 544 50 13 vara
527 539 30 18 ett
576 537 82 27 ganska
675 537 76 27 vigtigt
766 537 45 20 skäl
827 537 32 19 för
875 537 57 19 bifall

183 571 127 20 åtminstone
326 572 6 18 i
348 571 146 20 hufvudsaken
510 571 31 19 till
557 571 39 20 den
613 572 122 26 föreslagna
750 572 127 25 petitionen;
893 571 39 20 vch

183 606 66 19 ehuru
268 605 115 27 anledning
403 605 31 20 till
455 606 71 19 vidare
546 606 137 26 andragande
703 606 6 19 i
725 605 73 27 frägan
814 605 32 20 väl
863 606 70 19 kunde

182 639 122 26 förefinnas,
319 639 37 19 vill
369 640 37 26 jag
422 638 54 21 dock
492 640 18 26 ej
527 640 85 19 dermed
630 639 80 20 belasta
725 639 134 27 protokollet.

252 673 54 20 Herr
321 673 137 20 Molander
473 674 72 19 anhöll
560 676 30 18 att
605 674 74 26 frägan
697 674 63 20 mätte
778 674 130 27 bordläggas.

252 707 54 21 Herr
322 707 145 27 Wallgren:
483 707 42 20 Min
543 708 84 26 mening
643 710 24 18 är
683 708 53 20 blott
755 711 30 17 att
800 708 83 27 päpeka
898 708 35 20 det

183 742 89 19 ärendet
294 744 23 17 är
340 741 22 20 af
382 742 41 20 den
446 742 51 26 vigt,
517 744 30 18 att
561 742 36 20 det
612 742 67 20 borde
695 743 31 19 till
742 742 93 20 Allmänt
856 742 76 20 utskott

182 776 126 20 remitteras.

252 810 55 20 Herr
322 810 119 26 Sopanen
456 810 101 20 förenade
572 811 32 27 sig
619 811 48 19 med
683 811 53 20 Herr
752 811 114 27 Wallgren.

253 843 54 21 Herr
322 844 78 27 Berg:
422 844 40 26 Jag
485 845 67 19 skulle
575 845 85 20 anhålla
682 847 30 18 att
734 846 72 27 frågan
828 846 19 25 ej
866 845 67 20 skulle

185 877 65 20 blifva
264 877 104 28 bordlagd
389 878 166 27 tillsvidare,
571 881 47 18 utan
635 881 30 18 att
681 880 42 19 viss
739 879 29 20 tid
784 879 70 21 derför
870 880 64 19 mätte

184 911 134 20 bestämmas.

251 945 31 20 Pä
305 946 79 27 förslag
406 947 24 19 af
450 947 52 20 Herr
517 947 137 21 Fabritius
675 948 79 20 beslöts
773 950 30 18 att
819 948 115 27 bordlägga

182 979 75 27 frägan
276 980 32 19 till
328 980 100 27 fredagen
448 981 40 20 den
507 982 27 20 23
554 981 86 27 dennes,
665 982 28 27 pä
712 983 36 19 det
763 985 29 18 att
812 983 122 19 densamma

183 1013 68 20 skulle
272 1013 72 21 kunna
365 1014 115 22 behandlas
499 1017 7 19 i
526 1017 151 26 sammanhang
694 1017 48 20 med
758 1017 64 20 andra
838 1017 26 20 dä
880 1017 53 20 före-

183 1047 129 21 kommande
328 1049 125 27 skolfrägor.

252 1083 197 27 Förhandlingarne
468 1085 93 20 afbrötos
580 1092 27 13 nu
627 1091 77 20 genom
728 1085 124 20 ankomsten
871 1086 23 19 af
908 1092 24 13 en

183 1117 123 26 deputation
322 1117 46 20 frän
384 1118 155 27 Ridderskapet
554 1120 38 19 och
608 1119 77 26 Adeln,
702 1120 66 19 under
786 1120 115 20 anförande
913 1121 23 18 af

184 1151 53 20 Herr
254 1157 40 14 von
318 1151 100 27 Kremer,
442 1159 43 14 som
505 1154 94 25 yttrade:
622 1153 170 28 ”Ridderskapet
810 1155 39 19 och
864 1155 68 19 Adeln

184 1185 36 20 har
239 1185 46 20 haft
302 1188 50 18 äran
372 1187 38 19 och
430 1187 57 26 nöjet
507 1189 30 18 att
552 1187 37 20 hos
608 1188 98 26 samtlige
721 1188 138 20 Medständen
876 1189 58 19 finna

183 1219 112 26 samklang
311 1220 29 19 uti
356 1220 41 20 den
413 1221 35 19 vid
467 1221 140 27 landtdagens
627 1222 75 26 början
719 1223 73 26 gjorda
807 1223 126 26 inbjudning

182 1255 37 24 att,
235 1253 28 26 pä
281 1253 68 26 grund
368 1255 22 19 af
408 1255 26 19 de
453 1256 29 19 uti
498 1256 51 19 allas
566 1257 49 19 vära
630 1257 83 25 hjertan
729 1257 104 26 naturliga
848 1257 86 20 känslor

182 1286 24 20 af
223 1286 133 21 tacksamhet
376 1289 32 19 för
430 1289 81 20 landets
530 1290 81 27 Nädige
626 1291 90 20 Monark
733 1291 31 20 för
782 1291 152 20 stadfästandet

181 1320 23 20 af
218 1321 41 19 den
281 1328 43 19 nya
341 1322 237 29 landtdagsordningen,
598 1325 31 20 till
652 1325 59 20 Hans
729 1325 96 26 Majestät
841 1326 36 19 vär
892 1325 40 20 Nä-

182 1354 49 27 dige
252 1354 113 21 Storfurste
385 1357 99 20 framföra
499 1359 106 25 uttrycket
620 1359 24 20 af
658 1360 40 19 den
715 1359 145 27 underdäniga
875 1360 57 20 tack-

182 1389 89 25 samhet,
288 1396 44 13 som
348 1391 6 18 i
370 1391 119 28 fullkomlig
505 1393 163 26 enstämmighet
684 1393 98 21 herrskar
798 1393 62 21 bland
873 1395 59 20 Stän-

182 1423 48 20 den.
262 1423 59 20 Dock
345 1424 37 21 har
404 1425 41 20 den
466 1426 93 21 beslutne
575 1427 148 27 underdäniga
737 1428 110 20 adressens
863 1429 70 20 aflem-
