1039 1692
417 118 40 18 Den
471 118 22 18 11
506 119 61 22 April.
818 118 34 16 583

121 177 69 19 denna
205 176 91 20 inkomst
312 183 50 14 vore
378 177 31 19 för
425 176 130 20 Statsverket
571 176 124 26 oumbärlig,
711 182 26 14 en
753 176 52 19 efter
826 182 41 13 om-

121 211 169 26 ständigheterna
306 211 82 26 lämpad
406 211 137 27 exportafgift
560 211 68 20 blefve
643 210 54 20 åsatt
705 211 35 19 det
754 210 114 25 trädvirke,

121 251 44 13 som
188 245 120 27 oförsågadt
322 246 7 18 i
345 245 52 20 form
421 245 23 19 af
464 245 114 20 rundstock
601 245 78 19 utföres
705 244 46 20 från
777 244 91 25 landet”,

120 278 40 20 kan
174 280 37 26 jag
227 279 81 20 derföre
325 279 31 20 för
372 280 43 19 min
432 280 33 19 del
481 280 114 26 ingalunda
610 280 117 19 instämma.
758 278 32 20 Då
809 278 59 26 fråga

120 314 64 19 första
206 314 81 26 gången
313 314 87 20 väcktes
424 320 33 13 om
480 314 88 26 petition
584 314 7 19 i
607 314 57 19 detta
683 313 60 26 syfte,
761 312 105 27 nemligen

119 348 35 19 vid
180 348 50 20 1867
255 348 32 20 års
310 348 108 26 landtdag,
437 354 49 14 voro
502 348 117 20 motiverna
635 348 18 26 ej
670 348 33 26 de,
723 354 44 13 som
783 354 27 12 nu
826 347 39 19 till-

118 382 94 26 kommit,
236 382 50 20 eller
308 384 30 18 att
365 384 75 24 export
462 382 22 20 af
504 382 113 20 rundstock
646 382 53 20 hade
726 382 80 26 begynt
827 382 38 19 och

120 416 64 20 borde
199 417 78 25 stäfjas,
293 419 48 17 utan
358 423 47 13 man
422 417 65 26 ansåg
503 417 74 19 endast
587 417 41 19 den
639 417 66 19 under
714 423 62 13 namn
788 416 23 19 af
820 416 46 26 såg-

120 450 122 27 ningsafgift
257 451 139 26 qvarstående
411 451 141 26 exporttullen
569 452 26 26 på
611 451 108 20 trädvaror
734 451 19 26 ej
772 456 50 14 vara
836 450 30 19 öf-

120 486 205 19 verensstämmande
342 486 46 19 med
406 486 40 19 den
463 485 100 20 industris
579 486 94 25 intresse,
685 492 44 13 som
741 485 6 19 i
758 485 46 19 vårt
816 485 48 19 land

119 520 132 26 sysselsätter
267 520 25 20 de
308 522 76 18 största
399 520 138 26 kapitalerna.
568 519 205 27 Sägningsafgiftens
788 519 77 20 afskaf-

118 554 61 20 fande
195 557 22 17 är
233 554 35 20 det
283 554 55 20 enda
352 554 115 26 korrektiv,
487 560 33 14 om
541 557 28 17 ett
589 554 74 20 sädant
681 554 108 25 behöfves,
810 556 55 18 emot

118 590 74 24 export
207 589 23 19 af
243 588 119 20 rundstock.
394 588 48 20 Man
459 588 36 20 bör
511 589 61 20 ställa
587 589 159 20 konkurrensen
762 588 26 27 pä
797 589 68 26 jemut

119 623 77 25 botten,
212 623 31 19 för
258 625 30 18 att
303 623 40 19 den
360 629 76 20 genom
453 624 32 26 sig
500 624 50 24 sjelf
563 624 53 19 skall
636 623 71 20 kunna
725 623 95 27 aflägsna
839 623 25 20 de

118 658 120 26 uppkomna
253 657 216 20 missförhällandena.
500 658 41 20 Det
555 664 64 20 synes
634 658 23 20 af
670 658 112 20 utskottets
793 658 71 20 betän-

117 691 76 27 kande,
209 698 43 14 som
270 698 33 14 om
320 692 100 20 utskottet
436 692 68 20 skulle
520 693 96 19 omfattat
631 693 40 19 den
683 692 82 28 äsigten
777 694 29 18 att
817 699 47 13 man

117 733 75 20 genom
209 726 113 27 exporttull
338 726 71 20 kunde
425 726 62 26 stäfja
502 734 26 13 en
544 727 199 27 skogsafverkning,
759 734 43 13 som
818 734 46 13 man

117 768 61 13 anser
192 767 50 14 vara
258 760 64 27 nägot
338 760 31 20 för
384 761 64 19 stark.
478 761 41 27 Jag
534 762 64 26 vägar
614 762 54 19 dock
685 762 92 25 betvifla,
793 764 30 18 att
836 764 30 18 ett

117 796 73 20 sådant
212 796 86 20 resultat
321 794 41 20 kan
386 795 86 20 dermed
494 796 79 19 vinnas.
603 796 166 26 Konsegvensen
788 796 23 20 af
824 796 40 20 den

117 831 60 26 äsigt,
201 837 44 13 som
269 830 67 19 finnes
359 829 79 20 uttalad
454 831 6 18 i
477 830 144 20 betänkandet
643 837 47 20 pag.
711 831 11 19 5
743 831 6 19 i
772 831 92 26 följande

117 865 47 20 ord:
188 863 206 28 Y”Sägningsafgiften
418 863 37 20 har
475 864 106 27 nemligen
600 866 79 18 ansetts
697 865 121 27 nödvändig
833 865 32 20 för

117 901 30 18 att
160 899 48 20 ieke
224 906 25 13 en
266 898 69 21 alltför
352 897 86 26 mycket
448 899 86 26 gynnad
545 899 192 26 skogsafverkning
750 899 56 20 inom
817 899 48 20 kort

118 934 33 20 mä
165 937 52 23 göra
232 933 40 20 slut
287 933 27 26 pä
330 939 25 13 en
372 932 22 20 af
408 932 45 20 vårt
468 933 60 20 lands
543 933 113 27 vigtigaste
677 934 186 25 naturprodukter?

118 980 23 3 —
159 968 160 26 konsegvensen
336 967 60 19 häraf
410 973 50 14 vore
476 967 47 26 den,
539 969 30 18 att
585 974 33 13 om
635 968 20 19 vi
671 968 50 26 vilja
737 968 77 20 bevara
828 969 36 19 vär

116 1003 59 26 skog,
196 1002 22 19 sä
238 1001 33 20 mä
286 1001 20 20 vi
322 1001 68 20 införa
405 1001 37 20 allt
458 1001 64 27 högre
543 1002 38 19 och
598 1002 65 26 högre
679 1002 185 27 sägningsafgifter

118 1049 23 2 —
158 1037 39 19 och
221 1037 61 19 hvem
302 1035 68 20 skulle
390 1035 54 20 dock
466 1035 49 26 vilja
531 1036 65 26 draga
611 1036 74 26 dylika
700 1037 164 26 konsegvenser.

117 1071 47 20 Man
184 1070 41 19 kan
248 1070 32 19 väl
301 1070 19 25 ej
337 1071 48 18 utan
403 1069 124 26 bekymmer
543 1070 64 20 tänka
623 1070 26 27 pä
665 1071 39 19 den
721 1071 36 24 tid,
776 1071 26 20 dä
818 1072 45 26 säg-

118 1105 101 20 industrin
236 1104 67 20 skulle
319 1103 63 20 hafva
401 1103 108 20 reducerat
529 1104 35 19 vär
585 1104 132 27 skogsareal;
735 1112 45 13 men
797 1106 67 20 öfver-

117 1140 37 20 allt
167 1140 6 19 i
190 1139 86 20 verlden
293 1138 37 19 har
345 1137 117 27 tillgängen
485 1139 54 19 varit
561 1138 71 26 sädan,
648 1141 29 18 att
693 1139 26 20 de
739 1139 69 20 lättast
823 1140 41 20 till-

116 1174 100 27 gängliga
231 1173 140 26 tillgängarne
388 1172 111 27 tillgripits,
516 1173 69 20 förrän
601 1173 36 20 det
652 1173 72 27 högre,
740 1173 27 26 pä
784 1173 80 27 uppfin-

117 1209 49 26 ning
190 1208 38 19 och
251 1207 120 26 intelligens
394 1206 102 21 baserade
519 1207 82 20 arbetet
619 1207 48 27 fyllt
687 1207 39 20 den
747 1207 56 27 brist,
819 1215 44 13 som

116 1249 76 20 genom
208 1240 215 27 naturprodukternas
438 1241 92 27 sköfling
550 1241 136 27 uppkommit.
717 1241 80 21 Genom
818 1243 45 26 säg-

116 1277 102 20 industrin
242 1275 51 20 ökas
316 1275 82 20 landets
422 1275 152 27 förmögenhet,
595 1276 39 20 och
651 1276 22 26 ju
690 1282 44 13 mer
750 1276 39 20 den
806 1276 58 26 ökas,

116 1312 47 19 dess
187 1317 57 13 mera
266 1309 40 20 kan
331 1316 47 13 man
399 1309 93 20 undvara
511 1310 35 20 det
561 1310 106 26 primitiva
686 1310 143 27 tillgripandet
844 1311 23 19 af

116 1345 95 20 vexande
227 1344 52 19 träd.
309 1343 137 20 Korrektivet
460 1347 57 17 emot
532 1351 26 13 en
574 1345 81 26 hejdlös
673 1344 191 27 skogsafverkning

116 1380 41 19 kan
173 1379 19 26 ej
209 1378 57 27 ligga
280 1378 7 19 i
302 1380 64 18 annat
382 1381 26 17 än
424 1385 26 13 en
466 1379 97 27 stigande
578 1379 65 26 insigt
658 1385 34 13 om
707 1378 156 27 nödvändighe-

116 1416 34 18 ten
166 1413 23 20 af
202 1413 91 26 skogens
310 1412 114 21 vårdande.
440 1413 41 20 Det
496 1413 116 26 korrektiv,
629 1412 119 27 exporttull,
765 1419 43 14 som
818 1419 46 14 man
