1039 1692
191 129 35 18 426
470 128 42 18 Den
524 129 21 17 21
557 128 53 18 Mars.

170 187 105 27 vidtagas,
297 188 63 19 innan
381 187 69 20 denna
464 187 147 20 kommissions
629 187 132 20 betänkande
780 187 70 20 blifvit
864 186 53 20 före-

171 221 60 27 lagdt
246 221 47 20 dem
310 221 66 20 såsom
392 222 68 26 grund
475 222 32 19 för
521 222 123 26 ytterligare
660 222 146 26 tillgöranden.

240 256 54 19 Herr
309 255 98 26 Sjöros:
430 256 73 20 Såsom
526 256 73 27 tillägg
621 256 31 19 till
673 256 46 20 mitt
734 255 127 27 föregående
876 257 41 24 ytt-

172 290 72 26 rande,
261 290 31 20 får
304 290 38 26 jag
357 293 83 23 nämna,
456 292 30 18 att
498 291 37 26 jag
550 290 83 20 förenar
649 290 43 27 mig
707 290 7 20 i
732 290 53 20 Herr
803 289 115 21 Mechelins

172 324 60 27 åsigt,
257 324 35 20 det
314 324 53 20 Herr
389 324 158 27 Montgomerys
569 325 136 25 reservation,
728 324 68 20 såvidt
818 324 40 20 han
874 323 45 20 deri

173 358 133 20 ”eventuelt”
328 360 88 25 antager
438 359 111 20 utskottets
573 358 133 21 betänkande
725 358 7 20 i
751 358 124 26 hufvudsak,
898 361 22 17 är

173 393 107 26 olämplig.
310 393 40 19 Det
372 399 63 20 synes
458 394 43 25 mig
523 393 27 27 på
573 393 35 20 det
629 393 76 25 högsta
719 393 105 26 underligt
843 394 35 24 att,
894 392 27 26 på

174 428 41 18 sätt
230 427 88 20 sålunda
333 426 67 21 skulle
416 427 44 26 ske,
476 428 105 26 upphäfva
596 428 71 26 något,
683 434 44 13 som
745 434 48 13 man
809 426 12 21 å
835 433 41 13 ena
895 427 26 20 si-

174 462 40 19 dan
238 462 104 20 erkänner
364 463 30 18 att
417 461 37 20 bör
469 464 92 22 ersättas,
577 464 49 18 utan
642 463 30 18 att
687 468 48 13 man
751 461 12 20 å
777 461 66 20 andra
862 461 60 20 sidan

175 496 37 19 har
235 496 56 19 klart
311 496 31 19 för
365 496 31 26 sig
412 496 46 20 med
473 496 55 20 hvad
544 496 35 20 det
594 496 53 20 skall
663 497 94 19 ersättas.
786 496 9 19 I
811 496 35 20 det
864 495 59 21 fallet

175 530 69 20 finner
256 531 38 26 jag
309 530 111 20 utskottets
436 530 133 20 betänkande
586 530 85 26 mycket
686 530 73 26 bättre,
776 532 22 24 ty
813 531 35 19 det
858 532 64 18 sätter

175 564 127 20 åtminstone
324 564 64 27 något
402 564 7 20 i
424 564 76 26 stället,
519 571 76 20 genom
613 566 30 18 att
658 564 99 26 förklara,
773 564 67 20 såsom
856 563 65 21 orden

176 599 59 25 lyda:
259 598 43 20 ”att
320 598 155 21 innevånarene
495 599 6 19 i
517 599 90 20 nämnde
623 599 147 27 församlingar
785 599 137 19 underkastas

175 632 113 20 enahanda
302 633 163 26 bestämningar,
481 639 44 14 som
541 633 82 20 landets
639 633 67 27 öfriga
719 633 148 20 innevånare”.
883 633 40 20 Det

176 669 22 17 är
221 666 27 27 på
271 667 57 20 detta
346 667 45 20 skäl
404 668 37 26 jag
456 668 19 26 ej
492 667 41 21 kan
552 668 82 20 biträda
649 667 52 21 Herr
719 668 157 26 Montgomerys
891 674 32 14 re-

176 702 114 20 servation.
320 702 78 26 Skälet,
421 702 96 20 hvarföre
533 702 37 26 jag
589 702 18 26 ej
624 702 41 19 kan
681 701 114 27 godkänna
812 702 112 20 utskottets

177 736 135 20 betänkande
328 739 22 16 är
366 736 50 26 åter,
440 739 30 17 att
485 736 134 27 Regeringen
635 736 18 26 ej
670 736 99 27 framlagt
790 736 74 26 nödigt
882 743 42 13 ma-

176 771 68 25 terial,
260 777 44 13 som
320 770 67 21 skulle
402 771 67 20 tillåta
484 778 33 13 oss
533 778 25 13 en
572 771 123 26 jemförelse
711 771 88 20 emellan
816 771 40 25 det,
879 777 45 13 som

178 812 27 13 nu
221 805 54 20 skall
290 805 82 26 ändras,
388 806 38 18 oeh
443 806 94 26 tyngden
553 806 23 19 af
589 806 40 20 den
645 804 63 27 skatt,
724 812 43 13 som
783 805 41 19 den
842 811 43 20 nya
892 812 32 13 ro-

178 840 97 26 teringen
298 839 67 20 skulle
388 840 32 19 för
439 840 150 26 befolkningen
606 839 99 20 medföra.
735 840 40 26 Jag
789 840 41 19 kan
851 840 19 25 ej
886 841 40 18 rätt

178 873 70 26 förstå,
272 873 52 20 huru
346 880 48 13 man
417 880 27 13 nu
460 873 67 20 skulle
546 874 71 19 kunna
632 873 71 20 skrida
719 873 30 20 till
765 880 26 13 en
810 874 70 26 slutlig
896 874 30 19 åt-

178 909 52 26 gärd
247 909 6 19 i
271 908 36 20 det
321 908 106 20 oberedda
442 909 39 19 och
497 908 101 20 outredda
612 908 68 23 skick,
697 908 58 20 hvari
771 908 64 20 saken
848 915 27 12 nu
890 909 35 20 be-

179 943 67 19 finner
262 942 39 27 sig.

248 977 53 19 Herr
317 976 117 20 Masalin:
458 977 72 20 Redan
552 977 55 20 förut
629 977 65 19 under
721 976 145 21 diskussionen
890 977 37 20 har

176 1012 38 26 jag
233 1011 93 20 förordat
345 1011 40 20 den
400 1010 83 27 Nådiga
497 1011 168 26 propositionens
680 1011 120 26 antagande
818 1011 6 20 i
840 1011 86 20 hufvud-

179 1046 45 26 sak,
247 1045 40 20 och
310 1045 69 20 denna
398 1045 55 27 åsigt
468 1045 41 20 kan
523 1046 36 25 jag
575 1046 18 25 ej
610 1045 80 26 frångå,
706 1047 29 24 ty,
751 1045 65 20 ehuru
830 1046 36 26 jag
882 1045 45 20 full-

179 1081 91 26 komligt
294 1080 104 20 erkänner
416 1082 36 23 att,
475 1079 66 20 såsom
561 1079 54 20 Herr
630 1079 105 20 Mechelin
750 1079 120 26 framhällit,
887 1080 40 20 den

180 1115 74 26 åtgärd
271 1115 53 19 Herr
339 1114 147 27 Montgomery
501 1114 7 19 i
524 1114 30 19 sin
571 1113 80 28 afgifna
671 1114 128 19 reservation
820 1112 108 28 föreslagit

180 1149 68 20 skulle
264 1149 88 26 bidraga
367 1149 30 19 till
413 1148 84 27 frågans
514 1148 117 27 utredning,
648 1147 106 21 förefaller
769 1148 35 19 det
820 1147 53 21 dock
886 1148 42 26 mig

181 1183 69 20 såsom
266 1189 33 14 om
315 1183 57 20 detta
388 1183 77 20 ärende
481 1182 46 20 icke
543 1183 28 19 tål
587 1182 97 27 uppskof,
700 1183 49 18 utan
765 1183 6 18 i
790 1182 74 26 sjelfva
883 1189 45 13 ver-

181 1217 36 20 ket
232 1223 51 14 vore
300 1216 137 27 brådskande,
456 1217 3 19 i
477 1219 84 18 motsats
577 1219 43 18 mot
635 1217 55 20 hvad
705 1217 54 20 Herr
774 1216 104 21 Mechelin
893 1223 35 13 an-

181 1254 45 17 selt.
258 1252 9 19 I
283 1252 73 25 början
375 1251 22 20 af
417 1251 111 20 utskottets
547 1251 136 20 betänkande
703 1253 93 23 nämnes,
812 1253 29 17 att
856 1250 72 20 allmo-

180 1293 41 20 gen
246 1285 46 20 från
315 1285 25 20 de
363 1292 27 13 nu
405 1285 160 26 ifrågavarande
580 1285 109 20 trakterna
704 1291 76 20 genom
796 1285 46 19 sina
859 1291 70 19 repre-

181 1323 107 18 sentanter
307 1320 35 19 vid
357 1320 69 20 denna
440 1319 101 27 landtdag
556 1319 91 27 påyrkat
662 1319 63 20 bland
741 1320 63 19 annat
815 1319 116 26 ersättning

182 1356 23 19 af
217 1355 73 20 Staten
306 1355 30 19 för
352 1354 90 26 afyttrad
458 1354 104 27 sågstock.
592 1354 59 19 Efter
669 1353 54 20 hvad
737 1354 37 25 jag
790 1353 54 26 hört,
862 1353 68 20 skulle

182 1390 62 20 dessa
259 1389 79 20 trakter
353 1395 51 13 vara
420 1389 74 19 ställda
509 1388 66 20 under
587 1389 140 20 forst-statens
737 1387 135 26 förvaltning.
888 1388 43 19 När

182 1424 23 20 så
220 1427 30 23 är,
267 1419 65 44 måste
348 1423 35 20 det
399 1423 42 20 ofta
456 1423 102 26 förefalla,
574 1425 30 18 att
619 1423 138 25 öfvermogna
768 1421 45 20 träd
829 1422 6 19 i
851 1421 81 28 skogen
