1039 1692
420 125 41 17 Den
473 125 23 17 19
508 125 53 18 Mars,
810 126 33 17 383

117 183 115 20 Norrskärs
248 182 40 20 ock
305 182 114 21 Ulkokalla
435 183 106 20 blifvande
557 184 63 25 fyrar,
637 184 40 19 den
689 190 74 14 senare
775 184 18 26 ej
808 183 59 27 längt

121 217 43 20 frän
181 217 129 20 sistnämnde
326 218 52 25 stad,
394 218 82 19 utanför
491 217 105 27 Kalajoki,
612 218 59 26 ligga
686 218 98 20 städerna
795 218 71 25 Wasa,

119 251 131 27 Nykarleby,
265 252 117 20 Jakobstad
398 252 39 20 och
453 252 172 26 Gamlakarleby,
641 253 77 24 städer,
734 259 44 13 som
790 259 40 20 ega
840 260 26 12 en

120 286 67 27 gansk
204 286 94 26 betydlig
314 286 78 26 sjöfart,
408 289 48 17 utan
473 293 26 13 en
515 286 56 21 enda
588 286 76 27 fyrbåk
687 287 39 20 och
744 289 47 18 utan
808 287 58 21 säda-

120 328 27 13 na
161 321 37 19 lätt
214 320 133 27 tillgängliga
368 321 94 22 hamnar,
482 327 43 13 som
546 321 141 20 Mariehamns
703 322 38 20 och
759 322 25 20 de
800 322 68 27 öfriga

116 349 113 26 Åländska
245 356 143 25 uthamnarne,
405 355 70 20 hvilka
492 356 153 26 jemförelsevis
665 358 35 18 äro
722 356 50 20 lätta
786 357 30 19 att
831 363 35 13 an-

119 390 54 26 löpa,
189 390 23 20 sä
227 390 66 20 finner
309 396 55 20 man,
380 390 52 20 huru
447 390 82 26 obilligt
543 390 39 20 och
593 390 92 26 oskäligt
700 390 48 20 hela
759 390 107 27 petitions-

120 425 99 26 förslaget
235 428 29 22 är,
280 424 52 20 huru
348 424 36 20 det
398 424 77 20 saknar
490 424 27 20 all
529 424 65 27 grund
607 424 38 20 och
658 424 134 28 befogenhet.
808 425 58 20 Häri-

120 465 76 21 genom
213 459 95 20 kommer
320 459 38 26 jag
375 459 30 19 till
422 459 39 20 den
477 459 118 25 slutsatsen,
611 462 30 17 att
655 459 128 20 Mariehamn
803 462 22 17 är
841 466 25 13 en

120 494 50 20 liten
186 494 46 20 stad
249 493 46 20 med
312 496 56 17 stora
382 490 98 30 fhspräk,
496 500 26 13 en
539 494 45 20 stad
601 494 46 20 med
664 494 45 20 små
719 494 148 25 dimensioner,

121 534 47 14 men
184 530 56 18 stora
255 528 151 26 pretensioner.
436 528 40 26 Jag
493 528 48 20 ville
557 528 84 20 anhälla
656 531 30 17 att
705 529 40 19 den
764 528 103 27 ifrägava-

121 564 65 19 rande
202 563 116 26 petitionen
335 563 18 25 ej
371 562 34 20 mä
420 562 108 21 föranleda
543 563 31 19 till
591 562 68 27 nägon
676 562 80 28 ätgärd.

188 598 54 19 Herr
265 597 159 21 Talmannen
447 597 128 20 framställde
599 597 51 20 härä
675 597 136 27 proposition,
834 604 33 13 om

121 632 118 26 antagande
255 632 23 19 af
290 632 112 20 utskottets
418 632 141 26 betänkande,
577 632 87 20 hvilken
684 632 129 27 proposition
835 631 33 20 be-

122 667 98 20 svarades
243 666 47 20 med
313 666 156 27 öfvervägande
487 666 152 26 röstpluralitet
655 666 100 27 jakande,
771 666 31 20 till
818 666 51 26 följd

122 702 74 20 hvaraf
210 701 200 27 petitionsförslaget
426 701 129 20 förklarades
571 701 62 20 hafva
649 701 92 20 förfallit.

190 736 117 27 Föredrogs
323 736 39 20 och
378 736 111 20 bordlades
505 735 31 20 till
552 735 127 27 thorsdagen
695 736 41 20 den
752 736 24 20 21
790 735 79 20 dennes

122 773 30 17 ett
166 770 45 20 frän
235 770 97 20 Ständets
355 770 102 20 Enskilda
479 770 171 20 Besvärsutskott
665 770 117 20 inkommet
798 770 71 20 betän-

123 804 69 21 kande
208 804 22 20 sä
246 804 102 27 lydande:

459 839 38 20 N:o
517 840 18 19 9.

327 873 186 27 Borgareständets
528 873 103 20 Enskilda
646 873 177 20 Besvärsutskotts
834 871 35 21 be-

259 908 113 25 tänkande,
391 909 6 19 i
417 908 116 27 anledning
555 909 23 18 af
598 908 119 26 föreslagen
740 907 130 26 underdänig

258 943 88 26 petition
366 949 32 14 om
419 943 121 26 öppnandet
558 943 22 19 af
593 949 26 14 en
635 942 63 20 kanal
721 941 54 20 förbi
797 940 75 21 Kalkis

259 977 47 20 fors.

192 1011 42 20 Hos
257 1011 111 27 Vällotlige
388 1011 178 27 Borgareständet
582 1012 36 19 har
635 1011 152 26 framställning
804 1011 67 20 blifvit

123 1045 60 27 gjord
198 1046 72 20 derom
286 1048 30 17 att
333 1045 88 21 Ständet
441 1046 37 20 hos
494 1046 57 20 Hans
567 1045 117 28 Kejserliga
700 1047 95 25 Majestät
812 1047 7 18 i
835 1053 36 12 un-

124 1080 139 27 derdänighet
278 1080 67 21 skulle
361 1080 85 21 anhälla
461 1087 32 14 om
511 1081 121 26 öppnandet
647 1081 23 19 af
683 1087 26 14 en
725 1080 96 27 segelbar
834 1080 36 20 ka-

123 1115 34 20 nal
173 1115 53 20 förbi
242 1115 73 20 Kalkis
331 1115 48 25 fors,
395 1115 32 20 för
443 1115 115 20 förenande
575 1115 23 20 af
611 1115 85 26 Päijäne
707 1115 31 26 sjö
750 1115 46 20 med
808 1114 62 20 Ruot-

124 1150 93 20 salainen
241 1149 38 21 och
306 1149 144 21 Kauninselkä
465 1149 62 26 sjöar,
549 1149 39 20 och
604 1149 93 26 hvilken,
714 1149 26 20 dä
755 1149 117 26 Kymmene

124 1184 40 20 elfs
179 1184 143 27 kanalisering
337 1184 7 19 i
360 1184 111 20 framtiden
492 1190 50 13 vore
559 1185 30 18 att
607 1186 85 23 emotse,
713 1183 66 20 skulle
799 1185 74 25 utgöra

125 1225 26 13 en
167 1219 72 26 början
256 1218 33 20 till
305 1218 57 20 detta
381 1218 83 21 arbetes
483 1218 122 29 utförande;
628 1218 116 26 hvarjemie
764 1218 40 19 den
821 1224 49 19 upp-

122 1253 86 27 lysning
227 1253 106 20 meddelas
354 1255 29 18 att
401 1253 23 19 är
445 1253 51 20 1861
515 1252 158 27 undersökning
689 1253 38 19 och
743 1251 83 28 projekt
842 1251 30 20 till

125 1288 89 20 nämnde
231 1287 38 20 elfs
286 1287 142 27 kanalisering
444 1287 69 20 blifvit
529 1287 121 26 verkställd,
666 1287 86 20 hvarvid
769 1293 25 14 en
810 1286 63 20 kanal

125 1323 47 20 med
196 1322 52 20 sluss
270 1322 55 20 förbi
341 1321 73 21 Kalkis
429 1322 49 27 fors,
493 1322 78 27 anlagd
586 1322 31 19 till
633 1327 80 14 samma
732 1321 142 20 dimensioner

124 1363 44 14 som
191 1356 114 27 Wesijärvi
328 1356 69 27 kanal,
421 1357 112 19 beräknats
558 1357 85 19 komma
663 1358 30 17 att
708 1355 60 20 kosta
783 1355 89 26 240,000

126 1391 65 26 mark,
215 1397 55 19 men,
292 1390 67 27 enligt
377 1391 54 20 hvad
455 1397 24 14 en
497 1397 74 14 senare
588 1390 158 26 undersökning
761 1389 61 28 gifvit
839 1389 34 20 vid

125 1425 89 26 handen,
238 1425 58 20 torde
320 1425 70 20 kunna
413 1425 31 20 till
461 1425 48 20 vida
525 1425 97 27 billigare
638 1425 89 19 kostnad
744 1424 83 26 utföras,
843 1424 29 19 äf-
