1039 1692
202 112 33 18 560
481 112 41 18 Den
534 112 21 17 11
570 113 58 22 April.

178 172 20 18 åt
221 170 193 27 Bankfullmäktige
431 173 28 17 att
477 171 96 20 meddela
594 170 206 21 Bankodirektionen
822 171 104 26 decharge

180 206 31 19 för
227 204 95 21 bankens
345 205 129 27 förvaltning
497 206 66 19 under
583 206 25 19 de
627 205 28 25 år,
672 204 71 21 hvilka
759 206 64 19 sedan
845 205 82 20 banken

180 239 168 21 öfverlemnades
365 239 30 20 till
412 240 116 20 Ständerne
545 240 53 20 varit
613 240 87 19 föremål
712 240 31 20 för
754 240 98 20 revision.
870 239 57 21 Hvad

179 274 99 20 beträffar
294 274 26 20 de
336 274 126 20 kommande
478 274 57 20 åren.
552 274 60 27 ingår
627 275 28 19 uti
672 274 100 27 förslaget
783 274 30 20 till
825 276 45 25 nytt
883 281 45 20 reg-

180 310 92 19 lemente
288 309 31 19 för
334 308 100 20 Finlands
452 309 53 20 bank
523 311 29 18 ett
568 309 116 27 stadgande
703 311 29 18 att
752 310 105 26 decharge
876 308 52 20 skall

180 344 85 19 komma
280 346 29 16 att
326 343 31 20 för
374 343 71 26 hvarje
462 344 21 19 år
499 344 22 19 af
539 344 194 26 Bankfullmäktige
753 344 118 26 meddelas;
890 344 38 20 och

180 378 65 21 torde,
262 377 26 20 då
304 378 58 19 detta
376 378 130 26 reglemente
524 378 127 27 föredrages,
667 380 54 18 rätta
738 378 55 20 tiden
811 384 49 14 vara
879 378 49 20 inne

180 415 28 17 att
228 414 57 24 yttra
305 412 31 26 sig
357 412 5 19 i
380 412 70 20 denna
466 412 44 22 del;
526 413 96 19 hvarföre
634 414 38 25 jag
691 412 87 20 föreslår
794 413 30 19 att
842 412 87 20 Ståndet

180 454 26 12 nu
223 446 67 20 skulle
308 446 79 20 besluta
404 446 51 20 blott
471 454 34 12 om
521 447 42 24 det,
579 454 43 13 som
639 447 99 19 utskottet
755 447 5 19 i
777 447 30 19 sin
818 446 111 20 berättelse

180 482 113 26 föreslagit.

244 516 53 19 Herr
312 516 145 19 Lindblom:
473 516 40 26 Jag
530 516 36 20 ber
583 519 28 17 att
628 517 6 18 i
650 516 41 20 alla
707 516 134 20 hänseenden
858 515 20 19 få
889 515 39 20 för-

180 556 39 15 ena
236 551 42 25 mig
294 550 48 20 med
358 550 26 20 de
400 550 127 27 föregående
544 551 93 19 talarene
655 551 38 20 och
707 557 61 13 anser
787 550 50 26 mig,
860 549 68 20 såsom

179 585 187 27 Borgareståndets
392 585 78 19 revisor
492 585 32 19 för
543 585 99 20 Finlands
663 585 57 20 bank
739 586 66 19 under
821 585 25 19 de
865 584 64 20 sedan

181 620 95 20 bankens
292 620 151 26 öfvertagande
459 620 22 20 af
495 620 116 20 Ständerne
628 619 97 21 förflutna
741 619 55 19 åren,
815 619 49 19 böra
884 618 45 20 med

180 654 116 26 anledning
311 654 23 19 af
347 654 173 20 Bankutskottets
536 655 97 25 yttrande
650 654 5 19 i
673 654 72 26 frågan
766 660 32 13 om
818 653 112 26 decharge,

178 692 52 22 göra
253 690 29 18 ett
298 688 146 20 meddelande.
476 689 38 19 Det
539 691 60 24 säges
623 688 28 20 uti
675 688 70 20 denna
763 687 119 21 berättelse,
902 688 28 18 att

180 722 97 26 gällande
294 722 122 26 författning
432 723 47 20 icke
495 723 118 20 innehåller
629 722 62 27 något
708 722 116 26 stadgande
840 728 34 13 om
890 723 39 18 säi-

180 759 29 17 tet
225 756 52 20 huru
296 757 104 26 decharge
423 757 36 19 bör
479 757 106 20 meddelas
604 758 38 19 och
662 759 31 18 att
713 757 34 19 det
763 756 105 20 sannolikt
884 756 45 19 här-

180 793 43 17 rört
238 791 23 19 af
275 792 69 19 denna
360 791 160 27 författningens
541 792 148 26 bristfällighet
707 793 30 17 att
757 790 174 20 Bankodirektio-

181 832 40 13 nen
238 825 48 20 ieke
302 825 82 20 erhållit
402 826 69 25 någon
487 826 112 26 decharge.
629 826 72 19 Såsom
718 826 79 19 revisor
814 825 67 19 skulle
897 825 33 19 det

181 859 30 20 för
228 860 43 26 mig
286 859 62 20 hafva
366 860 50 19 varit
433 866 26 13 en
475 860 38 20 kär
529 860 50 27 pligt
597 863 28 17 att
642 860 29 19 uti
689 859 240 20 revisions-berättelsen

181 893 107 26 tillstyrka
303 894 116 26 decharge:
436 901 46 12 men
499 895 57 20 mina
573 895 152 20 medrevisorer
741 893 79 26 ansägo
836 893 32 26 sig
883 893 47 20 icke

182 928 70 20 dertill
268 928 138 26 berättigade,
424 928 26 20 dä
466 928 63 28 nägot
545 929 116 26 stadgande
677 929 72 20 härom
766 929 18 25 ej
800 928 74 20 finnes.
890 927 41 20 Till

183 963 173 20 förekommande
372 963 22 19 af
408 963 72 26 hvarje
497 963 140 27 misstydning
653 963 78 20 önskar
743 963 37 26 jag
795 962 21 20 få
835 962 31 20 till
883 962 47 19 Bor-

182 997 146 26 gareständets
351 997 105 26 protokoll
479 997 134 27 antecknadt,
635 1000 29 17 att
680 997 58 20 detta
753 996 143 27 besiyrkande
912 996 22 19 af

184 1030 104 27 decharge
308 1031 46 20 icke
376 1031 105 20 uteblifvit
496 1033 6 18 i
518 1032 51 25 följd
585 1032 23 19 af
621 1033 25 19 de
662 1032 81 27 ganska
759 1031 20 20 få
797 1031 134 20 anmärkniu-

182 1072 44 20 gar,
250 1071 43 14 som
317 1066 130 19 revisorerne
469 1067 55 25 gjort
547 1069 57 17 emot
624 1067 156 25 förvaltningen
796 1065 22 20 af
831 1065 100 20 Finlands

184 1099 62 26 bank,
262 1103 48 16 utan
327 1100 27 25 pä
369 1100 66 26 grund
452 1101 21 19 af
486 1101 143 25 pluralitetens
642 1101 63 20 bland
717 1101 141 19 revisorernes
870 1099 59 27 äsigt.

183 1136 30 17 att
228 1134 27 19 de
270 1135 19 24 ej
306 1134 70 20 dertill
393 1141 49 13 voro
460 1135 136 26 berättigade.

250 1169 53 19 Herr
320 1169 157 26 Borgström:
498 1170 40 26 Jag
559 1170 35 19 ber
613 1173 29 16 att
660 1171 6 18 i
688 1169 72 27 frägan
778 1175 31 13 om
828 1169 103 26 decharge

184 1203 20 19 få
219 1203 74 20 förena
309 1203 42 26 mig
368 1203 46 20 med
431 1203 52 20 Herr
499 1204 93 20 Kiseleff.
623 1205 40 19 Det
678 1207 22 16 är
720 1203 47 20 med
786 1203 82 26 verklig
888 1203 43 26 fäg-

185 1237 38 19 nad
242 1243 46 14 man
306 1237 22 19 af
341 1237 173 20 Bankutskotiets
531 1239 111 20 berättelse
651 1239 59 19 öfver
723 1237 113 20 verkställd
844 1237 88 26 gransk-

184 1272 50 26 ning
250 1271 23 20 af
286 1271 100 20 Finlands
407 1272 66 19 banks
493 1273 88 26 styrelse
602 1273 39 20 och
657 1271 116 21 tiliständet
788 1271 47 20 med
856 1271 24 20 de
897 1278 35 13 un-

184 1305 36 20 der
236 1305 128 20 Ständernes
381 1307 80 25 garanti
479 1307 38 20 och
534 1307 51 20 värd
601 1307 76 20 ställda
692 1306 73 19 fonder
778 1306 67 19 funnit
856 1307 29 18 att
898 1305 34 20 nä-

184 1342 36 24 got
236 1340 46 20 skäl
298 1340 28 19 till
344 1341 107 26 egentliga
474 1341 164 27 anmärkningar
657 1341 48 20 icke
723 1340 141 20 förekommit.
895 1340 39 19 Det

185 1374 28 19 uti
230 1374 143 21 betänkandet
390 1376 126 19 omnämnda
532 1376 130 20 förhållande
676 1374 131 21 beträffande
820 1373 114 21 kreditiver

184 1408 74 20 väckte
280 1409 54 19 dock
353 1409 25 26 på
400 1410 30 19 sin
450 1410 29 19 tid
497 1409 90 27 mycken
603 1409 185 28 uppmärksamhet
806 1409 39 20 och
864 1409 69 20 förun-
