1039 1692
190 144 21 18 12
456 144 41 18 Den
510 144 11 17 6
533 144 94 17 Februari.

237 204 32 18 11.
300 203 39 19 Om
354 202 120 26 antagande
494 202 23 20 af
535 208 26 14 en
580 201 139 26 Förordning,
739 198 110 28 angående
870 201 45 17 när-

168 243 56 13 mare
241 236 157 20 bestämmande
414 236 23 20 af
449 236 124 20 löftesmans
589 234 215 26 ansvarsskyldighet.

239 271 30 19 12.
301 270 116 27 Angående
433 270 148 27 upphäfvande
596 270 23 19 af
633 270 11 19 3
661 272 10 21 $
685 270 13 19 2
714 268 49 26 kap.
783 267 25 19 G.
824 267 23 19 B.

239 305 31 19 13.
300 304 118 27 Angående
438 304 117 26 förklaring
571 304 22 20 af
607 304 26 20 24
649 304 40 20 och
704 302 26 20 29
747 304 22 22 SS
784 302 6 18 i
810 300 104 21 Konkurs-

168 338 88 27 stadgan
273 338 40 20 den
330 339 11 19 9
357 338 121 20 November
497 338 60 20 1868.

238 373 32 19 14.
300 372 117 27 Angående
433 372 90 27 ändring
539 372 22 20 af
575 373 11 19 3
603 374 10 22 $
629 372 6 19 i
656 370 75 27 Kongl.
750 369 118 21 Försäkran
884 369 31 19 för

168 406 151 27 borgerskapet
334 407 39 19 och
389 406 98 20 städerne
503 407 40 19 den
559 406 26 20 23
602 406 99 20 Februari
719 404 60 20 1789.

238 442 32 18 15.
300 440 39 20 Om
362 441 73 27 tillägg
458 441 31 19 till
513 441 131 26 stadgandet,
666 439 90 21 rörande
775 438 93 27 grunden
884 437 31 19 för

166 475 101 20 Finlands
286 475 67 20 banks
372 476 224 26 sedelutgifningsrätt.

239 510 31 18 16.
300 509 39 20 Om
355 509 126 20 förändrade
497 509 139 27 stadganden,
652 508 89 20 rörande
757 507 40 20 den
809 506 67 26 årliga
884 512 30 13 re-

168 544 95 19 visionen
279 543 23 20 af
314 544 101 20 Finlands
431 544 68 20 banks
514 543 94 20 tillstånd
624 544 39 19 och
678 542 134 26 förvaltning.

238 578 32 19 17.
300 578 117 26 Angående
433 576 279 28 kommunalförvaltningen
729 577 6 19 i
751 575 52 20 stad.

237 612 32 19 18.
299 612 118 26 Angående
438 612 90 26 ändring
548 612 6 19 i
571 612 156 26 stadganderna
746 616 34 14 om
796 609 52 20 börd
863 610 53 18 samt

166 646 154 20 viderboendes
336 647 39 19 och
391 646 65 20 nabos
472 646 143 26 lösningsrätt.

238 681 31 19 19.
300 680 118 27 Angående
433 680 90 27 ändring
539 680 38 20 och
594 680 117 26 förklaring
726 679 24 19 af
761 679 25 19 21
803 680 10 22 $
831 678 25 19 10
867 677 48 26 kap.

167 714 22 20 R.
207 714 22 20 B.

235 749 34 19 20.
299 748 118 27 Angående
433 748 112 20 förändrad
562 748 81 26 lydelse
658 749 23 19 af
697 749 8 18 1
723 750 10 22 $
752 748 23 19 15
795 746 47 26 kap.
855 746 23 19 R.
891 746 23 19 B.

234 782 34 20 21.
299 782 117 27 Angående
432 782 117 28 förklaring
564 783 23 19 af
600 784 12 18 4
629 783 38 20 och
683 782 28 20 20
727 784 22 22 SS
760 782 24 18 17
796 780 48 27 kap.
856 780 22 20 R.
891 780 23 19 B.

233 816 34 20 22.
298 816 39 20 Om
354 817 90 26 ändring
459 817 22 19 af
495 818 26 18 20
537 820 10 21 $
563 818 29 18 uti
607 817 84 26 Nädiga
710 815 158 25 förordningen,
879 820 35 13 an-

164 850 83 27 gäende
266 850 77 20 handel
363 850 39 20 och
420 851 100 26 näringar
539 851 6 19 i
564 851 97 24 Finland,
680 849 73 27 gifven
773 849 40 19 den
834 849 26 19 24
876 847 38 20 Fe-

167 885 68 19 bruari
255 885 59 19 1868.

234 919 34 20 23.
297 919 9 20 1
321 919 117 26 anledning
454 919 22 20 af
489 919 63 20 väekt
567 919 59 26 fräga
637 925 33 14 om
682 918 126 26 försäljning
819 917 23 20 af
854 918 59 18 stats-

162 954 141 25 jernvägarne
319 953 7 19 i
341 953 78 20 landet.

232 988 35 20 24.
297 987 117 26 Angående
430 994 29 20 ny
475 987 122 26 förordning
616 994 33 13 om
670 985 243 27 stämpelpappersafgif-

165 1025 34 16 ten
216 1023 6 18 i
238 1022 95 19 Finland.

232 1057 34 19 25.
296 1055 118 27 Angående
441 1056 145 26 tillverkning,
614 1055 133 26 försäljning,
772 1054 78 26 upplag
874 1053 39 20 och

165 1090 88 26 forsling
268 1090 24 19 af
306 1090 94 20 bränvin.

232 1124 34 19 26.
296 1123 118 28 Angående
436 1124 115 27 utgörande
575 1125 22 18 af
615 1123 117 26 bevillning
755 1123 32 19 för
805 1122 51 19 1873
873 1121 38 20 och

164 1158 121 26 påföljande
300 1158 30 20 är.

232 1193 34 19 27.
297 1192 116 27 Angående
428 1193 73 26 anslag
516 1193 23 19 af
552 1191 201 27 bevillningsmedel
771 1191 32 18 för
819 1189 92 20 folksko-

163 1226 123 20 leväsendet
302 1227 6 18 i
323 1226 79 26 landet,
418 1227 48 19 med
483 1233 62 13 mera.

232 1261 34 19 28.
297 1261 115 26 Angående
431 1261 73 26 anslag
526 1261 23 19 af
570 1259 200 27 bevillningsmedel
792 1258 32 19 för
842 1257 71 20 blinda

165 1295 61 18 barns
243 1295 151 26 undervisning
410 1295 39 20 och
465 1295 128 26 uppfostran.

232 1328 34 19 29.
297 1328 117 27 Angående
434 1329 73 26 anslag
527 1329 23 19 af
568 1327 199 27 bevillningsmedel
788 1326 31 20 till
835 1333 25 13 en
876 1333 35 12 an-

163 1362 49 19 stalt
227 1362 32 19 för
274 1362 112 20 klockares
402 1363 39 20 och
457 1363 126 26 organisters
601 1363 103 25 bildning.

231 1396 33 19 30.
296 1397 116 26 Angående
436 1397 129 26 uppförande
588 1397 23 20 af
631 1397 35 20 två
685 1395 101 27 fyrbäkar
805 1395 6 19 i
826 1395 84 26 Ladoga

161 1436 38 19 sjö.
