1039 1692
188 124 32 16 572
469 124 39 18 Den
522 124 18 17 11
556 124 58 23 April.

234 182 53 20 Herr
303 182 141 20 Mechelin:
461 182 8 20 I
486 182 58 27 fräga
560 189 33 13 om
610 182 56 20 tiden
682 182 32 20 för
729 182 43 20 vals
783 182 129 20 anställande

166 216 36 20 har
214 217 39 26 jag
269 218 19 25 ej
304 219 71 17 ämnat
389 218 57 24 yttra
462 217 41 26 mig
519 219 66 22 ännu;
601 222 46 14 men
664 216 31 20 för
711 216 40 20 den
768 216 100 20 händelse
884 218 30 18 att

164 250 177 26 Borgareständet
365 250 67 20 skulle
455 251 80 19 besluta
558 251 32 25 sig
613 250 30 20 till
667 250 56 20 valet
742 251 63 19 innan
821 250 91 20 Bankut-

165 284 89 20 skottets
278 284 134 20 betänkande
435 285 89 20 rörande
548 285 98 26 förslaget
670 285 31 19 till
721 286 46 24 nytt
783 285 129 26 reglemente

164 318 31 19 för
211 318 100 20 Finlands
327 318 57 20 bank
400 319 37 19 har
453 319 30 20 till
499 319 88 20 Ståndet
602 319 118 25 inkommit,
737 319 22 19 så
775 318 35 20 vill
829 319 37 26 jag
882 325 30 13 re-

164 352 40 20 dan
221 360 27 12 nu
264 353 62 20 hafva
342 353 37 20 hos
394 353 88 21 Ståndet
497 354 100 26 anmäldt,
612 356 29 18 att
658 353 106 25 utskottet,
776 352 26 27 på
813 355 41 17 sätt
864 352 48 20 ock-

164 386 22 20 så
201 386 6 20 i
224 387 139 26 reglementet
379 387 93 27 föreslås,
489 391 68 17 ansett
572 391 29 17 att
616 387 152 26 Fullmäktiges
779 388 56 19 antal
849 388 63 19 borde

165 427 49 13 vara
229 421 69 20 såsom
314 422 54 19 förut
384 429 24 13 en
433 424 31 18 för
487 422 71 26 hvarje
579 422 72 25 Stånd,
674 421 81 21 hvilket
776 422 136 25 förhållande,

164 455 53 20 hvad
241 456 67 26 angår
330 456 137 26 revisorerne,
491 457 43 19 är
529 451 12 35 i
556 456 229 26 landtdagsordningen
809 456 102 26 stadgadt.

164 492 53 18 samt
232 492 31 18 att
278 490 35 20 det
328 490 68 20 skulle
413 493 55 17 utses
485 491 10 19 3
513 491 134 26 suppleanter
663 490 31 20 för
712 490 142 27 Fullmäktige
874 491 38 19 och

166 524 11 18 3
194 524 134 26 suppleanter
346 524 31 21 för
395 526 142 25 revisorerne;
559 532 34 13 om
616 526 172 25 suppleanternes
811 525 56 20 antal
890 528 22 17 är

164 559 106 26 nemligen
287 560 110 25 ingenting
413 560 5 18 i
435 560 230 26 landtdagsordningen
682 560 93 19 nämndt.

232 592 53 20 Herr
301 594 109 19 Kurtén:
430 594 41 26 Jag
491 594 64 26 vågar
575 594 32 20 för
626 594 41 19 min
689 594 33 20 del
741 594 114 20 framkasta
871 594 39 20 den

164 627 88 26 åsigten,
272 630 30 17 att
323 628 167 20 bestämmandet
510 628 23 20 af
549 628 57 20 tiden
623 628 30 20 för
671 628 31 20 val
719 628 22 19 af
754 628 156 20 Bankfullmäk-

163 661 43 26 tige
224 661 64 21 borde
304 668 49 13 vara
369 669 26 13 en
411 663 45 25 sak,
472 669 43 13 som
532 662 111 20 ankomme
660 662 27 27 på
700 662 210 20 Talmanskonferen-

164 702 47 19 sen;
227 696 40 19 och
283 697 101 25 derjemte
400 696 68 21 skulle
481 698 37 26 jag
536 697 103 19 vördsamt
654 696 91 26 anhålla,
757 698 29 18 att
798 696 52 20 Herr
864 696 46 20 Tal-

166 736 96 20 mannen,
282 730 68 26 nägon
370 731 30 19 tid
421 731 68 19 förrän
507 731 54 19 valet
577 732 54 24 sker,
648 730 53 20 låter
716 730 86 20 Ständet
819 732 47 18 veta
882 730 29 20 till

164 764 85 20 hvilken
266 764 41 27 dag
322 765 36 19 det
374 765 68 20 blifvit
458 767 68 24 utsatt,
542 766 27 25 på
584 766 35 19 det
634 764 99 20 Ståndets
749 764 116 20 ledamöter
880 764 31 20 må

165 798 70 20 kunna
251 799 64 19 tänka
330 800 30 25 sig
377 802 94 17 närmare
487 800 19 18 in
524 800 5 19 i
549 799 71 21 saken.

233 833 53 19 Herr
302 834 73 25 Frey:
391 833 41 26 Jag
448 834 31 19 får
494 834 111 19 hemställa
619 834 103 19 buruvida
737 834 19 25 ej
773 834 69 19 denna
853 833 59 27 fråga

164 866 69 20 kunde
250 867 80 20 lemnas
345 867 105 20 beroende
466 868 31 19 till
513 868 47 20 dess
580 867 172 20 Bankutskottets
778 867 132 20 betänkande

164 901 89 20 rörande
277 901 77 26 förslag
378 902 29 19 till
433 905 46 23 nytt
501 902 128 27 reglemente
647 901 30 21 för
694 901 98 20 Finlands
809 901 56 21 bank
881 901 29 20 in-

164 934 95 21 kommit.

232 969 53 20 Herr
301 970 123 20 Kiseleff:
439 971 40 26 Jag
495 971 66 19 skulle
578 971 49 26 vilja
643 971 74 19 förena
736 970 67 27 begge
816 971 61 20 dessa
892 971 19 20 å-

162 1003 70 26 sigter,
250 1004 105 26 nemligen
371 1005 53 19 Herr
441 1005 88 20 Kurténs
545 1005 38 20 och
599 1005 52 20 Herr
670 1005 72 25 Freys,
765 1005 93 24 sålunda,
881 1007 28 18 att

163 1037 63 20 sedan
251 1038 101 27 förslaget
375 1039 29 19 till
428 1040 35 19 det
479 1046 41 19 nya
536 1039 197 26 bankreglementet
749 1039 87 20 kommit
851 1039 59 20 Stån-

162 1071 36 20 det
212 1071 110 27 tillhanda,
338 1073 56 19 tiden
411 1073 31 20 för
458 1073 43 20 vals
517 1073 130 20 anställande
665 1073 64 20 borde
749 1073 33 20 vid
803 1073 106 20 Talmans-

164 1105 141 21 konferensen
322 1106 132 21 bestämmas.

230 1140 55 20 Herr
301 1141 137 20 Mechelin:
462 1142 31 19 Då
513 1142 68 27 nägon
601 1142 77 20 tvekan
698 1143 30 19 att
752 1141 80 20 biträda
854 1142 56 20 detta

163 1173 78 28 förslag
257 1175 71 20 kunde
344 1175 36 20 hos
397 1175 98 20 Ståndets
511 1177 136 19 medlemmar
664 1175 134 27 uppkomma,
818 1179 51 16 enär
884 1177 25 20 de

162 1209 18 24 ej
205 1211 48 17 veta
277 1212 36 17 när
336 1209 56 20 detta
415 1210 133 20 betänkande
571 1211 41 19 kan
636 1210 44 20 från
705 1209 161 21 Bankutskottet
880 1211 30 20 in-

163 1243 91 26 komma,
278 1251 33 12 om
328 1244 35 19 det
382 1244 99 27 möjligen
498 1244 70 20 kunde
585 1244 64 21 blifva
665 1244 78 27 färdigt
758 1244 50 20 först
826 1245 6 19 i
848 1245 60 20 slutet

162 1277 23 20 af
198 1277 40 26 Maj
264 1279 38 19 och
325 1279 55 20 valet
401 1279 122 26 derigenom
544 1279 108 26 fördröjas,
672 1279 23 19 så
711 1278 35 20 vill
762 1279 37 26 jag
816 1279 94 26 upplysa,

162 1314 35 23 att,
221 1312 53 20 efter
298 1313 53 19 hvad
369 1313 37 26 jag
422 1313 40 20 kan
479 1313 84 26 förutse,
580 1314 57 19 detta
654 1312 133 21 betänkande
806 1313 103 20 sannolikt

161 1347 56 19 inom
234 1346 64 21 slutet
312 1347 23 20 af
348 1347 70 20 denna
434 1347 74 20 månad
525 1348 40 19 kan
583 1355 48 13 vara
648 1347 84 26 färdigt.

228 1381 89 20 Ståndet
334 1381 71 25 beslöt,
422 1383 26 24 på
463 1382 153 27 framställning
632 1382 23 19 af
668 1382 53 19 Herr
741 1381 168 22 Talmannen,

162 1417 28 18 att
206 1417 78 25 antaga
300 1415 34 21 det
350 1416 22 19 af
386 1416 52 20 Herr
454 1416 88 20 Kiseleff
558 1417 73 26 gjorda
652 1416 109 26 förslaget:
785 1416 39 19 och
842 1416 67 21 skulle
