1039 1692
413 135 41 17 Den
466 135 11 17 5
489 135 93 17 Februari.
841 135 9 15 7

123 193 97 26 gällande
243 192 82 27 Nådiga
347 193 230 26 landtdagsordningen
602 195 55 17 samt
680 193 6 19 i
709 193 161 19 öfverensstäm-

125 226 64 21 melse
212 226 86 21 dermed
321 226 89 27 Nådigst
432 227 92 20 beramat
548 227 35 19 det
604 229 61 19 möte,
691 226 84 20 hvartill
791 226 81 20 landets

125 261 88 20 Ständer
229 268 27 12 nu
272 260 191 20 sammankommit.

194 295 68 19 Jemte
278 294 36 20 det
328 295 179 26 Borgareståndet
522 296 67 19 finner
605 296 32 25 sig
653 295 87 20 manadt
755 296 29 18 att
800 294 73 20 härvid

126 329 64 19 uttala
212 336 26 13 en
257 328 109 20 försäkran
390 336 33 12 om
440 329 31 19 sin
490 329 112 27 orubbliga
617 329 68 20 trohet
702 329 39 20 och
761 328 113 27 tillgifven-

127 363 35 20 het
176 363 32 19 för
226 363 57 19 Hans
301 362 118 27 Kejserliga
439 364 96 25 Majestät
557 365 53 18 samt
633 370 34 13 om
693 363 98 20 Ständets
815 362 59 26 fasta,

126 397 110 27 allvarliga
255 397 91 19 sträfvan
366 399 30 17 att
416 397 52 20 söka
488 398 115 20 medverka
622 398 30 19 till
669 404 26 13 en
711 397 82 20 landets
809 404 65 13 sanna

126 432 32 20 väl
178 432 139 20 befordrande
343 432 83 26 lösning
451 432 23 20 af
488 432 25 20 de
532 432 71 26 frågor
619 432 56 20 Hans
695 432 97 26 Majestät
807 431 67 20 täckts

126 467 5 19 i
151 466 69 20 Näder
246 466 30 19 till
301 466 136 26 Landtdagen
464 466 117 26 hänskjuta,
610 466 95 20 anhåller
734 466 87 20 Ständet
845 467 31 18 att

126 500 102 27 framgent
244 500 20 19 få
279 506 50 13 vara
344 500 114 20 inneslutet
472 500 6 19 i
498 500 57 20 Hans
573 500 118 26 Kejserliga
710 500 108 26 Majestäts
833 500 41 20 Nä-

126 534 49 27 diga
188 537 78 23 ynnest
282 534 38 20 och
337 534 152 26 bevägenhet.”

194 568 57 20 Efter
266 568 67 20 skedd
348 568 97 20 anmälan
462 568 95 20 förekom
575 575 25 13 en
617 569 122 25 deputation
757 568 44 20 frän
817 568 57 27 Hög-

127 603 70 26 lotlige
213 602 155 26 Ridderskapet
382 602 39 20 och
437 602 77 26 Adeln,
532 602 73 20 anförd
625 603 22 19 af
663 602 54 20 Herr
737 602 66 20 Baron
823 602 51 20 Car-

127 637 68 26 pelan,
218 643 44 13 som
285 636 142 26 tillkännagaf
448 639 30 17 att
499 636 96 20 bemälde
611 636 66 20 Ständ
693 636 91 20 beslutat
798 638 30 18 att
844 636 31 19 till

128 672 55 19 Hans
206 671 96 25 Majestät
324 670 101 26 Kejsaren
448 670 89 20 afsända
555 677 26 13 en
607 670 132 27 underdänig
757 670 71 20 adress
844 670 31 19 för

126 708 30 18 att
178 706 79 26 betyga
279 704 81 20 landets
383 704 146 27 underdäniga
552 704 131 20 tacksamhet
703 705 6 19 i
725 704 115 26 anledning
856 704 22 19 af

126 739 242 27 landtdagsordningens
387 738 83 27 Nädiga
493 739 144 19 stadfästande
661 741 52 17 samt
737 738 72 26 inbjöd
825 738 49 19 Bor-

126 772 135 28 gareständet
274 775 30 17 att
316 773 67 25 jemte
399 772 154 27 Ridderskapet
568 773 39 20 och
623 773 70 20 Adeln
709 774 73 18 förena
792 772 32 26 sig
840 778 34 14 om

127 808 92 20 nämnda
233 807 78 24 adress,
327 806 31 20 till
375 806 126 27 deltagande
517 807 58 19 hvari
589 807 79 26 jemväl
687 807 26 20 de
733 807 68 26 öfriga
816 806 58 20 Stän-

127 842 40 19 den
184 841 68 20 blifvit
267 841 23 19 af
303 840 155 27 Ridderskapet
473 841 40 19 och
529 841 69 20 Adeln
614 841 108 26 inbjudne.

195 875 53 20 Herr
266 874 159 20 Talmannen
446 874 106 27 betygade
571 875 188 26 Borgareständets
778 874 98 20 erkänsla

127 909 31 20 för
184 909 34 20 det
242 915 77 20 genom
344 909 150 25 deputationen
520 909 23 20 af
565 909 156 26 Ridderskapet
747 909 39 19 och
806 908 70 20 Adeln

127 943 75 26 gjorda
217 943 145 25 meddelande,
378 942 106 20 hvarefter
500 943 150 26 deputationen
670 943 103 20 afträdde.

195 977 59 20 Efter
276 977 35 20 det
332 977 53 19 Herr
408 976 159 21 Talmannen
588 977 166 26 tillkännagifvit
775 979 29 17 att
819 977 57 19 Hans

128 1012 113 20 Excellens
266 1011 224 26 Generalguvernören
518 1012 6 18 i
549 1011 41 26 dag
615 1011 28 19 kl.
670 1011 11 19 3
707 1011 168 26 eftermiddagen

127 1046 67 20 skulle
213 1045 12 20 å
244 1045 118 26 Kejserliga
380 1045 71 20 slottet
469 1048 107 24 emottaga
595 1045 40 20 den
657 1045 131 26 deputation,
804 1051 45 14 som
865 1045 13 19 å

127 1081 129 20 Ständernes
275 1082 79 24 vägnar
373 1079 65 20 borde
456 1079 85 20 anhålla
556 1086 33 13 om
609 1079 159 20 bestämmande
783 1079 23 20 af
818 1079 57 20 tiden

128 1115 31 20 för
173 1114 139 26 landtdagens
328 1113 113 26 öppnande
456 1116 55 17 samt
526 1113 68 21 beslut
609 1114 70 19 fattats
691 1113 73 20 derom
776 1115 30 18 att
818 1113 59 20 Stån-

128 1151 35 19 det
178 1149 68 20 skulle
260 1148 28 19 kl.
304 1147 46 20 half
363 1147 31 20 till
410 1150 30 17 tre
456 1147 84 27 samlas,
548 1147 72 20 afslöts
629 1147 165 20 sammanträdet
806 1147 29 20 kl.
846 1147 31 20 12.

195 1182 97 21 Ståndets
308 1181 137 21 medlemmar
460 1181 89 21 infunno
565 1182 33 27 sig
613 1182 44 19 åter
673 1181 26 26 på
715 1181 62 20 ofvan
792 1181 86 26 angifna

128 1218 36 25 tid,
180 1217 51 20 derå
254 1216 25 20 de
302 1216 128 26 deputerade
455 1216 90 27 begåfvo
568 1217 33 26 sig
624 1216 31 19 till
673 1215 120 27 Kejserliga
808 1215 70 20 slottet

129 1253 52 18 samt
195 1251 53 20 efter
263 1256 25 13 en
305 1249 73 20 stunds
393 1250 82 26 förlopp
498 1250 121 25 återvände,
639 1249 27 20 då
684 1249 55 20 Herr
759 1249 118 20 Talman-

128 1292 45 14 nen
190 1284 124 20 meddelade
332 1286 30 17 att
380 1284 57 20 Hans
456 1284 113 20 Excellens
593 1283 226 27 Generalguvernören
838 1282 38 27 gif-

128 1321 29 19 vit
172 1319 103 20 tillkänna
290 1321 29 16 att
333 1318 128 27 landtdagen
478 1319 6 18 i
501 1325 86 20 morgon
604 1318 85 20 komme
704 1319 30 18 att
746 1317 132 26 högtidligen

128 1357 86 24 öppnas.

196 1387 41 20 Till
262 1385 129 27 behandling
419 1389 92 24 upptogs
539 1387 91 20 härefter
658 1385 154 26 Ridderskapet
837 1385 39 20 och

127 1422 80 20 Adelns
230 1421 6 19 i
255 1420 41 26 dag
313 1419 180 27 Borgareståndet
516 1420 123 21 meddelade
658 1419 126 27 inbjudning
800 1419 31 20 till
846 1419 29 20 af-
