1039 1692
201 126 33 18 396
486 127 41 17 Den
540 127 21 17 21
575 127 52 17 Mars.

179 192 48 13 nom
251 184 158 21 Statsutskoltet
431 185 38 19 fått
491 186 32 25 sig
546 187 30 18 ett
591 185 72 26 anslag
683 186 5 18 i
705 186 56 20 detta
776 186 98 20 afseende
893 185 33 19 be-

180 220 80 25 viljadt,
277 220 38 20 och
329 220 37 26 jag
382 219 56 20 inser
453 220 54 25 icke,
528 219 96 20 hvarföre
640 220 19 25 ej
679 220 175 26 Borgareståndet
871 222 55 16 ännu

179 254 70 20 kunde
273 254 83 20 anhålla
379 260 33 14 om
429 254 158 20 kanslibiträde.
617 254 40 26 Jag
673 254 36 19 vill
728 254 115 20 emellertid
863 254 18 25 ej
898 255 29 17 att

179 288 42 20 min
245 288 153 26 framställning
414 288 53 20 skall
483 288 110 20 föranleda
611 288 30 20 till
659 288 68 26 någon
744 288 71 20 vidare
831 288 95 26 votering

179 322 38 20 och
235 322 84 27 frångår
334 322 83 20 derföre
434 323 45 19 mitt
494 322 161 27 ifrågavarande
671 323 83 27 förslag.

248 357 53 19 Herr
317 357 123 20 Höckert:
455 357 40 27 Jag
512 357 37 20 ber
565 359 30 17 att
609 357 21 19 få
645 357 53 19 fästa
709 357 96 20 Ståndets
816 357 110 27 uppmärk-

179 392 83 19 samhet
277 391 71 26 derpä,
364 393 30 18 att
409 392 40 19 den
466 391 157 21 Statsutskottet
638 392 6 19 i
661 392 25 20 36
703 394 9 22 $
731 392 22 20 af
769 392 158 27 landtdagsord-

179 426 80 27 ningen
275 426 108 26 medgifna
400 426 122 26 myndighet
539 426 66 26 gäller
621 428 29 18 att
666 426 61 20 ”med
747 426 127 20 Ständernes
888 428 39 18 rätt

180 460 117 20 bestämma
312 460 40 20 den
369 460 52 20 efter
436 460 135 26 göromålens
587 461 126 25 omfattning
729 461 38 20 och
784 460 144 20 beskaffenhet

180 495 98 26 lämpade
301 494 166 27 vedergällning,
491 501 44 13 som
558 495 38 19 bör
614 494 119 21 tillkomma
748 495 18 25 ej
783 495 81 20 mindre
879 494 48 20 Rid-

179 530 115 26 derskapet
309 529 38 20 och
363 529 81 19 Adelns
459 532 54 17 samt
528 529 81 20 Preste-
625 529 39 20 och
683 529 197 27 Borgareståndens,
901 532 25 17 än

178 563 120 21 utskottens
314 564 138 25 sekreterare,
475 564 108 20 äfvensom
607 563 96 27 samtliga
721 563 102 21 Ståndens
842 564 38 20 och
897 566 30 17 ut-

179 598 95 20 skottens
292 598 127 26 betjening”.
450 598 40 20 Det
510 598 106 20 förefalier
637 598 42 26 mig
697 598 82 20 således
798 605 43 13 som
858 599 70 19 denna

180 632 60 27 fråga
256 632 47 20 icke
319 639 50 13 vore
385 632 71 26 sådan,
473 634 28 18 att
517 632 158 20 Statsutskottet
691 632 52 26 egde
763 633 47 19 med
830 632 96 20 Ständer-

180 674 36 12 nes
232 669 41 17 rätt
296 667 44 20 deri
364 667 86 26 besluta,
473 669 48 17 utan
545 669 30 17 att
597 666 161 27 ifrågavarande
782 668 59 26 utgift
863 668 64 20 borde

179 702 99 19 hänföras
294 702 30 19 till
341 702 79 19 sådana
435 701 106 21 allmänna
556 701 121 31 kostnader,
693 707 43 14 som
756 701 59 20 skola
832 702 66 26 enligt
918 704 10 22 $

180 737 26 19 82
221 737 7 19 i
244 736 230 26 landtdagsordningen
491 736 103 20 bestridas
611 736 47 20 med
676 736 201 26 bevillningsmedel.
897 737 31 20 Då

180 771 119 20 emellertid
316 770 155 20 Statsutskottet
489 770 104 20 betraktat
609 770 65 20 saken
691 770 43 20 från
751 778 25 12 en
792 778 68 13 annan
880 778 47 20 syn-

180 805 74 26 punkt,
271 806 37 19 och
326 805 68 26 någon
411 807 70 24 utväg,
497 805 68 19 såvidt
578 806 37 26 jag
631 805 37 19 har
684 805 42 25 mig
743 805 83 26 bekant,
843 813 85 13 numera

179 840 48 19 icke
244 840 113 19 förefinnes
380 841 29 18 att
432 840 73 26 bringa
521 839 158 20 Statsutskottet
694 840 29 19 till
739 846 25 13 en
780 846 68 14 annan
868 840 60 27 åsigt,

180 875 60 18 torde
257 874 31 19 väl
306 875 18 24 ej
341 875 64 18 annat
420 873 77 20 återstå
512 877 25 16 än
555 876 30 17 att
595 873 88 20 Ständet
694 873 22 20 af
722 874 30 19 sin
763 875 95 19 enskilda
868 875 61 20 kassa

181 908 104 20 bestrider
300 909 124 25 kostnaden,
442 915 45 13 men
504 908 95 27 inlägger
619 910 77 24 protest
719 911 56 18 emot
792 909 135 21 Statsutskot-

180 944 39 18 tets
235 943 111 19 anmärkta
361 943 119 19 förfarande
496 943 132 19 härutinnan.

248 977 70 20 Sedan
335 977 145 20 diskussionen
497 977 112 20 förklarats
619 977 96 26 afslutad,
732 978 128 20 framställde
875 979 53 20 Herr

179 1011 160 20 Talmannen
356 1011 91 26 följande

250 1046 174 26 Proposition:
450 1046 42 19 Vill
515 1046 94 25 Ständet,
633 1048 48 18 utan
705 1047 71 20 vidare
801 1047 81 27 åtgärd,
904 1055 24 14 ur

178 1080 100 20 Ståndets
294 1080 95 20 enskilda
405 1080 61 20 kassa
482 1080 69 20 betala
567 1081 40 19 den
623 1080 159 27 ifrågavarande
797 1082 131 21 kostnaden?

179 1115 52 20 eller
248 1115 91 19 besluter
354 1114 93 26 Ståndet,
463 1117 34 23 att,
511 1115 66 25 jemte
591 1116 35 19 det
642 1115 133 27 betalningen
794 1117 24 19 af
830 1117 98 21 Ståndets

180 1148 69 21 medel
266 1149 108 26 bestrides,
392 1151 56 18 emot
462 1149 169 20 Statsutskottets
648 1149 118 21 förfarande
781 1151 85 26 inlägga
881 1159 46 19 pro-

180 1183 55 20 test?
266 1183 30 20 De
313 1189 43 14 som
373 1183 67 20 önska
455 1183 35 20 det
505 1183 56 20 förra
576 1190 61 13 svara
653 1184 34 25 ja;
703 1184 26 20 de
745 1191 43 13 som
804 1188 35 17 äro
855 1186 23 19 af
886 1187 40 19 den

180 1223 75 14 senare
272 1217 80 27 äsigten
370 1219 46 24 nej.

248 1252 161 26 Propositionen
434 1252 125 21 besvarades
583 1253 47 20 med
655 1253 52 20 både
729 1254 22 25 ja
766 1254 38 19 och
828 1255 45 26 nej;
897 1255 31 20 till

179 1287 50 26 följe
254 1287 75 19 hvaraf
348 1287 113 20 anställdes
484 1287 103 26 votering,
604 1294 44 13 som
668 1287 59 20 utföll
743 1287 45 20 med
806 1289 11 19 6
830 1289 27 25 ja
872 1292 56 17 emot

178 1321 30 20 28
225 1321 53 26 nej,
301 1321 39 20 och
364 1321 128 20 förklarades
512 1321 94 23 Ständet,
622 1322 7 19 i
645 1322 93 26 enlighet
753 1323 92 25 härmed,
862 1324 65 25 jemte

180 1356 67 20 beslut
271 1356 35 19 det
328 1355 159 27 ifrägavarande
508 1356 61 27 utgift
588 1356 69 19 skulle
675 1357 101 20 bestridas
792 1364 23 13 ur
830 1357 98 22 Ständets

180 1391 69 24 kassa,
258 1390 62 19 hafva
329 1392 124 23 protesterat
462 1392 55 18 emot
525 1390 168 21 Statsutskottets
702 1391 133 20 förfarande
826 1386 10 37 i
848 1393 79 26 frågan.

248 1424 53 19 Herr
317 1424 167 27 Tengström:
505 1425 61 20 Emot
586 1426 58 19 detta
663 1425 67 21 beslat
746 1425 34 20 vill
793 1427 37 26 jag
845 1427 84 21 anmäla
