1039 1692
206 141 32 18 162
467 138 40 18 Den
520 138 23 17 20
554 138 95 17 Februari.

186 200 32 19 för
233 198 27 20 de
276 196 70 21 finska
360 196 84 20 talande
460 195 161 21 kommunernas
638 195 71 26 behof,
725 202 47 13 men
788 195 147 21 erfarenheten

186 234 38 19 har
240 232 56 20 dock
315 230 65 20 redan
400 230 54 20 visat
469 232 30 18 att
518 230 130 20 sistnämnde
664 230 135 20 seminarium
815 230 47 20 icke
878 230 58 18 mäk-

186 268 31 18 tat
232 266 54 26 fylla
300 264 100 22 behofvet
415 264 23 20 af
450 264 68 20 lärare
534 264 40 20 och
589 264 118 19 lärarinnor
722 264 31 19 till
769 264 26 20 de
810 264 78 27 många
900 264 38 19 allt

188 301 54 19 efter
256 300 48 19 litet
318 298 171 26 uppkommande
504 304 42 20 nya
561 298 125 20 folkskolor.
717 297 92 21 Sålunda
828 298 38 20 har
885 297 56 20 folk.

188 334 71 20 skolas
277 332 119 20 inrättande
416 332 7 19 i
441 332 77 26 många
537 332 125 20 kommuner
682 332 75 20 endast
775 332 31 20 för
822 332 70 19 denna
907 338 33 13 or-

188 368 38 20 sak
242 366 128 28 uppskjutits
386 366 51 20 eller
452 366 89 26 nödgats
557 366 104 25 afstanna,
676 366 7 19 i
699 366 101 20 händelse
815 366 49 20 icke
879 366 59 20 kom-

188 408 105 14 munerna
312 400 28 26 på
358 402 64 18 annat
439 399 43 21 håll
501 399 83 27 lyckats
607 399 102 20 förskaffa
727 400 32 26 sig
778 400 74 25 lärare,
872 406 44 14 som
932 399 8 19 i

189 436 27 20 de
231 436 62 19 flesta
308 434 36 20 fall
360 434 54 20 dock
429 433 48 21 icke
492 434 55 19 varit
561 433 32 20 för
608 434 59 20 detta
680 434 43 19 kall
739 434 24 20 så
780 434 102 26 lämplige
900 433 39 20 och

189 469 111 21 utbildade
315 475 44 13 som
374 468 264 20 lärareseminarii-elever.

259 504 65 19 Detta
345 502 32 20 för
396 502 155 20 folkskolornas
571 501 112 27 framgång
698 502 62 26 högst
774 502 92 26 menliga
882 502 58 19 miss-

190 537 140 26 förhållande,
346 542 44 14 som
406 538 48 18 utan
470 542 49 14 snar
534 536 57 26 hjelp
606 536 42 19 kan
663 536 146 20 åstadkomma
820 536 122 26 oersättliga

191 572 85 25 skador,
299 570 60 21 torde
381 570 49 20 icke
452 570 71 20 kunna
546 570 132 20 annorlunda
700 570 103 26 afhjelpas
822 572 27 17 än
864 576 78 20 genom

192 606 122 20 inrättande
330 605 24 19 af
367 606 31 18 ett
412 607 65 17 annat
484 604 65 20 finskt
556 604 334 25 folkskolelärare-seminarium
880 600 14 34 ;
904 604 39 19 och

192 640 66 26 vågar
271 639 38 27 jag
324 638 133 26 följaktligen
466 638 106 20 vördsamt
587 637 85 27 föreslå,
681 640 30 18 att
719 638 113 27 Välloflige
840 638 102 26 Borgare-

193 674 85 19 ståndet
296 672 51 20 ville
366 672 7 19 i
395 672 168 26 underdånighet
583 673 37 19 hos
639 672 59 20 Hans
713 672 119 27 Kejserliga
846 673 98 25 Majestät

194 707 92 26 anhålla,
302 708 31 18 att
348 708 30 18 ett
392 708 65 18 annat
472 706 64 20 finskt
551 706 337 20 folkskolelärare-seminarium
876 702 12 35 i
899 707 45 19 lan-

194 743 36 19 det
245 741 66 21 måtte
326 742 87 18 inrättas
428 740 32 20 till
475 740 122 20 utbildande
613 740 23 20 af
653 740 175 20 folkskolelärare
839 741 39 20 och
890 741 54 20 lära-

193 777 75 19 rinnor
283 776 32 19 för
330 775 131 25 kommuner,
477 774 36 20 der
528 774 69 20 finska
612 774 87 26 språket
715 774 59 20 talas.

265 809 73 20 Skulle
353 808 113 26 Välloflige
482 808 177 26 Borgareståndet
675 810 77 25 antaga
767 809 57 20 detta
836 810 109 25 petitions-

195 843 80 26 förslag
291 843 40 20 och
346 849 51 13 anse
412 842 32 26 sig
462 841 68 20 tillika
548 841 51 20 böra
618 842 38 19 hos
672 842 57 19 Hans
745 842 118 27 Kejserliga
881 843 64 26 Maje-

196 879 41 18 stät
254 876 154 27 underdänigst
426 875 77 20 föreslå
520 875 54 26 plats
593 875 32 20 för
653 875 37 20 det
712 876 119 27 föreslagna
856 877 89 20 semina-

195 912 47 25 riet,
258 910 25 21 sä
298 910 68 20 skulle
378 911 38 25 jag
431 910 152 19 vördsammast
598 909 50 26 vilja
656 905 55 36 fästa
722 905 108 36 Välloflige
842 911 102 26 Borgare-

196 945 96 20 ständeis
314 943 184 27 uppmärksamhet
521 943 56 27 derä,
601 945 30 18 att
650 943 83 27 Kuopio
751 945 52 26 stad,
819 951 44 14 som
878 945 69 26 ligger

197 978 28 27 pä
240 979 82 26 ganska
337 978 105 26 betydligt
457 977 81 20 afständ
555 978 53 20 ifrän
623 977 120 27 Jyväskylä
757 979 40 20 och
804 979 30 19 uti
843 985 26 14 en
877 979 71 20 lands-

197 1014 39 24 ort,
260 1011 92 21 derifrän
377 1011 328 21 folkskolelärare-seminariei
700 1007 12 36 i
725 1012 118 27 Jyväskylä
866 1013 81 26 årligen

196 1046 40 20 fätt
251 1048 108 24 emottaga
373 1048 30 18 ett
418 1047 51 18 stort
483 1046 57 20 antal
555 1047 77 25 elever,
647 1046 7 19 i
671 1046 57 19 detta
747 1046 120 20 hänseende
887 1046 59 20 torde

197 1087 52 13 vara
272 1081 41 19 den
336 1080 134 26 lämpligaste
489 1082 38 24 ort,
547 1080 36 20 der
599 1082 30 17 ett
644 1079 70 27 dylikt
729 1081 134 20 seminarium
879 1081 69 19 skulle

198 1115 49 19 med
270 1116 76 18 största
369 1113 110 28 framgång
501 1114 39 20 och
563 1116 60 25 nytta
645 1114 33 20 för
698 1114 71 21 landet
784 1115 72 20 kunna
871 1115 77 25 verka;

198 1149 40 20 och
262 1149 38 20 har
322 1148 82 26 Kuopio
427 1147 56 20 stads
504 1148 129 27 borgerskap
649 1148 103 20 förklarat
766 1149 32 26 sig
814 1149 74 26 villigt,
903 1149 45 20 ifall

198 1185 30 18 ett
244 1183 76 20 sädant
334 1182 98 20 läroverk
448 1182 104 20 derstädss
567 1183 114 26 förlägges,
701 1184 30 18 att
750 1183 31 20 till
797 1183 47 20 dess
860 1183 88 26 disposi-

198 1217 45 20 tion
260 1218 50 19 utan
326 1217 116 26 ersättning
457 1217 52 19 afstä
524 1217 86 26 Harjula
625 1217 59 19 invid
701 1217 72 20 staden
785 1217 91 26 belägna
884 1224 62 19 egen-

199 1251 61 19 doms
278 1250 100 27 mangärd
392 1251 65 25 jemte
473 1251 41 19 alla
529 1251 68 19 dertill
614 1251 94 20 hörande
724 1251 124 26 byggnader
863 1251 39 20 och
917 1253 30 18 ut-

199 1285 39 20 hus
254 1284 109 21 äfvensom
379 1284 124 27 tillräckligt
515 1285 48 24 jord
579 1285 32 20 för
626 1285 115 20 anstaltens
762 1285 69 20 behof.

691 1319 50 20 Karl
756 1319 124 20 Fabritius.”

305 1353 10 19 I
330 1352 73 27 frågan
418 1353 83 26 yttrade
516 1353 32 26 sig
563 1353 93 26 följande
673 1353 97 20 Ständets
788 1353 147 20 medlemmar:

270 1386 55 20 Herr
340 1387 118 26 Sopanen
474 1387 101 20 förenade
590 1387 32 26 sig
637 1387 48 20 med
706 1387 53 20 Herr
777 1387 105 20 Fabritius
898 1388 5 19 i
921 1388 29 19 öf-

201 1421 49 25 rigt,
267 1427 48 14 men
332 1420 94 21 önskade
442 1421 52 20 dock
511 1421 110 20 framhälla
636 1423 31 18 att
677 1421 84 26 Nyslott
771 1427 50 14 vore
832 1421 39 20 den
883 1422 66 25 lämp-
