1039 1692
198 136 22 18 46
460 136 41 18 Den
515 137 22 18 13
552 137 94 17 Februari.

178 194 95 20 damöter
288 193 103 27 umbäras,
406 195 20 25 ej
442 201 38 13 ens
495 201 27 13 en
539 195 55 20 enda
609 195 41 19 kan
663 197 48 17 utan
722 195 80 20 saknad
814 196 31 19 för
853 196 73 26 längre

178 228 29 20 tid
223 228 111 20 undvaras.

246 262 110 20 Dessutom
372 268 51 14 vore
438 263 37 20 det
489 263 48 19 icke
553 263 98 27 omöjligt
672 265 30 18 att
723 263 141 21 ledsamheter
887 264 39 19 och

179 296 174 27 obehagligheter
375 296 71 21 kunde
469 304 77 20 genom
569 297 139 20 afsändandet
727 298 24 19 af
763 304 25 13 en
805 298 121 26 deputation

178 330 82 21 direkte
277 331 30 19 till
323 330 115 20 Monarken
454 331 81 26 uppstå.
566 332 41 19 Det
626 331 77 24 kunde,
722 338 33 13 om
776 332 39 19 ock
836 331 90 27 afsigten

177 366 31 18 för
232 365 63 26 ingen
319 365 32 19 del
374 368 23 16 är
423 366 72 25 sådan,
511 372 60 13 anses
590 366 51 26 tyda
656 366 27 26 på
698 367 29 18 ett
743 366 137 19 misstroende
896 366 30 19 till

178 400 55 25 dem,
249 406 45 12 som
309 401 147 24 representera
474 400 57 19 Hans
554 400 97 26 Majestät
674 400 101 26 Kejsaren
796 400 38 20 och
850 406 76 20 genom

178 433 73 19 hvilka
266 433 116 20 Ständerne
398 434 98 26 vanligen
513 434 159 20 kommunicera
687 434 47 20 med
749 434 57 19 Hans
826 435 100 25 Majestät.

177 468 41 19 Det
244 468 66 25 torde,
333 474 45 14 som
400 468 68 26 sagdt,
488 468 38 19 lätt
545 468 72 20 kunna
637 468 112 26 misstydas
764 469 5 19 i
786 469 30 19 ett
831 468 35 20 fall
882 475 45 13 som

178 502 64 25 detta,
268 502 26 20 då
319 503 19 25 ej
364 502 105 20 särskilda
493 502 45 20 skäl
562 502 42 20 tala
620 502 30 20 för
666 504 30 18 ett
711 502 74 20 sådant
800 502 126 20 förfarande.

175 536 42 26 Jag
233 536 67 20 skulle
316 536 88 20 sålunda
419 536 56 26 vilja,
491 536 89 20 likasom
596 537 53 19 Herr
663 536 112 26 Mechelin,
785 536 94 26 afstyrka
889 543 35 13 an-

178 570 102 26 tagandet
294 570 23 20 af
330 570 161 26 ifrågavarande
507 570 126 27 inbjudning
649 570 30 20 till
695 577 25 13 en
741 570 132 26 deputations
895 570 29 20 af-

175 605 109 20 sändande
300 604 30 20 till
346 604 57 20 Hans
419 605 102 25 Majestät.

244 639 78 19 Herrar
337 638 127 27 Höckert,
479 639 67 26 Frey
563 639 38 19 och
622 639 134 19 Wasenius
774 639 100 20 förenade
892 639 33 27 sig

177 673 47 20 med
239 673 54 20 Herr
308 673 132 26 Tengström.

244 708 54 19 Herr
312 707 143 26 Nylander:
470 707 41 27 Jag
526 707 67 20 skulle
614 707 69 20 tillika
699 707 52 26 vilja
769 707 109 20 hemställa
894 707 31 19 till

176 742 96 25 Ståndet,
292 742 102 19 huruvida
413 742 35 19 det
467 742 19 26 ej
507 748 50 13 vore
576 741 107 20 stridande
699 743 56 18 emot
770 741 74 26 sjelfva
859 741 65 20 landt-

176 776 172 26 dagsordningen
357 778 30 17 att
395 776 97 19 använda
500 776 80 20 formen
590 776 23 19 af
619 783 26 13 en
655 776 122 26 deputation
793 776 31 20 för
840 776 84 20 medde-

175 810 63 20 lande
254 810 23 20 af
290 816 26 14 en
339 810 65 19 sådan
422 810 79 26 adress,
520 816 45 14 som
587 810 41 20 den
648 810 167 26 ifrågavarande.
848 810 76 20 Landt-

175 844 172 26 dagsordningen
363 844 82 19 känner
461 844 107 26 nemligen
584 844 47 19 icke
651 844 70 27 någon
739 844 63 20 sådan
824 844 52 20 form
893 844 31 19 för

176 878 155 20 meddelanden
347 878 77 19 mellan
440 878 126 26 regeringen
583 878 39 19 och
638 878 123 20 Ständerne.

243 912 30 20 På
288 912 24 19 af
324 912 53 19 Herr
392 912 160 19 Talmannen
572 912 116 19 framställd
708 912 128 26 proposition
857 912 68 20 beslöt

175 946 89 21 Ståndet
282 953 27 12 nu
328 948 30 18 att
373 946 71 26 afböja
462 946 168 20 Bondeståndets
646 946 137 20 förenämnde
799 946 125 27 inbjudning

175 980 31 19 till
222 980 40 20 den
280 981 97 19 beslutna
392 981 110 19 adressens
518 980 167 20 framlemnande
701 987 76 20 genom
794 987 25 13 en
838 981 85 26 deputa-

174 1015 44 18 tion
239 1014 31 19 till
290 1015 57 19 Hans
365 1015 97 25 Majestät
480 1014 109 26 Kejsaren,
605 1016 54 18 samt
674 1016 30 18 att
719 1015 122 19 densamma
856 1014 68 19 skulle

175 1049 30 19 till
221 1049 58 19 Hans
294 1049 113 20 Excellens
426 1049 226 26 Generalguvernören
671 1049 107 25 aflemnas,
802 1049 31 19 för
848 1051 30 17 att
893 1049 31 19 till

173 1083 57 19 Hans
246 1083 98 26 Majestät
359 1082 118 25 befordras;
493 1083 40 19 och
548 1083 79 20 beslöts
643 1083 109 25 derjemte,
768 1082 26 26 på
810 1082 78 27 förslag
904 1082 22 20 af

174 1117 53 19 Herr
243 1113 147 30 Öhrnberg,
406 1118 30 18 att
451 1123 75 20 genom
543 1123 26 14 en
586 1117 129 26 deputation,
732 1116 82 19 hvartill
833 1116 23 19 af
870 1116 53 19 Herr

174 1151 156 20 Talmannen
349 1150 85 27 utsågos
452 1151 77 20 Herrar
553 1151 123 25 Wendelin,
702 1151 88 26 Krogius
813 1150 39 20 och
874 1150 48 19 Hel-

174 1185 87 26 singius,
280 1185 120 20 underrätta
419 1185 137 20 Medstånden
576 1191 33 14 om
629 1185 59 20 detta
709 1185 73 20 beslut.
819 1185 41 19 För
880 1191 42 13 om-

174 1219 103 20 förmälde
301 1219 78 20 besluts
401 1219 210 26 förfullständigande
637 1219 125 19 hemställde
788 1219 52 19 Herr
866 1218 57 19 Tal-

174 1260 111 13 mannen
302 1261 26 12 nu
345 1253 32 20 till
392 1253 88 20 Ståndet
495 1253 23 20 af
530 1253 63 20 hvem
611 1253 100 20 adressen
730 1253 67 19 skulle
816 1252 29 19 till
866 1252 57 19 Hans

173 1287 114 20 Excellens
303 1287 225 26 Generalguvernören
545 1287 147 20 öfverlemnas.

241 1321 9 19 I
266 1321 115 26 anledning
397 1321 61 20 häraf
472 1321 84 26 yttrade

244 1355 54 20 Herr
320 1351 142 30 Öhrnberg:
488 1355 75 20 Männe
589 1355 35 20 det
650 1355 19 26 ej
695 1361 50 13 vore
760 1354 121 27 lämpligast
894 1356 31 18 att

174 1389 98 26 samtlige
288 1388 93 21 Stånden
397 1389 72 26 utsåge
485 1396 26 13 en
527 1390 131 25 deputation,
674 1395 45 14 som
734 1388 68 20 skulle
818 1388 107 27 uppvakta
