<?xml version="1.0" encoding="UTF-8"?>
<alto xmlns="http://www.loc.gov/standards/alto/ns-v3#" xmlns:xlink="http://www.w3.org/1999/xlink" xmlns:xsi="http://www.w3.org/2001/XMLSchema-instance" xsi:schemaLocation="http://www.loc.gov/standards/alto/ns-v3# http://www.loc.gov/alto/v3/alto-3-0.xsd">
	<Description>
		<MeasurementUnit>pixel</MeasurementUnit>
		<sourceImageInformation>
			<fileName>/tmp/tess_27xk3be8_input.PNG</fileName>
		</sourceImageInformation>
		<OCRProcessing ID="OCR_0">
			<ocrProcessingStep>
				<processingSoftware>
					<softwareName>tesseract 5.3.4</softwareName>
				</processingSoftware>
			</ocrProcessingStep>
		</OCRProcessing>
	</Description>
	<Layout>
		<Page WIDTH="1039" HEIGHT="1692" PHYSICAL_IMG_NR="0" ID="page_0">
			<PrintSpace HPOS="0" VPOS="0" WIDTH="1039" HEIGHT="1692">
				<ComposedBlock ID="cblock_0" HPOS="410" VPOS="126" WIDTH="432" HEIGHT="22">
					<TextBlock ID="block_0" HPOS="410" VPOS="126" WIDTH="432" HEIGHT="22">
						<TextLine ID="line_0" HPOS="410" VPOS="126" WIDTH="432" HEIGHT="22">
							<String ID="string_0" HPOS="410" VPOS="126" WIDTH="41" HEIGHT="17" WC="0.96" CONTENT="Den"/><SP WIDTH="13" VPOS="126" HPOS="451"/>
							<String ID="string_1" HPOS="464" VPOS="126" WIDTH="23" HEIGHT="16" WC="0.95" CONTENT="14"/><SP WIDTH="10" VPOS="126" HPOS="487"/>
							<String ID="string_2" HPOS="497" VPOS="126" WIDTH="54" HEIGHT="16" WC="0.88" CONTENT="Mars."/><SP WIDTH="257" VPOS="126" HPOS="551"/>
							<String ID="string_3" HPOS="808" VPOS="131" WIDTH="34" HEIGHT="17" WC="0.96" CONTENT="323"/>
						</TextLine>
					</TextBlock>
				</ComposedBlock>
				<ComposedBlock ID="cblock_1" HPOS="113" VPOS="183" WIDTH="758" HEIGHT="1256">
					<TextBlock ID="block_1" HPOS="113" VPOS="183" WIDTH="752" HEIGHT="165">
						<TextLine ID="line_1" HPOS="113" VPOS="183" WIDTH="749" HEIGHT="27">
							<String ID="string_4" HPOS="113" VPOS="185" WIDTH="39" HEIGHT="20" WC="0.93" CONTENT="dra"/><SP WIDTH="14" VPOS="185" HPOS="152"/>
							<String ID="string_5" HPOS="166" VPOS="184" WIDTH="92" HEIGHT="21" WC="0.92" CONTENT="Ständen"/><SP WIDTH="18" VPOS="184" HPOS="258"/>
							<String ID="string_6" HPOS="276" VPOS="184" WIDTH="68" HEIGHT="20" WC="0.93" CONTENT="blifvit"/><SP WIDTH="15" VPOS="184" HPOS="344"/>
							<String ID="string_7" HPOS="359" VPOS="183" WIDTH="177" HEIGHT="20" WC="0.91" CONTENT="äterremitteradt"/><SP WIDTH="19" VPOS="183" HPOS="536"/>
							<String ID="string_8" HPOS="555" VPOS="184" WIDTH="30" HEIGHT="20" WC="0.95" CONTENT="till"/><SP WIDTH="16" VPOS="184" HPOS="585"/>
							<String ID="string_9" HPOS="601" VPOS="184" WIDTH="108" HEIGHT="26" WC="0.95" CONTENT="utskottet,"/><SP WIDTH="16" VPOS="184" HPOS="709"/>
							<String ID="string_10" HPOS="725" VPOS="185" WIDTH="24" HEIGHT="20" WC="0.93" CONTENT="sä"/><SP WIDTH="14" VPOS="185" HPOS="749"/>
							<String ID="string_11" HPOS="763" VPOS="192" WIDTH="51" HEIGHT="14" WC="0.96" CONTENT="vore"/><SP WIDTH="14" VPOS="192" HPOS="814"/>
							<String ID="string_12" HPOS="828" VPOS="188" WIDTH="34" HEIGHT="19" WC="0.96" CONTENT="väl"/>
						</TextLine>
						<TextLine ID="line_2" HPOS="113" VPOS="217" WIDTH="747" HEIGHT="29">
							<String ID="string_13" HPOS="113" VPOS="219" WIDTH="67" HEIGHT="21" WC="0.96" CONTENT="också"/><SP WIDTH="15" VPOS="219" HPOS="180"/>
							<String ID="string_14" HPOS="195" VPOS="225" WIDTH="25" HEIGHT="13" WC="0.96" CONTENT="en"/><SP WIDTH="16" VPOS="225" HPOS="220"/>
							<String ID="string_15" HPOS="236" VPOS="218" WIDTH="119" HEIGHT="20" WC="0.95" CONTENT="återremiss"/><SP WIDTH="16" VPOS="218" HPOS="355"/>
							<String ID="string_16" HPOS="371" VPOS="218" WIDTH="38" HEIGHT="19" WC="0.96" CONTENT="här"/><SP WIDTH="15" VPOS="218" HPOS="409"/>
							<String ID="string_17" HPOS="424" VPOS="217" WIDTH="113" HEIGHT="25" WC="0.96" CONTENT="önskvärd,"/><SP WIDTH="16" VPOS="217" HPOS="537"/>
							<String ID="string_18" HPOS="553" VPOS="224" WIDTH="48" HEIGHT="13" WC="0.92" CONTENT="men"/><SP WIDTH="16" VPOS="224" HPOS="601"/>
							<String ID="string_19" HPOS="617" VPOS="218" WIDTH="74" HEIGHT="20" WC="0.92" CONTENT="dervid"/><SP WIDTH="16" VPOS="218" HPOS="691"/>
							<String ID="string_20" HPOS="707" VPOS="219" WIDTH="50" HEIGHT="20" WC="0.96" CONTENT="ville"/><SP WIDTH="16" VPOS="219" HPOS="757"/>
							<String ID="string_21" HPOS="773" VPOS="220" WIDTH="37" HEIGHT="26" WC="0.93" CONTENT="jag"/><SP WIDTH="19" VPOS="220" HPOS="810"/>
							<String ID="string_22" HPOS="829" VPOS="220" WIDTH="31" HEIGHT="20" WC="0.90" CONTENT="så-"/>
						</TextLine>
						<TextLine ID="line_3" HPOS="114" VPOS="252" WIDTH="751" HEIGHT="27">
							<String ID="string_23" HPOS="114" VPOS="260" WIDTH="45" HEIGHT="14" WC="0.93" CONTENT="som"/><SP WIDTH="23" VPOS="260" HPOS="159"/>
							<String ID="string_24" HPOS="182" VPOS="252" WIDTH="157" HEIGHT="26" WC="0.86" CONTENT="önskningsmål"/><SP WIDTH="25" VPOS="252" HPOS="339"/>
							<String ID="string_25" HPOS="364" VPOS="252" WIDTH="71" HEIGHT="25" WC="0.95" CONTENT="uttala,"/><SP WIDTH="23" VPOS="252" HPOS="435"/>
							<String ID="string_26" HPOS="458" VPOS="253" WIDTH="30" HEIGHT="18" WC="0.96" CONTENT="att"/><SP WIDTH="19" VPOS="253" HPOS="488"/>
							<String ID="string_27" HPOS="507" VPOS="252" WIDTH="36" HEIGHT="19" WC="0.96" CONTENT="det"/><SP WIDTH="19" VPOS="252" HPOS="543"/>
							<String ID="string_28" HPOS="562" VPOS="258" WIDTH="43" HEIGHT="20" WC="0.95" CONTENT="nya"/><SP WIDTH="20" VPOS="258" HPOS="605"/>
							<String ID="string_29" HPOS="625" VPOS="252" WIDTH="141" HEIGHT="27" WC="0.95" CONTENT="betänkande,"/><SP WIDTH="16" VPOS="252" HPOS="766"/>
							<String ID="string_30" HPOS="782" VPOS="260" WIDTH="44" HEIGHT="14" WC="0.96" CONTENT="som"/><SP WIDTH="16" VPOS="260" HPOS="826"/>
							<String ID="string_31" HPOS="842" VPOS="255" WIDTH="23" HEIGHT="19" WC="0.96" CONTENT="af"/>
						</TextLine>
						<TextLine ID="line_4" HPOS="115" VPOS="285" WIDTH="748" HEIGHT="27">
							<String ID="string_32" HPOS="115" VPOS="287" WIDTH="101" HEIGHT="20" WC="0.96" CONTENT="utskottet"/><SP WIDTH="15" VPOS="287" HPOS="216"/>
							<String ID="string_33" HPOS="231" VPOS="286" WIDTH="85" HEIGHT="20" WC="0.93" CONTENT="komme"/><SP WIDTH="15" VPOS="286" HPOS="316"/>
							<String ID="string_34" HPOS="331" VPOS="287" WIDTH="29" HEIGHT="19" WC="0.93" CONTENT="att"/><SP WIDTH="15" VPOS="287" HPOS="360"/>
							<String ID="string_35" HPOS="375" VPOS="286" WIDTH="7" HEIGHT="19" WC="0.96" CONTENT="i"/><SP WIDTH="16" VPOS="286" HPOS="382"/>
							<String ID="string_36" HPOS="398" VPOS="285" WIDTH="52" HEIGHT="26" WC="0.96" CONTENT="följd"/><SP WIDTH="16" VPOS="285" HPOS="450"/>
							<String ID="string_37" HPOS="466" VPOS="285" WIDTH="62" HEIGHT="20" WC="0.93" CONTENT="häraf"/><SP WIDTH="12" VPOS="285" HPOS="528"/>
							<String ID="string_38" HPOS="540" VPOS="286" WIDTH="97" HEIGHT="26" WC="0.90" CONTENT="afgifvas,"/><SP WIDTH="17" VPOS="286" HPOS="637"/>
							<String ID="string_39" HPOS="654" VPOS="286" WIDTH="69" HEIGHT="21" WC="0.93" CONTENT="blefve"/><SP WIDTH="21" VPOS="286" HPOS="723"/>
							<String ID="string_40" HPOS="744" VPOS="288" WIDTH="119" HEIGHT="21" WC="0.92" CONTENT="utarbetadt"/>
						</TextLine>
						<TextLine ID="line_5" HPOS="115" VPOS="320" WIDTH="238" HEIGHT="28">
							<String ID="string_41" HPOS="115" VPOS="322" WIDTH="7" HEIGHT="20" WC="0.96" CONTENT="i"/><SP WIDTH="16" VPOS="322" HPOS="122"/>
							<String ID="string_42" HPOS="138" VPOS="327" WIDTH="50" HEIGHT="21" WC="0.93" CONTENT="nyss"/><SP WIDTH="15" VPOS="327" HPOS="188"/>
							<String ID="string_43" HPOS="203" VPOS="320" WIDTH="74" HEIGHT="27" WC="0.92" CONTENT="antydt"/><SP WIDTH="15" VPOS="320" HPOS="277"/>
							<String ID="string_44" HPOS="292" VPOS="320" WIDTH="61" HEIGHT="26" WC="0.95" CONTENT="syfte."/>
						</TextLine>
					</TextBlock>
					<TextBlock ID="block_2" HPOS="115" VPOS="354" WIDTH="756" HEIGHT="1085">
						<TextLine ID="line_6" HPOS="184" VPOS="354" WIDTH="678" HEIGHT="28">
							<String ID="string_45" HPOS="184" VPOS="355" WIDTH="53" HEIGHT="20" WC="0.93" CONTENT="Herr"/><SP WIDTH="15" VPOS="355" HPOS="237"/>
							<String ID="string_46" HPOS="252" VPOS="354" WIDTH="124" HEIGHT="20" WC="0.86" CONTENT="Höekert:"/><SP WIDTH="30" VPOS="354" HPOS="376"/>
							<String ID="string_47" HPOS="406" VPOS="354" WIDTH="42" HEIGHT="20" WC="0.96" CONTENT="För"/><SP WIDTH="16" VPOS="354" HPOS="448"/>
							<String ID="string_48" HPOS="464" VPOS="354" WIDTH="41" HEIGHT="19" WC="0.96" CONTENT="min"/><SP WIDTH="17" VPOS="354" HPOS="505"/>
							<String ID="string_49" HPOS="522" VPOS="354" WIDTH="34" HEIGHT="20" WC="0.96" CONTENT="del"/><SP WIDTH="15" VPOS="354" HPOS="556"/>
							<String ID="string_50" HPOS="571" VPOS="354" WIDTH="45" HEIGHT="20" WC="0.96" CONTENT="åter"/><SP WIDTH="15" VPOS="354" HPOS="616"/>
							<String ID="string_51" HPOS="631" VPOS="354" WIDTH="41" HEIGHT="21" WC="0.96" CONTENT="kan"/><SP WIDTH="14" VPOS="354" HPOS="672"/>
							<String ID="string_52" HPOS="686" VPOS="356" WIDTH="38" HEIGHT="26" WC="0.96" CONTENT="jag"/><SP WIDTH="15" VPOS="356" HPOS="724"/>
							<String ID="string_53" HPOS="739" VPOS="357" WIDTH="19" HEIGHT="25" WC="0.93" CONTENT="ej"/><SP WIDTH="19" VPOS="357" HPOS="758"/>
							<String ID="string_54" HPOS="777" VPOS="357" WIDTH="85" HEIGHT="20" WC="0.90" CONTENT="instäm-"/>
						</TextLine>
						<TextLine ID="line_7" HPOS="117" VPOS="388" WIDTH="746" HEIGHT="28">
							<String ID="string_55" HPOS="117" VPOS="396" WIDTH="34" HEIGHT="13" WC="0.96" CONTENT="ma"/><SP WIDTH="15" VPOS="396" HPOS="151"/>
							<String ID="string_56" HPOS="166" VPOS="390" WIDTH="6" HEIGHT="18" WC="0.96" CONTENT="i"/><SP WIDTH="16" VPOS="390" HPOS="172"/>
							<String ID="string_57" HPOS="188" VPOS="389" WIDTH="110" HEIGHT="19" WC="0.95" CONTENT="utskottets"/><SP WIDTH="24" VPOS="389" HPOS="298"/>
							<String ID="string_58" HPOS="322" VPOS="388" WIDTH="141" HEIGHT="20" WC="0.96" CONTENT="betänkande."/><SP WIDTH="29" VPOS="388" HPOS="463"/>
							<String ID="string_59" HPOS="492" VPOS="388" WIDTH="41" HEIGHT="27" WC="0.96" CONTENT="Jag"/><SP WIDTH="22" VPOS="388" HPOS="533"/>
							<String ID="string_60" HPOS="555" VPOS="388" WIDTH="68" HEIGHT="20" WC="0.93" CONTENT="finner"/><SP WIDTH="22" VPOS="388" HPOS="623"/>
							<String ID="string_61" HPOS="645" VPOS="390" WIDTH="115" HEIGHT="26" WC="0.89" CONTENT="nemligen,"/><SP WIDTH="22" VPOS="390" HPOS="760"/>
							<String ID="string_62" HPOS="782" VPOS="392" WIDTH="30" HEIGHT="19" WC="0.93" CONTENT="att"/><SP WIDTH="21" VPOS="392" HPOS="812"/>
							<String ID="string_63" HPOS="833" VPOS="393" WIDTH="30" HEIGHT="18" WC="0.91" CONTENT="ut-"/>
						</TextLine>
						<TextLine ID="line_8" HPOS="115" VPOS="422" WIDTH="749" HEIGHT="29">
							<String ID="string_64" HPOS="115" VPOS="423" WIDTH="81" HEIGHT="20" WC="0.90" CONTENT="skottet"/><SP WIDTH="22" VPOS="423" HPOS="196"/>
							<String ID="string_65" HPOS="218" VPOS="422" WIDTH="182" HEIGHT="20" WC="0.89" CONTENT="sammanblandat"/><SP WIDTH="22" VPOS="422" HPOS="400"/>
							<String ID="string_66" HPOS="422" VPOS="422" WIDTH="40" HEIGHT="20" WC="0.95" CONTENT="den"/><SP WIDTH="24" VPOS="422" HPOS="462"/>
							<String ID="string_67" HPOS="486" VPOS="422" WIDTH="87" HEIGHT="26" WC="0.95" CONTENT="förmån,"/><SP WIDTH="16" VPOS="422" HPOS="573"/>
							<String ID="string_68" HPOS="589" VPOS="429" WIDTH="44" HEIGHT="14" WC="0.96" CONTENT="som"/><SP WIDTH="16" VPOS="429" HPOS="633"/>
							<String ID="string_69" HPOS="649" VPOS="424" WIDTH="98" HEIGHT="20" WC="0.96" CONTENT="städerna"/><SP WIDTH="16" VPOS="424" HPOS="747"/>
							<String ID="string_70" HPOS="763" VPOS="424" WIDTH="79" HEIGHT="27" WC="0.96" CONTENT="åtnjuta"/><SP WIDTH="15" VPOS="424" HPOS="842"/>
							<String ID="string_71" HPOS="857" VPOS="426" WIDTH="7" HEIGHT="20" WC="0.96" CONTENT="i"/>
						</TextLine>
						<TextLine ID="line_9" HPOS="117" VPOS="456" WIDTH="745" HEIGHT="29">
							<String ID="string_72" HPOS="117" VPOS="459" WIDTH="30" HEIGHT="18" WC="0.96" CONTENT="att"/><SP WIDTH="19" VPOS="459" HPOS="147"/>
							<String ID="string_73" HPOS="166" VPOS="457" WIDTH="93" HEIGHT="26" WC="0.93" CONTENT="uppbära"/><SP WIDTH="18" VPOS="457" HPOS="259"/>
							<String ID="string_74" HPOS="277" VPOS="456" WIDTH="63" HEIGHT="26" WC="0.92" CONTENT="tolag,"/><SP WIDTH="21" VPOS="456" HPOS="340"/>
							<String ID="string_75" HPOS="361" VPOS="456" WIDTH="47" HEIGHT="20" WC="0.96" CONTENT="med"/><SP WIDTH="20" VPOS="456" HPOS="408"/>
							<String ID="string_76" HPOS="428" VPOS="456" WIDTH="41" HEIGHT="20" WC="0.96" CONTENT="den"/><SP WIDTH="15" VPOS="456" HPOS="469"/>
							<String ID="string_77" HPOS="484" VPOS="456" WIDTH="109" HEIGHT="20" WC="0.96" CONTENT="städernas"/><SP WIDTH="17" VPOS="456" HPOS="593"/>
							<String ID="string_78" HPOS="610" VPOS="457" WIDTH="130" HEIGHT="28" WC="0.96" CONTENT="borgerskap"/><SP WIDTH="15" VPOS="457" HPOS="740"/>
							<String ID="string_79" HPOS="755" VPOS="459" WIDTH="8" HEIGHT="19" WC="0.93" CONTENT="i"/><SP WIDTH="16" VPOS="459" HPOS="763"/>
							<String ID="string_80" HPOS="779" VPOS="460" WIDTH="83" HEIGHT="25" WC="0.92" CONTENT="privile-"/>
						</TextLine>
						<TextLine ID="line_10" HPOS="115" VPOS="490" WIDTH="747" HEIGHT="28">
							<String ID="string_81" HPOS="115" VPOS="492" WIDTH="75" HEIGHT="26" WC="0.85" CONTENT="gierna"/><SP WIDTH="22" VPOS="492" HPOS="190"/>
							<String ID="string_82" HPOS="212" VPOS="490" WIDTH="127" HEIGHT="20" WC="0.91" CONTENT="tillerkända"/><SP WIDTH="18" VPOS="490" HPOS="339"/>
							<String ID="string_83" HPOS="357" VPOS="490" WIDTH="102" HEIGHT="27" WC="0.96" CONTENT="rättighet"/><SP WIDTH="14" VPOS="490" HPOS="459"/>
							<String ID="string_84" HPOS="473" VPOS="493" WIDTH="31" HEIGHT="17" WC="0.93" CONTENT="att"/><SP WIDTH="16" VPOS="493" HPOS="504"/>
							<String ID="string_85" HPOS="520" VPOS="490" WIDTH="96" HEIGHT="21" WC="0.93" CONTENT="beskatta"/><SP WIDTH="15" VPOS="490" HPOS="616"/>
							<String ID="string_86" HPOS="631" VPOS="492" WIDTH="46" HEIGHT="19" WC="0.96" CONTENT="sina"/><SP WIDTH="15" VPOS="492" HPOS="677"/>
							<String ID="string_87" HPOS="692" VPOS="499" WIDTH="55" HEIGHT="19" WC="0.93" CONTENT="egna"/><SP WIDTH="16" VPOS="499" HPOS="747"/>
							<String ID="string_88" HPOS="763" VPOS="494" WIDTH="99" HEIGHT="20" WC="0.92" CONTENT="medlem-"/>
						</TextLine>
						<TextLine ID="line_11" HPOS="118" VPOS="524" WIDTH="747" HEIGHT="30">
							<String ID="string_89" HPOS="118" VPOS="532" WIDTH="44" HEIGHT="14" WC="0.95" CONTENT="mar"/><SP WIDTH="15" VPOS="532" HPOS="162"/>
							<String ID="string_90" HPOS="177" VPOS="526" WIDTH="7" HEIGHT="19" WC="0.96" CONTENT="i"/><SP WIDTH="16" VPOS="526" HPOS="184"/>
							<String ID="string_91" HPOS="200" VPOS="526" WIDTH="38" HEIGHT="19" WC="0.96" CONTENT="och"/><SP WIDTH="24" VPOS="526" HPOS="238"/>
							<String ID="string_92" HPOS="262" VPOS="525" WIDTH="32" HEIGHT="19" WC="0.93" CONTENT="för"/><SP WIDTH="22" VPOS="525" HPOS="294"/>
							<String ID="string_93" HPOS="316" VPOS="524" WIDTH="104" HEIGHT="27" WC="0.91" CONTENT="fyllandet"/><SP WIDTH="22" VPOS="524" HPOS="420"/>
							<String ID="string_94" HPOS="442" VPOS="524" WIDTH="24" HEIGHT="20" WC="0.96" CONTENT="af"/><SP WIDTH="19" VPOS="524" HPOS="466"/>
							<String ID="string_95" HPOS="485" VPOS="524" WIDTH="80" HEIGHT="20" WC="0.93" CONTENT="sådana"/><SP WIDTH="20" VPOS="524" HPOS="565"/>
							<String ID="string_96" HPOS="585" VPOS="526" WIDTH="69" HEIGHT="25" WC="0.92" CONTENT="behof,"/><SP WIDTH="17" VPOS="526" HPOS="654"/>
							<String ID="string_97" HPOS="671" VPOS="526" WIDTH="72" HEIGHT="21" WC="0.96" CONTENT="hvilka"/><SP WIDTH="15" VPOS="526" HPOS="743"/>
							<String ID="string_98" HPOS="758" VPOS="528" WIDTH="19" HEIGHT="26" WC="0.96" CONTENT="ej"/><SP WIDTH="16" VPOS="528" HPOS="777"/>
							<String ID="string_99" HPOS="793" VPOS="528" WIDTH="72" HEIGHT="20" WC="0.96" CONTENT="kunna"/>
						</TextLine>
						<TextLine ID="line_12" HPOS="117" VPOS="559" WIDTH="747" HEIGHT="29">
							<String ID="string_100" HPOS="117" VPOS="566" WIDTH="77" HEIGHT="21" WC="0.95" CONTENT="genom"/><SP WIDTH="16" VPOS="566" HPOS="194"/>
							<String ID="string_101" HPOS="210" VPOS="559" WIDTH="108" HEIGHT="20" WC="0.96" CONTENT="städernas"/><SP WIDTH="16" VPOS="559" HPOS="318"/>
							<String ID="string_102" HPOS="334" VPOS="559" WIDTH="106" HEIGHT="19" WC="0.96" CONTENT="ordinarie"/><SP WIDTH="15" VPOS="559" HPOS="440"/>
							<String ID="string_103" HPOS="455" VPOS="559" WIDTH="117" HEIGHT="20" WC="0.96" CONTENT="inkomster"/><SP WIDTH="17" VPOS="559" HPOS="572"/>
							<String ID="string_104" HPOS="589" VPOS="560" WIDTH="107" HEIGHT="20" WC="0.92" CONTENT="bestridas."/><SP WIDTH="17" VPOS="560" HPOS="696"/>
							<String ID="string_105" HPOS="713" VPOS="561" WIDTH="67" HEIGHT="27" WC="0.91" CONTENT="Tolag"/><SP WIDTH="14" VPOS="561" HPOS="780"/>
							<String ID="string_106" HPOS="794" VPOS="565" WIDTH="24" HEIGHT="17" WC="0.93" CONTENT="är"/><SP WIDTH="10" VPOS="565" HPOS="818"/>
							<String ID="string_107" HPOS="828" VPOS="569" WIDTH="36" HEIGHT="14" WC="0.91" CONTENT="en-"/>
						</TextLine>
						<TextLine ID="line_13" HPOS="117" VPOS="593" WIDTH="746" HEIGHT="29">
							<String ID="string_108" HPOS="117" VPOS="595" WIDTH="39" HEIGHT="27" WC="0.96" CONTENT="ligt"/><SP WIDTH="16" VPOS="595" HPOS="156"/>
							<String ID="string_109" HPOS="172" VPOS="594" WIDTH="42" HEIGHT="20" WC="0.91" CONTENT="min"/><SP WIDTH="19" VPOS="594" HPOS="214"/>
							<String ID="string_110" HPOS="233" VPOS="594" WIDTH="55" HEIGHT="26" WC="0.91" CONTENT="åsigt"/><SP WIDTH="17" VPOS="594" HPOS="288"/>
							<String ID="string_111" HPOS="305" VPOS="593" WIDTH="19" HEIGHT="26" WC="0.96" CONTENT="ej"/><SP WIDTH="21" VPOS="593" HPOS="324"/>
							<String ID="string_112" HPOS="345" VPOS="593" WIDTH="68" HEIGHT="27" WC="0.96" CONTENT="någon"/><SP WIDTH="16" VPOS="593" HPOS="413"/>
							<String ID="string_113" HPOS="429" VPOS="593" WIDTH="65" HEIGHT="19" WC="0.93" CONTENT="sådan"/><SP WIDTH="16" VPOS="593" HPOS="494"/>
							<String ID="string_114" HPOS="510" VPOS="593" WIDTH="208" HEIGHT="27" WC="0.91" CONTENT="beskattningsform,"/><SP WIDTH="20" VPOS="593" HPOS="718"/>
							<String ID="string_115" HPOS="738" VPOS="596" WIDTH="48" HEIGHT="20" WC="0.96" CONTENT="med"/><SP WIDTH="15" VPOS="596" HPOS="786"/>
							<String ID="string_116" HPOS="801" VPOS="596" WIDTH="62" HEIGHT="21" WC="0.96" CONTENT="hvars"/>
						</TextLine>
						<TextLine ID="line_14" HPOS="118" VPOS="627" WIDTH="746" HEIGHT="28">
							<String ID="string_117" HPOS="118" VPOS="628" WIDTH="90" HEIGHT="26" WC="0.86" CONTENT="tillhjelp"/><SP WIDTH="16" VPOS="628" HPOS="208"/>
							<String ID="string_118" HPOS="224" VPOS="628" WIDTH="108" HEIGHT="19" WC="0.96" CONTENT="städernas"/><SP WIDTH="15" VPOS="628" HPOS="332"/>
							<String ID="string_119" HPOS="347" VPOS="627" WIDTH="107" HEIGHT="20" WC="0.93" CONTENT="allmänna"/><SP WIDTH="16" VPOS="627" HPOS="454"/>
							<String ID="string_120" HPOS="470" VPOS="627" WIDTH="65" HEIGHT="20" WC="0.93" CONTENT="behof"/><SP WIDTH="13" VPOS="627" HPOS="535"/>
							<String ID="string_121" HPOS="548" VPOS="628" WIDTH="73" HEIGHT="20" WC="0.96" CONTENT="kunna"/><SP WIDTH="14" VPOS="628" HPOS="621"/>
							<String ID="string_122" HPOS="635" VPOS="628" WIDTH="69" HEIGHT="27" WC="0.92" CONTENT="fyllas,"/><SP WIDTH="18" VPOS="628" HPOS="704"/>
							<String ID="string_123" HPOS="722" VPOS="629" WIDTH="70" HEIGHT="21" WC="0.92" CONTENT="såvidt"/><SP WIDTH="17" VPOS="629" HPOS="792"/>
							<String ID="string_124" HPOS="809" VPOS="631" WIDTH="55" HEIGHT="20" WC="0.93" CONTENT="ordi-"/>
						</TextLine>
						<TextLine ID="line_15" HPOS="118" VPOS="661" WIDTH="748" HEIGHT="29">
							<String ID="string_125" HPOS="118" VPOS="662" WIDTH="59" HEIGHT="20" WC="0.90" CONTENT="narie"/><SP WIDTH="18" VPOS="662" HPOS="177"/>
							<String ID="string_126" HPOS="195" VPOS="662" WIDTH="143" HEIGHT="20" WC="0.91" CONTENT="inkomsterne"/><SP WIDTH="19" VPOS="662" HPOS="338"/>
							<String ID="string_127" HPOS="357" VPOS="661" WIDTH="70" HEIGHT="21" WC="0.92" CONTENT="dertill"/><SP WIDTH="19" VPOS="661" HPOS="427"/>
							<String ID="string_128" HPOS="446" VPOS="662" WIDTH="18" HEIGHT="25" WC="0.93" CONTENT="ej"/><SP WIDTH="20" VPOS="662" HPOS="464"/>
							<String ID="string_129" HPOS="484" VPOS="661" WIDTH="70" HEIGHT="26" WC="0.92" CONTENT="förslå,"/><SP WIDTH="19" VPOS="661" HPOS="554"/>
							<String ID="string_130" HPOS="573" VPOS="664" WIDTH="49" HEIGHT="18" WC="0.96" CONTENT="utan"/><SP WIDTH="17" VPOS="664" HPOS="622"/>
							<String ID="string_131" HPOS="639" VPOS="662" WIDTH="39" HEIGHT="20" WC="0.96" CONTENT="den"/><SP WIDTH="16" VPOS="662" HPOS="678"/>
							<String ID="string_132" HPOS="694" VPOS="663" WIDTH="61" HEIGHT="27" WC="0.96" CONTENT="utgår"/><SP WIDTH="18" VPOS="663" HPOS="755"/>
							<String ID="string_133" HPOS="773" VPOS="665" WIDTH="46" HEIGHT="19" WC="0.96" CONTENT="med"/><SP WIDTH="15" VPOS="665" HPOS="819"/>
							<String ID="string_134" HPOS="834" VPOS="667" WIDTH="32" HEIGHT="18" WC="0.94" CONTENT="ett"/>
						</TextLine>
						<TextLine ID="line_16" HPOS="118" VPOS="696" WIDTH="747" HEIGHT="26">
							<String ID="string_135" HPOS="118" VPOS="696" WIDTH="38" HEIGHT="20" WC="0.91" CONTENT="fixt"/><SP WIDTH="22" VPOS="696" HPOS="156"/>
							<String ID="string_136" HPOS="178" VPOS="696" WIDTH="171" HEIGHT="26" WC="0.92" CONTENT="maximibelopp,"/><SP WIDTH="23" VPOS="696" HPOS="349"/>
							<String ID="string_137" HPOS="372" VPOS="702" WIDTH="43" HEIGHT="14" WC="0.96" CONTENT="som"/><SP WIDTH="24" VPOS="702" HPOS="415"/>
							<String ID="string_138" HPOS="439" VPOS="696" WIDTH="19" HEIGHT="26" WC="0.96" CONTENT="ej"/><SP WIDTH="24" VPOS="696" HPOS="458"/>
							<String ID="string_139" HPOS="482" VPOS="696" WIDTH="31" HEIGHT="19" WC="0.93" CONTENT="får"/><SP WIDTH="19" VPOS="696" HPOS="513"/>
							<String ID="string_140" HPOS="532" VPOS="696" WIDTH="149" HEIGHT="26" WC="0.91" CONTENT="öfverskridas,"/><SP WIDTH="20" VPOS="696" HPOS="681"/>
							<String ID="string_141" HPOS="701" VPOS="703" WIDTH="33" HEIGHT="14" WC="0.96" CONTENT="om"/><SP WIDTH="16" VPOS="703" HPOS="734"/>
							<String ID="string_142" HPOS="750" VPOS="698" WIDTH="65" HEIGHT="20" WC="0.93" CONTENT="också"/><SP WIDTH="15" VPOS="698" HPOS="815"/>
							<String ID="string_143" HPOS="830" VPOS="699" WIDTH="35" HEIGHT="20" WC="0.93" CONTENT="be-"/>
						</TextLine>
						<TextLine ID="line_17" HPOS="119" VPOS="729" WIDTH="747" HEIGHT="30">
							<String ID="string_144" HPOS="119" VPOS="730" WIDTH="76" HEIGHT="20" WC="0.91" CONTENT="hofven"/><SP WIDTH="23" VPOS="730" HPOS="195"/>
							<String ID="string_145" HPOS="218" VPOS="736" WIDTH="50" HEIGHT="14" WC="0.96" CONTENT="vore"/><SP WIDTH="23" VPOS="736" HPOS="268"/>
							<String ID="string_146" HPOS="291" VPOS="730" WIDTH="68" HEIGHT="26" WC="0.96" CONTENT="aldrig"/><SP WIDTH="18" VPOS="730" HPOS="359"/>
							<String ID="string_147" HPOS="377" VPOS="729" WIDTH="24" HEIGHT="20" WC="0.96" CONTENT="så"/><SP WIDTH="16" VPOS="729" HPOS="401"/>
							<String ID="string_148" HPOS="417" VPOS="731" WIDTH="62" HEIGHT="19" WC="0.93" CONTENT="stora."/><SP WIDTH="31" VPOS="731" HPOS="479"/>
							<String ID="string_149" HPOS="510" VPOS="730" WIDTH="118" HEIGHT="20" WC="0.90" CONTENT="Förmånen"/><SP WIDTH="18" VPOS="730" HPOS="628"/>
							<String ID="string_150" HPOS="646" VPOS="733" WIDTH="31" HEIGHT="17" WC="0.96" CONTENT="att"/><SP WIDTH="20" VPOS="733" HPOS="677"/>
							<String ID="string_151" HPOS="697" VPOS="732" WIDTH="94" HEIGHT="26" WC="0.93" CONTENT="uppbära"/><SP WIDTH="17" VPOS="732" HPOS="791"/>
							<String ID="string_152" HPOS="808" VPOS="733" WIDTH="58" HEIGHT="26" WC="0.92" CONTENT="tolag"/>
						</TextLine>
						<TextLine ID="line_18" HPOS="117" VPOS="764" WIDTH="747" HEIGHT="26">
							<String ID="string_153" HPOS="117" VPOS="765" WIDTH="79" HEIGHT="20" WC="0.96" CONTENT="saknar"/><SP WIDTH="17" VPOS="765" HPOS="196"/>
							<String ID="string_154" HPOS="213" VPOS="764" WIDTH="94" HEIGHT="26" WC="0.95" CONTENT="sålunda,"/><SP WIDTH="19" VPOS="764" HPOS="307"/>
							<String ID="string_155" HPOS="326" VPOS="764" WIDTH="67" HEIGHT="26" WC="0.96" CONTENT="enligt"/><SP WIDTH="19" VPOS="764" HPOS="393"/>
							<String ID="string_156" HPOS="412" VPOS="764" WIDTH="42" HEIGHT="20" WC="0.92" CONTENT="min"/><SP WIDTH="19" VPOS="764" HPOS="454"/>
							<String ID="string_157" HPOS="473" VPOS="764" WIDTH="60" HEIGHT="26" WC="0.91" CONTENT="åsigt,"/><SP WIDTH="21" VPOS="764" HPOS="533"/>
							<String ID="string_158" HPOS="554" VPOS="764" WIDTH="37" HEIGHT="20" WC="0.96" CONTENT="allt"/><SP WIDTH="15" VPOS="764" HPOS="591"/>
							<String ID="string_159" HPOS="606" VPOS="765" WIDTH="101" HEIGHT="21" WC="0.95" CONTENT="samband"/><SP WIDTH="17" VPOS="765" HPOS="707"/>
							<String ID="string_160" HPOS="724" VPOS="767" WIDTH="47" HEIGHT="19" WC="0.93" CONTENT="med"/><SP WIDTH="15" VPOS="767" HPOS="771"/>
							<String ID="string_161" HPOS="786" VPOS="767" WIDTH="78" HEIGHT="20" WC="0.92" CONTENT="städer-"/>
						</TextLine>
						<TextLine ID="line_19" HPOS="119" VPOS="798" WIDTH="746" HEIGHT="29">
							<String ID="string_162" HPOS="119" VPOS="806" WIDTH="37" HEIGHT="13" WC="0.93" CONTENT="nas"/><SP WIDTH="8" VPOS="806" HPOS="156"/>
							<String ID="string_163" HPOS="164" VPOS="798" WIDTH="248" HEIGHT="27" WC="0.92" CONTENT="sjelfbeskattningsrätt;"/><SP WIDTH="17" VPOS="798" HPOS="412"/>
							<String ID="string_164" HPOS="429" VPOS="798" WIDTH="39" HEIGHT="20" WC="0.93" CONTENT="och"/><SP WIDTH="12" VPOS="798" HPOS="468"/>
							<String ID="string_165" HPOS="480" VPOS="798" WIDTH="133" HEIGHT="20" WC="0.92" CONTENT="detinnebär"/><SP WIDTH="17" VPOS="798" HPOS="613"/>
							<String ID="string_166" HPOS="630" VPOS="800" WIDTH="19" HEIGHT="25" WC="0.96" CONTENT="ej"/><SP WIDTH="16" VPOS="800" HPOS="649"/>
							<String ID="string_167" HPOS="665" VPOS="799" WIDTH="66" HEIGHT="21" WC="0.96" CONTENT="heller"/><SP WIDTH="19" VPOS="799" HPOS="731"/>
							<String ID="string_168" HPOS="750" VPOS="800" WIDTH="68" HEIGHT="27" WC="0.93" CONTENT="någon"/><SP WIDTH="15" VPOS="800" HPOS="818"/>
							<String ID="string_169" HPOS="833" VPOS="801" WIDTH="32" HEIGHT="19" WC="0.91" CONTENT="in-"/>
						</TextLine>
						<TextLine ID="line_20" HPOS="117" VPOS="832" WIDTH="748" HEIGHT="28">
							<String ID="string_170" HPOS="117" VPOS="832" WIDTH="133" HEIGHT="27" WC="0.91" CONTENT="skränkning"/><SP WIDTH="15" VPOS="832" HPOS="250"/>
							<String ID="string_171" HPOS="265" VPOS="832" WIDTH="51" HEIGHT="24" WC="0.91" CONTENT="deri,"/><SP WIDTH="17" VPOS="832" HPOS="316"/>
							<String ID="string_172" HPOS="333" VPOS="838" WIDTH="33" HEIGHT="13" WC="0.96" CONTENT="om"/><SP WIDTH="16" VPOS="838" HPOS="366"/>
							<String ID="string_173" HPOS="382" VPOS="838" WIDTH="48" HEIGHT="13" WC="0.96" CONTENT="man"/><SP WIDTH="17" VPOS="838" HPOS="430"/>
							<String ID="string_174" HPOS="447" VPOS="832" WIDTH="84" HEIGHT="26" WC="0.96" CONTENT="utbyter"/><SP WIDTH="15" VPOS="832" HPOS="531"/>
							<String ID="string_175" HPOS="546" VPOS="839" WIDTH="26" HEIGHT="13" WC="0.96" CONTENT="en"/><SP WIDTH="17" VPOS="839" HPOS="572"/>
							<String ID="string_176" HPOS="589" VPOS="832" WIDTH="100" HEIGHT="27" WC="0.96" CONTENT="olämplig"/><SP WIDTH="16" VPOS="832" HPOS="689"/>
							<String ID="string_177" HPOS="705" VPOS="834" WIDTH="39" HEIGHT="19" WC="0.93" CONTENT="och"/><SP WIDTH="18" VPOS="834" HPOS="744"/>
							<String ID="string_178" HPOS="762" VPOS="834" WIDTH="103" HEIGHT="26" WC="0.92" CONTENT="obeqväm"/>
						</TextLine>
						<TextLine ID="line_21" HPOS="119" VPOS="866" WIDTH="747" HEIGHT="29">
							<String ID="string_179" HPOS="119" VPOS="867" WIDTH="67" HEIGHT="26" WC="0.95" CONTENT="grund"/><SP WIDTH="24" VPOS="867" HPOS="186"/>
							<String ID="string_180" HPOS="210" VPOS="867" WIDTH="32" HEIGHT="20" WC="0.92" CONTENT="för"/><SP WIDTH="22" VPOS="867" HPOS="242"/>
							<String ID="string_181" HPOS="264" VPOS="866" WIDTH="192" HEIGHT="27" WC="0.90" CONTENT="tolagsuppbörden"/><SP WIDTH="25" VPOS="866" HPOS="456"/>
							<String ID="string_182" HPOS="481" VPOS="868" WIDTH="58" HEIGHT="18" WC="0.96" CONTENT="emot"/><SP WIDTH="15" VPOS="868" HPOS="539"/>
							<String ID="string_183" HPOS="554" VPOS="873" WIDTH="26" HEIGHT="13" WC="0.95" CONTENT="en"/><SP WIDTH="17" VPOS="873" HPOS="580"/>
							<String ID="string_184" HPOS="597" VPOS="866" WIDTH="73" HEIGHT="21" WC="0.94" CONTENT="bättre."/><SP WIDTH="30" VPOS="866" HPOS="670"/>
							<String ID="string_185" HPOS="700" VPOS="867" WIDTH="41" HEIGHT="20" WC="0.96" CONTENT="Det"/><SP WIDTH="15" VPOS="867" HPOS="741"/>
							<String ID="string_186" HPOS="756" VPOS="871" WIDTH="23" HEIGHT="16" WC="0.96" CONTENT="är"/><SP WIDTH="15" VPOS="871" HPOS="779"/>
							<String ID="string_187" HPOS="794" VPOS="868" WIDTH="72" HEIGHT="27" WC="0.96" CONTENT="kändt,"/>
						</TextLine>
						<TextLine ID="line_22" HPOS="119" VPOS="900" WIDTH="746" HEIGHT="27">
							<String ID="string_188" HPOS="119" VPOS="903" WIDTH="32" HEIGHT="18" WC="0.96" CONTENT="att"/><SP WIDTH="21" VPOS="903" HPOS="151"/>
							<String ID="string_189" HPOS="172" VPOS="901" WIDTH="128" HEIGHT="26" WC="0.95" CONTENT="rättigheten"/><SP WIDTH="22" VPOS="901" HPOS="300"/>
							<String ID="string_190" HPOS="322" VPOS="901" WIDTH="31" HEIGHT="19" WC="0.93" CONTENT="till"/><SP WIDTH="23" VPOS="901" HPOS="353"/>
							<String ID="string_191" HPOS="376" VPOS="901" WIDTH="58" HEIGHT="26" WC="0.91" CONTENT="tolag"/><SP WIDTH="22" VPOS="901" HPOS="434"/>
							<String ID="string_192" HPOS="456" VPOS="900" WIDTH="161" HEIGHT="27" WC="0.96" CONTENT="ursprungligen"/><SP WIDTH="17" VPOS="900" HPOS="617"/>
							<String ID="string_193" HPOS="634" VPOS="901" WIDTH="69" HEIGHT="21" WC="0.96" CONTENT="blifvit"/><SP WIDTH="13" VPOS="901" HPOS="703"/>
							<String ID="string_194" HPOS="716" VPOS="902" WIDTH="100" HEIGHT="21" WC="0.93" CONTENT="städerna"/><SP WIDTH="14" VPOS="902" HPOS="816"/>
							<String ID="string_195" HPOS="830" VPOS="903" WIDTH="35" HEIGHT="20" WC="0.92" CONTENT="be-"/>
						</TextLine>
						<TextLine ID="line_23" HPOS="119" VPOS="935" WIDTH="747" HEIGHT="26">
							<String ID="string_196" HPOS="119" VPOS="936" WIDTH="64" HEIGHT="25" WC="0.91" CONTENT="viljad"/><SP WIDTH="19" VPOS="936" HPOS="183"/>
							<String ID="string_197" HPOS="202" VPOS="935" WIDTH="39" HEIGHT="20" WC="0.93" CONTENT="och"/><SP WIDTH="20" VPOS="935" HPOS="241"/>
							<String ID="string_198" HPOS="261" VPOS="935" WIDTH="127" HEIGHT="26" WC="0.90" CONTENT="medgifven,"/><SP WIDTH="20" VPOS="935" HPOS="388"/>
							<String ID="string_199" HPOS="408" VPOS="935" WIDTH="32" HEIGHT="20" WC="0.96" CONTENT="för"/><SP WIDTH="15" VPOS="935" HPOS="440"/>
							<String ID="string_200" HPOS="455" VPOS="936" WIDTH="30" HEIGHT="18" WC="0.96" CONTENT="att"/><SP WIDTH="15" VPOS="936" HPOS="485"/>
							<String ID="string_201" HPOS="500" VPOS="935" WIDTH="47" HEIGHT="19" WC="0.96" CONTENT="med"/><SP WIDTH="20" VPOS="935" HPOS="547"/>
							<String ID="string_202" HPOS="567" VPOS="935" WIDTH="70" HEIGHT="20" WC="0.93" CONTENT="denna"/><SP WIDTH="13" VPOS="935" HPOS="637"/>
							<String ID="string_203" HPOS="650" VPOS="935" WIDTH="63" HEIGHT="26" WC="0.92" CONTENT="afgift"/><SP WIDTH="15" VPOS="935" HPOS="713"/>
							<String ID="string_204" HPOS="728" VPOS="936" WIDTH="88" HEIGHT="21" WC="0.93" CONTENT="bekosta"/><SP WIDTH="14" VPOS="936" HPOS="816"/>
							<String ID="string_205" HPOS="830" VPOS="944" WIDTH="36" HEIGHT="13" WC="0.92" CONTENT="an-"/>
						</TextLine>
						<TextLine ID="line_24" HPOS="119" VPOS="968" WIDTH="747" HEIGHT="29">
							<String ID="string_206" HPOS="119" VPOS="969" WIDTH="130" HEIGHT="28" WC="0.96" CONTENT="läggningen"/><SP WIDTH="16" VPOS="969" HPOS="249"/>
							<String ID="string_207" HPOS="265" VPOS="969" WIDTH="39" HEIGHT="20" WC="0.96" CONTENT="och"/><SP WIDTH="17" VPOS="969" HPOS="304"/>
							<String ID="string_208" HPOS="321" VPOS="969" WIDTH="132" HEIGHT="20" WC="0.96" CONTENT="underhållet"/><SP WIDTH="14" VPOS="969" HPOS="453"/>
							<String ID="string_209" HPOS="467" VPOS="969" WIDTH="23" HEIGHT="19" WC="0.93" CONTENT="af"/><SP WIDTH="12" VPOS="969" HPOS="490"/>
							<String ID="string_210" HPOS="502" VPOS="968" WIDTH="136" HEIGHT="27" WC="0.91" CONTENT="lastbryggor"/><SP WIDTH="14" VPOS="968" HPOS="638"/>
							<String ID="string_211" HPOS="652" VPOS="969" WIDTH="39" HEIGHT="20" WC="0.96" CONTENT="och"/><SP WIDTH="16" VPOS="969" HPOS="691"/>
							<String ID="string_212" HPOS="707" VPOS="970" WIDTH="68" HEIGHT="27" WC="0.93" CONTENT="öfriga"/><SP WIDTH="15" VPOS="970" HPOS="775"/>
							<String ID="string_213" HPOS="790" VPOS="971" WIDTH="76" HEIGHT="19" WC="0.91" CONTENT="anstal-"/>
						</TextLine>
						<TextLine ID="line_25" HPOS="121" VPOS="1003" WIDTH="746" HEIGHT="28">
							<String ID="string_214" HPOS="121" VPOS="1005" WIDTH="31" HEIGHT="18" WC="0.96" CONTENT="ter"/><SP WIDTH="15" VPOS="1005" HPOS="152"/>
							<String ID="string_215" HPOS="167" VPOS="1004" WIDTH="32" HEIGHT="19" WC="0.96" CONTENT="för"/><SP WIDTH="15" VPOS="1004" HPOS="199"/>
							<String ID="string_216" HPOS="214" VPOS="1003" WIDTH="110" HEIGHT="26" WC="0.93" CONTENT="sjöfartens"/><SP WIDTH="16" VPOS="1003" HPOS="324"/>
							<String ID="string_217" HPOS="340" VPOS="1003" WIDTH="164" HEIGHT="26" WC="0.91" CONTENT="begvämlighet."/><SP WIDTH="30" VPOS="1003" HPOS="504"/>
							<String ID="string_218" HPOS="534" VPOS="1003" WIDTH="39" HEIGHT="20" WC="0.96" CONTENT="Att"/><SP WIDTH="19" VPOS="1003" HPOS="573"/>
							<String ID="string_219" HPOS="592" VPOS="1009" WIDTH="47" HEIGHT="14" WC="0.96" CONTENT="man"/><SP WIDTH="19" VPOS="1009" HPOS="639"/>
							<String ID="string_220" HPOS="658" VPOS="1003" WIDTH="27" HEIGHT="20" WC="0.96" CONTENT="då"/><SP WIDTH="18" VPOS="1003" HPOS="685"/>
							<String ID="string_221" HPOS="703" VPOS="1004" WIDTH="30" HEIGHT="19" WC="0.96" CONTENT="till"/><SP WIDTH="18" VPOS="1004" HPOS="733"/>
							<String ID="string_222" HPOS="751" VPOS="1005" WIDTH="68" HEIGHT="26" WC="0.96" CONTENT="grund"/><SP WIDTH="16" VPOS="1005" HPOS="819"/>
							<String ID="string_223" HPOS="835" VPOS="1005" WIDTH="32" HEIGHT="19" WC="0.96" CONTENT="för"/>
						</TextLine>
						<TextLine ID="line_26" HPOS="120" VPOS="1037" WIDTH="748" HEIGHT="27">
							<String ID="string_224" HPOS="120" VPOS="1037" WIDTH="192" HEIGHT="27" WC="0.91" CONTENT="tolagsuppbörden"/><SP WIDTH="18" VPOS="1037" HPOS="312"/>
							<String ID="string_225" HPOS="330" VPOS="1037" WIDTH="94" HEIGHT="20" WC="0.93" CONTENT="fixerade"/><SP WIDTH="20" VPOS="1037" HPOS="424"/>
							<String ID="string_226" HPOS="444" VPOS="1037" WIDTH="132" HEIGHT="26" WC="0.91" CONTENT="varuvärdet,"/><SP WIDTH="20" VPOS="1037" HPOS="576"/>
							<String ID="string_227" HPOS="596" VPOS="1038" WIDTH="37" HEIGHT="19" WC="0.96" CONTENT="har"/><SP WIDTH="17" VPOS="1038" HPOS="633"/>
							<String ID="string_228" HPOS="650" VPOS="1037" WIDTH="33" HEIGHT="20" WC="0.96" CONTENT="väl"/><SP WIDTH="21" VPOS="1037" HPOS="683"/>
							<String ID="string_229" HPOS="704" VPOS="1038" WIDTH="31" HEIGHT="20" WC="0.96" CONTENT="sin"/><SP WIDTH="19" VPOS="1038" HPOS="735"/>
							<String ID="string_230" HPOS="754" VPOS="1039" WIDTH="114" HEIGHT="20" WC="0.96" CONTENT="förnämsta"/>
						</TextLine>
						<TextLine ID="line_27" HPOS="119" VPOS="1071" WIDTH="749" HEIGHT="27">
							<String ID="string_231" HPOS="119" VPOS="1072" WIDTH="117" HEIGHT="26" WC="0.92" CONTENT="anledning"/><SP WIDTH="19" VPOS="1072" HPOS="236"/>
							<String ID="string_232" HPOS="255" VPOS="1071" WIDTH="52" HEIGHT="26" WC="0.92" CONTENT="deri,"/><SP WIDTH="21" VPOS="1071" HPOS="307"/>
							<String ID="string_233" HPOS="328" VPOS="1073" WIDTH="32" HEIGHT="18" WC="0.96" CONTENT="att"/><SP WIDTH="22" VPOS="1073" HPOS="360"/>
							<String ID="string_234" HPOS="382" VPOS="1072" WIDTH="38" HEIGHT="19" WC="0.96" CONTENT="hos"/><SP WIDTH="16" VPOS="1072" HPOS="420"/>
							<String ID="string_235" HPOS="436" VPOS="1071" WIDTH="25" HEIGHT="20" WC="0.96" CONTENT="de"/><SP WIDTH="16" VPOS="1071" HPOS="461"/>
							<String ID="string_236" HPOS="477" VPOS="1074" WIDTH="67" HEIGHT="17" WC="0.93" CONTENT="större"/><SP WIDTH="15" VPOS="1074" HPOS="544"/>
							<String ID="string_237" HPOS="559" VPOS="1072" WIDTH="166" HEIGHT="25" WC="0.92" CONTENT="sjöfartidkande"/><SP WIDTH="19" VPOS="1072" HPOS="725"/>
							<String ID="string_238" HPOS="744" VPOS="1073" WIDTH="124" HEIGHT="20" WC="0.96" CONTENT="nationerna"/>
						</TextLine>
						<TextLine ID="line_28" HPOS="121" VPOS="1105" WIDTH="747" HEIGHT="28">
							<String ID="string_239" HPOS="121" VPOS="1107" WIDTH="65" HEIGHT="19" WC="0.96" CONTENT="redan"/><SP WIDTH="18" VPOS="1107" HPOS="186"/>
							<String ID="string_240" HPOS="204" VPOS="1107" WIDTH="59" HEIGHT="26" WC="0.95" CONTENT="långt"/><SP WIDTH="20" VPOS="1107" HPOS="263"/>
							<String ID="string_241" HPOS="283" VPOS="1106" WIDTH="89" HEIGHT="26" WC="0.96" CONTENT="tidigare"/><SP WIDTH="19" VPOS="1106" HPOS="372"/>
							<String ID="string_242" HPOS="391" VPOS="1105" WIDTH="54" HEIGHT="20" WC="0.94" CONTENT="hade"/><SP WIDTH="20" VPOS="1105" HPOS="445"/>
							<String ID="string_243" HPOS="465" VPOS="1105" WIDTH="90" HEIGHT="20" WC="0.96" CONTENT="utbildat"/><SP WIDTH="19" VPOS="1105" HPOS="555"/>
							<String ID="string_244" HPOS="574" VPOS="1106" WIDTH="32" HEIGHT="27" WC="0.96" CONTENT="sig"/><SP WIDTH="18" VPOS="1106" HPOS="606"/>
							<String ID="string_245" HPOS="624" VPOS="1108" WIDTH="30" HEIGHT="18" WC="0.96" CONTENT="ett"/><SP WIDTH="15" VPOS="1108" HPOS="654"/>
							<String ID="string_246" HPOS="669" VPOS="1106" WIDTH="153" HEIGHT="27" WC="0.96" CONTENT="finanssystem,"/><SP WIDTH="16" VPOS="1106" HPOS="822"/>
							<String ID="string_247" HPOS="838" VPOS="1109" WIDTH="30" HEIGHT="18" WC="0.96" CONTENT="att"/>
						</TextLine>
						<TextLine ID="line_29" HPOS="121" VPOS="1139" WIDTH="746" HEIGHT="28">
							<String ID="string_248" HPOS="121" VPOS="1141" WIDTH="31" HEIGHT="19" WC="0.92" CONTENT="till"/><SP WIDTH="23" VPOS="1141" HPOS="152"/>
							<String ID="string_249" HPOS="175" VPOS="1140" WIDTH="79" HEIGHT="20" WC="0.95" CONTENT="förmån"/><SP WIDTH="24" VPOS="1140" HPOS="254"/>
							<String ID="string_250" HPOS="278" VPOS="1140" WIDTH="31" HEIGHT="19" WC="0.96" CONTENT="för"/><SP WIDTH="18" VPOS="1140" HPOS="309"/>
							<String ID="string_251" HPOS="327" VPOS="1141" WIDTH="67" HEIGHT="19" WC="0.96" CONTENT="staten"/><SP WIDTH="21" VPOS="1141" HPOS="394"/>
							<String ID="string_252" HPOS="415" VPOS="1140" WIDTH="90" HEIGHT="26" WC="0.95" CONTENT="belägga"/><SP WIDTH="18" VPOS="1140" HPOS="505"/>
							<String ID="string_253" HPOS="523" VPOS="1139" WIDTH="91" HEIGHT="20" WC="0.95" CONTENT="handeln"/><SP WIDTH="22" VPOS="1139" HPOS="614"/>
							<String ID="string_254" HPOS="636" VPOS="1140" WIDTH="47" HEIGHT="20" WC="0.92" CONTENT="med"/><SP WIDTH="20" VPOS="1140" HPOS="683"/>
							<String ID="string_255" HPOS="703" VPOS="1140" WIDTH="104" HEIGHT="27" WC="0.92" CONTENT="tullafgift,"/><SP WIDTH="15" VPOS="1140" HPOS="807"/>
							<String ID="string_256" HPOS="822" VPOS="1147" WIDTH="45" HEIGHT="14" WC="0.96" CONTENT="som"/>
						</TextLine>
						<TextLine ID="line_30" HPOS="121" VPOS="1173" WIDTH="746" HEIGHT="28">
							<String ID="string_257" HPOS="121" VPOS="1174" WIDTH="105" HEIGHT="27" WC="0.95" CONTENT="vanligast"/><SP WIDTH="20" VPOS="1174" HPOS="226"/>
							<String ID="string_258" HPOS="246" VPOS="1174" WIDTH="86" HEIGHT="20" WC="0.95" CONTENT="ställdes"/><SP WIDTH="16" VPOS="1174" HPOS="332"/>
							<String ID="string_259" HPOS="348" VPOS="1175" WIDTH="6" HEIGHT="18" WC="0.96" CONTENT="i"/><SP WIDTH="16" VPOS="1175" HPOS="354"/>
							<String ID="string_260" HPOS="370" VPOS="1175" WIDTH="30" HEIGHT="18" WC="0.96" CONTENT="ett"/><SP WIDTH="15" VPOS="1175" HPOS="400"/>
							<String ID="string_261" HPOS="415" VPOS="1173" WIDTH="85" HEIGHT="28" WC="0.96" CONTENT="mycket"/><SP WIDTH="22" VPOS="1173" HPOS="500"/>
							<String ID="string_262" HPOS="522" VPOS="1174" WIDTH="71" HEIGHT="19" WC="0.96" CONTENT="intimt"/><SP WIDTH="17" VPOS="1174" HPOS="593"/>
							<String ID="string_263" HPOS="610" VPOS="1173" WIDTH="131" HEIGHT="21" WC="0.95" CONTENT="förhållande"/><SP WIDTH="18" VPOS="1173" HPOS="741"/>
							<String ID="string_264" HPOS="759" VPOS="1174" WIDTH="31" HEIGHT="20" WC="0.93" CONTENT="till"/><SP WIDTH="19" VPOS="1174" HPOS="790"/>
							<String ID="string_265" HPOS="809" VPOS="1181" WIDTH="58" HEIGHT="13" WC="0.89" CONTENT="varu-"/>
						</TextLine>
						<TextLine ID="line_31" HPOS="122" VPOS="1208" WIDTH="746" HEIGHT="26">
							<String ID="string_266" HPOS="122" VPOS="1208" WIDTH="85" HEIGHT="25" WC="0.96" CONTENT="värdet;"/><SP WIDTH="23" VPOS="1208" HPOS="207"/>
							<String ID="string_267" HPOS="230" VPOS="1214" WIDTH="46" HEIGHT="13" WC="0.96" CONTENT="men"/><SP WIDTH="16" VPOS="1214" HPOS="276"/>
							<String ID="string_268" HPOS="292" VPOS="1208" WIDTH="6" HEIGHT="19" WC="0.96" CONTENT="i"/><SP WIDTH="17" VPOS="1208" HPOS="298"/>
							<String ID="string_269" HPOS="315" VPOS="1208" WIDTH="40" HEIGHT="19" WC="0.96" CONTENT="den"/><SP WIDTH="24" VPOS="1208" HPOS="355"/>
							<String ID="string_270" HPOS="379" VPOS="1214" WIDTH="48" HEIGHT="13" WC="0.92" CONTENT="mon"/><SP WIDTH="18" VPOS="1214" HPOS="427"/>
							<String ID="string_271" HPOS="445" VPOS="1208" WIDTH="207" HEIGHT="20" WC="0.92" CONTENT="handelsintressena"/><SP WIDTH="15" VPOS="1208" HPOS="652"/>
							<String ID="string_272" HPOS="667" VPOS="1209" WIDTH="38" HEIGHT="18" WC="0.96" CONTENT="hos"/><SP WIDTH="16" VPOS="1209" HPOS="705"/>
							<String ID="string_273" HPOS="721" VPOS="1208" WIDTH="26" HEIGHT="20" WC="0.91" CONTENT="de"/><SP WIDTH="17" VPOS="1208" HPOS="747"/>
							<String ID="string_274" HPOS="764" VPOS="1209" WIDTH="104" HEIGHT="25" WC="0.90" CONTENT="sjöfartid-"/>
						</TextLine>
						<TextLine ID="line_32" HPOS="121" VPOS="1242" WIDTH="746" HEIGHT="27">
							<String ID="string_275" HPOS="121" VPOS="1242" WIDTH="71" HEIGHT="20" WC="0.96" CONTENT="kande"/><SP WIDTH="16" VPOS="1242" HPOS="192"/>
							<String ID="string_276" HPOS="208" VPOS="1243" WIDTH="124" HEIGHT="19" WC="0.96" CONTENT="nationerna"/><SP WIDTH="14" VPOS="1243" HPOS="332"/>
							<String ID="string_277" HPOS="346" VPOS="1242" WIDTH="74" HEIGHT="27" WC="0.96" CONTENT="gjorde"/><SP WIDTH="14" VPOS="1242" HPOS="420"/>
							<String ID="string_278" HPOS="434" VPOS="1243" WIDTH="33" HEIGHT="26" WC="0.96" CONTENT="sig"/><SP WIDTH="15" VPOS="1243" HPOS="467"/>
							<String ID="string_279" HPOS="482" VPOS="1242" WIDTH="106" HEIGHT="26" WC="0.96" CONTENT="gällande,"/><SP WIDTH="17" VPOS="1242" HPOS="588"/>
							<String ID="string_280" HPOS="605" VPOS="1242" WIDTH="44" HEIGHT="20" WC="0.96" CONTENT="blef"/><SP WIDTH="13" VPOS="1242" HPOS="649"/>
							<String ID="string_281" HPOS="662" VPOS="1242" WIDTH="65" HEIGHT="19" WC="0.93" CONTENT="också"/><SP WIDTH="16" VPOS="1242" HPOS="727"/>
							<String ID="string_282" HPOS="743" VPOS="1243" WIDTH="124" HEIGHT="26" WC="0.92" CONTENT="tullafgiften"/>
						</TextLine>
						<TextLine ID="line_33" HPOS="123" VPOS="1276" WIDTH="746" HEIGHT="27">
							<String ID="string_283" HPOS="123" VPOS="1276" WIDTH="106" HEIGHT="20" WC="0.96" CONTENT="beroende"/><SP WIDTH="22" VPOS="1276" HPOS="229"/>
							<String ID="string_284" HPOS="251" VPOS="1276" WIDTH="23" HEIGHT="19" WC="0.96" CONTENT="af"/><SP WIDTH="17" VPOS="1276" HPOS="274"/>
							<String ID="string_285" HPOS="291" VPOS="1276" WIDTH="35" HEIGHT="19" WC="0.96" CONTENT="det"/><SP WIDTH="18" VPOS="1276" HPOS="326"/>
							<String ID="string_286" HPOS="344" VPOS="1278" WIDTH="86" HEIGHT="25" WC="0.96" CONTENT="system,"/><SP WIDTH="20" VPOS="1278" HPOS="430"/>
							<String ID="string_287" HPOS="450" VPOS="1282" WIDTH="43" HEIGHT="14" WC="0.96" CONTENT="som"/><SP WIDTH="16" VPOS="1282" HPOS="493"/>
							<String ID="string_288" HPOS="509" VPOS="1277" WIDTH="7" HEIGHT="19" WC="0.96" CONTENT="i"/><SP WIDTH="16" VPOS="1277" HPOS="516"/>
							<String ID="string_289" HPOS="532" VPOS="1276" WIDTH="26" HEIGHT="20" WC="0.96" CONTENT="de"/><SP WIDTH="21" VPOS="1276" HPOS="558"/>
							<String ID="string_290" HPOS="579" VPOS="1276" WIDTH="102" HEIGHT="19" WC="0.96" CONTENT="särskilda"/><SP WIDTH="15" VPOS="1276" HPOS="681"/>
							<String ID="string_291" HPOS="696" VPOS="1276" WIDTH="102" HEIGHT="19" WC="0.93" CONTENT="länderna"/><SP WIDTH="14" VPOS="1276" HPOS="798"/>
							<String ID="string_292" HPOS="812" VPOS="1278" WIDTH="57" HEIGHT="18" WC="0.92" CONTENT="anta-"/>
						</TextLine>
						<TextLine ID="line_34" HPOS="123" VPOS="1310" WIDTH="746" HEIGHT="27">
							<String ID="string_293" HPOS="123" VPOS="1311" WIDTH="41" HEIGHT="26" WC="0.93" CONTENT="gits"/><SP WIDTH="14" VPOS="1311" HPOS="164"/>
							<String ID="string_294" HPOS="178" VPOS="1310" WIDTH="32" HEIGHT="19" WC="0.96" CONTENT="för"/><SP WIDTH="15" VPOS="1310" HPOS="210"/>
							<String ID="string_295" HPOS="225" VPOS="1312" WIDTH="31" HEIGHT="18" WC="0.96" CONTENT="att"/><SP WIDTH="15" VPOS="1312" HPOS="256"/>
							<String ID="string_296" HPOS="271" VPOS="1310" WIDTH="70" HEIGHT="27" WC="0.96" CONTENT="uppnå"/><SP WIDTH="15" VPOS="1310" HPOS="341"/>
							<String ID="string_297" HPOS="356" VPOS="1310" WIDTH="35" HEIGHT="20" WC="0.96" CONTENT="det"/><SP WIDTH="16" VPOS="1310" HPOS="391"/>
							<String ID="string_298" HPOS="407" VPOS="1310" WIDTH="47" HEIGHT="26" WC="0.96" CONTENT="mål,"/><SP WIDTH="16" VPOS="1310" HPOS="454"/>
							<String ID="string_299" HPOS="470" VPOS="1317" WIDTH="44" HEIGHT="13" WC="0.96" CONTENT="som"/><SP WIDTH="16" VPOS="1317" HPOS="514"/>
							<String ID="string_300" HPOS="530" VPOS="1317" WIDTH="49" HEIGHT="13" WC="0.96" CONTENT="man"/><SP WIDTH="16" VPOS="1317" HPOS="579"/>
							<String ID="string_301" HPOS="595" VPOS="1310" WIDTH="96" HEIGHT="20" WC="0.93" CONTENT="öfverallt"/><SP WIDTH="13" VPOS="1310" HPOS="691"/>
							<String ID="string_302" HPOS="704" VPOS="1310" WIDTH="165" HEIGHT="26" WC="0.90" CONTENT="eftersträfvade,"/>
						</TextLine>
						<TextLine ID="line_35" HPOS="123" VPOS="1343" WIDTH="747" HEIGHT="28">
							<String ID="string_303" HPOS="123" VPOS="1345" WIDTH="107" HEIGHT="26" WC="0.92" CONTENT="nemligen"/><SP WIDTH="16" VPOS="1345" HPOS="230"/>
							<String ID="string_304" HPOS="246" VPOS="1346" WIDTH="30" HEIGHT="18" WC="0.96" CONTENT="att"/><SP WIDTH="14" VPOS="1346" HPOS="276"/>
							<String ID="string_305" HPOS="290" VPOS="1345" WIDTH="24" HEIGHT="19" WC="0.96" CONTENT="så"/><SP WIDTH="15" VPOS="1345" HPOS="314"/>
							<String ID="string_306" HPOS="329" VPOS="1345" WIDTH="45" HEIGHT="20" WC="0.96" CONTENT="vidt"/><SP WIDTH="16" VPOS="1345" HPOS="374"/>
							<String ID="string_307" HPOS="390" VPOS="1345" WIDTH="81" HEIGHT="26" WC="0.96" CONTENT="möjligt"/><SP WIDTH="15" VPOS="1345" HPOS="471"/>
							<String ID="string_308" HPOS="486" VPOS="1344" WIDTH="52" HEIGHT="20" WC="0.96" CONTENT="söka"/><SP WIDTH="15" VPOS="1344" HPOS="538"/>
							<String ID="string_309" HPOS="553" VPOS="1344" WIDTH="84" HEIGHT="26" WC="0.95" CONTENT="skydda"/><SP WIDTH="15" VPOS="1344" HPOS="637"/>
							<String ID="string_310" HPOS="652" VPOS="1345" WIDTH="49" HEIGHT="25" WC="0.96" CONTENT="eget"/><SP WIDTH="14" VPOS="1345" HPOS="701"/>
							<String ID="string_311" HPOS="715" VPOS="1343" WIDTH="60" HEIGHT="20" WC="0.96" CONTENT="lands"/><SP WIDTH="18" VPOS="1343" HPOS="775"/>
							<String ID="string_312" HPOS="793" VPOS="1344" WIDTH="77" HEIGHT="20" WC="0.96" CONTENT="handel"/>
						</TextLine>
						<TextLine ID="line_36" HPOS="123" VPOS="1377" WIDTH="747" HEIGHT="28">
							<String ID="string_313" HPOS="123" VPOS="1379" WIDTH="40" HEIGHT="20" WC="0.96" CONTENT="och"/><SP WIDTH="16" VPOS="1379" HPOS="163"/>
							<String ID="string_314" HPOS="179" VPOS="1379" WIDTH="104" HEIGHT="26" WC="0.94" CONTENT="näringar."/><SP WIDTH="31" VPOS="1379" HPOS="283"/>
							<String ID="string_315" HPOS="314" VPOS="1379" WIDTH="40" HEIGHT="19" WC="0.96" CONTENT="För"/><SP WIDTH="15" VPOS="1379" HPOS="354"/>
							<String ID="string_316" HPOS="369" VPOS="1385" WIDTH="26" HEIGHT="13" WC="0.96" CONTENT="en"/><SP WIDTH="16" VPOS="1385" HPOS="395"/>
							<String ID="string_317" HPOS="411" VPOS="1379" WIDTH="35" HEIGHT="19" WC="0.95" CONTENT="del"/><SP WIDTH="15" VPOS="1379" HPOS="446"/>
							<String ID="string_318" HPOS="461" VPOS="1385" WIDTH="61" HEIGHT="13" WC="0.96" CONTENT="varor"/><SP WIDTH="16" VPOS="1385" HPOS="522"/>
							<String ID="string_319" HPOS="538" VPOS="1377" WIDTH="117" HEIGHT="27" WC="0.96" CONTENT="uppställde"/><SP WIDTH="18" VPOS="1377" HPOS="655"/>
							<String ID="string_320" HPOS="673" VPOS="1384" WIDTH="46" HEIGHT="13" WC="0.96" CONTENT="man"/><SP WIDTH="16" VPOS="1384" HPOS="719"/>
							<String ID="string_321" HPOS="735" VPOS="1378" WIDTH="6" HEIGHT="19" WC="0.96" CONTENT="i"/><SP WIDTH="17" VPOS="1378" HPOS="741"/>
							<String ID="string_322" HPOS="758" VPOS="1378" WIDTH="57" HEIGHT="19" WC="0.93" CONTENT="detta"/><SP WIDTH="13" VPOS="1378" HPOS="815"/>
							<String ID="string_323" HPOS="828" VPOS="1378" WIDTH="42" HEIGHT="26" WC="0.91" CONTENT="syf-"/>
						</TextLine>
						<TextLine ID="line_37" HPOS="123" VPOS="1411" WIDTH="748" HEIGHT="28">
							<String ID="string_324" HPOS="123" VPOS="1413" WIDTH="64" HEIGHT="20" WC="0.90" CONTENT="temål"/><SP WIDTH="15" VPOS="1413" HPOS="187"/>
							<String ID="string_325" HPOS="202" VPOS="1413" WIDTH="283" HEIGHT="26" WC="0.90" CONTENT="prohibitivbestämningar;"/><SP WIDTH="16" VPOS="1413" HPOS="485"/>
							<String ID="string_326" HPOS="501" VPOS="1413" WIDTH="6" HEIGHT="19" WC="0.96" CONTENT="i"/><SP WIDTH="16" VPOS="1413" HPOS="507"/>
							<String ID="string_327" HPOS="523" VPOS="1412" WIDTH="101" HEIGHT="20" WC="0.93" CONTENT="afseende"/><SP WIDTH="15" VPOS="1412" HPOS="624"/>
							<String ID="string_328" HPOS="639" VPOS="1411" WIDTH="12" HEIGHT="20" WC="0.92" CONTENT="å"/><SP WIDTH="16" VPOS="1411" HPOS="651"/>
							<String ID="string_329" HPOS="667" VPOS="1412" WIDTH="66" HEIGHT="19" WC="0.96" CONTENT="andra"/><SP WIDTH="14" VPOS="1412" HPOS="733"/>
							<String ID="string_330" HPOS="747" VPOS="1411" WIDTH="45" HEIGHT="20" WC="0.96" CONTENT="åter"/><SP WIDTH="14" VPOS="1411" HPOS="792"/>
							<String ID="string_331" HPOS="806" VPOS="1411" WIDTH="65" HEIGHT="27" WC="0.96" CONTENT="följde"/>
						</TextLine>
					</TextBlock>
				</ComposedBlock>
			</PrintSpace>
		</Page>
	</Layout>
</alto>
