1039 1692
422 122 41 18 Den
476 123 22 17 14
510 122 53 18 Mars.
808 122 33 17 343

116 182 103 25 kationer,
242 188 45 13 som
310 181 69 20 blifvit
397 180 132 26 framhållna,
548 181 72 26 angår,
639 181 38 20 ber
693 182 37 26 jag
750 183 30 18 att
794 182 21 20 få
830 189 31 13 er-

115 217 52 25 inra,
190 218 30 17 att
242 222 47 13 man
312 215 35 20 väl
369 214 48 21 icke
440 215 31 19 för
486 215 60 19 alltid
565 215 83 27 frångår
664 215 41 20 den
721 222 26 13 nu
763 216 99 26 gällande

117 251 95 27 grunden
229 251 31 19 för
276 250 95 26 tolagens
387 249 124 27 beräkning,
528 255 33 14 om
577 256 48 13 man
641 250 74 26 gjorde
734 250 35 20 det
787 250 30 20 till
833 253 30 18 ett

117 284 124 27 uttryckligt
263 284 75 26 vilkor,
360 285 31 18 att
410 284 75 19 sådant
503 284 80 20 skedde
603 284 52 20 blott
673 284 32 20 för
723 291 26 13 en
768 285 41 20 viss
825 286 36 26 tid,

117 319 39 20 och
172 326 33 12 om
222 325 47 13 man
285 318 127 20 förbehåller
428 318 31 26 sig
475 318 26 19 fri
516 320 41 18 rätt
571 320 36 24 att,
623 318 52 20 efter
691 319 70 20 denna
771 320 40 19 tids
822 319 40 20 för-

116 353 57 27 lopp,
194 353 72 26 återgå
286 352 30 20 till
332 352 34 20 det
386 352 80 26 gamla;
484 352 36 20 det
535 354 23 18 är
573 352 53 20 blott
641 355 29 17 ett
685 353 70 20 försök
775 354 25 26 på
816 353 46 21 kor-

117 390 45 18 tare
177 387 37 23 tid,
230 387 70 27 gjordt
314 386 32 20 för
361 388 29 18 att
405 387 64 19 vinna
485 386 125 20 erfarenhet.

188 422 54 19 Herr
256 421 80 20 Julin:
352 420 30 20 Ur
398 420 40 20 den
459 420 29 20 till
508 420 111 20 utskottets
637 421 134 21 betänkande
789 422 75 27 fogade

119 456 137 25 reservation,
271 455 82 20 hvaruti
366 455 38 26 jag
420 454 95 27 deltagit,
531 454 92 28 framgår
638 456 78 26 tydligt
731 456 40 20 den
786 457 23 19 af
822 458 42 26 mig

120 490 84 27 hyllade
227 490 61 26 åsigt,
306 491 30 18 att
354 489 109 20 tullsatsen
483 489 38 19 bör
541 489 73 27 läggas
634 490 31 20 till
683 490 67 26 grund
767 490 31 20 för
813 491 51 19 tola-

120 532 52 20 gens
187 524 143 20 beräknande.
360 523 40 26 Jag
415 523 36 20 vill
467 523 82 20 derföre
569 524 74 20 endast
661 524 95 26 upplysa,
775 527 30 17 att
824 525 41 19 den

121 559 55 26 åsigt
190 558 53 20 Herr
258 558 65 20 Cleve
338 558 7 18 i
361 558 32 19 sin
408 558 131 20 reservation
554 560 66 24 yttrat
635 558 38 20 och
689 565 45 13 som
750 558 37 28 går
801 561 23 18 ut
838 560 28 26 på

121 592 143 21 fastställande
280 592 23 20 af
316 592 69 26 någon
401 592 122 26 tidsperiod,
539 592 66 20 under
624 592 86 20 hvilken
727 593 68 20 denna
810 594 55 26 prin-

121 628 33 26 cip
177 628 32 19 för
228 627 95 26 tolagens
344 626 117 27 beräkning
483 626 68 20 skulle
575 627 62 26 gälla,
661 627 74 20 endast
750 627 116 21 samtalsvis

123 662 139 20 framställdes
280 662 7 18 i
306 660 101 20 utskottet
427 660 39 20 och
486 661 54 19 hade
558 661 54 29 flere
628 662 131 26 anhängare;
777 668 48 13 men
841 662 27 19 då

123 698 74 24 genast
212 696 6 18 i
235 696 72 25 början
330 695 74 25 sjelfva
427 695 110 26 principen
555 702 34 14 om
610 696 95 26 tolagens
727 695 105 21 beroende
848 696 22 20 af

123 730 132 20 tullsatserne
273 729 139 26 förkastades,
432 729 70 20 kunde
521 736 26 13 en
566 729 64 21 sådan
649 730 55 26 åsigt
719 730 47 20 icke
784 730 84 20 komma

125 764 65 20 under
213 764 93 26 egentlig
329 764 126 25 diskussion,
478 764 64 19 ehuru
559 764 48 26 den,
623 770 33 14 om
675 764 109 26 principen
801 764 69 20 blifvit

123 799 106 27 godkänd,
244 798 90 26 troligen
350 798 68 20 skulle
434 798 90 26 antagits
540 799 23 19 af
575 798 102 20 utskottet
691 799 39 19 och
739 798 81 21 kanske
828 799 42 20 alla

124 836 166 17 reservanterne.
320 833 40 18 För
380 832 63 27 öfrigt
462 832 77 20 önskar
552 833 37 25 jag
604 833 73 19 förena
693 834 43 25 mig
751 833 48 20 med
814 833 56 26 dem,

125 874 44 13 som
185 867 90 26 påyrkat
290 866 98 20 ärendets
404 866 196 20 återremitterande
615 867 31 19 till
661 867 102 20 utskottet
777 867 6 19 i
800 867 22 20 af
827 868 43 26 mig

126 908 49 21 nyss
191 901 74 27 antydt
280 901 61 26 syfte.

196 936 52 20 Herr
264 935 106 20 Kurtén:
389 935 49 20 Med
456 935 115 26 anledning
589 935 23 20 af
629 934 52 21 Herr
695 935 121 20 Lindbloms
831 935 39 20 för-

127 971 80 26 frågan,
222 970 102 20 huruvida
337 970 37 26 jag
390 969 6 19 i
413 969 46 20 mitt
473 969 79 26 förslag
568 969 54 20 hade
637 969 68 26 afsett,
721 971 30 18 att
769 969 61 20 äfven
841 970 30 19 in-

128 1007 56 19 rikes
206 1005 83 26 gående
307 1005 39 19 och
360 1004 54 19 .med
432 1004 90 26 jernväg
546 1003 155 20 ankommande
723 1010 61 14 varor
806 1003 67 20 skulle

129 1041 101 26 beläggas
249 1039 48 20 med
317 1038 137 27 tolagsafgift,
473 1037 31 20 får
520 1039 38 25 jag
577 1038 31 19 till
626 1038 129 27 upplysning
771 1039 103 24 meddela,

129 1076 29 19 att
171 1075 37 26 jag
223 1075 6 18 i
245 1073 57 20 detta
317 1072 100 20 afseende
432 1072 47 20 icke
499 1072 36 19 vill
556 1072 73 27 frångå
647 1072 36 20 det
700 1072 30 20 uti
750 1073 123 26 propositio-

129 1115 41 14 nen
190 1107 130 21 framställda
338 1107 84 26 förslag,
442 1108 29 18 att
489 1107 75 19 endast
585 1106 27 20 de
630 1113 67 19 varor,
713 1113 45 13 som
773 1107 5 18 i
796 1106 78 20 städer-

131 1150 36 13 nes
189 1143 87 20 hamnar
299 1144 29 17 ut-
348 1141 52 20 eller
418 1140 123 26 inklareras,
561 1141 68 19 skulle
650 1140 136 20 underkastas
802 1147 26 13 en
844 1141 31 19 så-

131 1179 40 19 dan
195 1177 67 26 afgift,
284 1176 69 20 såsom
376 1175 46 20 stöd
444 1175 85 20 hvarför
547 1176 37 26 jag
603 1175 50 20 ville
672 1174 89 27 påpeka,
779 1177 30 18 att
822 1175 54 20 ifrån

132 1213 73 25 början
224 1209 156 28 tolagsafgiften
401 1209 70 20 blifvit
489 1209 96 20 bestämd
605 1209 30 20 till
650 1208 109 20 underhåll
775 1209 22 19 af
810 1209 68 25 broar,

132 1246 94 27 packhus
250 1245 39 20 och
312 1246 64 19 annat
398 1244 31 20 för
452 1244 132 27 seglationen
603 1243 136 26 nödvändigt,
758 1242 64 20 ehuru
838 1243 39 20 den

133 1281 121 20 sedermera
275 1279 89 26 ingått
357 1272 13 37 i
384 1279 108 20 städernas
515 1283 159 22 gemensamma
694 1277 81 20 kassor.
807 1276 73 20 Skälet

133 1316 31 20 för
181 1315 42 20 min
240 1314 60 27 åsigt,
316 1315 30 18 att
361 1313 164 26 tolagsafgiften,
542 1311 108 21 beräknad
669 1311 52 20 efter
741 1310 139 26 tullsatserne,

134 1351 86 19 komme
239 1350 30 18 att
291 1347 65 20 blifva
378 1349 30 18 ett
430 1347 69 26 skydd
518 1347 33 20 för
571 1346 140 25 fabrikanten,
736 1345 31 19 till
785 1351 48 14 men
849 1345 32 19 för

135 1384 161 24 konsumenten,
311 1382 69 27 ligger
396 1381 74 26 deruti,
486 1382 29 19 att
528 1381 39 26 jag
582 1387 61 13 anser
659 1379 25 21 de
701 1379 59 20 fleste
778 1379 104 20 tullsatser

134 1420 8 18 i
156 1418 37 20 vår
209 1424 27 13 nu
252 1416 98 27 gällande
365 1418 51 18 taxa
430 1421 52 14 vara
496 1415 151 26 skyddstullar,
662 1416 22 24 ty
700 1419 50 14 vore
765 1412 26 21 de
804 1413 79 20 sådana
