<?xml version="1.0" encoding="UTF-8"?>
<alto xmlns="http://www.loc.gov/standards/alto/ns-v3#" xmlns:xlink="http://www.w3.org/1999/xlink" xmlns:xsi="http://www.w3.org/2001/XMLSchema-instance" xsi:schemaLocation="http://www.loc.gov/standards/alto/ns-v3# http://www.loc.gov/alto/v3/alto-3-0.xsd">
	<Description>
		<MeasurementUnit>pixel</MeasurementUnit>
		<sourceImageInformation>
			<fileName>/tmp/tess_jn65ujhm_input.PNG</fileName>
		</sourceImageInformation>
		<OCRProcessing ID="OCR_0">
			<ocrProcessingStep>
				<processingSoftware>
					<softwareName>tesseract 5.3.4</softwareName>
				</processingSoftware>
			</ocrProcessingStep>
		</OCRProcessing>
	</Description>
	<Layout>
		<Page WIDTH="1039" HEIGHT="1692" PHYSICAL_IMG_NR="0" ID="page_0">
			<PrintSpace HPOS="0" VPOS="0" WIDTH="1039" HEIGHT="1692">
				<ComposedBlock ID="cblock_0" HPOS="413" VPOS="134" WIDTH="413" HEIGHT="19">
					<TextBlock ID="block_0" HPOS="413" VPOS="134" WIDTH="413" HEIGHT="19">
						<TextLine ID="line_0" HPOS="413" VPOS="134" WIDTH="413" HEIGHT="19">
							<String ID="string_0" HPOS="413" VPOS="134" WIDTH="42" HEIGHT="18" WC="0.95" CONTENT="Den"/><SP WIDTH="12" VPOS="134" HPOS="455"/>
							<String ID="string_1" HPOS="467" VPOS="134" WIDTH="22" HEIGHT="18" WC="0.96" CONTENT="14"/><SP WIDTH="12" VPOS="134" HPOS="489"/>
							<String ID="string_2" HPOS="501" VPOS="134" WIDTH="54" HEIGHT="19" WC="0.96" CONTENT="Mars."/><SP WIDTH="238" VPOS="134" HPOS="555"/>
							<String ID="string_3" HPOS="793" VPOS="135" WIDTH="33" HEIGHT="18" WC="0.88" CONTENT="341"/>
						</TextLine>
					</TextBlock>
				</ComposedBlock>
				<ComposedBlock ID="cblock_1" HPOS="100" VPOS="192" WIDTH="768" HEIGHT="1263">
					<TextBlock ID="block_1" HPOS="100" VPOS="192" WIDTH="750" HEIGHT="262">
						<TextLine ID="line_1" HPOS="101" VPOS="192" WIDTH="746" HEIGHT="28">
							<String ID="string_4" HPOS="101" VPOS="196" WIDTH="95" HEIGHT="24" WC="0.96" CONTENT="stämma,"/><SP WIDTH="20" VPOS="196" HPOS="196"/>
							<String ID="string_5" HPOS="216" VPOS="194" WIDTH="48" HEIGHT="19" WC="0.96" CONTENT="utan"/><SP WIDTH="20" VPOS="194" HPOS="264"/>
							<String ID="string_6" HPOS="284" VPOS="192" WIDTH="71" HEIGHT="21" WC="0.96" CONTENT="kunna"/><SP WIDTH="19" VPOS="192" HPOS="355"/>
							<String ID="string_7" HPOS="374" VPOS="192" WIDTH="72" HEIGHT="21" WC="0.93" CONTENT="derom"/><SP WIDTH="22" VPOS="192" HPOS="446"/>
							<String ID="string_8" HPOS="468" VPOS="192" WIDTH="53" HEIGHT="20" WC="0.93" CONTENT="blott"/><SP WIDTH="14" VPOS="192" HPOS="521"/>
							<String ID="string_9" HPOS="535" VPOS="193" WIDTH="65" HEIGHT="20" WC="0.93" CONTENT="uttala"/><SP WIDTH="15" VPOS="193" HPOS="600"/>
							<String ID="string_10" HPOS="615" VPOS="192" WIDTH="166" HEIGHT="28" WC="0.91" CONTENT="önskningsmäl."/><SP WIDTH="30" VPOS="192" HPOS="781"/>
							<String ID="string_11" HPOS="811" VPOS="192" WIDTH="36" HEIGHT="21" WC="0.91" CONTENT="Af-"/>
						</TextLine>
						<TextLine ID="line_2" HPOS="100" VPOS="226" WIDTH="749" HEIGHT="29">
							<String ID="string_12" HPOS="100" VPOS="231" WIDTH="52" HEIGHT="24" WC="0.96" CONTENT="göra"/><SP WIDTH="21" VPOS="231" HPOS="152"/>
							<String ID="string_13" HPOS="173" VPOS="228" WIDTH="21" HEIGHT="19" WC="0.96" CONTENT="vi"/><SP WIDTH="22" VPOS="228" HPOS="194"/>
							<String ID="string_14" HPOS="216" VPOS="234" WIDTH="29" HEIGHT="13" WC="0.96" CONTENT="nu"/><SP WIDTH="22" VPOS="234" HPOS="245"/>
							<String ID="string_15" HPOS="267" VPOS="227" WIDTH="84" HEIGHT="27" WC="0.96" CONTENT="engång"/><SP WIDTH="20" VPOS="227" HPOS="351"/>
							<String ID="string_16" HPOS="371" VPOS="226" WIDTH="75" HEIGHT="28" WC="0.96" CONTENT="frågan"/><SP WIDTH="19" VPOS="226" HPOS="446"/>
							<String ID="string_17" HPOS="465" VPOS="233" WIDTH="35" HEIGHT="14" WC="0.96" CONTENT="om"/><SP WIDTH="17" VPOS="233" HPOS="500"/>
							<String ID="string_18" HPOS="517" VPOS="227" WIDTH="96" HEIGHT="27" WC="0.96" CONTENT="grunden"/><SP WIDTH="19" VPOS="227" HPOS="613"/>
							<String ID="string_19" HPOS="632" VPOS="227" WIDTH="39" HEIGHT="21" WC="0.91" CONTENT="och"/><SP WIDTH="16" VPOS="227" HPOS="671"/>
							<String ID="string_20" HPOS="687" VPOS="227" WIDTH="69" HEIGHT="21" WC="0.91" CONTENT="dertill"/><SP WIDTH="15" VPOS="227" HPOS="756"/>
							<String ID="string_21" HPOS="771" VPOS="229" WIDTH="78" HEIGHT="23" WC="0.96" CONTENT="antaga"/>
						</TextLine>
						<TextLine ID="line_3" HPOS="100" VPOS="261" WIDTH="748" HEIGHT="27">
							<String ID="string_22" HPOS="100" VPOS="262" WIDTH="140" HEIGHT="25" WC="0.41" CONTENT="tullsatserne,"/><SP WIDTH="23" VPOS="262" HPOS="240"/>
							<String ID="string_23" HPOS="263" VPOS="261" WIDTH="24" HEIGHT="20" WC="0.96" CONTENT="sä"/><SP WIDTH="21" VPOS="261" HPOS="287"/>
							<String ID="string_24" HPOS="308" VPOS="264" WIDTH="23" HEIGHT="17" WC="0.93" CONTENT="är"/><SP WIDTH="15" VPOS="264" HPOS="331"/>
							<String ID="string_25" HPOS="346" VPOS="261" WIDTH="85" HEIGHT="26" WC="0.92" CONTENT="tolagen"/><SP WIDTH="24" VPOS="261" HPOS="431"/>
							<String ID="string_26" HPOS="455" VPOS="261" WIDTH="133" HEIGHT="27" WC="0.91" CONTENT="oskiljaktigt"/><SP WIDTH="15" VPOS="261" HPOS="588"/>
							<String ID="string_27" HPOS="603" VPOS="262" WIDTH="86" HEIGHT="20" WC="0.96" CONTENT="förenad"/><SP WIDTH="17" VPOS="262" HPOS="689"/>
							<String ID="string_28" HPOS="706" VPOS="262" WIDTH="47" HEIGHT="20" WC="0.96" CONTENT="med"/><SP WIDTH="20" VPOS="262" HPOS="753"/>
							<String ID="string_29" HPOS="773" VPOS="262" WIDTH="75" HEIGHT="26" WC="0.95" CONTENT="tullen;"/>
						</TextLine>
						<TextLine ID="line_4" HPOS="100" VPOS="295" WIDTH="747" HEIGHT="27">
							<String ID="string_30" HPOS="100" VPOS="296" WIDTH="116" HEIGHT="21" WC="0.92" CONTENT="Ständerne"/><SP WIDTH="16" VPOS="296" HPOS="216"/>
							<String ID="string_31" HPOS="232" VPOS="295" WIDTH="64" HEIGHT="20" WC="0.92" CONTENT="hafva"/><SP WIDTH="14" VPOS="295" HPOS="296"/>
							<String ID="string_32" HPOS="310" VPOS="295" WIDTH="28" HEIGHT="20" WC="0.93" CONTENT="dä"/><SP WIDTH="14" VPOS="295" HPOS="338"/>
							<String ID="string_33" HPOS="352" VPOS="295" WIDTH="69" HEIGHT="27" WC="0.92" CONTENT="afsagt"/><SP WIDTH="15" VPOS="295" HPOS="421"/>
							<String ID="string_34" HPOS="436" VPOS="295" WIDTH="32" HEIGHT="27" WC="0.97" CONTENT="sig"/><SP WIDTH="15" VPOS="295" HPOS="468"/>
							<String ID="string_35" HPOS="483" VPOS="296" WIDTH="74" HEIGHT="20" WC="0.96" CONTENT="vidare"/><SP WIDTH="14" VPOS="296" HPOS="557"/>
							<String ID="string_36" HPOS="571" VPOS="298" WIDTH="41" HEIGHT="18" WC="0.96" CONTENT="rätt"/><SP WIDTH="15" VPOS="298" HPOS="612"/>
							<String ID="string_37" HPOS="627" VPOS="298" WIDTH="30" HEIGHT="18" WC="0.93" CONTENT="att"/><SP WIDTH="14" VPOS="298" HPOS="657"/>
							<String ID="string_38" HPOS="671" VPOS="296" WIDTH="72" HEIGHT="20" WC="0.93" CONTENT="derom"/><SP WIDTH="17" VPOS="296" HPOS="743"/>
							<String ID="string_39" HPOS="760" VPOS="296" WIDTH="87" HEIGHT="26" WC="0.91" CONTENT="besluta,"/>
						</TextLine>
						<TextLine ID="line_5" HPOS="101" VPOS="329" WIDTH="746" HEIGHT="27">
							<String ID="string_40" HPOS="101" VPOS="331" WIDTH="40" HEIGHT="21" WC="0.91" CONTENT="och"/><SP WIDTH="16" VPOS="331" HPOS="141"/>
							<String ID="string_41" HPOS="157" VPOS="330" WIDTH="46" HEIGHT="20" WC="0.93" CONTENT="med"/><SP WIDTH="17" VPOS="330" HPOS="203"/>
							<String ID="string_42" HPOS="220" VPOS="330" WIDTH="116" HEIGHT="20" WC="0.92" CONTENT="detsamma"/><SP WIDTH="16" VPOS="330" HPOS="336"/>
							<String ID="string_43" HPOS="352" VPOS="330" WIDTH="61" HEIGHT="20" WC="0.96" CONTENT="beror"/><SP WIDTH="15" VPOS="330" HPOS="413"/>
							<String ID="string_44" HPOS="428" VPOS="330" WIDTH="36" HEIGHT="20" WC="0.96" CONTENT="det"/><SP WIDTH="15" VPOS="330" HPOS="464"/>
							<String ID="string_45" HPOS="479" VPOS="329" WIDTH="27" HEIGHT="27" WC="0.96" CONTENT="pä"/><SP WIDTH="15" VPOS="329" HPOS="506"/>
							<String ID="string_46" HPOS="521" VPOS="330" WIDTH="127" HEIGHT="26" WC="0.96" CONTENT="regeringen"/><SP WIDTH="15" VPOS="330" HPOS="648"/>
							<String ID="string_47" HPOS="663" VPOS="332" WIDTH="30" HEIGHT="18" WC="0.96" CONTENT="att"/><SP WIDTH="14" VPOS="332" HPOS="693"/>
							<String ID="string_48" HPOS="707" VPOS="330" WIDTH="101" HEIGHT="26" WC="0.93" CONTENT="antingen"/><SP WIDTH="10" VPOS="330" HPOS="808"/>
							<String ID="string_49" HPOS="818" VPOS="330" WIDTH="29" HEIGHT="20" WC="0.93" CONTENT="bi-"/>
						</TextLine>
						<TextLine ID="line_6" HPOS="102" VPOS="361" WIDTH="747" HEIGHT="29">
							<String ID="string_50" HPOS="102" VPOS="365" WIDTH="50" HEIGHT="20" WC="0.96" CONTENT="falla"/><SP WIDTH="14" VPOS="365" HPOS="152"/>
							<String ID="string_51" HPOS="166" VPOS="365" WIDTH="52" HEIGHT="19" WC="0.93" CONTENT="eller"/><SP WIDTH="15" VPOS="365" HPOS="218"/>
							<String ID="string_52" HPOS="233" VPOS="364" WIDTH="53" HEIGHT="20" WC="0.93" CONTENT="afslä"/><SP WIDTH="14" VPOS="364" HPOS="286"/>
							<String ID="string_53" HPOS="300" VPOS="364" WIDTH="36" HEIGHT="20" WC="0.93" CONTENT="det"/><SP WIDTH="15" VPOS="364" HPOS="336"/>
							<String ID="string_54" HPOS="351" VPOS="364" WIDTH="118" HEIGHT="26" WC="0.92" CONTENT="uppställda"/><SP WIDTH="14" VPOS="364" HPOS="469"/>
							<String ID="string_55" HPOS="483" VPOS="364" WIDTH="184" HEIGHT="26" WC="0.92" CONTENT="önskningsmälet"/><SP WIDTH="15" VPOS="364" HPOS="667"/>
							<String ID="string_56" HPOS="682" VPOS="370" WIDTH="34" HEIGHT="14" WC="0.97" CONTENT="om"/><SP WIDTH="15" VPOS="370" HPOS="716"/>
							<String ID="string_57" HPOS="731" VPOS="364" WIDTH="65" HEIGHT="20" WC="0.93" CONTENT="tiden."/><SP WIDTH="15" VPOS="364" HPOS="796"/>
							<String ID="string_58" HPOS="811" VPOS="361" WIDTH="38" HEIGHT="23" WC="0.92" CONTENT="Äf-"/>
						</TextLine>
						<TextLine ID="line_7" HPOS="102" VPOS="398" WIDTH="748" HEIGHT="27">
							<String ID="string_59" HPOS="102" VPOS="406" WIDTH="40" HEIGHT="13" WC="0.95" CONTENT="ven"/><SP WIDTH="21" VPOS="406" HPOS="142"/>
							<String ID="string_60" HPOS="163" VPOS="399" WIDTH="37" HEIGHT="26" WC="0.94" CONTENT="jag"/><SP WIDTH="23" VPOS="399" HPOS="200"/>
							<String ID="string_61" HPOS="223" VPOS="404" WIDTH="61" HEIGHT="14" WC="0.95" CONTENT="anser"/><SP WIDTH="18" VPOS="404" HPOS="284"/>
							<String ID="string_62" HPOS="302" VPOS="398" WIDTH="32" HEIGHT="20" WC="0.93" CONTENT="för"/><SP WIDTH="18" VPOS="398" HPOS="334"/>
							<String ID="string_63" HPOS="352" VPOS="398" WIDTH="64" HEIGHT="26" WC="0.91" CONTENT="öfrigt"/><SP WIDTH="18" VPOS="398" HPOS="416"/>
							<String ID="string_64" HPOS="434" VPOS="398" WIDTH="89" HEIGHT="20" WC="0.92" CONTENT="ärendet"/><SP WIDTH="15" VPOS="398" HPOS="523"/>
							<String ID="string_65" HPOS="538" VPOS="398" WIDTH="51" HEIGHT="20" WC="0.92" CONTENT="böra"/><SP WIDTH="14" VPOS="398" HPOS="589"/>
							<String ID="string_66" HPOS="603" VPOS="398" WIDTH="171" HEIGHT="26" WC="0.91" CONTENT="äterremitteras,"/><SP WIDTH="18" VPOS="398" HPOS="774"/>
							<String ID="string_67" HPOS="792" VPOS="399" WIDTH="7" HEIGHT="20" WC="0.96" CONTENT="i"/><SP WIDTH="16" VPOS="399" HPOS="799"/>
							<String ID="string_68" HPOS="815" VPOS="399" WIDTH="35" HEIGHT="21" WC="0.97" CONTENT="det"/>
						</TextLine>
						<TextLine ID="line_8" HPOS="103" VPOS="432" WIDTH="403" HEIGHT="22">
							<String ID="string_69" HPOS="103" VPOS="433" WIDTH="99" HEIGHT="21" WC="0.92" CONTENT="afseende"/><SP WIDTH="17" VPOS="433" HPOS="202"/>
							<String ID="string_70" HPOS="219" VPOS="433" WIDTH="42" HEIGHT="20" WC="0.96" CONTENT="min"/><SP WIDTH="15" VPOS="433" HPOS="261"/>
							<String ID="string_71" HPOS="276" VPOS="432" WIDTH="129" HEIGHT="20" WC="0.93" CONTENT="reservation"/><SP WIDTH="17" VPOS="432" HPOS="405"/>
							<String ID="string_72" HPOS="422" VPOS="432" WIDTH="84" HEIGHT="20" WC="0.91" CONTENT="utvisar."/>
						</TextLine>
					</TextBlock>
					<TextBlock ID="block_2" HPOS="104" VPOS="466" WIDTH="764" HEIGHT="989">
						<TextLine ID="line_9" HPOS="172" VPOS="466" WIDTH="678" HEIGHT="28">
							<String ID="string_73" HPOS="172" VPOS="467" WIDTH="54" HEIGHT="20" WC="0.96" CONTENT="Herr"/><SP WIDTH="14" VPOS="467" HPOS="226"/>
							<String ID="string_74" HPOS="240" VPOS="466" WIDTH="145" HEIGHT="21" WC="0.93" CONTENT="Lindblom:"/><SP WIDTH="23" VPOS="466" HPOS="385"/>
							<String ID="string_75" HPOS="408" VPOS="466" WIDTH="51" HEIGHT="20" WC="0.90" CONTENT="Icke"/><SP WIDTH="23" VPOS="466" HPOS="459"/>
							<String ID="string_76" HPOS="482" VPOS="466" WIDTH="67" HEIGHT="20" WC="0.96" CONTENT="heller"/><SP WIDTH="18" VPOS="466" HPOS="549"/>
							<String ID="string_77" HPOS="567" VPOS="468" WIDTH="36" HEIGHT="25" WC="0.96" CONTENT="jag"/><SP WIDTH="18" VPOS="468" HPOS="603"/>
							<String ID="string_78" HPOS="621" VPOS="467" WIDTH="42" HEIGHT="20" WC="0.92" CONTENT="kan"/><SP WIDTH="16" VPOS="467" HPOS="663"/>
							<String ID="string_79" HPOS="679" VPOS="467" WIDTH="113" HEIGHT="27" WC="0.92" CONTENT="godkänna"/><SP WIDTH="17" VPOS="467" HPOS="792"/>
							<String ID="string_80" HPOS="809" VPOS="468" WIDTH="41" HEIGHT="20" WC="0.96" CONTENT="den"/>
						</TextLine>
						<TextLine ID="line_10" HPOS="104" VPOS="500" WIDTH="747" HEIGHT="28">
							<String ID="string_81" HPOS="104" VPOS="502" WIDTH="60" HEIGHT="26" WC="0.75" CONTENT="äsigt,"/><SP WIDTH="15" VPOS="502" HPOS="164"/>
							<String ID="string_82" HPOS="179" VPOS="507" WIDTH="44" HEIGHT="15" WC="0.96" CONTENT="som"/><SP WIDTH="16" VPOS="507" HPOS="223"/>
							<String ID="string_83" HPOS="239" VPOS="501" WIDTH="23" HEIGHT="20" WC="0.93" CONTENT="af"/><SP WIDTH="14" VPOS="501" HPOS="262"/>
							<String ID="string_84" HPOS="276" VPOS="500" WIDTH="110" HEIGHT="21" WC="0.93" CONTENT="utskottets"/><SP WIDTH="13" VPOS="500" HPOS="386"/>
							<String ID="string_85" HPOS="399" VPOS="500" WIDTH="106" HEIGHT="27" WC="0.92" CONTENT="pluralitet"/><SP WIDTH="18" VPOS="500" HPOS="505"/>
							<String ID="string_86" HPOS="523" VPOS="500" WIDTH="7" HEIGHT="20" WC="0.96" CONTENT="i"/><SP WIDTH="16" VPOS="500" HPOS="530"/>
							<String ID="string_87" HPOS="546" VPOS="500" WIDTH="70" HEIGHT="21" WC="0.93" CONTENT="denna"/><SP WIDTH="14" VPOS="500" HPOS="616"/>
							<String ID="string_88" HPOS="630" VPOS="501" WIDTH="60" HEIGHT="27" WC="0.96" CONTENT="fråga"/><SP WIDTH="15" VPOS="501" HPOS="690"/>
							<String ID="string_89" HPOS="705" VPOS="502" WIDTH="90" HEIGHT="26" WC="0.95" CONTENT="uttalats,"/><SP WIDTH="16" VPOS="502" HPOS="795"/>
							<String ID="string_90" HPOS="811" VPOS="502" WIDTH="40" HEIGHT="20" WC="0.96" CONTENT="och"/>
						</TextLine>
						<TextLine ID="line_11" HPOS="106" VPOS="534" WIDTH="745" HEIGHT="29">
							<String ID="string_91" HPOS="106" VPOS="537" WIDTH="36" HEIGHT="19" WC="0.96" CONTENT="det"/><SP WIDTH="14" VPOS="537" HPOS="142"/>
							<String ID="string_92" HPOS="156" VPOS="536" WIDTH="26" HEIGHT="26" WC="0.96" CONTENT="pä"/><SP WIDTH="16" VPOS="536" HPOS="182"/>
							<String ID="string_93" HPOS="198" VPOS="536" WIDTH="52" HEIGHT="25" WC="0.96" CONTENT="skäl,"/><SP WIDTH="16" VPOS="536" HPOS="250"/>
							<String ID="string_94" HPOS="266" VPOS="542" WIDTH="45" HEIGHT="13" WC="0.93" CONTENT="som"/><SP WIDTH="16" VPOS="542" HPOS="311"/>
							<String ID="string_95" HPOS="327" VPOS="535" WIDTH="92" HEIGHT="20" WC="0.92" CONTENT="ur-Herr"/><SP WIDTH="15" VPOS="535" HPOS="419"/>
							<String ID="string_96" HPOS="434" VPOS="534" WIDTH="75" HEIGHT="21" WC="0.92" CONTENT="Cleves"/><SP WIDTH="15" VPOS="534" HPOS="509"/>
							<String ID="string_97" HPOS="524" VPOS="536" WIDTH="129" HEIGHT="20" WC="0.93" CONTENT="reservation"/><SP WIDTH="16" VPOS="536" HPOS="653"/>
							<String ID="string_98" HPOS="669" VPOS="536" WIDTH="87" HEIGHT="27" WC="0.95" CONTENT="framgå."/><SP WIDTH="34" VPOS="536" HPOS="756"/>
							<String ID="string_99" HPOS="790" VPOS="537" WIDTH="61" HEIGHT="20" WC="0.96" CONTENT="Dock"/>
						</TextLine>
						<TextLine ID="line_12" HPOS="106" VPOS="569" WIDTH="745" HEIGHT="29">
							<String ID="string_100" HPOS="106" VPOS="570" WIDTH="66" HEIGHT="20" WC="0.95" CONTENT="måste"/><SP WIDTH="12" VPOS="570" HPOS="172"/>
							<String ID="string_101" HPOS="184" VPOS="571" WIDTH="38" HEIGHT="25" WC="0.96" CONTENT="jag"/><SP WIDTH="16" VPOS="571" HPOS="222"/>
							<String ID="string_102" HPOS="238" VPOS="570" WIDTH="100" HEIGHT="26" WC="0.96" CONTENT="erkänna,"/><SP WIDTH="16" VPOS="570" HPOS="338"/>
							<String ID="string_103" HPOS="354" VPOS="571" WIDTH="30" HEIGHT="18" WC="0.96" CONTENT="att"/><SP WIDTH="15" VPOS="571" HPOS="384"/>
							<String ID="string_104" HPOS="399" VPOS="570" WIDTH="40" HEIGHT="19" WC="0.96" CONTENT="den"/><SP WIDTH="17" VPOS="570" HPOS="439"/>
							<String ID="string_105" HPOS="456" VPOS="569" WIDTH="23" HEIGHT="20" WC="0.97" CONTENT="af"/><SP WIDTH="12" VPOS="569" HPOS="479"/>
							<String ID="string_106" HPOS="491" VPOS="569" WIDTH="54" HEIGHT="21" WC="0.93" CONTENT="Herr"/><SP WIDTH="15" VPOS="569" HPOS="545"/>
							<String ID="string_107" HPOS="560" VPOS="570" WIDTH="79" HEIGHT="20" WC="0.93" CONTENT="Kurtén"/><SP WIDTH="16" VPOS="570" HPOS="639"/>
							<String ID="string_108" HPOS="655" VPOS="570" WIDTH="119" HEIGHT="28" WC="0.92" CONTENT="föreslagne"/><SP WIDTH="15" VPOS="570" HPOS="774"/>
							<String ID="string_109" HPOS="789" VPOS="578" WIDTH="62" HEIGHT="20" WC="0.93" CONTENT="grun-"/>
						</TextLine>
						<TextLine ID="line_13" HPOS="107" VPOS="603" WIDTH="745" HEIGHT="29">
							<String ID="string_110" HPOS="107" VPOS="606" WIDTH="39" HEIGHT="20" WC="0.95" CONTENT="den"/><SP WIDTH="24" VPOS="606" HPOS="146"/>
							<String ID="string_111" HPOS="170" VPOS="604" WIDTH="32" HEIGHT="20" WC="0.93" CONTENT="för"/><SP WIDTH="22" VPOS="604" HPOS="202"/>
							<String ID="string_112" HPOS="224" VPOS="603" WIDTH="232" HEIGHT="28" WC="0.92" CONTENT="tolagsbeskattningen"/><SP WIDTH="24" VPOS="603" HPOS="456"/>
							<String ID="string_113" HPOS="480" VPOS="606" WIDTH="23" HEIGHT="18" WC="0.96" CONTENT="är"/><SP WIDTH="23" VPOS="606" HPOS="503"/>
							<String ID="string_114" HPOS="526" VPOS="604" WIDTH="40" HEIGHT="20" WC="0.93" CONTENT="den"/><SP WIDTH="16" VPOS="604" HPOS="566"/>
							<String ID="string_115" HPOS="582" VPOS="604" WIDTH="125" HEIGHT="27" WC="0.93" CONTENT="rättvisaste,"/><SP WIDTH="16" VPOS="604" HPOS="707"/>
							<String ID="string_116" HPOS="723" VPOS="606" WIDTH="65" HEIGHT="19" WC="0.92" CONTENT="ehuru"/><SP WIDTH="16" VPOS="606" HPOS="788"/>
							<String ID="string_117" HPOS="804" VPOS="605" WIDTH="48" HEIGHT="27" WC="0.96" CONTENT="den,"/>
						</TextLine>
						<TextLine ID="line_14" HPOS="105" VPOS="638" WIDTH="748" HEIGHT="28">
							<String ID="string_118" HPOS="105" VPOS="639" WIDTH="67" HEIGHT="27" WC="0.96" CONTENT="enligt"/><SP WIDTH="15" VPOS="639" HPOS="172"/>
							<String ID="string_119" HPOS="187" VPOS="639" WIDTH="42" HEIGHT="19" WC="0.93" CONTENT="min"/><SP WIDTH="16" VPOS="639" HPOS="229"/>
							<String ID="string_120" HPOS="245" VPOS="639" WIDTH="61" HEIGHT="26" WC="0.91" CONTENT="äsigt,"/><SP WIDTH="19" VPOS="639" HPOS="306"/>
							<String ID="string_121" HPOS="325" VPOS="638" WIDTH="69" HEIGHT="20" WC="0.96" CONTENT="skulle"/><SP WIDTH="16" VPOS="638" HPOS="394"/>
							<String ID="string_122" HPOS="410" VPOS="638" WIDTH="85" HEIGHT="20" WC="0.96" CONTENT="komma"/><SP WIDTH="15" VPOS="638" HPOS="495"/>
							<String ID="string_123" HPOS="510" VPOS="639" WIDTH="31" HEIGHT="19" WC="0.93" CONTENT="att"/><SP WIDTH="14" VPOS="639" HPOS="541"/>
							<String ID="string_124" HPOS="555" VPOS="640" WIDTH="57" HEIGHT="18" WC="0.92" CONTENT="möta"/><SP WIDTH="15" VPOS="640" HPOS="612"/>
							<String ID="string_125" HPOS="627" VPOS="640" WIDTH="56" HEIGHT="18" WC="0.92" CONTENT="stora"/><SP WIDTH="19" VPOS="640" HPOS="683"/>
							<String ID="string_126" HPOS="702" VPOS="639" WIDTH="130" HEIGHT="27" WC="0.92" CONTENT="svärigheter"/><SP WIDTH="14" VPOS="639" HPOS="832"/>
							<String ID="string_127" HPOS="846" VPOS="640" WIDTH="7" HEIGHT="19" WC="0.96" CONTENT="i"/>
						</TextLine>
						<TextLine ID="line_15" HPOS="107" VPOS="672" WIDTH="746" HEIGHT="27">
							<String ID="string_128" HPOS="107" VPOS="672" WIDTH="125" HEIGHT="21" WC="0.96" CONTENT="utförandet."/><SP WIDTH="30" VPOS="672" HPOS="232"/>
							<String ID="string_129" HPOS="262" VPOS="673" WIDTH="42" HEIGHT="19" WC="0.96" CONTENT="Det"/><SP WIDTH="21" VPOS="673" HPOS="304"/>
							<String ID="string_130" HPOS="325" VPOS="676" WIDTH="23" HEIGHT="16" WC="0.93" CONTENT="är"/><SP WIDTH="25" VPOS="676" HPOS="348"/>
							<String ID="string_131" HPOS="373" VPOS="672" WIDTH="106" HEIGHT="27" WC="0.91" CONTENT="nemligen"/><SP WIDTH="21" VPOS="672" HPOS="479"/>
							<String ID="string_132" HPOS="500" VPOS="672" WIDTH="33" HEIGHT="20" WC="0.96" CONTENT="för"/><SP WIDTH="15" VPOS="672" HPOS="533"/>
							<String ID="string_133" HPOS="548" VPOS="672" WIDTH="36" HEIGHT="20" WC="0.96" CONTENT="det"/><SP WIDTH="14" VPOS="672" HPOS="584"/>
							<String ID="string_134" HPOS="598" VPOS="672" WIDTH="65" HEIGHT="21" WC="0.96" CONTENT="första"/><SP WIDTH="14" VPOS="672" HPOS="663"/>
							<String ID="string_135" HPOS="677" VPOS="673" WIDTH="38" HEIGHT="20" WC="0.96" CONTENT="hos"/><SP WIDTH="16" VPOS="673" HPOS="715"/>
							<String ID="string_136" HPOS="731" VPOS="680" WIDTH="33" HEIGHT="13" WC="0.96" CONTENT="oss"/><SP WIDTH="16" VPOS="680" HPOS="764"/>
							<String ID="string_137" HPOS="780" VPOS="680" WIDTH="26" HEIGHT="14" WC="0.93" CONTENT="en"/><SP WIDTH="16" VPOS="680" HPOS="806"/>
							<String ID="string_138" HPOS="822" VPOS="680" WIDTH="31" HEIGHT="14" WC="0.92" CONTENT="se-"/>
						</TextLine>
						<TextLine ID="line_16" HPOS="107" VPOS="706" WIDTH="747" HEIGHT="28">
							<String ID="string_139" HPOS="107" VPOS="707" WIDTH="128" HEIGHT="27" WC="0.91" CONTENT="kelgammal"/><SP WIDTH="15" VPOS="707" HPOS="235"/>
							<String ID="string_140" HPOS="250" VPOS="707" WIDTH="57" HEIGHT="25" WC="0.92" CONTENT="häfd,"/><SP WIDTH="16" VPOS="707" HPOS="307"/>
							<String ID="string_141" HPOS="323" VPOS="709" WIDTH="30" HEIGHT="17" WC="0.96" CONTENT="att"/><SP WIDTH="15" VPOS="709" HPOS="353"/>
							<String ID="string_142" HPOS="368" VPOS="707" WIDTH="75" HEIGHT="19" WC="0.93" CONTENT="endast"/><SP WIDTH="15" VPOS="707" HPOS="443"/>
							<String ID="string_143" HPOS="458" VPOS="706" WIDTH="89" HEIGHT="20" WC="0.91" CONTENT="tullbara"/><SP WIDTH="19" VPOS="706" HPOS="547"/>
							<String ID="string_144" HPOS="566" VPOS="713" WIDTH="61" HEIGHT="15" WC="0.92" CONTENT="varor"/><SP WIDTH="17" VPOS="713" HPOS="627"/>
							<String ID="string_145" HPOS="644" VPOS="710" WIDTH="36" HEIGHT="17" WC="0.91" CONTENT="äro"/><SP WIDTH="20" VPOS="710" HPOS="680"/>
							<String ID="string_146" HPOS="700" VPOS="708" WIDTH="154" HEIGHT="20" WC="0.91" CONTENT="underkastade"/>
						</TextLine>
						<TextLine ID="line_17" HPOS="108" VPOS="741" WIDTH="747" HEIGHT="27">
							<String ID="string_147" HPOS="108" VPOS="742" WIDTH="64" HEIGHT="26" WC="0.92" CONTENT="tolag,"/><SP WIDTH="16" VPOS="742" HPOS="172"/>
							<String ID="string_148" HPOS="188" VPOS="742" WIDTH="39" HEIGHT="19" WC="0.96" CONTENT="och"/><SP WIDTH="16" VPOS="742" HPOS="227"/>
							<String ID="string_149" HPOS="243" VPOS="743" WIDTH="30" HEIGHT="18" WC="0.97" CONTENT="ett"/><SP WIDTH="15" VPOS="743" HPOS="273"/>
							<String ID="string_150" HPOS="288" VPOS="741" WIDTH="70" HEIGHT="20" WC="0.96" CONTENT="försök"/><SP WIDTH="15" VPOS="741" HPOS="358"/>
							<String ID="string_151" HPOS="373" VPOS="743" WIDTH="31" HEIGHT="18" WC="0.96" CONTENT="att"/><SP WIDTH="15" VPOS="743" HPOS="404"/>
							<String ID="string_152" HPOS="419" VPOS="748" WIDTH="27" HEIGHT="13" WC="0.96" CONTENT="nu"/><SP WIDTH="16" VPOS="748" HPOS="446"/>
							<String ID="string_153" HPOS="462" VPOS="741" WIDTH="69" HEIGHT="20" WC="0.96" CONTENT="införa"/><SP WIDTH="15" VPOS="741" HPOS="531"/>
							<String ID="string_154" HPOS="546" VPOS="748" WIDTH="27" HEIGHT="13" WC="0.93" CONTENT="en"/><SP WIDTH="15" VPOS="748" HPOS="573"/>
							<String ID="string_155" HPOS="588" VPOS="741" WIDTH="65" HEIGHT="21" WC="0.92" CONTENT="sädan"/><SP WIDTH="21" VPOS="741" HPOS="653"/>
							<String ID="string_156" HPOS="674" VPOS="742" WIDTH="134" HEIGHT="26" WC="0.91" CONTENT="beskattning"/><SP WIDTH="19" VPOS="742" HPOS="808"/>
							<String ID="string_157" HPOS="827" VPOS="742" WIDTH="28" HEIGHT="26" WC="0.96" CONTENT="pä"/>
						</TextLine>
						<TextLine ID="line_18" HPOS="109" VPOS="775" WIDTH="746" HEIGHT="27">
							<String ID="string_158" HPOS="109" VPOS="776" WIDTH="62" HEIGHT="20" WC="0.96" CONTENT="äfven"/><SP WIDTH="23" VPOS="776" HPOS="171"/>
							<String ID="string_159" HPOS="194" VPOS="776" WIDTH="26" HEIGHT="20" WC="0.92" CONTENT="de"/><SP WIDTH="22" VPOS="776" HPOS="220"/>
							<String ID="string_160" HPOS="242" VPOS="776" WIDTH="79" HEIGHT="20" WC="0.92" CONTENT="tullfria"/><SP WIDTH="18" VPOS="776" HPOS="321"/>
							<String ID="string_161" HPOS="339" VPOS="782" WIDTH="96" HEIGHT="20" WC="0.96" CONTENT="varorna,"/><SP WIDTH="18" VPOS="782" HPOS="435"/>
							<String ID="string_162" HPOS="453" VPOS="777" WIDTH="43" HEIGHT="18" WC="0.96" CONTENT="tror"/><SP WIDTH="16" VPOS="777" HPOS="496"/>
							<String ID="string_163" HPOS="512" VPOS="776" WIDTH="45" HEIGHT="26" WC="0.93" CONTENT="jag,"/><SP WIDTH="16" VPOS="776" HPOS="557"/>
							<String ID="string_164" HPOS="573" VPOS="775" WIDTH="126" HEIGHT="21" WC="0.95" CONTENT="åtminstone"/><SP WIDTH="15" VPOS="775" HPOS="699"/>
							<String ID="string_165" HPOS="714" VPOS="776" WIDTH="32" HEIGHT="20" WC="0.96" CONTENT="för"/><SP WIDTH="16" VPOS="776" HPOS="746"/>
							<String ID="string_166" HPOS="762" VPOS="776" WIDTH="41" HEIGHT="20" WC="0.93" CONTENT="min"/><SP WIDTH="17" VPOS="776" HPOS="803"/>
							<String ID="string_167" HPOS="820" VPOS="782" WIDTH="35" HEIGHT="14" WC="0.92" CONTENT="en-"/>
						</TextLine>
						<TextLine ID="line_19" HPOS="109" VPOS="810" WIDTH="747" HEIGHT="26">
							<String ID="string_168" HPOS="109" VPOS="811" WIDTH="69" HEIGHT="21" WC="0.96" CONTENT="skilda"/><SP WIDTH="16" VPOS="811" HPOS="178"/>
							<String ID="string_169" HPOS="194" VPOS="810" WIDTH="40" HEIGHT="26" WC="0.93" CONTENT="del,"/><SP WIDTH="16" VPOS="810" HPOS="234"/>
							<String ID="string_170" HPOS="250" VPOS="810" WIDTH="63" HEIGHT="20" WC="0.96" CONTENT="hafva"/><SP WIDTH="15" VPOS="810" HPOS="313"/>
							<String ID="string_171" HPOS="328" VPOS="810" WIDTH="50" HEIGHT="26" WC="0.96" CONTENT="föga"/><SP WIDTH="15" VPOS="810" HPOS="378"/>
							<String ID="string_172" HPOS="393" VPOS="810" WIDTH="55" HEIGHT="26" WC="0.96" CONTENT="hopp"/><SP WIDTH="17" VPOS="810" HPOS="448"/>
							<String ID="string_173" HPOS="465" VPOS="811" WIDTH="29" HEIGHT="19" WC="0.93" CONTENT="att"/><SP WIDTH="16" VPOS="811" HPOS="494"/>
							<String ID="string_174" HPOS="510" VPOS="810" WIDTH="65" HEIGHT="20" WC="0.96" CONTENT="vinna"/><SP WIDTH="14" VPOS="810" HPOS="575"/>
							<String ID="string_175" HPOS="589" VPOS="810" WIDTH="74" HEIGHT="26" WC="0.96" CONTENT="nådigt"/><SP WIDTH="14" VPOS="810" HPOS="663"/>
							<String ID="string_176" HPOS="677" VPOS="810" WIDTH="65" HEIGHT="20" WC="0.94" CONTENT="bifall."/><SP WIDTH="29" VPOS="810" HPOS="742"/>
							<String ID="string_177" HPOS="771" VPOS="810" WIDTH="41" HEIGHT="21" WC="0.17" CONTENT="För"/><SP WIDTH="8" VPOS="810" HPOS="812"/>
							<String ID="string_178" HPOS="820" VPOS="810" WIDTH="36" HEIGHT="20" WC="0.17" CONTENT="det"/>
						</TextLine>
						<TextLine ID="line_20" HPOS="109" VPOS="843" WIDTH="748" HEIGHT="28">
							<String ID="string_179" HPOS="109" VPOS="845" WIDTH="67" HEIGHT="20" WC="0.95" CONTENT="andra"/><SP WIDTH="14" VPOS="845" HPOS="176"/>
							<String ID="string_180" HPOS="190" VPOS="844" WIDTH="74" HEIGHT="26" WC="0.95" CONTENT="skulle,"/><SP WIDTH="17" VPOS="844" HPOS="264"/>
							<String ID="string_181" HPOS="281" VPOS="844" WIDTH="53" HEIGHT="20" WC="0.96" CONTENT="efter"/><SP WIDTH="17" VPOS="844" HPOS="334"/>
							<String ID="string_182" HPOS="351" VPOS="844" WIDTH="41" HEIGHT="20" WC="0.96" CONTENT="min"/><SP WIDTH="17" VPOS="844" HPOS="392"/>
							<String ID="string_183" HPOS="409" VPOS="843" WIDTH="132" HEIGHT="27" WC="0.95" CONTENT="uppfattning"/><SP WIDTH="15" VPOS="843" HPOS="541"/>
							<String ID="string_184" HPOS="556" VPOS="844" WIDTH="23" HEIGHT="19" WC="0.96" CONTENT="af"/><SP WIDTH="12" VPOS="844" HPOS="579"/>
							<String ID="string_185" HPOS="591" VPOS="843" WIDTH="54" HEIGHT="20" WC="0.93" CONTENT="Herr"/><SP WIDTH="17" VPOS="843" HPOS="645"/>
							<String ID="string_186" HPOS="662" VPOS="843" WIDTH="91" HEIGHT="20" WC="0.92" CONTENT="Kurténs"/><SP WIDTH="18" VPOS="843" HPOS="753"/>
							<String ID="string_187" HPOS="771" VPOS="843" WIDTH="86" HEIGHT="28" WC="0.96" CONTENT="förslag,"/>
						</TextLine>
						<TextLine ID="line_21" HPOS="111" VPOS="877" WIDTH="745" HEIGHT="28">
							<String ID="string_188" HPOS="111" VPOS="879" WIDTH="35" HEIGHT="20" WC="0.96" CONTENT="det"/><SP WIDTH="15" VPOS="879" HPOS="146"/>
							<String ID="string_189" HPOS="161" VPOS="879" WIDTH="51" HEIGHT="26" WC="0.93" CONTENT="utgå"/><SP WIDTH="15" VPOS="879" HPOS="212"/>
							<String ID="string_190" HPOS="227" VPOS="879" WIDTH="71" HEIGHT="25" WC="0.92" CONTENT="derpå,"/><SP WIDTH="16" VPOS="879" HPOS="298"/>
							<String ID="string_191" HPOS="314" VPOS="880" WIDTH="30" HEIGHT="18" WC="0.96" CONTENT="att"/><SP WIDTH="15" VPOS="880" HPOS="344"/>
							<String ID="string_192" HPOS="359" VPOS="878" WIDTH="43" HEIGHT="20" WC="0.91" CONTENT="alla"/><SP WIDTH="14" VPOS="878" HPOS="402"/>
							<String ID="string_193" HPOS="416" VPOS="878" WIDTH="79" HEIGHT="20" WC="0.90" CONTENT="tullfria"/><SP WIDTH="15" VPOS="878" HPOS="495"/>
							<String ID="string_194" HPOS="510" VPOS="884" WIDTH="69" HEIGHT="20" WC="0.96" CONTENT="varor,"/><SP WIDTH="15" VPOS="884" HPOS="579"/>
							<String ID="string_195" HPOS="594" VPOS="877" WIDTH="106" HEIGHT="20" WC="0.96" CONTENT="hvarifrån"/><SP WIDTH="15" VPOS="877" HPOS="700"/>
							<String ID="string_196" HPOS="715" VPOS="878" WIDTH="27" HEIGHT="20" WC="0.97" CONTENT="de"/><SP WIDTH="15" VPOS="878" HPOS="742"/>
							<String ID="string_197" HPOS="757" VPOS="881" WIDTH="27" HEIGHT="17" WC="0.93" CONTENT="än"/><SP WIDTH="13" VPOS="881" HPOS="784"/>
							<String ID="string_198" HPOS="797" VPOS="878" WIDTH="59" HEIGHT="20" WC="0.91" CONTENT="kom-"/>
						</TextLine>
						<TextLine ID="line_22" HPOS="112" VPOS="911" WIDTH="746" HEIGHT="27">
							<String ID="string_199" HPOS="112" VPOS="920" WIDTH="41" HEIGHT="14" WC="0.71" CONTENT="ma"/><SP WIDTH="15" VPOS="920" HPOS="153"/>
							<String ID="string_200" HPOS="168" VPOS="914" WIDTH="40" HEIGHT="20" WC="0.93" CONTENT="och"/><SP WIDTH="20" VPOS="914" HPOS="208"/>
							<String ID="string_201" HPOS="228" VPOS="913" WIDTH="61" HEIGHT="20" WC="0.92" CONTENT="hvart"/><SP WIDTH="15" VPOS="913" HPOS="289"/>
							<String ID="string_202" HPOS="304" VPOS="913" WIDTH="25" HEIGHT="20" WC="0.96" CONTENT="de"/><SP WIDTH="19" VPOS="913" HPOS="329"/>
							<String ID="string_203" HPOS="348" VPOS="915" WIDTH="26" HEIGHT="18" WC="0.96" CONTENT="än"/><SP WIDTH="22" VPOS="915" HPOS="374"/>
							<String ID="string_204" HPOS="396" VPOS="912" WIDTH="64" HEIGHT="26" WC="0.91" CONTENT="föras,"/><SP WIDTH="16" VPOS="912" HPOS="460"/>
							<String ID="string_205" HPOS="476" VPOS="924" WIDTH="23" HEIGHT="2" WC="0.93" CONTENT="—"/><SP WIDTH="19" VPOS="924" HPOS="499"/>
							<String ID="string_206" HPOS="518" VPOS="912" WIDTH="39" HEIGHT="20" WC="0.96" CONTENT="och"/><SP WIDTH="24" VPOS="912" HPOS="557"/>
							<String ID="string_207" HPOS="581" VPOS="911" WIDTH="81" HEIGHT="20" WC="0.95" CONTENT="således"/><SP WIDTH="23" VPOS="911" HPOS="662"/>
							<String ID="string_208" HPOS="685" VPOS="912" WIDTH="61" HEIGHT="20" WC="0.91" CONTENT="äfven"/><SP WIDTH="23" VPOS="912" HPOS="746"/>
							<String ID="string_209" HPOS="769" VPOS="912" WIDTH="89" HEIGHT="20" WC="0.91" CONTENT="inrikes-"/>
						</TextLine>
						<TextLine ID="line_23" HPOS="111" VPOS="946" WIDTH="747" HEIGHT="27">
							<String ID="string_210" HPOS="111" VPOS="947" WIDTH="97" HEIGHT="26" WC="0.95" CONTENT="trafiken,"/><SP WIDTH="16" VPOS="947" HPOS="208"/>
							<String ID="string_211" HPOS="224" VPOS="947" WIDTH="68" HEIGHT="20" WC="0.96" CONTENT="skulle"/><SP WIDTH="23" VPOS="947" HPOS="292"/>
							<String ID="string_212" HPOS="315" VPOS="947" WIDTH="90" HEIGHT="20" WC="0.96" CONTENT="drabbas"/><SP WIDTH="19" VPOS="947" HPOS="405"/>
							<String ID="string_213" HPOS="424" VPOS="947" WIDTH="24" HEIGHT="19" WC="0.93" CONTENT="af"/><SP WIDTH="12" VPOS="947" HPOS="448"/>
							<String ID="string_214" HPOS="460" VPOS="947" WIDTH="65" HEIGHT="26" WC="0.91" CONTENT="tolag,"/><SP WIDTH="20" VPOS="947" HPOS="525"/>
							<String ID="string_215" HPOS="545" VPOS="948" WIDTH="54" HEIGHT="18" WC="0.96" CONTENT="samt"/><SP WIDTH="14" VPOS="948" HPOS="599"/>
							<String ID="string_216" HPOS="613" VPOS="946" WIDTH="88" HEIGHT="20" WC="0.93" CONTENT="sålunda"/><SP WIDTH="14" VPOS="946" HPOS="701"/>
							<String ID="string_217" HPOS="715" VPOS="946" WIDTH="143" HEIGHT="27" WC="0.91" CONTENT="varu-utbytet"/>
						</TextLine>
						<TextLine ID="line_24" HPOS="111" VPOS="979" WIDTH="748" HEIGHT="29">
							<String ID="string_218" HPOS="111" VPOS="982" WIDTH="137" HEIGHT="21" WC="0.92" CONTENT="inrikesorter"/><SP WIDTH="16" VPOS="982" HPOS="248"/>
							<String ID="string_219" HPOS="264" VPOS="981" WIDTH="89" HEIGHT="20" WC="0.96" CONTENT="emellan"/><SP WIDTH="16" VPOS="981" HPOS="353"/>
							<String ID="string_220" HPOS="369" VPOS="987" WIDTH="78" HEIGHT="21" WC="0.96" CONTENT="genom"/><SP WIDTH="16" VPOS="987" HPOS="447"/>
							<String ID="string_221" HPOS="463" VPOS="987" WIDTH="25" HEIGHT="14" WC="0.96" CONTENT="en"/><SP WIDTH="17" VPOS="987" HPOS="488"/>
							<String ID="string_222" HPOS="505" VPOS="987" WIDTH="29" HEIGHT="20" WC="0.96" CONTENT="ny"/><SP WIDTH="17" VPOS="987" HPOS="534"/>
							<String ID="string_223" HPOS="551" VPOS="979" WIDTH="134" HEIGHT="28" WC="0.96" CONTENT="beskattning"/><SP WIDTH="19" VPOS="979" HPOS="685"/>
							<String ID="string_224" HPOS="704" VPOS="981" WIDTH="96" HEIGHT="26" WC="0.96" CONTENT="fördyras"/><SP WIDTH="19" VPOS="981" HPOS="800"/>
							<String ID="string_225" HPOS="819" VPOS="981" WIDTH="40" HEIGHT="20" WC="0.96" CONTENT="och"/>
						</TextLine>
						<TextLine ID="line_25" HPOS="113" VPOS="1014" WIDTH="747" HEIGHT="27">
							<String ID="string_226" HPOS="113" VPOS="1016" WIDTH="110" HEIGHT="21" WC="0.91" CONTENT="försvåras."/><SP WIDTH="30" VPOS="1016" HPOS="223"/>
							<String ID="string_227" HPOS="253" VPOS="1016" WIDTH="64" HEIGHT="20" WC="0.95" CONTENT="Detta"/><SP WIDTH="21" VPOS="1016" HPOS="317"/>
							<String ID="string_228" HPOS="338" VPOS="1018" WIDTH="24" HEIGHT="17" WC="0.96" CONTENT="är"/><SP WIDTH="22" VPOS="1018" HPOS="362"/>
							<String ID="string_229" HPOS="384" VPOS="1022" WIDTH="27" HEIGHT="13" WC="0.95" CONTENT="en"/><SP WIDTH="23" VPOS="1022" HPOS="411"/>
							<String ID="string_230" HPOS="434" VPOS="1014" WIDTH="163" HEIGHT="27" WC="0.94" CONTENT="omständighet,"/><SP WIDTH="16" VPOS="1014" HPOS="597"/>
							<String ID="string_231" HPOS="613" VPOS="1020" WIDTH="45" HEIGHT="14" WC="0.93" CONTENT="som"/><SP WIDTH="15" VPOS="1020" HPOS="658"/>
							<String ID="string_232" HPOS="673" VPOS="1014" WIDTH="123" HEIGHT="27" WC="0.90" CONTENT="isynnerhet"/><SP WIDTH="15" VPOS="1014" HPOS="796"/>
							<String ID="string_233" HPOS="811" VPOS="1015" WIDTH="49" HEIGHT="20" WC="0.96" CONTENT="med"/>
						</TextLine>
						<TextLine ID="line_26" HPOS="114" VPOS="1048" WIDTH="746" HEIGHT="28">
							<String ID="string_234" HPOS="114" VPOS="1051" WIDTH="100" HEIGHT="20" WC="0.93" CONTENT="afseende"/><SP WIDTH="18" VPOS="1051" HPOS="214"/>
							<String ID="string_235" HPOS="232" VPOS="1050" WIDTH="12" HEIGHT="20" WC="0.88" CONTENT="å"/><SP WIDTH="16" VPOS="1050" HPOS="244"/>
							<String ID="string_236" HPOS="260" VPOS="1050" WIDTH="47" HEIGHT="21" WC="0.96" CONTENT="dess"/><SP WIDTH="17" VPOS="1050" HPOS="307"/>
							<String ID="string_237" HPOS="324" VPOS="1050" WIDTH="135" HEIGHT="26" WC="0.96" CONTENT="tillämpning"/><SP WIDTH="19" VPOS="1050" HPOS="459"/>
							<String ID="string_238" HPOS="478" VPOS="1049" WIDTH="27" HEIGHT="26" WC="0.93" CONTENT="på"/><SP WIDTH="18" VPOS="1049" HPOS="505"/>
							<String ID="string_239" HPOS="523" VPOS="1048" WIDTH="198" HEIGHT="27" WC="0.91" CONTENT="jernvägstrafiken,"/><SP WIDTH="16" VPOS="1048" HPOS="721"/>
							<String ID="string_240" HPOS="737" VPOS="1048" WIDTH="53" HEIGHT="21" WC="0.96" CONTENT="efter"/><SP WIDTH="14" VPOS="1048" HPOS="790"/>
							<String ID="string_241" HPOS="804" VPOS="1049" WIDTH="56" HEIGHT="20" WC="0.96" CONTENT="hvad"/>
						</TextLine>
						<TextLine ID="line_27" HPOS="111" VPOS="1083" WIDTH="750" HEIGHT="30">
							<String ID="string_242" HPOS="111" VPOS="1087" WIDTH="38" HEIGHT="26" WC="0.96" CONTENT="jag"/><SP WIDTH="15" VPOS="1087" HPOS="149"/>
							<String ID="string_243" HPOS="164" VPOS="1088" WIDTH="49" HEIGHT="23" WC="0.96" CONTENT="tror,"/><SP WIDTH="19" VPOS="1088" HPOS="213"/>
							<String ID="string_244" HPOS="232" VPOS="1085" WIDTH="18" HEIGHT="26" WC="0.96" CONTENT="ej"/><SP WIDTH="17" VPOS="1085" HPOS="250"/>
							<String ID="string_245" HPOS="267" VPOS="1085" WIDTH="67" HEIGHT="20" WC="0.96" CONTENT="skulle"/><SP WIDTH="21" VPOS="1085" HPOS="334"/>
							<String ID="string_246" HPOS="355" VPOS="1085" WIDTH="87" HEIGHT="26" WC="0.96" CONTENT="bidraga"/><SP WIDTH="15" VPOS="1085" HPOS="442"/>
							<String ID="string_247" HPOS="457" VPOS="1083" WIDTH="30" HEIGHT="20" WC="0.96" CONTENT="till"/><SP WIDTH="18" VPOS="1083" HPOS="487"/>
							<String ID="string_248" HPOS="505" VPOS="1083" WIDTH="60" HEIGHT="20" WC="0.93" CONTENT="bifall"/><SP WIDTH="16" VPOS="1083" HPOS="565"/>
							<String ID="string_249" HPOS="581" VPOS="1083" WIDTH="12" HEIGHT="20" WC="0.92" CONTENT="&amp;"/><SP WIDTH="16" VPOS="1083" HPOS="593"/>
							<String ID="string_250" HPOS="609" VPOS="1083" WIDTH="105" HEIGHT="26" WC="0.96" CONTENT="förslaget,"/><SP WIDTH="19" VPOS="1083" HPOS="714"/>
							<String ID="string_251" HPOS="733" VPOS="1085" WIDTH="30" HEIGHT="18" WC="0.96" CONTENT="ett"/><SP WIDTH="14" VPOS="1085" HPOS="763"/>
							<String ID="string_252" HPOS="777" VPOS="1083" WIDTH="84" HEIGHT="27" WC="0.96" CONTENT="förslag,"/>
						</TextLine>
						<TextLine ID="line_28" HPOS="115" VPOS="1117" WIDTH="747" HEIGHT="27">
							<String ID="string_253" HPOS="115" VPOS="1126" WIDTH="44" HEIGHT="13" WC="0.96" CONTENT="som"/><SP WIDTH="17" VPOS="1126" HPOS="159"/>
							<String ID="string_254" HPOS="176" VPOS="1120" WIDTH="31" HEIGHT="19" WC="0.93" CONTENT="till"/><SP WIDTH="15" VPOS="1120" HPOS="207"/>
							<String ID="string_255" HPOS="222" VPOS="1119" WIDTH="109" HEIGHT="20" WC="0.90" CONTENT="städernes"/><SP WIDTH="16" VPOS="1119" HPOS="331"/>
							<String ID="string_256" HPOS="347" VPOS="1119" WIDTH="89" HEIGHT="19" WC="0.96" CONTENT="fromma"/><SP WIDTH="16" VPOS="1119" HPOS="436"/>
							<String ID="string_257" HPOS="452" VPOS="1118" WIDTH="46" HEIGHT="19" WC="0.92" CONTENT="med"/><SP WIDTH="17" VPOS="1118" HPOS="498"/>
							<String ID="string_258" HPOS="515" VPOS="1117" WIDTH="57" HEIGHT="26" WC="0.91" CONTENT="tolag"/><SP WIDTH="16" VPOS="1117" HPOS="572"/>
							<String ID="string_259" HPOS="588" VPOS="1117" WIDTH="75" HEIGHT="20" WC="0.96" CONTENT="belade"/><SP WIDTH="15" VPOS="1117" HPOS="663"/>
							<String ID="string_260" HPOS="678" VPOS="1117" WIDTH="61" HEIGHT="20" WC="0.96" CONTENT="äfven"/><SP WIDTH="17" VPOS="1117" HPOS="739"/>
							<String ID="string_261" HPOS="756" VPOS="1117" WIDTH="35" HEIGHT="20" WC="0.96" CONTENT="det"/><SP WIDTH="10" VPOS="1117" HPOS="791"/>
							<String ID="string_262" HPOS="801" VPOS="1117" WIDTH="61" HEIGHT="27" WC="0.96" CONTENT="gods,"/>
						</TextLine>
						<TextLine ID="line_29" HPOS="115" VPOS="1151" WIDTH="746" HEIGHT="29">
							<String ID="string_263" HPOS="115" VPOS="1161" WIDTH="45" HEIGHT="13" WC="0.94" CONTENT="som"/><SP WIDTH="24" VPOS="1161" HPOS="160"/>
							<String ID="string_264" HPOS="184" VPOS="1153" WIDTH="45" HEIGHT="20" WC="0.94" CONTENT="från"/><SP WIDTH="23" VPOS="1153" HPOS="229"/>
							<String ID="string_265" HPOS="252" VPOS="1153" WIDTH="104" HEIGHT="27" WC="0.96" CONTENT="Ryssland"/><SP WIDTH="23" VPOS="1153" HPOS="356"/>
							<String ID="string_266" HPOS="379" VPOS="1153" WIDTH="74" HEIGHT="20" WC="0.96" CONTENT="forslas"/><SP WIDTH="20" VPOS="1153" HPOS="453"/>
							<String ID="string_267" HPOS="473" VPOS="1152" WIDTH="27" HEIGHT="27" WC="0.93" CONTENT="på"/><SP WIDTH="17" VPOS="1152" HPOS="500"/>
							<String ID="string_268" HPOS="517" VPOS="1153" WIDTH="91" HEIGHT="25" WC="0.91" CONTENT="jernväg"/><SP WIDTH="15" VPOS="1153" HPOS="608"/>
							<String ID="string_269" HPOS="623" VPOS="1151" WIDTH="40" HEIGHT="20" WC="0.96" CONTENT="och"/><SP WIDTH="14" VPOS="1151" HPOS="663"/>
							<String ID="string_270" HPOS="677" VPOS="1151" WIDTH="8" HEIGHT="19" WC="0.95" CONTENT="i"/><SP WIDTH="14" VPOS="1151" HPOS="685"/>
							<String ID="string_271" HPOS="699" VPOS="1151" WIDTH="64" HEIGHT="26" WC="0.96" CONTENT="öfrigt"/><SP WIDTH="14" VPOS="1151" HPOS="763"/>
							<String ID="string_272" HPOS="777" VPOS="1153" WIDTH="23" HEIGHT="17" WC="0.93" CONTENT="är"/><SP WIDTH="15" VPOS="1153" HPOS="800"/>
							<String ID="string_273" HPOS="815" VPOS="1151" WIDTH="46" HEIGHT="20" WC="0.93" CONTENT="tull-"/>
						</TextLine>
						<TextLine ID="line_30" HPOS="115" VPOS="1185" WIDTH="747" HEIGHT="26">
							<String ID="string_274" HPOS="115" VPOS="1189" WIDTH="51" HEIGHT="20" WC="0.87" CONTENT="fritt."/><SP WIDTH="29" VPOS="1189" HPOS="166"/>
							<String ID="string_275" HPOS="195" VPOS="1188" WIDTH="48" HEIGHT="20" WC="0.96" CONTENT="Men"/><SP WIDTH="23" VPOS="1188" HPOS="243"/>
							<String ID="string_276" HPOS="266" VPOS="1194" WIDTH="33" HEIGHT="14" WC="0.96" CONTENT="om"/><SP WIDTH="26" VPOS="1194" HPOS="299"/>
							<String ID="string_277" HPOS="325" VPOS="1187" WIDTH="65" HEIGHT="20" WC="0.95" CONTENT="också"/><SP WIDTH="22" VPOS="1187" HPOS="390"/>
							<String ID="string_278" HPOS="412" VPOS="1187" WIDTH="55" HEIGHT="20" WC="0.91" CONTENT="Herr"/><SP WIDTH="22" VPOS="1187" HPOS="467"/>
							<String ID="string_279" HPOS="489" VPOS="1187" WIDTH="91" HEIGHT="19" WC="0.90" CONTENT="Kurténs"/><SP WIDTH="23" VPOS="1187" HPOS="580"/>
							<String ID="string_280" HPOS="603" VPOS="1185" WIDTH="86" HEIGHT="26" WC="0.95" CONTENT="mening"/><SP WIDTH="18" VPOS="1185" HPOS="689"/>
							<String ID="string_281" HPOS="707" VPOS="1185" WIDTH="20" HEIGHT="26" WC="0.95" CONTENT="ej"/><SP WIDTH="15" VPOS="1185" HPOS="727"/>
							<String ID="string_282" HPOS="742" VPOS="1185" WIDTH="55" HEIGHT="19" WC="0.96" CONTENT="varit"/><SP WIDTH="17" VPOS="1185" HPOS="797"/>
							<String ID="string_283" HPOS="814" VPOS="1185" WIDTH="48" HEIGHT="26" WC="0.96" CONTENT="den,"/>
						</TextLine>
						<TextLine ID="line_31" HPOS="118" VPOS="1219" WIDTH="745" HEIGHT="29">
							<String ID="string_284" HPOS="118" VPOS="1225" WIDTH="49" HEIGHT="18" WC="0.96" CONTENT="utan"/><SP WIDTH="23" VPOS="1225" HPOS="167"/>
							<String ID="string_285" HPOS="190" VPOS="1223" WIDTH="74" HEIGHT="20" WC="0.93" CONTENT="endast"/><SP WIDTH="23" VPOS="1223" HPOS="264"/>
							<String ID="string_286" HPOS="287" VPOS="1221" WIDTH="77" HEIGHT="27" WC="0.91" CONTENT="åsyftat"/><SP WIDTH="22" VPOS="1221" HPOS="364"/>
							<String ID="string_287" HPOS="386" VPOS="1224" WIDTH="30" HEIGHT="17" WC="0.96" CONTENT="att"/><SP WIDTH="20" VPOS="1224" HPOS="416"/>
							<String ID="string_288" HPOS="436" VPOS="1221" WIDTH="26" HEIGHT="20" WC="0.96" CONTENT="de"/><SP WIDTH="15" VPOS="1221" HPOS="462"/>
							<String ID="string_289" HPOS="477" VPOS="1227" WIDTH="68" HEIGHT="19" WC="0.96" CONTENT="varor,"/><SP WIDTH="20" VPOS="1227" HPOS="545"/>
							<String ID="string_290" HPOS="565" VPOS="1226" WIDTH="46" HEIGHT="13" WC="0.97" CONTENT="som"/><SP WIDTH="14" VPOS="1226" HPOS="611"/>
							<String ID="string_291" HPOS="625" VPOS="1219" WIDTH="123" HEIGHT="26" WC="0.95" CONTENT="importeras"/><SP WIDTH="15" VPOS="1219" HPOS="748"/>
							<String ID="string_292" HPOS="763" VPOS="1219" WIDTH="100" HEIGHT="26" WC="0.96" CONTENT="sjövägen"/>
						</TextLine>
						<TextLine ID="line_32" HPOS="119" VPOS="1252" WIDTH="745" HEIGHT="30">
							<String ID="string_293" HPOS="119" VPOS="1257" WIDTH="66" HEIGHT="20" WC="0.96" CONTENT="skulle"/><SP WIDTH="17" VPOS="1257" HPOS="185"/>
							<String ID="string_294" HPOS="202" VPOS="1256" WIDTH="65" HEIGHT="26" WC="0.91" CONTENT="draga"/><SP WIDTH="19" VPOS="1256" HPOS="267"/>
							<String ID="string_295" HPOS="286" VPOS="1256" WIDTH="62" HEIGHT="26" WC="0.91" CONTENT="tolag,"/><SP WIDTH="19" VPOS="1256" HPOS="348"/>
							<String ID="string_296" HPOS="367" VPOS="1255" WIDTH="23" HEIGHT="20" WC="0.96" CONTENT="så"/><SP WIDTH="14" VPOS="1255" HPOS="390"/>
							<String ID="string_297" HPOS="404" VPOS="1255" WIDTH="86" HEIGHT="20" WC="0.96" CONTENT="komme"/><SP WIDTH="15" VPOS="1255" HPOS="490"/>
							<String ID="string_298" HPOS="505" VPOS="1255" WIDTH="58" HEIGHT="20" WC="0.96" CONTENT="detta"/><SP WIDTH="16" VPOS="1255" HPOS="563"/>
							<String ID="string_299" HPOS="579" VPOS="1254" WIDTH="45" HEIGHT="20" WC="0.96" CONTENT="åter"/><SP WIDTH="15" VPOS="1254" HPOS="624"/>
							<String ID="string_300" HPOS="639" VPOS="1255" WIDTH="30" HEIGHT="18" WC="0.93" CONTENT="att"/><SP WIDTH="13" VPOS="1255" HPOS="669"/>
							<String ID="string_301" HPOS="682" VPOS="1252" WIDTH="63" HEIGHT="21" WC="0.92" CONTENT="lända"/><SP WIDTH="16" VPOS="1252" HPOS="745"/>
							<String ID="string_302" HPOS="761" VPOS="1253" WIDTH="25" HEIGHT="19" WC="0.95" CONTENT="de"/><SP WIDTH="16" VPOS="1253" HPOS="786"/>
							<String ID="string_303" HPOS="802" VPOS="1255" WIDTH="62" HEIGHT="25" WC="0.95" CONTENT="orter,"/>
						</TextLine>
						<TextLine ID="line_33" HPOS="118" VPOS="1287" WIDTH="748" HEIGHT="30">
							<String ID="string_304" HPOS="118" VPOS="1297" WIDTH="45" HEIGHT="14" WC="0.96" CONTENT="som"/><SP WIDTH="16" VPOS="1297" HPOS="163"/>
							<String ID="string_305" HPOS="179" VPOS="1291" WIDTH="19" HEIGHT="26" WC="0.96" CONTENT="ej"/><SP WIDTH="17" VPOS="1291" HPOS="198"/>
							<String ID="string_306" HPOS="215" VPOS="1290" WIDTH="62" HEIGHT="21" WC="0.93" CONTENT="hafva"/><SP WIDTH="13" VPOS="1290" HPOS="277"/>
							<String ID="string_307" HPOS="290" VPOS="1289" WIDTH="170" HEIGHT="27" WC="0.92" CONTENT="jernvägstrafik,"/><SP WIDTH="15" VPOS="1289" HPOS="460"/>
							<String ID="string_308" HPOS="475" VPOS="1289" WIDTH="32" HEIGHT="20" WC="0.96" CONTENT="till"/><SP WIDTH="14" VPOS="1289" HPOS="507"/>
							<String ID="string_309" HPOS="521" VPOS="1288" WIDTH="71" HEIGHT="21" WC="0.95" CONTENT="alltför"/><SP WIDTH="21" VPOS="1288" HPOS="592"/>
							<String ID="string_310" HPOS="613" VPOS="1289" WIDTH="51" HEIGHT="18" WC="0.95" CONTENT="stort"/><SP WIDTH="18" VPOS="1289" HPOS="664"/>
							<String ID="string_311" HPOS="682" VPOS="1293" WIDTH="55" HEIGHT="20" WC="0.95" CONTENT="men,"/><SP WIDTH="23" VPOS="1293" HPOS="737"/>
							<String ID="string_312" HPOS="760" VPOS="1287" WIDTH="106" HEIGHT="20" WC="0.94" CONTENT="såtillvida"/>
						</TextLine>
						<TextLine ID="line_34" HPOS="119" VPOS="1321" WIDTH="747" HEIGHT="30">
							<String ID="string_313" HPOS="119" VPOS="1328" WIDTH="30" HEIGHT="18" WC="0.96" CONTENT="att"/><SP WIDTH="15" VPOS="1328" HPOS="149"/>
							<String ID="string_314" HPOS="164" VPOS="1326" WIDTH="26" HEIGHT="19" WC="0.96" CONTENT="de"/><SP WIDTH="15" VPOS="1326" HPOS="190"/>
							<String ID="string_315" HPOS="205" VPOS="1325" WIDTH="68" HEIGHT="20" WC="0.96" CONTENT="skulle"/><SP WIDTH="15" VPOS="1325" HPOS="273"/>
							<String ID="string_316" HPOS="288" VPOS="1324" WIDTH="86" HEIGHT="21" WC="0.96" CONTENT="komma"/><SP WIDTH="14" VPOS="1324" HPOS="374"/>
							<String ID="string_317" HPOS="388" VPOS="1326" WIDTH="31" HEIGHT="19" WC="0.93" CONTENT="att"/><SP WIDTH="15" VPOS="1326" HPOS="419"/>
							<String ID="string_318" HPOS="434" VPOS="1324" WIDTH="103" HEIGHT="27" WC="0.91" CONTENT="betungas"/><SP WIDTH="16" VPOS="1324" HPOS="537"/>
							<String ID="string_319" HPOS="553" VPOS="1323" WIDTH="49" HEIGHT="20" WC="0.96" CONTENT="med"/><SP WIDTH="16" VPOS="1323" HPOS="602"/>
							<String ID="string_320" HPOS="618" VPOS="1329" WIDTH="25" HEIGHT="13" WC="0.91" CONTENT="en"/><SP WIDTH="16" VPOS="1329" HPOS="643"/>
							<String ID="string_321" HPOS="659" VPOS="1321" WIDTH="60" HEIGHT="27" WC="0.91" CONTENT="afgift"/><SP WIDTH="18" VPOS="1321" HPOS="719"/>
							<String ID="string_322" HPOS="737" VPOS="1321" WIDTH="32" HEIGHT="20" WC="0.93" CONTENT="för"/><SP WIDTH="19" VPOS="1321" HPOS="769"/>
							<String ID="string_323" HPOS="788" VPOS="1321" WIDTH="78" HEIGHT="20" WC="0.92" CONTENT="tullfria"/>
						</TextLine>
						<TextLine ID="line_35" HPOS="121" VPOS="1355" WIDTH="745" HEIGHT="31">
							<String ID="string_324" HPOS="121" VPOS="1367" WIDTH="67" HEIGHT="19" WC="0.96" CONTENT="varor,"/><SP WIDTH="23" VPOS="1367" HPOS="188"/>
							<String ID="string_325" HPOS="211" VPOS="1366" WIDTH="51" HEIGHT="19" WC="0.96" CONTENT="som,"/><SP WIDTH="24" VPOS="1366" HPOS="262"/>
							<String ID="string_326" HPOS="286" VPOS="1359" WIDTH="27" HEIGHT="27" WC="0.96" CONTENT="på"/><SP WIDTH="21" VPOS="1359" HPOS="313"/>
							<String ID="string_327" HPOS="334" VPOS="1365" WIDTH="70" HEIGHT="14" WC="0.95" CONTENT="annan"/><SP WIDTH="16" VPOS="1365" HPOS="404"/>
							<String ID="string_328" HPOS="420" VPOS="1361" WIDTH="41" HEIGHT="25" WC="0.96" CONTENT="väg"/><SP WIDTH="15" VPOS="1361" HPOS="461"/>
							<String ID="string_329" HPOS="476" VPOS="1358" WIDTH="109" HEIGHT="26" WC="0.96" CONTENT="inkomna,"/><SP WIDTH="16" VPOS="1358" HPOS="585"/>
							<String ID="string_330" HPOS="601" VPOS="1356" WIDTH="47" HEIGHT="21" WC="0.96" CONTENT="icke"/><SP WIDTH="15" VPOS="1356" HPOS="648"/>
							<String ID="string_331" HPOS="663" VPOS="1359" WIDTH="36" HEIGHT="17" WC="0.96" CONTENT="äro"/><SP WIDTH="17" VPOS="1359" HPOS="699"/>
							<String ID="string_332" HPOS="716" VPOS="1355" WIDTH="47" HEIGHT="20" WC="0.96" CONTENT="med"/><SP WIDTH="18" VPOS="1355" HPOS="763"/>
							<String ID="string_333" HPOS="781" VPOS="1355" WIDTH="41" HEIGHT="20" WC="0.90" CONTENT="slik"/><SP WIDTH="15" VPOS="1355" HPOS="822"/>
							<String ID="string_334" HPOS="837" VPOS="1356" WIDTH="29" HEIGHT="20" WC="0.90" CONTENT="af-"/>
						</TextLine>
						<TextLine ID="line_36" HPOS="120" VPOS="1389" WIDTH="748" HEIGHT="33">
							<String ID="string_335" HPOS="120" VPOS="1395" WIDTH="40" HEIGHT="27" WC="0.96" CONTENT="gift"/><SP WIDTH="15" VPOS="1395" HPOS="160"/>
							<String ID="string_336" HPOS="175" VPOS="1393" WIDTH="114" HEIGHT="21" WC="0.95" CONTENT="belastade."/><SP WIDTH="29" VPOS="1393" HPOS="289"/>
							<String ID="string_337" HPOS="318" VPOS="1392" WIDTH="42" HEIGHT="28" WC="0.96" CONTENT="Jag"/><SP WIDTH="22" VPOS="1392" HPOS="360"/>
							<String ID="string_338" HPOS="382" VPOS="1399" WIDTH="62" HEIGHT="14" WC="0.96" CONTENT="anser"/><SP WIDTH="15" VPOS="1399" HPOS="444"/>
							<String ID="string_339" HPOS="459" VPOS="1393" WIDTH="26" HEIGHT="26" WC="0.95" CONTENT="på"/><SP WIDTH="16" VPOS="1393" HPOS="485"/>
							<String ID="string_340" HPOS="501" VPOS="1391" WIDTH="69" HEIGHT="28" WC="0.95" CONTENT="grund"/><SP WIDTH="15" VPOS="1391" HPOS="570"/>
							<String ID="string_341" HPOS="585" VPOS="1390" WIDTH="62" HEIGHT="21" WC="0.96" CONTENT="häraf"/><SP WIDTH="17" VPOS="1390" HPOS="647"/>
							<String ID="string_342" HPOS="664" VPOS="1389" WIDTH="40" HEIGHT="21" WC="0.96" CONTENT="den"/><SP WIDTH="16" VPOS="1389" HPOS="704"/>
							<String ID="string_343" HPOS="720" VPOS="1389" WIDTH="55" HEIGHT="21" WC="0.93" CONTENT="enda"/><SP WIDTH="15" VPOS="1389" HPOS="775"/>
							<String ID="string_344" HPOS="790" VPOS="1389" WIDTH="78" HEIGHT="27" WC="0.93" CONTENT="prakti-"/>
						</TextLine>
						<TextLine ID="line_37" HPOS="121" VPOS="1423" WIDTH="747" HEIGHT="32">
							<String ID="string_345" HPOS="121" VPOS="1429" WIDTH="39" HEIGHT="20" WC="0.95" CONTENT="ska"/><SP WIDTH="14" VPOS="1429" HPOS="160"/>
							<String ID="string_346" HPOS="174" VPOS="1429" WIDTH="112" HEIGHT="26" WC="0.96" CONTENT="lösningen"/><SP WIDTH="14" VPOS="1429" HPOS="286"/>
							<String ID="string_347" HPOS="300" VPOS="1427" WIDTH="24" HEIGHT="20" WC="0.96" CONTENT="af"/><SP WIDTH="13" VPOS="1427" HPOS="324"/>
							<String ID="string_348" HPOS="337" VPOS="1427" WIDTH="73" HEIGHT="27" WC="0.96" CONTENT="frågan"/><SP WIDTH="16" VPOS="1427" HPOS="410"/>
							<String ID="string_349" HPOS="426" VPOS="1433" WIDTH="51" HEIGHT="14" WC="0.94" CONTENT="vara"/><SP WIDTH="14" VPOS="1433" HPOS="477"/>
							<String ID="string_350" HPOS="491" VPOS="1427" WIDTH="49" HEIGHT="26" WC="0.96" CONTENT="den,"/><SP WIDTH="15" VPOS="1427" HPOS="540"/>
							<String ID="string_351" HPOS="555" VPOS="1427" WIDTH="32" HEIGHT="19" WC="0.93" CONTENT="att"/><SP WIDTH="14" VPOS="1427" HPOS="587"/>
							<String ID="string_352" HPOS="601" VPOS="1425" WIDTH="132" HEIGHT="20" WC="0.92" CONTENT="tullsatserne"/><SP WIDTH="16" VPOS="1425" HPOS="733"/>
							<String ID="string_353" HPOS="749" VPOS="1423" WIDTH="67" HEIGHT="21" WC="0.89" CONTENT="skulle"/><SP WIDTH="8" VPOS="1423" HPOS="816"/>
							<String ID="string_354" HPOS="824" VPOS="1424" WIDTH="44" HEIGHT="27" WC="0.89" CONTENT="läg-"/>
						</TextLine>
					</TextBlock>
				</ComposedBlock>
			</PrintSpace>
		</Page>
	</Layout>
</alto>
