1039 1692
388 135 40 17 Den
442 135 22 16 10
475 134 93 18 Febrnari.
812 136 22 18 33

108 193 182 26 propositionerna
305 192 111 26 angäende
432 199 28 19 ny
475 192 68 26 sjölag
559 192 32 20 för
607 192 88 20 Finland
712 193 40 20 och
763 193 93 20 kommu-

108 226 192 26 nalförvaltningen
316 226 6 19 i
339 226 44 20 stad
400 228 54 18 samt
469 226 67 19 beslut
549 226 79 26 jemväl
645 226 6 19 i
667 226 41 27 dag
724 227 23 19 af
755 227 101 27 Borgare-

107 260 84 20 ständet
206 260 71 20 fattats
293 262 30 17 att
338 260 86 20 tillsätta
440 262 29 18 ett
484 260 93 20 enskildt
591 260 168 20 besvärsutskott
774 262 30 18 för
821 261 34 20 be-

107 294 117 26 redningen
242 294 23 20 af
281 294 178 26 petitionsfrägor,
479 300 43 14 som
541 294 58 20 inom
619 294 88 20 Ständet
726 295 84 20 komme
826 297 30 18 att

107 328 84 26 väekas,
209 328 169 20 sammanträdde
398 328 97 20 Ständets
514 328 105 20 elektorer
639 328 32 20 för
689 329 131 20 anställande
834 329 24 20 af

107 362 33 20 val
156 362 32 20 till
202 362 116 20 ledamöter
334 362 39 20 och
388 362 134 26 suppleanter
537 362 7 20 i
559 362 92 20 nämnde
666 365 31 17 tre
712 363 88 25 utskott;
816 364 39 19 och

108 396 72 20 utföllo
196 396 62 20 dessa
273 396 40 24 val,
328 402 45 14 som
389 396 80 20 skedde
486 396 46 20 med
548 396 69 20 slutna
631 397 69 19 sedlar
711 397 39 19 och
761 398 93 26 sälunda,

108 433 30 17 att
157 431 51 19 först
227 431 115 19 ledamöter
360 430 40 20 och
421 430 64 20 sedan
507 431 134 26 suppleanter
659 432 6 18 i
684 432 73 26 hvarje
777 432 79 20 utskott

107 465 91 26 utsägos,
214 464 26 27 pä
256 466 40 18 sätt
311 471 45 13 som
372 464 70 26 följer:

357 498 245 27 Sjölagsutskottet.

108 533 134 20 Ledamöter:
265 533 77 20 Herrar
365 533 70 26 Sjöros
458 533 39 19 och
519 533 90 26 Krogius
632 533 103 20 hvardera
761 534 47 20 med
830 535 24 19 15

246 569 55 17 samt
322 567 126 26 Tengström
472 567 39 19 och
533 567 113 26 Lundberg
669 567 47 20 med
738 568 25 19 14
778 569 77 24 röster;

248 601 40 19 och
302 601 84 19 tillföllo
403 601 105 19 dessutom
523 601 78 20 Herrar
616 601 110 20 Lindblom
738 601 39 20 och
790 602 64 20 Wen-

248 635 56 20 delin
320 635 104 20 hvardera
440 636 8 18 1
466 637 49 17 röst.

108 669 149 27 Suppleanter:
272 669 78 19 Herrar
366 669 115 19 Wendelin
501 669 38 19 och
559 669 64 25 Julin,
639 669 40 19 den
695 669 55 20 förre
765 670 48 19 med
830 670 24 19 15

247 704 40 19 och
306 704 39 19 den
366 710 74 13 senare
458 703 48 19 med
523 704 24 18 13
564 705 73 23 röster,
653 704 109 19 hvarutom
778 704 78 20 Herrar

244 738 126 19 Gummerus
385 738 39 19 och
440 738 119 26 Borgström
575 738 104 19 hvardera
692 738 81 19 erhöllo
785 738 8 19 1
806 740 50 17 röst.

244 771 478 27 Kommunalförvaltningsutskottet.

112 806 132 20 Ledamöter:
260 806 78 20 Herrar
353 805 93 20 Höckert
462 806 39 20 och
516 806 110 26 Wallgren
642 805 104 20 hvardera
760 806 48 19 med
824 806 33 25 14,

244 840 54 19 Herr
313 840 78 19 Kurtén
408 840 47 19 med
472 840 25 19 13
514 840 38 19 och
568 840 53 19 Herr
637 836 111 29 Öhrnberg
767 839 47 20 med
831 840 23 19 11

245 875 73 18 röster.
348 873 111 20 Dessutom
480 873 72 20 utföllo
571 873 32 20 för
621 873 53 20 Herr
696 873 55 26 Frey
771 873 12 19 4
803 875 53 17 samt

245 908 31 19 för
292 908 77 19 Herrar
384 907 93 26 Kiseleff,
494 907 111 26 Mechelin,
622 907 110 26 Björksien
751 907 39 19 och
805 907 50 19 Wa-

246 942 70 19 senius
332 942 79 20 enhvar
429 943 8 18 1
454 944 50 17 röst.

109 976 148 26 Suppleanter:
277 976 78 19 Herrar
372 976 55 25 Frey
447 975 39 20 och
505 975 116 26 Nylander,
637 975 40 20 den
693 975 55 20 förre
767 975 47 20 med
832 975 24 20 13

245 1010 40 19 och
300 1010 40 20 den
357 1017 75 12 senare
448 1010 48 19 med
515 1010 21 19 11
555 1012 66 17 röster
630 1009 65 26 jemte
706 1009 35 20 det
752 1009 105 20 dessutom

246 1044 76 19 Herrar
338 1044 118 25 Lindblom,
466 1044 105 25 Jaatinen,
586 1044 128 25 Borgström,
726 1043 131 26 Tengström,

245 1078 113 19 Wasenius
374 1078 39 20 och
429 1078 88 19 Masalin
535 1077 80 20 erhöllo
632 1084 25 13 en
674 1077 51 19 hvar
743 1077 8 19 1
768 1078 49 18 röst.

238 1112 123 20 Ständets
376 1112 126 20 enskilda
517 1111 220 20 besvärsutskott.

110 1147 136 20 Ledamöter:
269 1147 77 19 Herrar
366 1146 105 20 Fabritius
494 1146 47 19 med
567 1146 31 24 13,
621 1145 121 26 Helsingius
761 1145 47 19 med
826 1145 32 25 12,

246 1181 120 26 Borgström
387 1180 46 20 med
455 1180 32 25 10,
502 1180 94 25 Procop6
612 1179 47 19 med
675 1179 12 19 8
703 1179 39 19 och
761 1179 96 26 Neppen-

247 1217 64 17 ström
327 1214 47 20 med
391 1215 11 18 7
418 1216 74 24 röster,
508 1213 40 20 den
565 1213 128 20 sistnämnde
705 1212 52 20 efter
767 1213 91 25 lottning

247 1249 48 19 med
314 1248 54 20 Herr
388 1248 132 25 Gummerus,
542 1254 43 13 som
605 1247 84 20 erhällit
709 1253 80 13 samma
807 1248 51 18 röst-

248 1282 68 24 antal;
335 1283 39 19 och
393 1282 83 20 tillföllo
497 1282 105 19 dessutom
621 1281 76 19 Herrar
712 1279 93 21 Höckert
820 1279 39 20 och

247 1316 114 20 Wendelin
382 1316 103 20 hvardera
505 1316 19 24 3,
542 1315 77 20 Herrar
638 1314 111 19 Wasenius
767 1313 39 20 och
822 1313 36 20 So-

247 1356 70 19 panen
332 1350 12 19 2
360 1352 54 17 samt
429 1350 77 19 Herrar
522 1349 111 24 Mechelin,
649 1347 118 26 Björksten,
780 1347 79 26 Nylan-

248 1384 44 25 der,
314 1383 106 26 Jaatinen,
443 1383 77 26 Sjöros,
543 1383 122 26 Schogster,
688 1381 111 26 Lundberg
821 1381 39 20 och

248 1418 88 19 Masalin
355 1419 8 18 1
382 1419 49 18 röst.

160 1454 61 18 Vällofi.
236 1453 138 20 horgareständets
384 1453 82 18 protokoll
478 1451 94 18 landtdayen
586 1453 48 13 1872.
805 1448 11 16 3
