1039 1692
187 146 38 30 206
448 150 39 17 Den
507 150 20 16 27
548 150 93 17 Februari.

166 207 90 26 ningens
275 214 104 20 program.
410 208 47 20 Men
478 208 38 20 hos
535 214 33 13 oss
588 208 131 20 förekomma
739 209 116 20 emellertid
873 216 43 13 om-

166 242 152 26 ständigheter,
338 248 43 13 som
402 242 48 20 icke
466 242 29 20 uti
511 242 40 20 den
569 242 96 20 Svenska
681 242 235 27 landstingsförfattnin-

167 282 41 20 gen
232 276 69 20 blifvit
325 276 97 25 afsedda;
444 276 124 26 isynnerhet
592 276 28 20 uti
642 276 25 20 de
688 277 98 26 nordliga
805 278 60 19 länen
887 278 29 18 in-

166 310 60 20 träffa
247 310 114 26 nemligen,
380 310 68 20 såsom
469 310 19 20 vi
511 312 54 24 veta,
584 310 43 20 ofta
647 311 131 25 missvexter,
794 312 73 19 hvilka
882 312 34 26 på-

166 343 57 20 kalla
238 350 122 20 gemensam
376 344 167 26 öfverläggning,
559 345 18 25 ej
589 345 90 19 allenast
690 345 56 19 inom
759 345 158 26 kommunerne,

169 380 49 18 utan
239 378 62 20 äfven
322 378 56 20 inom
398 378 48 20 hela
465 378 63 20 länet.
559 378 26 20 Vi
613 379 62 19 hafva
690 379 23 19 så
729 379 86 27 nyligen
831 379 45 20 haft
890 381 29 18 att

166 412 90 20 uthärda
275 418 25 14 en
320 412 73 26 sådan,
414 415 30 17 att
464 412 40 20 den
524 412 40 20 och
583 412 54 20 hvad
658 413 86 19 dermed
763 420 51 19 eger
832 420 84 19 gemen-

166 446 54 26 skap
236 449 56 17 ännu
307 449 23 17 är
345 447 7 19 i
367 447 61 19 friskt
442 447 78 21 minne,
551 447 110 19 Derunder
677 446 96 20 bildades
783 447 6 19 i
801 446 117 26 Uleåborgs

169 480 41 26 län,
226 483 57 17 utom
300 481 103 19 särskilda
419 481 260 26 undsättningskomitéer,
693 482 79 25 jemväl
789 488 25 13 en
830 482 88 18 central-

167 514 87 26 komité,
271 515 28 19 uti
316 515 66 19 länets
397 515 149 25 residensstad,
563 522 26 13 en
605 515 87 26 komité,
709 522 43 13 som
769 515 81 20 kanske
865 516 6 19 i
884 515 34 19 nå-

167 554 42 20 gon
228 549 47 19 mån
297 549 43 19 haft
358 549 40 19 den
415 548 88 27 uppgift,
519 555 44 13 som
580 549 71 20 kunde
667 549 83 20 tillfalla
766 549 107 21 blifvande
888 550 31 19 in-

168 583 120 19 stitutioner
307 583 23 19 af
347 583 40 20 den
408 585 38 21 art,
465 584 37 25 jag
530 583 115 27 föreslagit.
675 584 27 19 Vi
723 584 61 19 hafva
804 584 22 19 af
842 590 80 14 samma

168 617 122 27 anledning,
314 618 107 26 nemligen
442 617 23 20 af
483 617 34 20 det
538 617 65 20 behof
621 618 127 20 missvexter
768 618 125 25 framkallat,
913 619 6 19 i

168 650 118 28 Uleåborgs
303 652 34 19 län
352 652 44 19 haft
412 653 30 18 ett
457 651 72 20 försök
541 652 81 25 jemväl
638 652 31 19 till
685 658 26 13 en
728 652 192 26 kommunalrepre-

169 686 113 25 sentation,
299 686 64 19 ehuru
381 686 64 26 något
460 686 157 26 embryoniskt;
633 692 26 13 en
675 686 45 25 sak,
736 686 86 20 hvilken
834 686 86 20 allmän-

170 720 63 20 heten
249 720 47 26 och,
312 726 44 14 som
370 720 37 26 jag
423 720 126 25 förutsätter,
566 720 61 20 äfven
644 720 89 20 Ståndet
749 720 86 20 känner.
865 721 55 19 Den-

170 760 27 14 na
216 754 59 20 länet
289 754 189 26 representerande
494 754 292 26 kommunalrepresentation
803 755 71 20 visade
889 755 32 27 sig

170 788 82 26 ganska
267 788 70 27 nyttig
352 789 7 19 i
375 794 44 14 mer
434 791 26 17 än
477 790 30 18 ett
521 788 107 26 afseende,
645 788 40 20 och
701 788 71 20 ibland
788 789 26 19 de
825 789 95 26 betydel-

169 822 108 20 sefullaste
292 822 152 20 företeelserna
459 822 74 19 dervid
549 829 36 12 var
601 824 30 18 att
641 822 41 20 den
694 823 100 20 närmade
805 823 65 19 stads-
882 823 40 20 och

168 855 234 21 lands-kommunernes
431 856 126 27 delegerade
577 857 30 18 till
628 856 126 26 hvarandra,
779 857 23 26 ja
831 857 31 19 till
882 857 39 20 och

169 890 48 20 med
237 890 84 26 tycktes
341 890 85 20 försona
448 890 26 20 de
497 891 58 19 olika
577 890 102 27 språkens
694 893 176 23 representanter,
886 891 35 19 nå-

169 926 37 25 got
225 931 44 13 som
290 925 37 19 hos
346 931 34 13 oss
395 925 7 18 i
418 925 26 19 de
464 924 60 20 flesta
539 924 126 20 hithörande
681 924 44 26 fall,
741 925 19 19 d.
778 931 18 13 v.
812 931 15 12 s.
844 924 34 20 vid
895 925 26 19 de

170 959 60 19 flesta
251 958 104 26 tillfällen,
378 959 37 19 der
438 961 169 23 representanter
632 959 46 19 från
704 959 65 19 stads-
792 959 39 20 och
852 959 69 20 lands-

170 993 126 20 kommuner
316 993 163 25 sammanträffa,
495 993 68 20 skulle
579 993 63 20 hafva
657 1000 27 13 en
700 993 81 26 ganska
796 994 49 25 djup
863 993 58 26 bety-

171 1027 65 20 delse.
266 1028 42 19 Det
327 1031 23 16 är
368 1027 88 20 sålunda
475 1027 61 20 äfven
553 1028 6 19 i
575 1028 58 19 detta
654 1027 100 20 afseende
768 1028 37 26 jag
821 1030 42 17 tror
879 1028 43 26 mig

171 1061 72 20 kunna
259 1062 53 26 hysa
328 1062 141 26 förhoppning
479 1068 33 13 om
523 1062 257 26 länerepresentationens
794 1062 128 26 välgörande

172 1096 118 27 inflytande
307 1096 27 26 på
348 1096 50 19 våra
413 1096 147 20 institutioner.

240 1131 64 19 Detta
320 1137 35 13 var
371 1130 54 20 hvad
439 1131 36 25 jag
490 1131 6 18 i
513 1130 85 20 korthet
613 1130 96 20 önskade
724 1130 122 20 framställa.

240 1165 54 19 Herr
310 1165 136 26 Wallgren
465 1164 70 20 anhöll
554 1166 37 24 att,
609 1165 28 19 då
656 1164 59 20 olika
735 1165 110 26 meningar
865 1165 55 20 inom

170 1198 90 21 Ståndet
274 1199 74 26 yrkats
364 1199 79 25 derom,
460 1199 101 19 huruvida
576 1199 89 20 ärendet
681 1199 64 19 borde
762 1200 116 19 remitteras
890 1199 31 20 till

170 1233 116 20 Allmänna
304 1233 52 19 eller
375 1233 102 19 Enskilda
496 1233 199 25 Besvärsutskottet,
715 1235 54 18 samt
784 1233 40 20 den
840 1234 82 25 princip

171 1266 81 27 hvarpå
270 1267 58 19 detta
344 1266 98 25 berodde,
458 1266 47 20 icke
521 1269 72 24 syntes
609 1273 52 13 vara
676 1267 32 19 för
724 1267 88 20 Ståndet
827 1267 52 26 klar,
895 1268 27 25 på

170 1302 43 18 sätt
231 1300 129 27 föregående
380 1301 119 26 voteringar
519 1301 102 26 utvisade,
642 1301 22 20 få
684 1301 65 20 uttala
765 1302 31 19 sin
813 1301 109 20 bestämda

171 1335 153 26 öfvertygelse,
343 1337 30 17 att
392 1335 87 20 ärendet
495 1335 64 20 borde
574 1335 23 20 af
610 1335 130 20 Ständernes
755 1335 114 20 Allmänna
883 1336 39 20 Be-

172 1369 141 19 svärsutskott
329 1368 120 20 behandlas.

240 1402 71 20 Sedan
328 1402 145 21 diskussionen
489 1403 110 20 förklarats
615 1403 98 26 afslutad,
729 1403 128 21 framställde
869 1405 53 20 Herr

171 1437 163 20 Talmannen
351 1437 92 26 följande
