1053 1741
311 177 14 5 -
394 160 40 20 Den
447 161 10 17 8
470 160 93 18 Februari.
806 158 22 18 27

110 221 82 21 enskild
212 222 96 20 anmälan
329 227 50 13 vara
398 220 45 20 fullt
463 218 113 26 tillräcklig
595 218 39 20 och
658 217 119 21 ändamålet
799 220 51 17 mot-

111 256 101 20 svarande
228 258 53 18 samt
296 255 91 27 afgjordt
402 254 122 26 lämpligare
541 255 25 17 än
582 259 25 13 en
624 248 89 38 skriftlig
724 252 126 26 förklaring,

112 291 84 20 hvilken
212 292 7 18 i
235 298 25 13 en
276 290 59 27 fråga
350 290 23 19 af
386 289 22 19 så
423 288 116 27 grannlaga
554 287 150 25 beskaffenhet,
723 293 44 13 som
783 287 69 19 denna
870 280 3 3 |

113 326 70 19 kunde
199 332 49 13 vara
263 324 114 27 obehaglig
392 325 29 18 att
436 322 85 27 afgifva.
841 324 2 3 i

181 360 53 19 Herr
248 366 49 13 von
313 357 166 27 Zweygberg
495 356 99 20 förenade
613 355 32 27 sig
663 356 61 19 äfven
740 361 32 13 om
788 354 65 26 lämp-

115 394 93 26 ligheten
223 394 23 20 af
258 400 26 14 en
300 393 104 26 mundtlig
419 391 97 20 anmälan
531 390 87 20 framför
632 396 26 14 en
674 389 96 27 skriftlig.

182 428 39 26 Då,
240 428 27 26 pä
286 428 24 19 af
326 428 54 19 Herr
399 426 164 19 Talmannen
582 424 114 20 framställd
712 423 65 26 fråga,
791 423 63 26 ingen

98 475 3 5 >
115 461 24 20 af
151 461 97 21 Ständets
264 462 136 19 medlemmar
414 459 101 21 förenade
530 459 32 26 sig
578 459 7 19 i.
605 458 52 20 Herr
676 456 88 21 Kurtens
783 457 72 21 ofvan-

114 496 95 25 nämnde
228 496 84 26 förslag,
337 494 120 21 förklarade
480 493 53 20 Herr
557 493 160 19 Talmannen
741 491 116 20 detsamma

118 532 63 20 hafva
197 531 91 20 förfallit.
419 546 2 2 a
795 524 20 16 X

186 561 53 38 Herr
251 562 163 30 Tengström
438 562 92 27 begärde
549 561 51 20 härä
624 561 59 20 ordet
706 560 39 20 och
764 560 93 25 anförde,

119 601 31 25 att
165 600 33 20 vid
214 600 122 26 jemförelse
356 598 89 20 emellan
464 596 79 20 antalet
559 596 22 19 af
596 594 186 27 Borgareståndets
803 593 56 20 med-

118 636 88 19 lemmar
225 634 38 20 och
284 634 25 20 de
325 632 105 27 uppgifter
445 638 33 14 om
495 630 108 20 städernas
619 628 128 26 folkmängd,
763 634 44 14 som
823 627 37 20 fin-
868 622 5 4 N

119 677 38 13 nas
172 670 86 26 intagne
273 669 7 19 i
295 666 175 26 statskalendern,
485 664 131 21 förekomme
632 663 35 20 det
682 669 43 13 som
742 668 34 14 om
790 668 23 13 en
820 661 42 25 del

120 704 70 20 städer
209 704 43 19 valt
270 703 55 19 färre.
344 701 168 27 representanter
531 701 26 17 än
577 698 26 20 de
621 697 66 27 enligt
703 695 159 27 landtdagsord-

122 740 79 26 ningen
220 738 71 25 bordt;
311 743 47 13 men
378 735 27 20 d8
423 735 79 19 talaren
518 733 48 20 icke
582 732 53 20 varit
649 732 7 19 i
672 731 81 20 tillfälle
771 732 30 18 att
816 732 49 24 taga

123 774 34 20 del
176 773 24 20 af
216 770 206 27 mantalslängderna
436 769 7 19 i
463 768 62 20 dessa
540 767 76 25 städer,
632 766 49 19 ville
696 766 42 18 han
753 765 32 19 för
800 764 64 26 ingen

123 809 34 20 del
172 808 66 26 pästä,
253 808 29 18 att
297 806 23 19 sä
336 805 61 25 skett,
413 806 49 17 utan
477 802 74 20 endast
568 801 55 19 fästa
641 800 97 20 Ständets
753 798 112 26 uppmärk-

124 843 82 20 samhet
224 842 27 26 på
270 841 40 19 den
330 841 57 18 stora
406 838 39 20 och
460 838 31 18 för
507 836 26 20 de
549 836 76 24 städer,
641 834 37 20 der
695 832 136 26 folkräkning
846 832 20 25 ej

125 879 36 24 ägt
175 883 52 19 rum,
242 873 137 26 oförklarliga
394 871 110 21 skilnaden
519 870 90 20 emellan
625 868 133 26 uppgifterna
773 867 7 18 i
795 866 72 19 kalen-

126 912 52 19 dern
197 910 39 20 och
256 909 36 20 det
310 906 152 25 innevånartal,
481 911 45 13 som
542 904 27 19 de
585 903 62 19 valda
661 902 209 26 representanternas

125 947 57 20 antal
197 944 98 27 antydde.
797 938 2 2 J

195 980 53 20 Herr
267 977 137 21 Molander
423 973 120 22 förklarade
561 973 7 19 i
588 971 114 26 anledning
716 969 63 20 häraf
795 970 29 17 att
839 967 32 20 in-

128 1013 172 23 nevänarantalet
315 1012 7 19 i
337 1010 136 27 Björneborg,
489 1008 66 26 enligt
571 1004 186 27 mantalslängden,
778 1009 45 14 som
840 1004 32 17 ut-

129 1053 38 24 gör
192 1048 95 28 grunden
306 1047 32 20 för
362 1045 107 20 städernas
492 1041 226 27 representationsrätt,
742 1037 81 27 uppgär
841 1036 32 19 till

130 1084 98 25 omkring
248 1082 61 26 5,700
328 1086 107 23 personer,
454 1078 8 21 i
481 1077 52 26 följd
550 1075 75 20 hvaraf
638 1074 80 25 staden,
734 1079 34 13 om
787 1071 41 20 ock
842 1071 31 19 in-

130 1117 145 23 nevänartalet
290 1116 66 25 enligt
371 1112 176 29 kyrkoböckerna
561 1112 63 24 utgör
640 1115 44 13 mer
699 1110 26 17 än
742 1107 69 26 6,000,
827 1105 47 20 icke

131 1160 50 14 vore
197 1150 117 27 berättigad
334 1151 30 18 att
383 1148 31 22 till
429 1146 129 27 landtdagen
573 1144 66 22 sända
654 1143 51 22 flere
720 1144 27 19 än
763 1147 26 15 en
804 1146 70 21 repre-

133 1189 89 20 sentant.
524 1188 1 9 i

201 1221 53 20 Herr
264 1217 138 30 Nylander
416 1215 91 26 föreslog
522 1215 30 20 att
567 1213 40 22 den
623 1213 7 18 i
646 1210 156 22 ofvannämnde
812 1209 64 22 måtto

134 1256 75 28 gjorda
227 1254 97 20 anmälan
344 1251 63 22 mätte
425 1250 118 20 remitteras
563 1247 31 22 till
614 1246 96 21 Ståndets
730 1244 97 22 enskilda
841 1243 35 21 be-

135 1289 144 25 svärsutskott,
295 1287 27 27 på
337 1287 36 20 det
387 1285 72 26 frågan
471 1283 65 20 måtte
546 1282 64 21 vinna
620 1280 124 26 erforderlig
760 1279 118 26 utredning,

136 1327 46 19 Den
197 1330 49 14 vore
262 1322 114 25 nemligen,
392 1320 67 19 såsom
475 1317 116 21 berörande
607 1317 29 18 ett
651 1315 32 20 för
698 1314 87 20 Ståndet
801 1313 23 20 så
835 1313 44 26 vig-

136 1361 40 26 tigt
190 1359 89 20 intresse
294 1363 45 13 som
355 1355 35 20 det
404 1356 66 17 större
489 1352 52 20 eller
556 1350 81 21 mindre
652 1349 79 21 antalet
746 1347 23 23 af.
786 1347 47 20 dess
848 1353 33 14 re-

137 1393 151 28 presentanter,
304 1390 22 20 af
340 1390 39 19 den
396 1386 146 30 beskaffenhet
556 1387 30 18 att
601 1385 40 19 den
657 1383 47 20 icke
720 1382 66 21 borde
806 1381 20 20 få
841 1381 41 20 för-

138 1429 55 20 falla.

206 1461 52 20 Herr
277 1456 140 29 Öhrnberg
436 1456 70 21 anhöll
527 1461 33 14 om
582 1452 154 30 bordläggning
754 1451 22 22 af
789 1450 95 27 ärendet,
