1039 1692
415 132 41 18 Den
468 132 11 17 9
492 133 60 22 April.
802 132 34 17 549

108 191 47 25 den,
174 191 21 19 så
216 191 41 19 kan
278 190 53 20 dock
351 190 103 27 knappast
477 190 40 20 den
541 190 107 21 såkallade
665 190 122 27 tullkappen
804 191 50 19 min-

109 225 54 25 skas,
180 225 83 20 derföre
279 226 29 18 att
323 224 83 20 skatten
422 228 22 16 är
460 225 22 19 så
496 226 67 25 ringa,
579 225 95 20 fördelad
690 225 27 26 på
731 225 73 25 hvarje
814 225 40 19 för-

109 259 67 20 malad
200 260 64 19 tunna
287 259 100 26 spanmäl.
418 259 40 26 Jag
479 266 62 14 anser
560 260 82 19 derföre
658 261 29 18 att
706 259 148 27 qvarnskatten

107 300 66 20 gerna
189 294 41 19 kan
247 293 115 21 bibehållas
378 294 40 20 och
433 294 82 20 förenar
531 294 43 26 mig
590 294 6 19 i
612 294 51 26 följd
680 294 79 19 häraf
752 289 12 35 i
776 294 78 19 utskot-

108 330 40 18 tets
157 328 139 20 betänkande.
306 339 26 4 —
342 328 47 20 Med
398 328 114 26 anledning
520 328 23 20 af
548 328 53 20 Herr
612 328 90 20 Kurténs
713 328 104 26 yttrande,
826 331 30 17 att

109 369 24 13 en
150 362 107 27 ångqvarn
277 362 106 26 svårligen
397 362 40 20 kan
451 362 65 26 draga
524 362 55 20 skatt
587 364 53 18 efter
651 369 80 13 samma
739 362 117 27 beräkning

109 403 44 13 som
162 399 168 24 vattenqvarnar,
340 396 36 20 ber
388 398 38 26 jag
441 397 20 19 få
477 400 76 17 nämna
568 399 35 23 att,
620 397 43 27 mig
673 396 123 28 veterligen,
808 397 47 20 icke

109 431 5 19 i
132 431 46 19 hela
193 431 72 20 landet
281 431 67 20 finnes
364 438 25 13 en
406 431 54 20 enda
473 432 112 26 änggvarn,
602 438 45 14 som
663 435 22 16 är
701 432 31 19 väl
749 421 56 37 bygd
816 432 39 20 och

108 466 34 19 väl
157 465 75 20 inredd
256 466 31 19 till
302 466 36 19 sitt
357 466 120 20 maskineri.
507 466 41 20 Det
563 466 67 20 finnes
646 466 23 20 så
684 466 77 26 många
776 466 80 26 vigtiga

107 499 100 26 faktorer,
224 507 44 13 som
284 500 37 20 der
330 500 84 20 komma
428 501 7 19 i
451 501 65 26 fråga,
525 500 35 20 det
568 504 23 16 är
599 503 13 17 t.
623 507 32 13 ex.
668 500 23 20 af
699 501 44 26 vigt
753 502 30 18 att
794 500 62 20 hafva

109 535 215 26 bränslebesparande
340 535 128 27 ångpannor,
485 536 39 19 och
541 536 106 19 maskiner
665 535 22 19 så
703 536 29 19 att
750 535 27 19 all
793 535 61 26 ånga,

109 576 43 13 som
169 576 83 19 pannan
268 569 145 27 frambringar,
432 572 38 23 gör
489 570 30 19 sin
539 569 102 27 behöriga
656 570 85 19 verkan.
773 569 82 21 Sådana

108 603 106 20 maskiner
238 604 74 23 finnas,
335 603 105 27 nemligeu
464 604 230 26 högtrycksmaskiner,
710 610 47 14 men
778 604 25 20 de
819 607 36 17 äro

108 638 48 20 icke
171 641 55 17 ännu
242 638 120 26 tillämpade
379 638 34 19 vid
429 638 69 26 någon
514 639 108 26 änggvarn
638 638 6 19 i
660 638 76 20 landet.
770 638 39 19 Min
822 638 31 19 fir-

109 680 33 12 ma
158 673 36 19 har
210 672 43 20 haft
270 679 25 13 en
315 673 114 26 änggvarn,
450 679 47 13 men
514 672 67 20 blifvit
597 676 92 24 tvungen
706 674 29 18 att
751 672 105 27 nedlägga

108 708 47 25 den,
179 707 81 20 derföre
284 709 28 18 att
335 707 174 20 konstruktionen
535 714 35 12 var
593 707 87 20 alldeles
699 706 94 27 felaktig.
823 706 31 20 En

108 742 114 27 änggvarn,
246 748 44 13 som
314 745 22 16 är
357 742 32 19 väl
405 742 98 25 inrättad,
520 742 36 20 bör
572 742 71 19 kunna
659 742 50 19 bära
724 742 89 25 skatten,
829 741 26 19 dä

109 777 40 19 den
171 776 41 20 kan
236 776 72 20 arbeta
331 776 47 20 hela
401 776 44 20 året
468 783 39 17 om,
533 777 73 19 medan
623 776 95 20 deremot
733 782 26 13 en
775 778 80 17 vatten-

109 818 65 20 qvarn
198 811 42 20 ofta
255 812 6 18 i
278 811 50 25 följd
352 811 22 19 af
395 810 124 20 vattenbrist
539 810 40 20 kan
600 810 73 20 arbeta
688 810 72 20 endast
780 816 26 13 en
822 809 34 20 del

109 846 23 19 af
145 845 45 20 året
204 845 40 20 och
260 845 131 26 följaktligen
408 851 36 19 ger
460 845 86 26 mycket
561 845 81 20 mindre
657 845 99 19 inkomst.
786 844 30 20 På
824 844 30 19 så-

111 880 53 20 dana
180 880 45 19 skäl
249 879 115 26 tillstyrker
377 880 37 25 jag
430 880 5 19 i
452 879 40 19 allo
511 879 128 26 antagandet
658 879 23 20 af
694 879 110 20 utskottets
821 878 34 20 be-

111 914 113 20 tänkande.

178 949 69 20 Sedan
264 949 53 19 Herr
333 948 95 19 Kurtén
445 948 100 19 förklarat
563 949 38 25 sig,
618 949 31 18 för
664 950 29 17 alt
707 947 95 20 förenkla
817 947 39 20 frä-

110 990 50 19 gans
184 983 121 26 afgörande,
328 983 51 26 vilja
402 982 80 20 biträda
505 983 40 19 den
561 982 23 20 af
598 983 75 20 Herrar
690 982 110 26 Lundberg
817 982 39 19 och

110 1018 95 19 Boström
229 1017 92 20 uttalade
344 1017 60 26 äsigt.
428 1017 139 19 framställdes
590 1017 23 19 af
626 1017 53 19 Herr
695 1016 161 20 Talmannen

111 1053 91 26 följande

179 1087 176 26 Proposition:
377 1086 42 19 Vill
442 1086 87 19 Ståndet
550 1090 77 22 antaga
651 1085 111 20 utskottets
786 1084 70 20 betän-

111 1121 70 20 kande
197 1123 49 17 utan
263 1121 68 26 någon
348 1120 135 27 förändring?
499 1121 51 19 eller
566 1121 121 26 föredrager
698 1119 86 20 Ståndet
796 1119 60 19 fram-

111 1157 31 19 för
167 1155 143 20 betänkandet
332 1155 99 26 antingen
456 1155 76 19 Herrar
551 1155 130 26 Lundbergs,
697 1154 105 20 Boströms
818 1153 39 20 och

112 1191 88 19 Kurténs
223 1189 97 26 yrkande
341 1189 25 26 på
381 1189 119 19 återremiss
519 1189 23 19 af
555 1189 87 19 ärendet
658 1188 51 20 eller
724 1188 53 19 Herr
793 1187 64 26 Freys

111 1224 120 27 föreslagna
246 1224 148 19 amendement
410 1223 30 20 till
457 1223 158 20 betänkandet?
648 1223 29 19 De
692 1229 44 13 som
758 1222 50 26 vilja
822 1221 35 20 det

110 1260 56 19 förra
189 1265 61 13 svara
270 1258 118 25 jakande
412 1257 39 20 och
473 1258 25 19 de
522 1263 44 14 som
591 1257 66 20 önska
673 1256 33 20 det
726 1263 73 13 senare
815 1263 42 13 ne-

112 1293 87 20 kande.

180 1327 159 26 Propositionen
363 1326 125 20 besvarades
512 1329 47 17 utan
585 1326 96 26 votering
700 1325 46 20 med
763 1325 94 20 öfvervä-

111 1362 68 26 gande
199 1362 35 25 ja;
258 1361 5 18 i
287 1361 50 25 följd
361 1360 74 20 hvaraf
449 1361 110 19 utskottets
576 1359 133 21 betänkande
728 1359 129 20 förklarades

112 1402 49 14 vara
183 1395 22 20 af
226 1395 87 20 Ståndet
333 1398 95 24 antaget;
447 1395 38 20 och
502 1394 67 21 skulle
585 1394 58 20 såväl
659 1393 136 21 Medstånden
814 1399 42 14 som

111 1429 156 21 Statsutskottet
284 1429 70 20 härom
372 1429 129 20 underrättas
517 1435 75 20 genom
612 1428 197 27 protokollsutdrag.
