1039 1692
187 116 35 18 464
475 116 41 18 Den
528 116 11 17 3
551 116 60 22 April.

164 176 41 19 kan
221 174 82 21 således
319 175 18 26 ej
354 174 22 20 åt
391 181 69 13 annan
477 180 75 20 person
568 173 103 21 öfverlåta
686 174 46 20 sina
747 173 125 27 rättigheter
885 176 30 18 att

165 210 49 19 idka
230 209 129 20 filialhandel
377 208 27 27 på
419 208 77 20 landet.
527 208 112 20 Likaledes
655 208 66 20 måste
735 209 37 26 jag
783 211 52 23 göra
843 215 25 13 en
880 214 35 13 an-

166 244 112 26 märkning
294 245 58 18 emot
367 244 26 19 de
410 243 23 19 af
445 244 53 18 Herr
513 243 125 27 Tengström
658 242 126 27 begagnade
804 242 111 27 uttrycken

166 278 127 26 ”underslef,
317 277 175 20 undansnillande
508 278 23 19 af
544 277 62 27 afgift
620 277 31 19 till
668 277 95 20 kronan”
778 284 26 12 m.
821 284 26 12 m.
877 276 40 27 Jag

166 313 30 19 för
212 312 42 20 min
271 312 33 20 del
320 318 69 19 anser,
411 314 29 18 att
460 312 34 20 det
514 315 22 17 är
551 312 111 26 olämpligt
677 313 30 18 att
725 311 95 27 begagna
839 311 79 20 sädana

164 346 84 27 uttryck
272 348 43 18 moi
338 352 108 20 personer,
469 352 44 14 som
537 346 47 20 med
603 346 48 26 laga
671 348 41 17 rätt
727 346 51 20 idka
793 352 26 13 en
836 345 82 27 näring.

164 382 39 19 Det
219 382 38 19 har
272 382 19 26 ej
308 381 88 19 kommit
412 381 6 19 i
435 381 65 26 fräga,
515 383 30 17 att
561 380 25 20 de
602 380 67 20 skulle
686 380 70 20 betala
772 380 69 26 nägon
857 380 61 27 afgift

163 416 21 20 3t
200 416 80 20 kronan
296 415 68 27 enligt
379 422 27 12 nu
422 415 98 26 gällande
536 415 159 26 författningar;
710 414 82 21 säledes
812 414 42 20 kan
869 421 47 13 man

164 451 19 26 ej
199 454 57 23 säga,
272 452 31 18 att
318 450 26 20 de
360 450 143 19 undansnillat
518 450 65 26 nägot
598 450 31 19 för
646 449 87 20 kronan.
763 449 40 26 Jag
819 449 36 20 vill
869 449 47 20 med

164 484 115 26 anledning
295 484 23 20 af
330 484 54 20 Herr
400 480 122 30 Öhrnbergs
537 484 154 26 framställning
707 484 109 25 anmärka,
838 486 29 18 att
882 490 33 14 om

163 518 88 20 Ständet
274 518 125 26 godkänner
422 518 40 20 den
486 519 110 25 principen
619 520 30 18 att
669 518 7 20 i
695 518 219 20 öfverensstämmelse

163 554 48 19 med
226 552 36 20 tvä
277 553 66 20 andra
365 552 76 20 Ständs
464 552 64 20 redan
552 553 79 19 fattade
650 552 69 20 beslut
733 553 62 19 äfven
815 553 51 19 fatta
881 552 36 20 sitt

164 590 49 24 eget
228 587 68 21 beslut
311 588 7 19 i
334 587 74 26 saken,
424 587 35 20 det
475 587 34 19 vid
526 587 149 20 meddelandet
691 593 34 14 om
741 587 57 20 detta
817 587 68 20 beslut
896 587 18 25 ej

165 622 74 20 blifver
261 622 90 20 uttaladt
373 621 56 20 hvad
452 628 45 13 som
520 622 54 19 varit
596 622 119 19 motiverna
733 622 29 19 till
783 623 30 18 att
828 621 87 21 Ständet

164 658 84 18 stannat
263 656 35 20 vid
314 656 123 20 detsamma.
467 656 54 20 Herr
537 652 111 30 Öhrnberg
664 656 37 19 har
718 656 123 26 visserligen
854 656 60 19 fram-

162 691 57 20 ställt
234 690 67 21 andra
316 691 90 19 motiver
421 690 32 20 för
469 690 35 20 sitt
519 690 80 20 delvisa
615 690 129 20 omfattande
760 691 24 19 af
800 690 115 21 betänkan-

163 725 35 20 det
212 726 8 18 i
235 724 81 27 frägan,
341 732 47 13 men
412 731 33 13 om
461 724 88 20 Ständet
567 724 114 27 godkände
697 725 40 19 den
754 725 23 19 af
791 725 76 20 honom
884 727 30 17 ut-

162 759 69 20 talade
256 759 106 20 allmänna
386 759 115 26 prineipen,
525 759 22 20 sä
568 759 69 20 blefve
657 760 18 26 ej
695 760 89 19 uttaladi
798 759 55 20 hvad
870 766 44 13 som

165 794 53 19 varit
233 794 119 20 motiverna
367 794 31 19 till
415 795 30 18 att
460 793 87 21 Ständet
562 794 82 26 antagit
659 794 36 20 det
714 794 74 26 beslut,
804 793 60 20 hvari
880 794 36 20 det

163 830 90 17 stannat.

230 863 54 19 Herr
300 862 167 27 Tengström:
491 862 69 21 Orden
581 863 66 19 efter
664 863 111 26 pröfning”
791 863 37 19 har
842 863 36 26 jag
894 863 19 26 ej

162 897 109 23 försvarat,
288 896 68 20 såsom
371 897 57 19 Herr
443 893 112 30 Öhrnberg
571 897 61 26 tycks
648 897 63 20 hafva
726 897 61 20 fattat
803 896 41 20 det.
874 896 40 27 Jag

161 932 37 19 har
213 931 96 20 hvarken
325 931 60 26 gillat
400 931 52 20 eller
467 931 74 27 ogillat
556 931 55 27 dem,
629 933 50 18 utan
698 931 22 20 af
734 931 96 27 glömska
850 931 62 20 förbi-

161 965 44 27 gått
220 966 41 19 den
278 965 191 27 omständigheten.
499 965 54 20 Hela
568 966 65 20 första
648 968 117 17 momentet
779 972 37 13 var
831 966 18 25 ej
862 965 53 20 före-

161 999 41 20 mål
218 1000 31 19 för
266 1001 46 19 mitt
327 1000 143 26 andragande,
487 1002 48 18 utan
552 1000 53 21 blott
620 1001 35 19 det
671 1000 71 20 andra.
772 1000 59 20 Hvad
848 1000 65 20 orden

161 1034 65 20 ”efter
242 1034 112 27 pröfning”
378 1033 72 28 angår,
474 1034 23 20 så
515 1037 22 17 är
557 1035 36 20 det
607 1035 88 20 alldeles
711 1034 108 27 likgiltigt,
838 1041 33 13 om
888 1035 26 19 de

161 1069 85 26 qvarstå
262 1069 52 20 eller
330 1069 55 26 utgå.
416 1069 107 20 Utskottet
538 1069 38 20 har
594 1070 69 19 ansett
683 1069 47 20 dem
751 1069 163 26 betydelselösa;

162 1104 22 19 sä
199 1109 61 14 anser
274 1104 37 25 jag
327 1103 47 20 dem
391 1103 71 20 också.
492 1103 69 20 Sedan
584 1104 37 19 har
637 1103 54 20 Herr
706 1103 94 26 Procop6
819 1103 19 26 ej
855 1103 59 26 tyckt

161 1144 32 13 om
210 1137 56 20 hvad
279 1138 38 26 jag
332 1137 88 20 anförde
436 1144 33 13 om
485 1144 107 20 personer,
609 1144 44 13 som
669 1137 67 20 under
759 1137 72 20 lånadt
850 1143 63 14 namn

160 1174 79 23 öppnat
255 1178 55 20 egen
326 1172 77 19 handel
420 1172 27 26 på
463 1172 77 27 landet,
555 1174 30 18 att
598 1173 37 26 jag
651 1172 84 20 kallade
751 1172 36 20 det
798 1172 31 20 till
837 1171 75 21 under-

160 1206 46 26 slef,
222 1206 27 20 då
264 1206 27 20 de
307 1206 80 27 utgifva
410 1206 32 27 sig
465 1206 32 20 för
520 1207 124 20 bokhållare
664 1207 37 20 hos
721 1213 27 13 en
764 1213 68 13 annan
849 1207 64 19 hand-

160 1241 69 25 lande,
246 1240 39 20 och
302 1240 88 20 sålunda
406 1241 18 25 ej
441 1241 70 20 betala
526 1241 41 20 den
583 1241 61 26 afgift
659 1241 32 20 för
709 1241 32 20 sin
761 1240 85 27 rörelse,
869 1247 43 13 som

161 1275 26 19 de
202 1275 68 26 enligt
285 1275 35 26 lag
335 1281 51 14 vore
402 1275 99 26 skyldiga
519 1277 30 18 att
570 1276 94 26 erlägga.
694 1275 77 20 Derom
795 1278 61 23 säger
877 1275 37 26 jag

159 1309 58 20 alltid
234 1311 30 17 att
280 1309 35 20 det
330 1311 22 17 är
368 1311 30 18 ett
414 1309 112 27 underslef,
549 1310 40 19 och
605 1310 38 26 jag
658 1316 105 20 upprepar
779 1309 35 20 det
832 1309 24 20 så
870 1309 44 20 ofta

160 1349 44 14 som
220 1343 36 20 det
272 1343 80 20 behöfs.
382 1343 41 27 Jag
438 1344 37 19 har
492 1345 19 25 ej
528 1346 51 24 sagt,
595 1345 31 19 att
641 1344 36 20 det
692 1347 23 16 är
734 1343 48 21 med
801 1343 112 30 ruinerade

159 1377 51 20 eller
225 1377 135 26 afsigkomna
375 1378 126 26 handlande,
517 1385 44 13 som
578 1378 62 21 dessa
655 1378 50 20 aftal
720 1378 66 27 ingås,
804 1380 47 17 utan
864 1377 47 20 med

158 1411 84 27 sådana,
259 1419 45 13 som
320 1412 57 20 hålla
392 1412 27 27 på
434 1415 30 18 att
479 1413 116 20 deklinera.
630 1413 89 19 Derföre
741 1418 61 14 anser
822 1413 38 26 jag
883 1414 30 18 att
