1039 1692
178 108 44 32 440
468 113 41 18 Den
522 113 21 17 25
556 113 53 17 Mars.

162 171 112 27 angående
300 171 39 20 den
365 172 56 20 inom
445 170 176 28 Borgareståndet
642 171 77 20 väckta
741 171 117 27 petitionen
878 178 33 13 om

162 206 150 26 upphäfvande
328 206 22 19 af
364 206 26 20 de
405 205 138 27 stadganden,
560 212 43 13 som
620 205 61 20 ställa
695 205 92 21 Judarne
804 208 56 18 utom
872 206 40 20 den

163 240 32 20 för
211 240 83 20 landets
309 240 129 20 innevånare
454 240 99 26 gällande
568 240 40 26 lag.

278 274 65 20 Ordet
357 274 104 27 begärdes
476 274 51 20 härä
542 274 23 20 af

232 309 54 20 Herr
302 309 165 27 Tengström,
483 316 44 13 som
542 308 95 26 yttrade:
653 307 40 27 Jag
708 308 37 20 ber
761 308 74 21 endast
850 311 30 18 att
894 309 20 21 få

164 343 84 20 anmäla
271 344 129 20 reservation
424 345 56 18 emot
502 343 97 20 Ståndets
615 344 7 18 i
638 343 41 26 dag
702 344 100 26 vidtagna
825 343 89 21 beslut
903 339 14 35 i

163 377 75 27 frågan
262 384 34 14 om
319 378 122 26 förändring
464 378 22 20 af
507 378 26 20 de
556 377 211 27 knektekontrakter,
786 384 45 14 som
848 378 68 20 blifvit

165 412 49 19 med
228 412 113 25 Kuusamo,
356 412 120 20 Kemiträsk
497 412 39 20 och
554 412 121 26 Kuolajärvi
695 412 89 20 socknar
803 412 114 28 ingångna,

165 446 74 20 såvida
254 447 92 19 nämnde
361 447 75 25 beslut,
459 447 67 27 enligt
548 447 42 19 min
611 446 140 27 uppfattning,
767 450 22 16 är
804 447 7 19 i
827 450 31 17 tre
874 454 41 13 om-

165 481 146 27 ständigheter
326 481 114 20 afvikande
463 481 46 20 från
532 480 97 21 Ständets
649 481 35 19 vid
705 482 98 20 ärendets
822 482 92 20 behand-

164 514 46 27 ling
225 515 42 20 den
282 516 25 19 21
325 516 79 20 dennes
423 515 79 21 fattade
523 515 75 27 beslut,
621 515 105 27 nemligen
749 516 51 20 först
822 516 29 20 uti
874 516 42 26 det,

166 551 30 17 att
211 549 88 21 Ständet
314 550 7 19 i
338 550 39 27 dag
400 552 69 18 ansett
491 544 216 32 protokollsutdraget
729 550 57 20 öfver
810 550 35 20 det
864 551 52 20 före-

166 583 83 26 gående
272 584 90 20 beslutet
384 585 51 20 böra
458 584 113 26 innehålla,
594 586 30 18 att
646 584 88 20 Ständet
755 586 62 25 yttrat
838 585 31 26 sig
885 585 31 20 för

167 617 150 21 nedsättandet
331 619 23 19 af
367 626 26 13 en
409 618 138 21 kommission
563 619 6 19 i
585 619 36 19 det
636 618 61 27 syfte,
714 625 44 13 som
778 619 53 19 Herr
849 620 66 19 Mont-

167 658 90 21 gomery
272 652 115 28 föreslagit,
403 653 31 20 för
450 654 35 19 det
501 653 66 20 andra
582 653 75 25 deruti,
673 654 30 18 att
718 653 87 20 Ständet
820 654 6 19 i
838 654 79 20 samma

168 686 194 28 protokollsutdrag
378 688 75 20 uttalat
468 688 31 26 sig
515 694 34 14 om
565 689 62 18 sättet
638 688 31 19 för
680 687 175 21 kommissionens
864 695 52 13 sam-

168 722 149 26 mansättning,
341 722 81 20 hvilket
444 722 59 26 ingär
526 722 29 20 uti
577 722 54 20 Herr
653 722 158 26 Montgomerys
834 722 84 28 förslag,

167 757 54 17 samt
236 756 33 20 för
284 756 36 20 det
334 757 67 26 tredje
417 757 74 26 deruti,
507 758 30 18 att
552 756 87 20 Ständet
655 756 6 19 i
677 756 41 26 dag
729 756 46 20 lätit
787 756 29 20 uti
828 757 90 20 nämnde

167 789 108 25 protokoll
290 790 56 26 ingå,
365 793 30 18 att
405 791 88 20 Ständet
507 792 66 26 yttrat
588 791 31 26 sig
633 791 78 25 jemväl
727 797 34 13 om
777 790 26 20 de
813 791 105 20 interims-

168 824 154 27 förhållanden,
338 832 44 13 som
392 825 66 20 skulle
471 826 92 20 existera
573 825 54 20 intill
639 825 47 19 dess
698 825 134 26 regleringen
849 825 68 20 blefve

168 858 89 21 slutförd
280 866 76 19 genom
380 867 28 19 ny
431 860 130 26 proposition
580 859 30 20 till
627 859 116 20 Ständerne
759 859 34 20 vid
812 860 106 20 nästkom-

170 893 76 20 mande
262 894 108 27 landtdag,
386 895 6 19 i
408 894 72 20 hvilka
495 895 41 19 alla
552 894 113 20 afseenden
682 893 68 20 beslut
769 894 18 25 ej
807 894 69 20 blifvit
898 895 23 20 af

170 927 88 20 Ståndet
274 928 34 20 vid
324 929 98 20 ärendets
438 929 160 26 handläggning
613 929 40 19 och
668 928 116 26 afgörande
800 928 84 21 fattade.

238 963 54 19 Herr
316 963 106 20 Masalin
450 963 99 20 förenade
569 963 32 26 sig
617 963 47 20 med
680 963 53 19 Herr
749 963 124 26 Tengström
890 964 29 20 uti

170 996 52 20 hans
245 997 137 27 reservation,
406 997 68 20 såvidt
493 998 39 20 den
548 998 61 19 rörde
625 997 175 20 kommissionens
816 1004 103 15 samman-

170 1031 101 26 sättning.

238 1065 55 20 Herr
308 1065 112 21 Jansson
436 1067 103 20 instämde
555 1067 6 19 i
578 1073 80 13 samma
670 1067 128 20 reservation
816 1067 5 20 i
838 1067 82 20 afseen-

171 1099 25 19 de
213 1099 12 20 å
240 1099 75 27 frågan
331 1106 33 14 om
380 1101 254 20 interimsförhållandena
649 1101 12 19 å
677 1103 66 18 orten.

239 1133 55 20 Herr
315 1134 188 27 Neppenström
526 1135 99 20 förenade
649 1135 32 26 sig
703 1135 6 20 i
733 1135 40 20 allo
797 1136 46 19 med
867 1136 52 20 Herr

171 1167 134 27 Tengström.

241 1201 97 22 Härefter
353 1203 109 27 föredrogs
478 1204 155 27 Lagutskottets
649 1203 31 21 till
696 1204 57 20 detta
763 1204 84 26 plenum
860 1204 60 20 bord-

171 1236 64 27 lagda
258 1237 134 21 betänkande
408 1238 6 19 i
430 1238 115 27 anledning
568 1239 23 19 af
608 1239 57 19 Hans
681 1238 117 27 Kejserliga
813 1238 107 26 Majestäts

171 1271 83 26 Nådiga
277 1273 137 24 proposition,
438 1279 32 13 om
494 1273 63 20 sådan
579 1273 89 26 ändring
686 1273 23 19 af
726 1273 21 19 16
764 1275 10 22 $
791 1273 25 18 10
832 1273 48 26 kap.
897 1273 22 20 R.

171 1305 30 26 B.,
217 1307 31 18 att
263 1306 115 26 egotvister
395 1307 90 20 emellan
503 1307 166 20 kronohemman
693 1307 111 20 framdeles
826 1307 60 20 skola
901 1307 23 21 af

172 1340 108 20 allmänna
296 1340 113 21 domstolar
425 1343 101 25 upptagas
541 1342 39 19 och
597 1342 89 27 afgöras.

287 1374 9 19 I
312 1375 114 26 anledning
441 1376 61 19 häraf
514 1376 83 26 yttrade
613 1377 41 26 sig:

240 1409 54 20 Herr
311 1409 138 20 Mechelin:
472 1410 9 19 I
497 1411 132 26 konseqvens
649 1410 46 20 med
715 1414 28 16 ett
764 1410 106 21 uttalande
887 1411 33 20 vid
