<?xml version="1.0" encoding="UTF-8"?>
<alto xmlns="http://www.loc.gov/standards/alto/ns-v3#" xmlns:xlink="http://www.w3.org/1999/xlink" xmlns:xsi="http://www.w3.org/2001/XMLSchema-instance" xsi:schemaLocation="http://www.loc.gov/standards/alto/ns-v3# http://www.loc.gov/alto/v3/alto-3-0.xsd">
	<Description>
		<MeasurementUnit>pixel</MeasurementUnit>
		<sourceImageInformation>
			<fileName>/tmp/tess_c6gpixyv_input.PNG</fileName>
		</sourceImageInformation>
		<OCRProcessing ID="OCR_0">
			<ocrProcessingStep>
				<processingSoftware>
					<softwareName>tesseract 5.3.4</softwareName>
				</processingSoftware>
			</ocrProcessingStep>
		</OCRProcessing>
	</Description>
	<Layout>
		<Page WIDTH="1039" HEIGHT="1692" PHYSICAL_IMG_NR="0" ID="page_0">
			<PrintSpace HPOS="0" VPOS="0" WIDTH="1039" HEIGHT="1692">
				<ComposedBlock ID="cblock_0" HPOS="408" VPOS="134" WIDTH="428" HEIGHT="20">
					<TextBlock ID="block_0" HPOS="408" VPOS="134" WIDTH="428" HEIGHT="20">
						<TextLine ID="line_0" HPOS="408" VPOS="134" WIDTH="428" HEIGHT="20">
							<String ID="string_0" HPOS="408" VPOS="134" WIDTH="41" HEIGHT="18" WC="0.96" CONTENT="Den"/><SP WIDTH="15" VPOS="134" HPOS="449"/>
							<String ID="string_1" HPOS="464" VPOS="135" WIDTH="22" HEIGHT="17" WC="0.95" CONTENT="16"/><SP WIDTH="13" VPOS="135" HPOS="486"/>
							<String ID="string_2" HPOS="499" VPOS="135" WIDTH="53" HEIGHT="17" WC="0.95" CONTENT="Mars."/><SP WIDTH="251" VPOS="135" HPOS="552"/>
							<String ID="string_3" HPOS="803" VPOS="136" WIDTH="33" HEIGHT="18" WC="0.96" CONTENT="351"/>
						</TextLine>
					</TextBlock>
				</ComposedBlock>
				<ComposedBlock ID="cblock_1" HPOS="108" VPOS="192" WIDTH="754" HEIGHT="1231">
					<TextBlock ID="block_1" HPOS="108" VPOS="192" WIDTH="754" HEIGHT="1231">
						<TextLine ID="line_1" HPOS="109" VPOS="192" WIDTH="748" HEIGHT="29">
							<String ID="string_4" HPOS="109" VPOS="195" WIDTH="49" HEIGHT="19" WC="0.96" CONTENT="kom"/><SP WIDTH="16" VPOS="195" HPOS="158"/>
							<String ID="string_5" HPOS="174" VPOS="194" WIDTH="31" HEIGHT="20" WC="0.93" CONTENT="till"/><SP WIDTH="22" VPOS="194" HPOS="205"/>
							<String ID="string_6" HPOS="227" VPOS="193" WIDTH="164" HEIGHT="21" WC="0.92" CONTENT="Bankutskottet"/><SP WIDTH="20" VPOS="193" HPOS="391"/>
							<String ID="string_7" HPOS="411" VPOS="192" WIDTH="54" HEIGHT="21" WC="0.93" CONTENT="ifrån"/><SP WIDTH="16" VPOS="192" HPOS="465"/>
							<String ID="string_8" HPOS="481" VPOS="192" WIDTH="201" HEIGHT="28" WC="0.88" CONTENT="Bankfullmäktige,"/><SP WIDTH="17" VPOS="192" HPOS="682"/>
							<String ID="string_9" HPOS="699" VPOS="200" WIDTH="36" HEIGHT="14" WC="0.96" CONTENT="var"/><SP WIDTH="16" VPOS="200" HPOS="735"/>
							<String ID="string_10" HPOS="751" VPOS="194" WIDTH="35" HEIGHT="20" WC="0.93" CONTENT="det"/><SP WIDTH="14" VPOS="194" HPOS="786"/>
							<String ID="string_11" HPOS="800" VPOS="195" WIDTH="57" HEIGHT="26" WC="0.92" CONTENT="sjelf-"/>
						</TextLine>
						<TextLine ID="line_2" HPOS="108" VPOS="227" WIDTH="749" HEIGHT="28">
							<String ID="string_12" HPOS="108" VPOS="229" WIDTH="59" HEIGHT="20" WC="0.96" CONTENT="fallet"/><SP WIDTH="21" VPOS="229" HPOS="167"/>
							<String ID="string_13" HPOS="188" VPOS="230" WIDTH="30" HEIGHT="18" WC="0.96" CONTENT="att"/><SP WIDTH="22" VPOS="230" HPOS="218"/>
							<String ID="string_14" HPOS="240" VPOS="228" WIDTH="101" HEIGHT="20" WC="0.96" CONTENT="utskottet"/><SP WIDTH="22" VPOS="228" HPOS="341"/>
							<String ID="string_15" HPOS="363" VPOS="228" WIDTH="67" HEIGHT="19" WC="0.96" CONTENT="skulle"/><SP WIDTH="23" VPOS="228" HPOS="430"/>
							<String ID="string_16" HPOS="453" VPOS="228" WIDTH="87" HEIGHT="26" WC="0.96" CONTENT="draga"/><SP WIDTH="-9" VPOS="228" HPOS="540"/>
							<String ID="string_17" HPOS="531" VPOS="223" WIDTH="14" HEIGHT="36" WC="0.96" CONTENT="i"/><SP WIDTH="13" VPOS="223" HPOS="545"/>
							<String ID="string_18" HPOS="558" VPOS="227" WIDTH="135" HEIGHT="21" WC="0.96" CONTENT="betänkande"/><SP WIDTH="21" VPOS="227" HPOS="693"/>
							<String ID="string_19" HPOS="714" VPOS="230" WIDTH="30" HEIGHT="18" WC="0.93" CONTENT="att"/><SP WIDTH="21" VPOS="230" HPOS="744"/>
							<String ID="string_20" HPOS="765" VPOS="231" WIDTH="92" HEIGHT="24" WC="0.91" CONTENT="upptaga"/>
						</TextLine>
						<TextLine ID="line_3" HPOS="109" VPOS="262" WIDTH="746" HEIGHT="28">
							<String ID="string_21" HPOS="109" VPOS="264" WIDTH="71" HEIGHT="26" WC="0.96" CONTENT="saken,"/><SP WIDTH="16" VPOS="264" HPOS="180"/>
							<String ID="string_22" HPOS="196" VPOS="262" WIDTH="90" HEIGHT="20" WC="0.96" CONTENT="sålunda"/><SP WIDTH="14" VPOS="262" HPOS="286"/>
							<String ID="string_23" HPOS="300" VPOS="264" WIDTH="30" HEIGHT="18" WC="0.96" CONTENT="att"/><SP WIDTH="15" VPOS="264" HPOS="330"/>
							<String ID="string_24" HPOS="345" VPOS="262" WIDTH="35" HEIGHT="20" WC="0.96" CONTENT="det"/><SP WIDTH="16" VPOS="262" HPOS="380"/>
							<String ID="string_25" HPOS="396" VPOS="262" WIDTH="71" HEIGHT="20" WC="0.96" CONTENT="derom"/><SP WIDTH="16" VPOS="262" HPOS="467"/>
							<String ID="string_26" HPOS="483" VPOS="264" WIDTH="76" HEIGHT="24" WC="0.96" CONTENT="genast"/><SP WIDTH="16" VPOS="264" HPOS="559"/>
							<String ID="string_27" HPOS="575" VPOS="262" WIDTH="53" HEIGHT="20" WC="0.90" CONTENT="hade"/><SP WIDTH="16" VPOS="262" HPOS="628"/>
							<String ID="string_28" HPOS="644" VPOS="262" WIDTH="83" HEIGHT="26" WC="0.90" CONTENT="afgifvit"/><SP WIDTH="16" VPOS="262" HPOS="727"/>
							<String ID="string_29" HPOS="743" VPOS="263" WIDTH="112" HEIGHT="20" WC="0.92" CONTENT="utlåtande."/>
						</TextLine>
						<TextLine ID="line_4" HPOS="109" VPOS="296" WIDTH="748" HEIGHT="28">
							<String ID="string_30" HPOS="109" VPOS="298" WIDTH="41" HEIGHT="20" WC="0.96" CONTENT="Det"/><SP WIDTH="22" VPOS="298" HPOS="150"/>
							<String ID="string_31" HPOS="172" VPOS="296" WIDTH="66" HEIGHT="20" WC="0.96" CONTENT="måste"/><SP WIDTH="24" VPOS="296" HPOS="238"/>
							<String ID="string_32" HPOS="262" VPOS="296" WIDTH="132" HEIGHT="27" WC="0.96" CONTENT="naturligtvis"/><SP WIDTH="23" VPOS="296" HPOS="394"/>
							<String ID="string_33" HPOS="417" VPOS="296" WIDTH="96" HEIGHT="20" WC="0.96" CONTENT="förefalla"/><SP WIDTH="23" VPOS="296" HPOS="513"/>
							<String ID="string_34" HPOS="536" VPOS="296" WIDTH="63" HEIGHT="20" WC="0.93" CONTENT="minst"/><SP WIDTH="25" VPOS="296" HPOS="599"/>
							<String ID="string_35" HPOS="624" VPOS="297" WIDTH="61" HEIGHT="26" WC="0.90" CONTENT="sagdt"/><SP WIDTH="23" VPOS="297" HPOS="685"/>
							<String ID="string_36" HPOS="708" VPOS="297" WIDTH="149" HEIGHT="27" WC="0.90" CONTENT="tvifvelaktigt,"/>
						</TextLine>
						<TextLine ID="line_5" HPOS="108" VPOS="330" WIDTH="751" HEIGHT="28">
							<String ID="string_37" HPOS="108" VPOS="331" WIDTH="101" HEIGHT="20" WC="0.93" CONTENT="huruvida"/><SP WIDTH="21" VPOS="331" HPOS="209"/>
							<String ID="string_38" HPOS="230" VPOS="330" WIDTH="164" HEIGHT="21" WC="0.92" CONTENT="Bankutskottet"/><SP WIDTH="21" VPOS="330" HPOS="394"/>
							<String ID="string_39" HPOS="415" VPOS="330" WIDTH="70" HEIGHT="21" WC="0.96" CONTENT="kunde"/><SP WIDTH="24" VPOS="330" HPOS="485"/>
							<String ID="string_40" HPOS="509" VPOS="331" WIDTH="64" HEIGHT="19" WC="0.95" CONTENT="hafva"/><SP WIDTH="14" VPOS="331" HPOS="573"/>
							<String ID="string_41" HPOS="587" VPOS="331" WIDTH="65" HEIGHT="27" WC="0.96" CONTENT="något"/><SP WIDTH="17" VPOS="331" HPOS="652"/>
							<String ID="string_42" HPOS="669" VPOS="331" WIDTH="143" HEIGHT="27" WC="0.96" CONTENT="berättigande"/><SP WIDTH="16" VPOS="331" HPOS="812"/>
							<String ID="string_43" HPOS="828" VPOS="334" WIDTH="31" HEIGHT="17" WC="0.96" CONTENT="att"/>
						</TextLine>
						<TextLine ID="line_6" HPOS="108" VPOS="365" WIDTH="749" HEIGHT="27">
							<String ID="string_44" HPOS="108" VPOS="365" WIDTH="50" HEIGHT="27" WC="0.96" CONTENT="ingå"/><SP WIDTH="15" VPOS="365" HPOS="158"/>
							<String ID="string_45" HPOS="173" VPOS="366" WIDTH="30" HEIGHT="18" WC="0.96" CONTENT="uti"/><SP WIDTH="15" VPOS="366" HPOS="203"/>
							<String ID="string_46" HPOS="218" VPOS="365" WIDTH="70" HEIGHT="20" WC="0.92" CONTENT="direkt"/><SP WIDTH="15" VPOS="365" HPOS="288"/>
							<String ID="string_47" HPOS="303" VPOS="366" WIDTH="97" HEIGHT="25" WC="0.92" CONTENT="pröfning"/><SP WIDTH="16" VPOS="366" HPOS="400"/>
							<String ID="string_48" HPOS="416" VPOS="365" WIDTH="23" HEIGHT="20" WC="0.96" CONTENT="af"/><SP WIDTH="13" VPOS="365" HPOS="439"/>
							<String ID="string_49" HPOS="452" VPOS="366" WIDTH="59" HEIGHT="20" WC="0.96" CONTENT="detta"/><SP WIDTH="14" VPOS="366" HPOS="511"/>
							<String ID="string_50" HPOS="525" VPOS="366" WIDTH="90" HEIGHT="25" WC="0.96" CONTENT="ärende;"/><SP WIDTH="16" VPOS="366" HPOS="615"/>
							<String ID="string_51" HPOS="631" VPOS="365" WIDTH="39" HEIGHT="21" WC="0.96" CONTENT="och"/><SP WIDTH="16" VPOS="365" HPOS="670"/>
							<String ID="string_52" HPOS="686" VPOS="365" WIDTH="58" HEIGHT="21" WC="0.96" CONTENT="detta"/><SP WIDTH="15" VPOS="365" HPOS="744"/>
							<String ID="string_53" HPOS="759" VPOS="368" WIDTH="23" HEIGHT="17" WC="0.92" CONTENT="är"/><SP WIDTH="19" VPOS="368" HPOS="782"/>
							<String ID="string_54" HPOS="801" VPOS="372" WIDTH="56" HEIGHT="14" WC="0.92" CONTENT="orsa-"/>
						</TextLine>
						<TextLine ID="line_7" HPOS="109" VPOS="399" WIDTH="748" HEIGHT="27">
							<String ID="string_55" HPOS="109" VPOS="400" WIDTH="42" HEIGHT="20" WC="0.93" CONTENT="ken"/><SP WIDTH="23" VPOS="400" HPOS="151"/>
							<String ID="string_56" HPOS="174" VPOS="400" WIDTH="97" HEIGHT="20" WC="0.90" CONTENT="hvarföre"/><SP WIDTH="22" VPOS="400" HPOS="271"/>
							<String ID="string_57" HPOS="293" VPOS="400" WIDTH="107" HEIGHT="25" WC="0.96" CONTENT="utskottet,"/><SP WIDTH="23" VPOS="400" HPOS="400"/>
							<String ID="string_58" HPOS="423" VPOS="402" WIDTH="48" HEIGHT="17" WC="0.96" CONTENT="utan"/><SP WIDTH="25" VPOS="402" HPOS="471"/>
							<String ID="string_59" HPOS="496" VPOS="399" WIDTH="65" HEIGHT="27" WC="0.90" CONTENT="något"/><SP WIDTH="22" VPOS="399" HPOS="561"/>
							<String ID="string_60" HPOS="583" VPOS="401" WIDTH="48" HEIGHT="25" WC="0.96" CONTENT="eget"/><SP WIDTH="14" VPOS="401" HPOS="631"/>
							<String ID="string_61" HPOS="645" VPOS="400" WIDTH="105" HEIGHT="26" WC="0.95" CONTENT="yttrande,"/><SP WIDTH="23" VPOS="400" HPOS="750"/>
							<String ID="string_62" HPOS="773" VPOS="400" WIDTH="37" HEIGHT="20" WC="0.93" CONTENT="har"/><SP WIDTH="16" VPOS="400" HPOS="810"/>
							<String ID="string_63" HPOS="826" VPOS="400" WIDTH="31" HEIGHT="20" WC="0.92" CONTENT="in-"/>
						</TextLine>
						<TextLine ID="line_8" HPOS="110" VPOS="434" WIDTH="746" HEIGHT="27">
							<String ID="string_64" HPOS="110" VPOS="434" WIDTH="60" HEIGHT="20" WC="0.92" CONTENT="sändt"/><SP WIDTH="15" VPOS="434" HPOS="170"/>
							<String ID="string_65" HPOS="185" VPOS="434" WIDTH="161" HEIGHT="27" WC="0.95" CONTENT="ifrågavarande"/><SP WIDTH="16" VPOS="434" HPOS="346"/>
							<String ID="string_66" HPOS="362" VPOS="434" WIDTH="119" HEIGHT="26" WC="0.96" CONTENT="ansökning"/><SP WIDTH="12" VPOS="434" HPOS="481"/>
							<String ID="string_67" HPOS="493" VPOS="434" WIDTH="67" HEIGHT="26" WC="0.93" CONTENT="jemte"/><SP WIDTH="16" VPOS="434" HPOS="560"/>
							<String ID="string_68" HPOS="576" VPOS="434" WIDTH="203" HEIGHT="27" WC="0.92" CONTENT="Bankfullmäktiges"/><SP WIDTH="20" VPOS="434" HPOS="779"/>
							<String ID="string_69" HPOS="799" VPOS="434" WIDTH="57" HEIGHT="20" WC="0.93" CONTENT="vehi-"/>
						</TextLine>
						<TextLine ID="line_9" HPOS="111" VPOS="468" WIDTH="746" HEIGHT="27">
							<String ID="string_70" HPOS="111" VPOS="469" WIDTH="41" HEIGHT="19" WC="0.93" CONTENT="kel."/><SP WIDTH="30" VPOS="469" HPOS="152"/>
							<String ID="string_71" HPOS="182" VPOS="468" WIDTH="41" HEIGHT="20" WC="0.93" CONTENT="Det"/><SP WIDTH="15" VPOS="468" HPOS="223"/>
							<String ID="string_72" HPOS="238" VPOS="471" WIDTH="23" HEIGHT="17" WC="0.97" CONTENT="är"/><SP WIDTH="15" VPOS="471" HPOS="261"/>
							<String ID="string_73" HPOS="276" VPOS="468" WIDTH="88" HEIGHT="20" WC="0.96" CONTENT="sålunda"/><SP WIDTH="15" VPOS="468" HPOS="364"/>
							<String ID="string_74" HPOS="379" VPOS="470" WIDTH="48" HEIGHT="18" WC="0.93" CONTENT="utan"/><SP WIDTH="17" VPOS="470" HPOS="427"/>
							<String ID="string_75" HPOS="444" VPOS="468" WIDTH="72" HEIGHT="20" WC="0.92" CONTENT="tvifvel"/><SP WIDTH="17" VPOS="468" HPOS="516"/>
							<String ID="string_76" HPOS="533" VPOS="471" WIDTH="30" HEIGHT="17" WC="0.96" CONTENT="ett"/><SP WIDTH="15" VPOS="471" HPOS="563"/>
							<String ID="string_77" HPOS="578" VPOS="468" WIDTH="7" HEIGHT="20" WC="0.96" CONTENT="i"/><SP WIDTH="16" VPOS="468" HPOS="585"/>
							<String ID="string_78" HPOS="601" VPOS="468" WIDTH="85" HEIGHT="27" WC="0.96" CONTENT="ovanlig"/><SP WIDTH="21" VPOS="468" HPOS="686"/>
							<String ID="string_79" HPOS="707" VPOS="468" WIDTH="52" HEIGHT="20" WC="0.93" CONTENT="form"/><SP WIDTH="16" VPOS="468" HPOS="759"/>
							<String ID="string_80" HPOS="775" VPOS="468" WIDTH="82" HEIGHT="21" WC="0.91" CONTENT="inkom-"/>
						</TextLine>
						<TextLine ID="line_10" HPOS="112" VPOS="502" WIDTH="744" HEIGHT="27">
							<String ID="string_81" HPOS="112" VPOS="505" WIDTH="42" HEIGHT="17" WC="0.93" CONTENT="met"/><SP WIDTH="14" VPOS="505" HPOS="154"/>
							<String ID="string_82" HPOS="168" VPOS="503" WIDTH="90" HEIGHT="25" WC="0.74" CONTENT="är&amp;nde;"/><SP WIDTH="17" VPOS="503" HPOS="258"/>
							<String ID="string_83" HPOS="275" VPOS="509" WIDTH="47" HEIGHT="13" WC="0.96" CONTENT="men"/><SP WIDTH="17" VPOS="509" HPOS="322"/>
							<String ID="string_84" HPOS="339" VPOS="503" WIDTH="35" HEIGHT="19" WC="0.96" CONTENT="det"/><SP WIDTH="15" VPOS="503" HPOS="374"/>
							<String ID="string_85" HPOS="389" VPOS="503" WIDTH="67" HEIGHT="20" WC="0.96" CONTENT="finnes"/><SP WIDTH="16" VPOS="503" HPOS="456"/>
							<String ID="string_86" HPOS="472" VPOS="502" WIDTH="55" HEIGHT="21" WC="0.97" CONTENT="dock"/><SP WIDTH="16" VPOS="502" HPOS="527"/>
							<String ID="string_87" HPOS="543" VPOS="509" WIDTH="26" HEIGHT="13" WC="0.96" CONTENT="en"/><SP WIDTH="17" VPOS="509" HPOS="569"/>
							<String ID="string_88" HPOS="586" VPOS="503" WIDTH="162" HEIGHT="26" WC="0.96" CONTENT="omständighet,"/><SP WIDTH="20" VPOS="503" HPOS="748"/>
							<String ID="string_89" HPOS="768" VPOS="510" WIDTH="44" HEIGHT="13" WC="0.93" CONTENT="som"/><SP WIDTH="12" VPOS="510" HPOS="812"/>
							<String ID="string_90" HPOS="824" VPOS="510" WIDTH="32" HEIGHT="19" WC="0.93" CONTENT="sy-"/>
						</TextLine>
						<TextLine ID="line_11" HPOS="112" VPOS="537" WIDTH="745" HEIGHT="27">
							<String ID="string_91" HPOS="112" VPOS="544" WIDTH="36" HEIGHT="12" WC="0.96" CONTENT="nes"/><SP WIDTH="15" VPOS="544" HPOS="148"/>
							<String ID="string_92" HPOS="163" VPOS="537" WIDTH="43" HEIGHT="27" WC="0.96" CONTENT="mig"/><SP WIDTH="16" VPOS="537" HPOS="206"/>
							<String ID="string_93" HPOS="222" VPOS="537" WIDTH="42" HEIGHT="20" WC="0.96" CONTENT="tala"/><SP WIDTH="14" VPOS="537" HPOS="264"/>
							<String ID="string_94" HPOS="278" VPOS="537" WIDTH="39" HEIGHT="26" WC="0.96" CONTENT="för,"/><SP WIDTH="15" VPOS="537" HPOS="317"/>
							<String ID="string_95" HPOS="332" VPOS="539" WIDTH="30" HEIGHT="18" WC="0.93" CONTENT="att"/><SP WIDTH="20" VPOS="539" HPOS="362"/>
							<String ID="string_96" HPOS="382" VPOS="537" WIDTH="87" HEIGHT="20" WC="0.92" CONTENT="Ståndet"/><SP WIDTH="19" VPOS="537" HPOS="469"/>
							<String ID="string_97" HPOS="488" VPOS="537" WIDTH="49" HEIGHT="20" WC="0.96" CONTENT="icke"/><SP WIDTH="22" VPOS="537" HPOS="537"/>
							<String ID="string_98" HPOS="559" VPOS="539" WIDTH="50" HEIGHT="18" WC="0.96" CONTENT="utan"/><SP WIDTH="23" VPOS="539" HPOS="609"/>
							<String ID="string_99" HPOS="632" VPOS="537" WIDTH="72" HEIGHT="20" WC="0.95" CONTENT="vidare"/><SP WIDTH="23" VPOS="537" HPOS="704"/>
							<String ID="string_100" HPOS="727" VPOS="537" WIDTH="67" HEIGHT="21" WC="0.92" CONTENT="skulle"/><SP WIDTH="22" VPOS="537" HPOS="794"/>
							<String ID="string_101" HPOS="816" VPOS="538" WIDTH="41" HEIGHT="19" WC="0.92" CONTENT="för-"/>
						</TextLine>
						<TextLine ID="line_12" HPOS="111" VPOS="571" WIDTH="746" HEIGHT="28">
							<String ID="string_102" HPOS="111" VPOS="571" WIDTH="59" HEIGHT="19" WC="0.96" CONTENT="klara"/><SP WIDTH="15" VPOS="571" HPOS="170"/>
							<String ID="string_103" HPOS="185" VPOS="572" WIDTH="32" HEIGHT="26" WC="0.93" CONTENT="sig"/><SP WIDTH="16" VPOS="572" HPOS="217"/>
							<String ID="string_104" HPOS="233" VPOS="572" WIDTH="94" HEIGHT="20" WC="0.93" CONTENT="hvarken"/><SP WIDTH="16" VPOS="572" HPOS="327"/>
							<String ID="string_105" HPOS="343" VPOS="571" WIDTH="51" HEIGHT="27" WC="0.96" CONTENT="vilja"/><SP WIDTH="14" VPOS="571" HPOS="394"/>
							<String ID="string_106" HPOS="408" VPOS="571" WIDTH="51" HEIGHT="21" WC="0.96" CONTENT="eller"/><SP WIDTH="16" VPOS="571" HPOS="459"/>
							<String ID="string_107" HPOS="475" VPOS="571" WIDTH="52" HEIGHT="20" WC="0.93" CONTENT="böra"/><SP WIDTH="16" VPOS="571" HPOS="527"/>
							<String ID="string_108" HPOS="543" VPOS="574" WIDTH="93" HEIGHT="24" WC="0.92" CONTENT="upptaga"/><SP WIDTH="14" VPOS="574" HPOS="636"/>
							<String ID="string_109" HPOS="650" VPOS="571" WIDTH="73" HEIGHT="27" WC="0.96" CONTENT="frågan"/><SP WIDTH="24" VPOS="571" HPOS="723"/>
							<String ID="string_110" HPOS="747" VPOS="572" WIDTH="31" HEIGHT="20" WC="0.92" CONTENT="till"/><SP WIDTH="12" VPOS="572" HPOS="778"/>
							<String ID="string_111" HPOS="790" VPOS="572" WIDTH="67" HEIGHT="27" WC="0.80" CONTENT="&quot;afgö-"/>
						</TextLine>
						<TextLine ID="line_13" HPOS="111" VPOS="606" WIDTH="747" HEIGHT="26">
							<String ID="string_112" HPOS="111" VPOS="606" WIDTH="71" HEIGHT="20" WC="0.93" CONTENT="rande."/><SP WIDTH="30" VPOS="606" HPOS="182"/>
							<String ID="string_113" HPOS="212" VPOS="606" WIDTH="42" HEIGHT="20" WC="0.96" CONTENT="Det"/><SP WIDTH="22" VPOS="606" HPOS="254"/>
							<String ID="string_114" HPOS="276" VPOS="608" WIDTH="22" HEIGHT="18" WC="0.92" CONTENT="är"/><SP WIDTH="23" VPOS="608" HPOS="298"/>
							<String ID="string_115" HPOS="321" VPOS="606" WIDTH="104" HEIGHT="26" WC="0.92" CONTENT="nemligen"/><SP WIDTH="24" VPOS="606" HPOS="425"/>
							<String ID="string_116" HPOS="449" VPOS="606" WIDTH="40" HEIGHT="20" WC="0.96" CONTENT="den"/><SP WIDTH="24" VPOS="606" HPOS="489"/>
							<String ID="string_117" HPOS="513" VPOS="606" WIDTH="191" HEIGHT="26" WC="0.95" CONTENT="omständigheten,"/><SP WIDTH="23" VPOS="606" HPOS="704"/>
							<String ID="string_118" HPOS="727" VPOS="608" WIDTH="30" HEIGHT="18" WC="0.96" CONTENT="att"/><SP WIDTH="20" VPOS="608" HPOS="757"/>
							<String ID="string_119" HPOS="777" VPOS="607" WIDTH="35" HEIGHT="20" WC="0.96" CONTENT="det"/><SP WIDTH="14" VPOS="607" HPOS="812"/>
							<String ID="string_120" HPOS="826" VPOS="607" WIDTH="32" HEIGHT="19" WC="0.96" CONTENT="till"/>
						</TextLine>
						<TextLine ID="line_14" HPOS="111" VPOS="640" WIDTH="748" HEIGHT="28">
							<String ID="string_121" HPOS="111" VPOS="640" WIDTH="251" HEIGHT="27" WC="0.91" CONTENT="Hypotheksföreningen"/><SP WIDTH="23" VPOS="640" HPOS="362"/>
							<String ID="string_122" HPOS="385" VPOS="640" WIDTH="81" HEIGHT="27" WC="0.96" CONTENT="utgifna"/><SP WIDTH="22" VPOS="640" HPOS="466"/>
							<String ID="string_123" HPOS="488" VPOS="640" WIDTH="41" HEIGHT="26" WC="0.93" CONTENT="lån,"/><SP WIDTH="24" VPOS="640" HPOS="529"/>
							<String ID="string_124" HPOS="553" VPOS="640" WIDTH="85" HEIGHT="21" WC="0.92" CONTENT="hvarom"/><SP WIDTH="17" VPOS="640" HPOS="638"/>
							<String ID="string_125" HPOS="655" VPOS="640" WIDTH="70" HEIGHT="20" WC="0.96" CONTENT="denna"/><SP WIDTH="15" VPOS="640" HPOS="725"/>
							<String ID="string_126" HPOS="740" VPOS="642" WIDTH="119" HEIGHT="26" WC="0.96" CONTENT="ansökning"/>
						</TextLine>
						<TextLine ID="line_15" HPOS="113" VPOS="674" WIDTH="748" HEIGHT="27">
							<String ID="string_127" HPOS="113" VPOS="675" WIDTH="92" HEIGHT="26" WC="0.95" CONTENT="handlar,"/><SP WIDTH="24" VPOS="675" HPOS="205"/>
							<String ID="string_128" HPOS="229" VPOS="675" WIDTH="67" HEIGHT="20" WC="0.96" CONTENT="finnes"/><SP WIDTH="18" VPOS="675" HPOS="296"/>
							<String ID="string_129" HPOS="314" VPOS="674" WIDTH="99" HEIGHT="23" WC="0.96" CONTENT="särskildt"/><SP WIDTH="15" VPOS="674" HPOS="413"/>
							<String ID="string_130" HPOS="428" VPOS="677" WIDTH="101" HEIGHT="24" WC="0.96" CONTENT="upptaget"/><SP WIDTH="16" VPOS="677" HPOS="529"/>
							<String ID="string_131" HPOS="545" VPOS="675" WIDTH="39" HEIGHT="20" WC="0.92" CONTENT="och"/><SP WIDTH="17" VPOS="675" HPOS="584"/>
							<String ID="string_132" HPOS="601" VPOS="676" WIDTH="122" HEIGHT="19" WC="0.91" CONTENT="omnämndt"/><SP WIDTH="18" VPOS="676" HPOS="723"/>
							<String ID="string_133" HPOS="741" VPOS="676" WIDTH="28" HEIGHT="20" WC="0.96" CONTENT="uti"/><SP WIDTH="16" VPOS="676" HPOS="769"/>
							<String ID="string_134" HPOS="785" VPOS="676" WIDTH="12" HEIGHT="20" WC="0.92" CONTENT="2"/><SP WIDTH="16" VPOS="676" HPOS="797"/>
							<String ID="string_135" HPOS="813" VPOS="678" WIDTH="9" HEIGHT="22" WC="0.92" CONTENT="$"/><SP WIDTH="16" VPOS="678" HPOS="822"/>
							<String ID="string_136" HPOS="838" VPOS="676" WIDTH="23" HEIGHT="20" WC="0.96" CONTENT="af"/>
						</TextLine>
						<TextLine ID="line_16" HPOS="112" VPOS="709" WIDTH="746" HEIGHT="27">
							<String ID="string_137" HPOS="112" VPOS="709" WIDTH="40" HEIGHT="20" WC="0.61" CONTENT="den"/><SP WIDTH="15" VPOS="709" HPOS="152"/>
							<String ID="string_138" HPOS="167" VPOS="709" WIDTH="33" HEIGHT="19" WC="0.96" CONTENT="för"/><SP WIDTH="24" VPOS="709" HPOS="200"/>
							<String ID="string_139" HPOS="224" VPOS="709" WIDTH="108" HEIGHT="26" WC="0.42" CONTENT="Styrelsen"/><SP WIDTH="22" VPOS="709" HPOS="332"/>
							<String ID="string_140" HPOS="354" VPOS="710" WIDTH="40" HEIGHT="19" WC="0.96" CONTENT="och"/><SP WIDTH="22" VPOS="710" HPOS="394"/>
							<String ID="string_141" HPOS="416" VPOS="709" WIDTH="157" HEIGHT="27" WC="0.96" CONTENT="förvaltningen"/><SP WIDTH="19" VPOS="709" HPOS="573"/>
							<String ID="string_142" HPOS="592" VPOS="709" WIDTH="24" HEIGHT="20" WC="0.96" CONTENT="af"/><SP WIDTH="11" VPOS="709" HPOS="616"/>
							<String ID="string_143" HPOS="627" VPOS="709" WIDTH="100" HEIGHT="21" WC="0.96" CONTENT="Finlands"/><SP WIDTH="16" VPOS="709" HPOS="727"/>
							<String ID="string_144" HPOS="743" VPOS="709" WIDTH="57" HEIGHT="21" WC="0.93" CONTENT="bank"/><SP WIDTH="14" VPOS="709" HPOS="800"/>
							<String ID="string_145" HPOS="814" VPOS="710" WIDTH="44" HEIGHT="26" WC="0.92" CONTENT="gäl-"/>
						</TextLine>
						<TextLine ID="line_17" HPOS="111" VPOS="743" WIDTH="748" HEIGHT="27">
							<String ID="string_146" HPOS="111" VPOS="743" WIDTH="62" HEIGHT="20" WC="0.96" CONTENT="lande"/><SP WIDTH="23" VPOS="743" HPOS="173"/>
							<String ID="string_147" HPOS="196" VPOS="744" WIDTH="124" HEIGHT="26" WC="0.95" CONTENT="förordning"/><SP WIDTH="21" VPOS="744" HPOS="320"/>
							<String ID="string_148" HPOS="341" VPOS="744" WIDTH="23" HEIGHT="20" WC="0.96" CONTENT="af"/><SP WIDTH="20" VPOS="744" HPOS="364"/>
							<String ID="string_149" HPOS="384" VPOS="744" WIDTH="41" HEIGHT="20" WC="0.96" CONTENT="den"/><SP WIDTH="20" VPOS="744" HPOS="425"/>
							<String ID="string_150" HPOS="445" VPOS="743" WIDTH="11" HEIGHT="20" WC="0.96" CONTENT="9"/><SP WIDTH="16" VPOS="743" HPOS="456"/>
							<String ID="string_151" HPOS="472" VPOS="744" WIDTH="120" HEIGHT="20" WC="0.95" CONTENT="December"/><SP WIDTH="17" VPOS="744" HPOS="592"/>
							<String ID="string_152" HPOS="609" VPOS="744" WIDTH="60" HEIGHT="19" WC="0.88" CONTENT="1867."/><SP WIDTH="31" VPOS="744" HPOS="669"/>
							<String ID="string_153" HPOS="700" VPOS="744" WIDTH="37" HEIGHT="20" WC="0.93" CONTENT="Att"/><SP WIDTH="14" VPOS="744" HPOS="737"/>
							<String ID="string_154" HPOS="751" VPOS="744" WIDTH="108" HEIGHT="20" WC="0.91" CONTENT="Bankfull-"/>
						</TextLine>
						<TextLine ID="line_18" HPOS="111" VPOS="778" WIDTH="747" HEIGHT="27">
							<String ID="string_155" HPOS="111" VPOS="778" WIDTH="101" HEIGHT="26" WC="0.95" CONTENT="mäktige,"/><SP WIDTH="16" VPOS="778" HPOS="212"/>
							<String ID="string_156" HPOS="228" VPOS="784" WIDTH="42" HEIGHT="14" WC="0.96" CONTENT="som"/><SP WIDTH="17" VPOS="784" HPOS="270"/>
							<String ID="string_157" HPOS="287" VPOS="778" WIDTH="67" HEIGHT="26" WC="0.96" CONTENT="enligt"/><SP WIDTH="14" VPOS="778" HPOS="354"/>
							<String ID="string_158" HPOS="368" VPOS="784" WIDTH="26" HEIGHT="14" WC="0.96" CONTENT="en"/><SP WIDTH="16" VPOS="784" HPOS="394"/>
							<String ID="string_159" HPOS="410" VPOS="784" WIDTH="69" HEIGHT="14" WC="0.92" CONTENT="annan"/><SP WIDTH="16" VPOS="784" HPOS="479"/>
							<String ID="string_160" HPOS="495" VPOS="780" WIDTH="10" HEIGHT="22" WC="0.92" CONTENT="$"/><SP WIDTH="16" VPOS="780" HPOS="505"/>
							<String ID="string_161" HPOS="521" VPOS="778" WIDTH="7" HEIGHT="19" WC="0.96" CONTENT="i"/><SP WIDTH="16" VPOS="778" HPOS="528"/>
							<String ID="string_162" HPOS="544" VPOS="784" WIDTH="81" HEIGHT="14" WC="0.93" CONTENT="samma"/><SP WIDTH="14" VPOS="784" HPOS="625"/>
							<String ID="string_163" HPOS="639" VPOS="778" WIDTH="124" HEIGHT="27" WC="0.96" CONTENT="författning"/><SP WIDTH="15" VPOS="778" HPOS="763"/>
							<String ID="string_164" HPOS="778" VPOS="781" WIDTH="35" HEIGHT="17" WC="0.89" CONTENT="äro"/><SP WIDTH="9" VPOS="781" HPOS="813"/>
							<String ID="string_165" HPOS="822" VPOS="779" WIDTH="36" HEIGHT="20" WC="0.53" CONTENT="be-"/>
						</TextLine>
						<TextLine ID="line_19" HPOS="111" VPOS="812" WIDTH="747" HEIGHT="27">
							<String ID="string_166" HPOS="111" VPOS="812" WIDTH="104" HEIGHT="26" WC="0.91" CONTENT="rättigade"/><SP WIDTH="16" VPOS="812" HPOS="215"/>
							<String ID="string_167" HPOS="231" VPOS="814" WIDTH="30" HEIGHT="18" WC="0.93" CONTENT="att"/><SP WIDTH="14" VPOS="814" HPOS="261"/>
							<String ID="string_168" HPOS="275" VPOS="812" WIDTH="51" HEIGHT="27" WC="0.90" CONTENT="ingä"/><SP WIDTH="14" VPOS="812" HPOS="326"/>
							<String ID="string_169" HPOS="340" VPOS="813" WIDTH="6" HEIGHT="19" WC="0.92" CONTENT="i"/><SP WIDTH="15" VPOS="813" HPOS="346"/>
							<String ID="string_170" HPOS="361" VPOS="812" WIDTH="99" HEIGHT="27" WC="0.92" CONTENT="pröfning"/><SP WIDTH="15" VPOS="812" HPOS="460"/>
							<String ID="string_171" HPOS="475" VPOS="812" WIDTH="24" HEIGHT="20" WC="0.93" CONTENT="af"/><SP WIDTH="12" VPOS="812" HPOS="499"/>
							<String ID="string_172" HPOS="511" VPOS="812" WIDTH="194" HEIGHT="27" WC="0.89" CONTENT="ackordsförslager"/><SP WIDTH="16" VPOS="812" HPOS="705"/>
							<String ID="string_173" HPOS="721" VPOS="813" WIDTH="39" HEIGHT="20" WC="0.93" CONTENT="och"/><SP WIDTH="11" VPOS="813" HPOS="760"/>
							<String ID="string_174" HPOS="771" VPOS="813" WIDTH="87" HEIGHT="20" WC="0.91" CONTENT="sälunda"/>
						</TextLine>
						<TextLine ID="line_20" HPOS="112" VPOS="846" WIDTH="748" HEIGHT="27">
							<String ID="string_175" HPOS="112" VPOS="846" WIDTH="78" HEIGHT="26" WC="0.90" CONTENT="bevilja"/><SP WIDTH="21" VPOS="846" HPOS="190"/>
							<String ID="string_176" HPOS="211" VPOS="846" WIDTH="117" HEIGHT="27" WC="0.91" CONTENT="eftergifter"/><SP WIDTH="22" VPOS="846" HPOS="328"/>
							<String ID="string_177" HPOS="350" VPOS="847" WIDTH="54" HEIGHT="20" WC="0.92" CONTENT="bäde"/><SP WIDTH="22" VPOS="847" HPOS="404"/>
							<String ID="string_178" HPOS="426" VPOS="847" WIDTH="7" HEIGHT="19" WC="0.93" CONTENT="i"/><SP WIDTH="27" VPOS="847" HPOS="433"/>
							<String ID="string_179" HPOS="460" VPOS="849" WIDTH="68" HEIGHT="17" WC="0.91" CONTENT="ränte-"/><SP WIDTH="27" VPOS="849" HPOS="528"/>
							<String ID="string_180" HPOS="555" VPOS="846" WIDTH="39" HEIGHT="21" WC="0.93" CONTENT="och"/><SP WIDTH="23" VPOS="846" HPOS="594"/>
							<String ID="string_181" HPOS="617" VPOS="846" WIDTH="243" HEIGHT="27" WC="0.92" CONTENT="kapitalinbetalningar,"/>
						</TextLine>
						<TextLine ID="line_21" HPOS="112" VPOS="880" WIDTH="747" HEIGHT="28">
							<String ID="string_182" HPOS="112" VPOS="881" WIDTH="47" HEIGHT="20" WC="0.96" CONTENT="icke"/><SP WIDTH="23" VPOS="881" HPOS="159"/>
							<String ID="string_183" HPOS="182" VPOS="883" WIDTH="49" HEIGHT="18" WC="0.95" CONTENT="utan"/><SP WIDTH="23" VPOS="883" HPOS="231"/>
							<String ID="string_184" HPOS="254" VPOS="881" WIDTH="72" HEIGHT="20" WC="0.91" CONTENT="vidare"/><SP WIDTH="22" VPOS="881" HPOS="326"/>
							<String ID="string_185" HPOS="348" VPOS="880" WIDTH="79" HEIGHT="27" WC="0.91" CONTENT="ansägo"/><SP WIDTH="23" VPOS="880" HPOS="427"/>
							<String ID="string_186" HPOS="450" VPOS="881" WIDTH="32" HEIGHT="26" WC="0.93" CONTENT="sig"/><SP WIDTH="23" VPOS="881" HPOS="482"/>
							<String ID="string_187" HPOS="505" VPOS="881" WIDTH="136" HEIGHT="26" WC="0.92" CONTENT="kompetente"/><SP WIDTH="23" VPOS="881" HPOS="641"/>
							<String ID="string_188" HPOS="664" VPOS="883" WIDTH="29" HEIGHT="18" WC="0.93" CONTENT="att"/><SP WIDTH="16" VPOS="883" HPOS="693"/>
							<String ID="string_189" HPOS="709" VPOS="881" WIDTH="73" HEIGHT="27" WC="0.92" CONTENT="pröfva"/><SP WIDTH="15" VPOS="881" HPOS="782"/>
							<String ID="string_190" HPOS="797" VPOS="881" WIDTH="62" HEIGHT="20" WC="0.95" CONTENT="äfven"/>
						</TextLine>
						<TextLine ID="line_22" HPOS="113" VPOS="915" WIDTH="746" HEIGHT="27">
							<String ID="string_191" HPOS="113" VPOS="915" WIDTH="69" HEIGHT="20" WC="0.92" CONTENT="denna"/><SP WIDTH="21" VPOS="915" HPOS="182"/>
							<String ID="string_192" HPOS="203" VPOS="915" WIDTH="126" HEIGHT="27" WC="0.94" CONTENT="ansökning,"/><SP WIDTH="23" VPOS="915" HPOS="329"/>
							<String ID="string_193" HPOS="352" VPOS="915" WIDTH="68" HEIGHT="20" WC="0.96" CONTENT="finner"/><SP WIDTH="19" VPOS="915" HPOS="420"/>
							<String ID="string_194" HPOS="439" VPOS="916" WIDTH="37" HEIGHT="25" WC="0.95" CONTENT="jag"/><SP WIDTH="23" VPOS="916" HPOS="476"/>
							<String ID="string_195" HPOS="499" VPOS="915" WIDTH="82" HEIGHT="26" WC="0.93" CONTENT="ganska"/><SP WIDTH="23" VPOS="915" HPOS="581"/>
							<String ID="string_196" HPOS="604" VPOS="915" WIDTH="99" HEIGHT="27" WC="0.96" CONTENT="naturligt"/><SP WIDTH="15" VPOS="915" HPOS="703"/>
							<String ID="string_197" HPOS="718" VPOS="916" WIDTH="43" HEIGHT="25" WC="0.96" CONTENT="just"/><SP WIDTH="15" VPOS="916" HPOS="761"/>
							<String ID="string_198" HPOS="776" VPOS="916" WIDTH="28" HEIGHT="26" WC="0.96" CONTENT="pä"/><SP WIDTH="14" VPOS="916" HPOS="804"/>
							<String ID="string_199" HPOS="818" VPOS="916" WIDTH="41" HEIGHT="19" WC="0.96" CONTENT="den"/>
						</TextLine>
						<TextLine ID="line_23" HPOS="113" VPOS="949" WIDTH="747" HEIGHT="26">
							<String ID="string_200" HPOS="113" VPOS="949" WIDTH="74" HEIGHT="26" WC="0.96" CONTENT="grund,"/><SP WIDTH="15" VPOS="949" HPOS="187"/>
							<String ID="string_201" HPOS="202" VPOS="951" WIDTH="30" HEIGHT="18" WC="0.96" CONTENT="att"/><SP WIDTH="16" VPOS="951" HPOS="232"/>
							<String ID="string_202" HPOS="248" VPOS="949" WIDTH="57" HEIGHT="20" WC="0.96" CONTENT="detta"/><SP WIDTH="15" VPOS="949" HPOS="305"/>
							<String ID="string_203" HPOS="320" VPOS="949" WIDTH="34" HEIGHT="20" WC="0.93" CONTENT="län"/><SP WIDTH="15" VPOS="949" HPOS="354"/>
							<String ID="string_204" HPOS="369" VPOS="949" WIDTH="69" HEIGHT="20" WC="0.93" CONTENT="såsom"/><SP WIDTH="16" VPOS="949" HPOS="438"/>
							<String ID="string_205" HPOS="454" VPOS="949" WIDTH="61" HEIGHT="26" WC="0.91" CONTENT="sagdt"/><SP WIDTH="20" VPOS="949" HPOS="515"/>
							<String ID="string_206" HPOS="535" VPOS="949" WIDTH="67" HEIGHT="20" WC="0.96" CONTENT="finnes"/><SP WIDTH="19" VPOS="949" HPOS="602"/>
							<String ID="string_207" HPOS="621" VPOS="949" WIDTH="99" HEIGHT="20" WC="0.93" CONTENT="särskildt"/><SP WIDTH="17" VPOS="949" HPOS="720"/>
							<String ID="string_208" HPOS="737" VPOS="951" WIDTH="123" HEIGHT="20" WC="0.82" CONTENT="omnämndt"/>
						</TextLine>
						<TextLine ID="line_24" HPOS="113" VPOS="983" WIDTH="747" HEIGHT="26">
							<String ID="string_209" HPOS="113" VPOS="983" WIDTH="39" HEIGHT="20" WC="0.96" CONTENT="och"/><SP WIDTH="16" VPOS="983" HPOS="152"/>
							<String ID="string_210" HPOS="168" VPOS="983" WIDTH="48" HEIGHT="20" WC="0.93" CONTENT="dess"/><SP WIDTH="15" VPOS="983" HPOS="216"/>
							<String ID="string_211" HPOS="231" VPOS="983" WIDTH="145" HEIGHT="26" WC="0.91" CONTENT="stipulationer"/><SP WIDTH="15" VPOS="983" HPOS="376"/>
							<String ID="string_212" HPOS="391" VPOS="983" WIDTH="104" HEIGHT="20" WC="0.96" CONTENT="omtalade"/><SP WIDTH="16" VPOS="983" HPOS="495"/>
							<String ID="string_213" HPOS="511" VPOS="984" WIDTH="30" HEIGHT="19" WC="0.96" CONTENT="uti"/><SP WIDTH="16" VPOS="984" HPOS="541"/>
							<String ID="string_214" HPOS="557" VPOS="991" WIDTH="26" HEIGHT="12" WC="0.96" CONTENT="en"/><SP WIDTH="15" VPOS="991" HPOS="583"/>
							<String ID="string_215" HPOS="598" VPOS="984" WIDTH="23" HEIGHT="19" WC="0.93" CONTENT="af"/><SP WIDTH="12" VPOS="984" HPOS="621"/>
							<String ID="string_216" HPOS="633" VPOS="983" WIDTH="55" HEIGHT="20" WC="0.93" CONTENT="båda"/><SP WIDTH="10" VPOS="983" HPOS="688"/>
							<String ID="string_217" HPOS="698" VPOS="985" WIDTH="162" HEIGHT="20" WC="0.91" CONTENT="statsmakterne"/>
						</TextLine>
						<TextLine ID="line_25" HPOS="113" VPOS="1017" WIDTH="748" HEIGHT="28">
							<String ID="string_218" HPOS="113" VPOS="1019" WIDTH="91" HEIGHT="24" WC="0.96" CONTENT="antagen"/><SP WIDTH="16" VPOS="1019" HPOS="204"/>
							<String ID="string_219" HPOS="220" VPOS="1017" WIDTH="130" HEIGHT="27" WC="0.95" CONTENT="författning."/><SP WIDTH="30" VPOS="1017" HPOS="350"/>
							<String ID="string_220" HPOS="380" VPOS="1017" WIDTH="123" HEIGHT="21" WC="0.96" CONTENT="Emellertid"/><SP WIDTH="23" VPOS="1017" HPOS="503"/>
							<String ID="string_221" HPOS="526" VPOS="1024" WIDTH="64" HEIGHT="21" WC="0.96" CONTENT="synes"/><SP WIDTH="19" VPOS="1024" HPOS="590"/>
							<String ID="string_222" HPOS="609" VPOS="1018" WIDTH="35" HEIGHT="20" WC="0.96" CONTENT="det"/><SP WIDTH="16" VPOS="1018" HPOS="644"/>
							<String ID="string_223" HPOS="660" VPOS="1019" WIDTH="49" HEIGHT="26" WC="0.96" CONTENT="mig,"/><SP WIDTH="16" VPOS="1019" HPOS="709"/>
							<String ID="string_224" HPOS="725" VPOS="1020" WIDTH="30" HEIGHT="18" WC="0.93" CONTENT="att"/><SP WIDTH="19" VPOS="1020" HPOS="755"/>
							<String ID="string_225" HPOS="774" VPOS="1018" WIDTH="87" HEIGHT="21" WC="0.92" CONTENT="Ständet"/>
						</TextLine>
						<TextLine ID="line_26" HPOS="114" VPOS="1051" WIDTH="748" HEIGHT="28">
							<String ID="string_226" HPOS="114" VPOS="1051" WIDTH="68" HEIGHT="21" WC="0.92" CONTENT="skulle"/><SP WIDTH="20" VPOS="1051" HPOS="182"/>
							<String ID="string_227" HPOS="202" VPOS="1052" WIDTH="77" HEIGHT="20" WC="0.92" CONTENT="handla"/><SP WIDTH="19" VPOS="1052" HPOS="279"/>
							<String ID="string_228" HPOS="298" VPOS="1054" WIDTH="52" HEIGHT="18" WC="0.93" CONTENT="mest"/><SP WIDTH="22" VPOS="1054" HPOS="350"/>
							<String ID="string_229" HPOS="372" VPOS="1051" WIDTH="112" HEIGHT="28" WC="0.92" CONTENT="sakenligt,"/><SP WIDTH="23" VPOS="1051" HPOS="484"/>
							<String ID="string_230" HPOS="507" VPOS="1059" WIDTH="79" HEIGHT="20" WC="0.95" CONTENT="genom"/><SP WIDTH="18" VPOS="1059" HPOS="586"/>
							<String ID="string_231" HPOS="604" VPOS="1054" WIDTH="30" HEIGHT="18" WC="0.95" CONTENT="att"/><SP WIDTH="20" VPOS="1054" HPOS="634"/>
							<String ID="string_232" HPOS="654" VPOS="1053" WIDTH="30" HEIGHT="19" WC="0.93" CONTENT="till"/><SP WIDTH="15" VPOS="1053" HPOS="684"/>
							<String ID="string_233" HPOS="699" VPOS="1053" WIDTH="163" HEIGHT="20" WC="0.92" CONTENT="Bankutskottet"/>
						</TextLine>
						<TextLine ID="line_27" HPOS="113" VPOS="1086" WIDTH="746" HEIGHT="27">
							<String ID="string_234" HPOS="113" VPOS="1086" WIDTH="130" HEIGHT="21" WC="0.41" CONTENT="öfverlemna"/><SP WIDTH="22" VPOS="1086" HPOS="243"/>
							<String ID="string_235" HPOS="265" VPOS="1088" WIDTH="30" HEIGHT="19" WC="0.96" CONTENT="att"/><SP WIDTH="21" VPOS="1088" HPOS="295"/>
							<String ID="string_236" HPOS="316" VPOS="1086" WIDTH="108" HEIGHT="20" WC="0.96" CONTENT="inkomma"/><SP WIDTH="22" VPOS="1086" HPOS="424"/>
							<String ID="string_237" HPOS="446" VPOS="1086" WIDTH="47" HEIGHT="21" WC="0.93" CONTENT="med"/><SP WIDTH="23" VPOS="1086" HPOS="493"/>
							<String ID="string_238" HPOS="516" VPOS="1087" WIDTH="99" HEIGHT="25" WC="0.95" CONTENT="yttrande"/><SP WIDTH="23" VPOS="1087" HPOS="615"/>
							<String ID="string_239" HPOS="638" VPOS="1087" WIDTH="89" HEIGHT="20" WC="0.96" CONTENT="rörande"/><SP WIDTH="16" VPOS="1087" HPOS="727"/>
							<String ID="string_240" HPOS="743" VPOS="1088" WIDTH="19" HEIGHT="25" WC="0.97" CONTENT="ej"/><SP WIDTH="16" VPOS="1088" HPOS="762"/>
							<String ID="string_241" HPOS="778" VPOS="1089" WIDTH="81" HEIGHT="19" WC="0.96" CONTENT="mindre"/>
						</TextLine>
						<TextLine ID="line_28" HPOS="114" VPOS="1121" WIDTH="746" HEIGHT="26">
							<String ID="string_242" HPOS="114" VPOS="1123" WIDTH="62" HEIGHT="18" WC="0.96" CONTENT="sättet"/><SP WIDTH="15" VPOS="1123" HPOS="176"/>
							<String ID="string_243" HPOS="191" VPOS="1121" WIDTH="31" HEIGHT="20" WC="0.96" CONTENT="för"/><SP WIDTH="16" VPOS="1121" HPOS="222"/>
							<String ID="string_244" HPOS="238" VPOS="1121" WIDTH="97" HEIGHT="20" WC="0.96" CONTENT="ärendets"/><SP WIDTH="24" VPOS="1121" HPOS="335"/>
							<String ID="string_245" HPOS="359" VPOS="1121" WIDTH="134" HEIGHT="26" WC="0.96" CONTENT="upptagande"/><SP WIDTH="15" VPOS="1121" HPOS="493"/>
							<String ID="string_246" HPOS="508" VPOS="1123" WIDTH="27" HEIGHT="18" WC="0.96" CONTENT="än"/><SP WIDTH="21" VPOS="1123" HPOS="535"/>
							<String ID="string_247" HPOS="556" VPOS="1121" WIDTH="65" HEIGHT="20" WC="0.96" CONTENT="också"/><SP WIDTH="16" VPOS="1121" HPOS="621"/>
							<String ID="string_248" HPOS="637" VPOS="1121" WIDTH="52" HEIGHT="20" WC="0.96" CONTENT="huru"/><SP WIDTH="15" VPOS="1121" HPOS="689"/>
							<String ID="string_249" HPOS="704" VPOS="1121" WIDTH="48" HEIGHT="20" WC="0.96" CONTENT="med"/><SP WIDTH="16" VPOS="1121" HPOS="752"/>
							<String ID="string_250" HPOS="768" VPOS="1121" WIDTH="47" HEIGHT="21" WC="0.89" CONTENT="dess"/><SP WIDTH="16" VPOS="1121" HPOS="815"/>
							<String ID="string_251" HPOS="831" VPOS="1122" WIDTH="29" HEIGHT="19" WC="0.89" CONTENT="vi-"/>
						</TextLine>
						<TextLine ID="line_29" HPOS="114" VPOS="1155" WIDTH="747" HEIGHT="27">
							<String ID="string_252" HPOS="114" VPOS="1156" WIDTH="49" HEIGHT="19" WC="0.96" CONTENT="dare"/><SP WIDTH="16" VPOS="1156" HPOS="163"/>
							<String ID="string_253" HPOS="179" VPOS="1155" WIDTH="129" HEIGHT="27" WC="0.96" CONTENT="behandling"/><SP WIDTH="21" VPOS="1155" HPOS="308"/>
							<String ID="string_254" HPOS="329" VPOS="1155" WIDTH="52" HEIGHT="20" WC="0.93" CONTENT="skall"/><SP WIDTH="16" VPOS="1155" HPOS="381"/>
							<String ID="string_255" HPOS="397" VPOS="1155" WIDTH="100" HEIGHT="26" WC="0.91" CONTENT="förfaras;"/><SP WIDTH="24" VPOS="1155" HPOS="497"/>
							<String ID="string_256" HPOS="521" VPOS="1155" WIDTH="117" HEIGHT="26" WC="0.92" CONTENT="hvarjemte"/><SP WIDTH="20" VPOS="1155" HPOS="638"/>
							<String ID="string_257" HPOS="658" VPOS="1155" WIDTH="36" HEIGHT="27" WC="0.95" CONTENT="jag"/><SP WIDTH="22" VPOS="1155" HPOS="694"/>
							<String ID="string_258" HPOS="716" VPOS="1155" WIDTH="32" HEIGHT="20" WC="0.95" CONTENT="för"/><SP WIDTH="21" VPOS="1155" HPOS="748"/>
							<String ID="string_259" HPOS="769" VPOS="1156" WIDTH="42" HEIGHT="19" WC="0.95" CONTENT="min"/><SP WIDTH="15" VPOS="1156" HPOS="811"/>
							<String ID="string_260" HPOS="826" VPOS="1155" WIDTH="35" HEIGHT="20" WC="0.95" CONTENT="del"/>
						</TextLine>
						<TextLine ID="line_30" HPOS="114" VPOS="1189" WIDTH="745" HEIGHT="27">
							<String ID="string_261" HPOS="114" VPOS="1189" WIDTH="107" HEIGHT="20" WC="0.96" CONTENT="betraktar"/><SP WIDTH="20" VPOS="1189" HPOS="221"/>
							<String ID="string_262" HPOS="241" VPOS="1189" WIDTH="69" HEIGHT="20" WC="0.96" CONTENT="såsom"/><SP WIDTH="23" VPOS="1189" HPOS="310"/>
							<String ID="string_263" HPOS="333" VPOS="1189" WIDTH="39" HEIGHT="20" WC="0.95" CONTENT="den"/><SP WIDTH="20" VPOS="1189" HPOS="372"/>
							<String ID="string_264" HPOS="392" VPOS="1190" WIDTH="79" HEIGHT="26" WC="0.95" CONTENT="riktiga"/><SP WIDTH="15" VPOS="1190" HPOS="471"/>
							<String ID="string_265" HPOS="486" VPOS="1189" WIDTH="93" HEIGHT="27" WC="0.96" CONTENT="gången,"/><SP WIDTH="16" VPOS="1189" HPOS="579"/>
							<String ID="string_266" HPOS="595" VPOS="1192" WIDTH="30" HEIGHT="17" WC="0.93" CONTENT="att"/><SP WIDTH="14" VPOS="1192" HPOS="625"/>
							<String ID="string_267" HPOS="639" VPOS="1189" WIDTH="88" HEIGHT="20" WC="0.90" CONTENT="Ståndet"/><SP WIDTH="15" VPOS="1189" HPOS="727"/>
							<String ID="string_268" HPOS="742" VPOS="1190" WIDTH="67" HEIGHT="20" WC="0.93" CONTENT="skulle"/><SP WIDTH="16" VPOS="1190" HPOS="809"/>
							<String ID="string_269" HPOS="825" VPOS="1190" WIDTH="34" HEIGHT="20" WC="0.91" CONTENT="be-"/>
						</TextLine>
						<TextLine ID="line_31" HPOS="114" VPOS="1223" WIDTH="746" HEIGHT="28">
							<String ID="string_270" HPOS="114" VPOS="1224" WIDTH="54" HEIGHT="19" WC="0.95" CONTENT="sluta"/><SP WIDTH="14" VPOS="1224" HPOS="168"/>
							<String ID="string_271" HPOS="182" VPOS="1224" WIDTH="32" HEIGHT="26" WC="0.96" CONTENT="sig"/><SP WIDTH="15" VPOS="1224" HPOS="214"/>
							<String ID="string_272" HPOS="229" VPOS="1224" WIDTH="32" HEIGHT="19" WC="0.96" CONTENT="till"/><SP WIDTH="15" VPOS="1224" HPOS="261"/>
							<String ID="string_273" HPOS="276" VPOS="1226" WIDTH="30" HEIGHT="17" WC="0.96" CONTENT="att"/><SP WIDTH="15" VPOS="1226" HPOS="306"/>
							<String ID="string_274" HPOS="321" VPOS="1223" WIDTH="21" HEIGHT="20" WC="0.93" CONTENT="åt"/><SP WIDTH="15" VPOS="1223" HPOS="342"/>
							<String ID="string_275" HPOS="357" VPOS="1224" WIDTH="193" HEIGHT="27" WC="0.92" CONTENT="Bankfullmäktige"/><SP WIDTH="16" VPOS="1224" HPOS="550"/>
							<String ID="string_276" HPOS="566" VPOS="1224" WIDTH="130" HEIGHT="20" WC="0.92" CONTENT="öfverlemna"/><SP WIDTH="19" VPOS="1224" HPOS="696"/>
							<String ID="string_277" HPOS="715" VPOS="1224" WIDTH="75" HEIGHT="20" WC="0.82" CONTENT="sakens"/><SP WIDTH="21" VPOS="1224" HPOS="790"/>
							<String ID="string_278" HPOS="811" VPOS="1225" WIDTH="49" HEIGHT="19" WC="0.91" CONTENT="slut-"/>
						</TextLine>
						<TextLine ID="line_32" HPOS="113" VPOS="1258" WIDTH="748" HEIGHT="27">
							<String ID="string_279" HPOS="113" VPOS="1258" WIDTH="43" HEIGHT="26" WC="0.93" CONTENT="liga"/><SP WIDTH="15" VPOS="1258" HPOS="156"/>
							<String ID="string_280" HPOS="171" VPOS="1259" WIDTH="105" HEIGHT="26" WC="0.90" CONTENT="pröfning,"/><SP WIDTH="16" VPOS="1259" HPOS="276"/>
							<String ID="string_281" HPOS="292" VPOS="1261" WIDTH="22" HEIGHT="24" WC="0.96" CONTENT="ty"/><SP WIDTH="16" VPOS="1261" HPOS="314"/>
							<String ID="string_282" HPOS="330" VPOS="1260" WIDTH="30" HEIGHT="18" WC="0.93" CONTENT="att"/><SP WIDTH="14" VPOS="1260" HPOS="360"/>
							<String ID="string_283" HPOS="374" VPOS="1258" WIDTH="117" HEIGHT="21" WC="0.92" CONTENT="Ständerne"/><SP WIDTH="15" VPOS="1258" HPOS="491"/>
							<String ID="string_284" HPOS="506" VPOS="1259" WIDTH="68" HEIGHT="20" WC="0.96" CONTENT="skulle"/><SP WIDTH="16" VPOS="1259" HPOS="574"/>
							<String ID="string_285" HPOS="590" VPOS="1258" WIDTH="50" HEIGHT="27" WC="0.96" CONTENT="ingå"/><SP WIDTH="14" VPOS="1258" HPOS="640"/>
							<String ID="string_286" HPOS="654" VPOS="1259" WIDTH="7" HEIGHT="19" WC="0.96" CONTENT="i"/><SP WIDTH="16" VPOS="1259" HPOS="661"/>
							<String ID="string_287" HPOS="677" VPOS="1258" WIDTH="78" HEIGHT="21" WC="0.96" CONTENT="sådana"/><SP WIDTH="18" VPOS="1258" HPOS="755"/>
							<String ID="string_288" HPOS="773" VPOS="1259" WIDTH="88" HEIGHT="26" WC="0.96" CONTENT="detaljer"/>
						</TextLine>
						<TextLine ID="line_33" HPOS="115" VPOS="1292" WIDTH="744" HEIGHT="27">
							<String ID="string_289" HPOS="115" VPOS="1298" WIDTH="43" HEIGHT="13" WC="0.96" CONTENT="som"/><SP WIDTH="22" VPOS="1298" HPOS="158"/>
							<String ID="string_290" HPOS="180" VPOS="1293" WIDTH="30" HEIGHT="18" WC="0.96" CONTENT="att"/><SP WIDTH="23" VPOS="1293" HPOS="210"/>
							<String ID="string_291" HPOS="233" VPOS="1292" WIDTH="97" HEIGHT="20" WC="0.96" CONTENT="meddela"/><SP WIDTH="22" VPOS="1292" HPOS="330"/>
							<String ID="string_292" HPOS="352" VPOS="1293" WIDTH="68" HEIGHT="26" WC="0.96" CONTENT="utslag"/><SP WIDTH="22" VPOS="1293" HPOS="420"/>
							<String ID="string_293" HPOS="442" VPOS="1293" WIDTH="27" HEIGHT="26" WC="0.96" CONTENT="på"/><SP WIDTH="22" VPOS="1293" HPOS="469"/>
							<String ID="string_294" HPOS="491" VPOS="1300" WIDTH="26" HEIGHT="13" WC="0.95" CONTENT="en"/><SP WIDTH="16" VPOS="1300" HPOS="517"/>
							<String ID="string_295" HPOS="533" VPOS="1293" WIDTH="86" HEIGHT="20" WC="0.95" CONTENT="enskild"/><SP WIDTH="14" VPOS="1293" HPOS="619"/>
							<String ID="string_296" HPOS="633" VPOS="1293" WIDTH="94" HEIGHT="20" WC="0.96" CONTENT="ansökan"/><SP WIDTH="20" VPOS="1293" HPOS="727"/>
							<String ID="string_297" HPOS="747" VPOS="1299" WIDTH="49" HEIGHT="14" WC="0.96" CONTENT="vore"/><SP WIDTH="15" VPOS="1299" HPOS="796"/>
							<String ID="string_298" HPOS="811" VPOS="1296" WIDTH="48" HEIGHT="17" WC="0.96" CONTENT="utan"/>
						</TextLine>
						<TextLine ID="line_34" HPOS="114" VPOS="1326" WIDTH="746" HEIGHT="28">
							<String ID="string_299" HPOS="114" VPOS="1326" WIDTH="73" HEIGHT="19" WC="0.92" CONTENT="tvifvel"/><SP WIDTH="16" VPOS="1326" HPOS="187"/>
							<String ID="string_300" HPOS="203" VPOS="1328" WIDTH="29" HEIGHT="18" WC="0.96" CONTENT="att"/><SP WIDTH="22" VPOS="1328" HPOS="232"/>
							<String ID="string_301" HPOS="254" VPOS="1327" WIDTH="58" HEIGHT="26" WC="0.96" CONTENT="gifva"/><SP WIDTH="23" VPOS="1327" HPOS="312"/>
							<String ID="string_302" HPOS="335" VPOS="1329" WIDTH="29" HEIGHT="18" WC="0.96" CONTENT="ett"/><SP WIDTH="22" VPOS="1329" HPOS="364"/>
							<String ID="string_303" HPOS="386" VPOS="1327" WIDTH="31" HEIGHT="20" WC="0.96" CONTENT="för"/><SP WIDTH="22" VPOS="1327" HPOS="417"/>
							<String ID="string_304" HPOS="439" VPOS="1327" WIDTH="112" HEIGHT="20" WC="0.93" CONTENT="framtiden"/><SP WIDTH="17" VPOS="1327" HPOS="551"/>
							<String ID="string_305" HPOS="568" VPOS="1327" WIDTH="79" HEIGHT="27" WC="0.91" CONTENT="vådligt"/><SP WIDTH="19" VPOS="1327" HPOS="647"/>
							<String ID="string_306" HPOS="666" VPOS="1327" WIDTH="125" HEIGHT="26" WC="0.85" CONTENT="prejudikat."/><SP WIDTH="29" VPOS="1327" HPOS="791"/>
							<String ID="string_307" HPOS="820" VPOS="1327" WIDTH="40" HEIGHT="27" WC="0.96" CONTENT="Jag"/>
						</TextLine>
						<TextLine ID="line_35" HPOS="115" VPOS="1360" WIDTH="746" HEIGHT="29">
							<String ID="string_308" HPOS="115" VPOS="1360" WIDTH="37" HEIGHT="19" WC="0.96" CONTENT="vill"/><SP WIDTH="15" VPOS="1360" HPOS="152"/>
							<String ID="string_309" HPOS="167" VPOS="1360" WIDTH="55" HEIGHT="20" WC="0.94" CONTENT="dock"/><SP WIDTH="22" VPOS="1360" HPOS="222"/>
							<String ID="string_310" HPOS="244" VPOS="1361" WIDTH="112" HEIGHT="26" WC="0.92" CONTENT="tillstyrka,"/><SP WIDTH="23" VPOS="1361" HPOS="356"/>
							<String ID="string_311" HPOS="379" VPOS="1363" WIDTH="30" HEIGHT="18" WC="0.93" CONTENT="att"/><SP WIDTH="22" VPOS="1363" HPOS="409"/>
							<String ID="string_312" HPOS="431" VPOS="1361" WIDTH="180" HEIGHT="28" WC="0.91" CONTENT="Borgareståndet"/><SP WIDTH="17" VPOS="1361" HPOS="611"/>
							<String ID="string_313" HPOS="628" VPOS="1361" WIDTH="49" HEIGHT="20" WC="0.96" CONTENT="icke"/><SP WIDTH="14" VPOS="1361" HPOS="677"/>
							<String ID="string_314" HPOS="691" VPOS="1368" WIDTH="28" HEIGHT="13" WC="0.96" CONTENT="nu"/><SP WIDTH="16" VPOS="1368" HPOS="719"/>
							<String ID="string_315" HPOS="735" VPOS="1361" WIDTH="67" HEIGHT="20" WC="0.90" CONTENT="skulle"/><SP WIDTH="14" VPOS="1361" HPOS="802"/>
							<String ID="string_316" HPOS="816" VPOS="1361" WIDTH="45" HEIGHT="20" WC="0.90" CONTENT="vid-"/>
						</TextLine>
						<TextLine ID="line_36" HPOS="115" VPOS="1394" WIDTH="745" HEIGHT="29">
							<String ID="string_317" HPOS="115" VPOS="1396" WIDTH="49" HEIGHT="27" WC="0.96" CONTENT="taga"/><SP WIDTH="14" VPOS="1396" HPOS="164"/>
							<String ID="string_318" HPOS="178" VPOS="1394" WIDTH="71" HEIGHT="27" WC="0.96" CONTENT="någon"/><SP WIDTH="23" VPOS="1394" HPOS="249"/>
							<String ID="string_319" HPOS="272" VPOS="1401" WIDTH="69" HEIGHT="14" WC="0.96" CONTENT="annan"/><SP WIDTH="23" VPOS="1401" HPOS="341"/>
							<String ID="string_320" HPOS="364" VPOS="1395" WIDTH="73" HEIGHT="27" WC="0.95" CONTENT="åtgärd"/><SP WIDTH="23" VPOS="1395" HPOS="437"/>
							<String ID="string_321" HPOS="460" VPOS="1399" WIDTH="26" HEIGHT="16" WC="0.91" CONTENT="än"/><SP WIDTH="23" VPOS="1399" HPOS="486"/>
							<String ID="string_322" HPOS="509" VPOS="1396" WIDTH="95" HEIGHT="20" WC="0.91" CONTENT="infordra"/><SP WIDTH="19" VPOS="1396" HPOS="604"/>
							<String ID="string_323" HPOS="623" VPOS="1395" WIDTH="172" HEIGHT="20" WC="0.90" CONTENT="Bankutskottets"/><SP WIDTH="16" VPOS="1395" HPOS="795"/>
							<String ID="string_324" HPOS="811" VPOS="1395" WIDTH="49" HEIGHT="20" WC="0.91" CONTENT="utlå-"/>
						</TextLine>
					</TextBlock>
				</ComposedBlock>
			</PrintSpace>
		</Page>
	</Layout>
</alto>
