1039 1692
191 142 32 17 132
456 141 38 17 Den
508 141 22 17 19
543 141 94 17 Februari.

172 200 31 20 slå
218 202 36 23 att,
272 200 66 25 jemte
354 200 36 19 det
405 199 88 20 Ståndet
507 202 88 23 antager
613 198 124 27 petitionen,
753 198 86 20 Ståndet
854 198 68 20 skulle

172 234 92 26 anhålla,
279 235 30 18 att
324 233 134 27 Regeringen
476 233 63 20 måtte
554 233 63 20 redan
635 232 29 20 till
682 240 26 12 nu
724 232 126 20 församlade
861 232 59 20 Stän-

173 268 37 20 der
232 268 116 20 framställa
371 267 77 27 förslag
463 267 5 19 i
485 268 123 19 omnämndt
629 267 63 27 syfte,
715 267 23 19 så
757 269 29 17 att
806 267 116 20 Ständerne

174 302 98 19 deröfver
287 302 69 19 skulle
371 301 21 19 få
408 302 64 19 uttala
487 302 38 26 sig.

243 336 54 19 Herr
313 335 139 20 Mechelin:
472 335 124 26 Syftemålet
617 335 46 20 med
683 336 54 19 Herr
751 335 121 27 Wallgrens
888 341 34 19 pe-

175 370 152 26 titionsförslag
351 370 59 19 torde
434 376 50 14 vara
505 370 81 25 sådant,
610 372 30 17 att
655 369 37 20 det
716 370 66 19 finner
797 370 52 26 liflig
868 376 54 19 sym-

176 404 43 26 pati
245 405 57 18 inom
329 404 186 26 Borgareståndet;
541 410 47 13 men
609 404 26 19 då
652 403 108 26 yrkandet
783 404 7 19 i
808 404 116 20 detsamma

176 438 48 20 icke
240 441 23 17 är
278 440 98 18 närmare
392 438 142 25 formuleradt,
553 439 49 18 utan
623 437 75 20 endast
713 438 40 19 den
769 438 80 19 önskan
865 437 7 19 i
887 437 36 19 all-

177 472 87 20 mänhet
286 472 86 25 uttalad,
396 474 29 17 att
447 472 194 26 representationen
666 471 64 20 måtte
750 471 66 20 blifva
830 471 95 25 förelagd

177 506 79 26 förslag
272 506 31 19 till
319 506 113 26 ändringar
447 507 7 19 i
469 506 213 26 skollagstiftningen,
699 506 22 19 så
736 506 70 20 kunde
826 505 100 26 möjligen

178 540 40 19 den
241 540 132 26 invändning
397 542 63 24 göras
481 542 54 18 emot
557 540 69 20 denna
644 540 96 26 petition,
756 542 29 17 att
801 540 47 19 dess
863 539 63 25 syfte-

178 573 41 20 mål
241 574 67 20 borde
331 577 95 16 närmare
445 574 119 26 begränsas.
594 574 41 20 För
655 574 43 19 min
717 574 34 19 del
770 576 42 17 tror
824 574 38 26 jag
879 572 48 20 icke

178 610 31 17 att
231 607 161 27 lagstiftningen
415 608 89 20 rörande
527 608 99 20 skolorna
644 607 69 20 skulle
729 607 70 20 kunna
814 608 6 18 i
836 606 41 20 alla
892 606 35 20 de-

180 641 60 25 taljer
256 641 66 19 blifva
338 642 87 19 föremål
440 642 32 20 för
487 642 128 20 Ständernes
634 641 166 27 handläggning.
830 641 40 25 Jag
886 642 42 18 tror

179 677 31 17 att
232 676 36 19 det
283 676 7 18 i
306 676 41 19 alla
370 676 54 19 tider
446 675 65 21 måste
531 676 64 20 blifva
611 682 25 13 en
653 675 165 26 nödvändighet,
837 676 29 18 att
881 681 46 20 reg-

180 709 97 21 lerandet
299 710 24 19 af
343 710 115 26 detaljerne
481 710 34 19 vid
536 710 239 25 undervisningsverket
789 709 140 20 öfverlemnas

180 743 22 19 åt
217 744 143 26 Regeringen,
380 750 43 13 som
443 744 27 26 på
489 750 26 13 en
531 744 87 26 lämplig
633 743 149 26 skolstyrelses
798 744 80 25 försorg
894 743 34 19 be-

180 778 90 19 handlar
286 778 40 19 och
342 778 60 26 afgör
417 778 68 20 dertill
501 778 93 19 hörande
610 778 78 26 frågor.
719 778 47 19 Men
782 778 95 20 deremot
887 778 43 19 tror

178 812 43 26 jag,
244 814 31 18 att
298 812 34 20 det
356 812 67 19 finnes
446 812 55 20 vissa
523 812 115 20 elementer
658 811 6 19 i
688 811 154 27 skolväsendet,
858 812 73 19 hvilka

183 845 65 20 borde
267 845 77 20 ordnas
368 845 66 26 enligt
456 845 107 20 allmänna
577 846 23 19 af
613 845 108 26 Regering
736 845 39 20 och
790 845 90 20 Ständer
894 852 35 19 ge-

183 881 104 18 mensamt
303 879 108 20 bestämda
425 880 112 25 principer.
567 879 40 26 Jag
621 879 51 20 ville
691 879 82 20 derföre
791 879 32 20 för
838 880 43 19 min
897 879 33 20 del

181 912 78 20 föreslå
282 914 36 24 att,
339 914 65 25 jemte
424 913 35 20 det
474 913 52 20 Herr
541 913 122 27 Wallgrens
680 913 177 27 petitionsförslag
873 917 57 16 anta-

182 953 43 19 ges,
249 947 69 19 skulle
341 947 98 26 beslutas,
461 949 28 18 att
509 947 115 27 petitionen
649 947 56 26 finge
729 948 40 19 den
787 951 97 17 närmare
900 951 29 16 ut-

182 981 107 26 veckling,
305 983 30 17 att
348 980 87 21 Ståndet
445 987 75 20 genom
533 982 123 19 densamma
667 982 6 18 i
685 981 168 27 underdånighet
863 982 68 21 skulle

181 1015 134 26 petitionera,
336 1017 30 18 att
383 1015 57 20 Hans
460 1015 117 27 Kejserliga
595 1016 98 25 Majestät
709 1016 49 19 ville
773 1016 23 19 så
810 1018 58 18 snart
887 1023 44 13 som

183 1049 83 26 möjligt
281 1049 109 26 förelägga
405 1049 116 20 Ständerne
537 1049 78 27 förslag
633 1049 31 20 till
685 1049 88 26 skollag,
789 1050 142 26 upptagande:

251 1089 39 20 pro
308 1084 38 19 1:o.
362 1083 119 26 grunderna
496 1084 31 19 för
543 1084 164 26 skolstyrelsens
722 1084 149 26 organisation,
887 1084 6 19 i
903 1084 29 19 öf-

183 1117 198 20 verensstämmelse
406 1118 46 19 med
473 1117 36 20 det
528 1118 77 26 förslag
627 1118 32 19 till
680 1117 142 27 skolstyrelse,
838 1124 44 13 som
898 1118 35 19 vid

186 1151 52 19 1867
255 1151 34 19 ärs
304 1151 101 26 landtdag
420 1158 37 13 var
473 1151 116 20 Ständerne
604 1151 107 26 förelagdt
730 1151 39 20 och
784 1152 23 19 af
820 1152 46 19 dem
882 1152 51 25 god-

185 1184 88 26 kändes,
290 1185 39 19 och
345 1185 6 18 i
368 1185 72 26 hvarje
456 1185 35 19 fall
506 1186 6 19 i
529 1185 219 20 öfverensstämmelse
762 1185 46 20 med
818 1186 39 19 den
874 1192 60 19 orga-

184 1219 91 19 nisation
296 1219 68 26 öfriga
382 1218 114 27 kollegiala
515 1220 133 19 embetsverk
668 1219 6 19 i
691 1219 68 20 landel
777 1219 65 26 enligt
858 1219 76 26 grund-

184 1252 62 26 lagen
263 1253 123 24 innehafva;

255 1293 37 19 pro
313 1287 55 19 2:do.
388 1287 109 20 skolornas
518 1288 147 19 beskaffenhet
682 1287 39 20 och
738 1287 62 26 antal,
817 1288 61 19 deras
894 1288 40 19 för-

186 1319 88 27 delning
294 1320 6 19 i
321 1321 168 25 lärdomsskolor,
510 1321 178 24 real-folkskolor,
709 1327 18 13 0.
746 1327 15 13 s.
782 1328 25 18 v.,
828 1322 61 19 deras
904 1321 30 19 in-

187 1353 77 20 bördes
287 1354 131 20 förhållande
444 1357 53 17 samt
519 1355 215 26 hufvudprinciperna
752 1355 5 18 i
775 1355 26 19 de
816 1355 58 20 olika
889 1355 47 20 sko-

187 1387 70 20 lornas
281 1389 88 25 uppgift,
392 1389 107 19 äfvensom
523 1389 53 20 hvad
600 1389 86 20 dermed
708 1395 50 20 eger
780 1389 158 27 sammanhang.

187 1421 38 20 Om
244 1421 89 20 Ståndet
350 1422 62 20 funne
429 1423 32 19 det
479 1423 92 27 önskligt
587 1423 37 19 och
642 1423 72 19 kunde
730 1422 113 27 godkänna
858 1425 29 17 att
903 1429 35 20 pe-
