1053 1744
221 162 21 17 28
484 164 40 18 Den
537 164 10 17 8
560 164 94 18 Februari.

196 221 47 20 med
258 221 99 21 afseende
370 222 78 26 jemväl
464 222 12 21 å
491 222 147 28 önskligheten
655 224 58 20 deraf
728 227 30 18 att
773 226 73 27 frågan
867 227 68 21 blefve

197 256 119 26 skriftligen
331 256 91 20 affattad.

263 290 53 26 Herr
331 291 168 27 Tengström,
515 298 44 14 som
575 292 143 22 återhemtade
734 294 31 20 sin
781 295 62 20 ofvan
856 296 81 26 afgifna

197 324 121 26 förklaring,
329 323 34 22 att
379 326 41 19 han
435 326 74 20 endast
524 326 56 20 velat
595 327 53 20 fästa
663 328 97 20 Ståndets
779 330 156 26 uppmärksam-

197 358 35 20 het
246 358 12 20 å
272 358 146 28 förhållandet,
440 367 44 13 men
505 360 48 20 icke
568 361 59 26 påstå
642 362 115 27 olaglighet
773 363 68 21 blifvit
858 365 77 27 begån-

194 399 48 19 gen,
258 392 118 21 förklarade
391 394 32 26 sig
437 394 31 20 för
483 396 30 18 sin
530 395 34 20 del
579 396 50 26 vilja
643 396 43 21 låta
701 398 73 26 frågan
789 398 87 20 förfalla.

262 427 67 26 Sedan
344 428 53 20 Herr
416 428 137 27 Nylander
572 434 102 23 upprepat
693 432 35 20 sitt
746 433 97 25 yrkande
863 434 26 26 på
905 434 30 19 in-

195 458 141 24 förskaffande
350 463 23 19 af
387 463 110 27 utredning
512 464 6 19 i
535 464 79 27 frågan,
630 468 54 18 samt
702 467 79 20 Herrar
798 468 139 20 Molander

195 495 38 19 och
250 495 87 21 Grahn
352 497 44 19 häri
412 498 91 26 iiistämt,
519 498 68 20 beslöt
601 500 87 20 Ståndet
704 501 31 19 till
751 502 153 28 bordläggning
915 503 24 21 af

193 529 93 26 ärendet,
303 530 30 20 för
349 531 80 26 hvilket
443 532 97 20 ändamål
559 533 53 20 Herr
631 534 163 22 Talmannen
814 538 71 19 anhöll
905 541 30 27 att

192 563 66 21 de:af
270 559 96 33 Ståndets
383 566 141 26 medlemmar,
540 574 44 13 som
600 568 88 21 sålunda
702 570 140 28 äterupptagit
852 572 81 27 frågan,

192 597 49 21 ville
257 598 47 20 med
319 599 91 27 skriftlig
425 600 153 28 framställning
594 603 44 19 deri
652 604 114 21 inkomma.

156 613 37 20 JA

421 631 1 3 4

260 632 166 28 Sämmanträdet
441 635 50 20 slöts
506 636 29 20 kl.
552 636 45 28 UN
868 643 1 30 |

226 675 31 14 Ka
329 662 4 16 i
746 673 21 17 In
779 673 64 18 fidem:

221 693 2 2 :
700 702 20 21 S.
736 703 140 21 Dalström.
892 712 3 10 ;

382 871 116 31 Lördagen
517 872 41 23 den
581 875 29 21 10
630 875 105 23 Februari
892 883 2 12 !

187 935 28 20 kl.
233 937 23 19 11
274 937 12 19 f.
304 944 25 13 m.
346 940 169 20 sammanträdde
530 941 31 20 till
571 942 84 26 plenum
666 943 187 27 Borgareständets
867 949 61 18 samt-

187 969 40 27 lige
243 971 143 21 medlemmar.

252 1005 53 20 Herr
321 1006 163 22 Talmannen
501 1009 141 28 tillkännagaf
654 1013 30 18 att
699 1013 64 19 sedan
784 1014 87 20 Ständet
886 1016 41 20 den

184 1038 12 19 8
211 1038 7 19 i
234 1038 69 21 denne
328 1040 76 21 månad
429 1042 84 21 heslutit
537 1044 31 20 till
593 1046 119 26 antagande
734 1047 31 20 för
784 1048 143 22 innevarande

182 1072 101 28 landtdag
302 1074 23 19 af
343 1077 29 17 tre
388 1077 139 27 stenografer,
548 1078 53 21 hade
621 1080 132 22 härvarande
773 1080 154 35 stenografiska

182 1106 103 28 förening,
302 1108 26 26 på
342 1110 111 26 anmodan,
469 1112 70 20 dertill
554 1113 108 28 föreslagit
679 1116 137 27 Teknologen
836 1118 90 21 Werner

181 1140 84 21 Konrad
286 1142 120 26 Lönnbeck,
426 1145 144 22 Studeranden
590 1148 82 21 Anders
691 1150 95 20 Leonard
810 1152 115 21 Sundholm

181 1175 39 19 och
236 1178 60 18 extra
310 1177 218 23 Kammarskrifvaren
544 1182 6 19 i
566 1182 118 28 Kejserliga
699 1184 90 20 Senaten
804 1186 68 20 Johan
887 1187 36 20 Al-

179 1209 46 20 fred
240 1210 104 28 Winsten,
361 1212 71 21 hvilka
445 1214 82 26 jemväl
539 1216 101 20 förklarat
656 1218 32 26 sig
707 1219 79 27 villige,
806 1223 30 17 att
855 1222 26 25 pä
897 1222 26 20 de

179 1244 24 19 af
215 1244 87 21 Ständet
322 1246 107 21 bestämda
449 1249 68 20 vilkor
537 1251 115 27 uppdraget
670 1255 116 25 emottaga;
806 1255 39 19 och
865 1256 56 20 hem-

177 1278 76 20 ställde
272 1279 54 20 Herr
345 1280 163 22 Talmannen
529 1291 79 13 nu:om
628 1286 60 20 deras
708 1287 108 21 definitiva
838 1291 84 19 anställ-

179 1312 51 27 ning
244 1313 36 20 vid
295 1314 88 21 Ständet
397 1316 26 26 pä
439 1318 90 20 nämnde
545 1319 74 21 vilkor.

244 1348 10 19 I
269 1348 115 28 anledning
399 1351 61 20 häraf
473 1354 89 24 uppstod
577 1354 92 26 följande
688 1356 130 22 diskussion:
892 1386 2 2 ;

245 1382 53 20 Herr
314 1384 132 21 Mechelin
462 1387 96 21 erinrade
573 1390 30 18 att
613 1390 66 26 enligt
689 1390 230 30 landtdagsordningen

176 1415 13 19 å
208 1415 156 23 Statsutskottet
383 1419 123 21 ankommer
526 1424 29 18 att
570 1422 116 22 bestämma
701 1426 92 20 arvoden
813 1427 31 20 för
859 1428 60 21 Stån-

176 1450 52 20 dens
244 1451 177 30 kanslibetjening
437 1457 53 18 samt
505 1456 124 22 hemställde
644 1465 34 13 om
698 1460 48 20 icke
765 1461 6 19 i
791 1461 51 28 följd
861 1463 61 21 häraf
