992 1725
192 136 41 21 162

164 198 58 29 gärd
236 196 96 24 deremot
351 198 47 22 från
415 196 127 23 ständernes
557 192 48 27 sida
621 198 18 28 ej
655 195 52 23 böra
722 193 86 25 komma
823 195 6 23 i
845 196 70 30 fråga,

163 237 53 17 utan
234 232 142 29 vidtagandet
393 233 24 21 af
431 232 78 28 nödige
525 231 101 29 åtgärder
644 232 3 21 i
663 232 70 20 ämnet
749 230 52 22 böra
815 230 45 22 helt
874 231 42 21 och

164 266 68 23 hållet
246 267 23 21 få
284 267 51 21 bero
351 267 25 21 af
388 267 135 28 regeringen.
552 266 46 29 Jag
614 266 83 21 befarar
711 265 110 21 dessutom
832 269 31 18 att
874 265 42 22 frå-

165 309 55 21 gan,
238 309 35 14 om
291 301 42 22 den
353 304 109 25 upptoges
482 301 36 22 vid
533 299 143 30 landtdagen,
691 299 72 22 kunde
777 300 28 29 pä
819 304 31 17 ett
865 300 52 22 eller

165 337 67 20 annat
245 334 44 23 håll
304 335 70 22 väcka
389 335 104 29 misshag.
932 363 3 3 N

234 373 58 24 Herr
306 374 158 30 Tengström
485 374 96 29 föreslog
596 378 32 19 att
642 373 117 30 petitionen
774 375 76 27 mätte,
865 377 51 20 utan

166 409 76 23 vidare
257 410 88 29 åtgärd,
360 408 78 23 endast
452 409 76 30 läggas
544 409 33 22 till
593 409 162 28 handlingarne.

235 447 135 24 Företrädde
384 456 27 15 en
427 449 126 28 deputation
568 449 49 22 frän
633 449 120 28 högloflige
767 449 150 28 ridderskapet

166 482 42 23 och
227 483 63 22 adeln
309 482 68 23 under
396 483 119 22 anförande
529 484 24 21 af
568 483 90 21 friherre
674 482 60 21 Hans
749 481 83 23 Gustaf
844 483 73 28 Boije,

166 524 48 15 som
229 515 138 29 meddelade,
383 521 31 18 att
428 517 151 28 ridderskapet
593 517 41 22 och
651 516 62 22 adeln
728 516 37 22 vid
776 516 87 29 plenum
875 517 42 22 den

167 552 29 21 20
210 551 82 22 dennes
309 552 30 28 pä
356 551 190 29 borgareständets
565 551 129 29 inhjudning
713 551 84 22 förenat
811 551 34 29 sig
859 552 7 21 i
882 559 36 21 pe-

167 586 93 22 titionen
280 593 36 15 om
335 586 122 29 periodiskt
474 586 176 22 äterkommande
669 585 128 29 landtdagar
811 589 56 19 samt
881 586 36 22 vid

168 627 29 15 nu
213 620 117 29 pästäende
345 620 87 29 plenum
448 620 87 22 beslutit
550 623 32 18 att
597 620 34 22 för
645 620 34 21 sin
693 619 35 22 del
742 620 110 22 remittera
863 628 55 14 sam-

167 662 37 14 ma
221 654 92 28 petition
331 655 34 21 till
380 654 126 22 ständernes
521 654 108 22 allmänna
644 654 182 28 besvärsutskott,
841 654 7 22 i
863 654 55 22 hvil-

168 688 43 22 ken
226 688 77 30 ätgärd
318 687 179 31 borgareständet
511 688 86 29 inbjöds
613 692 32 18 att
659 688 92 30 deltaga.

237 721 59 24 Herr
310 723 149 22 talmannen
475 722 118 22 betackade
608 723 154 28 deputationen
777 722 42 22 och
831 722 87 22 tillkän-

169 757 77 29 nagaf,
265 760 32 18 att
310 756 158 23 underrättelse
482 764 35 14 om
532 757 37 21 det
585 757 82 27 beslut,
682 764 46 14 som
743 757 7 21 i
765 757 117 29 anledning
897 757 24 21 af

169 791 43 21 den
230 790 83 23 skedda
331 791 155 29 inbjudningen
505 790 72 23 blefve
592 792 25 21 af
628 790 87 23 ståndet
730 791 89 26 fattadt,
833 791 86 22 komme

170 828 32 18 att
216 825 150 29 ridderskapet
380 825 42 22 och
437 825 62 22 adeln
514 826 93 22 likasom
621 826 28 22 de
665 826 70 28 öfriga
750 826 91 21 ständen
855 826 64 22 fram-

169 859 61 22 deles
244 859 117 23 meddelas.

238 893 72 24 Sedan
326 894 156 29 deputationen
496 894 45 23 åter
557 895 90 27 afträdt,
664 894 131 22 framställde
811 894 48 22 herr
873 893 47 22 tal-

170 935 111 14 mannen
300 929 136 28 proposition
455 929 112 28 angäende
585 929 49 22 herr
649 927 116 22 Hultmans
780 929 140 21 ofvannämn-

170 962 29 21 da
217 962 92 28 petition
325 963 43 21 N:o
383 963 25 26 6,
430 963 99 22 afseende
547 964 76 21 remiss
642 963 65 22 deraf
722 963 34 21 till
774 963 95 22 ständets
884 971 36 14 en-

170 997 73 21 skilda
261 997 184 26 besvärsutskott;
463 997 40 21 och
523 1005 47 14 som
585 997 72 22 denna
671 997 135 29 proposition
821 997 100 22 besvara-

170 1031 40 21 des
225 1031 48 22 med
289 1031 107 22 blandade
408 1032 24 28 ja
446 1031 41 22 och
502 1032 44 28 nej,
561 1032 77 22 skreds
653 1032 33 21 till
698 1031 100 29 votering
809 1031 47 22 med
867 1032 54 21 slut-

170 1072 29 14 na
213 1065 82 28 sedlar,
313 1065 102 26 hvarvid,
434 1065 65 22 sedan
517 1073 27 14 en
563 1065 171 30 voteringssedel
750 1065 71 23 blifvit
836 1065 86 29 aflagd,

171 1100 29 19 20
218 1099 70 21 röster
305 1099 79 22 utföllo
403 1100 35 21 för
453 1100 23 28 ja
490 1100 41 21 och
548 1101 24 20 11
589 1101 34 21 för
638 1100 45 29 nej;
697 1099 8 22 i
720 1099 54 29 följd
789 1099 79 22 hvaraf
880 1100 42 21 frä-

172 1140 42 22 gan
233 1133 85 22 komme
337 1137 31 19 att
386 1134 33 22 till
435 1135 95 22 ständets
545 1134 102 24 enskilda
662 1133 173 23 besvärsutskott
849 1134 74 22 remit-

171 1171 65 18 teras.

241 1200 57 23 Herr
312 1196 142 36 Öhrnberg
472 1203 95 29 begärde
585 1202 64 24 ordet
667 1202 41 23 och
727 1201 83 28 anhöll,
828 1202 7 22 i
850 1201 73 23 anled-

171 1236 53 28 ning
243 1236 25 22 af
283 1236 152 29 ridderskapet
454 1237 40 21 och
513 1237 74 22 adelns
606 1236 179 30 borgareständet
798 1244 53 22 nyss
865 1236 59 22 med-

172 1269 77 22 delade
270 1270 130 30 inbjudning
418 1274 32 18 att
468 1271 87 29 deltaga
573 1272 7 21 i
599 1271 144 23 tillsättandet
757 1272 25 21 af
793 1274 32 18 ett
838 1278 87 22 gemen-

172 1307 57 18 samt
247 1305 175 22 besvärsutskott
440 1306 34 21 för
492 1306 99 28 samtlige
609 1305 104 28 stånden,
731 1308 32 19 att
777 1305 70 22 denna
863 1305 62 29 fråga

172 1344 28 16 nu
220 1339 66 21 måtte
304 1339 120 28 företagas,
442 1339 89 21 emedan
550 1340 112 28 utgången
679 1340 26 21 af
716 1334 127 27 densamma
853 1339 72 21 kunde

172 1373 93 27 inverka
286 1373 28 28 på
338 1373 156 29 behandlingen
513 1374 25 22 af
553 1374 27 22 de
599 1375 58 21 ännu
676 1374 29 28 på
719 1373 155 29 föredragning
888 1372 37 23 be-

172 1403 80 25 roende
268 1408 149 27 petitionerne.

242 1441 36 22 Då
296 1441 92 22 nämnde
409 1441 61 30 fråga
489 1450 26 13 nu
532 1443 24 21 af
569 1443 49 22 herr
637 1443 152 22 talmannen
805 1441 33 23 till
855 1441 71 24 öfver-
