992 1725
773 132 41 22 239

84 192 62 24 slutit
168 194 35 30 sig
225 194 35 23 för
282 193 142 29 förlängning
445 192 34 22 till
501 193 42 22 den
564 194 9 20 1
595 193 181 23 nästkommande
790 196 53 28 mäj,

85 229 56 23 hade
163 228 152 28 ridderskapet
336 228 41 21 och
401 228 63 21 adeln
484 228 120 28 hänskjutit
623 228 32 21 till
671 229 174 27 expeditionsut-

84 263 84 22 skottet
186 266 32 18 att
236 262 103 29 uppsätta
356 269 26 13 en
398 262 34 21 för
447 262 43 21 alla
505 262 92 21 stånden
612 269 123 21 gemensam
751 264 93 27 petition

84 298 8 21 i
111 299 82 25 ämnet,
212 296 46 23 deri
277 297 27 21 de
323 295 92 22 sålunda
429 296 87 29 yttrade
531 296 61 21 olika
607 297 108 28 åsigterne
730 297 68 22 borde
814 297 31 22 al-

85 331 104 21 ternativt
212 331 140 24 framställas;
376 330 119 28 hvarjemte
517 330 103 22 anhållan
638 333 83 20 ansetts
740 331 54 22 böra
811 332 33 22 uti

86 365 94 22 särskild
199 365 116 22 skrifvelse
334 365 64 28 göras
416 364 40 21 hos
475 365 50 21 herr
540 364 304 23 ministerstatssekreteraren

85 406 36 15 om
137 399 156 28 föredragning
309 399 33 21 för
357 397 62 23 Ilans
434 398 105 29 Majestät
553 398 109 29 Kejsaren
677 399 26 22 af
714 400 131 27 petitionen,

86 433 88 22 hvilken
189 431 72 24 skulle
272 433 66 28 jemte
353 439 81 15 samma
448 433 116 21 skrifvelse
576 433 33 21 till
621 432 50 22 herr
681 433 164 22 ministerstats-

86 467 150 22 sekreteraren
254 466 148 23 öfversändas.
436 466 111 29 Slutligen
563 467 55 22 hade
634 467 152 29 ridderskapet
799 468 44 21 och

86 501 62 22 adeln
168 501 83 30 jemväl
270 503 71 20 ansett
359 500 53 22 hans
431 501 108 31 excellens
559 501 235 29 generalgnvernören,
809 502 35 21 sä-

86 542 47 15 som
156 536 119 28 kejserliga
293 537 100 20 senatens
411 534 143 29 ordförande,
570 534 53 23 böra
637 543 35 14 om
688 536 104 22 ståndens
808 537 36 21 be-

86 569 44 22 slut
144 569 124 29 skriftligen
284 569 143 22 underrättas.

156 603 75 23 Sedan
250 602 165 30 deputationen,
438 610 46 15 som
503 604 26 22 af
542 604 49 22 hert
606 602 149 24 talmannen
771 602 72 24 betac-

86 636 79 29 kades,
184 638 46 22 åter
249 638 91 27 afträdt,
360 638 129 22 hemställde
505 638 50 22 herr
569 638 152 22 talmannen
737 639 33 21 till
785 639 59 21 stån-

85 670 46 30 det,
148 672 106 22 huruvida
269 672 85 22 ståndet
369 672 62 27 ville,
446 672 6 21 i
469 672 101 22 afseende
586 672 13 22 å
613 672 27 22 de
656 672 75 22 vidare
748 671 96 23 formali-

86 708 82 20 teterne
187 704 37 24 vid
244 706 187 28 framställningen
450 706 25 21 af
487 706 42 22 den
545 705 150 30 underdäniga
711 704 133 30 petitionen;

86 739 77 23 förena
180 740 36 29 sig
234 740 48 22 med
302 738 150 29 ridderskapet
468 740 43 21 och
526 740 75 28 adeln,
616 740 53 22 ellet
684 738 77 24 hvilkä
775 741 69 21 andra

86 773 103 30 åtgärder
212 774 65 22 borde
296 774 7 22 i
318 774 59 22 detta
392 774 102 22 afseende
509 774 111 29 vidtagas:
641 774 42 22 och
699 774 71 22 beslöt
785 774 58 22 stän-

86 807 37 23 det
141 811 33 19 att
193 808 85 22 ansluta
292 808 34 29 sig
341 808 33 21 till
389 808 153 29 ridderskapet
557 808 42 22 och
613 808 74 22 adelns
703 808 66 22 ofvan
784 808 59 22 med-

85 841 77 23 delade
178 842 72 22 beslut
264 842 7 22 i
287 841 78 23 ämnet.

154 882 44 22 Till
211 883 109 28 justering
334 882 110 29 upplästes
460 881 99 24 ständets
573 880 172 32 pleniprotokoll
756 881 35 24 för
800 880 43 25 den

88 916 26 22 10
128 916 90 23 dennes.

154 954 34 24 På
202 956 75 22 derom
293 955 120 23 framställd
428 956 102 23 anhållan
545 955 119 31 beviljades
679 957 50 22 herr
747 954 97 25 Wende-

86 989 30 23 lin
132 991 98 29 ledighet
244 991 29 28 på
288 998 26 14 en
329 990 68 22 vecka
413 991 33 22 för
461 989 102 24 enskilda
577 990 190 30 angelägenheter.

154 1024 104 24 Ståndets
278 1025 112 28 elektorer,
409 1032 47 15 som
472 1024 120 23 emellertid
607 1023 91 29 afträdt,
714 1023 35 22 för
763 1021 80 24 anstäl-

85 1057 65 24 lande
165 1059 25 22 af
202 1059 36 21 val
253 1058 33 23 till
302 1059 138 28 suppleanter
455 1059 7 22 i
478 1061 155 20 sammansatta
647 1059 46 28 lag-
707 1058 43 22 och
761 1058 82 21 ckotio-

84 1091 160 30 mieutskottet,
267 1093 93 22 anmälte
379 1096 31 19 att
429 1093 25 22 af
466 1092 28 23 de
509 1093 59 22 förut
583 1091 62 24 valde
662 1093 48 28 fyra
725 1092 118 28 supplean-

84 1129 61 20 terne
167 1127 33 22 till
223 1127 27 22 de
269 1127 109 21 särskilda
397 1127 45 29 lag-
458 1127 42 22 och
515 1125 238 28 ekonomieutskotten,
770 1126 74 21 herrar

85 1159 124 24 Wesander
224 1161 42 22 och
282 1160 132 23 Grundfeldt
429 1169 27 14 nu
474 1162 73 22 blifvit
561 1161 34 21 till
611 1162 138 27 suppleanter
763 1159 8 23 i
787 1159 57 23 före-

84 1194 93 23 nämnde
197 1198 154 19 sammansatta
366 1196 84 21 utskott
465 1196 102 26 utsedde,
582 1194 7 23 i
606 1196 52 28 följd
675 1194 80 22 hvaraf
767 1193 28 23 de
809 1193 34 23 öf-

82 1228 48 30 rige
146 1232 78 19 tvenne
239 1230 177 28 suppleanterne;
432 1230 75 22 herrar
516 1228 57 24 C.J.
583 1228 116 30 Grönberg
711 1228 41 22 och
761 1226 83 30 Bergh,

83 1262 88 22 komma
187 1266 31 18 att
234 1264 88 27 qvarstå
336 1264 72 21 såsom
424 1264 149 28 suppleanter,
587 1263 42 22 den
644 1264 57 20 förre
716 1262 7 22 i
738 1262 47 29 lag-
800 1262 43 22 och

83 1295 43 23 den
148 1304 76 14 scnare
246 1298 7 20 i
276 1297 232 27 ekonomieutskottet;
531 1298 41 21 och
591 1298 72 21 skulle
681 1296 100 29 samtlige
797 1303 47 15 om-

84 1329 94 23 nämnde
194 1331 86 21 utskott
294 1337 77 22 genom
387 1331 204 29 protokollsutdrag
606 1331 75 22 härom
697 1330 147 22 underrättas.

152 1362 46 24 För
216 1365 157 29 päskyndande
388 1366 26 21 af
426 1365 154 29 expeditionen
596 1364 49 22 utaf
656 1364 39 22 det
709 1361 135 31 protokolls-

83 1396 91 30 utdrag,
194 1398 149 23 innefattande
358 1399 98 23 ständets
473 1399 71 22 beslut
559 1399 7 21 i
582 1399 76 29 frägan
673 1406 36 14 om
725 1395 120 30 prolonga-

84 1432 47 22 tion
147 1432 25 23 af
184 1432 143 30 landtdagen,
347 1440 46 15 som
409 1433 69 30 enligt
494 1433 78 23 fattadt
588 1433 70 22 beslut
673 1431 68 24 borde
757 1429 33 23 till
805 1436 39 17 ex-
