992 1725
789 128 27 20 57

157 191 103 22 Härefter
283 189 115 23 förehades
419 189 110 29 justering
545 189 24 21 af
584 189 142 29 protokollen
749 190 35 22 för
803 190 43 22 den

88 226 34 27 25,
138 226 28 22 28
182 225 43 22 och
240 225 27 20 29
284 224 99 22 sistlidne
400 223 129 28 september.

157 259 73 23 Sedan
253 258 74 22 herrar
345 257 107 21 Hultman
475 258 41 20 och
535 257 79 22 Krank
637 258 86 22 undfätt
746 258 100 22 tillständ

88 297 32 18 att
135 295 35 20 för
185 293 102 22 enskilda
302 291 183 30 angelägenheter
497 292 110 27 bortresa,
623 292 42 22 den
681 293 58 22 förre
755 293 29 29 pä
796 293 49 29 fyra

89 328 69 28 dagar
174 330 56 19 samt
244 327 52 22 herr
310 327 78 22 Krank
404 326 33 21 till
457 325 148 23 instundande
624 327 87 28 fredag,
731 327 115 22 äfvensom

89 362 51 21 herr
155 361 110 22 Dahlman
282 361 100 28 beviljats
398 360 97 29 ledighet
510 360 34 21 för
555 361 64 21 nästa
631 361 83 29 tisdag,
730 361 115 28 upphörde

91 395 170 22 sammanträdet
275 395 29 21 kl.
322 396 18 20 1.

648 425 21 16 In
681 425 60 16 fidem:

542 452 94 23 Sixtus
653 451 164 24 Calamnius.

293 556 122 34 Tisdagen
433 557 49 25 den
501 559 14 23 6
535 556 105 26 oktober

92 603 29 21 kl.
132 603 25 20 11
167 603 15 21 f.
190 610 28 14 m.
231 602 174 22 sammanträdde
416 602 36 22 till
467 603 89 27 plenum
567 603 7 21 i
589 602 182 30 borgareständet
789 602 59 22 stän-

92 637 49 21 dets
157 636 101 30 samtlige
272 636 146 28 medlemmar,
434 636 50 22 med
499 637 111 29 undantag
625 637 24 21 af
661 637 76 21 herrar
751 636 97 23 Wesan-

92 671 46 28 der,
153 670 117 28 Hultman,
286 671 143 27 Grundfeldt,
444 670 111 22 Dahlman
571 672 40 21 och
627 671 88 28 Krank,
735 678 48 15 som
798 670 51 22 med

93 706 99 22 ständets
207 705 132 29 begifvande
354 714 55 13 voro
425 705 49 21 från
490 706 76 21 staden
582 706 116 22 bortreste.

162 739 44 22 Till
220 740 110 28 justering
348 740 114 28 upplästes
482 739 109 23 särskilda
609 740 79 28 utdrag
704 747 25 13 ur
748 738 100 22 ständets

93 774 113 28 protokoll
221 774 35 22 för
270 774 43 21 den
328 774 27 21 25
372 774 100 22 sistlidne
488 774 122 28 september
626 777 57 19 samt
698 773 42 22 den
753 773 40 27 1,2
806 773 42 21 och

94 808 12 21 3
122 808 8 21 i
145 808 71 22 denne
237 808 89 27 månad,
348 808 113 29 angående
484 808 77 22 remiss
577 808 24 21 af
617 808 77 22 dervid
717 807 131 29 föredragne

93 842 75 29 frågor
184 842 34 21 till
232 842 165 22 vederbörande
412 842 92 22 utskott.

162 877 59 21 Herr
233 872 143 33 Öhrnberg
388 877 87 28 yttrade
487 877 63 22 härå:
565 877 78 22 Såsom
655 877 97 22 ledamot
763 875 25 21 af
796 875 53 22 eko-

94 911 182 22 nomieutskottet
297 911 64 22 utber
380 913 39 27 jag
441 911 45 29 mig
509 912 32 27 få,
563 912 69 28 enligt
650 911 120 22 utskottets
793 917 56 20 upp-

94 945 64 28 drag,
170 945 100 21 meddela
282 945 96 28 ståndet,
391 949 31 18 att
437 946 38 21 vid
486 953 82 14 samma
579 945 96 22 utskotts
689 943 160 24 sammanträde

94 979 42 22 den
153 979 12 21 3
181 979 82 22 dennes
279 980 59 21 inom
354 980 108 22 utskottet
477 980 90 22 väcktes
579 980 62 28 fråga
652 988 36 13 om
700 981 75 24 sättet,
793 978 56 21 huru

94 1013 27 22 de
137 1013 165 28 betänkanden,
321 1022 47 13 som
387 1014 109 22 utskottet
517 1014 98 21 kommer
633 1017 32 18 att
684 1013 85 29 afgifva
788 1012 63 21 öfver

94 1047 27 22 de
136 1047 34 21 till
182 1047 109 22 utskottet
303 1047 132 29 hänskjutna
446 1049 203 27 propositionerna,
663 1049 67 28 jemte
741 1047 28 21 de
780 1054 71 14 reser-

94 1081 107 27 vationer,
217 1089 47 14 som
280 1082 105 29 möjligen
399 1082 88 21 komma
502 1085 31 18 att
551 1083 77 28 åtfölja
646 1082 66 21 dessa
732 1081 119 22 betänkan-

94 1115 52 28 den,
163 1115 70 22 skulle
246 1117 99 28 samtlige
362 1117 92 21 stånden
470 1117 117 21 meddelas.
611 1117 44 21 Det
669 1116 38 29 låg
719 1115 132 29 visserligen

92 1151 98 21 närmast
204 1150 116 28 tillhands,
336 1154 31 18 att
382 1151 120 21 verkställa
517 1151 66 22 dessa
599 1149 158 23 meddelanden
775 1149 76 21 skrift-

93 1184 60 28 ligen
168 1192 80 20 genom
263 1185 80 29 utdrag
358 1193 26 13 ur
399 1185 120 22 utskottets
535 1185 124 29 protokoll,
678 1192 51 14 men
748 1184 28 21 då
791 1183 61 21 detta

93 1226 53 14 vore
161 1218 103 22 förenadt
279 1219 49 21 med
344 1220 41 21 den
401 1221 60 19 stora
473 1220 150 28 svårigheten,
639 1222 32 19 att
683 1218 169 22 medlemmarne

94 1252 60 22 inom
177 1252 93 22 stånden
293 1253 92 21 sålunda
408 1253 78 22 endast
512 1254 170 29 knapphändigt
704 1252 73 22 kunde
800 1255 52 25 taga

93 1286 125 22 kännedom
234 1294 35 14 om
285 1286 65 23 dessa
365 1288 153 21 betänkanden
535 1288 42 22 och
593 1288 170 25 reservationer,
783 1286 69 28 ansåg

94 1320 110 23 utskottet
218 1320 35 29 sig
268 1320 54 22 böra
338 1322 68 21 uttala
422 1322 42 22 den
480 1322 67 29 åsigt,
567 1325 32 19 att
617 1322 43 22 alla
680 1322 81 22 sådane
777 1320 75 21 betän-

94 1354 87 22 kanden
200 1354 42 22 och
263 1357 162 21 reservationer
448 1356 68 22 borde
540 1356 113 22 befordras
672 1356 35 21 till
730 1354 75 29 tryck,
824 1354 29 28 på

94 1389 38 22 det
146 1389 75 29 hvarje
237 1389 93 22 medlem
346 1390 24 21 af
387 1390 92 22 stånden
499 1391 66 21 måtte
585 1390 82 22 erhålla
687 1390 40 21 sitt
741 1388 113 28 exemplar

94 1423 64 22 deraf
172 1423 40 22 och
233 1423 92 23 sålunda
345 1425 69 22 sättas
430 1425 7 21 i
452 1424 87 23 tillfälle
559 1428 32 19 att
609 1424 77 23 ostörd
705 1426 52 26 taga
771 1422 83 22 känne-
