992 1725
197 116 42 22 374

376 180 100 29 ”Utdrag
488 188 25 13 ur
525 180 141 28 protokollet,
676 180 58 22 fördt
745 181 40 21 hos
798 181 130 22 bondestän-

340 215 38 22 det
398 215 12 22 å
427 215 133 29 landtcasen
575 215 8 21 i
598 214 153 29 Helsingfors,
766 215 41 22 den
824 215 25 21 12
865 215 63 21 okto-

342 250 38 21 ber
398 249 61 21 1863.

236 283 224 30 Landtdagsmannen
483 283 75 22 Klami
581 284 98 27 föreslog
701 286 32 19 att
755 283 85 22 ståndet
861 283 67 22 måtte

168 318 42 22 hos
228 318 64 23 Hans
306 318 126 29 Kejserliga
450 317 106 29 Majestät
574 318 6 23 i
600 317 174 29 underdånighet
789 318 139 28 petitionera,

168 353 38 21 det
221 352 63 22 Hans
299 352 127 29 Kejserliga
440 351 105 30 Majestät
560 353 7 20 i
583 352 67 21 nåder
665 351 52 22 ville
733 352 44 21 låta
792 351 33 22 till
836 352 92 28 gransk-

168 387 54 28 ning
237 387 114 28 förelägga
366 386 117 22 ständerna
497 386 133 29 lagförslag,
643 385 112 29 angående
767 387 26 21 de
805 386 68 21 medel
886 387 42 21 och

168 421 43 22 den
234 421 104 28 ordning,
361 421 141 29 hvarigenom
520 421 73 21 finska
607 420 91 29 språket
712 420 59 22 inom
786 420 41 22 den
842 420 7 21 i
864 419 64 23 Hans

169 455 125 29 Kejserliga
316 455 116 28 Majestäts
456 454 79 29 nådiga
556 455 131 28 förordning
706 455 25 20 af
743 455 42 21 den
801 455 10 20 1
828 454 100 22 sistlidne

168 489 88 29 augusti
275 492 81 19 utsatta
376 489 32 22 tid
427 489 56 21 skall
498 489 82 21 införas
596 489 73 21 såsom
684 489 139 28 kurialspråk
835 488 36 22 vid
881 489 47 21 lan-

169 524 49 21 dets
238 523 120 22 domstolar
379 523 41 21 och
436 523 71 28 öfriga
521 523 145 21 embetsverk.
702 523 93 22 Talaren
809 524 67 21 visste
891 523 36 21 väl

169 560 32 19 att
223 557 63 22 Hans
304 557 124 30 Kejserliga
446 557 103 29 Majestät
568 555 145 24 öfverlemnat
727 558 22 21 åt
763 557 116 29 kejserliga
895 564 33 15 se-

168 595 66 19 naten
249 592 39 22 för
306 592 95 22 Finland
420 596 32 25 att
470 592 99 22 meddela
586 592 136 22 föreskrifter
737 592 111 29 angående
863 592 65 22 verk-

170 626 140 28 ställigheten
332 626 26 22 af
377 626 91 22 berörde
492 626 79 28 nådiga
591 625 140 29 förordning,
750 634 48 13 men
817 622 68 33 ansåg
900 634 27 14 en

169 660 94 28 petition
282 661 7 20 i
308 660 146 22 omförmälda
473 660 56 29 syfte
548 660 59 22 dock
622 661 25 21 af
659 660 84 27 nöden,
759 661 24 21 af
795 660 41 22 den
852 660 75 28 orsak,

170 697 32 19 att
220 694 80 22 sådane
320 694 91 22 ärender
426 695 46 21 ofta
487 695 68 26 förut,
571 694 68 22 sedan
655 694 27 21 de
697 694 130 28 hänskjutits
843 694 33 22 till
891 702 37 14 ve-

170 728 135 22 derbörande
321 729 148 22 embetsverks
485 736 97 21 omsorg,
597 729 64 21 råkat
676 728 6 21 i
699 728 101 29 glömska
815 728 68 22 under
895 728 34 22 år-

170 762 138 28 hundraden,
331 763 53 21 eller
407 763 44 21 helt
474 762 39 22 och
533 763 68 21 hållet
619 762 100 22 förfallit.
750 762 12 21 I
778 763 67 28 öfrigt
859 762 69 29 ansåg

170 798 83 20 talaren
276 801 31 18 att
327 798 53 21 hans
401 797 82 29 förslag
501 797 73 22 kunde
593 799 122 20 remitteras
730 798 33 20 till
779 797 96 22 ständets
891 805 37 14 en-

170 832 72 21 skilda
259 832 180 21 besvärsutskott.

238 877 222 30 T-andtdagsmannen
478 877 86 22 Brusila
580 877 104 22 förenade
700 877 34 29 sig
750 878 6 21 i
772 877 84 21 Klamis
873 877 55 28 peti-

169 911 46 22 tion
231 911 41 21 och
288 912 81 27 afgaf
364 907 14 38 i
385 913 71 20 ämnet
471 915 30 18 ett
516 912 25 21 sä
555 912 96 29 lydande
667 912 106 28 skriftligt
789 911 121 22 utlätande:

238 946 51 21 ”Dä
304 945 62 22 Hans
378 945 104 30 Majestät
493 946 7 21 i
511 946 33 21 sin
556 946 81 29 nådiga
649 946 138 28 förordning,
799 945 129 22 underteck-

169 979 43 22 nad
232 980 7 21 i
258 979 135 22 Tavastehus
412 981 41 20 den
470 981 27 20 30
509 981 40 28 juli
566 981 145 21 innevarande
727 980 30 27 är,
773 980 64 28 gifvit
852 979 22 22 ät
888 979 41 22 fin-

170 1014 40 21 ska
229 1014 69 21 folket
313 1014 37 22 det
369 1015 67 28 ljufva
454 1015 54 21 löfte
523 1022 34 14 om
574 1015 71 21 finska
661 1014 100 27 språkets
777 1013 103 29 höjande,
895 1021 34 14 se-

169 1051 50 18 nast
234 1049 59 21 inom
308 1050 61 27 tjugu
385 1049 31 27 är,
431 1049 33 21 till
478 1049 46 21 sina
540 1049 109 28 naturliga
664 1048 135 29 rättigheter,
815 1047 114 22 lemnande

169 1082 23 21 ät
210 1082 118 29 kejserliga
347 1085 89 19 senaten
456 1087 32 17 att
503 1083 90 28 vidtaga
608 1083 27 21 de
651 1083 109 28 ätgärder,
776 1089 47 14 som
838 1082 7 21 i
861 1082 68 21 saken

169 1116 141 21 derförinnan
329 1117 70 21 borde
418 1117 109 29 tillgöras,
547 1117 24 22 sä
591 1117 68 28 vägar
672 1117 39 28 jag
727 1117 28 27 pä
769 1116 70 29 grund
856 1116 73 27 häraf,

169 1149 68 23 ehuru
251 1151 39 29 jag
304 1151 120 29 ingalunda
440 1152 102 21 betviflar
557 1152 119 28 kejserliga
691 1154 101 18 senatens
808 1154 78 24 trogna
897 1150 32 21 nit

168 1184 9 21 i
199 1184 60 22 detta
282 1185 111 27 afseende,
417 1186 67 21 likväl
507 1187 34 20 för
561 1186 36 21 det
617 1185 136 22 hedervärda
769 1184 160 22 bondeståndet

169 1218 115 22 framhälla
307 1220 95 27 följande
425 1220 172 28 omständighet,
620 1219 131 22 anhällande
773 1218 103 28 derjemte
897 1221 32 18 att

169 1252 68 22 saken
253 1253 65 21 mätte
334 1254 120 21 remitteras
471 1254 31 21 till
519 1254 209 22 besvärsutskottets
745 1252 157 29 bepröfvande.

238 1286 45 22 Det
298 1288 30 26 är,
344 1288 69 28 enligt
427 1288 49 22 mitt
491 1288 151 27 förmenande,
659 1291 31 17 ett
705 1290 56 19 stort
776 1287 101 28 misstag,
893 1294 36 14 om

169 1328 49 14 man
241 1324 46 19 tror
309 1324 32 18 att
358 1322 72 21 finska
448 1322 88 28 spräket
551 1322 107 28 nägonsin
675 1321 55 21 skall
747 1321 60 28 höjas
824 1321 55 21 ifrän
896 1320 33 21 sin

168 1354 52 29 läga
238 1355 42 21 och
300 1355 122 29 förtryckta
441 1356 114 29 ställning,
571 1356 24 22 sä
611 1357 66 21 framt
692 1356 48 20 icke
755 1356 174 27 tjenstemännen

168 1389 35 21 till
223 1390 49 21 hela
291 1390 32 21 sin
340 1390 130 28 uppfostran
486 1390 40 21 och
543 1390 101 28 bildning
660 1390 69 22 blifva
744 1389 81 27 finska,
841 1389 88 21 hvarfö-

168 1430 24 15 re
208 1424 41 21 och
264 1424 28 29 pä
308 1424 36 22 det
360 1427 31 19 att
407 1425 34 21 för
456 1424 73 30 hvarje
545 1424 58 23 finsk
617 1424 144 29 medborgare
777 1423 96 22 tillträde
886 1426 44 19 sto-
