992 1725
775 127 43 23 327

86 195 103 27 uppsatta
208 192 84 28 förslag
310 191 35 22 till
363 189 135 30 underdånig
514 189 123 29 ansökning
653 196 35 14 om
704 190 141 30 förlängning

86 228 26 21 af
124 227 59 22 tiden
200 227 34 20 för
249 225 145 28 landtdagens
410 231 150 14 sammanvaro
576 223 41 21 och
633 223 81 22 bifallit
729 224 73 22 dertill
814 228 32 18 att

86 261 69 30 sagde
174 260 123 28 ansökning
316 258 71 22 skulle
403 258 67 28 jemte
488 257 116 22 skrifvelse
619 258 114 22 tillsändas
749 259 97 27 general-

88 295 137 29 guvernören
247 294 35 21 för
304 295 32 20 att
358 293 33 22 till
414 292 156 29 föredragning
593 291 40 22 hos
655 291 63 23 Hans
741 292 105 29 Majestät

87 329 108 28 Kejsaren
211 327 119 26 befordras.

157 362 75 23 Sedan
254 361 142 23 förenämnda
418 360 203 29 protokollsutdrag
641 360 74 22 blifvit
733 361 113 29 uppläste,

88 397 82 22 beslöts
190 399 32 19 att
236 397 118 24 desamma,
370 395 76 21 såvida
464 395 46 21 deri
529 394 130 22 omnämnde
674 396 91 21 ärender
779 395 68 22 redan

89 431 73 22 blifvit
180 431 8 21 i
206 430 88 22 ståndet
312 429 102 28 slutligen
431 429 134 28 handlagda,
584 429 80 27 skulle,
680 429 72 22 såsom
767 430 19 28 ej
803 430 44 21 för-

89 464 121 23 anledande
225 464 34 21 till
274 463 75 22 vidare
364 463 88 28 åtgärd,
464 463 77 28 läggas
553 463 34 20 till
598 463 97 22 ständets
709 463 136 29 handlingar.

158 511 59 22 Herr
232 509 151 22 talmannen
403 508 104 29 föredrog
522 508 167 29 lagutskottets,
706 509 37 22 vid
759 510 88 27 plenum

89 545 43 22 den
150 546 28 20 24
198 544 99 22 sistlidne
315 543 119 22 november
452 542 122 28 bordlagda
589 542 136 23 betänkande
739 543 45 22 N:o
800 544 23 27 6,
839 544 8 21 i

89 580 118 28 anledning
225 579 25 21 af
266 578 63 22 Hans
344 577 125 29 Kejserliga
482 576 119 29 Majestäts
616 576 79 30 nådiga
710 578 137 28 proposition

89 613 45 23 N:o
150 614 22 26 5,
189 613 55 21 huru
259 612 38 23 vid
313 612 122 28 ansökning
450 618 35 14 om
499 611 82 29 lagfart
595 611 14 21 å
624 611 43 21 fast
681 612 107 28 egendom
804 612 44 21 för-

90 648 58 22 faras
167 647 69 27 skall,
255 647 29 22 då
301 646 112 22 sökanden
429 646 19 28 ej
464 645 43 23 kan
522 645 51 22 fullt
588 645 75 30 styrka
677 646 35 22 sin
727 646 120 22 företräda-

90 689 34 16 reg
140 682 96 22 åtkomst
250 681 34 22 till
300 680 140 29 egendomen,

158 715 73 23 Sedan
252 714 90 23 berörde
358 714 80 28 nådiga
454 713 137 29 proposition
606 716 56 19 samt
677 714 118 22 utskottets
811 714 37 22 be-

90 750 110 22 tänkande
219 749 73 22 blifvit
309 748 112 30 uppläste,
441 748 107 28 begärdes
567 747 63 23 ordet
644 748 26 22 af
682 748 96 29 följande
793 748 55 22 tala-

89 792 36 20 re,
140 784 110 28 nemligen
265 784 55 20 först

158 818 60 22 Herr
232 817 170 28 Tengström,
417 824 47 14 som
480 816 96 30 yttrade:

160 851 32 23 Så
210 852 48 21 vidt
278 852 77 28 frågan
370 851 70 28 gäller
454 850 105 30 fastighet
577 850 28 29 på
623 851 84 28 landet,
725 852 122 29 erfordras,

90 886 69 29 enligt
174 886 44 21 min
233 885 77 26 tanke,
324 888 60 19 utom
400 885 131 29 kungörelse
547 885 8 21 i
566 885 136 29 tidningarne
717 887 64 20 äfven
794 887 54 20 kun-

94 921 86 29 görelse
203 920 8 21 i
232 920 130 29 tingslagets
380 919 90 30 kyrkor.
504 919 80 22 Denna
602 920 87 28 mening
703 920 95 29 grundar
813 920 35 29 sig

92 955 70 28 derpä
173 957 32 19 att
214 954 108 29 allmogen
331 954 57 21 ännu
396 953 84 29 ganska
488 954 47 21 litet
543 953 57 22 läser
607 953 144 29 tidningarne,
761 954 88 21 hvarfö-

90 996 24 15 re
126 989 41 21 ock
178 991 32 19 ett
224 987 143 30 kungörande
382 987 78 22 endast
472 988 8 21 i
495 988 65 22 dessa
575 989 19 27 ej
610 995 52 14 vore
678 989 34 20 för
726 988 123 22 ändamålet

90 1023 138 28 tillräckligt.
260 1022 140 21 Beträffande
415 1022 69 21 sedan
498 1022 28 23 de
541 1022 72 28 begge
628 1022 128 21 alternativa
771 1023 78 21 försla-

90 1064 44 21 gen
149 1057 7 20 i
172 1057 12 28 &
201 1058 10 20 1
233 1057 25 20 af
276 1056 27 23 de
326 1056 49 21 utaf
393 1055 107 23 utskottet
515 1056 124 29 uppgjorda
653 1056 173 28 lagstadganden
841 1057 7 20 i

90 1091 82 27 ämnet,
188 1091 24 21 så
227 1097 62 14 anser
302 1091 38 28 jag
355 1090 38 22 det
408 1090 59 21 förra
482 1091 138 21 alternativet
631 1090 53 21 eller
695 1090 79 27 orden,
788 1091 60 20 ”som

92 1124 49 23 med
164 1125 50 20 stöd
236 1124 25 22 af
281 1124 70 21 bättre
373 1125 63 26 rätt”,
459 1124 66 22 hafva
543 1126 32 19 ett
593 1124 127 28 ovilkorligt
739 1124 109 21 företräde

94 1159 91 21 framför
196 1158 38 22 det
245 1158 59 22 inom
312 1158 143 29 parenthesen
465 1159 124 21 inneslutna
600 1158 117 29 uttrycket.
731 1158 45 22 Det
787 1158 62 21 klan-

90 1192 48 27 der,
157 1200 47 14 som
224 1192 96 29 grundar
335 1192 35 29 sig
385 1193 29 29 på
428 1192 89 28 börds-,
531 1192 167 28 viderboende-,
713 1193 68 21 nabo-
795 1193 54 21 eller

90 1226 154 28 lösningsrätt,
267 1226 83 29 åsyftar
372 1226 109 28 nemligen
500 1226 93 22 klander
611 1226 25 22 af
651 1226 42 22 den
712 1226 136 22 närvarande

90 1263 103 25 ägarens,
208 1260 50 22 icke
272 1260 25 21 af
310 1260 54 22 hans
379 1260 146 22 företrädares
540 1260 105 26 åtkomst,
658 1267 35 15 om
704 1260 84 22 hvilket
799 1261 50 21 sist-

90 1293 94 23 nämnda
207 1301 29 15 nu
255 1294 77 21 endast
351 1294 24 22 är
391 1294 69 28 fråga.
495 1294 47 28 Jag
557 1294 92 22 föreslår
663 1294 86 22 derföre
765 1297 32 19 att
811 1295 38 21 det

90 1328 60 22 förra
172 1327 140 23 alternativet
333 1328 25 22 af
374 1328 88 22 ståndet
480 1328 139 29 godkännes,
639 1328 88 23 likvisst
741 1328 50 22 med
806 1328 42 22 den

90 1361 258 29 redaktionsförändring
370 1365 32 19 att
420 1362 70 22 orden
511 1362 62 22 ”med
591 1362 50 22 stöd
661 1364 24 20 af
705 1362 70 22 bättre
793 1363 56 20 rätt”

90 1394 88 30 utbytas
194 1398 68 19 emot:
282 1396 40 27 ”på
337 1396 71 28 grund
424 1396 24 21 af
461 1396 70 22 bättre
546 1397 63 26 rätt”,
624 1396 53 22 eller
691 1396 78 21 hellre:
785 1396 63 21 ”med

90 1429 95 30 anspråk
200 1429 29 30 på
243 1429 71 24 bättre
324 1430 63 23 rätt.”
409 1429 77 24 Skulle
497 1430 58 23 dock
570 1431 44 22 min
629 1430 57 30 åsigt
701 1430 18 30 ej
736 1429 65 23 vinna
817 1430 32 23 bi-
