992 1725
780 118 40 21 231

94 180 97 23 ståndets
206 180 107 24 elektorer
328 180 92 28 inväljas
436 181 77 20 tvenne
529 179 33 21 till
578 181 155 20 sammansatta
747 180 46 29 lag-
809 180 42 22 och

93 215 233 26 ekonomicutskottet,
348 214 114 20 hvaremot
480 212 26 22 de
522 213 137 22 återstående
675 213 71 22 skulle
762 214 89 28 qvarstå

93 249 108 24 hvardera
216 249 7 21 i
238 248 37 22 det
290 248 94 27 utskott,
398 247 33 22 dit
447 246 41 22 han
504 247 73 22 blifvit
592 246 58 22 vald.

162 288 126 29 Föredrogs
303 290 31 20 ett
348 286 88 23 ståndet
450 286 125 23 meddeladt
590 286 78 29 utdrag
684 295 25 14 ur
720 287 131 22 bondestån-

94 322 48 23 dets
160 322 111 28 protokoll
290 323 34 21 för
339 321 42 22 den
396 321 28 22 30
440 321 99 22 sistlidne
554 321 100 26 oktober,
669 321 112 28 angående
795 322 56 22 åter-

93 357 77 22 remiss
193 356 34 22 till
245 355 222 23 ekonomicutskottet
482 355 24 21 af
522 355 61 22 detta
602 355 96 22 utskotts
716 356 136 29 ursprungli-

94 398 42 21 gen
152 390 123 29 uppgjorda
287 389 83 29 förslag
382 389 32 22 till
427 392 154 19 sammansatta
592 389 47 28 lag-
650 389 41 22 och
703 390 148 21 ekonomicut-

93 424 93 21 skottets
200 424 124 29 fördelning
340 424 6 21 i
362 423 37 22 två
414 423 125 22 divisioner.
563 422 68 23 Detta
645 423 205 30 protokollsutdrag

94 458 61 22 lades
170 458 33 23 till
218 458 98 23 ståndets
331 457 135 29 handlingar.

162 498 72 23 Sedan
250 497 39 23 här
303 497 127 22 antecknats
445 499 41 26 att,
501 497 70 29 enligt
586 497 57 22 hvad
659 498 66 22 redan
740 498 37 22 vid
789 505 62 15 sena-

94 534 33 19 ste
142 533 85 22 session
242 531 195 28 tillkännagifvits,
452 531 145 29 lagutskottet
612 539 88 15 numera
715 532 33 22 till
764 532 87 23 ståndet

93 565 115 26 inkommit
223 567 49 21 med
287 565 50 23 dess
352 565 138 23 betänkande
504 565 45 23 N:o
565 566 21 28 2,
601 566 8 22 i
624 566 117 29 anledning
756 567 25 21 af
789 566 61 22 nådi-

93 607 29 21 ga
137 600 162 29 propositionen
314 600 44 22 N:o
374 600 34 25 21,
424 600 112 28 angående
551 600 81 22 allmän
647 600 101 22 tillåtelse
764 600 33 21 till
813 608 38 14 an-

93 634 108 22 ställande
220 634 25 22 af
261 634 78 23 urtima
354 634 48 28 ting
416 634 8 22 i
440 634 65 22 civila
520 634 91 22 ärender
626 635 41 21 och
682 634 83 22 mindre
782 634 68 22 brott-

93 668 53 27 mål,
162 668 48 22 med
225 668 73 22 dertill
313 668 96 22 hörande
424 668 164 28 reservationer,
605 671 55 20 samt
674 669 14 21 å
701 668 96 22 svenska
807 668 43 22 och

92 702 72 22 finska
185 702 94 30 språken
301 702 101 22 affattade
424 702 87 29 tryckta
531 703 112 28 exemplar
662 703 25 21 af
703 702 147 24 betänkandet

90 737 66 28 jemte
171 736 185 22 reservationerne
372 736 36 23 vid
421 736 131 29 föregående
563 737 84 22 session
661 737 72 21 blifvit
745 736 33 22 till
791 736 58 22 stån-

92 770 48 22 dets
159 770 138 22 medlemmar
315 770 111 28 utdelade,
449 770 115 29 föredrogs
583 778 28 14 nu
627 770 60 23 detta
701 770 90 26 ärende;
807 770 42 22 och

92 804 87 30 yttrade
201 805 35 27 sig
255 805 36 21 vid
310 804 52 22 härä
381 804 147 29 uppkommen
542 804 126 23 diskussion
683 804 166 28 nedannämnde

92 838 67 22 talare
175 838 28 29 pä
218 839 43 21 sätt
275 845 47 16 som
339 838 74 30 följer:

160 872 58 23 Herr
234 872 138 22 Thermön:
400 872 46 30 Jag
464 873 65 29 gillar
549 873 7 22 i
575 873 43 22 allo
637 873 26 22 de
679 873 58 26 skäl,
753 881 47 14 som
815 875 34 20 ut-

91 906 93 23 skottets
200 907 111 29 pluralitet
330 907 32 22 till
382 907 50 22 stöd
448 907 34 22 för
497 907 38 22 sitt
550 907 137 22 betänkande
702 907 89 28 uttalat,
806 907 42 22 och

90 940 129 29 godkänner
238 941 115 22 utskottets
370 941 82 29 förslag
467 941 34 23 till
517 941 158 29 lagstadgande
689 941 8 22 i
712 942 83 25 ämnet;
813 941 35 22 til-

90 975 46 22 lika
158 981 63 15 anser
240 975 40 28 jag
302 975 45 28 mig
365 975 65 27 böra,
448 975 113 28 angående
576 975 27 22 de
619 975 164 27 reservationer,
799 982 49 16 som

90 1011 58 19 emot
163 1009 117 22 utskottets
296 1009 136 22 betänkande
448 1009 72 24 blifvit
535 1009 88 29 inlagde
637 1009 50 22 utaf
698 1009 74 22 herrar
785 1009 63 22 Ami-

89 1043 57 28 noff,
168 1042 98 30 Pipping
288 1043 40 21 och
352 1040 135 30 Grotenfelt,
511 1043 114 28 anmärka,
642 1043 103 23 hurusom
763 1042 43 23 den
825 1043 26 22 af

89 1076 50 22 dem
162 1076 100 30 åsyftade
283 1077 96 23 kontroll
402 1077 49 22 icke
474 1077 55 22 blott
548 1077 62 23 alltid
629 1077 68 22 måste
713 1076 68 23 blifva
796 1076 51 21 full-

89 1110 95 29 komligt
200 1111 124 27 overksam,
340 1113 50 20 utan
406 1111 42 26 ock
464 1111 37 23 vid
513 1111 67 23 sådan
593 1111 136 28 utveckling,
740 1117 48 16 som
799 1111 48 22 vårt

88 1144 224 29 rättegångsväsende
330 1145 7 23 i
356 1145 136 23 närvarande
507 1145 32 23 tid
554 1145 102 30 uppnått,
679 1144 129 29 ovilkorligt
822 1145 24 21 är

88 1178 90 23 alldeles
194 1178 138 30 öfverflödig.
361 1178 91 24 Enhvar
466 1186 49 16 som
529 1179 88 23 erhållit
631 1179 72 29 någon
721 1178 125 23 kännedom

88 1219 34 15 om
146 1212 194 29 arbetsordningen
363 1212 37 23 vid
423 1213 86 23 landets
527 1214 112 27 hofrätter,
657 1213 63 22 torde
735 1212 112 30 medgifva

88 1248 32 20 att
134 1246 27 22 de
176 1246 34 23 dit
224 1246 56 23 ifrån
296 1246 163 24 vederbörande
475 1247 158 22 underdomare
645 1246 153 23 inkommande
809 1254 37 15 ex-

87 1279 276 30 peditionsförteekningar
374 1280 72 30 aldrig
457 1281 99 28 undergå
567 1281 66 23 sådan
645 1280 136 30 granskning
793 1281 54 21 eller

86 1314 78 29 läggas
188 1314 33 23 till
244 1314 70 29 grund
337 1315 34 23 för
389 1314 82 24 sädana
489 1315 196 29 undersökningar,
703 1314 143 29 hvarigenom

86 1348 40 22 hos
147 1348 157 24 underdomare
323 1348 147 31 tilläfventyrs
490 1349 114 22 förefallne
619 1348 124 22 slarfverier
758 1348 7 21 i
781 1355 66 20 expe-

85 1381 99 23 ditionen
203 1382 73 22 kunde
295 1382 113 29 uppdagas
428 1382 41 22 och
490 1382 85 22 beifras.
614 1382 68 23 Detta
697 1380 111 32 beifrande
823 1382 26 21 af

85 1414 135 24 hoftätterne
238 1416 110 31 sjelfmant
362 1416 24 23 är
402 1416 67 23 också
485 1416 90 24 alldeles
591 1416 147 31 öfverflödigt.
768 1414 21 22 A
805 1421 40 16 ena
