992 1725
172 134 41 21 312

144 196 70 21 henne
238 196 141 21 tillerkännas
402 196 78 21 endast
498 203 33 13 om
551 196 73 28 giltivt
643 195 46 21 skäl
707 196 31 20 till
756 196 81 28 vägran
853 196 48 21 icke

144 230 127 27 förefinnes,
284 231 67 27 jemte
367 230 37 21 det
416 231 38 27 jag
470 237 62 13 anser
547 230 41 20 den
605 230 158 28 inskränkning
779 230 35 21 vid
830 230 71 20 sålun-

144 264 29 22 da
194 264 95 29 beviljad
308 264 130 29 myndighet
457 264 52 21 böra
527 264 76 28 göras,
620 268 31 17 att
665 264 88 20 dermed
770 264 48 21 icke
833 263 68 28 följde

143 299 105 29 rättighet
266 302 33 18 att
314 299 89 28 försälja
418 298 47 21 ärfd
483 298 102 28 fastighet
601 299 6 20 i
624 305 68 14 annan
710 298 93 29 ordning
818 299 27 20 än
860 297 42 22 den

144 333 37 28 lag
203 333 59 21 förut
284 332 96 29 stadgar.
418 332 44 21 Det
481 333 53 20 sista
552 335 117 18 momentet
688 332 5 21 i
711 332 138 28 paragrafen,
865 339 37 14 an-

144 367 85 28 gående
244 366 105 28 rättighet
364 367 34 20 för
413 367 32 20 till
461 366 90 28 myndig
567 367 60 20 ålder
643 367 100 20 kommen
759 367 89 26 gvinna,
864 369 38 23 att,

144 401 74 21 derest
232 401 43 21 hon
292 401 24 21 så
331 400 111 25 åstundar,
458 401 133 20 fortfarande
607 401 82 28 åtnjuta
703 400 199 29 förmyndarevård,

146 443 63 13 anser
225 436 49 27 jag,
293 435 45 21 lika
356 435 49 20 med
421 435 49 20 herr
487 429 128 34 Ölrnberg,
632 435 51 21 böra
700 435 111 21 uteslutas.
844 434 11 21 I
871 435 32 20 af-

146 469 80 22 seende
249 469 13 20 å
284 469 217 28 giftomannarätten,
523 476 46 13 som
596 469 117 21 behandlas
733 469 5 20 i
759 469 12 28 $
792 469 22 26 2,
837 475 64 21 synes

146 503 45 28 mig
210 503 74 28 hvarje
302 503 91 27 qvinna,
413 510 45 13 som
475 503 92 28 uppnått
583 503 90 28 myndig
689 503 58 20 ålder
763 503 52 21 eller
831 502 72 21 blifvit

146 537 26 21 af
184 537 95 20 domstol
294 537 92 28 myndig
402 537 118 26 förklarad,
537 537 53 21 böra
606 545 40 20 ega
661 537 44 20 rätt
720 540 41 23 att,
773 540 49 17 utan
835 536 67 29 tvång

146 579 50 13 vare
212 571 34 29 sig
262 571 47 21 från
325 571 117 21 föräldrars
458 571 51 21 eller
525 579 69 13 annan
611 572 116 28 giftomans
743 571 57 27 sida,
817 571 86 27 förfoga

147 606 62 21 öfver
224 606 34 20 sin
274 612 87 21 person.
392 605 68 21 Detta
475 605 68 21 finner
556 606 39 27 jag
612 613 51 13 vara
678 613 25 13 en
720 605 115 27 sjelffallen
849 604 53 28 följd

147 640 25 20 af
187 639 268 29 myndighetstillståndet.
493 639 65 21 Hvad
579 640 102 28 slutligen
701 639 134 21 vidkommer
850 639 53 21 sista

147 677 117 17 momentet
279 674 7 21 i
301 674 12 28 &
329 674 23 27 2,
372 674 24 20 sä
415 673 66 21 borde
500 673 34 21 väl
554 674 64 20 äfven
634 673 57 28 ogift
707 673 90 28 myndig
812 673 91 27 gvinna,

147 708 73 21 derest
243 708 42 20 hon
308 711 58 17 emot
389 707 116 21 föräldrars
528 708 53 27 vilja
600 708 65 27 gifter
684 708 34 27 sig
734 707 67 21 under
817 707 25 21 de
858 715 45 13 om-

148 742 148 27 ständigheter
316 742 12 20 2
344 742 12 28 &
372 742 12 20 6
400 742 49 26 kap.
466 740 27 22 G.
510 741 26 21 B.
553 745 113 24 upptager,
687 748 51 14 vara
757 740 146 22 underkastad

147 776 41 20 den
209 776 93 28 påföljd,
325 782 46 14 som
390 776 6 20 i
416 783 80 13 samma
515 776 104 28 paragraf
636 776 91 20 utsättes
744 776 33 20 för
793 782 38 14 son
851 775 52 21 eller

147 809 72 21 dotter
234 816 46 14 som
296 810 23 20 är
334 809 62 21 enka.

216 854 58 22 Herr
290 854 97 23 Mölsä:
418 855 34 22 Då
471 856 144 28 lagutskottet
634 856 110 28 begagnat
763 855 62 22 ordet
845 856 34 21 mö
896 855 7 21 i

148 889 73 21 stället
237 890 33 20 för
285 890 55 27 ogift
353 890 89 27 qvinna,
456 890 24 21 så
494 890 38 21 har
543 890 38 21 det
597 890 57 21 skett
670 891 33 20 för
719 893 31 18 att
765 889 96 22 undvika
877 897 25 14 en

148 923 129 29 otydlighet.
312 924 70 21 Ordet
401 925 34 20 mö
452 925 23 20 är
491 932 24 13 en
533 925 101 27 lagterm,
650 931 46 14 som
713 925 62 20 äfven
793 925 57 20 förut
867 924 35 21 be-

148 961 92 24 gagnats
262 957 41 22 och
322 958 86 21 derföre
427 958 47 21 icke
493 958 66 21 borde
579 959 72 20 kunna
668 958 142 26 missförstås,
825 957 77 22 medan

147 991 97 22 deremot
260 992 67 21 under
343 992 109 28 uttrycket
468 993 55 27 ogift
538 993 81 26 qvinna
639 992 64 21 äfven
720 992 42 20 kan
779 992 124 27 inbegripas

147 1025 67 27 enka,
234 1026 34 21 för
287 1026 87 21 hvilken
394 1026 67 21 andra
477 1026 172 29 lagstadganden
666 1026 69 28 gälla,
752 1026 99 21 hvarföre
867 1027 35 20 mö

147 1067 65 20 synes
228 1060 44 27 mig
288 1060 67 21 hellre
371 1061 52 20 böra
438 1061 117 20 användas.
586 1060 65 21 Ilvad
668 1061 53 20 sista
736 1063 117 18 momentet
869 1060 5 21 i
891 1061 13 26 $

149 1094 10 20 1
185 1093 109 28 beträffar,
317 1094 31 21 så”
364 1094 102 28 lydande:
489 1095 50 20 ”vill
560 1095 41 20 hon
622 1095 68 20 hellre
711 1094 192 29 förmyndarevärd

148 1128 72 28 njuta”
236 1131 47 24 etc.,
299 1129 23 20 så
338 1128 69 21 skulle
423 1129 62 20 äfven
496 1129 37 29 jag
545 1129 52 28 vilja
610 1129 93 20 ntesluta
716 1128 128 27 detsamma,
857 1135 47 14 men

148 1169 63 14 anser
233 1162 37 28 då,
294 1162 70 21 såsom
388 1164 62 20 äfven
472 1163 4 20 i
496 1163 143 28 lagutskottet
659 1163 135 28 föreslagits,
810 1163 6 20 i
833 1163 72 21 stället

148 1196 86 28 nödigt,
258 1199 32 17 att
308 1196 40 21 den
369 1196 110 21 blifvande
498 1198 156 28 författningen
674 1197 5 20 i
697 1198 72 20 ämnet
784 1198 19 27 ej
820 1197 85 21 komme

148 1233 32 17 att
198 1229 62 21 träda
275 1230 7 21 i
298 1230 138 22 verksamhet
451 1232 44 20 förr
511 1232 25 19 än
553 1231 66 28 några
637 1232 23 20 år
676 1230 101 27 härefter,
793 1231 24 21 så
833 1235 30 17 att
879 1231 26 21 de

148 1264 100 26 qvinnor,
268 1271 45 13 som
330 1264 27 27 på
372 1264 69 28 grund
458 1265 24 20 af
495 1265 124 21 densamwa
636 1265 71 21 blefve
724 1264 113 29 myndiga,
854 1273 50 13 vore

146 1297 7 21 i
170 1298 86 20 tillfälle
272 1301 31 17 att
318 1298 58 20 förut
392 1298 103 21 förskaffa
511 1299 33 29 sig
560 1299 27 21 de
599 1300 97 26 insigter,
709 1306 46 13 som
767 1299 72 21 dertill
853 1300 54 19 kun-

147 1331 27 21 de
197 1332 114 21 erfordras.
350 1331 62 22 Skall
435 1332 97 22 deremot
552 1334 155 26 författningen
728 1336 77 25 genast
824 1333 82 21 erhålla

148 1365 101 26 gällande
264 1366 69 26 kraft,
349 1366 23 20 så
388 1366 66 21 måste
467 1367 38 28 jag
520 1368 59 20 rösta
596 1368 33 20 för
646 1367 161 21 bibehållandet
823 1368 24 20 af
859 1367 47 21 det-

147 1402 23 18 ta
185 1403 104 24 moment,
306 1400 26 27 på
348 1400 36 21 det
400 1400 89 29 myndig
505 1401 90 27 qvinna,
612 1409 35 14 om
665 1401 42 21 hon
723 1401 68 21 finner
807 1401 34 27 sig
857 1402 49 20 sak-

148 1441 28 14 na
199 1434 98 28 förmåga
320 1437 30 18 att
374 1434 117 29 behörigen
510 1435 67 22 vårda
595 1436 47 20 sina
663 1434 188 29 angelägenheter,
872 1436 34 21 må
