992 1725
773 136 41 24 381

84 207 30 20 ett
129 207 134 27 gemensamt
278 211 64 15 namn
358 204 80 27 kallas,
454 204 63 28 ingen
534 211 72 14 annan
621 204 28 21 än
665 207 32 19 att
712 204 89 24 afskära
812 208 31 19 ta-

84 239 35 22 lan
135 240 28 28 pä
175 239 71 28 grund
258 238 26 21 af
294 238 75 22 börds-
381 238 41 21 och
434 237 89 22 dermed
535 238 94 28 analoga
641 238 202 31 lösningsanspräk.

84 273 36 22 Då
138 272 85 23 således
239 273 50 28 laga
304 272 63 23 stånd
382 272 13 21 ä
410 279 26 14 en
453 272 257 29 fastighetsöfverlätelse
725 273 119 29 betryggar

84 308 42 21 den
146 306 136 22 närvarande
302 307 79 28 ägaren
397 305 77 24 endast
489 309 58 20 emot
563 306 53 23 hans
633 307 137 28 fängesmans
786 308 58 21 frän-

84 341 50 23 ders
146 341 76 22 börds-
234 340 40 22 och
287 340 205 29 lösningsanspräk,
507 348 49 13 men
572 340 89 22 alldeles
677 341 48 22 icke
737 344 59 21 emot
807 341 38 24 det

84 375 99 27 klander,
198 383 47 14 som
261 375 29 28 pä
304 375 70 28 grund
390 375 24 20 af
427 375 129 28 äganderätt
570 374 43 21 kan
630 375 90 28 väckas,
733 383 63 14 anser
805 377 39 27 jag

84 409 38 22 det
139 417 53 14 vara
208 409 134 27 fullkomligt
358 409 120 28 ocgentligt
493 411 32 19 att
539 409 160 22 företrädarens
714 410 83 29 lagliga
812 410 32 22 ät-

84 443 74 24 komst
173 443 35 24 för
223 442 108 25 vinnande
347 443 24 20 af
384 443 80 28 lagfart
479 443 68 24 måste
563 443 98 28 styrkas;
676 451 48 16 mon
740 444 104 29 stadgan-

84 477 38 24 det
139 477 75 24 härom
230 477 63 22 faller
308 477 138 28 naturligtvis
462 477 49 22 dem
526 477 33 20 till
576 477 53 27 last,
645 484 46 15 som
707 477 136 30 åvägabragt

85 511 75 30 kongl,
176 511 149 28 förklaringen
341 511 25 21 af
378 511 42 21 den
436 511 27 21 14
479 512 41 29 maj
538 511 63 21 1805.
631 511 49 22 Den
696 512 148 29 ifrågavaran-

86 545 26 24 de
128 545 80 31 nådiga
223 545 163 28 propositionen
403 552 65 21 synes
484 545 46 21 afse
546 545 155 28 aflägsnandet
715 547 25 20 af
752 545 27 22 de
795 546 49 21 svå-

85 580 102 28 righeter,
202 587 48 14 som
265 579 37 22 vid
317 580 166 28 tillämpningen
499 580 24 21 af
537 580 56 20 1805
609 579 34 22 års
656 580 121 28 förklaring
788 588 56 20 upp-

86 614 64 26 stått;
172 621 49 17 men
244 614 44 28 mig
306 620 75 22 synes,
401 616 32 20 att
450 621 50 14 man
520 613 73 21 häruti
612 614 119 28 ingalunda
745 613 98 29 lyckats,

85 651 51 20 utan
159 649 95 21 tvärtom
272 648 92 21 kommit
382 647 34 21 till
434 648 121 27 resultater,
571 654 47 15 som
633 648 38 21 äro
687 648 64 30 ännu
759 648 84 22 mindre

86 682 192 29 ändamålsenliga.
313 682 44 21 Om
376 682 107 28 nemligen
499 682 42 22 den
557 682 124 28 föreslagna
695 682 148 28 kungörelsen

86 724 35 14 om
136 724 27 14 en
179 716 253 29 fastighetsöfverlåtelse
448 716 56 24 skall
519 716 40 22 ske
574 716 35 21 för
620 719 31 18 att
663 724 110 20 uppmana
783 715 60 28 dem,

86 758 46 15 som
144 750 74 22 kunna
230 750 66 22 hafva
307 750 74 21 börds-
389 750 53 22 eller
449 750 76 29 dylika
533 750 200 28 lösningsanspråk,
745 752 33 19 att
789 750 55 29 göra

86 784 48 24 dem
153 784 113 30 gällande,
284 784 24 21 så
327 785 24 21 är
369 786 31 20 ett
415 784 78 22 sådant
508 784 142 29 kungörande
666 784 90 22 alldeles
772 784 72 23 öfver-

86 818 89 30 flödigt;
198 822 24 24 ty
241 818 65 22 sedan
326 818 80 31 lagfart
420 818 112 29 beviljats,
548 818 103 29 antingen
667 819 59 22 detta
740 818 59 23 skett
814 817 29 31 på

86 853 71 29 grund
169 853 24 24 af
203 852 142 29 fullständiga
356 852 53 22 eller
421 852 49 22 icke
482 852 144 29 fullständiga
637 852 137 29 handlingar,
782 852 62 23 kom-

86 895 45 16 mer
146 887 6 21 i
168 887 43 21 alla
227 887 38 21 fall
280 887 157 22 underrättelse
450 895 35 13 om
498 887 108 28 lagfarten
619 890 31 18 att
661 887 126 28 offentligen
800 886 44 21 till-

86 921 155 28 kännagifvas,
264 921 28 28 på
314 922 44 20 sätt
376 920 74 22 derom
469 921 7 21 i
495 921 182 28 författningarne
695 921 71 22 finnes
785 920 59 22 stad-

86 955 63 29 gadt,
172 955 110 24 hvarefter
303 955 165 24 vederbörande
488 955 69 22 blifva
576 955 8 21 i
603 955 86 23 tillfälle
705 957 31 20 att
751 955 33 22 sin
800 955 44 21 rätt

86 989 90 24 bevaka,
214 989 44 22 Om
280 989 46 24 åter
344 989 7 23 i
370 989 37 22 det
426 989 125 29 föreslagna
566 989 131 29 stadgandet
711 988 57 24 skall
783 988 62 29 ligga

86 1023 41 23 den
143 1023 89 28 mening
247 1025 41 25 att,
303 1023 49 21 med
368 1023 92 28 ändring
476 1023 25 22 af
513 1023 76 22 härom
605 1024 58 21 förut
674 1022 101 29 gällande
787 1023 57 20 före-

86 1057 94 28 skrifter,
196 1057 60 24 tiden
272 1058 34 23 för
321 1057 164 23 framställande
499 1058 25 21 af
536 1056 237 30 eganderättsanspråk
787 1055 57 24 deri-

86 1099 79 22 genom
180 1092 80 21 blifver
275 1091 115 22 inskränkt
404 1091 34 22 till
454 1095 47 18 natt
516 1091 41 22 och
573 1091 24 22 år
612 1091 54 22 efter
681 1090 162 29 kungörandet,

86 1125 24 24 så
122 1133 64 21 synes
198 1126 45 28 mig
255 1125 71 24 denna
339 1125 31 22 tid
382 1125 147 29 ovilkorligen
541 1133 54 16 vara
608 1125 34 24 för
653 1125 60 27 kort,
721 1124 42 21 och
771 1126 31 19 ett
809 1124 35 21 sä-

86 1160 52 23 dant
145 1160 82 28 lagbud
236 1160 70 21 skulle
314 1160 66 22 hafva
388 1160 32 21 till
428 1160 92 28 påföljd,
529 1162 31 19 att
568 1160 91 28 mången
668 1159 72 21 blefve
748 1158 28 28 pä
783 1158 62 29 olag-

86 1194 42 29 ligt
139 1195 43 22 sätt
194 1194 83 22 afhänd
288 1194 34 21 sin
334 1194 114 28 egendom,
460 1197 52 19 utan
523 1194 115 29 möjlighet
649 1196 32 18 att
692 1192 23 22 fä
722 1192 42 22 den
772 1192 73 24 tillba-

86 1228 34 24 ka,
144 1227 46 22 Det
204 1228 72 22 kunde
291 1231 15 19 t.
322 1236 33 14 ex.
372 1228 77 28 hända,
465 1231 32 19 att
511 1229 56 21 rätte
583 1228 81 28 ägaren
675 1234 52 15 vore
739 1226 106 29 omyndig

86 1262 41 22 och
146 1262 98 24 saknade
262 1262 150 29 förmyndare,
428 1265 60 19 utom
503 1262 80 29 mänga
599 1261 66 22 andra
680 1261 50 27 fall,
745 1260 29 22 dä
789 1261 56 21 rätte

86 1297 79 28 ägaren
186 1296 56 22 först
256 1297 55 23 efter
326 1304 27 14 en
368 1296 75 28 längre
459 1296 33 24 tid
507 1296 42 23 blir
563 1295 92 31 upplyst
670 1302 35 17 om
721 1295 26 22 de
763 1294 82 22 förhäl-

85 1330 90 26 landen,
194 1337 48 14 som
257 1330 85 28 grunda
357 1330 55 22 hans
427 1331 43 23 rätt
486 1330 34 22 till
535 1330 136 29 lägenheten.
701 1328 36 23 Dä
749 1329 39 28 jag
803 1328 42 22 lik-

86 1364 35 23 väl
142 1364 49 21 icke
206 1365 24 20 är
246 1364 49 24 fullt
310 1364 71 27 säker,
397 1364 109 24 huruvida
521 1364 72 24 denna
608 1364 43 21 min
667 1362 140 29 uppfattning
822 1362 25 21 af

84 1398 156 27 lagutskottets
260 1398 83 28 förslag
358 1399 24 22 är
397 1398 78 28 riktig,
491 1399 51 22 enär
558 1396 238 30 framställningssättet
810 1396 35 21 sä-

84 1431 37 24 väl
140 1432 6 21 i
165 1432 93 24 nämnde
277 1432 83 29 förslag
382 1439 48 16 som
448 1433 8 23 i
474 1432 43 25 den
536 1432 81 30 nådiga
635 1430 166 32 propositionen
816 1429 30 30 pä
