992 1725
192 122 41 20 124

161 183 87 28 hoppas
262 182 42 22 och
320 182 88 23 anhålla
423 182 22 23 vi
461 182 126 29 ödmjukast
603 184 32 20 att
647 182 114 30 välloflige
772 183 149 28 borgarestån-

162 217 49 27 det,
233 220 102 26 nogsamt
357 216 102 22 inseende
482 219 77 26 nyttan
577 216 42 22 och
639 216 193 30 nödvändigheten
850 217 71 28 deraf,

164 251 109 29 behjertar
290 251 68 22 saken
378 251 41 21 och
438 251 95 29 benäget
551 251 72 21 såsom
639 251 40 21 sitt
693 254 50 26 eget
757 254 90 26 antager
862 250 60 22 detta

162 286 210 28 petitionsförslag.”

231 325 128 28 Läsningen
375 326 25 21 af
413 325 135 22 förestående
563 325 114 22 memorial
692 325 84 22 afbröts
791 333 78 22 genom
885 333 36 14 an-

163 359 101 22 komsten
286 359 26 22 af
332 367 27 14 en
378 359 128 28 deputation
525 359 48 22 från
589 359 38 21 det
641 359 135 22 hedervärda
791 359 131 22 bondestån-

163 393 49 28 det,
229 393 71 22 under
318 393 120 22 anförande
457 393 25 22 af
494 393 87 22 bonden
597 393 74 22 Petter
685 393 174 28 Kumpulainen,
874 400 47 15 som

163 428 123 22 inlemnade
305 427 80 29 utdrag
404 428 24 21 af
440 427 97 22 ständets
552 427 113 28 protokoll
680 427 35 22 för
729 427 41 22 den
788 428 25 20 12
829 427 8 22 i
851 427 70 22 denne

163 461 90 28 månad,
272 462 114 21 utvisande
406 465 31 17 att
455 461 68 22 sedan
541 461 8 21 i
564 461 87 22 ståndet
666 461 62 30 fråga
742 461 77 22 väckts
835 464 31 19 att
880 461 41 22 hos

164 495 64 22 Hans
249 495 126 29 Kejserliga
397 495 106 29 Majestät
524 495 159 30 underdånigst
705 495 86 22 anhålla
809 498 32 19 att
858 495 63 22 Hans

162 529 108 30 Majestät
284 529 51 22 ville
350 530 8 21 i
373 529 67 22 nåder
455 530 113 28 förelägga
583 529 86 22 landets
681 537 28 14 nu
721 529 130 22 församlade
863 529 58 22 stän-

163 564 41 22 der
221 565 19 28 ej
259 564 84 22 mindre
361 564 138 29 proposition
518 564 34 21 till
567 563 69 23 sådan
651 564 223 30 grundlagsändring,
889 566 32 19 att

163 599 107 28 landtdag
287 599 73 21 blefve
379 598 170 22 sammankallad
567 598 144 28 regelbundet
729 598 63 21 hvart
807 598 67 28 tredje
889 598 31 27 år,

163 633 29 21 än
206 633 44 21 ock
264 633 84 28 förslag
363 633 32 21 till
412 632 189 30 tryckfrihetslag,
617 633 24 21 så
655 632 55 22 hade
725 632 91 22 berörde
831 632 90 22 ärender

164 666 75 22 blifvit
253 667 25 21 af
289 666 87 22 ståndet
391 666 33 22 till
440 666 50 22 dess
506 666 99 22 enskilda
621 666 175 22 besvärsutskott
807 666 113 22 öfverlem-

163 700 68 26 nade;
244 701 120 28 hvarjemte
378 700 162 29 Kumpulainen
556 700 138 28 meddelade,
709 703 32 19 att
755 700 165 28 bondeståndet,

163 735 10 21 i
196 735 116 28 anledning
334 736 26 20 af
375 735 122 29 högloflige
515 734 154 29 ridderskapet
687 735 40 21 och
744 734 75 22 adelns
834 734 86 29 inbjud-

164 769 66 29 ning,
249 769 83 21 förenat
351 769 35 28 sig
404 768 49 22 med
472 768 92 22 nämnde
580 769 64 21 stånd
661 776 34 14 om
711 768 210 29 tacksägelseadres-

164 810 36 15 ser
222 803 34 21 till
275 802 123 30 Rysslands
417 803 42 21 och
479 802 103 29 Sveriges
603 803 47 22 folk
665 803 34 21 för
715 803 104 28 bidragen
833 802 34 22 till
881 803 39 21 nö-

164 836 54 23 dens
233 836 125 29 lindrande,
373 838 112 21 äfvensom
500 840 31 18 att
546 837 41 21 hos
601 836 94 22 nämnde
709 836 64 22 stånd
789 837 61 29 fråga
865 844 55 22 upp-

163 872 65 27 stått,
242 879 49 14 men
306 872 58 21 ännu
379 871 97 22 berodde
490 872 29 28 på
533 871 88 30 åtgärd,
638 871 112 29 angående
765 879 26 14 en
805 871 115 29 lämpliga-

164 913 25 14 re
206 905 149 29 organisation
370 906 26 21 af
407 905 83 22 indelta
504 905 71 22 finska
589 906 109 21 militären
714 908 55 19 samt
785 913 26 14 en
823 906 96 28 jemnare

164 939 125 30 fördelning
304 940 24 21 af
340 939 43 22 den
398 939 88 22 dermed
501 939 104 22 förenade
619 942 94 27 tungan,
728 939 125 30 isynnerhet
865 947 55 21 upp-

164 973 128 30 byggandet
306 973 25 22 af
343 974 27 21 de
386 974 34 21 för
435 974 117 21 militärens
568 974 69 21 behof
650 972 80 30 nödige
746 977 83 25 torpen.

232 1013 59 22 Herr
305 1014 153 21 talmannen
480 1013 119 22 betackade
617 1013 167 29 deputationen,
806 1013 52 22 derå
875 1013 44 22 den

164 1047 101 23 afträdde
280 1051 56 19 samt
350 1049 50 21 herr
414 1048 120 29 Bergstedt
549 1049 102 20 fortsatte
665 1047 114 29 läsningen
794 1047 24 22 af
831 1047 37 22 sitt
883 1048 37 21 be-

163 1082 187 26 svärsmemorial;
365 1082 42 21 och
422 1082 67 22 sedan
504 1082 88 21 dermed
608 1082 89 21 hunnits
712 1081 33 22 till
757 1081 52 28 slut,
821 1081 47 22 blef
876 1088 44 14 me-

163 1117 101 21 morialet
282 1116 159 22 öfverlemnadt
459 1117 33 20 till
512 1116 97 22 ståndets
624 1115 99 23 enskilda
738 1115 181 22 besvärsutskott.

232 1149 59 23 Herr
306 1149 142 23 Träskelin
467 1150 101 29 uppläste
583 1150 97 29 följande
695 1149 224 29 petitionsmemorial:

232 1184 53 22 ”Uti
302 1184 12 20 2
330 1186 14 26 &
361 1185 25 20 17
402 1185 51 28 kap.
468 1184 27 22 R.
511 1185 27 21 B.
554 1185 101 28 stadgas,
674 1187 31 19 att
720 1191 35 14 om
770 1184 73 28 någon
857 1184 63 21 bero-

163 1226 41 21 par
222 1219 35 28 sig
275 1218 13 22 å
306 1218 82 22 böcker
406 1219 62 21 öfver
484 1218 79 22 handel
579 1218 41 22 och
635 1218 140 28 köpenskap,
790 1218 64 21 dessa
869 1218 51 22 böc-

162 1252 40 22 ker
221 1253 63 21 skola
298 1252 60 28 gälla
376 1253 35 21 för
430 1253 49 21 fullt
498 1253 70 27 bevis,
587 1252 39 22 der
641 1252 53 28 den,
709 1259 47 14 som
772 1252 71 21 boken
857 1252 64 21 hällit

162 1286 55 22 eller
238 1286 58 22 hälla
316 1286 61 27 låtit,
396 1286 42 22 den
457 1286 49 22 med
525 1287 28 21 ed
571 1294 87 14 sannar.
691 1286 68 22 Detta
774 1286 83 22 vitsord
873 1293 46 14 som

162 1320 102 22 hitintills
279 1320 127 22 tillkommit
421 1321 76 21 endast
512 1320 196 29 köpmansböcker,
723 1320 63 21 torde
801 1320 68 26 dock,
884 1326 37 14 en-

162 1354 44 29 ligt
219 1355 44 21 min
278 1354 77 28 tanke,
370 1354 54 22 böra
439 1355 140 22 tillerkännas
592 1356 66 20 äfven
670 1353 197 23 landthandlandes
879 1353 41 21 och

163 1388 172 22 fabriksidkares
358 1388 7 22 i
388 1388 48 22 stad
459 1389 113 22 enahanda
590 1389 90 27 böcker,
699 1388 59 22 dock
777 1387 90 22 sälunda
889 1390 32 19 att

162 1422 133 29 lagsökning
315 1422 29 29 pä
362 1423 71 29 grund
452 1424 24 22 af
491 1423 94 29 räkning
603 1423 42 22 bör
660 1422 38 23 ske
713 1423 60 22 inom
787 1424 32 20 ett
833 1421 24 22 är
872 1420 48 24 frän
