992 1725
184 118 26 20 82

224 179 46 29 Jag
292 179 68 29 vågar
382 179 87 28 hoppas
488 181 31 19 att
537 178 114 28 vällofliga
671 178 179 30 borgareståndet
864 180 51 22 full-

156 213 95 29 komligt
266 212 57 22 skall
338 213 50 22 dela
402 212 73 22 denna
489 213 44 21 min
548 212 78 29 åsigt.”

226 252 47 22 Vid
288 252 42 22 den
346 252 128 22 diskussion
488 259 47 15 som
547 252 8 21 i
568 252 71 22 ämnet
649 252 108 29 uppstod,
773 252 86 29 yttrade
870 252 44 28 sig:

226 293 59 21 Herr
299 291 133 29 Juselius,
452 299 47 15 som
514 292 105 22 förmälde
635 292 44 29 sig,
694 292 69 22 sedan
777 292 50 22 herr
842 291 73 23 Grön-

158 328 54 28 berg
227 333 90 15 numera
332 327 99 21 närmare
447 327 107 21 förklarat
565 326 42 22 och
619 326 70 29 utlagt
700 327 48 21 sina
759 327 81 28 åsigter
851 327 7 21 i
870 328 45 21 äm-

158 364 46 25 net,
227 368 68 22 gerna
316 361 54 28 vilja
388 361 49 21 med
456 361 34 21 sin
509 362 46 20 röst
574 361 132 22 understöda
720 361 121 28 motionen,
857 361 58 22 dock

158 395 50 22 med
230 395 73 22 vilkor
321 397 32 19 att
371 395 43 21 den
432 395 167 28 ifrågavarande
614 395 251 28 tacksägelseadressen,
880 396 34 21 till

158 429 76 22 hvilka
252 429 143 22 auktoriteter
412 429 43 21 den
474 430 27 20 än
516 429 86 22 komme
617 432 31 18 att
663 429 138 28 expedieras,
817 430 98 28 uttryck-

158 464 60 29 ligen
240 463 72 22 skulle
334 470 53 15 vara
405 463 68 22 ställd
490 463 33 21 till
543 463 37 21 det
597 463 66 29 ryska
679 463 41 22 och
736 463 95 22 svenska
845 463 70 22 folket

159 500 56 20 samt
230 499 32 20 att
276 497 28 22 de
319 497 69 22 andra
402 497 91 22 stånden
508 497 65 22 äfven
588 497 103 22 förenade
706 497 35 30 sig
756 505 35 14 om
803 497 111 22 aflåtande

158 532 26 22 af
195 539 27 14 en
236 531 68 22 sådan
320 531 82 22 adress.

228 565 59 22 Herr
302 559 143 36 Öhrnberg
460 565 69 29 ansåg
543 565 77 30 frågan
634 568 52 19 utan
702 566 75 22 vidare
789 566 125 22 diskussion

159 601 55 22 böra
229 600 35 21 till
278 600 100 22 närmare
393 600 120 29 beredning
525 600 142 22 öfverlemnas
679 600 34 22 till
725 601 97 21 ståndets
833 601 81 22 enskil-

159 638 23 18 ta
196 634 184 22 besvärsutskott.

228 668 60 27 Herr
302 668 112 22 Hildén:
436 668 47 30 Jag
504 668 33 22 får
558 669 8 21 i
588 668 117 30 anledning
727 669 25 21 af
767 669 50 21 herr
834 669 80 22 Juselii

160 702 102 30 yttrande
284 703 106 21 anmärka
412 705 32 19 att
462 702 119 22 detsamma
599 703 67 29 något
681 703 84 21 afviker
780 703 48 22 från
843 704 71 20 öfver-

160 736 200 29 läggningsämnet.
389 736 59 22 Herr
473 736 126 30 Grönbergs
621 737 81 21 motion
721 737 40 29 går
778 737 49 22 icke
844 740 24 18 ut
885 737 30 29 pä

160 771 75 21 adress
255 770 34 22 till
307 770 51 22 hela
376 770 37 22 det
431 771 68 29 ryska
514 770 78 28 folket,
607 771 87 21 hvartill
707 772 39 28 jag
761 772 18 28 ej
795 771 68 22 heller
878 778 37 14 an-

160 812 36 15 ser
210 804 50 22 skäl
274 805 142 21 förekomma.
446 804 12 22 I
472 804 111 30 Ryssland
598 804 109 22 lemnades
724 805 104 29 bidragen
839 805 76 22 endast

162 840 24 21 af
198 839 60 21 vissa
272 839 167 28 korporationer
455 839 41 21 och
511 839 68 29 några
594 840 93 21 enskilta
701 846 112 22 personer,
828 839 28 22 då
867 839 48 22 der-

162 876 58 19 emot
242 873 37 22 det
302 874 95 21 svenska
418 873 71 22 folket
507 873 71 22 såsom
597 881 26 14 en
641 881 50 14 man
709 873 112 30 skyndade
837 876 32 19 att
883 874 32 21 bi-

162 907 90 29 springa
270 907 54 22 våra
341 907 141 22 nödlidande.
514 907 45 22 För
578 908 68 28 öfrigt
664 915 62 14 anser
741 909 50 28 jag,
806 908 46 21 lika
866 908 49 21 med

161 941 51 22 herr
227 937 129 33 Öhrnberg,
372 942 77 29 frågan
464 942 53 21 böra
531 942 121 22 remitteras
667 941 33 22 till
715 942 98 22 ståndets
823 942 94 22 enskilta

162 975 183 23 besvärsutskott.

231 1009 59 23 Herr
304 1009 134 22 Juselius:
460 1009 45 30 Jag
520 1009 39 22 har
575 1009 111 30 uppgifvit
696 1009 27 22 de
735 1010 118 27 förbehåll,
864 1013 53 18 utan

162 1044 76 22 hvilka
250 1045 50 28 jag,
318 1045 36 21 för
370 1044 43 22 min
428 1044 94 22 enskilta
536 1044 46 27 del,
597 1051 62 15 anser
673 1044 46 29 mig
733 1044 49 22 icke
797 1044 73 22 kunna
885 1044 32 22 bi-

162 1078 53 22 falla
233 1079 118 21 motionen.
384 1078 46 29 Jag
444 1078 81 22 vidblir
539 1078 49 21 mitt
602 1077 101 30 yttrande
717 1078 42 21 och
774 1078 97 22 önskade
886 1080 33 19 att

162 1113 45 21 min
222 1113 58 28 åsigt
294 1113 65 21 äfven
376 1113 89 22 delades
482 1113 23 20 af
517 1113 76 21 andra.

230 1146 60 22 Herr
305 1146 171 30 Tengström:
499 1147 45 29 Jag
564 1154 63 15 anser
645 1146 41 22 den
705 1146 69 22 under
793 1146 125 28 öfverlägg-

162 1181 54 29 ning
234 1180 96 22 varande
350 1182 78 27 frågan
446 1181 49 21 icke
513 1181 78 21 beröra
606 1181 67 29 något
688 1180 24 22 af
724 1180 28 22 de
767 1181 88 26 ämnen,
871 1187 48 15 som

162 1214 74 23 kunna
250 1214 70 22 blifva
331 1214 91 22 föremål
434 1215 35 21 för
480 1214 133 30 behandling
624 1215 7 21 i
641 1214 118 22 utskotten.
782 1213 89 30 Frågan
882 1222 36 14 om

162 1256 27 14 en
204 1248 128 22 ständernes
349 1248 117 23 skrifvelse
481 1249 34 21 till
531 1249 67 21 andra
611 1249 100 21 nationer
725 1248 62 22 torde
802 1249 18 27 ej
836 1248 35 22 till
881 1248 38 22 nå-

162 1285 40 27 got
220 1282 78 22 sådant
316 1283 64 22 ämne
397 1283 75 21 kunna
487 1283 110 22 hänföras.
611 1296 28 4 —
653 1282 81 22 Dertill
749 1282 98 22 kommer
862 1283 57 21 ännu

163 1319 31 19 att
216 1316 116 23 ständerne
354 1318 22 28 ej
398 1318 48 21 lära
464 1318 43 26 äga
524 1317 106 29 rättighet
644 1319 33 19 att
690 1316 68 22 inlåta
773 1316 35 28 sig
823 1316 8 21 i
846 1316 74 21 skrift-

162 1352 89 28 vexling
273 1350 50 22 med
345 1351 135 22 fremmande
497 1352 106 26 nationer,
622 1351 73 21 såsom
713 1350 34 22 till
763 1350 99 28 exempel
877 1349 42 22 den

162 1385 102 22 svenska.
294 1384 55 23 Med
368 1385 114 29 Ryssland
499 1386 24 20 är
541 1385 37 22 det
596 1388 31 19 ett
644 1387 66 20 annat
724 1384 139 22 förhållande
878 1383 42 22 och

162 1417 38 23 det
218 1418 62 22 torde
299 1420 19 27 ej
338 1419 30 29 gå
387 1420 63 22 öfver
466 1419 127 24 ständernes
609 1418 133 30 befogenhet
757 1421 32 19 att
804 1418 33 22 dit
852 1418 68 22 aflåta
