992 1725
755 129 42 21 349

70 190 98 24 närmare
187 192 136 28 bestämning
339 190 7 22 i
362 190 169 29 författningen,
548 190 73 22 kunde
636 190 73 28 deraf,
726 191 36 22 vid
779 192 51 22 den-

70 234 92 14 sammas
178 226 149 28 tillämpning,
343 225 40 21 lätt
394 224 132 28 uppkomma
539 224 163 30 förvecklingar
715 226 40 20 och
767 226 63 22 miss-

71 260 105 22 förstånd.
370 265 2 3 :

140 300 59 22 Herr
214 299 168 28 Tengström:
414 299 11 20 I
447 299 96 29 enlighet
563 299 49 22 med
631 300 44 21 min
696 302 135 27 gemensamt

72 335 50 21 med
144 335 75 21 herrar
239 333 61 29 Borg
319 333 40 21 och
380 333 106 22 Thermen
506 336 57 19 samt
577 333 92 22 friherre
683 334 102 21 Aminoff
797 334 33 21 till

72 368 234 22 ekonomieutskottets
327 367 109 28 protokoll
457 368 84 28 afgifna
556 368 145 26 reservation,
716 376 63 14 anser
791 370 40 28 jag

73 403 116 21 ständerne
208 402 48 21 icke
276 402 52 21 böra
343 401 51 29 ingä
410 402 6 20 i
433 401 80 22 sädana
529 401 237 30 detaljbestämningar,
782 410 47 15 som

73 438 6 21 i
101 437 117 21 utskottets
238 436 136 22 betänkande
390 436 7 21 i
413 435 71 22 denna
498 436 35 21 del
549 436 99 21 föresläs.
679 435 152 30 Specifikatio-

72 479 42 14 nen
130 472 25 21 af
167 471 27 21 de
209 470 109 22 särskilda
332 470 140 28 sädesslagen
488 477 65 22 synes
569 470 45 29 mig
625 471 88 22 tillhöra
725 471 42 22 den
780 471 51 22 blif-

74 506 69 21 vande
159 505 131 28 detaljerade
306 504 155 29 författningen
477 505 7 20 i
495 506 82 25 ämnet,
590 512 47 14 men
649 505 49 22 icke
711 506 52 21 böra
775 513 56 21 upp-

74 543 63 25 tagas
153 541 7 20 i
176 539 126 22 ständernes
318 538 120 28 utlätande,
454 539 83 21 hvilket
553 539 67 28 enligt
631 539 43 21 min
687 539 56 29 äsigt
755 539 77 22 endast

75 574 67 22 borde
162 574 91 21 omfatta
268 573 27 21 de
310 573 108 21 allmänna
434 573 169 29 grundsatserna
618 573 33 21 för
666 573 165 29 lagstiftningen

76 616 35 14 om
126 608 28 22 fri
170 607 196 29 spanmälshandel.
396 608 40 20 Att
452 615 25 13 en
493 608 68 21 sådan
577 607 151 28 specifikation
744 608 41 21 fått
800 608 33 21 in-

76 642 54 29 flyta
152 642 7 22 i
181 642 118 21 utskottets
323 642 136 21 betänkande
478 642 73 21 kunde
567 642 66 21 hafva
648 641 42 22 den
705 644 63 26 nyttä
783 641 48 22 med

76 677 45 28 sig,
144 679 31 19 att
193 676 129 30 regeringen
341 676 123 28 derigenom
485 676 64 29 göres
565 676 153 28 uppmärksam
734 676 29 28 pä
777 676 55 21 nöd-

76 710 146 30 vändigheten
244 711 24 21 af
286 710 55 21 slika
361 710 160 28 bestämningar
539 710 8 21 i
562 710 42 21 den
620 710 110 22 blifvande
747 710 86 22 författ-

76 745 91 29 ningen,
182 752 48 14 men
247 748 31 18 att
292 744 63 21 dessa
371 744 91 28 detaljer
476 744 70 22 skulle
561 747 108 26 upptagas
685 744 8 22 i
705 743 127 23 ständernes

77 779 111 21 utlätande
207 786 65 22 synes
289 779 43 28 mig
349 778 133 22 fortfarande
498 779 99 28 onödigt.

147 819 57 22 Herr
220 818 166 22 Dahlström:
406 818 45 22 För
462 819 43 21 min
517 818 36 22 del
566 818 95 22 biträder
670 819 38 28 jag
720 818 113 29 principen

78 861 35 14 om
130 854 68 21 tullfri
213 853 90 22 införsel
322 853 24 21 af
362 853 27 21 de
405 852 124 30 sädesslag,
548 853 233 22 ekonomieutskottets
797 853 36 22 be-

78 888 109 21 tänkande
211 891 113 25 upptager,
345 887 107 29 nemligen
472 888 49 28 räg,
536 888 67 26 korn,
619 887 72 27 hafra,
706 887 73 28 hvete,
795 887 38 22 bo-

79 922 63 22 hvete
158 923 41 20 och
215 923 57 20 ärter
285 923 65 27 jemte
366 921 26 22 de
409 921 112 22 förädlade
537 922 147 28 produkterne
697 922 66 21 deraf.
786 921 47 29 Ris,

80 964 47 14 som
146 964 25 14 en
190 956 68 21 talare
274 956 112 29 föreslagit
398 956 81 28 jemväl
495 956 53 21 böra
564 956 64 22 bland
643 957 64 20 dessa
721 956 113 29 sädesslag

79 991 61 28 ingä,
163 991 63 20 torde
248 990 107 27 deremot,
378 991 63 20 äfven
460 997 35 14 om
511 991 37 21 det
563 990 58 29 finge
637 990 89 22 tullfritt
740 990 95 27 införas,

80 1025 69 21 blifva
164 1027 31 19 ett
210 1024 74 21 alltför
299 1024 51 29 dyrt
365 1025 127 26 födoämne,
509 1025 34 21 för
558 1027 32 19 att
605 1025 6 21 i
627 1024 48 21 värt
690 1024 78 28 fattiga
783 1023 51 22 land

78 1059 74 20 kunna
168 1059 131 20 allmännare
315 1058 121 29 begagnas,
451 1059 131 22 åtminstone
597 1059 24 20 af
634 1058 114 29 allmogen.
778 1057 56 22 Der-

80 1095 58 18 emot
153 1092 98 22 önskade
264 1093 38 28 jag
318 1093 98 26 förorda,
432 1096 32 17 att
479 1094 85 27 potäter
580 1092 60 21 alltid
656 1092 67 29 finge,
738 1095 53 18 utan
803 1088 32 25 af-

80 1126 78 22 seende
173 1127 13 21 ä
201 1127 114 20 ärsvexten
331 1127 7 20 i
353 1127 83 26 landet,
452 1127 89 21 tullfritt
555 1127 89 21 införas.

148 1161 58 21 Herr
222 1161 96 21 Wolff:
349 1161 72 21 Sedan
446 1162 49 20 herr
514 1161 127 21 Dahlström
664 1160 65 22 redan
753 1160 82 22 bemött

80 1195 50 21 herr
145 1195 123 22 Sundmans
283 1195 97 28 yrkande
396 1195 28 27 pä
440 1196 68 20 tullfri
524 1195 90 22 införsel
630 1195 25 21 af
667 1195 39 27 ris,
722 1202 63 13 anser
797 1195 38 27 jag

80 1230 45 27 mig
140 1229 48 21 icke
204 1229 93 21 behöfva
312 1229 74 21 vidare
402 1229 54 21 orda
470 1229 82 22 derom.
582 1229 12 21 I
609 1229 116 27 anledning
740 1229 25 21 af
778 1228 57 21 hvad

81 1263 49 21 herr
146 1262 129 29 Tengström
292 1264 109 26 anmärkt,
418 1264 62 21 utber
493 1265 38 27 jag
547 1264 44 28 mig
607 1263 96 21 deremot
719 1263 21 21 fä
755 1262 82 27 erinra,

82 1300 32 18 att
133 1297 166 28 uppräknandet
318 1298 25 20 af
358 1298 26 20 de
401 1298 59 20 olika
476 1298 152 28 sädesslagen,
643 1297 71 21 säsom
731 1296 106 22 utskottet

80 1331 124 29 föreslagit,
227 1338 65 22 synes
315 1340 51 13 vara
390 1332 49 21 fullt
458 1332 141 29 berättigadt,
618 1332 34 21 för
671 1334 31 18 att
717 1330 120 30 förtydliga

81 1365 37 21 det
133 1365 112 22 blifvande
260 1366 132 28 stadgandet
407 1374 35 13 om
454 1366 217 28 spanmälshandelns
683 1366 74 26 frihet,
771 1364 24 21 sä
805 1367 33 18 att

82 1398 162 23 vederbörande
264 1400 36 21 vid
315 1400 168 28 tillämpningen
499 1401 24 21 af
536 1400 156 28 författningen
707 1398 48 22 icke
771 1398 67 23 mätte

81 1433 86 23 komma
182 1434 7 22 i
205 1434 137 29 förlägenhet
357 1443 34 14 om
408 1434 58 23 hvad
482 1435 46 22 deri
543 1434 49 23 med
608 1433 97 31 spanmä!
721 1432 87 23 förstås,
