992 1725
783 136 42 21 405

96 197 65 22 äfven
177 198 73 28 hvarje
265 196 85 22 sektion
367 196 61 21 bestå
443 197 25 21 af
480 196 139 22 medlemmar
636 197 47 21 från
699 196 26 22 de
737 198 72 22 skilda
821 201 32 18 ut-

96 232 94 22 skotten.
222 232 67 22 Detta
304 232 23 20 är
342 230 68 21 likväl
428 231 46 21 icke
491 231 70 27 fallet,
579 235 49 16 utan
646 231 71 21 blefve
733 231 36 21 det
785 233 68 28 enligt

96 266 71 21 denna
190 265 165 28 arbetsordning
374 264 48 21 icke
441 272 26 13 en
486 264 86 22 sektion
589 268 50 18 utan
656 269 31 17 ett
702 266 104 21 särskildt
820 270 34 17 ut-

96 300 70 26 skott,
188 300 109 27 nemligen
319 299 232 27 ekonomieutskottet,
574 307 46 14 som
643 300 56 21 först
717 300 86 21 komme
822 303 32 18 att

97 334 125 27 handlägga
245 334 75 27 frågan
340 333 40 21 och
400 333 66 21 sedan
482 333 135 22 öfverlemna
633 334 42 21 den
691 334 32 21 till
739 335 28 21 de
784 335 69 28 begge

96 367 68 22 andra
184 368 120 26 utskotten,
324 367 48 21 med
392 367 119 28 tillsägelse
526 370 31 18 att
573 367 98 22 anskaffa
685 369 70 21 medel
771 369 33 21 till
820 376 34 13 ar-

96 402 74 26 beten,
186 402 85 21 hvilkas
287 405 61 24 nytta
363 401 27 21 de
406 402 18 27 ej
442 401 65 21 hafva
522 402 71 27 någon
610 402 103 28 rättighet
725 406 31 17 att
768 403 84 27 pröfva.

96 435 45 22 Det
163 435 117 28 oformliga
302 435 6 21 i
331 435 105 28 förslaget
459 443 64 20 synes
546 435 45 28 mig
612 436 60 28 ligga
688 437 46 28 just
753 437 56 26 häri,
829 439 24 26 ty

96 470 74 28 hvarje
185 470 91 26 utskott,
292 477 45 14 som
355 469 118 21 behandlar
489 472 30 19 ett
534 469 87 28 ärende,
638 470 67 21 borde
716 471 35 20 väl
764 471 55 20 först
832 471 21 20 få

96 505 94 27 granska
212 507 77 25 nyttan
311 503 40 21 och
375 503 192 29 nödvändigheten
586 505 24 20 af
624 504 56 21 hvad
695 512 46 14 som
757 505 6 21 i
780 505 73 21 ämnet

96 538 91 21 föreslås
203 538 41 21 och
260 539 18 27 ej
294 538 6 20 i
316 537 101 21 afseende
434 537 52 21 härå
501 545 52 13 vara
569 538 80 21 bundet
665 539 23 20 af
701 541 30 19 ett
743 542 66 18 annat
819 542 34 17 ut-

96 572 72 21 skotts
190 572 64 26 äsigt.
291 571 75 23 Såsom
387 572 39 28 jag
445 571 65 21 redan
531 573 60 20 förut
609 571 46 22 haft
671 573 50 20 äran
738 573 114 27 anmärka,

95 614 53 14 vore
167 606 145 22 förhållandet
333 605 44 23 helt
396 609 76 23 annat,
488 614 35 13 om
538 606 231 26 ekonomientskottet,
785 606 67 22 sedan

96 640 37 22 det
148 640 88 28 afgifvit
251 640 37 20 sitt
303 639 147 28 betänkande,
466 640 55 21 först
536 640 70 20 skulle
621 640 155 22 återremittera
791 642 61 20 ären-

96 674 37 22 det
148 674 32 21 till
196 674 89 21 stånden
301 673 41 21 och
357 673 63 21 dessa
436 674 129 26 sedermera,
582 674 54 20 efter
651 675 103 27 pröfning
767 675 24 21 af
800 675 52 21 eko-

96 708 189 21 nomieutskottets
308 708 93 28 förslag,
425 707 117 29 hänskjuta
564 708 89 21 ärendet
677 709 30 20 till
727 712 64 18 stats-
809 709 42 21 och

96 742 249 28 bevillningsutskotten.
383 741 79 29 Enligt
480 742 41 20 den
541 750 28 13 nu
590 742 123 29 föreslagna
729 742 122 22 arbetsord-

95 776 81 29 ningen
195 777 71 21 blefve
282 776 37 21 det
334 776 231 26 ekonomieutskottet,
581 783 45 14 som
643 776 84 21 komme
743 780 32 17 att
789 777 62 28 gifva

95 810 143 26 föreskrifter,
254 818 35 13 om
304 810 48 21 icke
368 810 21 21 åt
405 809 25 22 de
446 810 72 21 skilda
533 810 100 28 stånden,
649 810 24 21 så
687 810 130 22 åtminstone
829 810 22 21 åt

95 848 64 18 stats-
175 844 41 22 och
233 844 249 29 bevillningsutskotten,

165 884 57 22 Herr
238 884 165 22 Dahlström:
434 883 79 30 Enligt
531 885 44 20 min
595 885 140 27 uppfattning
754 891 38 14 var
808 884 41 21 den

95 919 98 28 mening,
212 926 46 13 som
274 919 36 20 vid
326 918 153 29 uppgörandet
494 920 24 19 af
531 919 41 20 den
590 919 122 28 föreslagna
727 918 124 21 arbetsord-

95 953 81 28 ningen
199 953 25 20 af
243 952 37 21 det
302 956 154 17 sammansatta
476 953 105 21 utskottet
601 952 139 26 omfattades,
756 952 48 21 icke
819 955 32 18 att

94 986 222 21 ekonomieutskottet
330 986 71 21 skulle
417 990 84 17 ensamt
517 987 84 27 pröfva,
614 986 74 21 hvilka
699 987 25 20 af
733 986 26 21 de
771 986 80 28 ifråga-

94 1021 96 20 varande
212 1021 102 20 skolorna
336 1020 40 21 och
400 1021 239 20 kommunikationerne
659 1029 26 12 m.
702 1028 27 13 m.
749 1027 51 14 vore
823 1020 27 21 de

92 1054 184 29 nödvändigaste,
300 1057 50 18 utan
372 1054 77 21 endast
472 1057 31 18 att
525 1054 61 21 detta
604 1054 83 22 utskott
705 1054 70 21 skulle
795 1054 56 21 först

94 1088 123 21 undersöka
239 1088 71 22 denna
333 1088 35 21 del
391 1089 24 20 af
432 1088 75 28 frågan
527 1089 41 20 och
585 1088 46 21 deri
647 1089 98 20 utarbeta
760 1091 30 18 ett
806 1089 44 20 för-

93 1123 58 27 slag,
174 1129 47 14 som
244 1123 70 20 skulle
332 1123 146 20 öfverlemnas
497 1123 33 20 till
547 1125 64 18 stats-
627 1123 40 20 och
685 1122 165 27 bevillningsut-

92 1157 98 27 skutten,
206 1157 75 21 hvilka
296 1156 93 22 derefter
404 1157 57 28 ägde
474 1157 129 28 öfverlägga
615 1158 63 20 äfven
691 1157 7 20 i
710 1156 59 21 detta
781 1157 68 20 ämne.

162 1196 56 22 Herr
234 1192 151 33 Öhrnberg:
414 1196 74 22 Jemte
507 1196 37 22 det
557 1197 38 28 jag
610 1196 61 21 delar
686 1196 27 21 de
729 1196 121 28 betänklig-

92 1231 68 26 heter,
183 1231 49 21 herr
256 1230 112 22 Sundman
392 1230 119 22 framhållit
529 1230 7 21 i
555 1230 118 28 anledning
693 1230 24 21 af
733 1229 116 21 utskottets

92 1265 95 27 förslag,
204 1265 79 20 tillåter
295 1266 39 27 jag
349 1265 44 27 mig
408 1264 128 29 ytterligare
552 1264 57 28 fästa
624 1264 97 21 ständets
733 1264 117 27 uppmärk-

92 1298 84 22 samhet
194 1298 75 28 derpå,
291 1301 40 24 att,
347 1298 69 28 enligt
434 1297 119 29 ordalagen
573 1298 6 21 i
595 1298 118 20 utskottets
729 1297 120 26 memorial,

91 1332 224 22 ekonomieutskottet
334 1332 56 28 ägde
406 1332 93 21 likasom
515 1332 57 28 välja
587 1332 90 20 emellan
694 1332 26 20 de
736 1331 59 20 olika
811 1331 38 21 all-

90 1367 60 20 mänt
165 1366 86 28 nyttiga
267 1367 95 27 företag,
378 1373 46 13 som
440 1366 7 20 i
463 1366 42 20 den
522 1366 81 27 nådiga
619 1365 162 28 propositionen
794 1364 56 21 före-

90 1400 56 27 slås,
164 1400 42 21 och
222 1400 55 21 efter
295 1403 31 18 att
345 1400 65 21 hafva
427 1400 94 20 bestämt
536 1400 38 20 sitt
589 1400 45 25 val,
651 1400 70 20 lemna
736 1398 26 20 de
778 1398 71 28 öfriga

90 1437 51 18 utan
158 1434 38 21 allt
212 1434 101 21 afseende
329 1433 41 22 och
386 1433 77 23 endast
480 1434 33 21 för
529 1434 26 21 de
573 1434 69 28 bägge
659 1433 67 21 andra
739 1431 110 23 utskotten
