992 1725
770 140 41 23 113

79 202 95 26 varande
194 202 150 26 beskaffenhet
360 204 5 21 i
381 204 59 21 vissa
457 202 36 22 fall
511 201 53 23 böra
581 203 144 22 underställas
741 203 100 29 kejserli-

79 246 29 22 ga
123 242 99 19 senatens
239 238 112 29 pröfning,
367 241 57 18 samt
439 238 91 20 sålunda
545 238 47 21 ofta
607 244 27 15 en
650 238 76 29 längre
741 238 32 22 tid
786 239 55 21 eller

80 274 130 21 åtminstone
232 273 68 28 några
318 272 102 21 månader
439 271 51 29 ätgä
509 272 66 21 innan
595 272 86 29 slutligt
696 272 73 29 utslag
784 272 6 21 i
807 280 34 14 sa-

79 307 43 22 ken
142 307 68 21 faller.
243 304 46 31 Jag
308 307 86 20 förenar
409 306 46 28 mig
470 305 88 22 derföre
574 306 33 21 till
623 306 43 22 alla
681 306 61 23 delar
758 307 8 21 i
781 307 60 21 bvad

80 340 50 23 herr
146 335 118 34 Öhroberg
278 341 7 20 i
301 341 71 20 ämnet
388 343 73 26 yttrat.

150 380 58 21 Herr
223 379 168 30 Tengström:
415 379 77 29 Enligt
510 380 44 21 min
574 380 59 29 åsigt
652 388 34 15 om
701 381 58 21 rätta
775 381 67 20 sättet

81 418 33 19 att
131 415 101 28 begagna
251 414 41 21 den
312 414 116 21 ständerne
444 413 165 24 tillkommande
624 415 160 28 petitionsrätt,
801 414 40 21 bör

82 449 126 22 densamma
223 448 118 22 inskränka
356 449 34 28 sig
405 448 77 21 endast
497 449 33 20 till
547 448 83 22 sådana
645 450 87 25 ämnen,
749 455 47 14 som
809 449 32 20 af-

82 490 23 15 se
124 486 32 19 att
174 483 56 22 bana
245 484 69 27 vägen
330 483 41 21 och
386 483 67 28 lägga
467 482 100 29 grunden
582 483 35 28 till
632 486 31 19 ett
677 485 64 20 sannt
756 482 85 22 konsti-

82 518 101 21 tutionelt
198 517 178 27 samhällsskick,
392 520 41 23 att,
450 517 71 21 såsom
537 525 50 13 man
603 518 69 28 säger,
684 516 99 29 förflytta
795 517 46 21 det-

83 554 23 19 ta
124 551 48 22 från
188 555 106 25 papperet
308 551 33 21 till
357 551 157 28 verkligheten.
547 550 88 23 Sådana
650 553 77 20 ämnen
743 551 38 20 äro
798 550 44 22 frå-

82 592 41 22 gor
142 593 34 13 om
195 585 121 28 periodiskt
334 585 175 22 återkommande
529 586 136 28 landtdagar,
685 592 35 14 om
737 585 105 21 motions-

82 620 44 22 rätt
145 620 34 20 för
198 619 113 22 ständerne
326 619 49 21 med
391 619 57 21 flere.
480 619 131 21 Utsträcker
626 627 49 13 man
691 618 98 22 deremot
805 625 37 21 pe-

83 654 146 21 titionsrätten
245 654 32 21 till
294 654 41 21 alla
350 654 26 21 de
392 654 87 26 ämnen,
492 654 64 20 äfven
570 654 25 20 af
605 652 137 23 brådskande
755 652 88 22 beskaf-

84 688 82 26 fenhet,
182 695 54 20 som,
252 689 54 20 efter
321 695 59 14 mera
395 688 25 20 än
438 688 73 20 femtio
524 688 35 21 års
572 688 77 20 hvila
640 682 13 39 i
663 686 179 29 lagstiftningens

83 722 135 28 utveckling,
230 722 72 21 tarfva
314 722 136 28 förändring,
464 722 22 21 få
497 722 22 20 vi
533 722 115 28 petitioner
660 721 34 21 till
706 720 41 22 den
760 716 83 32 mängd

84 759 32 19 att
133 755 82 29 lagbud
235 756 7 21 i
261 756 116 28 anledning
395 756 63 21 deraf
470 756 49 21 icke
536 756 69 21 under
619 756 51 21 flere
687 755 23 21 år
726 754 66 22 hinna
808 757 34 18 ut-

84 790 92 22 arbetas.
192 801 27 5 —
235 789 65 22 Hvad
319 790 88 21 särskilt
426 790 67 28 angår
509 790 78 28 frågan
602 798 35 14 om
653 796 79 15 ansvar
747 790 35 20 för
797 787 46 29 sjö-

83 824 51 21 män
149 831 46 14 som
210 832 94 20 rymma,
319 824 24 21 är
358 824 36 21 det
410 824 54 21 visst
479 828 64 17 sannt
559 827 31 19 att
605 824 26 22 de
647 824 7 21 i
669 823 94 22 nämnde
777 823 65 20 ämne

83 858 103 29 gällande
204 858 171 29 lagstadganden
396 858 40 21 och
455 859 156 28 författningar
630 858 95 22 behöfva
743 856 100 22 omarbe-

84 896 44 24 tas,
143 892 41 21 och
197 893 38 28 jag
251 893 59 21 delar
325 893 49 20 herr
390 887 130 34 Öhrnbergs
537 893 58 28 äsigt
610 895 31 19 att
656 892 60 21 detta
729 891 64 21 äfven
805 890 38 21 be-

84 927 59 21 visas
158 927 64 21 deraf
234 929 32 18 att
280 927 255 21 straffbestämmelserne
550 927 7 20 i
573 927 81 21 sådana
669 925 38 22 fall
724 925 48 21 icke
787 925 7 20 i
807 923 36 22 sin

84 959 115 30 stränghet
214 961 120 28 tillämpas,
352 968 48 13 men
415 959 72 30 nägon
500 961 112 28 synnerlig
625 959 94 23 brädska
730 959 7 21 i
750 957 93 23 berörde

85 994 103 22 afseende
206 994 42 21 kan
261 995 38 28 jag
314 995 18 28 ej
348 995 58 20 finna
422 1002 52 13 vara
491 995 126 21 förhanden.
632 1007 28 3 —
676 994 50 21 Den
742 993 53 21 siste
810 994 33 19 ta-

84 1029 61 20 laren
164 1027 38 22 har
222 1029 46 26 väl,
287 1029 70 21 säsom
377 1029 50 20 stöd
443 1029 33 20 för
492 1037 26 13 en
534 1031 90 19 motsatt
639 1029 67 27 äsigt,
723 1025 120 23 framhällit

85 1062 99 27 brottets,
200 1062 70 29 enligt
281 1069 27 14 nu
321 1061 101 30 gällande
433 1062 185 29 lagstadganden,
629 1062 79 21 urbota
720 1059 123 23 beskaffen-

84 1096 38 21 het
144 1096 41 22 och
208 1096 110 28 påföljden
341 1097 24 20 af
382 1096 41 22 den
442 1097 119 21 tilltalades
581 1097 118 27 häktning,
719 1101 46 14 som
782 1093 61 22 detta

84 1130 70 22 skulle
176 1131 107 25 medföra;
306 1138 47 14 men
372 1138 50 14 man
440 1135 37 17 vet
497 1134 31 18 att
547 1131 69 29 enligt
635 1132 94 26 antagen
745 1126 98 31 praxis
828 1122 17 39 i

84 1164 79 28 många
182 1164 81 22 sådana
281 1165 43 21 mål
342 1164 42 22 den
404 1165 123 29 anklagade
547 1166 49 21 icke
612 1166 78 28 plägar
705 1161 88 28 häktas,
809 1162 35 20 sä-

84 1206 47 14 som
150 1198 33 21 till
202 1198 108 28 exempel,
329 1199 37 21 vid
382 1199 42 21 åtal
441 1206 35 14 om
493 1207 79 14 ansvar
587 1200 34 20 för
637 1197 70 30 fjerde
723 1204 61 14 resan
801 1195 43 29 fyl-

84 1232 50 26 leri,
150 1232 91 28 felaktig
256 1232 107 29 lotsning,
379 1233 136 26 lösdrifveri,
532 1233 85 28 tjufnad
633 1234 24 20 af
670 1231 119 28 lindrigare
803 1232 41 24 art,

84 1266 84 21 hvilket
186 1266 133 22 sistnämnde
338 1268 59 20 brott
412 1267 34 21 väl
464 1268 136 28 egenteligen
616 1268 18 27 ej
651 1268 25 20 är
689 1264 90 26 urbota,
795 1270 49 14 men

84 1300 57 22 dock
160 1298 100 23 förenadt
279 1300 48 22 med
347 1301 113 28 uppenbar
479 1301 140 29 kyrkoplikt,
635 1303 58 19 samt
708 1298 52 22 flere
776 1296 69 22 andra

84 1334 39 21 fall
139 1334 24 20 af
176 1334 111 21 enahanda
300 1334 155 22 beskaffenhet.
468 1347 27 4 —
505 1334 79 22 Såsom
594 1336 39 27 jag
644 1333 67 22 redan
724 1332 120 24 omnämnt,

84 1368 111 28 medgifva
210 1367 27 21 de
252 1368 6 21 i
274 1369 72 20 ämnet
362 1368 102 28 gällande
479 1368 173 29 lagstadganden
669 1374 26 13 en
708 1368 45 19 stor
765 1364 79 21 latitud

83 1402 7 20 i
114 1401 165 29 tillämpningen
303 1402 25 21 af
343 1401 84 22 straffet
446 1402 42 21 och
507 1404 75 19 närma
601 1402 34 28 sig
653 1400 85 22 således
757 1398 43 21 den
816 1397 29 28 på

83 1435 91 22 sednare
189 1435 57 22 tider
260 1443 45 14 mer
319 1436 41 21 och
376 1444 46 13 mer
437 1436 88 29 hyllade
541 1436 58 29 åsigt
615 1444 34 13 om
666 1437 77 27 nyttan
759 1433 24 21 af
795 1432 50 22 obe-

110 1480 64 24 Fällofl.
184 1481 142 23 borgareståndets
334 1482 84 22 protokoll
430 1482 101 23 landtdagen
543 1481 128 18 1863—1864.
802 1474 13 19 8
