992 1725
771 137 42 22 339

84 203 34 17 res
133 197 116 32 åliggande
265 202 31 19 att
312 197 31 23 till
360 197 82 23 hofrätt
458 196 92 26 insända
561 197 125 24 renskrifna
697 198 112 31 exemplar
820 199 25 24 af

84 233 48 21 sina
147 234 139 21 domböcker.

152 273 168 28 Propositionen
340 272 41 23 och
397 273 146 22 betänkandet
557 273 122 30 upplästes,
697 272 52 24 derä
764 273 77 30 följane

84 306 26 24 de
126 307 125 22 diskussion
267 309 6 20 i
289 308 89 21 ärendet
393 308 98 21 föreföll:

152 340 58 23 Herr
224 342 131 21 Juselius:
385 339 45 31 Jag
450 349 63 15 anser
527 341 38 23 det
580 348 53 16 vara
648 341 25 23 af
685 344 92 27 yttersta
792 340 49 31 vigt

84 374 31 23 att
130 377 54 20 söka
200 376 108 21 bibehålla
322 375 38 22 det
372 375 134 29 förtroende,
519 384 46 14 som
577 376 184 29 domarekorpsen
773 377 7 21 i
792 377 48 21 vårt

82 409 53 23 land
150 411 7 21 i
173 410 117 22 allmänhet
305 411 100 28 åtnjuter.
436 410 40 21 Ett
491 410 134 29 väsendtligt
640 410 70 22 medel
725 411 34 21 till
774 410 66 23 beva-

82 443 68 24 rande
169 445 24 22 af
205 445 59 21 detta
280 444 124 22 förtroende
419 445 65 28 utgör
496 446 46 27 just
557 445 42 22 den
614 444 95 23 kontroll
724 445 9 22 i
748 439 92 28 embets-

82 479 108 29 åtgärder,
214 487 46 14 som
279 477 156 24 underdomare
455 480 37 21 äro
512 478 159 23 underkastade
686 481 25 20 af
723 479 116 22 hofrätten.

82 512 45 30 Jag
145 514 43 21 kan
208 514 84 21 derföre
312 513 48 22 icke
375 512 49 23 med
440 513 43 22 min
499 513 47 22 röst
561 513 111 29 tillstyrka
687 513 72 29 någon
775 512 64 23 efter-

83 547 43 29 gift
149 549 22 20 af
194 548 26 21 de
242 548 7 21 i
272 554 27 15 nu
320 547 141 22 förevarande
480 549 62 20 ämne
562 547 101 29 gällande
677 548 162 30 författningar.

82 582 46 28 Jag
150 585 45 19 tror
218 582 106 28 nemligen
347 585 32 18 att
398 582 95 22 kontroll
513 582 102 22 deröfver
633 585 32 18 att
679 581 161 23 domböckerne

83 615 69 23 blifva
170 616 118 29 behörigen
306 616 173 29 kompletterade
497 615 49 23 icke
565 616 42 22 kan
627 614 119 31 lämpligen
761 616 78 22 vinnas

82 650 30 28 pä
134 654 64 18 annat
221 650 51 28 sätt,
297 652 25 20 än
342 658 80 20 genom
441 650 62 22 deras
520 650 134 22 insändande
669 650 34 22 till
718 650 121 27 hofrätten,

83 684 41 21 och
140 684 36 22 det
191 686 23 20 är
230 685 24 21 af
267 685 46 29 vigt
328 688 31 18 att
374 685 135 29 granskning
521 685 24 21 af
553 685 50 21 dem
615 684 112 22 derstädes
739 686 40 20 när
791 692 48 14 som

82 718 58 22 helst
161 719 42 21 kan
226 720 46 20 ske.
304 719 49 21 Den
373 719 96 29 lindring
484 720 7 20 i
507 719 170 21 underdomares
692 718 83 27 arbete,
791 726 48 15 som

83 760 79 22 genom
184 752 42 23 den
248 751 166 31 ifrågavarande
436 752 167 29 propositionen
622 753 93 29 åsyftas,
735 753 24 21 är
774 752 65 23 äfven

82 787 126 29 obetydlig,
227 796 35 13 om
281 795 38 14 ens
334 788 72 28 nägon
422 786 97 30 lindring
534 788 47 21 alls.
611 787 44 29 Jag
671 787 122 29 medgifver
807 790 32 18 att

82 820 163 28 underdomare,
260 822 53 21 eller
328 822 124 28 egentligen
469 822 230 28 häradshöfdingarne,
715 822 38 20 äro
766 822 72 21 öfver-

82 854 86 30 hopade
183 856 24 21 af
220 856 83 27 arbete,
322 864 49 13 men
384 857 39 28 jag
438 864 64 14 anser
517 864 27 14 en
560 856 83 21 lättnad
658 855 47 22 deri
719 855 55 22 böra
789 855 49 22 dem

82 889 90 22 beredas
190 897 86 22 genom
288 890 157 29 domsagornas
460 891 103 29 klyfning
579 890 41 21 och
635 891 69 21 större
719 890 120 29 penninge-

82 923 67 22 löner.

150 963 58 22 Herr
224 962 26 24 OC.
261 964 25 21 F.
300 963 153 30 Grönberg:
476 965 45 29 Jag
536 963 70 23 finner
621 962 36 24 det
671 970 52 16 vara
738 962 29 30 pä
778 962 60 24 tiden

82 1000 32 19 att
128 998 167 28 underdomare,
318 999 25 21 sä
361 999 7 21 i
388 999 48 21 stad
452 1006 47 14 som
515 999 28 28 pä
558 999 84 26 landet,
658 998 68 22 blifva
742 998 97 21 befriade

82 1032 49 22 frän
151 1031 155 30 skyldigheten
325 1036 31 19 att
375 1032 33 22 till
424 1033 84 22 hofrätt
523 1033 92 22 insända
629 1031 122 23 renskrifna
767 1038 71 15 exem-

81 1065 48 29 plar
144 1066 25 21 af
181 1065 135 30 domboken,
331 1067 142 29 upptagande
489 1067 45 22 deri
551 1065 176 24 förekommande
739 1065 98 22 ärender.

79 1100 45 29 Jag
146 1100 43 22 kan
208 1101 84 21 säledes
310 1102 18 27 ej
348 1101 116 22 instemma
479 1102 7 21 i
501 1102 50 21 herr
565 1099 79 24 Juselii
659 1099 111 30 yttrande,
785 1102 53 19 utan

80 1135 100 21 förordar
200 1138 30 18 att
246 1135 154 29 lagutskottets
416 1135 151 29 välgrundade
582 1133 138 24 betänkande
735 1135 66 21 mätte
816 1135 22 21 at

80 1169 87 21 ståndet
182 1170 71 28 gillas.
284 1170 65 21 Dock
365 1170 71 21 skulle
449 1171 40 28 jag
505 1170 80 22 föreslå
600 1172 30 19 att
645 1169 13 29 &
674 1170 13 20 3
702 1168 82 23 erhölle
797 1169 42 21 föl-

76 1203 66 28 jande
157 1204 94 27 lydelse:
267 1203 129 29 ”Magistrat
413 1203 81 23 befrias
510 1204 95 22 härefter
620 1204 47 21 frän
683 1202 155 30 skyldigheten

80 1240 31 18 att
130 1238 135 27 protokoller
284 1238 7 21 i
311 1238 194 22 hallrättsärender
519 1238 8 21 i
542 1237 122 22 renskrifna
679 1237 110 28 exemplar
803 1236 35 21 till

79 1270 82 22 hofrätt
183 1271 111 22 insända”.
329 1272 44 21 Om
394 1272 71 21 denna
482 1272 127 29 skyldighet
624 1271 87 29 stadgas
727 1271 111 27 nemligen

78 1305 7 21 i
103 1305 54 21 1770
170 1305 34 21 ärs
220 1305 145 30 hallordning,
382 1306 40 21 och
438 1306 141 22 föreskriften
595 1306 76 21 härom
686 1305 52 29 äger
753 1304 85 22 säledes

79 1338 102 29 gällande
204 1338 68 27 kraft;
295 1347 48 14 men
367 1340 37 21 det
427 1340 24 21 är
473 1343 103 26 nogsamt
596 1340 81 22 bekant
695 1342 31 19 att
741 1338 96 22 hvarken

78 1373 140 21 hallrätterne
235 1374 58 27 eller,
309 1374 66 21 sedan
391 1373 27 23 de
434 1374 77 22 blifvit
526 1374 113 29 upphäfna
655 1374 41 22 och
707 1372 63 23 deras
783 1372 55 29 älig-

78 1406 85 29 ganden
179 1407 153 29 öfverflyttade
347 1408 29 29 pä
391 1409 177 27 magistraterne,
584 1408 63 22 desse
658 1408 75 28 plägat
744 1406 33 21 till
790 1406 47 22 hof-

77 1441 43 21 rätt
135 1441 91 22 insända
242 1442 122 22 renskrifna
380 1443 112 28 exemplar
507 1444 24 21 af
544 1443 96 22 dombok
652 1443 7 21 i
671 1441 166 23 hallrättsären-
