992 1725
770 128 41 23 257

78 190 124 30 Rysslands
226 191 39 22 och
286 188 102 31 Sveriges
409 188 45 24 folk
475 187 70 25 skulle
565 187 162 26 underskrifvas
744 192 25 22 af
781 193 59 22 stäns

78 224 54 23 dens
151 226 101 28 samtlige
271 225 145 27 medlemmar,
436 232 49 14 men
504 224 42 22 den
562 232 83 14 samma
660 225 99 23 adresser
775 226 64 22 åtföl-

75 259 68 28 jande
158 260 115 20 skrifvelse
289 259 32 21 till
338 259 52 21 hans
402 259 109 21 excellens
523 259 227 29 generalguvernören
763 260 77 22 endast

78 294 24 21 af
115 294 103 21 ständens
234 293 137 22 ordförande.
404 293 111 28 Derjemte
532 292 136 23 framställde
683 293 156 29 deputationen

78 328 33 21 till
134 327 179 29 borgareständet
335 327 129 29 inbjudning
486 328 25 21 af
532 327 169 28 bondeständet,
720 331 32 19 att
770 329 69 28 enligt

78 362 84 28 förslag
182 361 24 22 af
222 365 153 18 sammansatta
390 365 65 18 stats:
469 361 41 21 och
525 361 233 29 ekonomieutskottet,
773 363 8 21 i
796 363 42 21 lik=

78 395 38 22 het
138 395 49 22 med
209 395 151 28 ridderskapet
382 395 42 22 och
447 395 63 22 adeln
533 398 58 18 samt
613 395 168 28 bondeståndet,
804 396 33 21 till

78 429 162 22 statsutskottet
255 430 109 21 remittera
379 429 81 29 nädiga
476 429 165 28 propositionen
657 429 44 22 Nio
718 430 35 27 34,
768 430 67 29 angä-

78 463 54 22 ende
154 464 96 21 revision
273 463 24 21 af
316 463 42 22 den
380 469 80 22 genom
483 463 118 29 kejserliga
623 464 124 22 manifestet
765 465 42 22 den
823 465 14 20 9

79 497 56 28 april
153 498 55 21 1840
224 495 104 31 stadgade
344 498 132 28 omsättning
492 498 24 21 af
525 497 200 29 räntepersedlarne
736 499 6 21 i
755 498 81 28 landet,

77 531 90 22 hvilken
186 531 135 28 proposition
341 532 23 21 af
378 534 80 25 preste-
475 531 42 21 och
534 531 183 29 borgareständen
733 532 104 29 hänskju-

77 565 37 21 tits
130 566 34 21 till
180 565 230 22 ekonomieutskottets
426 565 140 29 behandling.

148 599 160 29 Deputationen
328 598 129 24 betackades
476 601 25 21 af
514 600 49 22 herr
579 600 152 22 talmannen
747 600 40 22 och
803 599 33 23 af-

77 634 84 24 trädde.

145 671 59 25 Herr
220 672 117 30 Candelin,
358 680 45 16 som
423 672 37 24 vid
476 672 123 25 sessionens
615 674 75 30 början
705 672 58 24 varit
777 674 58 22 fräne

78 708 105 28 varande,
198 709 75 21 infann
288 709 34 29 sig
338 708 84 23 härvid.

145 746 114 24 Anmältes
275 747 41 23 och
331 746 125 24 företrädde
471 756 26 14 en
513 746 125 31 deputation
651 747 46 23 från
710 746 125 25 ridderska-

76 785 38 26 pet
133 781 40 23 och
194 781 72 29 adeln,
285 781 78 23 anförd
378 784 25 20 af
416 781 91 24 friherre
524 780 91 31 Wrede,
633 791 46 15 som
695 780 140 30 meddelade,

77 820 32 18 att
131 815 97 29 ståndet,
248 815 6 23 1
273 816 69 22 likhet
359 815 49 23 med
422 815 28 24 de
466 818 71 28 öfriga
552 817 101 27 ständeri,
669 815 85 31 antagit
769 816 26 23 de
812 816 25 22 af

76 848 244 31 expeditionsutskottet
335 850 126 23 utarbetade
478 848 82 32 förslag
575 851 33 22 till
624 849 212 31 tacksägelseadress

77 891 35 15 ser
132 884 33 22 till
184 883 121 31 Rysslands
320 884 41 23 och
378 885 104 30 Sveriges
498 884 46 23 folk
560 886 34 21 för
610 884 130 23 öfversända
755 885 79 29 bidrag

76 917 33 23 till
125 918 83 23 nödens
224 918 113 23 lindrande
349 919 67 22 under
428 919 101 22 sednaste
541 918 114 29 missvext,
667 918 96 23 hvarhos
775 919 60 21 stän=

76 951 48 30 det,
142 959 47 15 som
209 955 71 20 ansett
298 953 63 22 dessa
376 951 99 24 adresser
491 954 53 21 böra
559 953 162 22 underskrifvas
737 951 26 24 af
774 949 61 25 stän-

76 983 54 25 dens
154 985 100 30 samtlige
272 985 146 30 medlemmar,
436 988 168 21 äterremitterat
622 987 109 22 desamma
746 984 34 23 till
796 992 37 15 ex-

76 1019 218 30 peditionsutskottet
314 1020 34 23 för
367 1025 31 18 att
416 1021 119 22 utskrifvas
555 1019 52 29 och,
622 1019 101 23 daterade
740 1019 34 23 för
789 1019 44 22 den

77 1055 25 20 17
122 1055 93 28 dennes,
234 1056 67 27 jemte
320 1053 94 24 särskild
434 1054 116 23 skrifvelse
566 1054 95 23 affärdas
677 1052 33 23 till
725 1051 54 24 hans
795 1061 38 14 ex-

74 1089 82 22 cellens
172 1089 224 29 generalguvernören
412 1089 34 22 för
462 1093 31 18 att
508 1089 75 22 vidare
600 1088 118 23 befordras.

143 1123 172 29 Deputationen,
338 1131 46 14 som
404 1124 25 21 af
445 1123 50 22 herr
517 1123 150 22 talmannen
690 1121 143 28 betackades,

74 1157 100 22 afträdde
190 1158 58 21 härä.

144 1192 113 22 Anmältes
273 1190 40 24 och
330 1195 107 26 emottogs
453 1199 27 15 en
495 1190 128 31 deputation
639 1192 46 22 från
702 1188 131 25 bondestän=

73 1225 44 27 det,
133 1226 77 21 anförd
227 1226 24 20 af
264 1226 120 22 ledamoten
396 1226 119 28 Pelkonen,
528 1234 47 14 som
586 1226 133 26 meddelade,
732 1228 31 18 att
774 1225 59 20 stäne

72 1258 38 22 det
129 1260 84 28 antagit
232 1260 80 28 nädiga
331 1261 164 27 propositionen
515 1260 44 21 N:o
575 1261 34 26 21,
625 1259 111 29 angäende
752 1258 80 22 allmän

72 1292 103 22 tillätelse
191 1293 33 21 till
240 1294 136 21 anställande
392 1295 24 20 af
430 1294 78 22 urtima
523 1295 47 27 ting
585 1294 8 21 i
608 1294 65 21 civila
688 1292 91 22 ärender
791 1292 42 21 och

72 1325 85 23 mindre
173 1327 111 28 brottmäl,
301 1328 47 21 med
365 1328 41 22 den
422 1328 26 22 af
460 1328 145 29 lagutskottet
619 1326 124 30 föreslagna
759 1325 73 22 förän-

72 1361 65 27 dring
152 1361 54 21 deri.

142 1394 163 28 Deputationen
325 1396 130 22 betackades
471 1396 25 22 af
509 1396 50 22 herr
574 1396 153 22 talmannen
743 1392 41 22 och
800 1391 32 23 afs

72 1428 84 22 trädde.

98 1468 63 23 Vällyfi.
173 1469 141 23 lorgareständets
320 1471 84 22 protokoll
413 1469 100 24 landidagen
524 1470 128 17 1863—1864,
776 1462 25 21 17
