992 1725
771 143 40 22 151

80 209 54 23 bäfd
149 210 41 23 och
206 210 109 28 naturliga
329 208 150 28 räskillnader,
495 208 68 23 likväl
579 210 84 21 kunnat
678 210 28 28 pä
718 210 69 30 något
797 212 51 22 sätt:

80 245 56 22 reda
148 246 41 28 sig.
222 244 54 22 Men
291 243 51 22 flere
359 243 79 29 byalag
454 243 73 21 kunde
542 243 29 21 ha
586 243 35 22 del
637 244 32 21 uti
684 252 82 14 samma
778 246 63 28 jord-

79 279 79 29 stycke
172 286 36 14 om
223 278 67 29 nägra
304 277 126 22 tunneland.
453 276 54 23 Man
522 277 44 22 kan
581 277 88 23 derföre
684 278 41 21 lätt
739 280 102 21 förestäl-

80 313 22 22 la
120 314 35 27 sig
169 313 44 21 den
228 311 115 23 osäkerhet
358 312 7 21 i
380 311 167 29 äganderätten,
562 319 47 14 som
625 312 60 22 detta
702 313 138 23 förhällande

80 347 71 22 skulle
167 346 156 22 ästadkomma.
347 346 76 21 Under
436 345 95 22 tidernas
542 346 53 29 lopp
608 346 55 22 hade
675 347 92 29 ägornes
781 351 58 26 yttre

80 381 104 22 utseende
200 380 40 22 och
258 380 147 22 beskaffenhet
420 380 117 28 undergätt
552 380 114 29 betydliga
678 381 161 30 förändringar.

80 415 54 26 Det,
157 422 46 14 som
226 415 32 21 uti
278 415 55 20 1664
352 414 34 21 ärs
406 414 310 29 jordransakningsprotokoll
739 416 100 21 kallades

80 449 147 28 ”tjärnskog”,
250 448 72 22 kunde
343 448 117 21 etthundra
482 448 25 21 är
528 448 95 21 derefter
642 457 53 13 vara
713 457 26 14 en
759 449 80 30 bördig

79 483 147 30 svedjemark,
242 490 47 15 som
304 483 86 21 derföre
406 482 67 22 ocksä
489 483 71 28 börjat
575 483 91 21 omtalas
682 483 49 22 med
746 487 31 18 ett
792 483 47 22 helt

79 521 67 18 annat
168 525 76 20 namn,
267 518 27 21 än
318 516 101 22 hvarmed
438 516 38 21 det
495 516 145 22 betecknades
659 517 7 22 i
678 517 159 29 jordsedlarne.

80 552 89 21 Häfden
185 551 143 22 verkställdes
344 551 18 28 ej
379 551 67 21 heller
461 551 33 21 till
510 551 27 21 de
553 553 108 26 anparter,
676 559 47 14 som
736 552 101 28 jordsed-

79 586 61 22 larne
155 586 111 22 anvisade.
295 584 45 22 Det
354 585 147 21 manstarkare
517 585 103 29 byalaget
635 588 48 26 tog,
699 586 7 21 i
719 586 118 21 förhällan-

79 621 29 21 de
126 620 33 21 till
175 620 67 21 andra
258 619 90 29 byalag,
363 618 148 23 broderlotten
527 619 42 21 och
584 619 58 21 inom
658 627 81 14 samma
755 620 82 28 byalag

79 654 130 22 inkräktade
224 654 42 22 den
282 654 119 29 mägtigare
416 654 42 21 den
474 661 103 21 svagares
592 654 47 21 lott.
670 653 50 23 Den
735 654 32 22 tid
779 654 26 21 är
816 654 19 28 ej

80 689 61 29 långt
156 688 110 29 aflägsen,
280 688 30 22 dä
324 696 48 14 man
388 689 56 21 ännu
460 688 37 21 vid
513 688 147 22 domstolarne
676 688 55 22 hade
746 688 90 29 längva-

79 723 49 28 riga
151 722 83 28 tvister,
257 729 47 15 som
326 722 110 27 utvisade,
459 725 32 19 att
509 725 31 18 ett
555 723 57 28 parti
628 722 55 22 hade
699 722 88 29 huggit,
804 724 33 20 ett

78 759 67 19 annat
160 756 89 28 brännt,
264 759 30 18 ett
310 756 67 29 tredje
393 756 66 28 plöjt,
474 759 31 19 ett
520 756 69 28 fjerde
602 756 70 22 besätt
682 759 32 19 ett
725 756 41 22 och
779 764 57 14 sam-

78 799 36 14 ma
128 790 126 30 svedjeland
270 790 40 22 och
327 793 31 19 ett
372 791 66 21 femte
454 790 90 22 skördat
559 791 78 21 växten
654 790 103 22 derifrän.
783 790 53 22 Alla

78 825 67 22 dessa
160 825 87 28 partier,
263 824 73 28 hvarje
352 824 116 22 bestående
484 825 46 21 ofta
545 826 25 20 af
583 825 61 21 tiotal
657 825 108 27 hemman,
778 824 57 22 hade

78 859 96 29 vidtagit
192 859 49 22 sina
256 858 101 29 åtgärder
372 858 68 23 under
455 859 235 29 äganderättsanspråk
705 858 34 22 till
755 858 80 29 sjelfva

74 893 146 29 jordstycket.
258 893 90 21 Oredan
370 893 41 21 och
434 893 142 22 osäkerheten
601 893 81 22 ökades
700 893 26 21 af
741 892 28 22 de
788 893 47 21 ofta

77 927 177 22 återkommande
269 927 228 28 krigsoroligheterna.
529 927 76 22 Under
619 927 64 22 dessa
699 927 68 28 fejder
778 926 57 29 flyd-

76 961 29 22 de
117 961 155 29 befolkningen
284 961 71 21 undan
367 961 41 21 och
420 961 127 22 hemmanen
560 961 72 22 blefvo
645 961 48 22 öde.
716 961 35 22 Dä
763 961 72 28 krigs-

77 995 67 28 lägan
158 995 35 22 för
208 995 86 29 gängen
309 995 119 22 slocknade
444 995 40 22 och
500 995 165 22 landtmannens
681 995 95 28 fredliga
786 1002 48 21 sys-

77 1029 156 28 selsättningar
247 1029 47 22 äter
309 1029 71 22 kunde
396 1030 113 29 begynna,
525 1038 39 13 var
579 1030 37 21 det
627 1033 30 18 ett
670 1037 69 21 yngre
751 1029 82 28 slägte,

77 1064 47 21 ofta
147 1063 25 22 af
192 1063 46 22 helt
258 1063 68 22 andra
344 1063 93 28 familjer
452 1065 28 20 än
495 1065 68 26 förut,
579 1071 47 14 som
641 1063 98 22 nedsatte
754 1063 40 28 sig
805 1061 28 30 pä

75 1097 29 22 de
118 1097 108 29 ödelagda
238 1097 132 22 hemmanen.
393 1098 81 27 Dessa,
486 1098 113 29 okunniga
611 1106 33 13 om
657 1098 47 21 räer
715 1097 42 21 och
769 1097 64 28 häfd,

76 1135 53 25 togo
152 1132 8 21 i
181 1131 120 29 besittning
322 1131 27 23 de
368 1132 154 28 jordstycken,
542 1140 47 14 som
608 1132 49 28 lägo
677 1132 96 21 närmast
790 1131 43 22 och

75 1166 127 29 lämpligast
221 1166 34 21 tili
274 1166 62 21 deras
354 1166 124 29 nyanlagda
497 1166 118 27 bolstäder,
631 1165 146 30 obekymrade
796 1172 37 15 om

75 1200 28 22 de
118 1201 26 21 af
155 1200 49 22 dem
220 1200 88 28 intagne
320 1200 144 29 jordstycken
480 1200 103 22 tillhörde
593 1200 63 22 deras
669 1200 98 21 hemman
779 1199 54 22 eller

74 1235 28 28 ej.
132 1234 72 22 Dessa
223 1234 93 29 fredliga
334 1235 94 21 eröfrare
446 1236 67 20 funno
529 1235 52 28 inga
596 1233 174 29 betänkligheter
784 1231 48 30 vid,

74 1272 34 18 att
122 1268 75 28 intaga
210 1269 80 27 jemväl
302 1269 77 28 sjelfva
391 1269 168 21 bolstommarne
572 1270 35 20 för
618 1269 133 21 hemmanen.
775 1266 57 29 Den,

73 1310 48 14 som
138 1303 86 29 engäng
239 1303 55 21 hade
310 1303 34 21 för
358 1304 34 28 sig
408 1303 70 21 utvalt
493 1302 97 27 bolstad,
606 1302 89 28 började
707 1305 50 18 utan
771 1301 61 22 vida-

74 1345 23 14 re
120 1336 120 30 omgänger
262 1337 108 22 derunder
392 1337 67 21 häfda
482 1338 43 20 alla
545 1337 27 21 de
591 1337 85 27 inägor,
694 1343 47 14 som
757 1335 51 29 lägo
824 1335 7 21 i

73 1372 109 21 närmaste
204 1370 116 30 granskap.
360 1370 98 23 Sålunda
478 1372 73 21 blefvo
571 1370 48 22 hela
637 1371 100 21 hemman
756 1369 75 27 oigen-

73 1405 117 29 känneliga
205 1404 41 22 och
262 1405 145 29 obefinteliga.
438 1405 41 21 Att
494 1405 105 29 Nyslotts
615 1404 60 22 stads
688 1401 142 30 borgerskap,

72 1439 38 24 vid
128 1439 57 23 slika
204 1439 160 30 förhållanden,
386 1439 69 23 under
473 1440 65 22 dessa
557 1439 154 30 ockupations-
726 1436 42 23 och
783 1437 48 23 näf-
