992 1725
182 88 42 21 170

152 150 24 22 så
195 152 55 19 stort
268 150 58 22 antal
345 150 111 29 exemplar
472 150 64 22 deraf
548 153 73 26 tagas,
637 153 32 19 att
683 149 74 29 hvarje
773 150 132 22 ståndsmed-

150 183 43 22 lem
215 184 113 22 äfvensom
350 185 98 22 ståndets
471 184 112 30 betjening
605 184 64 22 deraf
685 183 72 23 kunde
777 184 80 23 erhålla
875 188 31 37 ett

150 218 118 28 exemplar.

219 252 33 22 På
267 252 93 29 begäran
376 253 139 22 meddelades
530 252 50 22 herr
595 252 116 22 Molander
727 252 97 23 tillstånd
836 256 31 19 att
877 252 30 30 på

151 286 81 28 fjorton
248 286 80 30 dagars
343 286 31 23 tid
391 288 46 21 från
453 287 77 23 staden
545 288 77 21 afresa.

221 320 177 23 Sammanträdet
414 322 54 23 slöts
484 322 52 22 härå
552 322 94 21 klockan
661 321 49 22 half
722 321 34 22 till
771 325 30 18 tu.

709 357 20 17 In
742 358 59 16 fidem:

600 384 97 24 Sixtus
712 383 161 25 Calamnius.

350 530 123 35 Tisdagen
492 531 47 25 den
558 531 32 25 27
609 530 107 26 oktober

152 575 94 25 klockan
269 576 59 22 'elfva
349 577 49 21 före
416 575 127 30 middagen,
565 575 185 23 sammankommo
768 576 33 22 till
820 576 86 28 plenum

152 611 114 29 välloflige
281 610 191 30 borgareståndets
486 610 99 29 samtlige
601 610 146 28 medlemmar,
762 611 47 21 med
826 610 80 22 undan-

152 648 37 25 tag
212 646 24 20 af
257 645 74 21 herrar
350 644 139 28 Dahlström,
507 644 120 28 Lindroth,
646 644 97 28 Franck,
762 644 144 22 Hämäläinen

153 678 42 22 och
209 678 125 28 Molander,
350 678 76 22 hvilka
440 679 49 21 med
504 678 98 22 tillstånd
618 686 54 14 voro
687 679 150 22 frånvarande.

220 712 45 22 Till
282 714 108 28 justering
405 713 114 29 upplästes
534 713 37 21 två
586 712 107 22 särskilda
708 713 79 29 utdrag
801 714 24 20 af
838 713 68 29 pleni-

151 747 136 29 protokollet
311 748 33 21 för
366 748 43 21 den
428 748 28 20 23
476 748 6 20 i
501 747 69 22 denne
585 748 89 26 månad,
688 747 37 22 det
740 755 40 14 ena
795 747 111 28 angående

151 782 43 21 den
212 782 8 21 i
239 782 86 22 ståndet
345 782 29 22 då
390 782 114 22 förehafda
520 782 75 28 frågan
611 790 35 14 om
663 781 134 22 tillsättande
811 782 25 20 af
848 781 58 22 leda-

151 816 70 21 möter
236 816 7 22 i
258 819 32 19 ett
304 816 35 22 för
350 816 45 22 alla
406 816 90 22 stånden
507 819 134 26 gemensamt
655 816 183 26 besvärsutskott,
851 819 56 17 samt

152 850 38 22 det
208 850 68 22 andra
294 850 226 29 protokollsutdraget
538 858 36 14 om
589 850 98 23 ståndets
701 850 37 22 val
753 850 24 22 af
789 849 117 22 ledamöter

152 884 42 22 och
216 885 118 28 suppleant
350 885 8 22 i
376 885 93 22 berörde
488 885 94 26 utskott;
604 885 41 22 och
663 885 72 21 blefvo
751 887 32 19 tre
797 884 110 28 exemplar

151 919 26 22 af
196 918 107 23 hvardera
324 919 234 29 protokollsutdraget,
581 920 34 21 för
633 921 33 20 att
683 919 27 21 de
729 918 69 23 andra
816 918 90 22 ståuden

152 953 122 28 meddelas,
296 953 162 22 öfverlemnade
476 953 33 22 till
527 953 43 22 den
589 953 37 22 vid
642 953 140 22 förenämnde
797 953 87 28 plenum
899 953 8 22 i

152 987 79 22 sådant
244 987 103 22 afseende
362 987 92 23 utsedda
468 987 161 29 deputationen.

220 1021 63 22 Härå
304 1022 136 23 förekommo
463 1022 32 21 till
514 1021 74 23 vidare
608 1021 133 30 behandling
759 1021 95 29 följande
869 1021 38 22 vid

153 1048 87 36 plenum
258 1056 42 21 den
316 1057 28 21 23
359 1056 145 22 innevarande
518 1056 79 22 månad
613 1057 34 22 till
662 1056 70 22 denne
747 1055 42 29 dag
805 1055 102 30 bordlag-

151 1089 29 22 da
196 1091 123 27 petitioner,
334 1091 121 29 nemligen:

220 1123 58 22 Herr
293 1121 93 26 Hildens
402 1109 91 45 petition
508 1132 35 15 om
558 1124 132 30 indragning
705 1125 26 21 af
742 1124 107 29 lagmans-
865 1123 41 23 och

151 1158 204 23 kämnersrätterne.

219 1192 60 22 Herr
293 1192 122 23 Juselius
431 1193 95 29 yttrade:
548 1194 42 22 Att
601 1194 28 22 då
641 1193 76 29 frågan
730 1201 34 13 om
777 1192 131 29 indragning

151 1227 25 21 af
192 1226 109 29 lagmans-
315 1227 42 22 och
372 1227 196 23 kämmersrätterne
584 1228 69 22 börde
667 1227 33 21 till
715 1227 82 21 antalet
811 1226 25 22 af
847 1226 61 28 dem,

150 1260 87 28 hvilka,
259 1261 69 29 enligt
350 1260 64 23 Hans
432 1261 115 29 Majestäts
566 1262 82 30 nådiga
665 1261 103 22 manifest
785 1261 25 21 af
822 1260 41 22 den
881 1262 27 20 10

151 1295 56 28 april
225 1296 65 26 1861,
306 1295 118 23 förklarats
441 1304 51 14 vara
506 1296 25 22 af
543 1296 42 22 den
601 1297 49 28 vigt
664 1298 32 19 att
711 1295 28 22 de
754 1294 154 22 företrädesvis

151 1329 70 23 borde
244 1330 38 22 vid
304 1330 106 28 landtdag
432 1330 31 22 till
486 1330 135 29 behandling
641 1330 144 25 förekomma,
808 1329 101 22 hvarföre

151 1364 95 22 nämnda
269 1364 63 29 fråga
353 1364 65 22 äfven
438 1365 73 21 blifvit
529 1366 25 20 af
567 1364 62 23 Hans
645 1363 124 29 Kejserliga
783 1363 104 29 Majestät
902 1364 7 22 i

151 1398 68 22 nåder
234 1398 149 24 öfverlemnad
399 1399 31 22 till
447 1399 129 30 föregående
592 1398 167 31 handläggning
774 1398 24 21 af
810 1397 36 23 det
861 1398 49 22 sist-
