992 1725
814 123 15 21 5

80 200 5 5 -
96 184 222 24 mannaverksamhet
336 183 49 23 icke
404 184 136 22 innefattade
563 184 83 22 sådana
667 184 190 30 bestämmanden,

95 220 146 30 hvarigenom
263 219 55 22 hans
340 219 148 29 yttranderätt
509 226 53 14 vore
586 219 149 29 ovilkorligen
757 220 100 28 bunden,

95 257 53 19 utan
164 254 33 22 till
209 254 84 22 honom
304 253 156 22 öfverlemnats
473 256 31 18 att
515 253 8 21 i
534 253 179 22 förekommande
726 253 37 23 fall
775 254 82 22 handla

95 288 56 22 efter
170 288 63 22 bästa
251 287 103 28 vetande,
374 288 68 29 ansåg
460 287 84 22 talaren
563 287 78 22 hinder
659 288 50 22 icke
728 288 54 22 böra
796 289 60 21 möta

95 323 35 21 för
145 322 51 21 herr
210 321 76 24 Wolff
303 325 31 18 att
350 321 73 24 såsom
438 321 81 23 ombud
533 322 36 22 för
583 321 144 23 Nikolaistad
741 325 52 26 taga
808 324 48 21 säte

95 356 43 22 och
154 357 93 21 stämma
262 357 7 20 i
286 356 94 22 ståndet.

165 398 12 21 I
192 399 61 22 detta
268 399 102 29 yttrande
386 399 108 22 instemde
509 399 76 22 herrar
596 399 167 28 Dahlström,
779 399 77 23 Juse-

96 433 53 22 lius
173 433 42 22 och
235 431 28 24 OC.
281 433 26 21 F.
327 433 152 29 Grönberg,
502 433 112 23 hvarefter
638 433 89 23 ståndet
749 433 108 30 enhälligt

428 467 89 22 Beslöt:

164 502 47 21 Det
226 501 82 28 skulle,
326 501 50 22 med
394 501 163 30 godkännande
572 503 24 21 af
609 502 43 22 den
667 503 36 22 för
717 503 51 22 herr
783 501 75 24 Wolff

95 536 118 21 utfärdade
229 535 101 22 fullmakt
346 539 31 18 att
392 543 52 15 vara
460 537 80 22 ombud
555 537 34 22 för
604 536 153 28 Nikolaistad,
773 537 82 22 honom

95 570 82 22 tillåtas
197 573 32 19 att
247 570 7 21 i
274 570 68 22 sådan
364 571 112 29 egenskap
497 571 72 22 såsom
588 571 94 22 medlem
697 571 8 21 i
721 571 87 23 ståndet
823 572 32 21 in-

96 605 73 26 träda;
184 604 86 22 hvilket
284 604 74 22 beslut
373 605 24 21 af
409 606 51 21 herr
472 605 124 22 talmannen
609 605 137 22 afkunnades
758 606 35 20 för
804 605 51 22 herr

95 638 84 29 Wolff,
198 646 48 15 som
266 639 106 22 anmältes
391 639 66 22 hafva
475 640 97 22 infunnit
587 640 34 29 sig
637 640 6 21 i
660 640 99 22 ståndets
775 639 81 23 kansli-

96 681 48 14 rum
160 673 42 22 och
216 681 30 14 nu
262 674 120 22 inkallades
398 677 56 19 samt
469 674 52 22 derå
535 675 63 28 intog
610 674 51 22 dess
674 675 47 21 säte
737 674 6 21 i
760 674 94 22 ståndet.

166 714 240 31 Ceremonimästaren,
418 716 50 23 herr
477 717 200 28 öfverdirektören,
687 716 118 23 statsrådet
813 716 42 23 och

95 750 206 29 kammarjunkaren
316 759 44 14 von
375 751 63 22 Born
453 751 70 22 erhöll
537 751 30 29 på
577 751 101 22 anmälan
689 751 112 22 företräde
812 751 42 21 och

94 785 131 22 meddelade
237 788 32 18 att
280 784 64 23 Hans
356 784 106 30 Majestät
473 785 108 29 Kejsaren
596 786 8 20 i
619 785 67 23 nåder
701 785 108 22 förklarat
820 785 35 29 sig

95 820 53 28 vilja
160 820 8 21 i
180 819 44 29 dag
234 819 32 22 kl.
278 822 31 18 ett
316 822 65 26 qvart
391 820 29 28 på
431 820 12 20 7
458 822 109 26 emottaga
578 820 27 21 de
617 819 236 30 ståndsdeputationer,

96 862 48 15 som
167 854 71 21 under
260 854 120 22 anförande
402 854 24 21 af
446 853 200 23 landtmarskalken
669 854 41 21 och
727 853 127 22 talmännen

94 889 70 21 borde
185 889 41 21 hos
245 887 64 23 Hans
324 887 106 30 Majestät
449 888 88 29 aflägga
555 888 138 29 underdånig
715 888 139 29 tacksägelse

94 923 35 21 för
150 923 67 28 nådig
234 923 92 22 kallelse
346 923 35 21 till
398 922 133 30 landtdagen
551 926 55 19 samt
624 923 87 21 anhålla
726 930 37 14 om
777 922 78 29 nådigt

95 957 165 22 bestämmande
276 958 24 20 af
313 957 71 29 dagen
403 957 34 22 för
456 957 146 29 landtdagens
621 957 128 29 öppnande;
768 957 85 21 hvaref-

94 995 34 18 ter
150 991 52 22 herr
224 991 201 28 öfverdirektören,
449 992 118 22 statsrådet
589 992 42 21 och
649 991 204 28 kammarjunkaren

94 1025 47 22 åter
156 1025 107 22 afträdde.

165 1069 64 21 Efter
244 1069 38 21 det
298 1069 87 22 ståndet
403 1069 53 21 härå
471 1069 96 22 beslutat
581 1072 32 18 att
627 1068 34 21 till
677 1067 94 23 nämnde
786 1066 67 30 depu-

95 1103 71 22 tation
182 1103 71 22 skulle
269 1111 80 21 genom
365 1103 71 22 sluten
452 1104 139 28 omröstning
605 1103 93 28 inväljas
709 1102 45 22 tolf
762 1102 24 21 af
795 1102 58 21 stån-

95 1137 50 23 dets
166 1137 147 28 medlemmar,
336 1138 99 29 företogs
458 1138 67 28 valet,
549 1145 47 15 som
615 1137 76 29 aflopp
711 1136 92 23 sålunda
821 1139 32 19 att

92 1172 66 21 flesta
179 1173 102 21 rösterna
303 1172 89 22 tillföllo
412 1172 75 22 herrar
505 1172 110 27 Juselius,
635 1169 119 29 Candelin,
774 1170 79 29 Björn-

93 1206 64 29 berg,
178 1206 182 28 Sneckenström,
384 1206 80 28 Malm,
483 1206 130 27 Wendelin,
631 1204 131 30 Bergstedt,
781 1204 72 23 Sund-

92 1248 61 19 man,
170 1240 119 29 Kellgren,
306 1239 26 23 C.
348 1240 25 22 F.
390 1240 129 30 Grönberg,
535 1240 75 22 Mölsä
625 1240 42 22 och
683 1239 122 22 Träskelin.

163 1282 95 23 Ståndet
272 1284 66 29 utsåg
356 1283 96 23 härefter
471 1283 143 29 deputerade,
633 1282 76 22 hvilka
724 1281 71 23 skulle
810 1282 41 21 hos

92 1317 28 22 de
139 1318 73 28 öfriga
231 1318 93 22 stånden
343 1318 55 22 hvar
416 1318 8 21 i
444 1318 34 22 sin
497 1318 96 28 ordning
612 1318 103 21 framföra
738 1315 113 29 välloflige

93 1352 196 29 borgareståndets
312 1352 103 30 helsning
434 1352 42 22 och
493 1352 138 29 lyckönskan
649 1351 35 22 till
706 1349 145 29 landtdagens

94 1386 204 22 sammanträdande
316 1390 56 19 samt
386 1387 99 27 anföras,
503 1386 40 22 hos
559 1386 124 29 högloflige
699 1383 153 29 ridderskapet

97 1420 41 22 och
154 1420 63 23 adeln
234 1422 24 21 af
271 1421 51 22 herr
333 1416 129 35 Öhrnberg,
478 1421 41 23 hos
534 1420 140 31 högvördige
688 1418 165 30 presteståndet
