992 1725
779 128 43 22 217

88 190 118 29 exemplar,
225 188 120 24 emellertid
360 188 33 22 till
408 189 28 21 de
451 189 136 22 närvarande
603 188 248 25 ståndsmedlemmarne

88 224 108 22 utdelade.

157 258 62 22 Härä
237 256 155 28 antecknades,
414 260 32 18 att
464 257 41 22 den
525 256 38 22 vid
582 257 53 21 sista
650 257 88 29 plenum
754 257 43 22 den
813 258 13 21 6
842 258 8 21 i

88 291 71 22 denne
181 291 79 22 månad
282 291 100 22 beslutna
404 291 166 28 deputationen,
593 291 117 22 bestående
733 292 26 22 af
774 291 75 23 herrar

88 325 143 29 Lindegvist,
250 325 117 23 Wendelin
384 325 41 22 och
440 325 85 29 Bergh,
541 325 70 29 enligt
625 325 99 23 ständets
739 326 30 22 dä
784 327 64 21 fatta-

88 359 28 24 de
135 359 82 28 beslut,
236 359 93 22 nämnde
348 359 44 28 dag
408 359 108 22 meddelat
532 359 139 30 högvördiga
686 361 164 27 presteständet

89 397 57 20 samt
160 393 135 22 hedervärda
311 393 157 22 bondeständet
483 393 158 22 underrättelse
657 394 84 27 derom,
758 397 33 19 att
802 395 46 20 väl-

88 428 80 29 loflige
182 428 179 29 borgareständet
376 428 98 28 godkänt
489 428 46 29 lag-
552 428 42 22 och
609 428 239 22 ekonomieutskottens

89 463 84 28 förslag
188 469 35 15 om
238 462 63 21 dessa
316 461 94 22 utskotts
428 462 123 29 fördelning
567 463 7 20 i
589 461 51 23 flere
656 462 126 28 divisioner,
797 470 51 15 men

89 496 124 29 bögloflige
228 495 152 28 ridderskapet
394 495 42 22 och
452 496 75 28 adeln,
543 503 46 14 som
605 497 65 20 äfven
685 496 71 23 skulle
771 497 77 22 derom

89 530 83 21 erhälla
191 530 131 27 kännedom,
341 529 55 23 hade
412 531 18 28 ej
447 530 47 22 haft
509 531 98 28 plenum;
623 527 52 25 derä
690 530 157 29 deputationen

89 571 29 16 nu
134 563 74 29 afgick
224 564 33 23 till
272 563 139 24 sistbemälde
422 564 65 22 stånd
499 567 56 19 samt
567 564 97 23 återkom
676 565 56 22 efter
743 572 27 14 en
782 564 65 22 stund

89 598 49 22 med
161 598 106 22 förmälan
290 601 31 18 att
339 598 123 29 uppdraget
480 598 125 23 verkställts
624 599 65 22 äfven
708 598 41 24 hos
764 598 83 24 ridder-

89 632 78 29 skapet
182 631 42 21 och
239 632 73 28 adeln,
327 639 46 15 som
390 633 56 21 varit
460 633 33 21 till
509 632 88 29 plenum
613 632 135 24 församladt.

159 664 119 26 Sessionen
294 666 112 32 upphörde
422 666 94 24 klockan
531 667 48 22 tolf.

646 702 23 16 In
681 702 60 16 fidem:

541 728 94 24 Sixtus
651 728 164 24 Calamnius,

265 873 128 34 Fredagen
412 874 48 25 den
483 874 30 25 13
533 874 136 26 november

88 919 96 23 klockan
199 919 58 22 elfva
272 919 46 21 före
330 918 116 29 middagen
458 918 175 23 sammanträdde
645 919 6 22 i
664 918 181 28 borgareständet

88 953 34 23 till
142 954 87 27 plenum
244 953 96 22 ständets
355 953 100 28 samtlige
470 952 146 27 medlemmar,
632 953 48 21 med
696 953 112 28 undantag
823 953 24 22 af

88 987 51 22 herr
158 985 181 29 Sneckenström,
357 993 46 14 som
423 986 50 22 med
492 986 98 23 ständets
606 987 61 22 bifall
682 994 40 14 var
736 986 49 22 frän
800 990 44 19 sta-

88 1020 43 23 den
150 1021 102 26 bortrest,
271 1023 56 20 samt
345 1020 49 21 herr
413 1018 27 25 C.
458 1020 23 22 J.
497 1020 128 29 Grönberg,
643 1027 47 15 som
708 1020 83 22 anmält
809 1021 36 29 sig

88 1062 53 15 vara
159 1055 25 20 af
196 1054 99 21 enskilda
310 1054 184 29 angelägenheter
509 1053 94 23 hindrad
618 1057 32 19 att
664 1055 46 22 förr
725 1054 27 21 än
768 1061 77 16 senare

87 1089 69 24 under
170 1089 111 21 sessionen
296 1089 34 28 sig
345 1088 88 22 infinna.

156 1123 59 23 Herr
230 1123 149 22 talmannen
394 1123 104 30 öppnade
513 1123 111 22 sessionen
635 1122 50 24 med
698 1122 98 30 följande
807 1129 38 16 an-

87 1157 101 23 förande:

156 1190 42 24 Uti
212 1191 37 23 det
263 1191 79 29 nädiga
357 1190 41 28 tal,
417 1190 106 24 hvarmed
537 1191 64 22 Hans
615 1190 107 30 Majestät
735 1190 109 29 Kejsaren

86 1225 39 21 vid
143 1226 125 28 öppnandet
286 1226 25 21 af
322 1225 134 29 landtdagen
472 1225 88 22 helsade
575 1225 106 22 Finlands
697 1224 95 28 ständer,
808 1225 37 21 be-

86 1259 85 29 hagade
186 1259 63 21 Hans
264 1258 115 30 Majestät,
397 1259 68 23 bland
481 1262 76 24 annat,
572 1262 67 26 yttra:
656 1259 103 21 hurusom
775 1258 46 28 det,
837 1260 7 20 i

86 1293 56 29 följd
158 1294 24 22 af
194 1293 42 23 den
251 1293 135 29 granskning
400 1294 43 21 och
460 1294 131 28 beredning,
602 1293 27 23 de
640 1293 134 29 landtdagen
787 1293 57 21 före-

85 1327 67 29 lagde
166 1327 121 29 lagförslag
302 1327 42 22 och
360 1327 72 29 öfriga
447 1328 96 23 ärenden
557 1327 67 25 redan
636 1326 126 31 undergätt,
775 1326 69 24 borde

86 1362 70 23 blifva
178 1368 35 14 oss
236 1362 86 28 möjligt
343 1364 41 23 att,
407 1362 94 23 oaktadt
519 1362 115 28 frägornas
653 1361 132 27 omfattning
800 1360 43 23 och

86 1395 144 29 betydenhet,
253 1396 79 21 afsluta
350 1396 51 21 vära
420 1396 90 22 arbeten
529 1396 59 23 inom
607 1395 42 24 den
668 1395 25 24 af
705 1393 138 31 grundlagen

85 1430 35 25 för
135 1429 129 26 ständernas
278 1436 150 18 sammanvaro
445 1430 133 25 föreskrifna
593 1430 38 25 tid,
