992 1725
784 127 27 21 97

81 190 116 30 Majestät,
214 188 86 31 jemlikt
315 188 43 24 Sitt
373 188 37 22 vid
426 188 71 22 denna
512 188 118 30 landtdags
647 189 116 28 öppnande
779 191 61 29 gifna

80 224 43 23 och
138 226 66 21 äfven
220 225 24 21 af
258 223 178 29 borgareståndet
451 222 49 22 med
516 223 98 21 tacksam
630 223 73 29 glädje
715 227 126 25 emottagna

81 259 65 27 löfte,
164 259 67 21 måtte
250 259 13 21 å
281 259 63 20 nästa
361 256 106 29 landtdag
482 257 115 29 förelägga
612 256 117 23 ständerne
745 260 31 18 ett
791 258 49 21 full-

81 293 99 29 ständigt
202 293 83 28 förslag
307 292 35 21 till
364 291 68 23 sådan
455 291 129 29 förändring
603 292 7 21 i
629 291 85 22 landets
737 292 103 29 gällande

81 327 141 29 grundlagar,
241 330 32 18 att
291 325 115 22 ständerne
426 326 45 21 åter
489 326 88 21 komma
596 326 7 21 i
619 326 126 29 åtnjutande
761 327 24 22 af
797 327 42 22 den

82 361 148 27 motionsrätt,
246 368 48 14 som
308 360 48 21 dem
373 360 25 22 af
410 360 59 21 ålder
484 360 104 21 tillhört.”

151 401 73 22 Sedan
243 400 107 22 särskilda
370 401 24 20 af
410 400 97 22 ståndets
527 400 140 22 medlemmar
682 400 86 22 förenat
783 401 34 28 sig
833 400 7 22 i

80 435 62 22 detta
153 434 125 27 anförande,
287 434 133 21 framställde
431 435 50 20 herr
489 434 124 22 talmannen
622 435 145 28 proposition,
776 435 64 21 huru-

81 469 52 22 vida
150 469 87 22 ståndet
255 469 51 21 ville
326 469 71 20 såsom
412 468 50 22 dess
478 476 54 21 egen
549 471 80 26 antaga
644 469 144 22 förevarande
803 476 37 21 pe-

82 503 70 22 tition.
182 503 80 22 Denna
276 503 138 28 proposition
429 502 132 22 besvarades
576 503 49 22 med
640 503 107 29 enhälligt
758 504 34 27 ja.

152 543 68 29 Uppå
234 543 74 21 vidare
324 543 24 21 af
360 543 50 21 herr
425 543 161 27 talmannen,
602 543 7 21 i
625 543 119 28 anledning
759 543 25 22 af
796 543 44 22 den

81 577 75 22 derom
178 577 63 21 förda
262 577 124 21 diskussion
409 584 28 14 nu
461 577 122 21 framställd
604 578 71 28 fråga,
694 584 36 14 om
753 577 87 21 ståndet

83 611 97 22 önskade
200 614 32 18 att
247 612 81 28 jemväl
347 611 71 21 denna
436 612 91 28 petition
544 612 67 21 borde
626 612 7 20 i
649 611 69 22 likhet
733 611 49 22 med
797 611 43 22 den

83 645 131 29 föregående
236 645 28 22 de
283 646 72 28 öfriga
375 645 90 21 stånden
484 646 104 21 särskildt
604 642 123 30 meddelas,
741 645 51 22 med
807 646 33 21 in-

84 679 106 29 bjudning
213 682 32 19 att
267 680 34 28 sig
320 680 74 21 derom
413 680 84 27 förena,
517 680 42 21 och
579 688 34 13 om
629 681 66 20 sättet
710 680 35 21 för
759 683 32 18 ett
806 680 34 21 så-

83 714 53 21 dant
151 714 152 26 meddelande,
322 713 82 22 beslöts
420 713 105 29 enhälligt
540 717 32 18 att
586 713 147 31 nyssnämnde
749 713 92 29 depute-

81 747 53 22 rade
149 747 70 22 skulle
235 748 140 28 öfverbringa
390 747 189 29 borgareståndets
594 748 130 28 inbjudning
736 747 33 21 till
780 747 60 21 med-

82 782 91 21 stånden
188 784 32 19 att
234 782 32 21 uti
280 782 167 28 ifrågavarande
463 782 91 28 petition
570 782 87 29 deltaga
671 784 58 19 samt
742 782 7 20 i
761 781 79 21 sådant

83 816 104 22 afseende
202 816 65 22 äfven
282 816 133 22 öfverlemna
429 815 80 30 utdrag
525 817 24 21 af
562 815 191 30 borgareståndets
764 818 75 26 proto-

83 850 46 23 koll
146 851 7 21 i
168 851 78 22 ämnet.

151 882 59 24 Herr
229 885 137 27 Hultman,
389 892 47 15 som
454 893 28 14 nu
502 885 70 22 erhöll
591 885 73 28 ordet,
687 885 102 28 uppläste
807 887 32 19 ett

82 919 107 28 skriftligt
204 919 146 28 andragande,
368 919 24 22 så
406 920 105 28 lydande:

150 953 47 21 ”Af
210 953 58 21 mina
282 952 167 29 kommittenter,
465 953 90 22 Ekenäs
569 954 60 21 stads
641 952 146 30 borgerskap,
800 952 39 21 har

80 987 40 29 jag
142 987 42 21 fått
201 987 8 21 i
228 987 100 29 uppdrag
346 990 32 19 att
396 988 83 28 påyrka
495 988 37 21 det
547 988 86 21 ståndet
648 988 40 21 hos
705 987 38 21 vär
757 987 81 28 nädige

82 1021 132 28 Storfarste,
230 1021 62 22 Hans
307 1021 105 29 Majestät
426 1022 107 28 Kejsaren
549 1023 25 20 af
586 1021 122 29 Ryssland,
723 1021 64 28 måge
802 1027 37 22 pe-

83 1055 102 22 titionera
200 1063 35 14 om
250 1056 111 29 åtskilliga
377 1056 34 21 för
426 1056 84 22 landets
526 1057 100 28 verkliga
641 1053 197 24 framåtskridande

83 1092 79 26 ytterst
177 1090 120 29 trängande
313 1090 113 22 behofver:

156 1124 40 20 1:0.
231 1123 125 22 Periodiskt
378 1124 176 23 återkommande
575 1123 132 30 landtdagar
730 1122 41 23 och
793 1129 46 16 mo-

80 1158 102 21 tionsrätt
198 1158 35 21 för
248 1158 120 22 ständerne.
400 1158 53 22 Men
468 1159 67 21 sedan
550 1159 62 21 Hans
624 1158 106 29 Majestät
742 1157 52 29 sjelf
803 1164 38 22 ge-

80 1198 51 15 nom
154 1192 38 21 sitt
214 1192 117 29 kejserliga
354 1192 39 22 ord
412 1192 87 29 nädigst
517 1192 147 22 tillförsäkrat
683 1191 75 21 landet
776 1190 65 21 dossa

81 1225 56 22 bäda
152 1226 165 29 oundgängliga
332 1226 145 29 stödjepelare
493 1228 34 20 för
543 1230 31 18 ett
589 1230 64 18 sannt
663 1224 178 23 konstitutionelt

80 1258 52 22 land
148 1260 41 20 och
206 1261 130 28 föregående
352 1261 67 21 talare
434 1261 67 21 redan
517 1262 24 20 sä
557 1261 102 28 utförligt
669 1259 116 23 motiverat
797 1258 44 22 frä-

80 1300 78 22 gorna,
181 1294 63 21 torde
267 1294 116 29 yttranden
402 1294 75 22 derom
496 1302 53 14 vara
569 1293 154 28 öfverflödiga.
757 1292 84 22 Likasä

80 1327 102 22 anhållan
201 1335 36 14 om
255 1328 172 29 silfvermyntets
443 1329 124 28 antagande
582 1328 33 21 till
631 1328 36 22 det
684 1327 57 21 enda
756 1326 83 28 lagliga

80 1361 206 29 betalningsmedel,
308 1362 90 22 emedan
421 1370 25 14 ur
468 1363 43 21 den
534 1362 89 29 nyligen
643 1360 115 28 förelagda
775 1359 64 21 49:de

79 1396 167 27 propositionen
266 1396 95 29 framgär
379 1399 33 19 att
429 1396 61 22 detta
509 1398 24 20 är
550 1395 63 22 Hans
628 1394 127 30 Kejserliga
769 1392 70 29 Maje-

78 1430 56 21 stäts
156 1429 81 30 nädiga
255 1430 73 29 afsigt.
365 1429 128 23 Detsamma
513 1430 70 29 gäller
601 1430 65 22 äfven
686 1436 34 14 om
737 1427 101 22 anhällan

105 1468 64 24 Vällofi.
178 1469 142 24 borgareständets
326 1471 84 22 protokoll
420 1470 99 24 landidagen
531 1470 128 17 1863—1862.
797 1462 11 20 7
