992 1725
780 149 42 21 293

88 211 42 22 den
153 212 32 21 till
209 211 33 22 sin
262 210 116 22 fortkomst
397 210 59 26 lidit;
476 210 41 22 och
537 210 54 22 huru
611 210 88 29 mycket
718 212 44 21 alla
780 213 71 21 denna

88 246 110 22 landsorts
222 246 101 21 införsels
344 244 68 21 behof
429 244 111 29 fördyras,
559 252 48 14 men
623 245 99 21 deremot
737 247 77 21 värdet
829 248 25 20 af

88 280 50 21 dess
162 283 142 26 exportvaror
326 278 125 29 derigenom
471 279 143 27 förminskas,
633 280 24 21 är
676 280 48 21 icke
744 281 60 20 svårt
819 284 32 17 att

88 315 57 26 inse,
162 314 124 29 isynnerhet
302 313 27 21 då
344 313 64 21 dessa
424 321 75 14 senare
516 313 191 29 hufvudsakligast
723 316 90 27 utgöras
829 316 25 19 af

89 356 26 13 en
132 349 23 20 så
170 351 54 25 tung
240 348 41 22 och
297 347 153 29 skrymmande
466 348 77 21 artikel
559 355 47 14 som
621 349 105 27 spanmål.
757 349 41 21 Väl
811 349 40 21 fin-

88 390 39 13 nes
151 382 54 21 ifrån
229 382 87 21 Saimen
340 389 26 14 en
386 382 70 27 grund
477 382 67 21 farled
564 382 33 21 till
618 383 91 21 nämnde
725 383 60 27 stad,
801 391 48 13 men

90 417 71 20 denna
176 416 133 21 förbindelse
324 419 122 18 motsvarar
459 416 55 21 blott
526 417 153 28 ofnllständigt
691 417 38 22 sitt
741 417 108 21 ändamål.

88 449 99 22 Naturen
212 451 51 28 sjelf
282 450 40 21 har
341 450 68 21 likväl
430 451 97 20 utstakat
546 451 124 20 densamma
690 451 40 21 och
752 452 32 20 för
799 451 50 22 dess

90 484 139 22 folländande
245 485 109 20 erfordras
370 484 56 21 blott
441 488 31 17 ett
487 484 184 29 underhjelpande
688 486 25 20 af
725 486 125 21 mennisko-

90 519 88 21 händer.
209 519 108 21 Behofvet
332 519 25 20 af
369 519 69 20 denna
454 519 233 27 sjökommunikations
699 520 151 21 förbättrande

90 553 40 20 har
152 553 48 21 icke
223 553 66 21 heller
308 553 93 28 undgått
420 553 38 20 vär
482 553 57 28 höga
561 553 104 28 styrelses
685 554 165 27 uppmärksam-

90 587 46 27 het,
153 587 99 21 hvarföre
268 588 41 20 ock
324 587 188 29 undersökningar
530 588 71 20 blifvit
617 588 107 20 anställda
737 588 40 20 och
789 588 61 21 kost-

91 621 201 29 nadsberäkningar
311 621 89 29 gjorda,
419 621 86 21 hvilkas
525 622 114 21 resultater
657 623 38 19 äro
711 622 139 21 sammanfat-

90 655 50 21 tade
164 656 30 20 uti
216 656 84 28 bilagde
320 656 153 28 promemoria,
493 664 48 13 men
561 656 24 20 af
602 656 95 26 orsaker,
712 656 49 21 dem
775 657 38 27 jag
829 657 19 27 ej

91 689 39 21 har
152 690 46 28 mig
217 690 103 26 bekanta,
344 690 38 20 har
400 690 78 27 sjelfva
497 690 85 21 arbetet
597 690 48 20 icke
661 690 98 21 fortsatts
775 690 74 21 vidare

91 725 27 19 än
138 727 31 17 att
188 724 138 22 Surmasalmi
343 724 55 20 sund
415 725 33 20 för
464 724 67 28 några
547 724 24 21 år
586 724 91 21 tillbaka
694 724 155 28 upprensades.

92 757 81 22 Ortens
196 758 119 28 trängande
340 758 67 21 behof
427 758 40 20 och
488 758 77 28 sjelfva
585 759 118 27 företagets
723 762 60 18 stora
802 758 47 28 vigt

90 792 108 21 föranlåta
220 793 44 27 mig
286 796 31 17 att
336 792 40 21 hos
395 792 116 28 vällofliga
529 792 87 21 ståndet
635 792 111 21 vördsamt
761 792 88 21 anhålla

90 826 38 21 det
146 826 70 21 denna
234 827 42 20 min
297 826 161 28 framställning
476 834 34 13 om
527 826 191 29 nödvändigheten
734 826 25 21 af
771 826 78 21 slutfö-

90 860 76 22 randet
185 860 47 21 med
254 861 168 28 upprensnings-
439 860 41 21 och
497 860 236 29 fördjnpninysarbetet
747 861 25 20 af
786 860 63 21 farle-

90 895 42 20 den
152 895 45 21 frän
217 895 87 22 Saimen
324 895 32 21 till
376 895 26 22 St
417 895 96 22 Michels
533 896 47 20 stad
602 895 63 21 mätte
678 896 67 27 jemte
762 895 86 28 bilagde

90 929 144 28 promemoria
253 929 144 21 öfverlemnas
416 930 33 20 till
466 930 163 21 vederbörande
646 930 83 20 utskott
746 930 33 19 för
795 933 31 16 att
842 929 7 20 i

90 963 156 28 sammanhang
264 963 48 21 med
332 964 69 28 öfrige
420 964 6 20 i
443 964 80 28 nädiga
539 964 164 28 propositionen
720 971 34 12 om
771 963 77 21 bevill-

89 997 54 28 ning
162 997 32 21 till
215 997 108 22 särskilda
338 998 169 29 allmännyttiga
523 999 85 28 företag
623 997 86 22 komma
724 997 7 21 i
748 997 101 29 behörigt

91 1032 163 21 betraktande.”

381 1078 170 21 ”Promemoria.

157 1111 107 22 Farleden
283 1112 90 22 emellan
393 1112 27 22 St
435 1112 95 21 Michels
546 1112 47 21 stad
611 1112 39 21 och
667 1112 74 27 öppna
758 1111 90 22 Saimen

88 1145 60 22 leder
170 1154 77 21 genom
267 1147 95 28 följande
381 1147 85 29 grunda
486 1147 40 21 och
543 1147 46 21 dels
605 1147 64 21 äfven
686 1147 24 21 af
723 1150 73 18 stenar
812 1146 36 21 be-

88 1181 92 21 svärade
200 1181 66 21 sund:
296 1180 141 22 Surmasalmi
456 1182 30 28 på
505 1185 31 17 ett
556 1181 86 22 afständ
659 1182 24 20 af
696 1182 13 20 5
726 1183 59 19 verst
800 1180 47 22 från

87 1214 89 26 staden;
199 1213 124 23 Siikasalmi
340 1216 12 20 7
369 1219 68 21 verst;
462 1214 158 22 Olberinsalmi
635 1215 12 21 8
663 1218 69 22 verst;
755 1214 93 28 Pyörin-

87 1248 61 20 salmi
168 1248 24 21 18
210 1252 67 21 versti
300 1248 38 22 här
353 1249 101 28 vidtager
470 1257 25 13 en
512 1250 26 20 21
556 1253 59 17 verst
630 1249 51 28 lång
696 1249 69 21 större
781 1248 68 28 fjärd,

87 1281 121 22 Louhivesi
228 1282 82 28 kallad,
333 1283 109 21 hvarefter
461 1283 97 21 farleden
578 1291 78 20 grenar
671 1283 34 28 sig
721 1285 76 18 norrut
812 1290 37 20 ge-

87 1324 50 13 nom
154 1315 209 23 Wääntämänsalmi
380 1318 28 20 43
424 1321 60 17 verst
499 1317 47 22 frän
563 1316 76 22 staden
655 1316 41 22 och
709 1316 90 21 söderut
811 1324 36 20 ge-

88 1358 50 13 nom
154 1350 170 22 Wuoltensalmi
340 1352 28 20 50
383 1354 60 18 verst
460 1351 42 21 och
518 1351 147 21 Nikkinsalmi
684 1351 27 21 55
725 1353 70 22 verst,
810 1350 39 20 allt

86 1384 48 21 frän
151 1382 27 22 St
193 1384 90 22 Michel.
313 1384 161 28 Vattendjupet
486 1386 6 20 i
504 1385 65 21 dessa
581 1385 55 21 sund
649 1385 94 21 varierar
755 1383 93 21 emellan

86 1424 26 14 en
125 1417 40 21 och
178 1425 26 13 en
219 1418 48 22 half
279 1418 41 21 och
335 1419 49 28 fyra
399 1418 41 22 och
456 1426 27 14 en
500 1419 48 21 half
560 1420 32 20 fot
604 1419 67 21 under
684 1419 69 27 lägsta
766 1420 83 18 vatten-

85 1453 53 27 ytan
150 1451 6 21 i
170 1451 98 29 Saimen,
280 1460 46 14 som
339 1453 39 26 bar
389 1461 27 14 en
429 1454 183 21 vattenvariation
625 1454 24 21 af
658 1461 45 14 mer
715 1454 26 19 än
754 1452 43 21 fem
810 1452 37 21 fot.
