992 1725
183 118 42 21 322

154 180 39 28 dig
212 180 61 22 ålder
292 180 53 22 eller
363 180 105 29 tjugufem
490 180 31 28 år,
536 180 53 22 böra
605 180 118 30 berättigas
739 183 32 19 att
786 179 63 23 äfven
864 178 49 24 der-

154 214 63 26 efter,
240 214 28 28 på
291 214 94 29 begäran
404 214 40 22 hos
464 214 140 29 vederbörlig
621 214 106 28 domstol,
742 214 133 22 fortfarande
891 215 22 21 få

154 249 86 29 åtnjuta
254 248 208 29 förmyndarevård?

222 281 171 30 Propositionen
408 285 79 26 antogs
498 282 37 22 vid
547 282 137 30 omröstning
694 282 50 23 med
759 282 31 22 28
802 283 27 28 ja
844 284 69 21 emot

154 317 14 22 8
183 316 49 29 nej.

224 356 42 22 7T:o.
295 355 74 22 Anser
384 355 95 28 ståndet,
494 358 33 19 att
541 355 28 23 dä
584 357 35 21 till
633 356 92 29 myndig
740 356 61 22 ålder
811 356 100 22 kommen

154 391 83 28 qvinna
259 390 91 22 sålunda
373 390 75 22 ställes
469 390 69 22 under
557 390 206 30 förmyndarevård,
781 390 130 29 kungörelse

154 425 75 22 derom
244 425 41 21 bör
300 423 114 22 utfärdas?

224 459 46 21 Vid
282 459 163 28 omröstningen
456 458 97 22 uttalade
565 459 36 28 sig
613 459 30 21 21
659 459 89 21 röster
761 457 57 23 med
831 459 26 28 ja
869 457 42 23 och

156 494 30 21 15
202 493 57 22 med
273 493 50 28 nej.

224 531 74 23 Sedan
313 532 60 22 förra
388 532 136 21 alternativet
539 532 25 21 af
576 533 13 28 &
607 533 10 20 1
633 533 8 21 i
655 532 156 29 lagutskottets
827 531 84 30 förslag

155 565 101 29 sålunda,
276 573 78 23 genom
372 567 90 21 utfallen
478 566 111 29 pluralitet
605 567 34 21 för
654 567 27 21 de
697 566 72 22 skilda
783 569 129 19 momenter-

154 608 27 15 ne
200 602 26 21 af
241 600 131 28 detsamma,
386 600 74 22 blifvit
476 603 97 26 antaget,
589 600 126 30 öfvergicks
731 600 34 22 till
786 602 7 26 $
808 601 25 27 2,
848 600 63 22 hvar-

154 635 38 21 vid
207 635 96 28 följande
318 634 163 29 propositioner
495 634 156 22 framställdes:

223 675 42 21 8:0.
294 674 101 29 Antager
406 674 86 22 ståndet
503 674 13 28 &
528 674 13 21 2
553 674 25 22 af
586 674 157 28 lagutskottets
755 674 92 28 förslag,
860 674 50 22 med

154 708 43 22 den
216 708 84 29 lydelse
316 708 126 22 densamma
456 708 8 21 i
479 708 59 21 förra
553 708 138 22 alternativet
705 707 46 28 har,
766 708 101 28 hvarvid,
883 708 28 22 dä

154 744 15 26 8
186 744 9 20 1
212 742 67 22 redan
298 742 74 22 blifvit
387 742 23 22 af
424 742 85 22 ståndet
524 745 105 25 antagen,
647 741 50 23 med
711 742 28 21 de
758 742 7 21 i
781 743 129 27 paragrafen

154 776 178 22 förekommande
343 776 69 22 orden
423 776 144 22 ”sistnämnde
579 776 80 28 ålder”,
671 776 81 22 förstås
763 776 104 28 tjugufem
879 776 30 21 är.

224 820 74 24 Sedan
313 822 166 28 ifrågavarande
494 822 105 28 paragraf
611 822 75 22 blifvit
701 821 98 28 uppläst,
811 821 100 29 företogs

153 856 112 29 votering,
281 856 92 21 hvarvid
388 856 163 28 propositionen
563 856 25 22 af
602 856 29 22 12
647 856 88 21 röster
750 855 161 23 besvarades

153 890 58 23 med
225 891 27 28 ja
267 890 48 21 och
331 891 28 21 af
372 891 31 21 24
418 890 55 22 med
489 890 48 29 nej.

223 930 42 21 9:o.
294 930 100 29 Antager
412 929 85 22 ståndet
515 929 37 23 det
570 937 77 16 senare
665 929 139 22 alternativet
819 929 25 22 af
855 930 13 29 &
883 929 27 22 2?

153 963 85 23 hvilket
253 971 28 14 nu
297 964 64 21 äfven
376 964 119 29 upplästes.

222 998 46 22 Vid
283 998 95 22 anställd
392 998 101 29 votering
506 998 79 22 utföllo
602 999 31 21 15
645 999 28 28 ja
688 1001 69 19 emot
772 998 31 21 22
819 999 48 28 nej.

222 1038 57 21 10:0.
311 1037 73 22 Anser
406 1038 85 21 ståndet
511 1038 209 29 giftomannarätten
742 1037 35 22 för
798 1039 36 20 mö
858 1038 53 21 böra

152 1071 136 29 fullkomligt
309 1071 101 28 upphöra
427 1071 37 22 vid
483 1071 80 22 hennes
582 1072 134 29 tjuguförsta
734 1071 23 22 år
772 1074 56 19 samt
842 1072 69 21 första

152 1108 118 19 momentet
289 1106 25 21 af
326 1106 59 21 förra
400 1105 137 22 alternativet
552 1106 34 21 till
610 1107 4 28 &
629 1107 14 20 2
659 1105 86 22 således
760 1105 53 22 böra
828 1105 83 22 erhålla

152 1139 98 30 följande
268 1139 131 23 förändrade
417 1139 93 29 lydelse:
534 1139 89 23 ”Sedan
641 1140 36 21 mö
693 1140 93 28 tjuguett
800 1139 35 22 års
850 1139 61 22 ålder

152 1174 103 28 uppnått,
277 1174 41 28 äge
336 1174 44 21 hon
400 1174 42 21 ock
460 1176 50 19 utan
525 1174 120 29 giftomans
661 1173 113 29 samtycke
789 1173 122 29 äktenskap

151 1207 79 29 ingå”?

220 1241 80 22 Denna
318 1242 138 28 proposition
471 1244 77 27 antogs
563 1245 52 19 utan
629 1242 104 28 votering
747 1241 49 22 med
811 1241 101 23 öfvervä-

152 1276 72 29 gande
239 1276 118 29 pluralitet.

223 1316 54 20 11:0.
307 1315 101 29 Antager
424 1316 85 22 ståndet
524 1323 75 15 senare
615 1317 120 21 momentet
746 1315 25 21 af
780 1322 81 14 samma
873 1322 39 21 pa-

151 1349 85 29 ragraf,
252 1349 25 22 så
291 1349 106 29 lydande:
420 1349 84 23 ”Gifter
523 1350 45 22 hon
587 1350 34 28 sig
641 1352 46 19 mot
702 1348 119 22 föräldrars
837 1349 52 28 vilja
904 1348 8 22 i

152 1383 27 21 de
195 1384 38 21 fall
255 1384 6 20 2
284 1384 6 28 &
305 1384 13 20 6
333 1383 51 29 kap.
400 1382 28 23 G.
444 1384 27 21 B.
487 1384 127 28 innehäller,
631 1384 65 22 hafve
711 1383 58 22 dock
786 1382 61 22 fader
859 1383 53 22 eller

151 1417 77 23 moder
242 1417 52 22 väld
308 1420 33 19 att
356 1418 53 29 göra
424 1417 70 23 henne
509 1418 96 22 arflös”?
