992 1725
169 110 41 22 190

208 172 58 22 Herr
281 167 147 35 Öhrnberg
445 172 74 22 anhöll
539 180 35 14 om
591 173 88 30 frågans
695 172 162 31 bordläggning
871 174 28 28 på

137 206 46 23 åtta
197 207 76 29 dagar.

208 241 56 23 Häri
280 241 108 22 instemde
403 241 50 22 herr
468 241 143 23 Sundman.

208 275 12 22 I
236 276 54 29 följd
306 276 67 22 bäraf
386 276 117 22 bordlades
519 276 76 29 frågan
612 276 28 29 på
655 276 45 22 åtta
715 276 75 29 dagar.

209 315 58 22 Herr
282 315 152 22 talmannen
450 316 163 21 öfverlemnade
626 316 32 21 till
671 316 98 22 ståndets
781 316 119 28 afgörande

139 349 111 23 huruvida
267 350 49 22 icke
336 349 98 23 ståndets
450 350 111 28 protokoll
577 351 68 21 borde
660 350 32 21 till
708 351 64 28 tryck
788 350 113 23 befordras

140 385 42 21 och
198 385 7 21 i
222 384 139 23 bokhandeln
376 385 34 21 till
426 385 47 21 salu
489 385 80 27 hållas,
585 385 57 21 helst
656 392 26 14 en
697 385 68 21 sådan
781 385 76 29 åtgärd
868 393 34 14 re-

143 418 44 22 dan
209 419 74 22 blifvit
305 419 25 21 af
346 418 140 29 högvördiga
504 419 160 28 presteståndet
681 419 7 21 i
707 419 102 22 afseende
823 419 13 22 å
849 419 52 22 dess

142 453 112 29 protokoll
269 453 113 28 vidtagen.

212 493 36 21 En
266 493 129 28 deputation
411 493 47 22 från
474 492 135 23 hedervärda
624 493 159 22 bondeståndet
797 493 105 22 anmältes

141 527 79 22 härvid
236 527 42 22 och
292 527 88 26 inkom,
396 527 77 22 anförd
490 527 24 22 af
523 527 86 22 bonden
621 527 56 22 Erik
688 527 85 28 Klami,
785 535 46 14 som
843 527 59 22 med-

142 561 90 28 delade,
251 564 32 19 att
298 561 28 22 då
341 561 27 23 de
384 561 70 27 begge
470 561 64 22 äfven
549 561 8 22 i
572 561 180 29 borgareståndet
767 561 136 23 framställda

142 596 108 29 förslager
266 596 25 22 af
303 596 124 22 ekonomie-
442 595 42 22 och
499 596 160 29 lagutskotten,
675 598 111 26 angående
797 603 106 15 samman-

143 632 58 20 satta
219 630 46 28 lag-
284 629 42 22 och
346 629 235 23 ekonomieutskottets
597 630 159 29 organisation,
771 630 8 21 i
793 630 44 29 dag
852 629 51 23 blif-

142 664 34 22 vit
193 664 8 22 i
220 664 160 22 bondeståndet
400 663 142 29 föredragna,
565 664 57 22 hade
640 664 159 22 bondeståndet
813 664 90 22 beslutit

142 698 160 22 återremittera
324 698 78 28 frågan
422 698 33 21 till
476 701 141 19 sammansatt
636 699 45 28 lag-
697 698 41 22 och
753 698 150 22 ekonomieut-

144 732 72 27 skott,
237 732 49 21 med
306 731 101 22 anhållan
427 735 32 18 att
476 732 120 22 detsamma
613 732 53 22 ville
681 733 100 28 uppgöra
796 732 83 29 förslag
894 732 8 22 i

144 766 73 21 ämnet
236 766 42 21 och
293 766 90 21 dermed
398 766 67 22 sedan
480 766 34 21 till
529 766 86 22 ståndet
631 766 117 22 inkomma.
781 765 50 23 Och
846 766 56 22 hade

144 800 160 22 bondeståndet
319 800 75 22 vidare
409 800 95 22 förehaft
519 800 42 22 den
576 800 8 22 i
596 800 179 30 borgareståndet
786 800 117 22 framställ-

145 834 29 22 da
196 834 121 29 petitionen
340 842 36 14 om
395 834 137 22 motionsrätt
551 834 35 22 för
601 834 127 28 ständerne,
743 834 90 22 hvilken
848 834 55 28 peti-

143 869 47 22 tion
206 869 24 22 af
242 868 87 23 ståndet
343 869 131 22 remitterats
491 869 33 21 till
540 869 51 22 dess
607 869 99 22 enskilda
721 868 182 23 besvärsutskott.

214 908 73 23 Sedan
307 908 168 29 deputationen,
497 916 47 15 som
564 909 25 22 af
601 909 50 22 herr
665 908 150 23 talmannen
831 908 72 23 betac-

144 942 81 28 kades,
240 943 48 22 åter
302 943 92 28 afträdt,
410 943 95 29 begärde

214 977 59 22 Herr
296 971 146 35 Öhrnberg
465 977 62 22 ordet
545 977 7 22 i
572 977 119 28 anledning
709 977 26 21 af
750 976 49 23 herr
813 976 91 23 talman-

144 1019 54 14 nens
214 1011 136 22 framställda
366 1011 83 29 förslag
465 1019 35 14 om
515 1011 118 30 tryckning
649 1011 24 21 af
682 1011 98 22 ståndets
792 1011 112 28 protokol-

143 1045 40 28 ler,
198 1045 7 22 i
221 1045 83 22 hvilket
320 1045 84 29 förslag
419 1045 81 22 talaren
513 1046 25 21 så
548 1046 89 29 mycket
648 1045 69 22 hellre
729 1045 116 27 instemde,
856 1052 48 15 som

144 1079 85 22 talaren
245 1079 69 29 ansåg
328 1079 147 22 allmänheten
490 1080 53 21 böra
558 1081 69 21 sättas
643 1080 7 21 i
665 1079 87 22 tillfälle
768 1081 31 20 att
814 1079 91 22 sålunda

146 1113 83 22 erhålla
244 1113 131 29 fullständig
390 1113 122 22 kännedom
527 1114 26 21 af
560 1114 99 22 ståndets
671 1113 166 29 förhandlingar
848 1116 57 20 samt

145 1148 18 28 ej
180 1147 57 23 blott
252 1147 138 30 högvördiga
406 1147 169 29 presteståndet,
587 1151 51 19 utan
651 1147 64 23 äfven
727 1147 122 29 högloflige
861 1147 44 23 rid-

145 1182 118 28 derskapet
285 1181 41 22 och
350 1182 63 22 adeln
436 1182 67 22 redan
526 1182 89 22 beslntit
633 1182 32 22 till
685 1182 118 29 tryckning
821 1182 24 21 af
857 1182 48 22 sina

146 1216 143 28 protokoller.
326 1215 66 22 Dock
414 1223 48 15 som
480 1216 162 22 bestämmande
662 1216 67 22 borde
745 1216 110 22 meddelas
871 1216 34 22 till

146 1249 64 22 hvem
232 1250 163 22 vederbörande
418 1250 149 22 bokhandlare
586 1250 57 30 ägde
662 1253 31 19 att
711 1250 101 22 redovisa
829 1250 34 22 för
878 1251 28 21 de

145 1284 79 26 medel,
242 1291 46 14 som
304 1291 79 21 genom
398 1284 28 22 de
441 1285 86 28 tryckta
539 1284 151 29 protokollens
702 1284 131 29 försäljning
844 1284 63 22 kom-

144 1324 36 15 me
194 1320 32 19 att
241 1317 84 29 inflyta,
340 1318 50 22 med
406 1326 60 14 mera
483 1318 81 29 dylikt,
577 1319 69 29 ansåg
659 1318 82 22 talaren
753 1318 108 29 lämpligt,
869 1318 38 22 det

145 1351 168 23 kommitterade
332 1352 91 29 utsågos
444 1355 32 19 att
494 1352 75 22 härom
588 1354 101 28 uppgöra
708 1352 95 28 förslag,
823 1352 84 22 hvilket

146 1385 95 23 derefter
252 1386 68 28 jemte
335 1386 123 30 beräkning
474 1387 61 22 öfver
551 1387 138 29 ungefärliga
704 1386 123 22 kostnaden
840 1386 67 23 borde

146 1420 98 23 ståndets
262 1420 105 30 pröfning
386 1421 150 24 underställas.
569 1422 112 30 Derjemte
697 1420 166 31 vidhandengaf
875 1424 32 21 ta-
