992 1725
173 120 41 22 244

144 187 22 17 te
186 182 40 22 och
244 183 97 28 fördröja
361 182 126 29 petitionen.
520 180 79 30 Enligt
615 182 93 22 talarens
723 180 89 31 mening
828 182 75 22 beböfs

144 217 28 22 de
191 218 19 28 ej
226 217 68 22 heller
308 217 42 22 den
366 217 149 28 ifrågakomne
531 217 179 29 skiljaktigheten
725 216 7 21 i
748 217 103 21 ståndens
867 217 35 20 be-

144 252 45 20 slut
207 251 170 29 nödvändigtvis
397 252 116 20 förutsätta
533 251 110 21 bristande
662 251 75 27 sämja.
771 250 131 22 Ridderska-

144 288 38 25 pet
204 286 40 21 och
263 286 75 21 adelns
358 288 57 18 samt
434 285 171 28 presteståndets
621 284 71 23 beslut
707 284 73 22 kunde
795 285 106 28 nemligen

144 319 84 28 ganska
244 320 34 20 väl
295 319 84 28 grunda
394 319 35 28 sig
444 319 28 28 på
488 319 84 28 åsigten
588 321 32 19 att
635 318 58 22 tiden
709 319 33 20 till
754 319 42 21 den
809 319 25 20 15
847 319 55 27 april

144 360 53 14 vore
215 352 119 29 tillräcklig
352 354 36 20 för
403 352 247 29 landtdagsärendernes
666 352 105 29 behöriga
786 353 117 21 slutföran-

144 387 34 21 de.
208 387 53 22 Man
280 387 69 22 borde
368 387 58 21 dock
444 388 19 27 ej
480 387 102 22 förtänka
598 387 101 28 borgare-
715 387 40 20 och
772 386 130 23 bondestån-

144 421 54 27 den,
213 429 35 14 om
263 422 27 20 de
306 424 70 19 ansett
392 421 34 29 sig
441 421 95 22 behöfva
551 429 27 14 en
593 421 75 28 längre
684 420 31 21 tid
727 421 53 21 eller
791 421 110 21 åtminsto-

144 462 28 15 ne
188 455 58 22 tiden
261 455 33 21 till
310 455 42 21 den
370 457 8 19 1
396 456 42 27 maj
455 456 33 21 för
503 457 32 19 att
550 455 73 21 kunna
638 454 96 29 fullgöra
748 455 39 21 sitt
801 455 100 28 uppdrag

144 489 29 28 på
191 492 31 18 ett
237 489 77 21 sådant
330 491 53 24 sätt,
399 492 32 19 att
446 490 83 21 arbetet
544 490 19 27 ej
580 489 77 22 endast
672 489 72 22 blefve
760 497 25 14 en
801 489 100 29 grannlåt

144 526 52 18 utan
212 523 33 22 till
261 523 95 29 verkligt
371 531 59 21 gagn
446 523 41 22 och
503 526 61 25 nytta
580 524 34 21 för
629 523 78 22 landet.

212 563 59 23 Herr
286 563 157 22 Dahlström
463 564 99 21 förmälte
582 564 34 28 sig
631 564 6 21 i
654 563 43 21 allo
713 564 50 21 akta
778 563 77 29 nödigt
869 565 32 20 att

144 598 181 28 borgareståndet
340 598 98 21 vidhölle
453 598 27 21 de
495 598 7 21 i
518 597 86 22 ståndet
619 605 26 14 en
660 598 59 28 gång
735 598 81 21 fattade
832 598 70 21 beslut

145 632 41 20 och
205 632 49 21 icke
273 632 114 28 frånginge
406 632 48 20 dem
474 631 77 22 endast
566 632 25 20 af
603 631 124 22 undseende
743 632 34 20 för
792 632 27 21 de
834 632 83 28 andra

144 666 102 21 ständens
266 666 59 22 olika
344 666 118 28 meningar.
492 666 27 28 Ej
536 666 69 21 heller
619 666 7 21 i
641 666 72 21 denna
727 666 40 20 sak
782 666 51 22 ville
849 666 52 21 tala-

144 706 39 14 ren
202 700 109 21 bestämdt
329 700 85 28 päyrka
428 702 31 19 ett
477 700 145 28 öfvergäende
641 700 34 22 till
692 699 153 29 ridderskapet
860 699 40 21 och

145 733 75 22 adelns
243 736 55 19 samt
318 734 171 28 presteständets
508 734 80 26 beslut;
611 741 49 14 men
679 734 81 20 talaren
780 734 69 28 ansäg
864 733 37 22 det

144 774 52 14 vara
218 768 25 21 af
263 768 47 28 vigt
328 770 32 19 att
378 768 42 20 den
440 775 158 21 gemensamma
617 767 149 29 underdäniga
781 768 119 27 petitionen

144 801 35 21 till
196 801 61 21 Hans
273 802 124 28 Kejserliga
412 801 105 29 Majestät
532 802 71 21 skulle
618 802 73 21 kunna
707 801 85 21 affattas
809 802 45 20 lika
868 802 33 28 ly-

144 834 71 22 dande
235 836 33 20 för
286 836 43 21 alla
347 836 75 25 ständ;
444 836 59 21 detta
519 836 129 21 ätminstone
664 835 51 21 vida
730 836 127 28 lämpligare
873 836 28 20 än

145 872 32 19 att
192 869 70 29 nägon
280 870 150 28 skiljaktighet
446 871 7 20 i
470 870 124 21 densamma
610 870 140 22 förekomme.
774 869 35 22 Dä
823 871 33 20 för
869 870 32 21 öf-

143 904 45 27 rigt
202 904 103 21 ständens
320 905 72 20 beslut
407 904 111 28 angående
533 904 58 21 tiden
604 905 35 20 för
650 903 143 29 landtdagens
806 904 95 28 förläng-

143 937 54 28 ning
212 945 52 14 vore
280 939 84 27 ganska
378 939 48 20 litet
442 939 46 20 frän
504 938 121 22 hvarandra
641 938 127 25 afvikande,
780 938 77 21 trodde
869 941 32 18 ta-

143 971 60 22 laren
219 975 31 18 att
266 972 189 28 borgareständet,
471 975 49 18 utan
537 972 142 22 förnärmelse
695 972 24 21 af
731 972 33 21 sin
780 972 121 29 värdighet,

144 1005 72 22 kunde
236 1007 111 28 medgifva
366 1014 26 13 en
411 1007 208 28 sammanjemkning
639 1006 25 21 af
677 1006 26 21 de
719 1006 58 21 olika
793 1007 108 28 äsigterne

143 1043 63 24 samt,
221 1040 67 24 under
304 1041 156 27 förutsättning
475 1041 24 20 af
511 1041 114 20 enahanda
640 1039 79 30 ätgärd
731 1040 47 21 frän
794 1040 27 21 de
834 1040 69 21 andra

144 1073 102 28 stånden,
265 1074 34 21 till
318 1074 237 21 talmanskonterensen
571 1074 137 21 öfverlemna
723 1076 31 18 att
769 1074 52 28 ingå
836 1075 6 20 i
859 1074 43 21 för-

142 1107 95 28 fattning
252 1115 35 14 om
303 1108 139 28 lämpligaste
457 1109 66 20 sättet
537 1108 34 21 för
586 1107 194 22 ästadkommande
795 1109 25 20 af
829 1115 26 14 en
867 1109 35 21 sä-

142 1141 43 22 dan
201 1142 217 28 sammanjemkning-

212 1181 58 22 Herr
288 1182 162 21 Parviainen
473 1181 50 22 ville
546 1181 183 30 upplysningsvis
752 1182 100 21 meddela
871 1178 42 26 att”

142 1214 43 22 han
204 1216 38 20 vid
258 1216 114 21 förefallna
388 1216 76 21 samtal
480 1216 49 21 hört
545 1216 66 28 nägra
626 1216 141 21 medlemmar
783 1216 24 21 af
821 1217 81 21 bonde-

142 1249 88 21 ständet
248 1253 58 25 yttra
320 1250 43 21 den
378 1250 58 28 äsigt
451 1252 31 19 att
497 1250 92 21 nämnde
605 1250 65 21 ständ
686 1250 77 26 borde,
780 1250 47 22 med
844 1251 58 21 frän-

142 1282 85 28 gäende
242 1284 25 20 af
280 1284 38 20 sitt
333 1284 71 21 beslut
420 1292 35 13 om
470 1284 59 21 tiden
545 1284 34 21 för
594 1284 146 27 landidagens
755 1284 148 28 förlängning,

142 1316 86 22 ansluta
247 1318 35 28 sig
300 1318 33 20 till
348 1318 43 21 den
407 1319 24 21 af
444 1318 153 28 ridderskapet
611 1317 43 21 och
670 1317 63 21 adeln
749 1322 56 16 samt
819 1320 83 26 preste-

142 1350 88 22 ständet
244 1352 7 21 i
267 1351 77 21 sädant
360 1352 102 21 afseende
476 1352 125 28 föreslagna
616 1351 114 22 terminen.

211 1385 59 22 Herr
289 1386 146 28 Bergstedt
458 1386 84 28 yttrade
561 1388 32 19 att
611 1386 29 21 dä
660 1384 179 29 borgareständet
853 1386 50 22 med

142 1418 162 30 Ofvervägande
330 1420 112 29 plaralitet
465 1420 88 23 beslutit
575 1423 31 19 att
629 1419 41 21 hos
695 1418 60 22 Hans
779 1418 124 31 Kejserliga
