992 1725
183 122 27 20 50

153 184 74 21 känna
241 184 94 22 medelst
350 184 159 29 uppstigande,
525 184 55 22 hvar
597 184 56 22 efter
667 191 85 21 annan,
769 184 41 22 och
826 185 89 22 afvakte

154 218 94 22 talmans
271 218 125 29 tillsägelse
415 221 33 19 att
466 220 53 27 taga
538 218 75 28 ordet,
635 218 53 22 derå
706 218 84 22 talaren
809 218 35 22 må
859 219 59 29 stiga

154 259 46 22 upp
216 252 39 22 vid
270 253 35 21 sin
321 252 43 22 stol
384 252 42 22 och
449 252 85 30 afgifva
552 252 39 22 sitt
613 252 111 29 yttrande.
759 252 65 22 Talar
843 252 74 29 någon

155 287 143 28 annorledes,
321 287 53 21 eller
393 287 63 22 faller
475 287 43 22 han
538 295 72 13 annan
626 287 7 21 i
649 286 63 29 talet,
733 287 66 22 varde
815 286 102 23 tillrätta-

156 321 64 22 visad
236 321 42 22 och
294 321 36 22 vid
346 321 97 28 återfall,
460 321 83 22 ansedd
558 321 50 22 med
623 329 28 14 en
666 321 67 28 afgift
747 322 25 21 af
783 322 50 28 fyra
847 321 70 22 mark.

155 349 173 29 Åstadkommer
340 355 42 22 han
391 356 73 21 tillika
472 355 58 22 skrål
539 355 54 22 eller
601 355 71 29 oljud,
683 355 60 30 ligge
752 356 37 21 det
801 356 7 21 i
819 356 97 21 tveböte.

511 407 12 28 8
539 407 20 21 5.

224 446 71 29 Ingen
310 447 35 21 mä
357 447 50 22 med
420 447 40 22 ord
472 447 53 22 eller
537 447 105 22 äthäfvor
654 447 123 29 förolämpa
788 448 53 21 eller
852 448 65 21 miss-

156 481 63 21 firma
233 488 72 14 annan
320 481 98 23 ledamot
432 481 24 22 af
470 481 97 28 ständet,
587 482 54 21 eller
661 482 74 21 smäda
751 482 81 22 dennes
847 485 70 25 yttra-

156 515 27 22 de
198 515 94 29 mening.
329 513 59 24 Sker
411 515 88 28 sådant,
522 524 93 14 ansvare
637 515 42 22 den
702 516 116 29 brottslige
841 515 75 22 derför

157 550 70 29 enligt
241 550 48 29 lag,
305 549 42 22 och
366 550 66 22 hafve
456 550 86 22 ständet
564 550 61 22 makt
643 553 42 25 att,
707 551 29 28 pä
753 550 87 22 kortare
863 549 53 22 eller

156 584 77 30 längre
248 584 44 28 tid,
308 584 84 23 förvisa
407 584 83 23 honom
504 584 48 22 frän
569 585 98 22 ständets
684 585 180 22 sammanträden.

512 637 12 28 8
540 637 20 21 6.

225 676 28 29 Ej
269 676 35 22 mä
318 676 169 30 landtdagsman
503 676 56 22 ifrän
578 676 133 30 landtdagen
730 677 99 21 bortresa
848 677 67 21 innan

157 711 44 21 han
217 710 76 22 derom
308 711 42 21 hos
366 711 89 22 ståndet
477 711 81 21 anmält
577 711 42 21 och
637 710 52 23 dess
711 710 99 22 tillstånd
829 710 87 22 erhållit

158 744 54 22 eller
227 745 64 29 eljest
306 745 74 21 förfall
396 745 36 22 för
447 745 35 29 sig
499 745 70 27 visat;
589 745 28 21 då
635 745 43 22 ock
696 745 107 29 polletten
822 744 41 22 bör
881 744 35 22 till

157 780 126 20 talmannen
298 779 115 22 aflemnas.
442 779 94 22 Afreser
553 780 74 29 någon
647 782 53 19 utan
720 779 77 23 sådant
815 779 100 22 tillstånd

158 813 54 21 eller
227 813 97 21 anmäldt
338 813 85 28 förfall,
436 814 88 29 erlägge
536 814 70 22 första
617 814 86 28 gången
715 814 32 21 tio
760 814 71 26 mark,
848 813 68 21 andra

158 848 87 29 gången
260 848 64 29 tjugu
340 848 42 21 och
398 848 96 22 derefter
509 856 27 14 en
548 848 49 22 med
609 848 30 21 tio
652 848 62 21 mark
726 848 35 22 för
772 848 73 29 hvarje
857 848 59 28 gång

158 882 128 29 ytterligare
302 882 90 29 förhöjd
406 883 72 29 afgift.

513 923 13 28 8
541 923 20 20 7.

227 955 175 29 Ästadkommer
424 963 91 21 åhörare
535 963 61 29 oljud
620 963 53 21 eller
697 963 70 23 störer
786 961 129 22 annorledes

159 996 99 23 ständets
274 997 174 28 förhandlingar,
464 997 66 22 varde
545 997 95 22 utvisad.

514 1048 48 29 88.

229 1088 91 22 Talman
339 1089 73 29 äligge
433 1092 32 19 att
484 1089 37 22 vid
543 1089 99 22 ständets
667 1087 172 23 sammanträden
862 1095 57 20 upp-

159 1122 104 22 rätthälla
278 1123 124 29 ordningen
417 1124 71 28 enligt
502 1123 72 22 denna
589 1123 84 29 stadga.
700 1122 47 22 Gör
762 1122 43 21 han
820 1122 53 21 eller
887 1121 32 21 le-

159 1157 76 21 damot
250 1157 24 21 af
287 1157 88 22 ständet
394 1158 145 28 anmärkning
555 1166 35 13 om
605 1157 116 22 förefallen
740 1157 110 27 oordning
865 1156 54 21 eller

160 1191 116 29 begängen
291 1191 107 23 förseelse
414 1195 59 19 emot
490 1192 102 29 stadgan,
605 1192 64 22 döme
683 1191 88 22 ständet
782 1193 78 27 genast
871 1190 48 21 der-

160 1226 69 21 öfver.
259 1225 94 22 Tarfvas
372 1226 80 22 härvid
476 1226 149 28 omröstning,
648 1225 36 22 mä
706 1225 73 22 denna
797 1224 39 22 ske
852 1226 68 27 öppet

159 1266 81 22 genom
255 1260 150 28 uppstigande
421 1260 43 22 och
480 1260 157 28 gvarsittande.

515 1312 13 28 8
544 1312 19 20 9.

228 1350 100 30 Afgifter
344 1350 54 22 eller
413 1352 73 28 viten,
501 1358 48 16 som
564 1351 70 29 enligt
649 1350 72 22 denna
736 1350 80 28 stadga
830 1349 90 22 ädömas

160 1384 98 23 ledamot
272 1385 25 21 af
310 1385 98 28 ståndet,
424 1386 55 22 böra
494 1386 24 22 af
530 1386 43 22 den
591 1385 109 23 sakfällde
719 1387 80 27 genast
813 1383 108 22 inbetalas

159 1417 35 22 till
210 1419 98 23 ständets
328 1419 146 30 sekreterare,
498 1420 90 23 hvilken
611 1420 104 23 deröfver
736 1418 71 23 häller
826 1417 95 23 särskild
