992 1725
178 107 41 21 180

147 176 83 14 samma
252 168 75 22 ständs
351 168 203 29 protokollsutdrag
573 168 24 22 af
613 168 42 22 den
673 168 26 22 19
714 168 6 22 i
737 169 68 29 sagde
820 167 86 28 månad,

148 204 24 20 af
187 202 75 22 hvilka
276 203 37 22 det
328 211 40 13 ena
384 205 25 20 af
421 203 149 21 förstnämnde
582 203 37 21 två
632 203 203 29 protokollsutdrag
848 204 59 20 inne>

148 238 57 27 höll,
220 240 32 19 att
267 238 158 21 bondeständet
441 238 63 20 fattat
520 237 72 22 beslut
607 240 32 18 att
654 238 39 20 hos
707 236 63 22 Hans
781 237 126 29 Kejserliga

148 271 105 29 Majestät
272 272 7 21 i
297 270 174 31 underdänighet
490 272 53 28 göra
563 272 97 21 ansökan
677 278 33 15 om
727 272 77 21 förbud
821 272 35 21 för
870 278 37 15 ve-

148 304 136 23 derbörande
300 307 132 27 guvernörer
448 309 31 18 att
490 306 90 28 vidtaga
591 305 180 30 tvångsåtgärder
783 308 58 19 emot
850 305 56 28 dem,

148 345 48 16 som
205 339 113 22 uraktlätit
330 340 33 21 till
376 339 97 22 bestämd
487 339 38 28 tid,
537 339 42 22 den
590 341 9 20 1
610 338 98 23 sistlidne
717 339 127 28 september,
853 339 54 28 byg-

148 380 30 23 ga
189 372 141 30 knekte-torp
342 374 34 21 för
387 373 41 22 den
437 373 82 22 indelta
528 374 115 27 militären,
651 376 56 19 samt
714 373 37 22 det
758 373 68 22 andra
834 376 73 26 proto-

148 407 162 29 kollsutdraget
325 408 103 29 upplyste
440 410 32 19 att
484 407 168 27 bondeståndet,
664 408 7 21 i
683 407 117 29 anledning
811 407 20 22 af
841 405 66 24 väckt

149 441 63 28 fräga
222 444 30 19 att
260 442 31 21 uti
299 442 137 29 underdänig
448 442 91 28 petition
550 442 41 21 hos
600 441 61 22 Hans
670 441 125 30 Kejserliga
801 441 106 29 Majestät

150 475 88 22 anhälla
253 478 31 18 att
300 475 66 29 nädig
382 476 136 28 proposition
534 476 112 28 angäende
662 475 150 22 fastställande
824 476 25 21 af
857 474 50 22 tull-

150 509 147 28 bevillningen
320 510 66 21 mätte
409 510 83 21 landets
512 517 27 14 nn
561 510 129 21 församlade
709 509 88 22 ständer
813 509 94 30 föreläg-

150 550 50 22 gas,
215 542 119 23 remitterat
350 544 89 21 berörde
455 544 60 28 fräga
531 545 32 20 till
580 544 97 21 ständets
693 543 98 22 enskilda
806 544 101 21 besvärs-

150 578 86 22 utskott
256 581 56 19 samt
327 578 71 22 tillika
414 578 88 22 beslutit
517 582 32 18 att
564 578 141 22 medständen
721 578 70 22 skulle
806 576 101 30 inbjudas

150 614 32 19 att
204 612 31 21 uti
258 612 41 22 den
322 612 150 28 underdäniga
493 613 120 27 petitionen
633 612 97 29 deltaga;
753 613 41 21 och
810 612 97 22 innehöll

150 646 226 29 protokollsutdraget
398 646 25 22 af
438 646 42 22 den
498 647 25 21 19
539 646 92 27 dennes,
651 649 31 19 att
698 646 157 22 bondeståndet
871 654 36 14 en-

151 680 79 28 hälligt
248 680 80 22 bifallit
348 683 30 19 ett
397 681 7 20 i
424 681 85 21 ständet
524 681 124 21 framstäldt
662 681 83 29 förslag
760 683 33 19 att
806 680 31 22 uti
853 680 54 22 aflä-

150 714 66 21 tande
235 714 98 22 adresser
352 715 34 21 till
405 713 122 31 Rysslands
544 715 41 21 och
603 714 104 29 Sveriges
723 715 46 21 folk
783 714 70 22 uttala
867 715 40 21 fin-

150 748 41 21 ska
206 748 80 22 folkets
303 748 135 22 tacksamhet
454 749 33 21 för
502 748 26 22 de
542 749 115 29 frikostiga
668 748 130 28 understöd,
811 756 47 14 som
870 756 37 14 an-

151 782 92 22 kommit
262 782 48 22 frän
329 782 112 30 Ryssland
457 782 40 22 och
513 782 93 30 Sverige
622 783 33 21 till
671 782 112 22 lindrande
799 783 25 21 af
836 782 71 22 nöden

150 816 8 21 i
174 823 64 15 norra
253 816 95 22 Finland
364 818 33 21 till
414 817 55 29 följd
485 818 25 21 af
521 818 99 21 sistlidne
635 818 35 21 års
685 818 112 20 missvext.

219 856 58 22 Herr
296 856 150 23 talmannen
470 856 119 23 betackade
607 856 154 29 deputationen
778 857 67 28 jemte
863 856 44 23 för-

150 890 72 21 mälan
246 893 31 19 att
300 891 76 29 frägan
399 899 34 13 om
453 891 188 29 tullbevillningen
661 891 63 21 äfven
744 891 138 22 förekommit
900 891 7 22 i

151 924 181 28 borgareständet
351 926 41 21 och
412 926 73 21 blifvit
502 925 33 21 till
555 925 49 22 dess
619 925 100 22 enskilda
734 925 175 21 besvärsutskott

151 958 135 28 remitterad,
309 962 57 19 samt
388 962 32 19 att
438 959 191 29 borgareständets
649 959 100 28 ätgärder
767 959 8 20 i
791 959 118 29 anledning

151 992 23 21 af
188 992 169 23 bondeständets
374 997 78 18 tvenne
469 994 71 28 öfriga
555 993 227 29 tillkännagifvanden
794 993 115 22 framdeles

150 1026 72 22 skulle
237 1027 160 23 bondeständet
412 1028 116 22 meddelas.

220 1066 72 23 Sedan
312 1067 155 28 deputationen
487 1067 52 22 härä
558 1068 92 27 afträdt,
669 1068 110 21 fortsattes
795 1067 113 29 läsningen

150 1101 25 20 af
188 1100 234 23 ekonomieutskottets
440 1102 138 22 förenämnde
590 1102 122 25 memorial;
727 1101 42 22 och
781 1102 66 21 sedan
860 1102 49 21 der-

150 1134 49 22 med
219 1134 89 22 hunnits
324 1135 33 21 till
373 1136 54 26 slut,
447 1136 91 27 beslöts,
557 1137 29 27 pä
602 1136 93 29 begäran
711 1136 25 21 af
749 1135 74 23 herrar
838 1136 71 23 Sund-

150 1176 49 13 man
214 1168 42 22 och
272 1169 109 28 Juselius,
398 1174 30 17 att
444 1170 133 22 memorialet
591 1170 72 21 skulle
674 1170 61 29 ligga
746 1170 29 28 pä
787 1170 77 22 bordet
875 1170 34 22 till

150 1203 64 21 nästa
229 1203 94 27 plenum.

219 1237 49 21 Den
285 1238 58 20 förut
359 1238 129 22 omnämnda
503 1238 162 29 deputationen,
680 1245 46 14 som
743 1238 49 21 frän
807 1237 103 30 borgare-

150 1268 87 23 ständet
259 1271 33 21 till
315 1272 141 21 medständen
478 1272 79 28 afgätt,
577 1272 98 21 äterkom
691 1272 48 20 med
757 1272 105 20 förmälan
879 1274 32 19 att

149 1304 43 21 alla
215 1304 145 22 medständen
383 1306 83 22 träffats
485 1306 7 21 i
511 1306 63 22 deras
589 1306 65 28 plena
669 1308 56 18 samt
741 1308 31 19 att
788 1306 123 28 uppdraget

150 1338 40 22 hos
206 1339 50 21 dem
272 1340 75 21 blifvit
362 1340 122 29 fallgjordt.

219 1372 59 23 Herr
295 1375 149 21 talmannen
468 1373 102 29 föredrog
588 1374 97 22 härefter
705 1372 38 23 det
761 1373 3 22 i
780 1372 63 23 Hans
859 1372 52 31 Kej-

150 1406 83 29 serliga
252 1406 117 30 Majestäts
389 1410 79 28 nädiga
487 1409 138 28 proposition
641 1408 113 29 angäende
770 1408 141 30 tillverkning
