992 1725
788 128 30 23 25

154 190 60 24 Herr
232 189 153 23 talmannen
405 188 102 30 uppläste
527 189 54 23 härå
600 189 37 23 det
656 190 25 22 af
697 190 93 29 honom,
809 199 38 15 en-

84 224 42 30 ligt
141 226 101 28 uppdrag
258 225 24 21 af
295 223 97 28 ståndet,
412 223 125 29 uppgjorda
555 224 84 29 förslag
658 224 34 22 till
712 225 79 29 stadga
809 234 38 14 an-

84 260 84 28 gående
184 259 134 28 ordningen,
338 266 48 14 som
405 258 41 22 bör
464 258 110 29 iakttagas
593 258 38 22 vid
651 258 194 30 borgareståndets

86 293 176 23 sammanträden
278 293 70 21 under
362 292 120 29 påstående
497 292 116 30 landtdag,
629 293 26 22 så
669 293 105 30 lydande:

434 344 24 29 ”$
476 345 17 20 1.

153 385 98 29 Anslag,
268 383 147 23 hvarmedelst
430 384 89 22 ståndet
533 384 71 23 kallas
620 384 34 22 till
673 386 170 27 sammanträde,

84 419 41 22 bör
144 426 53 15 vara
212 419 12 22 å
240 419 160 29 anslagstaflan
423 421 91 26 uppsatt
536 419 71 30 dagen
630 419 60 22 förut
709 420 91 23 sednast
814 420 30 22 kl.

88 453 25 22 12
129 453 169 30 middagstiden.

438 493 14 29 8
468 493 20 22 2.

154 533 33 22 Pä
198 536 70 19 utsatt
279 533 88 29 timslag
378 533 54 22 eller
443 534 60 21 inom
515 534 44 21 fem
571 534 94 22 minuter
676 534 95 23 derefter
779 535 66 22 äskar

85 568 82 22 talman
186 567 47 29 ljud
253 568 41 33 och
314 575 122 21 uppmanar
451 568 99 22 ständets
565 568 141 22 medlemmar
720 572 33 19 att
767 569 78 29 intaga

86 603 49 21 sina
150 603 69 21 säten.
250 602 33 22 År
302 602 72 30 någon
394 602 28 22 dä
441 606 52 18 utan
509 603 98 22 anmäldt
621 603 74 22 förfall
711 602 133 29 uteblifven,

85 636 70 29 plikte
171 637 38 21 tvä
224 637 72 26 mark;
311 636 95 22 infinner
420 637 44 21 han
480 637 34 29 sig
530 637 49 21 icke
594 638 61 22 inom
669 646 28 13 en
708 638 50 22 half
770 638 75 21 timme

86 671 102 28 derefter,
209 671 54 22 eller
280 671 131 23 försummar
429 672 43 21 han
492 672 92 22 sälunda
598 672 50 22 hela
663 672 180 28 sammanträdet,

86 706 69 28 plikte
170 706 50 29 fyra
234 706 68 22 mark.

438 741 49 29 83.

154 781 64 23 Efter
233 782 37 22 det
285 782 159 29 föredragning
459 782 83 29 begynt
557 782 35 22 mä
607 782 66 29 ingen
685 781 65 23 ställa
765 782 36 29 sig
815 781 30 29 pä

86 816 87 30 gängen
188 816 54 22 eller
259 824 80 22 genom
358 816 93 30 onödigt
469 816 84 30 gäende
572 816 56 22 fram
647 816 42 22 och
709 818 47 20 äter
771 816 72 22 ästad-

86 851 88 22 komma
189 851 67 29 oljud.
286 850 56 24 Sker
358 850 87 28 sädant,
461 851 67 22 varde
543 851 43 22 den
602 850 86 23 felande
703 852 72 21 första
789 850 54 29 gän-

86 893 42 22 gen
148 885 92 28 varnad,
262 893 50 14 men
330 886 37 21 vid
386 886 103 21 iteration
508 887 24 20 af
549 886 121 22 förseelsen
695 885 149 29 skyldigkänd

86 923 33 19 att
134 920 70 29 plikta
219 920 57 22 ifrän
292 928 26 14 en
334 920 34 21 till
384 928 38 14 sex
437 920 71 28 mark,
523 920 55 23 efter
593 920 226 29 omständigheterna.

436 973 12 28 $
466 973 20 21 4.

155 1010 33 26 Är
203 1018 32 19 ett
254 1015 80 22 ärende
353 1015 127 28 föredraget
497 1015 52 22 eller
568 1014 33 22 till
620 1013 100 24 ständets
738 1013 106 29 pröfning

88 1048 139 30 hänskjutet,
242 1049 60 29 gifve
318 1049 36 29 de,
370 1057 48 14 som
434 1050 34 29 sig
484 1050 46 21 deri
549 1053 59 26 yttra
627 1049 61 29 vilja,
708 1048 79 23 sädant
801 1047 44 22 till-

88 1083 76 22 känna
178 1084 94 22 medelst
287 1084 157 29 uppstigande,
461 1084 54 21 hvar
530 1085 55 21 efter
600 1091 82 20 annan,
697 1083 43 22 och
756 1082 88 22 afvakte

85 1119 92 22 talmans
201 1119 122 30 tillsägelse
346 1123 33 18 att
396 1123 52 25 taga
468 1119 73 27 ordet;
560 1119 52 22 derä
629 1119 85 21 talaren
732 1117 36 23 mä
786 1118 59 29 stiga

85 1161 45 21 upp
146 1154 38 22 vid
203 1154 35 22 sin
258 1154 43 22 stol
320 1154 42 22 och
382 1154 84 29 afgifva
485 1154 38 22 sitt
541 1154 108 29 yttrande.
683 1153 68 22 Talar
770 1152 74 30 nägon

84 1189 142 27 annorledes,
242 1188 53 23 eller
310 1188 62 23 faller
388 1188 42 22 han
446 1196 72 15 annan
533 1189 8 21 i
556 1188 62 28 talet,
634 1188 68 22 varde
717 1187 126 22 tillrättavi-

84 1222 40 23 sad
139 1223 54 27 och,
214 1224 37 21 vid
270 1224 96 27 äterfall,
385 1224 84 22 ansedd
488 1224 50 22 med
554 1224 62 21 böter
635 1223 48 22 frän
699 1222 50 29 fyra
763 1221 34 22 till
813 1221 30 22 tio

83 1256 72 28 mark,
171 1258 56 21 efter
241 1258 113 29 pröfning.
383 1251 172 30 Ästadkommer
570 1258 43 22 han
629 1258 71 22 tillika
716 1256 60 24 skräl
791 1256 53 22 eller

84 1290 71 30 oljud,
171 1291 60 29 ligge
246 1292 38 22 det
298 1292 8 22 i
320 1292 96 23 tveböte.

435 1328 14 28 8
464 1328 20 21 5.

151 1366 70 29 Ingen
236 1367 36 21 mä
285 1367 51 22 med
347 1368 40 21 ord
398 1367 55 23 eller
464 1368 103 22 äthäfvor
578 1367 125 29 förolämpa
714 1365 55 23 eller
779 1365 64 23 miss-

86 1401 62 21 firma
163 1408 71 15 annan
250 1402 96 22 ledamot
361 1402 21 22 af
398 1402 99 28 ständet,
509 1403 54 21 eller
575 1402 76 22 smäda
661 1402 84 22 dennes
756 1400 89 28 yttrade

85 1435 95 30 mening.
211 1435 57 24 Sker
282 1436 89 29 sådant,
385 1444 95 16 ansvare
495 1436 43 25 den
554 1436 115 30 brottslige
684 1435 77 24 derför
774 1434 71 30 enligt
