992 1725
771 130 41 30 347

82 196 83 28 kande,
188 196 111 29 angäende
317 195 115 22 införande
451 196 7 21 i
476 196 42 22 den
537 196 132 22 utfärdande
684 197 157 30 författningen

82 231 8 21 i
106 232 72 20 ämnet
193 232 25 20 af
230 238 27 14 en
272 230 120 28 uttrycklig
408 230 120 28 förklaring
543 230 83 28 derom,
642 234 31 18 att
689 231 79 21 förbud
783 235 59 18 emot

83 268 79 25 export
184 265 54 21 eller
257 264 80 29 import
356 264 24 22 af
392 264 97 29 spanmäl
504 264 116 22 framdeles
635 265 49 22 icke
699 265 96 22 kommer
811 268 31 18 att

84 301 42 27 äga
141 307 54 14 rum.

152 338 12 21 I
186 338 71 22 denna
279 338 61 29 fräga
362 338 86 30 yttrade
468 339 34 28 sig
521 338 95 29 följande
633 339 25 22 af
670 339 97 22 ständets
783 339 58 22 med-

84 373 100 23 lemmar;

152 407 59 22 Herr
225 407 169 27 Lindegvist:
426 406 67 22 Hvad
511 407 104 22 beträffar
632 407 118 22 utskottets
767 407 74 22 betän-

83 441 73 23 kande
170 442 7 21 i
193 441 71 22 denna
282 441 46 27 del,
347 448 63 14 anser
422 441 40 28 jag
477 449 26 13 en
519 441 122 29 förklaring
657 442 22 21 af
693 441 148 29 ifrägavaran-

84 475 27 22 de
129 475 150 22 beskaffenhet
298 482 51 14 vara
364 475 45 21 helt
424 475 42 21 och
482 475 67 22 hället
564 475 137 29 öfverflödig.
731 475 37 24 Dä
783 475 58 22 stän-

83 509 37 22 det
135 509 67 22 redan
217 509 35 22 för
267 509 33 21 sin
315 509 34 21 del
366 509 89 22 beslutit
470 509 85 21 anhålla
572 517 35 14 om
623 510 139 21 utfärdandet
777 510 25 21 af
814 517 27 14 en

84 543 139 28 förordning,
239 543 141 28 hvarigenom
396 543 204 30 spanmälshandeln
615 544 108 21 förklaras
739 544 102 21 fullkom-

83 578 41 28 ligt
140 577 38 27 fri,
194 584 65 22 synes
275 577 59 22 detta
348 577 67 22 redan
430 577 99 30 tydligen
544 578 105 22 innefatta
665 580 31 19 att
711 581 88 25 export-
811 578 30 21 el-

84 612 32 22 ler
138 611 161 28 importförbud
323 611 114 22 framdeles
461 612 48 21 icke
531 611 88 22 komma
637 615 31 18 att
687 612 42 28 äga
743 619 58 19 rum,
817 614 23 26 ty

84 653 36 14 om
140 645 80 22 sädane
238 645 79 22 förbud
332 646 103 26 existera,
455 646 24 21 sä
494 646 23 20 är
532 646 71 21 denna
617 646 80 22 handel
712 646 7 21 i
735 646 41 21 och
792 646 49 21 med

84 680 120 22 detsamma
219 679 48 21 icke
282 687 58 13 mera
355 680 33 20 fri.
410 679 46 29 Jag
471 680 126 22 hemställer
608 680 93 27 derföre,
713 682 32 18 att
757 680 84 21 utskot-

84 716 42 20 tets
148 714 137 22 betänkande
304 714 8 21 i
329 713 70 22 denna
417 714 36 21 del
472 714 48 22 icke
539 714 36 21 mä
590 714 113 23 föranleda
718 714 34 23 till
767 714 73 30 någon

84 748 84 29 åtgärd.

152 788 58 23 Herr
226 782 151 35 Öhrnberg:
400 788 117 23 Utskottet
533 789 68 29 ansåg
611 789 129 27 visserligen
753 791 86 25 export-

84 822 41 22 och
141 822 199 28 importförbudens
356 822 142 28 upphörande
513 831 52 14 vara
581 831 26 13 en
623 823 116 29 sjelffallen
751 822 54 29 följd
818 823 24 21 af

84 856 42 22 den
141 857 7 21 i
164 857 69 20 första
248 860 118 19 momentet
381 857 25 23 af
419 857 147 22 betänkandet
577 857 96 22 uttalade
683 856 95 29 princip,
789 864 50 14 men

84 891 50 22 fann
150 891 38 21 det
202 891 7 22 i
225 891 42 22 alla
282 891 114 22 händelser
411 891 49 22 icke
476 892 73 21 kunna
563 891 66 23 lända
640 891 67 23 saken
718 891 34 22 till
763 890 76 27 skada,

84 932 35 13 om
130 925 72 21 denna
217 925 85 30 princip
317 925 107 22 uttalades
440 925 7 22 i
463 925 50 23 dess
525 925 55 22 fulla
591 925 95 28 omfång.
709 924 33 22 På
757 932 82 15 samma

83 959 71 28 grund
176 959 64 22 utber
259 959 39 29 jag
316 959 45 28 mig
380 959 22 22 få
421 959 91 28 föreslå,
532 961 31 19 att
581 959 86 22 ståndet
685 959 51 21 ville
752 959 87 22 äfven
828 955 15 37 i

84 993 70 23 denna
170 993 35 22 del
221 993 85 22 biträda
321 993 117 21 utskottets
455 993 143 22 betänkande.

151 1027 57 22 Häri
222 1027 106 22 instemde
344 1027 108 21 särskilda
468 1028 25 22 af
505 1027 96 22 ståndets
617 1027 146 22 medlemmar.

150 1061 59 21 Herr
224 1060 169 29 Tengström:
424 1061 145 23 Tillkomsten
588 1062 24 21 af
628 1061 116 22 utskottets
759 1061 80 29 ifråga-

82 1095 96 22 varande
200 1095 79 28 tillägg
300 1095 33 21 till
359 1096 168 28 propositionen
553 1095 138 22 föranleddes
714 1095 125 28 egentligen

82 1129 25 22 af
119 1129 26 22 de
160 1129 8 21 i
183 1129 125 23 densamma
322 1129 179 23 förekommande
513 1130 73 28 orden,
598 1133 31 19 att
641 1129 62 22 Hans
715 1129 125 29 Kejserliga

81 1162 105 30 Majestät
201 1164 51 20 ville
267 1164 8 20 i
290 1164 66 22 nåder
371 1164 66 21 ”höra
452 1164 85 22 landets
553 1164 130 22 församlade
695 1164 94 27 ständer,
801 1163 39 21 hu-

81 1198 79 21 ruvida
181 1206 27 13 en
230 1198 140 28 författning,
393 1206 47 14 som
462 1199 72 21 skulle
557 1198 96 22 förklara
675 1198 95 21 handeln
789 1197 50 21 med

81 1231 99 28 spanmål
203 1231 134 29 fullkomligt
359 1232 38 26 fri,
416 1232 24 21 så
459 1235 33 19 att
505 1232 42 23 den
563 1233 18 27 ej
597 1232 89 22 belades
701 1231 50 21 med
767 1231 73 29 någon

82 1266 74 27 afgift,
173 1264 97 22 hvarken
285 1266 38 21 vid
338 1266 90 23 införsel
444 1266 34 23 till
494 1267 53 22 eller
561 1266 91 22 utförsel
668 1273 25 14 ur
705 1266 85 26 landet,
802 1273 38 13 vo-

81 1307 23 13 re
124 1298 182 30 ändamålsenlig?
326 1303 41 20 etc,
400 1300 13 22 I
428 1300 119 29 anledning
563 1301 24 23 af
599 1300 63 22 dessa
677 1300 100 28 uttryck,
792 1306 48 15 som

81 1333 126 28 påtagligen
231 1333 126 23 tillkommit
379 1334 77 22 endast
480 1342 78 21 genom
580 1334 34 23 en
629 1334 154 22 ovärdsamhet
801 1333 38 22 vid

80 1367 178 27 propasitionens
280 1367 153 29 redigerande,
456 1368 77 22 leddes
552 1368 68 22 likväl
635 1368 116 26 utskottet,
766 1367 25 21 af
803 1374 37 14 na-

80 1401 68 28 turlig
163 1401 109 27 omtanke,
288 1404 31 18 att
334 1402 136 28 ifrågasätta,
486 1403 36 21 det
537 1402 26 22 de
579 1402 92 22 anförda
686 1400 68 23 orden
769 1400 70 28 möjli-

81 1441 42 22 gen
139 1434 72 22 kunde
226 1435 72 29 gifvas
314 1436 42 22 den
372 1436 110 30 tolkning,
497 1439 32 20 att
543 1436 38 23 vid
593 1434 129 26 inträffande
734 1434 106 23 missvext
