992 1725
175 130 30 24 34

149 194 92 24 förande
257 195 25 22 af
294 194 212 30 landtdagsmannen
517 193 88 24 Henrik
616 194 125 28 Kontinen,
757 201 48 15 som
819 194 90 24 tillkän-

148 230 70 29 nagaf
231 233 32 19 att
277 230 173 28 bondeständet,
469 230 7 21 i
492 229 229 30 öfverensstämmelse
740 229 49 22 med
805 230 104 22 talmans-

149 264 139 23 konklavens
304 264 94 30 förslag,
418 264 95 22 bestämt
531 264 115 22 utskotten
661 264 42 22 och
723 264 72 22 dertill
810 264 47 22 valt
871 264 38 21 det

150 300 186 22 öfverenskomna
351 299 82 22 antalet
447 299 126 28 ledamöter,
593 299 90 22 hvarom
702 299 206 29 protokollsutdrag

149 334 118 23 framdeles
284 334 71 23 skulle
371 334 115 29 välloflige
501 333 184 30 borgareständet
699 334 117 21 meddelas.

219 369 167 29 Deputationen
408 369 133 22 betackades
564 369 25 22 af
607 369 52 21 herr
677 368 150 22 talmannen
852 372 57 18 samt

150 403 106 22 afträdde.

219 438 130 29 Läsningen
365 438 25 21 af
406 438 161 22 ofvanberörde
585 438 140 28 proposition
745 438 88 29 vidtogs
852 438 55 26 äter;

151 472 42 21 och
209 472 69 21 sedan
298 472 89 21 dermed
406 473 90 26 slutats,
514 473 49 21 blef
582 472 125 22 densamma
729 472 126 21 remitterad
873 471 34 22 till

150 509 144 19 sammansatt
310 509 65 19 stats-
390 507 52 22 eller
457 507 81 22 finans-
554 510 57 19 samt
626 507 225 29 bevillningsutskott.

221 546 105 22 Härefter
338 547 130 30 föredrogos
482 547 41 22 och
535 548 114 28 upplästes
657 547 74 22 vidare
741 547 94 29 följande
844 547 63 22 Hans

151 581 128 29 Kejserliga
294 581 118 30 Majestäts
428 582 81 28 nädiga
523 582 175 29 propositioner:

220 616 45 22 N:o
282 616 38 28 36)
336 617 113 28 angäende
464 616 96 30 lindring
575 617 7 21 i
602 617 169 21 underdomares
791 617 116 29 äliggande

152 653 32 19 att
199 651 34 21 till
252 651 84 22 hofrätt
354 651 94 22 insända
470 652 124 22 renskrifna
617 651 109 29 exemplar
745 652 24 21 af
785 652 47 21 sina
847 652 61 21 dom-

150 685 89 23 böcker.

221 720 161 22 Remitterades
397 720 35 22 till
446 720 153 29 lagutskottet.

221 754 45 22 N:o
283 755 23 27 9)
322 755 113 29 angäende
459 755 92 29 ändring
571 756 7 20 i
597 755 61 22 vissa
679 755 60 22 delar
759 755 23 21 af
798 754 110 22 allmänna

153 789 77 29 lagens
247 789 121 28 stadgande
384 789 7 21 i
407 789 27 20 24
449 789 93 29 kapitlet
556 789 222 29 Byggningabalken.

220 823 162 23 Remitterades
395 823 33 21 till
440 827 141 18 sammansatt
592 824 46 29 lag-
647 824 41 21 och
700 823 207 23 ekonomieutskott.

222 856 44 23 N:o
283 857 37 28 35)
336 857 112 30 angäende
464 858 69 22 medel
549 861 32 19 att
600 858 133 23 förekomma
749 859 26 21 de
791 858 118 29 olägenhe-

152 895 40 24 ter,
209 900 48 14 som
276 892 127 22 förorsakas
424 893 117 29 jordegare
559 901 80 21 genom
658 893 92 22 landbos
769 893 90 21 tredska
877 895 32 18 att

153 926 93 29 afflytta.

222 961 160 22 Remitterades
394 961 33 22 till
440 964 142 20 sammansatt
592 962 46 29 lag-
646 961 41 22 och
700 961 208 22 ekonomieutskott.

221 1001 45 22 N:o
283 1001 37 29 39)
337 1009 34 14 om
388 1001 94 30 ändring
496 1002 25 21 af
532 1009 29 14 nu
574 1002 101 29 gällande
687 1001 176 30 lagstadganden
874 1002 35 21 rö-

152 1035 68 22 rande
236 1035 98 30 egofred.

221 1069 161 23 Remitterades
394 1070 34 21 till
440 1072 142 20 sammansatt
592 1070 47 29 lag-
647 1070 40 22 och
700 1069 209 22 ekonomieutskott.

222 1109 44 22 N:o
283 1109 38 29 40)
340 1110 113 28 angäende
476 1110 125 29 grunderne
623 1110 35 22 för
676 1117 27 15 en
722 1110 78 21 allmän
823 1109 87 22 författ-

152 1143 55 29 ning
223 1151 36 14 om
272 1145 49 27 jagt
337 1143 42 23 och
394 1144 109 30 djurfäng.
642 1146 2 2 |

222 1183 172 29 Propositionen
416 1184 149 22 remitterades
589 1185 33 21 till
645 1187 143 20 sammansatt
806 1184 46 28 lag-
867 1184 43 22 och

152 1218 211 22 ekonomieutskott.

222 1257 45 23 N:o
284 1258 22 28 6)
323 1258 113 28 angående
455 1258 164 30 egostyckning
638 1259 42 22 och
697 1258 182 29 jordafsöndring
898 1259 13 21 ä

153 1292 77 22 frälse-
246 1292 42 21 och
305 1292 172 22 skattehemman
493 1296 56 18 samt
566 1293 106 29 legoaftal
691 1301 35 13 om
745 1293 74 29 nägon
838 1293 36 21 del
889 1293 25 21 af

154 1326 57 22 slika
225 1326 135 29 lägenheter.

222 1360 160 22 Remitterades
394 1361 35 21 till
440 1364 143 20 sammansatt
593 1362 47 28 lag-
649 1362 41 22 och
699 1360 212 24 ekonomieutskott.

221 1400 46 22 N:o
283 1400 24 29 7)
322 1400 112 30 angäende
450 1401 191 29 vattenledningar
657 1405 56 19 samt
728 1400 137 23 vattenverk.

221 1433 160 24 Remitterades
396 1435 34 22 till
445 1436 232 23 ekonomieutskottet.
