992 1725
773 134 42 22 283

84 196 38 21 het
144 196 41 22 och
204 195 122 23 kännedom
344 195 8 21 i
371 195 73 21 ämnet
459 195 118 22 utskottets
593 195 141 22 medlemmar
748 196 97 22 enskildt

85 230 123 23 förvärfvat
226 230 46 29 sig,
290 229 41 21 och
351 230 69 28 enligt
438 229 71 21 denna
524 230 23 20 är
563 229 37 21 det
615 230 117 21 utskottets
748 230 97 29 öfverty-

85 265 61 28 gelse
168 267 32 19 att
223 263 139 23 förenämnde
385 263 130 30 författning
535 263 49 22 icke
603 264 96 30 bidragit
714 264 34 22 till
763 266 82 20 omför-

85 299 73 21 mälda
173 298 115 29 syftemåls
303 297 113 22 ernående.

154 337 46 22 Det
214 338 24 21 är
252 340 101 26 nogsamt
368 337 81 22 bekant
464 339 32 20 att
511 337 164 22 förhållandena
690 338 93 23 ombord
793 339 14 22 å
817 339 28 22 de

85 372 72 22 finska
175 372 203 28 handelsfartygen,
397 371 55 22 både
468 371 57 22 hvad
542 372 112 29 fartygens
670 373 117 28 utredning
802 373 42 22 och

85 406 165 29 besättningens
267 406 105 29 ställning
391 406 33 21 till
444 405 80 22 befälet
539 405 110 29 beträffar,
665 406 125 22 flerestädes
806 408 38 20 äro

86 440 82 23 sådana
183 443 32 19 att
229 440 27 22 de
271 441 71 20 lemna
356 440 88 29 mycket
459 440 68 29 öfrigt
541 443 33 18 att
589 440 74 22 önska.
694 441 69 22 Detta
776 441 8 22 i
799 441 44 22 för-

86 475 67 30 ening
170 475 50 22 med
234 474 138 29 ungdomligt
387 474 103 21 lättsinne
506 474 41 21 och
564 474 180 23 obetänksamhet
759 475 62 22 torde
837 476 7 21 i

86 509 28 22 de
130 509 63 22 flesta
208 509 38 22 fall
261 509 66 22 hafva
342 509 57 21 varit
413 507 27 23 de
455 509 100 27 motiver,
571 515 46 15 som
634 509 81 22 förledt
729 517 57 21 unge
802 509 43 22 och

86 545 100 20 oerfarne
202 544 82 28 sjömän
300 546 31 19 att
345 543 75 28 lyssna
434 542 34 21 till
484 542 26 22 de
525 543 111 21 frestelser
650 546 32 18 att
693 543 106 29 olofligen
811 544 34 21 öf-

86 578 101 29 vergifva
206 578 47 21 sina
271 578 95 28 tjenster,
382 578 34 20 för
431 576 76 22 hvilka
521 577 28 21 de
564 577 31 21 uti
611 577 26 21 de
651 578 118 21 utländska
784 578 60 21 ham-

86 620 67 14 narne
176 612 38 22 äro
236 614 86 19 utsatte.
360 611 116 22 Utskottet
494 618 65 15 anser
577 610 86 23 derföre
683 614 31 19 att
729 611 27 22 de
771 612 73 21 öfver-

86 646 94 30 klagade
199 646 78 22 talrika
295 646 199 29 rymningsbrotten
512 646 60 21 inom
590 645 85 22 landets
690 646 154 22 handelsflotta

86 680 78 22 endast
185 688 80 21 genom
283 680 149 29 afhjelpandet
450 680 25 21 af
490 679 147 30 nyssnämnda
651 680 96 29 menliga
762 680 83 22 förhäl-

86 714 80 22 landen
189 714 72 22 kunna
284 714 142 29 förebyggas,
449 721 49 15 men
521 714 49 22 icke
588 714 125 29 derigenom
731 716 32 20 att
782 722 61 21 man,

85 749 93 21 medelst
196 748 129 22 utfärdande
348 749 24 21 af
388 748 90 29 stränga
498 748 133 29 strafflagar,
645 748 66 22 söker
727 748 117 23 afskräcka

87 783 48 22 från
150 783 92 22 brottets
259 782 116 30 begående.

155 822 105 22 Deremot
271 824 24 20 är
306 823 106 21 utskottet
424 822 50 22 fullt
486 822 119 22 förvissadt
615 822 85 28 derom,
713 825 31 19 att
756 825 31 19 ett
794 822 49 23 icke

86 858 63 27 ringa
164 857 58 22 antal
238 857 110 28 förrymde
363 858 84 28 sjömän
460 858 45 27 just
520 857 34 22 till
570 857 55 29 följd
640 858 25 21 af
677 857 166 29 ifrågavarande

87 891 143 22 öfverdrifvet
252 893 88 27 stränga
359 892 125 28 strafflagar
502 891 94 22 afhållas
615 892 48 21 från
678 894 33 19 att
725 891 118 22 återvända

86 926 35 21 till
136 925 182 23 fäderneslandet.
352 925 64 22 Flere
431 926 66 21 bland
511 926 50 21 dem
576 925 65 22 hafva
657 925 68 22 under
739 926 104 21 vistelsen

86 961 8 21 i
113 960 133 22 fremmande
265 960 83 28 länder,
365 960 128 29 isynnerhet
506 960 8 21 i
529 967 65 14 norra
609 960 116 21 Amerikas
740 959 103 28 fristater,

86 994 50 22 icke
155 994 92 21 allenast
266 995 120 21 förvärfvat
404 995 34 28 sig
457 994 154 29 förmögenhet
629 997 52 19 utan
696 993 42 22 ock
753 1001 37 20 en,
806 1001 37 21 ge-

86 1035 51 15 nom
155 1028 37 21 det
211 1028 64 22 friare
294 1028 166 22 samhällsskick
476 1028 61 22 hvari
552 1029 27 21 de
594 1028 78 27 lefvat,
687 1027 83 22 alstrad
784 1028 59 28 sjelf-

86 1062 78 22 känsla
186 1062 42 22 och
250 1063 150 21 medvetenhet
423 1070 35 14 om
477 1062 64 23 deras
560 1062 121 29 menskliga
700 1061 77 28 värde,
795 1069 48 15 som

86 1096 106 29 förbjudit
210 1096 49 22 dem
274 1099 31 19 att
320 1097 48 22 med
383 1097 86 28 nesliga
484 1096 148 29 kroppsstraff
644 1097 59 28 köpa
717 1096 35 29 sig
767 1096 76 29 rättig-

86 1131 65 21 heten
170 1133 32 19 att
220 1131 118 22 återvända
356 1131 33 21 till
404 1131 134 27 hemlandet,
554 1131 39 22 der
607 1131 58 22 dock
680 1130 163 30 otvifvelaktigt

86 1165 80 29 många
188 1166 25 20 af
231 1165 50 21 dem
299 1165 83 21 kunnat
400 1165 69 22 blifva
488 1166 87 28 nyttiga
592 1164 251 22 samhällsmedlemmar.

86 1199 91 22 Verkan
199 1200 25 21 af
244 1200 181 28 författningarne
443 1200 8 21 i
470 1200 72 21 ämnet
561 1200 39 21 har
615 1199 96 27 derföre,
726 1199 69 29 enligt
810 1202 33 18 ut-

86 1234 94 20 skottets
196 1234 76 27 tanke,
287 1234 57 21 varit
358 1234 52 27 den,
426 1236 31 19 att
472 1234 25 21 af
509 1233 28 22 de
552 1233 111 29 förrymde
679 1233 126 28 sjömännen
816 1232 27 22 de

85 1267 62 21 fleste
162 1267 100 28 redbare,
284 1268 143 21 arbetsamme
442 1268 42 21 och
499 1267 171 22 omtänksamme
684 1267 50 21 män
749 1266 94 29 nödgats

85 1302 7 21 i
108 1301 98 21 utlandet
221 1304 143 25 qvarstanna,
383 1302 78 21 medan
476 1302 101 28 vanligen
593 1301 78 22 endast
685 1300 36 28 de,
737 1307 47 15 som
800 1301 43 21 för-

86 1336 56 22 stört
154 1336 35 28 sig
203 1344 79 20 genom
298 1336 167 28 oordentlighet,
481 1335 115 23 återvändt
611 1338 56 19 samt
682 1335 47 22 förr
743 1334 53 22 eller
811 1342 32 14 se-

85 1377 51 14 nare
152 1370 56 21 fallit
223 1370 84 22 landets
323 1370 119 29 fattigvård
457 1370 35 21 till
507 1370 51 22 last.

154 1403 118 23 Utskottet
290 1404 38 22 har
347 1404 75 22 vidare
436 1404 63 21 hållit
515 1405 57 26 före,
592 1406 31 19 att
637 1402 206 30 rymningsbrottet,

85 1445 47 15 som
147 1438 34 22 till
196 1438 34 22 sin
246 1442 62 19 natur
323 1439 123 29 egentligen
462 1439 24 21 är
501 1442 31 19 ett
547 1439 60 22 brott
617 1440 58 21 emot
686 1440 31 20 ett
728 1436 116 23 civilrätts-
