992 1725
769 125 41 21 127

150 188 43 24 Till
210 189 108 29 justering
332 188 113 28 upplästes
462 188 97 22 ståndets
574 187 113 29 protokoll
703 187 34 22 för
753 188 42 22 den
813 188 26 22 10

80 222 42 24 och
138 225 27 21 14
180 224 88 22 dennes.

148 264 59 21 Herr
221 262 131 28 Juselius,
368 269 46 15 som
429 269 28 14 nu
472 261 70 22 erhöll
557 261 74 28 ordet,
642 261 98 30 yttrade,
753 264 32 19 att
797 262 42 22 han

80 299 36 20 väl
132 299 25 20 af
169 299 48 20 sina
231 297 167 27 kommittenter,
414 296 83 21 Lovisa
511 296 61 22 stads
588 296 147 29 borgerskap,
751 296 88 23 erhållit

81 331 102 29 uppdrag
201 334 31 18 att
247 331 120 21 framställa
382 330 117 29 petitioner
515 338 34 14 om
566 331 127 28 periodiska
707 331 132 28 landtdagar

80 369 57 19 samt
156 373 35 14 om
210 365 138 21 motionsrätt
367 365 35 21 för
417 365 126 26 ständerne;
558 372 49 14 men
623 372 46 14 som
685 365 82 22 sådane
783 365 56 28 peti-

80 401 71 21 tioner
170 399 67 22 redan
258 399 73 22 blifvit
346 399 25 21 af
383 399 67 21 andra
466 399 97 22 ståndets
579 399 140 22 medlemmar
734 399 104 28 framlag-

80 434 30 22 da
124 434 41 22 och
178 433 82 30 jemväl
275 434 25 21 af
312 433 86 22 ståndet
413 436 103 26 antagne,
531 433 68 29 ansåg
614 433 91 28 talaren,
718 434 68 28 jemte
801 433 38 22 det

80 468 45 22 han
147 468 104 22 förenade
273 468 35 29 sig
325 468 8 21 i
352 467 64 22 dessa
434 468 122 27 petitioner,
575 467 73 30 någon
666 467 75 22 vidare
759 467 80 30 åtgärd

81 503 47 22 från
144 503 56 21 hans
215 502 48 22 sida
277 502 7 21 i
300 501 120 30 anledning
434 502 25 21 af
471 501 60 22 detta
545 502 102 29 uppdrag
658 502 48 22 icke
717 501 122 27 erfordras;

82 537 114 22 hvaremot
213 537 83 21 talaren
315 536 69 21 utbad
404 536 34 29 sig
454 536 22 21 få
491 536 120 21 framställa
626 536 107 29 följande,
748 536 92 21 skriftli-

82 578 42 22 gen
139 570 104 23 affattade
258 571 40 21 och
314 578 29 14 nu
358 571 102 28 upplästa
474 571 104 28 petition:

150 610 58 22 ”Vid
226 610 190 30 borgareståndets
435 611 87 27 plenum
541 610 43 22 den
605 611 25 21 14
645 611 7 21 i
670 610 70 22 denne
759 610 79 22 månad

82 646 24 21 är
128 645 92 29 petition
243 645 121 21 framställd
384 652 34 14 om
436 645 123 27 inlösande,
577 652 80 22 genom
673 645 118 29 styrelsens
805 645 34 21 åt-

82 679 65 29 gärd,
170 680 24 20 af
210 679 239 29 telegrafinrättningen
468 680 7 20 i
493 680 76 21 landet
583 682 56 19 samt
653 679 137 22 densammas
805 680 34 20 öf-

82 713 125 22 verlåtande
229 713 94 21 derefter
341 714 22 20 åt
381 713 41 22 den
442 713 99 22 enskilda
560 714 208 28 företagsamheten,
785 713 54 22 eller

82 747 43 21 ock
143 747 133 22 inrättandet
291 747 24 21 af
330 748 108 21 särskilda
456 747 114 23 inhemska
585 746 162 30 telegraflinier,
763 747 76 22 äfven-

81 789 48 14 som
151 780 111 30 angående
285 781 169 29 telegrafliniens
477 782 154 28 utsträckning
648 781 34 22 till
701 782 44 22 alla
764 782 75 24 städer

82 816 38 21 vid
135 814 79 23 kusten
229 816 41 21 och
286 815 26 22 de
328 816 135 29 betydligare
478 816 8 21 i
501 816 36 22 det
552 816 46 22 inre
614 816 24 22 af
649 815 82 22 landet.

150 850 84 28 Färdig
249 852 31 19 att
294 850 86 21 biträda
395 850 70 21 denna
480 850 103 29 petition,
599 850 84 22 befarar
691 851 40 28 jag
743 852 32 19 att
786 850 53 22 den-

81 891 95 15 sammas
191 884 193 29 genomdrifvande
399 884 42 21 kan
457 886 69 26 möta,
542 888 61 18 utom
615 885 68 21 andra
694 884 144 29 svårigheter,

82 926 82 14 samma
183 918 150 29 betänklighet
348 925 46 14 som
410 921 81 26 yppats
506 919 37 21 vid
559 919 42 22 den
616 919 24 21 år
656 919 54 21 1857
726 919 113 22 tilltänkta

81 953 86 28 privata
182 952 239 29 telegrafinrättningen
437 953 7 20 i
459 953 85 27 landet,
559 956 32 18 att
605 953 108 28 nemligen
728 960 26 14 en
770 951 65 24 sådan

81 986 86 22 enskild
187 985 119 30 inrättning
322 994 62 13 anses
400 987 111 22 stridande
527 990 58 19 emot
599 987 42 22 den
656 987 7 21 i
679 986 160 29 kejsaredömet

81 1020 111 29 Ryssland
206 1020 95 22 rädande
316 1021 109 21 allmänna
440 1021 128 28 grundsats,
584 1024 31 19 att
630 1019 209 24 kommunikations-

80 1054 172 29 inrättningarne
272 1054 52 22 böra
344 1055 120 28 underlyda
484 1055 40 22 och
540 1055 145 22 kontrolleras
701 1055 25 22 af
738 1062 27 14 en
780 1061 59 14 ome-

81 1088 86 22 delbart
181 1089 59 21 inför
254 1089 106 28 Kejsaren
377 1089 158 29 föredragande
551 1089 102 22 minister.

150 1121 55 23 Med
224 1123 101 22 afseende
344 1123 53 22 härå
417 1124 40 21 och
473 1124 7 21 i
497 1122 224 24 öfverensstämmelse
737 1121 49 24 med
802 1121 37 23 det

81 1157 102 29 uppdrag
198 1158 40 28 jag
257 1158 113 28 emottagit
386 1158 24 21 af
423 1159 56 21 mine
495 1158 168 27 kommittenter,
679 1157 160 29 borgerskapet

80 1192 8 20 i
106 1191 83 21 Lovisa
207 1191 61 27 stad,
286 1192 81 21 tillåter
383 1193 39 28 jag
440 1192 45 29 mig
501 1193 80 21 föreslå
595 1192 135 28 underdånig
746 1191 93 29 petition

80 1226 7 20 i
107 1224 67 22 sådan
193 1226 109 28 syftning,
326 1229 41 25 att,
386 1226 8 22 i
413 1227 104 21 händelse
532 1234 26 14 en
574 1227 57 21 ifrån
647 1226 41 21 den
704 1225 68 29 ryska
786 1225 53 21 tele-

80 1258 117 30 graflinien
216 1259 67 28 skiljd
302 1260 213 29 telegrafinrättning
530 1260 49 22 icke
594 1261 43 21 kan
653 1260 34 22 för
702 1259 137 21 närvarande

80 1293 8 21 i
102 1292 95 22 Finland
212 1292 170 30 åvägabringas,
399 1294 220 22 öfverenskommelse
635 1294 66 21 måtte
717 1293 25 21 af
754 1293 85 21 landets

80 1327 101 29 regering
200 1328 112 27 uppgöras
331 1328 49 21 med
401 1328 66 29 ryska
486 1328 202 29 telegrafstyrelsen
706 1327 86 27 derom,
807 1329 33 19 att

80 1362 130 21 åtminstone
226 1361 43 21 alla
284 1362 108 28 sjöstäder
407 1363 7 21 i
430 1362 75 22 landet
519 1363 74 21 kunna
610 1363 67 21 blifva
690 1362 24 22 af
724 1362 37 21 det
772 1361 68 28 ryska

79 1395 169 29 telegrafverket
262 1396 118 29 delaktige.

147 1428 69 23 Detta
234 1429 83 23 Lovisa
332 1430 60 22 stads
408 1430 167 30 önskningsmål
590 1430 97 23 anhåller
699 1431 40 29 jag
754 1428 85 29 ödmju-
