992 1725
784 130 42 22 245

94 190 105 30 Majestät
220 190 8 21 i
250 189 171 29 underdånighet
440 189 86 21 anhålla
545 197 35 13 om
596 190 145 28 landtdagens
756 192 98 30 förläng-

94 226 54 28 ning
170 225 33 21 till
223 225 41 20 den
282 224 10 20 1
308 224 42 28 maj
370 223 179 22 nästkommande
568 224 31 26 år,
619 224 23 21 så
658 224 67 22 måste
741 226 36 20 väl
793 227 61 21 detta

94 260 72 20 beslut
182 259 46 21 haft
244 258 33 21 sin
292 257 70 29 grund
378 258 6 20 i
400 258 85 28 åsigten
501 265 36 13 om
554 257 103 22 behofvet
673 259 24 21 af
709 259 25 21 så
749 260 52 28 lång
813 260 40 27 tid,

94 294 35 20 för
152 296 31 19 att
205 293 73 20 kunna
300 291 48 22 med
370 291 129 29 erforderlig
518 292 103 21 omtanke
640 293 41 20 och
700 294 153 28 noggrannhet

94 327 79 28 pröfva
196 327 40 20 och
257 327 75 40 afgöra
350 325 27 22 de
396 325 37 22 vid
448 325 134 29 landtdagen
599 327 176 22 förekommande
791 329 62 21 ären-

94 361 44 21 der.
169 360 92 21 Talaren
277 360 67 29 ansåg
359 360 94 27 således,
469 360 68 21 under
553 360 137 28 åberopande
705 363 35 20 för
751 363 68 28 öfrigt
830 363 25 21 af

93 395 28 23 de
143 396 25 20 af
187 395 74 21 herrar
284 394 129 29 Tengström
436 394 40 21 och
497 385 118 41 Öhrnberg
633 395 92 22 anförda
743 397 60 27 skäl,
820 400 32 17 att

93 425 179 37 borgareståndet
294 412 50 37 icke
364 429 6 20 i
393 429 71 27 någon
488 428 104 21 bändelse
612 429 67 21 borde
697 429 78 29 frångå
790 413 39 38 sitt
844 431 7 21 i

93 464 67 22 saken
176 463 82 22 fattade
274 463 76 21 beslut.
380 463 45 20 Det
440 462 73 21 kunde
526 463 25 27 ju
567 463 64 21 äfven
647 463 63 28 eljest
721 465 46 20 ofta
779 464 71 22 hända

94 501 31 18 att
140 498 91 22 stånden
249 498 7 21 i
275 504 81 15 samma
374 497 39 21 sak
432 496 88 29 hyllade
539 497 60 21 olika
618 498 117 28 meningar,
751 501 51 18 utan
819 501 32 19 att

93 532 92 21 orsaken
201 531 72 22 dertill
288 531 66 21 borde
370 530 66 21 sökas
451 531 7 20 i
474 531 54 21 brist
544 530 28 28 på
587 531 90 28 enighet
688 532 91 21 emellan
791 532 59 22 stån-

92 565 52 28 den,
164 566 24 21 så
202 565 88 29 mycket
304 565 83 21 mindre
402 571 47 15 som
465 565 220 28 öfverläggningarne
701 565 7 21 i
723 573 26 13 en
765 567 62 27 fråga
841 567 8 21 i

93 600 118 22 allmänhet
228 599 82 22 skedde
329 598 112 29 samtidigt
459 599 6 21 i
482 599 43 21 alla
540 598 63 22 stånd
619 599 41 21 och
676 602 31 18 ett
722 600 75 21 stånds
814 601 35 21 be-

92 635 45 23 slut
159 634 45 21 ofta
227 633 93 22 fattades
339 636 51 18 utan
408 632 123 22 kännedom
547 640 35 14 om
598 632 27 22 de
640 633 88 29 åsigter,
744 641 47 14 som
805 634 42 22 hos

92 668 27 22 de
138 668 67 21 andra
223 667 90 22 stånden
332 667 7 21 i
354 668 73 21 ämnet
441 668 60 27 gjort
516 667 35 28 sig
567 667 108 28 gällande.
706 667 44 22 Om
766 668 35 22 för
816 669 32 21 öf-

92 703 44 28 rigt
154 702 41 22 den
211 709 27 13 nu
254 701 148 29 ifrågakomne
418 701 178 29 skiljaktigheten
612 702 30 20 uti
658 702 103 22 ståndens
778 702 71 22 beslut

92 736 92 28 ansåges
203 735 48 21 icke
270 735 65 21 hafva
350 734 64 22 bordt
429 736 42 27 äga
485 743 60 18 rum,
560 736 24 20 så
600 736 51 21 fölle
666 736 92 21 skulden
774 736 75 22 derför

90 770 50 22 icke
155 770 13 21 å
183 770 101 28 borgare-
299 769 40 21 och
356 769 173 27 bondestånden,
546 769 85 25 hvilka,
647 770 65 21 innan
728 770 66 22 saken
807 771 40 21 hos

91 804 27 22 de
134 804 67 22 andra
216 803 90 22 stånden
322 803 121 29 afgjordes,
458 803 154 22 underrättade
627 803 48 23 dem
691 811 35 15 om
741 804 48 23 sina
800 804 47 23 deri

90 838 94 27 fattade,
199 837 231 23 sammanstämmande
447 838 75 22 beslut.

160 878 56 21 Herr
232 873 141 33 Öhrnberg
391 877 52 22 ville
458 878 32 21 till
507 877 38 22 sitt
561 878 59 21 förra
635 879 138 28 andragande
788 880 57 21 ännu

90 913 124 26 framhålla,
233 911 115 23 huruledes
364 919 48 14 man
429 912 66 21 borde
511 912 21 21 få
548 915 79 24 antaga
641 915 32 18 att
688 913 43 21 alla
746 913 37 27 de,
798 921 47 14 som

89 947 7 21 i
120 946 178 29 borgareständet
320 945 95 29 bidragit
437 946 33 21 till
493 946 37 21 det
553 946 166 28 ifrågavarande
743 947 102 26 beslutet,

89 981 59 28 gjort
163 980 37 23 det
214 981 53 20 efter
282 987 77 22 mogen
375 980 179 29 öfverläggning,
569 980 126 28 isynnerhet
709 987 45 14 som
771 982 75 21 nämn-

88 1015 28 22 de
139 1015 71 22 beslut
231 1014 80 21 utfallit
330 1014 118 23 afvikande
466 1015 48 21 frän
534 1014 248 22 talmanskonferensens
801 1015 45 21 för-

88 1049 56 28 slag.
174 1048 72 29 Sagde
262 1048 70 21 beslut
347 1049 69 28 ansåg
431 1049 83 21 talaren
530 1049 66 21 hafva
612 1048 63 22 bordt
691 1048 106 21 vidhällas
813 1049 32 21 äf-

88 1091 41 13 ven
146 1083 34 21 för
194 1083 41 21 den
252 1082 102 22 händelse
370 1085 32 18 att
418 1082 190 29 borgareständets
623 1082 45 22 deri
681 1082 96 21 uttalade
788 1083 58 28 äsigt

88 1125 36 13 om
143 1117 60 20 tiden
223 1117 35 21 för
272 1116 144 29 landtdagens
432 1117 142 28 förlängning
588 1116 48 21 icke
651 1116 70 21 skulle
737 1116 70 21 delats
823 1117 25 21 af

86 1151 69 28 något
170 1150 65 23 bland
250 1150 147 23 medständen.
428 1149 85 24 Genom
530 1153 32 19 att
576 1158 28 14 nu
617 1150 76 28 frångå
706 1149 89 22 berörde
808 1150 37 22 be-

87 1185 45 21 slut
148 1185 40 21 och
210 1184 118 22 bestämma
342 1185 35 28 sig
392 1185 34 21 för
441 1188 31 17 ett
488 1187 75 24 annat,
578 1184 71 22 skulle
665 1184 180 28 borgareständet

86 1218 38 23 vid
146 1218 92 22 anförda
262 1218 134 22 förhällande
419 1219 61 28 gifva
502 1218 100 29 grundad
623 1218 116 28 anledning
758 1218 34 21 till
809 1218 35 22 be-

86 1252 113 30 skyllning
215 1252 33 21 för
263 1252 101 21 lättsinne
380 1252 53 22 eller
448 1255 32 18 att
495 1252 69 22 sakna
575 1252 63 22 säker
650 1252 146 28 öfvertygelse
808 1260 35 14 om

87 1286 158 28 befogenheten
268 1286 25 23 af
312 1286 26 23 de
357 1286 108 29 åtgärder,
485 1286 89 23 hvartill
594 1286 71 23 beslut
679 1286 7 23 i
701 1286 86 23 ståndet
803 1287 40 22 fat-

85 1320 69 22 tades.

153 1353 72 23 Sedan
247 1354 68 28 några
333 1353 52 23 flera
403 1354 218 23 ständsmedlemmar
638 1354 49 22 icke
705 1354 81 21 anmält
804 1354 38 21 ön-

84 1388 55 22 skan
154 1390 32 19 att
200 1388 8 22 i
224 1388 66 21 saken
306 1388 34 28 sig
355 1391 69 26 yttra,
439 1388 45 22 fick
499 1388 106 29 förslaget
619 1388 95 22 förfalla.

123 1426 59 25 Herr
193 1428 149 23 talmannen
355 1428 102 30 föredrog
469 1428 53 23 härå
530 1428 97 23 ståndets
635 1426 99 25 enskilda
743 1426 99 23 besvärs-
