992 1725
778 127 25 21 91

73 191 41 22 och
128 193 53 20 utan
196 192 32 20 att
243 189 116 23 omnämna
373 188 50 22 hela
437 187 37 22 det
489 187 93 29 bördiga
596 187 121 29 landskap,
733 188 102 30 hvarige-

72 232 51 16 nom
138 225 74 23 elfven
225 224 73 29 flyter,
314 222 84 22 hvilket
413 228 79 22 genom
507 228 27 15 en
543 222 94 29 jernväg
649 222 34 22 till
694 222 79 22 Lahtis
784 224 49 22 icke

73 260 98 21 kommer
190 259 8 21 i
216 257 126 30 ätnjutande
361 256 25 22 af
401 256 71 29 nägon
487 256 78 22 lättare
580 256 201 29 kommunikation,
797 266 37 14 an-

73 295 71 20 häller
158 294 40 29 jag
217 295 32 20 att
267 293 73 21 säsom
358 293 149 26 representant
522 291 35 20 för
572 289 105 30 Heinola,
693 291 35 22 för
744 291 89 23 hvilken

74 327 60 22 valet
149 327 93 22 emellan
257 326 66 22 dessa
341 324 304 23 kommunikationsanstalter
663 326 66 28 utgör
743 333 28 15 en
785 326 49 22 lifs-

74 361 72 29 fräga,
162 362 22 21 fä
199 361 69 21 räkna
283 360 28 28 pä
326 359 114 29 välloflige
456 359 97 21 ständets
568 359 134 22 medverkan
718 361 8 20 i
741 361 42 21 och
798 361 35 21 för

74 395 124 30 Kymmene
213 395 41 21 elfs
270 393 117 29 öppnande
403 394 35 21 för
452 393 124 29 segelfart.”

144 429 74 22 Sedan
233 428 78 22 härvid
325 428 102 29 upplysts
442 430 32 19 att
488 427 142 22 förenämnde
645 428 138 29 proposition
794 429 39 22 än-

75 471 30 14 nu
126 463 49 22 icke
197 463 75 22 blifvit
294 463 34 21 till
346 462 109 22 utskottet
472 461 141 29 expedierad,
633 462 82 22 beslöts
735 465 32 20 att
783 463 50 22 herr

76 497 136 23 Lemströms
228 497 139 28 andragande
384 496 70 23 skulle
468 496 105 21 remissen
587 495 34 23 dit
634 497 84 28 åtfölja.

144 531 157 22 Antecknades
324 533 32 20 att
377 531 74 21 herrar
472 529 113 24 Savander
603 530 42 22 och
662 531 119 29 Bergstedt
799 538 34 15 er-

76 566 60 22 höllo
151 565 99 22 tillstånd
265 567 33 20 att
311 565 109 28 bortresa,
435 564 42 23 den
492 565 58 21 förre
565 564 29 28 på
604 565 31 21 tio
647 564 70 30 dagar
729 565 42 21 och
783 565 50 22 herr

76 600 120 29 Bergstedt
213 600 34 20 till
265 600 64 21 nästa
347 599 101 29 torsdag,
466 599 52 22 derå
532 598 171 23 sammanträdet
716 598 116 30 upphörde

77 634 94 22 klockan
186 633 50 29 half
248 633 44 23 två.

632 668 22 17 In
666 668 61 17 fidem:

532 695 93 23 Sixtus
641 694 162 24 Calamnius.

270 839 132 34 Onsdagen
420 839 49 25 den
489 840 31 24 14
538 838 107 26 oktober

78 879 95 22 klockan
188 879 59 22 elfva
262 879 174 28 föremiddagen,
450 879 173 22 sammanträdde
637 879 36 21 till
683 879 89 28 plenum
784 879 49 22 bor-

78 913 150 29 gareståndets
251 913 100 28 samtlige
372 913 145 28 medlemmar,
528 915 68 20 utom
615 913 76 22 herrar
709 913 124 29 Björnberg

78 947 42 22 och
142 946 118 29 Savander,
282 947 77 22 hvilka
380 947 49 22 med
448 947 96 22 ständets
564 947 132 29 begifvande
714 954 55 15 voro
785 947 48 22 från

78 981 77 22 staden
171 981 117 28 bortreste,
304 981 49 22 herr
367 981 107 28 Juselius,
487 989 46 14 som
545 981 104 22 anmältes
661 989 53 14 vara
726 982 25 21 af
758 988 76 21 opass-

78 1015 69 28 lighet
161 1015 94 22 hindrad
270 1018 32 19 att
316 1016 36 29 sig
365 1015 82 22 infinna
462 1015 41 22 och
518 1016 49 21 herr
581 1015 98 29 Franck,
695 1023 58 20 som,
764 1015 71 28 enligt

78 1049 59 22 hvad
159 1049 50 22 herr
230 1049 124 22 talmannen
372 1057 29 14 nu
420 1049 153 30 tillkännagaf,
593 1050 83 21 anmält
695 1049 34 29 sig
744 1056 53 15 vara
813 1049 25 22 af

78 1083 99 22 enskilda
192 1083 183 30 angelägenheter
389 1083 114 22 nödsakad
518 1087 32 18 att
565 1085 28 28 pä
608 1085 69 27 nägra
691 1083 69 29 dagar
776 1083 59 22 bort-

77 1125 56 14 resa.

148 1151 44 22 Till
208 1152 109 29 justering
335 1153 114 27 upplästes
465 1155 31 19 ett
510 1152 80 30 utdrag
605 1160 26 14 ur
645 1152 99 22 ständets
759 1154 76 26 proto-

78 1185 46 22 koll
147 1186 34 21 för
199 1186 42 22 den
258 1186 27 22 10
300 1186 90 27 dennes,
415 1187 111 28 angäende
545 1187 42 21 den
606 1187 25 21 af
645 1186 52 22 herr
711 1186 124 22 Lemström

78 1219 78 22 dervid
171 1220 137 22 framställda
322 1220 131 29 petitionens
469 1221 156 22 remitterande
640 1221 34 21 till
690 1220 146 22 vederböran-

78 1254 28 21 de
121 1253 90 22 utskott.

146 1286 126 30 Föredrogs
288 1288 34 22 till
336 1289 88 22 ständet
438 1290 120 22 inlemnadt
573 1289 112 29 protokoll
701 1290 35 20 för
749 1288 44 22 den
811 1289 26 21 13

78 1321 91 29 dennes,
185 1322 63 21 öfver
262 1322 29 22 dä
305 1322 68 23 hället
388 1324 159 22 sammanträde
563 1324 25 22 af
600 1324 37 22 det
649 1324 85 21 utskott
745 1324 26 21 af
778 1322 59 22 stän-

78 1355 49 23 dets
146 1355 127 29 ledamöter,
293 1364 47 14 som
359 1358 73 21 blifvit
451 1358 78 22 tillsatt
545 1359 34 21 för
594 1358 145 29 uppgörande
755 1357 25 21 af
793 1356 44 21 för-

79 1390 49 28 slag
149 1390 34 21 till
205 1390 161 22 klassifikation
384 1392 26 22 af
425 1392 84 22 landets
528 1392 81 28 städer,
624 1392 7 22 i
647 1391 102 23 afseende
765 1390 13 22 ä
793 1390 44 22 för-

79 1423 118 30 delningen
220 1424 25 22 af
261 1425 98 23 ständets
378 1426 38 23 vid
434 1426 71 23 denna
520 1426 106 29 landtdag
641 1424 144 25 förefallande
801 1432 36 21 ge-
