992 1725
791 127 27 25 47

156 194 81 22 Denna
252 192 13 30 &
281 194 90 26 antogs,
388 192 28 28 på
431 191 74 23 derom
521 190 123 24 framställd
656 193 152 30 proposition,
824 194 25 22 af

88 228 87 23 ståndet
190 228 114 28 enhälligt.
775 234 4 5 N

156 264 25 28 ”$
196 264 20 20 8.
240 262 92 22 Talman
347 262 85 30 åligger
448 265 32 19 att
494 262 38 22 vid
551 263 98 21 ständets
669 264 176 22 sammanträden

87 298 149 28 upprätthålla
251 297 123 29 ordningen
390 297 69 29 enligt
474 297 71 22 denna
560 297 84 30 stadga.
675 297 48 23 Gör
737 299 43 21 han
793 299 53 22 eller

87 333 97 21 ledamot
199 333 24 21 af
237 333 87 22 ständet
342 333 144 29 anmärkning
502 341 35 14 om
552 333 116 22 förefallen
689 333 111 30 oordning
815 334 30 22 el-

87 367 33 22 ler
134 367 115 30 begängen
265 368 108 21 förseelse
388 371 59 18 emot
462 368 103 29 stadgan,
584 367 63 22 döme
665 368 87 22 ständet
767 372 78 25 genast

88 402 109 22 deröfver.
228 402 93 22 Tarfvas
336 403 79 21 härvid
431 402 147 29 omröstning,
593 402 36 21 mä
643 403 73 22 denna
726 403 39 22 ske
777 404 68 28 öppet

88 445 80 21 genom
184 437 150 29 uppstigande
350 437 42 22 och
408 437 169 28 gvarsittande.”

156 472 33 21 Pä
204 472 76 22 derom
300 471 123 22 framställd
441 471 140 29 proposition
600 471 49 22 blef
664 472 65 22 äfven
745 472 99 29 denna
826 467 20 38 &

89 506 25 22 af
126 507 87 22 ständet
228 507 108 28 enhälligt
351 509 101 26 antagen.

157 542 24 28 ”&
197 541 19 21 9.
240 541 77 27 Böter,
333 549 48 13 som
396 541 70 28 enligt
480 541 72 22 denna
568 541 77 29 stadga
657 541 112 22 ädömmas
785 542 59 22 leda-

89 579 46 18 mot
150 576 24 21 af
186 575 98 29 ständet,
299 576 86 21 tillfalle
401 575 174 23 hufvudstadens
591 576 131 29 fattigkassa
733 577 42 21 och
790 577 54 22 böra

90 610 24 21 af
126 610 42 22 den
184 610 109 22 sakfällde
312 613 78 26 genast
408 610 105 22 inbetalas
529 610 34 22 till
583 610 98 23 ständets
698 611 145 28 sekreterare,

88 644 90 23 hvilken
198 645 103 22 deröfver
320 645 69 22 häller
408 645 94 22 särskild
520 645 147 30 förteckning.
700 645 88 30 Vägras
807 646 36 22 be-

89 680 93 28 talning,
197 680 36 21 mä
248 680 88 22 ståndet
351 688 34 14 om
401 680 101 22 böternes
521 680 118 29 uttagning
654 681 68 21 anlita
737 680 106 22 vederbö-

88 714 66 22 rande
170 714 117 22 exekutiva
302 714 148 30 myndighet.”

157 748 59 23 Herr
232 744 153 34 Öhrnberg:
408 744 74 26 Äfven
500 750 7 20 i
525 749 72 21 denna
615 749 12 28 &
645 750 64 20 torde
731 749 112 29 uttrycket

88 784 86 21 ”böter”
188 784 55 21 böra
258 784 115 21 förändras
392 783 33 22 till
445 784 73 28 afgift,
541 783 88 22 hvilken
651 783 134 29 benämning
805 785 38 28 jag

88 818 36 22 för
138 818 44 21 min
198 818 36 21 del
253 826 65 14 anser
337 826 52 13 vara
407 818 127 28 lämpligare
554 818 27 21 än
599 818 113 28 uttrycket
726 818 75 21 ”vite.”
831 817 12 22 I

88 852 122 29 begreppet
225 852 45 22 vite
285 852 63 29 ingår
363 852 120 29 nemligen,
499 855 32 18 att
541 852 121 22 detsamma
677 852 7 21 i
699 852 56 22 brist
768 852 24 22 af
804 852 39 22 bo-

88 890 46 18 tum
149 887 40 21 bör
203 887 104 22 försonas
322 887 50 21 med
390 887 110 29 fängelse,
519 887 86 22 hvilket
619 888 19 27 ej
658 894 68 21 gerna
745 887 40 21 här
799 887 43 21 kan

88 921 86 22 komma
189 922 8 21 i
212 921 69 29 fråga.

156 955 61 22 Herr
231 955 173 29 Tengström:
426 956 45 29 Jag
486 956 98 21 deremot
602 955 68 22 måste
686 963 53 14 anse
754 956 89 21 benäm-

87 990 81 29 ningen
182 990 90 29 ”afgift”
287 990 40 21 här
342 991 47 21 icke
406 999 52 13 vara
472 991 43 21 rätt
530 990 119 29 passande,
665 990 90 22 emedan
771 990 72 22 denna

87 1024 133 29 benämning
236 1025 139 28 -egenteligen
394 1025 118 22 betecknar
527 1033 27 13 en
572 1024 138 29 utbetalning
725 1024 34 21 för
774 1025 69 28 något

88 1058 57 22 visst
160 1059 105 21 ändamål.
296 1058 49 22 Här
360 1060 24 20 är
399 1059 46 22 åter
460 1059 79 28 sjelfva
557 1058 154 22 användandet
726 1059 25 20 af
766 1058 26 22 de
808 1061 35 18 ut-

87 1093 86 22 betalde
188 1093 87 22 medlen
290 1093 117 29 likgiltigt,
423 1097 24 25 ty
462 1093 95 29 afsigten
572 1093 50 22 med
632 1092 175 22 bestämmandet
821 1093 25 21 af

87 1127 65 22 dessa
167 1128 61 21 viten
247 1128 24 21 är
289 1127 36 22 för
342 1128 67 28 ingen
428 1127 36 22 del
483 1131 32 18 att
529 1127 79 22 föröka
622 1126 143 30 Helsingfors
782 1127 59 22 stads

87 1162 139 29 fattigkassa.
255 1162 51 28 Mig
322 1170 66 20 synes
404 1163 45 21 vite
464 1170 53 14 vara
531 1162 43 22 den
589 1162 140 28 lämpligaste
745 1161 42 21 och
800 1161 42 22 lin-

86 1196 98 29 drigaste
199 1196 143 29 benämning,
359 1204 48 14 som
422 1197 7 21 i
444 1196 60 22 detta
519 1197 39 21 fall
573 1197 44 21 kan
632 1196 120 22 användas.

154 1230 60 22 Herr
230 1229 145 23 Sundman:
391 1231 45 29 Jag
447 1231 64 21 utber
521 1232 46 28 mig
578 1231 22 21 få
610 1231 58 21 fästa
679 1230 100 22 ståndets
787 1237 55 21 upp-

86 1264 148 22 märksamhet
249 1265 38 28 på,
303 1268 32 18 att
350 1265 26 22 de
392 1265 167 29 ifrågavarande
570 1265 97 22 medlens
679 1264 116 22 anslående
809 1264 33 21 till

88 1299 88 21 stadens
194 1298 90 30 fattige,
309 1299 73 22 såvidt
402 1300 38 29 jag
459 1300 42 21 kan
519 1300 70 27 finna,
608 1299 49 21 icke
676 1300 24 20 är
715 1299 44 21 rätt
773 1298 69 28 lämp-

85 1334 51 28 ligt,
152 1333 28 22 då
199 1334 95 28 afsigten
316 1334 90 22 dermed
422 1334 49 22 icke
490 1335 24 21 är
533 1337 32 18 att
582 1334 29 28 på
628 1334 68 28 något
711 1334 45 21 sätt
770 1332 73 22 lindra

86 1368 27 21 de
128 1368 242 29 betalningsskyldiges
387 1368 187 30 fattigutskylder.
597 1368 141 28 Lämpligare
749 1374 53 14 vore
814 1366 29 22 då

86 1402 6 21 i
108 1402 45 22 min
168 1402 66 22 tanke
249 1405 31 19 att
295 1402 66 22 dessa
376 1403 81 28 medel,
477 1403 74 22 derest
569 1402 80 22 sådane
665 1401 88 28 inflyta,
769 1400 73 22 anslo-

84 1445 40 20 ges
139 1436 35 23 till
188 1437 74 30 någon
278 1445 72 14 annan
364 1437 291 30 välgörenhetsinrättning,
670 1436 39 23 der
724 1435 28 22 de
766 1434 74 24 kunde
