992 1725
769 132 41 20 457

81 193 158 29 lagutskottets
256 191 235 23 öfverensstämmande
507 192 83 28 förslag
606 192 33 21 till
655 192 13 29 &
683 192 12 22 8
711 193 8 21 i
734 193 41 22 den
787 194 53 22 ifrå-

82 227 126 29 gavarande
224 226 170 28 författningen?

83 264 57 19 samt
154 261 73 21 såsom
242 260 227 28 kontraproposition:

153 295 47 21 Vill
216 295 86 23 ståndet
317 295 109 21 remittera
438 294 91 22 berörde
535 290 13 38 &
567 294 92 23 tillbaka
671 295 33 21 till
716 295 122 29 Jagutskot-

82 332 42 25 tet,
140 330 34 21 för
194 331 31 19 att
244 329 121 21 omarbetas
380 329 8 20 i
403 328 96 29 enlighet
513 329 50 21 med
579 329 160 22 ofvannämnde
755 331 24 20 af
791 330 50 21 herr

83 363 101 24 Aminoff
197 363 83 28 afgifna
295 362 147 23 reservation?

152 397 36 23 De
204 404 46 14 som
267 397 85 21 biträda
367 396 176 28 propositionen,
559 404 64 15 svara
635 397 106 28 jakande,
757 398 41 21 och
813 398 28 23 de

84 439 47 17 som
146 431 86 22 biträda
246 431 253 28 kontrapropositionen,
515 438 65 14 svara
595 431 105 22 nekande.

152 465 78 24 Svaret
247 465 65 21 utföll
330 465 49 21 med
399 465 161 28 öfvervägande
581 465 112 28 pluralitet
704 465 106 29 jakande;
833 466 6 23 i

84 499 54 30 följd
154 499 80 22 hvaraf
246 499 12 29 &
274 499 13 21 8
303 499 25 21 af
340 498 85 22 ständet
440 501 52 19 utan
507 499 128 29 förändring
651 503 84 26 antogs.

439 544 13 29 8
468 545 20 20 9.

154 579 58 24 Herr
227 578 149 30 Bergstedt
390 578 98 31 yttrade:
511 578 44 22 Det
567 579 72 21 kunde
651 579 98 28 inträffa,
757 582 31 19 att
797 580 44 22 för-

85 614 129 29 myndaren,
234 620 47 14 som
297 613 94 22 afträder
406 613 38 21 sitt
459 613 55 29 gods
530 613 34 21 till
580 613 169 29 borgenärernes
765 614 76 22 förnö-

81 648 77 29 jande,
177 649 25 21 är
220 648 72 21 bosatt
306 650 60 19 utom
381 647 42 21 den
436 647 155 29 jurisdiktion,
606 648 69 21 under
690 648 89 21 hvilken
795 648 45 21 för-

84 682 170 29 mynderskapet
276 682 68 28 lyder,
367 682 41 21 och
432 684 32 18 att
484 682 315 28 förmynderskapsdomstolen
819 683 20 27 ej

84 716 40 22 har
146 716 122 21 kännedom
291 723 35 14 om
348 716 259 28 cessionsansökningen,
627 716 82 21 hvilket
724 717 23 21 är
762 716 79 29 nödigt

85 751 35 21 för
142 753 31 19 att
192 758 70 14 annan
282 750 138 28 förmyndare
436 750 56 21 skall
507 750 74 21 kunna
595 750 156 23 tillförordnas.
783 750 57 21 För-

86 783 361 31 mynderskapsdomstolen
381 779 69 39 torde
466 784 7 20 i
489 784 81 21 sädana
585 784 39 21 fall
640 784 53 22 böra
708 791 34 14 om
757 784 82 21 cessio-

84 826 42 15 nen
148 818 147 27 underrättas,
318 818 101 30 antingen
439 818 25 21 af
480 819 71 23 rätten
567 818 53 21 eller
634 818 205 28 förmynderskaps-

85 852 108 25 nämnden
209 852 7 21 i
232 852 165 29 förmyndarens
413 852 99 21 hemvist.

153 886 58 21 Herr
227 881 152 34 Öhrnberg:
402 886 124 22 Enahanda
541 886 146 28 förhållande,
702 893 46 15 som
764 887 25 20 af
797 887 42 21 den

84 920 132 29 föregäende
231 921 82 20 talaren
331 921 71 20 blifvit
417 921 87 28 antydt,
519 921 44 21 kan
580 921 62 21 äfven
658 920 97 27 inträffa,
770 920 28 21 dä
813 928 27 13 en

83 955 81 21 ofrälse
186 961 79 21 person
288 955 24 20 är
334 955 78 21 utsedd
431 955 33 20 till
485 955 140 28 förmyndare
641 955 34 20 för
690 962 26 13 en
731 955 72 28 pupill
818 955 25 21 af

84 989 69 28 adligt
173 988 63 23 ständ
256 987 40 22 och
316 988 84 22 säledes
420 989 119 21 förordnad
555 989 25 20 af
593 988 91 27 hofrätt,
700 995 49 14 men
763 988 77 21 inlem-

83 1031 39 13 nar
144 1023 33 21 sin
201 1022 221 29 cessionsansökning
440 1023 33 20 till
494 1030 70 15 annan
580 1022 104 27 domstol,
700 1022 69 23 under
783 1021 56 22 hvil-

84 1057 41 21 ken
147 1057 43 21 han
212 1056 51 29 sjelf
280 1056 68 29 lyder.
386 1057 50 21 Den
455 1056 167 29 ifrägavarande
637 1057 13 28 &
667 1055 67 22 borde
752 1055 87 22 derföre

82 1091 156 28 kompletteras
260 1090 50 22 med
328 1093 31 18 ett
378 1090 128 29 stadgande,
525 1091 55 21 huru
599 1091 8 20 i
626 1090 81 22 sädana
725 1090 39 22 fall
779 1090 57 21 skall

83 1125 101 22 förfaras.

152 1159 58 22 Herr
228 1158 101 22 Hildén
351 1159 69 28 ansåg
438 1159 42 21 den
499 1160 25 21 af
540 1159 49 21 herr
606 1158 118 30 Bergstedt
742 1158 97 28 antydda

84 1194 116 28 olägenhet
216 1193 92 29 afhjelpt
322 1200 79 22 genom
417 1194 132 28 stadgandet
563 1194 7 20 i
586 1194 13 28 &
615 1194 12 20 3
639 1196 56 19 samt
706 1193 49 21 herr
767 1188 74 26 Ohrn-

83 1228 65 28 bergs
172 1228 142 28 anmärkning
339 1227 52 22 böra
409 1228 88 21 förfalla
516 1228 29 28 pä
563 1227 71 30 grund
651 1228 24 21 af
687 1226 131 30 stadgandet
833 1226 8 22 i

112 1262 33 21 12.

83 1262 13 31 ä
152 1295 58 22 Herr
226 1293 26 25 C.
268 1296 25 21 F.
311 1294 144 31 Grönberg
474 1296 107 23 instemde
599 1296 7 21 i
621 1296 51 22 herr
687 1294 94 22 Hildens
796 1296 45 27 ytt-

83 1329 73 24 rande.

151 1363 13 23 I
178 1364 97 28 enlighet
290 1364 48 21 med
354 1364 50 21 herr
416 1364 168 22 talmannens
597 1364 74 22 derom
683 1371 29 13 nu
724 1362 116 22 framställ-

82 1396 28 23 da
126 1398 147 29 proposition,
293 1398 48 22 blef
352 1398 13 29 &
380 1398 12 20 9
408 1398 8 21 i
432 1398 119 23 utskottets
567 1397 136 23 betänkande
718 1396 25 22 af
755 1394 86 23 ständet

82 1431 75 29 gillad.
