<?xml version="1.0" encoding="UTF-8"?>
<alto xmlns="http://www.loc.gov/standards/alto/ns-v3#" xmlns:xlink="http://www.w3.org/1999/xlink" xmlns:xsi="http://www.w3.org/2001/XMLSchema-instance" xsi:schemaLocation="http://www.loc.gov/standards/alto/ns-v3# http://www.loc.gov/alto/v3/alto-3-0.xsd">
	<Description>
		<MeasurementUnit>pixel</MeasurementUnit>
		<sourceImageInformation>
			<fileName>/tmp/tess_rm3c7ejf_input.PNG</fileName>
		</sourceImageInformation>
		<OCRProcessing ID="OCR_0">
			<ocrProcessingStep>
				<processingSoftware>
					<softwareName>tesseract 5.3.4</softwareName>
				</processingSoftware>
			</ocrProcessingStep>
		</OCRProcessing>
	</Description>
	<Layout>
		<Page WIDTH="992" HEIGHT="1725" PHYSICAL_IMG_NR="0" ID="page_0">
			<PrintSpace HPOS="0" VPOS="0" WIDTH="992" HEIGHT="1725">
				<ComposedBlock ID="cblock_0" HPOS="763" VPOS="127" WIDTH="41" HEIGHT="20">
					<TextBlock ID="block_0" HPOS="763" VPOS="127" WIDTH="41" HEIGHT="20">
						<TextLine ID="line_0" HPOS="763" VPOS="127" WIDTH="41" HEIGHT="20">
							<String ID="string_0" HPOS="763" VPOS="127" WIDTH="41" HEIGHT="20" WC="0.88" CONTENT="473"/>
						</TextLine>
					</TextBlock>
				</ComposedBlock>
				<ComposedBlock ID="cblock_1" HPOS="78" VPOS="189" WIDTH="756" HEIGHT="1307">
					<TextBlock ID="block_1" HPOS="80" VPOS="189" WIDTH="753" HEIGHT="536">
						<TextLine ID="line_1" HPOS="80" VPOS="189" WIDTH="752" HEIGHT="29">
							<String ID="string_1" HPOS="80" VPOS="189" WIDTH="181" HEIGHT="29" WC="0.92" CONTENT="Isokukkolampi"/><SP WIDTH="15" VPOS="189" HPOS="261"/>
							<String ID="string_2" HPOS="276" VPOS="190" WIDTH="48" HEIGHT="21" WC="0.96" CONTENT="icke"/><SP WIDTH="16" VPOS="190" HPOS="324"/>
							<String ID="string_3" HPOS="340" VPOS="197" WIDTH="44" HEIGHT="13" WC="0.95" CONTENT="mer"/><SP WIDTH="19" VPOS="197" HPOS="384"/>
							<String ID="string_4" HPOS="403" VPOS="190" WIDTH="27" HEIGHT="20" WC="0.95" CONTENT="än"/><SP WIDTH="21" VPOS="190" HPOS="430"/>
							<String ID="string_5" HPOS="451" VPOS="190" WIDTH="36" HEIGHT="20" WC="0.96" CONTENT="vid"/><SP WIDTH="16" VPOS="190" HPOS="487"/>
							<String ID="string_6" HPOS="503" VPOS="197" WIDTH="50" HEIGHT="20" WC="0.96" CONTENT="pass"/><SP WIDTH="20" VPOS="197" HPOS="553"/>
							<String ID="string_7" HPOS="573" VPOS="198" WIDTH="26" HEIGHT="13" WC="0.96" CONTENT="en"/><SP WIDTH="16" VPOS="198" HPOS="599"/>
							<String ID="string_8" HPOS="615" VPOS="190" WIDTH="53" HEIGHT="28" WC="0.93" CONTENT="rysk"/><SP WIDTH="16" VPOS="190" HPOS="668"/>
							<String ID="string_9" HPOS="684" VPOS="193" WIDTH="68" HEIGHT="22" WC="0.91" CONTENT="verst;"/><SP WIDTH="16" VPOS="193" HPOS="752"/>
							<String ID="string_10" HPOS="768" VPOS="190" WIDTH="41" HEIGHT="21" WC="0.96" CONTENT="och"/><SP WIDTH="16" VPOS="190" HPOS="809"/>
							<String ID="string_11" HPOS="825" VPOS="190" WIDTH="7" HEIGHT="21" WC="0.96" CONTENT="i"/>
						</TextLine>
						<TextLine ID="line_2" HPOS="81" VPOS="222" WIDTH="751" HEIGHT="30">
							<String ID="string_12" HPOS="81" VPOS="224" WIDTH="42" HEIGHT="22" WC="0.96" CONTENT="den"/><SP WIDTH="15" VPOS="224" HPOS="123"/>
							<String ID="string_13" HPOS="138" VPOS="224" WIDTH="102" HEIGHT="22" WC="0.96" CONTENT="händelse"/><SP WIDTH="16" VPOS="224" HPOS="240"/>
							<String ID="string_14" HPOS="256" VPOS="227" WIDTH="31" HEIGHT="18" WC="0.93" CONTENT="att"/><SP WIDTH="15" VPOS="227" HPOS="287"/>
							<String ID="string_15" HPOS="302" VPOS="223" WIDTH="157" HEIGHT="29" WC="0.91" CONTENT="Leädenpohja"/><SP WIDTH="13" VPOS="223" HPOS="459"/>
							<String ID="string_16" HPOS="472" VPOS="222" WIDTH="106" HEIGHT="23" WC="0.91" CONTENT="befunnes"/><SP WIDTH="17" VPOS="222" HPOS="578"/>
							<String ID="string_17" HPOS="595" VPOS="224" WIDTH="92" HEIGHT="26" WC="0.92" CONTENT="ofarbar,"/><SP WIDTH="16" VPOS="224" HPOS="687"/>
							<String ID="string_18" HPOS="703" VPOS="224" WIDTH="64" HEIGHT="28" WC="0.96" CONTENT="utgör"/><SP WIDTH="15" VPOS="224" HPOS="767"/>
							<String ID="string_19" HPOS="782" VPOS="224" WIDTH="7" HEIGHT="21" WC="0.88" CONTENT="i"/><SP WIDTH="11" VPOS="224" HPOS="789"/>
							<String ID="string_20" HPOS="800" VPOS="224" WIDTH="32" HEIGHT="21" WC="0.92" CONTENT="in-"/>
						</TextLine>
						<TextLine ID="line_3" HPOS="82" VPOS="257" WIDTH="750" HEIGHT="30">
							<String ID="string_21" HPOS="82" VPOS="266" WIDTH="42" HEIGHT="21" WC="0.95" CONTENT="gen"/><SP WIDTH="23" VPOS="266" HPOS="124"/>
							<String ID="string_22" HPOS="147" VPOS="258" WIDTH="102" HEIGHT="21" WC="0.93" CONTENT="händelse"/><SP WIDTH="19" VPOS="258" HPOS="249"/>
							<String ID="string_23" HPOS="268" VPOS="257" WIDTH="109" HEIGHT="21" WC="0.91" CONTENT="afståndet"/><SP WIDTH="19" VPOS="257" HPOS="377"/>
							<String ID="string_24" HPOS="396" VPOS="258" WIDTH="78" HEIGHT="21" WC="0.93" CONTENT="mellan"/><SP WIDTH="16" VPOS="258" HPOS="474"/>
							<String ID="string_25" HPOS="490" VPOS="257" WIDTH="181" HEIGHT="29" WC="0.92" CONTENT="Isokukkolampi"/><SP WIDTH="16" VPOS="257" HPOS="671"/>
							<String ID="string_26" HPOS="687" VPOS="258" WIDTH="40" HEIGHT="20" WC="0.93" CONTENT="och"/><SP WIDTH="16" VPOS="258" HPOS="727"/>
							<String ID="string_27" HPOS="743" VPOS="257" WIDTH="89" HEIGHT="22" WC="0.91" CONTENT="Toivesi"/>
						</TextLine>
						<TextLine ID="line_4" HPOS="82" VPOS="291" WIDTH="750" HEIGHT="30">
							<String ID="string_28" HPOS="82" VPOS="293" WIDTH="58" HEIGHT="28" WC="0.96" CONTENT="sjöar"/><SP WIDTH="19" VPOS="293" HPOS="140"/>
							<String ID="string_29" HPOS="159" VPOS="300" WIDTH="45" HEIGHT="13" WC="0.96" CONTENT="mer"/><SP WIDTH="15" VPOS="300" HPOS="204"/>
							<String ID="string_30" HPOS="219" VPOS="293" WIDTH="27" HEIGHT="20" WC="0.96" CONTENT="än"/><SP WIDTH="16" VPOS="293" HPOS="246"/>
							<String ID="string_31" HPOS="262" VPOS="295" WIDTH="32" HEIGHT="18" WC="0.96" CONTENT="tre"/><SP WIDTH="16" VPOS="295" HPOS="294"/>
							<String ID="string_32" HPOS="310" VPOS="294" WIDTH="12" HEIGHT="19" WC="0.65" CONTENT="a"/><SP WIDTH="15" VPOS="294" HPOS="322"/>
							<String ID="string_33" HPOS="337" VPOS="292" WIDTH="48" HEIGHT="28" WC="0.93" CONTENT="fyra"/><SP WIDTH="15" VPOS="292" HPOS="385"/>
							<String ID="string_34" HPOS="400" VPOS="295" WIDTH="65" HEIGHT="18" WC="0.89" CONTENT="verst."/><SP WIDTH="31" VPOS="295" HPOS="465"/>
							<String ID="string_35" HPOS="496" VPOS="291" WIDTH="77" HEIGHT="22" WC="0.72" CONTENT="Skulle"/><SP WIDTH="16" VPOS="291" HPOS="573"/>
							<String ID="string_36" HPOS="589" VPOS="300" WIDTH="28" HEIGHT="13" WC="0.96" CONTENT="nu"/><SP WIDTH="16" VPOS="300" HPOS="617"/>
							<String ID="string_37" HPOS="633" VPOS="300" WIDTH="25" HEIGHT="13" WC="0.96" CONTENT="en"/><SP WIDTH="16" VPOS="300" HPOS="658"/>
							<String ID="string_38" HPOS="674" VPOS="292" WIDTH="64" HEIGHT="21" WC="0.96" CONTENT="kanal"/><SP WIDTH="16" VPOS="292" HPOS="738"/>
							<String ID="string_39" HPOS="754" VPOS="293" WIDTH="78" HEIGHT="20" WC="0.96" CONTENT="mellan"/>
						</TextLine>
						<TextLine ID="line_5" HPOS="83" VPOS="326" WIDTH="750" HEIGHT="29">
							<String ID="string_40" HPOS="83" VPOS="327" WIDTH="64" HEIGHT="21" WC="0.96" CONTENT="dessa"/><SP WIDTH="22" VPOS="327" HPOS="147"/>
							<String ID="string_41" HPOS="169" VPOS="327" WIDTH="57" HEIGHT="28" WC="0.96" CONTENT="sjöar"/><SP WIDTH="22" VPOS="327" HPOS="226"/>
							<String ID="string_42" HPOS="248" VPOS="327" WIDTH="58" HEIGHT="21" WC="0.93" CONTENT="möta"/><SP WIDTH="19" VPOS="327" HPOS="306"/>
							<String ID="string_43" HPOS="325" VPOS="326" WIDTH="141" HEIGHT="28" WC="0.96" CONTENT="svårigheter,"/><SP WIDTH="19" VPOS="326" HPOS="466"/>
							<String ID="string_44" HPOS="485" VPOS="326" WIDTH="102" HEIGHT="29" WC="0.96" CONTENT="antingen"/><SP WIDTH="20" VPOS="326" HPOS="587"/>
							<String ID="string_45" HPOS="607" VPOS="327" WIDTH="34" HEIGHT="20" WC="0.96" CONTENT="för"/><SP WIDTH="14" VPOS="327" HPOS="641"/>
							<String ID="string_46" HPOS="655" VPOS="327" WIDTH="41" HEIGHT="20" WC="0.92" CONTENT="den"/><SP WIDTH="15" VPOS="327" HPOS="696"/>
							<String ID="string_47" HPOS="711" VPOS="327" WIDTH="122" HEIGHT="28" WC="0.92" CONTENT="mellanlig-"/>
						</TextLine>
						<TextLine ID="line_6" HPOS="82" VPOS="360" WIDTH="751" HEIGHT="29">
							<String ID="string_48" HPOS="82" VPOS="361" WIDTH="80" HEIGHT="28" WC="0.95" CONTENT="gande,"/><SP WIDTH="23" VPOS="361" HPOS="162"/>
							<String ID="string_49" HPOS="185" VPOS="368" WIDTH="26" HEIGHT="13" WC="0.90" CONTENT="en"/><SP WIDTH="19" VPOS="368" HPOS="211"/>
							<String ID="string_50" HPOS="230" VPOS="364" WIDTH="60" HEIGHT="18" WC="0.90" CONTENT="verst"/><SP WIDTH="19" VPOS="364" HPOS="290"/>
							<String ID="string_51" HPOS="309" VPOS="360" WIDTH="64" HEIGHT="22" WC="0.93" CONTENT="breda"/><SP WIDTH="15" VPOS="360" HPOS="373"/>
							<String ID="string_52" HPOS="388" VPOS="360" WIDTH="156" HEIGHT="29" WC="0.91" CONTENT="landtryggen,"/><SP WIDTH="24" VPOS="360" HPOS="544"/>
							<String ID="string_53" HPOS="568" VPOS="361" WIDTH="52" HEIGHT="21" WC="0.93" CONTENT="eller"/><SP WIDTH="15" VPOS="361" HPOS="620"/>
							<String ID="string_54" HPOS="635" VPOS="361" WIDTH="85" HEIGHT="21" WC="0.91" CONTENT="derföre"/><SP WIDTH="15" VPOS="361" HPOS="720"/>
							<String ID="string_55" HPOS="735" VPOS="364" WIDTH="32" HEIGHT="18" WC="0.93" CONTENT="att"/><SP WIDTH="15" VPOS="364" HPOS="767"/>
							<String ID="string_56" HPOS="782" VPOS="361" WIDTH="51" HEIGHT="21" WC="0.91" CONTENT="Toi-"/>
						</TextLine>
						<TextLine ID="line_7" HPOS="84" VPOS="395" WIDTH="748" HEIGHT="28">
							<String ID="string_57" HPOS="84" VPOS="395" WIDTH="45" HEIGHT="22" WC="0.91" CONTENT="vesi"/><SP WIDTH="19" VPOS="395" HPOS="129"/>
							<String ID="string_58" HPOS="148" VPOS="395" WIDTH="71" HEIGHT="28" WC="0.93" CONTENT="ligger"/><SP WIDTH="18" VPOS="395" HPOS="219"/>
							<String ID="string_59" HPOS="237" VPOS="395" WIDTH="235" HEIGHT="21" WC="0.91" CONTENT="trehundratrettiofem"/><SP WIDTH="20" VPOS="395" HPOS="472"/>
							<String ID="string_60" HPOS="492" VPOS="395" WIDTH="32" HEIGHT="21" WC="0.96" CONTENT="fot"/><SP WIDTH="15" VPOS="395" HPOS="524"/>
							<String ID="string_61" HPOS="539" VPOS="395" WIDTH="63" HEIGHT="22" WC="0.96" CONTENT="öfver"/><SP WIDTH="15" VPOS="395" HPOS="602"/>
							<String ID="string_62" HPOS="617" VPOS="395" WIDTH="74" HEIGHT="21" WC="0.96" CONTENT="hafvet"/><SP WIDTH="14" VPOS="395" HPOS="691"/>
							<String ID="string_63" HPOS="705" VPOS="395" WIDTH="41" HEIGHT="21" WC="0.96" CONTENT="och"/><SP WIDTH="16" VPOS="395" HPOS="746"/>
							<String ID="string_64" HPOS="762" VPOS="395" WIDTH="70" HEIGHT="22" WC="0.96" CONTENT="skulle"/>
						</TextLine>
						<TextLine ID="line_8" HPOS="83" VPOS="429" WIDTH="749" HEIGHT="30">
							<String ID="string_65" HPOS="83" VPOS="429" WIDTH="97" HEIGHT="22" WC="0.90" CONTENT="erfordra"/><SP WIDTH="22" VPOS="429" HPOS="180"/>
							<String ID="string_66" HPOS="202" VPOS="429" WIDTH="130" HEIGHT="21" WC="0.96" CONTENT="kostsamma"/><SP WIDTH="18" VPOS="429" HPOS="332"/>
							<String ID="string_67" HPOS="350" VPOS="429" WIDTH="91" HEIGHT="26" WC="0.96" CONTENT="slussar;"/><SP WIDTH="21" VPOS="429" HPOS="441"/>
							<String ID="string_68" HPOS="462" VPOS="429" WIDTH="24" HEIGHT="21" WC="0.96" CONTENT="så"/><SP WIDTH="18" VPOS="429" HPOS="486"/>
							<String ID="string_69" HPOS="504" VPOS="429" WIDTH="92" HEIGHT="22" WC="0.96" CONTENT="återstår"/><SP WIDTH="19" VPOS="429" HPOS="596"/>
							<String ID="string_70" HPOS="615" VPOS="429" WIDTH="62" HEIGHT="22" WC="0.96" CONTENT="alltid"/><SP WIDTH="14" VPOS="429" HPOS="677"/>
							<String ID="string_71" HPOS="691" VPOS="429" WIDTH="141" HEIGHT="30" WC="0.96" CONTENT="möjligheten"/>
						</TextLine>
						<TextLine ID="line_9" HPOS="84" VPOS="463" WIDTH="747" HEIGHT="30">
							<String ID="string_72" HPOS="84" VPOS="464" WIDTH="24" HEIGHT="21" WC="0.96" CONTENT="af"/><SP WIDTH="18" VPOS="464" HPOS="108"/>
							<String ID="string_73" HPOS="126" VPOS="471" WIDTH="27" HEIGHT="14" WC="0.93" CONTENT="en"/><SP WIDTH="23" VPOS="471" HPOS="153"/>
							<String ID="string_74" HPOS="176" VPOS="463" WIDTH="104" HEIGHT="22" WC="0.93" CONTENT="hästbana"/><SP WIDTH="18" VPOS="463" HPOS="280"/>
							<String ID="string_75" HPOS="298" VPOS="463" WIDTH="28" HEIGHT="28" WC="0.96" CONTENT="på"/><SP WIDTH="18" VPOS="463" HPOS="326"/>
							<String ID="string_76" HPOS="344" VPOS="463" WIDTH="79" HEIGHT="22" WC="0.96" CONTENT="skenor"/><SP WIDTH="18" VPOS="463" HPOS="423"/>
							<String ID="string_77" HPOS="441" VPOS="471" WIDTH="78" HEIGHT="20" WC="0.93" CONTENT="genom"/><SP WIDTH="15" VPOS="471" HPOS="519"/>
							<String ID="string_78" HPOS="534" VPOS="463" WIDTH="156" HEIGHT="29" WC="0.92" CONTENT="landtryggens"/><SP WIDTH="15" VPOS="463" HPOS="690"/>
							<String ID="string_79" HPOS="705" VPOS="463" WIDTH="126" HEIGHT="30" WC="0.96" CONTENT="dalgångar,"/>
						</TextLine>
						<TextLine ID="line_10" HPOS="84" VPOS="497" WIDTH="747" HEIGHT="30">
							<String ID="string_80" HPOS="84" VPOS="498" WIDTH="38" HEIGHT="21" WC="0.96" CONTENT="der"/><SP WIDTH="14" VPOS="498" HPOS="122"/>
							<String ID="string_81" HPOS="136" VPOS="506" WIDTH="29" HEIGHT="13" WC="0.96" CONTENT="nu"/><SP WIDTH="17" VPOS="506" HPOS="165"/>
							<String ID="string_82" HPOS="182" VPOS="498" WIDTH="106" HEIGHT="21" WC="0.96" CONTENT="allmänna"/><SP WIDTH="14" VPOS="498" HPOS="288"/>
							<String ID="string_83" HPOS="302" VPOS="497" WIDTH="144" HEIGHT="29" WC="0.96" CONTENT="landsvägen,"/><SP WIDTH="20" VPOS="497" HPOS="446"/>
							<String ID="string_84" HPOS="466" VPOS="500" WIDTH="50" HEIGHT="19" WC="0.96" CONTENT="utan"/><SP WIDTH="15" VPOS="500" HPOS="516"/>
							<String ID="string_85" HPOS="531" VPOS="498" WIDTH="69" HEIGHT="21" WC="0.96" CONTENT="större"/><SP WIDTH="17" VPOS="498" HPOS="600"/>
							<String ID="string_86" HPOS="617" VPOS="498" WIDTH="77" HEIGHT="27" WC="0.96" CONTENT="backe,"/><SP WIDTH="15" VPOS="498" HPOS="694"/>
							<String ID="string_87" HPOS="709" VPOS="498" WIDTH="40" HEIGHT="29" WC="0.96" CONTENT="går"/><SP WIDTH="14" VPOS="498" HPOS="749"/>
							<String ID="string_88" HPOS="763" VPOS="499" WIDTH="68" HEIGHT="20" WC="0.96" CONTENT="öfver."/>
						</TextLine>
						<TextLine ID="line_11" HPOS="84" VPOS="531" WIDTH="748" HEIGHT="30">
							<String ID="string_89" HPOS="84" VPOS="531" WIDTH="85" HEIGHT="23" WC="0.96" CONTENT="Genom"/><SP WIDTH="15" VPOS="531" HPOS="169"/>
							<String ID="string_90" HPOS="184" VPOS="540" WIDTH="26" HEIGHT="13" WC="0.96" CONTENT="en"/><SP WIDTH="16" VPOS="540" HPOS="210"/>
							<String ID="string_91" HPOS="226" VPOS="531" WIDTH="67" HEIGHT="22" WC="0.96" CONTENT="sådan"/><SP WIDTH="16" VPOS="531" HPOS="293"/>
							<String ID="string_92" HPOS="309" VPOS="531" WIDTH="142" HEIGHT="28" WC="0.96" CONTENT="förbindelse,"/><SP WIDTH="16" VPOS="531" HPOS="451"/>
							<String ID="string_93" HPOS="467" VPOS="532" WIDTH="41" HEIGHT="21" WC="0.93" CONTENT="och"/><SP WIDTH="15" VPOS="532" HPOS="508"/>
							<String ID="string_94" HPOS="523" VPOS="532" WIDTH="72" HEIGHT="21" WC="0.92" CONTENT="derest"/><SP WIDTH="15" VPOS="532" HPOS="595"/>
							<String ID="string_95" HPOS="610" VPOS="532" WIDTH="67" HEIGHT="29" WC="0.96" CONTENT="några"/><SP WIDTH="14" VPOS="532" HPOS="677"/>
							<String ID="string_96" HPOS="691" VPOS="532" WIDTH="27" HEIGHT="21" WC="0.93" CONTENT="de"/><SP WIDTH="12" VPOS="532" HPOS="718"/>
							<String ID="string_97" HPOS="730" VPOS="532" WIDTH="102" HEIGHT="21" WC="0.92" CONTENT="hinderli-"/>
						</TextLine>
						<TextLine ID="line_12" HPOS="83" VPOS="566" WIDTH="748" HEIGHT="29">
							<String ID="string_98" HPOS="83" VPOS="569" WIDTH="61" HEIGHT="26" WC="0.92" CONTENT="gaste"/><SP WIDTH="23" VPOS="569" HPOS="144"/>
							<String ID="string_99" HPOS="167" VPOS="567" WIDTH="69" HEIGHT="21" WC="0.96" CONTENT="forsar"/><SP WIDTH="21" VPOS="567" HPOS="236"/>
							<String ID="string_100" HPOS="257" VPOS="566" WIDTH="69" HEIGHT="22" WC="0.92" CONTENT="tillika"/><SP WIDTH="23" VPOS="566" HPOS="326"/>
							<String ID="string_101" HPOS="349" VPOS="567" WIDTH="71" HEIGHT="21" WC="0.92" CONTENT="blefve"/><SP WIDTH="18" VPOS="567" HPOS="420"/>
							<String ID="string_102" HPOS="438" VPOS="566" WIDTH="146" HEIGHT="29" WC="0.92" CONTENT="upprensade,"/><SP WIDTH="20" VPOS="566" HPOS="584"/>
							<String ID="string_103" HPOS="604" VPOS="574" WIDTH="51" HEIGHT="14" WC="0.96" CONTENT="vore"/><SP WIDTH="19" VPOS="574" HPOS="655"/>
							<String ID="string_104" HPOS="674" VPOS="566" WIDTH="93" HEIGHT="28" WC="0.96" CONTENT="således,"/><SP WIDTH="16" VPOS="566" HPOS="767"/>
							<String ID="string_105" HPOS="783" VPOS="567" WIDTH="48" HEIGHT="21" WC="0.96" CONTENT="med"/>
						</TextLine>
						<TextLine ID="line_13" HPOS="83" VPOS="600" WIDTH="748" HEIGHT="30">
							<String ID="string_106" HPOS="83" VPOS="601" WIDTH="109" HEIGHT="21" WC="0.96" CONTENT="sannolikt"/><SP WIDTH="22" VPOS="601" HPOS="192"/>
							<String ID="string_107" HPOS="214" VPOS="601" WIDTH="61" HEIGHT="29" WC="0.96" CONTENT="ringa"/><SP WIDTH="21" VPOS="601" HPOS="275"/>
							<String ID="string_108" HPOS="296" VPOS="601" WIDTH="104" HEIGHT="27" WC="0.95" CONTENT="kostnad,"/><SP WIDTH="21" VPOS="601" HPOS="400"/>
							<String ID="string_109" HPOS="421" VPOS="608" WIDTH="26" HEIGHT="14" WC="0.95" CONTENT="en"/><SP WIDTH="23" VPOS="608" HPOS="447"/>
							<String ID="string_110" HPOS="470" VPOS="609" WIDTH="29" HEIGHT="21" WC="0.96" CONTENT="ny"/><SP WIDTH="23" VPOS="609" HPOS="499"/>
							<String ID="string_111" HPOS="522" VPOS="601" WIDTH="41" HEIGHT="21" WC="0.93" CONTENT="och"/><SP WIDTH="16" VPOS="601" HPOS="563"/>
							<String ID="string_112" HPOS="579" VPOS="601" WIDTH="80" HEIGHT="28" WC="0.92" CONTENT="jemväl"/><SP WIDTH="20" VPOS="601" HPOS="659"/>
							<String ID="string_113" HPOS="679" VPOS="601" WIDTH="33" HEIGHT="21" WC="0.96" CONTENT="för"/><SP WIDTH="18" VPOS="601" HPOS="712"/>
							<String ID="string_114" HPOS="730" VPOS="600" WIDTH="37" HEIGHT="22" WC="0.96" CONTENT="det"/><SP WIDTH="18" VPOS="600" HPOS="767"/>
							<String ID="string_115" HPOS="785" VPOS="601" WIDTH="46" HEIGHT="21" WC="0.96" CONTENT="inre"/>
						</TextLine>
						<TextLine ID="line_14" HPOS="83" VPOS="634" WIDTH="747" HEIGHT="30">
							<String ID="string_116" HPOS="83" VPOS="635" WIDTH="73" HEIGHT="21" WC="0.96" CONTENT="landet"/><SP WIDTH="19" VPOS="635" HPOS="156"/>
							<String ID="string_117" HPOS="175" VPOS="635" WIDTH="65" HEIGHT="29" WC="0.93" CONTENT="högst"/><SP WIDTH="18" VPOS="635" HPOS="240"/>
							<String ID="string_118" HPOS="258" VPOS="635" WIDTH="113" HEIGHT="29" WC="0.92" CONTENT="gagnande"/><SP WIDTH="15" VPOS="635" HPOS="371"/>
							<String ID="string_119" HPOS="386" VPOS="635" WIDTH="235" HEIGHT="22" WC="0.92" CONTENT="kommunikationsled"/><SP WIDTH="16" VPOS="635" HPOS="621"/>
							<String ID="string_120" HPOS="637" VPOS="634" WIDTH="86" HEIGHT="29" WC="0.96" CONTENT="öppnad"/><SP WIDTH="16" VPOS="634" HPOS="723"/>
							<String ID="string_121" HPOS="739" VPOS="635" WIDTH="91" HEIGHT="21" WC="0.96" CONTENT="emellan"/>
						</TextLine>
						<TextLine ID="line_15" HPOS="83" VPOS="665" WIDTH="748" HEIGHT="33">
							<String ID="string_122" HPOS="83" VPOS="669" WIDTH="27" HEIGHT="21" WC="0.92" CONTENT="de"/><SP WIDTH="18" VPOS="669" HPOS="110"/>
							<String ID="string_123" HPOS="128" VPOS="669" WIDTH="127" HEIGHT="22" WC="0.91" CONTENT="nordvestra"/><SP WIDTH="19" VPOS="669" HPOS="255"/>
							<String ID="string_124" HPOS="274" VPOS="670" WIDTH="83" HEIGHT="28" WC="0.92" CONTENT="sjöarne"/><SP WIDTH="18" VPOS="670" HPOS="357"/>
							<String ID="string_125" HPOS="375" VPOS="670" WIDTH="6" HEIGHT="20" WC="0.97" CONTENT="i"/><SP WIDTH="17" VPOS="670" HPOS="381"/>
							<String ID="string_126" HPOS="398" VPOS="669" WIDTH="127" HEIGHT="23" WC="0.96" CONTENT="Satakunda"/><SP WIDTH="15" VPOS="669" HPOS="525"/>
							<String ID="string_127" HPOS="540" VPOS="670" WIDTH="40" HEIGHT="21" WC="0.96" CONTENT="och"/><SP WIDTH="17" VPOS="670" HPOS="580"/>
							<String ID="string_128" HPOS="597" VPOS="669" WIDTH="40" HEIGHT="22" WC="0.96" CONTENT="den"/><SP WIDTH="17" VPOS="669" HPOS="637"/>
							<String ID="string_129" HPOS="654" VPOS="665" WIDTH="177" HEIGHT="25" WC="0.94" CONTENT="Österbottniska"/>
						</TextLine>
						<TextLine ID="line_16" HPOS="83" VPOS="704" WIDTH="84" HEIGHT="21">
							<String ID="string_130" HPOS="83" VPOS="704" WIDTH="84" HEIGHT="21" WC="0.96" CONTENT="kusten."/>
						</TextLine>
					</TextBlock>
					<TextBlock ID="block_2" HPOS="82" VPOS="737" WIDTH="748" HEIGHT="405">
						<TextLine ID="line_17" HPOS="152" VPOS="737" WIDTH="678" HEIGHT="30">
							<String ID="string_131" HPOS="152" VPOS="737" WIDTH="32" HEIGHT="22" WC="0.96" CONTENT="På"/><SP WIDTH="18" VPOS="737" HPOS="184"/>
							<String ID="string_132" HPOS="202" VPOS="738" WIDTH="69" HEIGHT="28" WC="0.96" CONTENT="grund"/><SP WIDTH="19" VPOS="738" HPOS="271"/>
							<String ID="string_133" HPOS="290" VPOS="738" WIDTH="63" HEIGHT="21" WC="0.96" CONTENT="häraf"/><SP WIDTH="16" VPOS="738" HPOS="353"/>
							<String ID="string_134" HPOS="369" VPOS="738" WIDTH="32" HEIGHT="21" WC="0.96" CONTENT="får"/><SP WIDTH="16" VPOS="738" HPOS="401"/>
							<String ID="string_135" HPOS="417" VPOS="738" WIDTH="49" HEIGHT="28" WC="0.93" CONTENT="jag,"/><SP WIDTH="23" VPOS="738" HPOS="466"/>
							<String ID="string_136" HPOS="489" VPOS="738" WIDTH="12" HEIGHT="21" WC="0.89" CONTENT="å"/><SP WIDTH="18" VPOS="738" HPOS="501"/>
							<String ID="string_137" HPOS="519" VPOS="738" WIDTH="58" HEIGHT="22" WC="0.93" CONTENT="mina"/><SP WIDTH="15" VPOS="738" HPOS="577"/>
							<String ID="string_138" HPOS="592" VPOS="738" WIDTH="171" HEIGHT="22" WC="0.92" CONTENT="kommittenters"/><SP WIDTH="15" VPOS="738" HPOS="763"/>
							<String ID="string_139" HPOS="778" VPOS="739" WIDTH="52" HEIGHT="28" WC="0.92" CONTENT="väg-"/>
						</TextLine>
						<TextLine ID="line_18" HPOS="82" VPOS="772" WIDTH="747" HEIGHT="29">
							<String ID="string_140" HPOS="82" VPOS="779" WIDTH="45" HEIGHT="19" WC="0.96" CONTENT="nar,"/><SP WIDTH="19" VPOS="779" HPOS="127"/>
							<String ID="string_141" HPOS="146" VPOS="772" WIDTH="123" HEIGHT="28" WC="0.96" CONTENT="ödmjukast"/><SP WIDTH="19" VPOS="772" HPOS="269"/>
							<String ID="string_142" HPOS="288" VPOS="772" WIDTH="93" HEIGHT="27" WC="0.96" CONTENT="anhålla,"/><SP WIDTH="20" VPOS="772" HPOS="381"/>
							<String ID="string_143" HPOS="401" VPOS="775" WIDTH="32" HEIGHT="18" WC="0.93" CONTENT="att"/><SP WIDTH="15" VPOS="775" HPOS="433"/>
							<String ID="string_144" HPOS="448" VPOS="772" WIDTH="113" HEIGHT="29" WC="0.93" CONTENT="vällofliga"/><SP WIDTH="16" VPOS="772" HPOS="561"/>
							<String ID="string_145" HPOS="577" VPOS="772" WIDTH="177" HEIGHT="29" WC="0.91" CONTENT="borgareståndet"/><SP WIDTH="15" VPOS="772" HPOS="754"/>
							<String ID="string_146" HPOS="769" VPOS="772" WIDTH="60" HEIGHT="27" WC="0.96" CONTENT="ville,"/>
						</TextLine>
						<TextLine ID="line_19" HPOS="83" VPOS="806" WIDTH="746" HEIGHT="29">
							<String ID="string_147" HPOS="83" VPOS="806" WIDTH="71" HEIGHT="21" WC="0.96" CONTENT="såsom"/><SP WIDTH="23" VPOS="806" HPOS="154"/>
							<String ID="string_148" HPOS="177" VPOS="808" WIDTH="31" HEIGHT="19" WC="0.92" CONTENT="ett"/><SP WIDTH="17" VPOS="808" HPOS="208"/>
							<String ID="string_149" HPOS="225" VPOS="806" WIDTH="77" HEIGHT="29" WC="0.96" CONTENT="tillägg"/><SP WIDTH="18" VPOS="806" HPOS="302"/>
							<String ID="string_150" HPOS="320" VPOS="806" WIDTH="33" HEIGHT="21" WC="0.96" CONTENT="till"/><SP WIDTH="18" VPOS="806" HPOS="353"/>
							<String ID="string_151" HPOS="371" VPOS="806" WIDTH="72" HEIGHT="28" WC="0.93" CONTENT="öfriga"/><SP WIDTH="14" VPOS="806" HPOS="443"/>
							<String ID="string_152" HPOS="457" VPOS="806" WIDTH="280" HEIGHT="28" WC="0.91" CONTENT="kommunikationsfrågor,"/><SP WIDTH="12" VPOS="806" HPOS="737"/>
							<String ID="string_153" HPOS="749" VPOS="806" WIDTH="80" HEIGHT="29" WC="0.91" CONTENT="jemväl"/>
						</TextLine>
						<TextLine ID="line_20" HPOS="84" VPOS="840" WIDTH="746" HEIGHT="30">
							<String ID="string_154" HPOS="84" VPOS="840" WIDTH="118" HEIGHT="22" WC="0.96" CONTENT="framställa"/><SP WIDTH="22" VPOS="840" HPOS="202"/>
							<String ID="string_155" HPOS="224" VPOS="840" WIDTH="41" HEIGHT="22" WC="0.96" CONTENT="den"/><SP WIDTH="23" VPOS="840" HPOS="265"/>
							<String ID="string_156" HPOS="288" VPOS="840" WIDTH="92" HEIGHT="28" WC="0.96" CONTENT="önskan,"/><SP WIDTH="20" VPOS="840" HPOS="380"/>
							<String ID="string_157" HPOS="400" VPOS="844" WIDTH="31" HEIGHT="18" WC="0.96" CONTENT="att"/><SP WIDTH="17" VPOS="844" HPOS="431"/>
							<String ID="string_158" HPOS="448" VPOS="848" WIDTH="129" HEIGHT="22" WC="0.96" CONTENT="noggranna"/><SP WIDTH="16" VPOS="848" HPOS="577"/>
							<String ID="string_159" HPOS="593" VPOS="840" WIDTH="187" HEIGHT="29" WC="0.96" CONTENT="undersökningar"/><SP WIDTH="15" VPOS="840" HPOS="780"/>
							<String ID="string_160" HPOS="795" VPOS="840" WIDTH="35" HEIGHT="22" WC="0.96" CONTENT="må"/>
						</TextLine>
						<TextLine ID="line_21" HPOS="84" VPOS="874" WIDTH="745" HEIGHT="29">
							<String ID="string_161" HPOS="84" VPOS="874" WIDTH="103" HEIGHT="21" WC="0.96" CONTENT="anställas"/><SP WIDTH="18" VPOS="874" HPOS="187"/>
							<String ID="string_162" HPOS="205" VPOS="874" WIDTH="49" HEIGHT="22" WC="0.93" CONTENT="icke"/><SP WIDTH="18" VPOS="874" HPOS="254"/>
							<String ID="string_163" HPOS="272" VPOS="875" WIDTH="91" HEIGHT="21" WC="0.91" CONTENT="allenast"/><SP WIDTH="15" VPOS="875" HPOS="363"/>
							<String ID="string_164" HPOS="378" VPOS="882" WIDTH="35" HEIGHT="14" WC="0.96" CONTENT="om"/><SP WIDTH="15" VPOS="882" HPOS="413"/>
							<String ID="string_165" HPOS="428" VPOS="875" WIDTH="140" HEIGHT="28" WC="0.96" CONTENT="möjligheten"/><SP WIDTH="15" VPOS="875" HPOS="568"/>
							<String ID="string_166" HPOS="583" VPOS="878" WIDTH="32" HEIGHT="18" WC="0.92" CONTENT="att"/><SP WIDTH="15" VPOS="878" HPOS="615"/>
							<String ID="string_167" HPOS="630" VPOS="882" WIDTH="106" HEIGHT="21" WC="0.92" CONTENT="upprensa"/><SP WIDTH="14" VPOS="882" HPOS="736"/>
							<String ID="string_168" HPOS="750" VPOS="875" WIDTH="79" HEIGHT="28" WC="0.90" CONTENT="Lappo"/>
						</TextLine>
						<TextLine ID="line_22" HPOS="82" VPOS="909" WIDTH="747" HEIGHT="29">
							<String ID="string_169" HPOS="82" VPOS="909" WIDTH="32" HEIGHT="20" WC="0.96" CONTENT="elf"/><SP WIDTH="13" VPOS="909" HPOS="114"/>
							<String ID="string_170" HPOS="127" VPOS="909" WIDTH="34" HEIGHT="20" WC="0.93" CONTENT="för"/><SP WIDTH="15" VPOS="909" HPOS="161"/>
							<String ID="string_171" HPOS="176" VPOS="909" WIDTH="71" HEIGHT="20" WC="0.91" CONTENT="stock-"/><SP WIDTH="15" VPOS="909" HPOS="247"/>
							<String ID="string_172" HPOS="262" VPOS="909" WIDTH="42" HEIGHT="21" WC="0.93" CONTENT="och"/><SP WIDTH="15" VPOS="909" HPOS="304"/>
							<String ID="string_173" HPOS="319" VPOS="909" WIDTH="143" HEIGHT="29" WC="0.92" CONTENT="tjärflottning"/><SP WIDTH="15" VPOS="909" HPOS="462"/>
							<String ID="string_174" HPOS="477" VPOS="909" WIDTH="48" HEIGHT="22" WC="0.92" CONTENT="med"/><SP WIDTH="16" VPOS="909" HPOS="525"/>
							<String ID="string_175" HPOS="541" VPOS="909" WIDTH="142" HEIGHT="27" WC="0.92" CONTENT="vårfloderna,"/><SP WIDTH="16" VPOS="909" HPOS="683"/>
							<String ID="string_176" HPOS="699" VPOS="912" WIDTH="50" HEIGHT="18" WC="0.96" CONTENT="utan"/><SP WIDTH="16" VPOS="912" HPOS="749"/>
							<String ID="string_177" HPOS="765" VPOS="910" WIDTH="64" HEIGHT="20" WC="0.96" CONTENT="äfven"/>
						</TextLine>
						<TextLine ID="line_23" HPOS="82" VPOS="943" WIDTH="748" HEIGHT="29">
							<String ID="string_178" HPOS="82" VPOS="950" WIDTH="36" HEIGHT="14" WC="0.95" CONTENT="om"/><SP WIDTH="21" VPOS="950" HPOS="118"/>
							<String ID="string_179" HPOS="139" VPOS="943" WIDTH="139" HEIGHT="28" WC="0.88" CONTENT="möjligheten"/><SP WIDTH="23" VPOS="943" HPOS="278"/>
							<String ID="string_180" HPOS="301" VPOS="946" WIDTH="31" HEIGHT="18" WC="0.96" CONTENT="att"/><SP WIDTH="22" VPOS="946" HPOS="332"/>
							<String ID="string_181" HPOS="354" VPOS="951" WIDTH="77" HEIGHT="21" WC="0.96" CONTENT="genom"/><SP WIDTH="23" VPOS="951" HPOS="431"/>
							<String ID="string_182" HPOS="454" VPOS="951" WIDTH="26" HEIGHT="14" WC="0.96" CONTENT="en"/><SP WIDTH="19" VPOS="951" HPOS="480"/>
							<String ID="string_183" HPOS="499" VPOS="944" WIDTH="64" HEIGHT="21" WC="0.96" CONTENT="kanal"/><SP WIDTH="20" VPOS="944" HPOS="563"/>
							<String ID="string_184" HPOS="583" VPOS="943" WIDTH="52" HEIGHT="22" WC="0.92" CONTENT="eller"/><SP WIDTH="18" VPOS="943" HPOS="635"/>
							<String ID="string_185" HPOS="653" VPOS="943" WIDTH="106" HEIGHT="22" WC="0.92" CONTENT="hästbana"/><SP WIDTH="14" VPOS="943" HPOS="759"/>
							<String ID="string_186" HPOS="773" VPOS="945" WIDTH="57" HEIGHT="19" WC="0.96" CONTENT="sätta"/>
						</TextLine>
						<TextLine ID="line_24" HPOS="82" VPOS="977" WIDTH="747" HEIGHT="29">
							<String ID="string_187" HPOS="82" VPOS="977" WIDTH="60" HEIGHT="21" WC="0.96" CONTENT="detta"/><SP WIDTH="23" VPOS="977" HPOS="142"/>
							<String ID="string_188" HPOS="165" VPOS="977" WIDTH="127" HEIGHT="28" WC="0.96" CONTENT="vattendrag"/><SP WIDTH="19" VPOS="977" HPOS="292"/>
							<String ID="string_189" HPOS="311" VPOS="977" WIDTH="7" HEIGHT="21" WC="0.96" CONTENT="i"/><SP WIDTH="20" VPOS="977" HPOS="318"/>
							<String ID="string_190" HPOS="338" VPOS="977" WIDTH="132" HEIGHT="22" WC="0.96" CONTENT="förbindelse"/><SP WIDTH="20" VPOS="977" HPOS="470"/>
							<String ID="string_191" HPOS="490" VPOS="977" WIDTH="48" HEIGHT="22" WC="0.89" CONTENT="med"/><SP WIDTH="19" VPOS="977" HPOS="538"/>
							<String ID="string_192" HPOS="557" VPOS="977" WIDTH="87" HEIGHT="22" WC="0.89" CONTENT="Toivesi"/><SP WIDTH="15" VPOS="977" HPOS="644"/>
							<String ID="string_193" HPOS="659" VPOS="978" WIDTH="43" HEIGHT="28" WC="0.96" CONTENT="sjö,"/><SP WIDTH="15" VPOS="978" HPOS="702"/>
							<String ID="string_194" HPOS="717" VPOS="980" WIDTH="56" HEIGHT="18" WC="0.96" CONTENT="samt"/><SP WIDTH="15" VPOS="980" HPOS="773"/>
							<String ID="string_195" HPOS="788" VPOS="981" WIDTH="41" HEIGHT="23" WC="0.96" CONTENT="att,"/>
						</TextLine>
						<TextLine ID="line_25" HPOS="82" VPOS="1006" WIDTH="748" HEIGHT="34">
							<String ID="string_196" HPOS="82" VPOS="1010" WIDTH="72" HEIGHT="22" WC="0.92" CONTENT="derest"/><SP WIDTH="18" VPOS="1010" HPOS="154"/>
							<String ID="string_197" HPOS="172" VPOS="1011" WIDTH="77" HEIGHT="21" WC="0.96" CONTENT="sådant"/><SP WIDTH="17" VPOS="1011" HPOS="249"/>
							<String ID="string_198" HPOS="266" VPOS="1014" WIDTH="51" HEIGHT="18" WC="0.95" CONTENT="utan"/><SP WIDTH="19" VPOS="1014" HPOS="317"/>
							<String ID="string_199" HPOS="336" VPOS="1011" WIDTH="72" HEIGHT="22" WC="0.96" CONTENT="alltför"/><SP WIDTH="16" VPOS="1011" HPOS="408"/>
							<String ID="string_200" HPOS="424" VPOS="1014" WIDTH="45" HEIGHT="18" WC="0.96" CONTENT="stor"/><SP WIDTH="16" VPOS="1014" HPOS="469"/>
							<String ID="string_201" HPOS="485" VPOS="1006" WIDTH="93" HEIGHT="27" WC="0.96" CONTENT="kostnad"/><SP WIDTH="15" VPOS="1006" HPOS="578"/>
							<String ID="string_202" HPOS="593" VPOS="1012" WIDTH="43" HEIGHT="21" WC="0.96" CONTENT="låte"/><SP WIDTH="15" VPOS="1012" HPOS="636"/>
							<String ID="string_203" HPOS="651" VPOS="1012" WIDTH="34" HEIGHT="28" WC="0.96" CONTENT="sig"/><SP WIDTH="14" VPOS="1012" HPOS="685"/>
							<String ID="string_204" HPOS="699" VPOS="1012" WIDTH="64" HEIGHT="27" WC="0.93" CONTENT="göra,"/><SP WIDTH="16" VPOS="1012" HPOS="763"/>
							<String ID="string_205" HPOS="779" VPOS="1011" WIDTH="51" HEIGHT="21" WC="0.90" CONTENT="den-"/>
						</TextLine>
						<TextLine ID="line_26" HPOS="82" VPOS="1045" WIDTH="747" HEIGHT="30">
							<String ID="string_206" HPOS="82" VPOS="1052" WIDTH="28" HEIGHT="14" WC="0.94" CONTENT="na"/><SP WIDTH="22" VPOS="1052" HPOS="110"/>
							<String ID="string_207" HPOS="132" VPOS="1045" WIDTH="131" HEIGHT="21" WC="0.94" CONTENT="förbindelse"/><SP WIDTH="23" VPOS="1045" HPOS="263"/>
							<String ID="string_208" HPOS="286" VPOS="1045" WIDTH="34" HEIGHT="21" WC="0.93" CONTENT="må"/><SP WIDTH="19" VPOS="1045" HPOS="320"/>
							<String ID="string_209" HPOS="339" VPOS="1045" WIDTH="120" HEIGHT="28" WC="0.92" CONTENT="tillstyrkas"/><SP WIDTH="19" VPOS="1045" HPOS="459"/>
							<String ID="string_210" HPOS="478" VPOS="1046" WIDTH="6" HEIGHT="21" WC="0.96" CONTENT="i"/><SP WIDTH="19" VPOS="1046" HPOS="484"/>
							<String ID="string_211" HPOS="503" VPOS="1046" WIDTH="155" HEIGHT="29" WC="0.95" CONTENT="sammanhang"/><SP WIDTH="15" VPOS="1046" HPOS="658"/>
							<String ID="string_212" HPOS="673" VPOS="1045" WIDTH="48" HEIGHT="22" WC="0.95" CONTENT="med"/><SP WIDTH="16" VPOS="1045" HPOS="721"/>
							<String ID="string_213" HPOS="737" VPOS="1045" WIDTH="92" HEIGHT="28" WC="0.95" CONTENT="öfriga"/><SP WIDTH="-10" VPOS="1045" HPOS="829"/>
							<String ID="string_214" HPOS="819" VPOS="1041" WIDTH="15" HEIGHT="38" WC="0.95" CONTENT="i"/>
						</TextLine>
						<TextLine ID="line_27" HPOS="82" VPOS="1078" WIDTH="747" HEIGHT="30">
							<String ID="string_215" HPOS="82" VPOS="1078" WIDTH="66" HEIGHT="22" WC="0.95" CONTENT="nåder"/><SP WIDTH="15" VPOS="1078" HPOS="148"/>
							<String ID="string_216" HPOS="163" VPOS="1079" WIDTH="122" HEIGHT="28" WC="0.95" CONTENT="föreslagna"/><SP WIDTH="15" VPOS="1079" HPOS="285"/>
							<String ID="string_217" HPOS="300" VPOS="1080" WIDTH="40" HEIGHT="20" WC="0.96" CONTENT="och"/><SP WIDTH="16" VPOS="1080" HPOS="340"/>
							<String ID="string_218" HPOS="356" VPOS="1079" WIDTH="33" HEIGHT="21" WC="0.95" CONTENT="till"/><SP WIDTH="12" VPOS="1079" HPOS="389"/>
							<String ID="string_219" HPOS="401" VPOS="1079" WIDTH="127" HEIGHT="22" WC="0.93" CONTENT="ständernas"/><SP WIDTH="12" VPOS="1079" HPOS="528"/>
							<String ID="string_220" HPOS="540" VPOS="1080" WIDTH="167" HEIGHT="28" WC="0.90" CONTENT="öfverläggning"/><SP WIDTH="12" VPOS="1080" HPOS="707"/>
							<String ID="string_221" HPOS="719" VPOS="1079" WIDTH="110" HEIGHT="28" WC="0.92" CONTENT="hänskjut-"/>
						</TextLine>
						<TextLine ID="line_28" HPOS="82" VPOS="1113" WIDTH="402" HEIGHT="29">
							<String ID="string_222" HPOS="82" VPOS="1120" WIDTH="28" HEIGHT="14" WC="0.93" CONTENT="na"/><SP WIDTH="16" VPOS="1120" HPOS="110"/>
							<String ID="string_223" HPOS="126" VPOS="1113" WIDTH="358" HEIGHT="29" WC="0.89" CONTENT="kommunikationsförbättringar."/>
						</TextLine>
					</TextBlock>
					<TextBlock ID="block_3" HPOS="184" VPOS="1147" WIDTH="578" HEIGHT="25">
						<TextLine ID="line_29" HPOS="184" VPOS="1147" WIDTH="578" HEIGHT="25">
							<String ID="string_224" HPOS="184" VPOS="1169" WIDTH="2" HEIGHT="2" WC="0.24" CONTENT=":"/><SP WIDTH="359" VPOS="1169" HPOS="186"/>
							<String ID="string_225" HPOS="545" VPOS="1147" WIDTH="51" HEIGHT="24" WC="0.93" CONTENT="Carl"/><SP WIDTH="16" VPOS="1147" HPOS="596"/>
							<String ID="string_226" HPOS="612" VPOS="1148" WIDTH="150" HEIGHT="24" WC="0.91" CONTENT="Grundfeldt.”"/>
						</TextLine>
					</TextBlock>
					<TextBlock ID="block_4" HPOS="80" VPOS="1188" WIDTH="751" HEIGHT="63">
						<TextLine ID="line_30" HPOS="150" VPOS="1188" WIDTH="681" HEIGHT="30">
							<String ID="string_227" HPOS="150" VPOS="1188" WIDTH="91" HEIGHT="22" WC="0.92" CONTENT="Ståndet"/><SP WIDTH="19" VPOS="1188" HPOS="241"/>
							<String ID="string_228" HPOS="260" VPOS="1188" WIDTH="80" HEIGHT="28" WC="0.96" CONTENT="beslöt,"/><SP WIDTH="19" VPOS="1188" HPOS="340"/>
							<String ID="string_229" HPOS="359" VPOS="1189" WIDTH="28" HEIGHT="28" WC="0.96" CONTENT="på"/><SP WIDTH="18" VPOS="1189" HPOS="387"/>
							<String ID="string_230" HPOS="405" VPOS="1189" WIDTH="74" HEIGHT="21" WC="0.96" CONTENT="derom"/><SP WIDTH="20" VPOS="1189" HPOS="479"/>
							<String ID="string_231" HPOS="499" VPOS="1189" WIDTH="119" HEIGHT="21" WC="0.95" CONTENT="framställd"/><SP WIDTH="19" VPOS="1189" HPOS="618"/>
							<String ID="string_232" HPOS="637" VPOS="1189" WIDTH="146" HEIGHT="29" WC="0.95" CONTENT="proposition,"/><SP WIDTH="17" VPOS="1189" HPOS="783"/>
							<String ID="string_233" HPOS="800" VPOS="1191" WIDTH="31" HEIGHT="18" WC="0.96" CONTENT="att"/>
						</TextLine>
						<TextLine ID="line_31" HPOS="80" VPOS="1222" WIDTH="677" HEIGHT="29">
							<String ID="string_234" HPOS="80" VPOS="1222" WIDTH="109" HEIGHT="22" WC="0.96" CONTENT="remittera"/><SP WIDTH="15" VPOS="1222" HPOS="189"/>
							<String ID="string_235" HPOS="204" VPOS="1222" WIDTH="68" HEIGHT="22" WC="0.96" CONTENT="denna"/><SP WIDTH="16" VPOS="1222" HPOS="272"/>
							<String ID="string_236" HPOS="288" VPOS="1222" WIDTH="89" HEIGHT="29" WC="0.96" CONTENT="petition"/><SP WIDTH="16" VPOS="1222" HPOS="377"/>
							<String ID="string_237" HPOS="393" VPOS="1223" WIDTH="33" HEIGHT="21" WC="0.96" CONTENT="till"/><SP WIDTH="16" VPOS="1223" HPOS="426"/>
							<String ID="string_238" HPOS="442" VPOS="1224" WIDTH="99" HEIGHT="21" WC="0.92" CONTENT="enskilda"/><SP WIDTH="15" VPOS="1224" HPOS="541"/>
							<String ID="string_239" HPOS="556" VPOS="1224" WIDTH="201" HEIGHT="22" WC="0.91" CONTENT="besvärsutskottet."/>
						</TextLine>
					</TextBlock>
					<TextBlock ID="block_5" HPOS="78" VPOS="1261" WIDTH="756" HEIGHT="201">
						<TextLine ID="line_32" HPOS="148" VPOS="1261" WIDTH="683" HEIGHT="29">
							<String ID="string_240" HPOS="148" VPOS="1261" WIDTH="58" HEIGHT="22" WC="0.95" CONTENT="Herr"/><SP WIDTH="14" VPOS="1261" HPOS="206"/>
							<String ID="string_241" HPOS="220" VPOS="1262" WIDTH="150" HEIGHT="21" WC="0.95" CONTENT="talmannen"/><SP WIDTH="16" VPOS="1262" HPOS="370"/>
							<String ID="string_242" HPOS="386" VPOS="1262" WIDTH="135" HEIGHT="22" WC="0.95" CONTENT="framställde"/><SP WIDTH="16" VPOS="1262" HPOS="521"/>
							<String ID="string_243" HPOS="537" VPOS="1266" WIDTH="40" HEIGHT="24" WC="0.96" CONTENT="att,"/><SP WIDTH="17" VPOS="1266" HPOS="577"/>
							<String ID="string_244" HPOS="594" VPOS="1264" WIDTH="51" HEIGHT="20" WC="0.96" CONTENT="enär"/><SP WIDTH="15" VPOS="1264" HPOS="645"/>
							<String ID="string_245" HPOS="660" VPOS="1263" WIDTH="27" HEIGHT="21" WC="0.96" CONTENT="de"/><SP WIDTH="13" VPOS="1263" HPOS="687"/>
							<String ID="string_246" HPOS="700" VPOS="1263" WIDTH="21" HEIGHT="20" WC="0.93" CONTENT="af"/><SP WIDTH="12" VPOS="1263" HPOS="721"/>
							<String ID="string_247" HPOS="733" VPOS="1262" WIDTH="98" HEIGHT="21" WC="0.91" CONTENT="städerne"/>
						</TextLine>
						<TextLine ID="line_33" HPOS="80" VPOS="1296" WIDTH="754" HEIGHT="23">
							<String ID="string_248" HPOS="80" VPOS="1296" WIDTH="6" HEIGHT="20" WC="0.96" CONTENT="i"/><SP WIDTH="23" VPOS="1296" HPOS="86"/>
							<String ID="string_249" HPOS="109" VPOS="1296" WIDTH="74" HEIGHT="21" WC="0.93" CONTENT="landet"/><SP WIDTH="21" VPOS="1296" HPOS="183"/>
							<String ID="string_250" HPOS="204" VPOS="1296" WIDTH="140" HEIGHT="22" WC="0.91" CONTENT="härförinnan"/><SP WIDTH="22" VPOS="1296" HPOS="344"/>
							<String ID="string_251" HPOS="366" VPOS="1296" WIDTH="125" HEIGHT="22" WC="0.95" CONTENT="levererade"/><SP WIDTH="23" VPOS="1296" HPOS="491"/>
							<String ID="string_252" HPOS="514" VPOS="1297" WIDTH="69" HEIGHT="21" WC="0.96" CONTENT="medel"/><SP WIDTH="20" VPOS="1297" HPOS="583"/>
							<String ID="string_253" HPOS="603" VPOS="1298" WIDTH="34" HEIGHT="21" WC="0.96" CONTENT="för"/><SP WIDTH="20" VPOS="1298" HPOS="637"/>
							<String ID="string_254" HPOS="657" VPOS="1296" WIDTH="137" HEIGHT="22" WC="0.96" CONTENT="bestridande"/><SP WIDTH="17" VPOS="1296" HPOS="794"/>
							<String ID="string_255" HPOS="811" VPOS="1297" WIDTH="23" HEIGHT="20" WC="0.96" CONTENT="af"/>
						</TextLine>
						<TextLine ID="line_34" HPOS="79" VPOS="1330" WIDTH="752" HEIGHT="29">
							<String ID="string_256" HPOS="79" VPOS="1330" WIDTH="95" HEIGHT="21" WC="0.92" CONTENT="ståndets"/><SP WIDTH="24" VPOS="1330" HPOS="174"/>
							<String ID="string_257" HPOS="198" VPOS="1338" WIDTH="157" HEIGHT="20" WC="0.96" CONTENT="gemensamma"/><SP WIDTH="22" VPOS="1338" HPOS="355"/>
							<String ID="string_258" HPOS="377" VPOS="1332" WIDTH="89" HEIGHT="27" WC="0.93" CONTENT="utgifter"/><SP WIDTH="24" VPOS="1332" HPOS="466"/>
							<String ID="string_259" HPOS="490" VPOS="1332" WIDTH="84" HEIGHT="20" WC="0.93" CONTENT="komme"/><SP WIDTH="23" VPOS="1332" HPOS="574"/>
							<String ID="string_260" HPOS="597" VPOS="1335" WIDTH="31" HEIGHT="17" WC="0.96" CONTENT="att"/><SP WIDTH="19" VPOS="1335" HPOS="628"/>
							<String ID="string_261" HPOS="647" VPOS="1332" WIDTH="7" HEIGHT="20" WC="0.96" CONTENT="i"/><SP WIDTH="15" VPOS="1332" HPOS="654"/>
							<String ID="string_262" HPOS="669" VPOS="1331" WIDTH="37" HEIGHT="21" WC="0.96" CONTENT="det"/><SP WIDTH="19" VPOS="1331" HPOS="706"/>
							<String ID="string_263" HPOS="725" VPOS="1332" WIDTH="106" HEIGHT="20" WC="0.96" CONTENT="närmaste"/>
						</TextLine>
						<TextLine ID="line_35" HPOS="78" VPOS="1363" WIDTH="751" HEIGHT="30">
							<String ID="string_264" HPOS="78" VPOS="1364" WIDTH="51" HEIGHT="28" WC="0.91" CONTENT="åtgå"/><SP WIDTH="23" VPOS="1364" HPOS="129"/>
							<String ID="string_265" HPOS="152" VPOS="1364" WIDTH="32" HEIGHT="21" WC="0.96" CONTENT="till"/><SP WIDTH="18" VPOS="1364" HPOS="184"/>
							<String ID="string_266" HPOS="202" VPOS="1364" WIDTH="27" HEIGHT="21" WC="0.96" CONTENT="de"/><SP WIDTH="19" VPOS="1364" HPOS="229"/>
							<String ID="string_267" HPOS="248" VPOS="1364" WIDTH="166" HEIGHT="29" WC="0.96" CONTENT="utbetalningar,"/><SP WIDTH="16" VPOS="1364" HPOS="414"/>
							<String ID="string_268" HPOS="430" VPOS="1372" WIDTH="47" HEIGHT="14" WC="0.96" CONTENT="som"/><SP WIDTH="17" VPOS="1372" HPOS="477"/>
							<String ID="string_269" HPOS="494" VPOS="1366" WIDTH="55" HEIGHT="21" WC="0.96" CONTENT="ännu"/><SP WIDTH="17" VPOS="1366" HPOS="549"/>
							<String ID="string_270" HPOS="566" VPOS="1365" WIDTH="67" HEIGHT="21" WC="0.96" CONTENT="under"/><SP WIDTH="15" VPOS="1365" HPOS="633"/>
							<String ID="string_271" HPOS="648" VPOS="1366" WIDTH="45" HEIGHT="20" WC="0.93" CONTENT="året"/><SP WIDTH="17" VPOS="1366" HPOS="693"/>
							<String ID="string_272" HPOS="710" VPOS="1363" WIDTH="119" HEIGHT="27" WC="0.92" CONTENT="förestode,"/>
						</TextLine>
						<TextLine ID="line_36" HPOS="78" VPOS="1398" WIDTH="753" HEIGHT="28">
							<String ID="string_273" HPOS="78" VPOS="1405" WIDTH="30" HEIGHT="21" WC="0.93" CONTENT="ny"/><SP WIDTH="15" VPOS="1405" HPOS="108"/>
							<String ID="string_274" HPOS="123" VPOS="1398" WIDTH="124" HEIGHT="28" WC="0.92" CONTENT="uttaxering"/><SP WIDTH="15" VPOS="1398" HPOS="247"/>
							<String ID="string_275" HPOS="262" VPOS="1399" WIDTH="34" HEIGHT="21" WC="0.93" CONTENT="för"/><SP WIDTH="16" VPOS="1399" HPOS="296"/>
							<String ID="string_276" HPOS="312" VPOS="1399" WIDTH="138" HEIGHT="21" WC="0.92" CONTENT="omförmälta"/><SP WIDTH="15" VPOS="1399" HPOS="450"/>
							<String ID="string_277" HPOS="465" VPOS="1399" WIDTH="99" HEIGHT="21" WC="0.96" CONTENT="ändamål"/><SP WIDTH="17" VPOS="1399" HPOS="564"/>
							<String ID="string_278" HPOS="581" VPOS="1399" WIDTH="66" HEIGHT="21" WC="0.97" CONTENT="borde"/><SP WIDTH="16" VPOS="1399" HPOS="647"/>
							<String ID="string_279" HPOS="663" VPOS="1399" WIDTH="48" HEIGHT="26" WC="0.93" CONTENT="ske;"/><SP WIDTH="16" VPOS="1399" HPOS="711"/>
							<String ID="string_280" HPOS="727" VPOS="1398" WIDTH="104" HEIGHT="27" WC="0.92" CONTENT="hvarjem-"/>
						</TextLine>
						<TextLine ID="line_37" HPOS="78" VPOS="1431" WIDTH="753" HEIGHT="31">
							<String ID="string_281" HPOS="78" VPOS="1434" WIDTH="21" HEIGHT="19" WC="0.96" CONTENT="te"/><SP WIDTH="22" VPOS="1434" HPOS="99"/>
							<String ID="string_282" HPOS="121" VPOS="1431" WIDTH="49" HEIGHT="22" WC="0.96" CONTENT="herr"/><SP WIDTH="23" VPOS="1431" HPOS="170"/>
							<String ID="string_283" HPOS="193" VPOS="1432" WIDTH="122" HEIGHT="22" WC="0.93" CONTENT="talmannen"/><SP WIDTH="19" VPOS="1432" HPOS="315"/>
							<String ID="string_284" HPOS="334" VPOS="1432" WIDTH="98" HEIGHT="22" WC="0.91" CONTENT="erinrade"/><SP WIDTH="21" VPOS="1432" HPOS="432"/>
							<String ID="string_285" HPOS="453" VPOS="1436" WIDTH="32" HEIGHT="18" WC="0.96" CONTENT="att"/><SP WIDTH="20" VPOS="1436" HPOS="485"/>
							<String ID="string_286" HPOS="505" VPOS="1434" WIDTH="31" HEIGHT="20" WC="0.93" CONTENT="till"/><SP WIDTH="16" VPOS="1434" HPOS="536"/>
							<String ID="string_287" HPOS="552" VPOS="1434" WIDTH="116" HEIGHT="28" WC="0.91" CONTENT="utgifterne"/><SP WIDTH="17" VPOS="1434" HPOS="668"/>
							<String ID="string_288" HPOS="685" VPOS="1433" WIDTH="34" HEIGHT="22" WC="0.93" CONTENT="för"/><SP WIDTH="16" VPOS="1433" HPOS="719"/>
							<String ID="string_289" HPOS="735" VPOS="1431" WIDTH="96" HEIGHT="22" WC="0.92" CONTENT="ståndets"/>
						</TextLine>
					</TextBlock>
					<TextBlock ID="block_6" HPOS="105" VPOS="1466" WIDTH="696" HEIGHT="30">
						<TextLine ID="line_38" HPOS="105" VPOS="1466" WIDTH="696" HEIGHT="30">
							<String ID="string_290" HPOS="105" VPOS="1471" WIDTH="63" HEIGHT="22" WC="0.90" CONTENT="Vällofl."/><SP WIDTH="11" VPOS="1471" HPOS="168"/>
							<String ID="string_291" HPOS="179" VPOS="1473" WIDTH="140" HEIGHT="22" WC="0.92" CONTENT="borgareståndets"/><SP WIDTH="12" VPOS="1473" HPOS="319"/>
							<String ID="string_292" HPOS="331" VPOS="1473" WIDTH="79" HEIGHT="21" WC="0.93" CONTENT="protokoll"/><SP WIDTH="13" VPOS="1473" HPOS="410"/>
							<String ID="string_293" HPOS="423" VPOS="1474" WIDTH="100" HEIGHT="22" WC="0.91" CONTENT="landtdagen"/><SP WIDTH="13" VPOS="1474" HPOS="523"/>
							<String ID="string_294" HPOS="536" VPOS="1473" WIDTH="125" HEIGHT="17" WC="0.92" CONTENT="1863—1864."/><SP WIDTH="115" VPOS="1473" HPOS="661"/>
							<String ID="string_295" HPOS="776" VPOS="1466" WIDTH="25" HEIGHT="21" WC="0.96" CONTENT="31"/>
						</TextLine>
					</TextBlock>
				</ComposedBlock>
				<GraphicalElement ID="cblock_2" HPOS="988" VPOS="727" WIDTH="4" HEIGHT="417"></GraphicalElement >
			</PrintSpace>
		</Page>
	</Layout>
</alto>
