992 1725
755 138 41 22 445

75 211 47 21 gen.
159 201 71 24 Dessa
252 201 160 28 förteckningar
435 201 148 22 åstadkomme
598 200 75 22 endast
688 202 87 28 mycket
791 203 35 21 be-

76 238 56 26 svär,
150 237 99 21 hvarföre
264 236 36 22 det
316 236 76 20 hittills
407 236 18 28 ej
443 235 66 22 heller
524 235 57 21 varit
596 235 97 29 brukligt
711 239 32 18 att
761 237 65 21 hafva

77 272 79 21 sådane
170 271 128 28 uppgjorde.

144 305 58 21 Herr
217 303 27 24 C.F.
252 304 186 29 Grönberg:
462 303 72 22 Sedan
550 304 163 29 förteckningen
730 312 25 14 en
768 306 58 29 gång

79 341 24 20 är
120 339 116 28 upprättad
255 339 40 21 och
315 339 26 20 de
360 339 71 28 gamla
450 338 206 28 förmynderskapen
673 339 72 21 blifvit
759 340 68 21 inför-

80 373 38 28 da,
140 373 102 22 behöfver
261 381 49 13 man
328 373 76 20 endast
422 373 55 20 efter
492 372 55 21 hand
564 373 105 20 anteckna
684 373 27 21 de
726 381 42 21 nya
784 375 43 20 för-

78 406 182 30 mynderskapen,
276 407 41 20 och
332 406 62 21 deras
410 407 58 20 antal
484 414 33 13 om
533 407 46 21 året
594 408 23 19 är
631 407 48 21 icke
694 410 55 18 stort
763 407 64 22 hvar-

80 440 42 23 ken
137 441 7 22 i
160 441 48 22 stad
223 441 51 22 eller
289 441 57 21 inom
363 449 26 13 en
405 440 104 29 domsaga
524 441 28 28 på
566 441 79 20 landet.

148 476 33 21 Af
196 476 49 21 herr
264 473 149 23 talmannen
433 475 144 22 framställdes
597 475 50 21 härå
665 475 93 30 följande
777 484 50 21 pro-

81 511 127 28 positioner:

151 546 39 19 1:o.
220 543 45 23 Vill
281 544 84 21 ståndet
380 543 116 29 godkänna
510 544 41 21 den
567 545 7 20 i
590 545 10 28 &
615 545 12 20 3
638 545 190 22 rådstufvurätter-

80 586 27 14 ne
126 580 7 20 i
152 579 46 21 stad
214 579 40 21 och
270 578 222 29 häradshöfdingarne
508 579 28 27 på
551 579 72 21 landet
637 579 78 29 ålagda
729 580 98 28 skyldig-

82 612 37 22 het
134 616 31 18 att
180 613 56 21 hålla
252 613 159 28 förteckningar
427 614 61 20 öfver
503 613 192 29 förmynderskap?

152 646 76 22 Svaret
246 646 62 22 utföll
327 648 46 20 med
393 648 160 28 öfvervägande
571 648 110 28 pluralitet
694 648 103 28 jakande;
821 648 7 21 i

83 681 54 29 följd
153 682 77 21 hvaraf
242 681 90 22 nämnde
348 682 119 28 stadgande
482 682 25 21 af
518 682 85 21 ständet
618 682 97 28 gillades.

152 717 40 20 2:0.
212 716 56 21 "Vill
286 716 84 21 ståndet
385 716 109 21 remittera
509 718 13 25 8
538 716 12 20 3
566 716 7 20 i
589 716 150 28 lagutskottets
755 716 74 22 betän-

83 749 69 23 kande
167 750 90 22 tillbaka
272 751 32 20 till
320 750 115 26 utskottet,
451 750 48 21 med
514 750 95 28 gillande
623 750 7 21 i
646 751 76 26 öfrigt,
733 758 47 13 men
796 752 33 20 för

84 788 31 18 att
130 785 118 21 omarbetas
264 785 7 20 i
286 784 96 29 enlighet
396 783 49 22 med
461 784 40 21 den
517 784 37 21 vid
569 784 9 29 &
594 785 9 20 1
618 784 120 22 fastställda
749 784 80 29 grund-

84 818 58 22 sats?

154 852 133 23 Besvarades
306 852 47 22 med
369 852 111 22 obestridd
495 853 154 28 röstpluralitet
661 852 104 29 jakande;
789 853 40 22 och

85 887 85 22 komme
192 887 82 22 således
293 887 164 28 ifrågavarande
472 887 105 29 paragraf
593 890 30 19 att
641 888 6 20 i
667 887 90 22 nämnde
773 888 56 28 syfte

86 922 31 21 till
134 921 103 22 utskottet
252 921 170 22 återremitteras.

434 967 13 28 8
462 967 20 22 4.

154 1001 57 21 Herr
224 1000 132 23 Juselius:
378 1000 45 22 För
438 1002 44 20 min
497 1001 35 22 del
548 1001 90 22 föreslår
646 1002 39 27 jag
696 1004 31 18 att
738 1001 30 21 uti
780 1001 51 21 ifrå-

85 1036 121 28 gavarande
222 1036 103 28 paragraf
338 1036 64 21 måtte
417 1035 52 29 ingå
482 1035 110 22 föreskrift
603 1036 79 27 derom,
695 1039 30 17 att
736 1036 95 28 förmyn-

86 1070 215 28 dareförteckningen
320 1070 35 21 vid
376 1071 74 27 hvarje
466 1070 55 21 halft
535 1071 35 20 års
586 1070 42 21 slut
643 1070 66 21 borde
725 1070 24 21 af
761 1071 70 20 rätten

86 1104 108 21 meddelas
214 1104 244 28 förmyndarenämnden
474 1104 6 21 i
496 1105 72 20 stället
583 1105 33 20 för
632 1104 199 28 kommunalstyrel-

86 1145 48 20 sen,
150 1138 69 22 såsom
235 1138 7 21 i
257 1138 40 22 den
313 1138 78 29 nådiga
404 1139 163 27 propositionen
579 1139 66 21 finnes
657 1142 110 25 upptaget.
790 1138 43 22 Be-

85 1172 105 22 träffande
205 1172 62 22 dessa
283 1173 172 28 förteckningars
471 1173 131 21 insändande
617 1173 31 21 till
661 1173 89 27 hofrätt,
762 1173 23 21 så
797 1180 36 21 sy-

86 1214 38 14 nes
144 1206 90 22 berörde
250 1208 12 26 &
278 1206 106 22 innehålla
403 1210 31 18 att
449 1207 67 21 ehuru
531 1207 77 21 sådant
623 1207 94 21 kommer
733 1210 31 18 att
779 1206 54 30 ålig-

86 1248 28 21 ga
132 1240 224 28 häradshöfdingarne
374 1240 77 22 endast
470 1241 37 21 två
525 1242 81 27 gånger
621 1248 34 14 om
671 1241 54 27 året,
741 1241 92 21 rådstuf-

86 1276 122 20 vurätterne
229 1275 67 20 likväl
316 1274 67 22 borde
402 1274 36 21 vid
458 1274 75 29 hvarje
553 1275 87 21 månads
656 1275 42 21 slut
710 1276 65 27 jemte
791 1275 42 21 för-

86 1308 291 29 mynderskapsdomboken,
396 1316 46 14 som
458 1309 29 21 då
503 1310 38 20 bör
556 1309 32 21 till
604 1309 106 21 hofrätten
726 1309 61 28 ingå,
802 1309 32 21 äf-

86 1350 40 13 ven
142 1342 90 22 insända
247 1343 166 28 förteckningar.
444 1341 67 23 Detta
527 1351 50 13 vore
593 1343 84 29 obilligt
693 1343 38 21 och
741 1344 38 27 jag
791 1343 43 20 för-

88 1376 64 21 ordar
163 1376 85 22 derföre
262 1384 26 14 en
305 1377 96 21 bestämd
418 1378 111 20 föreskrift
544 1378 81 26 derom,
640 1381 31 17 att
686 1377 148 28 ifrågakomne

90 1410 125 29 skyldighet
232 1412 18 27 ej
270 1411 66 21 heller
356 1412 104 20 behöfver
475 1412 24 21 af
512 1412 144 21 domstolarne
671 1412 6 20 i
693 1411 46 21 stad
757 1410 78 28 fullgö-

88 1451 35 15 ras
146 1445 73 22 vidare
238 1447 26 20 än
284 1445 35 22 vid
339 1446 72 27 hvarje
428 1445 55 22 halft
498 1447 33 20 års
547 1446 48 21 slut.
633 1445 45 22 För
693 1445 65 28 öfrigt
773 1452 62 15 anser
