992 1725
778 128 40 22 261

93 190 66 26 1864;
178 190 89 22 hvarom
288 189 32 27 vi,
336 189 87 28 jemlikt
438 189 127 22 ständernes
582 189 71 21 tillika
670 189 81 21 fattade
767 191 84 28 beslut,

90 224 66 22 hafva
171 226 51 20 äran
239 224 61 22 eders
316 223 108 22 excellens
441 223 125 29 härigenom
583 224 132 20 underrätta.

158 258 22 22 J.
197 258 32 21 M.
246 257 158 27 Nordenstam,
573 256 27 22 E.
616 257 156 29 Bergenheim,

189 287 182 38 landtmarskalk.
472 291 132 29 erkebiskop
620 292 41 21 och
677 293 172 27 presteståndets

606 326 100 21 taleman.

212 360 25 21 R.
253 360 18 21 I.
287 356 57 31 Örn,
575 360 30 21 A.
622 359 143 30 Mäkipeska,

134 395 191 29 borgareståndets
340 395 99 20 taleman.
526 393 169 23 bondeståndets
711 396 100 21 taleman.

158 429 152 28 Helsingfors,
325 428 41 21 den
385 429 24 20 17
425 429 118 21 november
560 429 61 20 1863.

228 474 44 22 Till
288 474 223 29 generalguvernören
527 475 62 20 öfver
605 474 100 22 Finland.

159 509 124 28 Bifogande
299 508 105 21 Finlands
420 508 99 22 ständers
535 509 34 20 till
585 508 62 22 Hans
663 509 124 29 Kejserliga
798 509 50 22 Ma-

87 544 67 27 jestät
175 544 8 20 i
205 543 44 28 dag
271 543 82 21 aflåtna
374 542 150 29 underdåniga
542 542 117 23 skrifvelse
677 543 111 28 angående
804 545 44 20 för-

89 577 105 29 längning
214 578 24 20 af
252 577 43 21 den
314 578 33 20 för
363 576 143 29 landtdagens
521 584 152 14 sammanvaro
688 578 7 20 i
710 578 137 28 grundlagen

89 611 112 22 bestämda
217 611 42 27 tid,
278 611 21 21 få
316 611 30 27 vi,
363 611 87 29 jemlikt
465 611 126 21 ständernes
607 610 74 22 derom
697 611 71 21 tillika
784 613 64 20 fatta-

88 646 29 21 de
134 646 77 26 beslut,
226 645 86 21 anhålla
327 648 31 18 att
373 644 93 22 nämnde
477 645 151 29 underdåniga
640 646 115 22 skrifvelse
767 646 80 27 blefve,

90 688 77 21 genom
190 680 61 21 eders
275 680 113 21 excellens”
407 679 100 29 benägna
525 680 171 28 embetsåtgärd,
711 679 64 22 Hans
790 679 55 29 Kej-

86 714 80 29 jerliga
182 714 114 28 Majestät,
311 714 23 21 så
351 714 42 21 fort
408 713 39 22 ske
463 713 52 29 kan,
531 714 7 21 i
555 714 172 28 underdånighet
739 714 106 29 förelagd.

158 748 22 22 J.
197 748 31 21 M.
245 748 157 28 Nordenstam,
570 748 27 21 E.
613 748 156 29 Bergenheim,

186 778 178 37 landtmarskalk.
469 782 134 29 erkebiskop
619 782 39 22 och
675 782 170 28 presteständets

608 817 100 21 taleman.

220 852 25 21 R.
261 851 18 21 I.
296 846 56 33 Örn,
570 851 28 21 A.
614 850 141 29 Mäkipeska,

122 886 188 27 borgareståndets
326 886 99 21 taleman.
531 885 169 22 bondeståndets
716 885 100 22 taleman.

157 920 151 28 Helsingfors,
324 919 41 22 den
382 920 24 20 17
423 919 118 22 november
559 920 60 20 1863.

156 954 45 21 Vid
220 954 101 21 häröfver
339 953 148 28 uppkommen
506 954 125 21 diskussion
650 954 87 29 yttrade
756 954 35 28 sig
809 961 37 14 ne-

86 988 138 21 dannämnde
239 988 96 21 ståndets
351 987 146 28 medlemmar,
513 988 28 28 på
557 989 42 20 sätt
615 995 46 14 som
677 989 74 27 följer:

155 1022 59 21 Herr
228 1021 155 22 Dahlström
403 1022 68 28 ansåg
491 1022 82 21 mindre
588 1022 100 28 lämpligt
703 1025 32 17 att
751 1022 33 20 för
799 1029 46 14 mo-

86 1056 82 22 narken
187 1056 131 26 framställa,
336 1056 36 21 det
391 1056 116 21 ständerne
527 1056 97 21 saknade
638 1056 69 28 insigt
722 1055 6 21 i
745 1055 100 22 ärender-

86 1097 39 14 nas
144 1090 143 29 behandling,
306 1090 101 22 hvarföre
427 1090 61 22 detta
502 1091 48 21 skäl
566 1093 75 26 syntes
657 1090 53 21 böra
726 1097 25 14 ur
765 1090 80 21 ansök-

86 1125 80 29 ningen
183 1124 58 30 utgå.

155 1159 58 21 Herr
228 1158 168 30 Tengström:
427 1159 48 21 Den
495 1159 167 29 ifrågavarande
682 1158 163 29 ansökningen,

84 1193 7 21 i
114 1192 42 22 den
180 1193 56 21 form
255 1193 125 21 densamma
398 1200 28 14 nu
442 1193 75 22 blifvit
532 1193 133 27 framställd,
680 1193 117 21 innefattar
812 1195 33 19 ett

84 1226 140 22 erkännande
242 1230 32 18 att
290 1227 112 21 ständerne
418 1227 72 22 skulle
504 1227 69 22 sakna
588 1227 99 29 förmåga
702 1226 34 22 till
751 1233 26 14 en
793 1226 51 21 fullt

84 1260 202 22 tillfredsställande
301 1261 87 29 lösning
404 1262 25 20 af
440 1261 28 21 de
484 1262 133 28 landtdagen
633 1260 114 29 förelagda
762 1260 81 28 frågor.

84 1294 40 22 Ett
146 1294 78 22 sådant
242 1295 137 21 erkännande
398 1302 64 15 anser
478 1296 39 28 jag
537 1296 49 21 icke
601 1296 53 21 böra
669 1296 7 20 i
692 1294 152 29 ansökningen

83 1328 61 29 ingå,
165 1332 51 18 utan
235 1329 118 28 lämpligen
372 1329 72 21 kunna
460 1329 115 22 förändras
590 1329 93 28 derhän,
699 1330 32 20 att
745 1328 98 22 ständer-

83 1370 27 14 ne
130 1362 48 22 icke
196 1363 57 21 varit
271 1364 7 20 i
294 1364 86 21 tillfälle
395 1366 32 19 att
442 1363 98 23 inhemta
554 1364 42 22 den
612 1363 123 23 erfarenhet
749 1362 41 22 och
807 1370 36 14 va-

82 1404 38 18 na,
136 1404 47 14 som
200 1398 34 20 för
249 1405 26 13 en
292 1397 118 29 skyndsam
426 1398 89 28 lösning
530 1399 25 21 af
563 1398 64 22 dessa
639 1398 74 28 frågor
725 1396 118 22 erfordras.

83 1430 120 30 Uttrycket
226 1431 118 22 ”medfört”
366 1439 65 22 synes
455 1433 46 28 mig
524 1434 64 21 äfven
611 1432 82 22 mindre
719 1431 33 22 väl
775 1430 68 23 valdt.
