992 1725
769 129 42 23 285

380 189 151 24 Reservation.

147 226 73 24 Jemte
239 225 37 24 det
291 228 39 28 jag
345 227 6 20 i
368 226 51 22 flere
435 226 60 22 delar
511 227 124 21 instemmer
650 227 6 21 i
673 225 27 23 de
717 228 122 27 premisser,

80 263 76 21 hvilka
178 261 120 30 begrundat
318 261 207 21 besvärsutskottets
545 260 137 22 förestående
702 261 81 27 beslut,
799 262 39 20 vill

77 299 39 26 jag
134 297 65 26 dock,
220 297 6 20 i
244 296 96 28 enlighet
359 295 47 21 med
422 295 38 21 det
476 296 24 20 af
512 295 45 28 mig
573 295 36 21 vid
625 295 101 22 ärendets
743 295 96 22 behand-

79 331 46 28 ling
146 331 7 21 i
176 331 112 28 välloflige
311 329 190 28 borgareståndets
523 329 88 28 plenum
630 327 42 24 den
693 331 26 20 16
739 330 99 22 sistlidne

79 365 92 21 oktober
190 365 33 20 till
243 363 133 29 protokollet
394 363 84 28 afgifna
494 363 111 28 yttrande,
622 367 58 18 emot
697 364 94 21 beslutet
805 372 34 13 re-

79 406 87 14 servera
180 399 45 28 mig
240 398 28 27 pä
282 398 40 21 den
339 397 80 29 grund;
436 401 32 17 att
480 398 39 27 jag
535 404 63 14 anser
613 397 28 22 de
657 398 125 29 föreslagna
794 399 43 20 för-

79 433 143 28 ändringarne
237 432 7 21 i
260 434 100 19 ansvaret
375 432 34 20 för
424 432 96 27 sjömän,
540 438 46 14 som
603 439 94 21 rymma,
713 432 74 21 kunna
802 433 35 20 för

78 466 136 22 närvarande
232 465 70 28 anstå,
321 465 35 21 för
376 469 32 17 att
422 465 7 20 i
445 465 157 28 sammanhang
617 466 49 21 med
682 466 42 21 den
741 466 96 22 skeende

79 501 177 28 omarbetningen
272 500 24 21 af
308 500 96 27 sjölagen
421 499 150 28 genomföras,
587 499 56 22 helst
659 500 80 29 nädiga
752 501 85 20 förord-

78 535 79 27 ningen
177 535 41 21 den
234 535 25 20 21
277 534 85 27 angusti
380 533 52 22 1851
449 533 81 22 tillåter
545 541 26 13 en
587 536 46 19 stor
648 534 78 21 latitud
742 535 7 20 i
765 534 72 21 straff.

79 569 163 21 bestämmelsen
261 571 55 18 samt
334 567 40 22 den
395 567 73 28 praxis
488 567 37 21 vid
541 567 84 22 landets
641 567 121 23 domstolar
778 569 59 27 gjort

78 603 34 28 sig
128 602 111 28 gällande,
254 605 32 18 att
300 602 47 21 icke
363 602 48 21 med
428 603 113 26 strängare
556 609 78 14 ansvar
649 602 95 29 belägga
755 602 81 29 ifräga-

78 636 94 22 varande
188 636 140 29 förbrytelse,
344 637 26 20 än
386 639 57 18 emot
459 636 50 21 dess
525 636 98 28 verkliga
639 639 33 18 art
687 643 82 15 svarar.

581 669 28 22 G.
626 670 138 29 Tengström.

146 716 41 22 Uti
206 716 92 22 nämnde
313 716 79 22 ärende
407 716 107 28 begärdes
530 716 61 21 ordet
607 716 24 21 af
644 716 96 28 följande
756 716 79 28 talare,

78 750 108 30 nemligen
203 751 54 21 först

146 784 58 22 Herr
219 783 171 29 Lindeqvist,
406 791 45 15 som
468 782 97 31 yttrade:

145 818 47 22 För
210 818 43 22 min
272 818 35 22 del
326 818 118 28 tillstyrker
460 820 39 27 jag
515 818 28 28 pä
559 818 36 22 det
609 818 80 29 högsta
704 821 32 19 att
751 817 84 23 utskot-

77 856 41 19 tets
142 853 136 22 betänkande
300 853 7 21 i
329 852 71 22 denna
418 853 85 28 vigtiga
522 853 61 28 fråga
599 853 24 21 af
635 853 86 21 ståndet
737 855 96 26 antages.

76 887 49 21 Min
145 887 57 28 åsigt
220 887 24 21 är
261 887 107 28 nemligen
388 890 31 18 att
434 894 26 14 en
476 887 119 27 folkklass,
611 894 47 15 som
674 887 6 20 i
696 887 49 21 icke
760 887 74 28 ringa,

74 923 23 27 ja
112 921 7 21 i
135 921 82 29 ganska
232 921 98 28 betydlig
345 921 47 21 mån
410 921 101 29 bidrager
526 921 33 21 till
575 921 84 21 landets
675 921 159 28 förmögenhet;

77 956 18 27 ej
117 955 39 22 bör
175 955 69 21 hållas
262 955 7 21 i
289 955 98 28 slafveri,
407 955 72 22 såsom
496 955 61 22 fallet
573 956 23 20 är
611 955 47 21 med
676 955 50 21 våra
742 955 92 28 sjömän,

76 989 45 28 Jag
140 996 63 14 anser
218 992 31 18 att
264 989 26 22 de
306 989 134 28 stadganden
456 989 69 22 borde
540 989 45 22 helt
600 989 40 21 och
656 989 68 21 hållet
739 989 96 28 upphäf-

76 1030 49 20 vas,
141 1031 47 13 som
203 1023 101 21 förbinda
319 1031 27 14 en
361 1024 83 27 sjöman
460 1026 42 24 att,
518 1023 28 22 då
561 1023 42 22 han
614 1024 36 20 vid
662 1023 111 28 utsegling
785 1022 49 21 från

76 1056 56 21 finsk
148 1057 65 20 hamn
228 1057 56 28 tagit
299 1057 55 28 hyra
368 1057 13 21 å
396 1057 66 21 finskt
479 1058 83 28 fartyg,
574 1057 101 28 medfölja
689 1057 95 28 fartyget
796 1057 39 20 än-

76 1091 28 20 da
120 1091 44 20 tills
180 1091 37 21 det
231 1091 33 21 till
279 1091 74 21 landet
368 1091 151 28 återkommer,
535 1091 138 29 hvarigenom
690 1091 95 27 således,
798 1098 36 14 om

75 1127 31 18 ett
122 1125 72 28 fartyg
210 1126 24 19 är
249 1128 35 17 ute
298 1125 28 28 på
338 1126 82 28 sjöresa
431 1125 6 21 i
449 1125 63 27 flere,
524 1128 15 18 t.
548 1133 33 14 ex.
594 1126 41 20 fem
647 1125 23 21 är
682 1125 53 22 eller
746 1125 87 28 längre,

76 1159 126 27 sjömannen
214 1160 24 20 är
249 1162 95 26 tvungen
357 1162 31 18 att
404 1159 48 21 hela
468 1160 60 21 tiden
544 1160 51 28 följa
607 1159 55 21 med.
685 1159 41 20 Att
737 1158 96 28 pålägga

74 1193 84 27 sjömän
174 1195 31 18 ett
220 1192 76 22 sådant
308 1194 76 28 tvång,
397 1194 24 20 är
432 1196 32 18 att
476 1194 93 20 försätta
581 1193 47 21 dem
640 1193 7 21 i
658 1192 95 22 slafveri.
776 1191 56 22 Man

72 1226 36 21 må
130 1226 85 22 derföre
238 1228 18 26 ej
276 1227 104 21 förundra
399 1228 34 27 sig
448 1228 63 20 öfver
527 1227 27 21 de
570 1227 45 21 ofta
630 1226 128 22 inträffande
773 1233 59 21 rym-

72 1260 112 28 ningarne.
222 1260 36 22 En
280 1268 44 21 ung
347 1269 59 19 man;
426 1269 46 13 som
493 1261 98 21 kommer
609 1264 24 18 ut
650 1261 7 21 i
676 1260 99 28 verlden;
792 1260 40 20 vill

72 1294 102 29 vanligen
194 1302 22 14 se
235 1295 34 28 sig
284 1295 111 28 omkring,
418 1295 39 21 vill
473 1296 47 20 lära
535 1296 35 27 sig
585 1295 76 29 något;
684 1302 49 13 men
749 1294 42 20 han
808 1295 24 20 är

74 1328 86 21 bunden
178 1330 24 20 af
218 1329 119 27 kaptenens
356 1329 110 29 godtycke
486 1329 42 21 och
547 1329 33 21 får
599 1330 18 27 ej
636 1329 71 21 lemna
723 1328 108 27 fartyget,

70 1369 35 14 om
122 1363 18 27 ej
157 1362 109 28 kaptenen
282 1363 80 21 tillåter
378 1363 47 27 det,
440 1366 52 18 utan
509 1363 68 21 måste
589 1363 38 21 der
639 1364 132 26 qvarstanna
782 1360 51 22 hela

70 1396 81 21 veckor
174 1396 41 21 och
237 1397 109 27 månader,
367 1398 23 27 ja
409 1397 49 21 hela
478 1398 29 20 år.
542 1397 45 21 För
603 1397 78 21 honom
696 1394 92 22 återstår
803 1394 30 22 då

70 1430 66 29 ingen
158 1437 72 15 annan
253 1432 67 27 utväg
342 1432 27 20 än
392 1433 32 20 att
445 1438 92 22 rymma.
571 1430 78 23 Dertill
669 1431 42 21 kan
727 1428 104 22 stundom
