992 1725
779 127 40 21 229

159 188 58 22 Herr
233 186 61 23 C.F.
305 186 139 28 Grönberg
460 186 67 29 ansåg
543 194 25 14 en
582 194 28 20 ny
623 186 160 23 klassifikation
796 196 53 14 vara

91 222 25 22 så
131 223 87 28 mycket
233 230 57 12 mera
306 220 136 29 nödvändig,
458 228 45 13 som
520 220 41 22 den
579 221 6 20 i
602 221 119 27 petitionen
737 224 112 19 omnämn-

88 256 31 21 da
131 256 186 27 klassificeringen
331 256 25 20 af
365 254 106 28 Wiborgs
484 255 47 20 läns
544 254 74 22 städer
630 255 110 28 påbjudits
752 257 25 19 af
786 256 62 21 Hans

90 289 104 29 Majestät
213 289 79 30 Kejsar
310 288 126 22 Alexander
455 288 40 21 den
517 289 78 26 förste,
619 292 50 18 utan
685 293 32 18 att
732 290 116 21 ständerne

90 324 46 21 deri
153 324 40 21 fått
208 324 98 28 deltaga,
322 323 66 21 ehuru
404 330 26 13 en
446 323 24 21 så
485 323 113 21 beskaffad
614 323 61 28 fråga
691 324 36 21 väl
743 325 68 21 borde
826 325 23 21 at

90 358 114 21 ständerne
221 358 125 21 bebandlas.

158 397 58 22 Herr
231 397 152 21 talmannen
400 397 100 28 npplyste
516 397 6 20 i
535 397 118 28 anledning
667 397 71 27 häraf,
751 401 31 18 att
792 399 56 20 1680

90 431 35 21 års
146 431 158 22 klassifikation
320 431 59 28 legat
394 431 32 20 till
443 431 69 28 grund
529 432 35 20 för
579 431 41 21 den
637 439 28 13 nu
681 432 167 29 ifrågavarande

90 465 186 29 klassificeringen
292 465 25 21 af
332 465 105 28 Wiborgs
453 465 46 22 läns
515 465 80 25 städer,
611 465 74 22 hvilka
701 474 78 21 genom
795 467 53 21 den-

90 507 81 14 samma
194 499 104 22 tilldelats
317 506 81 14 samma
417 507 47 14 rum
480 499 65 22 bland
561 499 84 22 landets
661 500 80 28 städer,
757 508 47 14 som
820 501 27 22 de

91 533 59 22 förut
164 534 106 21 innehaft.

159 573 59 22 Herr
233 573 158 29 Tengström
407 573 130 28 beklagade,
554 581 35 14 om
605 574 33 21 till
654 574 53 28 följd
724 575 25 21 af
763 575 85 21 föreva-

90 608 66 21 rande
178 608 91 28 petition
292 608 46 21 åter
360 616 25 13 en
408 610 45 18 stor
472 608 82 21 komité
573 608 86 21 komme
678 612 31 18 att
728 608 119 22 nedsättas.

90 642 78 29 Enligt
187 642 93 22 talarens
300 642 57 28 åsigt
372 642 72 21 kunde
460 642 153 28 uppgörandet
629 644 24 20 af
666 642 182 22 klassifikations-

90 676 105 29 förslaget
217 677 143 21 öfverlemnas
383 676 22 21 åt
426 676 98 22 ståndets
543 676 100 22 enskilda
662 677 185 27 besvärsutskott,

91 710 33 22 till
146 711 65 21 hvars
234 710 164 29 handläggning
420 710 121 29 petitionen
560 711 35 21 väl
614 711 65 21 äfven
698 711 62 29 eljest
780 711 67 22 borde

90 745 127 21 remitteras.

159 778 57 22 Herr
232 776 26 24 C.
268 778 24 21 F.
302 777 141 29 Grönberg
459 778 118 28 anmärkte,
593 782 31 18 att
639 779 43 21 han
694 779 48 21 icke
756 779 91 21 föresla-

89 813 33 29 git
141 812 143 22 tillsättandet
302 813 25 21 af
340 813 71 28 någon
427 814 58 20 ”stor
500 813 93 21 komite”
609 816 50 18 utan
676 813 46 21 helt
737 814 73 20 enkelt
825 814 24 20 af

90 854 26 14 en
137 847 91 27 komité,
249 846 88 22 hvilken
356 854 66 22 gerna
438 846 71 23 kunde
527 847 61 22 bestå
603 847 32 21 till
651 847 41 22 och
708 847 49 22 med
773 848 25 21 af
810 855 37 14 en-

89 881 50 22 dast
154 881 36 22 två
205 882 125 21 ledamöter.

159 915 57 22 Herr
232 911 140 33 Öbrnberg
392 916 66 27 ansåg
474 916 44 21 lika
534 915 48 22 med
599 915 48 21 herr
663 915 131 29 Tengström
809 923 37 14 en-

89 949 73 22 skilda
178 949 196 22 besvärsutskottet
389 950 118 28 lämpligen
523 950 72 21 kunna
611 950 125 28 uppdragas
748 953 32 17 att
791 958 55 20 upp-

88 984 54 28 göra
158 983 40 22 och
215 984 33 21 till
264 983 84 22 ståndet
364 984 110 21 inkomma
490 983 49 22 med
554 987 31 18 ett
602 984 82 28 förslag
696 984 33 21 till
741 984 42 21 den
795 984 51 21 ifrå-

89 1018 125 29 gavarande
229 1017 194 22 klassifikationen.

156 1051 33 22 På
204 1051 74 22 derom
294 1051 120 22 framställd
430 1052 145 27 proposition,
591 1051 71 22 beslöt
673 1051 86 22 ståndet
770 1054 31 19 att
813 1059 33 14 re-

88 1086 86 21 mittera
198 1085 142 22 förevarande
359 1086 91 29 petition
470 1087 33 20 till
519 1085 101 22 enskilda
637 1086 209 27 besvärsutskottet,

87 1119 50 22 med
156 1119 106 22 anmodan
282 1119 70 21 tillika
372 1122 31 19 att
422 1120 32 21 till
471 1119 86 22 ståndet
573 1120 109 21 inkomma
697 1120 48 21 med
763 1120 83 29 förslag

87 1154 34 20 till
138 1154 158 21 klassifikation
312 1154 24 21 af
348 1154 84 22 landets
448 1154 73 22 städer
536 1154 7 21 i
559 1154 36 21 det
611 1154 101 22 afseende
723 1154 123 28 petitionen

86 1188 128 22 innehåller.

156 1222 58 22 Herr
230 1222 148 22 talmannen
395 1223 103 29 föredrog
513 1226 30 19 ett
555 1223 111 22 memorial
679 1222 47 22 från
739 1229 107 15 samman-

86 1258 58 19 satta
162 1256 47 28 lag-
228 1256 41 22 och
288 1257 231 28 ekonomieutskottet,
535 1258 46 21 deri
597 1258 86 21 ståndet
697 1257 149 27 underrättas,

86 1293 33 18 att
134 1290 27 21 de
177 1291 35 20 val
230 1291 31 20 till
277 1290 118 22 ledamöter
410 1291 6 21 i
432 1291 60 22 detta
507 1292 95 27 utskott,
618 1299 46 14 som
680 1292 58 20 inom
754 1291 27 21 de
793 1291 52 28 beg-

86 1332 28 20 ge
130 1324 108 21 särskilda
253 1324 45 28 lag-
314 1325 40 21 och
370 1325 228 22 ekonomieutskotten
613 1326 109 21 ståndsvis
738 1325 108 26 anställts,

87 1358 82 20 utfallit
185 1358 97 27 sålunda,
298 1361 32 18 att
349 1359 2 21 i
367 1363 155 18 sammansatta
533 1360 47 28 lag-
591 1360 41 21 och
644 1358 202 23 ekonomieutskot-

86 1394 32 24 tet
140 1392 70 21 skulle
232 1392 72 22 såsom
323 1392 119 23 ledamöter
460 1394 53 28 ingå
532 1394 47 22 från
595 1394 154 28 lagutskottet,
765 1392 25 20 af
802 1392 44 21 rid-

85 1424 118 31 derskapet
223 1426 40 22 och
280 1426 75 23 adeln:
378 1427 50 23 herr
444 1428 112 29 Hisinger,
572 1428 25 21 R.
614 1427 39 29 E.,
675 1427 93 22 friherre
783 1425 26 23 de
824 1426 22 22 la
