992 1725
181 121 41 21 368

150 184 28 21 de
196 182 104 22 erhållna:
312 183 149 29 penningarne
477 182 106 23 förskaffa
602 184 35 29 sig
655 185 108 28 spänmäl,
784 186 71 21 kunde
874 186 37 22 det

149 217 83 27 hända,
255 224 35 15 om
312 217 96 29 tillgång
430 218 29 28 pä
481 218 97 27 spanmäl
599 220 18 26 ej
638 219 88 27 funnes;
742 224 31 16 att
788 227 25 14 en
831 220 79 27 mängd

150 251 132 28 menniskor,
298 251 92 21 oaktadt
404 251 96 22 erhållen
516 252 179 29 penningehjelp,
709 253 58 28 finge
783 254 28 21 dö
824 254 24 21 af
857 253 54 21 hun-

150 294 47 22 ger,
212 286 65 21 innan
293 286 75 21 vidare
384 286 102 29 åtgärder
501 286 25 21 af
538 287 108 28 styrelsen
664 287 71 22 blefve
751 288 111 29 vidtagna:

219 326 83 21 Herrar
320 325 137 22 Hackman
482 325 41 22 och
541 326 132 22 Dahlman
694 327 103 22 förenade
812 328 33 27 sig
861 327 48 22 med

149 361 50 21 herr
215 359 119 23 Sundman,

219 399 58 23 Herr
292 395 144 34 Öhtnberg
452 400 57 27 ville,
526 400 6 21 i
549 397 118 32 anledning
683 401 24 21 af
720 401 49 22 herr
785 400 124 23 Sundmans

149 435 112 29 yttrande,
277 434 125 27 frambälla,
418 434 115 21 huruledes
552 434 49 21 herr
618 434 128 29 Grönberg,
763 435 35 21 vid
814 434 37 22 det
866 435 43 21 han

149 469 99 22 förordat
259 468 91 21 statslän
362 469 22 20 ät
395 468 164 27 kommunerne;
571 469 49 21 icke
633 469 110 29 begagnat
753 469 62 22 ordet
823 467 86 28 ”först”,

149 507 63 22 utan,
231 503 94 21 likasom
343 502 84 21 talaren
446 503 51 28 sjelf
510 502 7 21 i
533 503 38 20 sitt
586 503 151 29 andragande,
752 504 79 28 nyttjat
846 503 63 21 ordet

150 536 186 28 ”företrädesvis”,
349 536 142 29 hvarigenom
503 537 115 28 meningen
638 537 82 22 erhölle
735 545 26 13 en
779 537 45 22 helt
838 545 70 14 annan

151 571 121 29 betydelse,
295 571 27 21 än
346 570 48 22 herr
414 569 112 23 Sundman
549 571 60 21 velat
627 571 61 29 gifva
703 571 132 23 densamma.
864 570 45 22 Det

149 606 89 21 föreföll
253 604 67 22 också
335 604 83 22 talaren
434 604 157 30 besynnerligt,
605 608 33 19 att
651 606 129 28 regeringen
791 606 70 22 skulle
874 606 35 22 för

150 647 84 15 samma
252 639 112 27 ändamål,
383 639 54 21 eller
452 639 83 21 nödens
550 639 124 28 lindrande,
690 640 86 29 utgifva
791 640 118 29 penninge-

150 674 36 21 län
202 674 25 22 sä
242 674 36 20 väl
293 674 22 20 ät
330 674 142 26 importören,
487 673 34 21 för
536 677 32 18 att
584 674 102 22 befordra
700 674 115 28 importen,
827 681 48 15 som
886 674 22 21 ät

149 708 170 26 konsumenten,
342 708 35 20 för
396 709 32 19 att
446 708 57 20 sätta
517 707 81 21 honom
618 708 7 21 i
644 708 88 22 tillfälle
752 711 33 18 att
801 708 69 28 köpa,
886 708 22 21 ät

150 742 42 21 den
211 741 133 22 sistnämnde
363 741 139 29 naturligtvis
521 741 29 21 dä
568 744 31 19 ett
614 742 45 21 lika
675 744 55 19 stort
744 742 47 27 län,
807 749 46 14 som
868 742 39 22 im-

150 777 104 27 portören
270 776 96 26 erhällit,
382 776 40 20 och
442 775 67 21 ökadt
526 776 50 21 med
595 776 42 21 den
657 776 25 21 af
698 776 70 22 denne
784 776 123 22 beräknade

149 810 66 22 vinst.
245 810 105 21 Talarens
365 809 88 29 mening
468 817 52 14 vore
535 812 32 19 att
583 810 89 22 förorda
683 810 102 21 statsläns
797 810 110 28 utgifvan-

148 844 39 28 de,
210 844 103 29 antingen
332 844 23 21 ät
372 844 144 27 importören,
535 844 53 21 eller
603 844 22 22 ät
639 844 168 27 konsumeuten;
823 852 48 13 men
887 845 19 28 ej

148 879 24 21 ät
187 879 71 28 bägge
273 878 78 21 tillika.
381 877 11 21 I
409 879 88 20 främsta
513 881 92 19 rummet
620 879 53 21 eller
688 878 154 22 företrädesvis
859 878 48 21 bor:

148 912 28 21 de
196 912 41 21 den
253 911 136 23 behöfvande
406 911 156 22 konsumenten
577 912 50 22 med
642 912 119 21 understöd
777 920 77 21 genom
871 912 36 21 lån

147 946 107 27 biträdas,
278 946 41 22 och
340 946 78 22 endast
436 946 34 21 för
490 945 41 22 den
552 946 114 27 händelse;
682 949 31 18 att
731 947 128 28 regeringen
879 946 28 28 på

148 980 94 22 förhand
266 981 51 21 fann
340 980 71 21 denna
429 980 76 29 åtgärd
527 980 49 22 icke
594 989 51 13 vara
666 987 44 22 nog
725 981 35 20 för
775 981 132 26 ändamålet,

146 1015 72 22 skulle
240 1015 36 21 län
298 1015 96 28 utgifvas
412 1014 23 22 åt
453 1015 168 28 importörerne,
643 1015 7 21 i
673 1015 84 21 hvilket
773 1015 36 20 fall
825 1015 82 21 konsu>

147 1051 123 20 menternes
292 1049 95 28 anspråk
410 1049 28 28 på
456 1049 47 22 läns
522 1049 125 22 erhållande
663 1049 87 22 komme
766 1052 30 19 att
813 1049 93 21 förfalla.

148 1083 136 29 Pröfningen
307 1084 25 21 af
348 1083 42 21 den
410 1091 40 13 ena
465 1083 52 22 eller
532 1083 68 22 andra
615 1084 112 21 metodens
743 1083 164 22 användbarhet

146 1117 35 21 för
196 1117 97 22 tillfället
308 1117 72 22 skulle
395 1116 139 29 naturligtvis
546 1118 116 21 ankomma
675 1118 28 27 pä
713 1118 138 29 regeringen,
865 1117 41 21 och

146 1152 117 21 ständerne
282 1151 119 22 inskränka
419 1152 35 28 sig
469 1152 31 21 till
517 1152 110 22 uttalande
644 1152 25 21 af
681 1152 41 21 den
738 1152 67 28 åsigt,
822 1155 32 17 att
869 1152 37 21 det

146 1193 53 14 vore
220 1194 59 13 mera
297 1186 103 21 rationelt
415 1189 31 18 att
461 1186 36 21 vid
513 1186 130 22 inträffande
658 1186 106 22 missvext
781 1186 72 21 lemna
868 1194 39 14 un-

146 1219 90 22 derstöd
256 1220 22 21 ät
296 1220 41 21 den
357 1220 96 28 verkligt
473 1220 147 28 behöfvande,
639 1220 109 29 nemligen
764 1220 142 27 kommunen,

146 1254 27 20 än
190 1256 31 19 att
236 1254 88 22 dermed
344 1254 86 22 biträda
448 1254 146 29 köpmannen,
617 1262 48 14 som
675 1250 13 39 i
707 1254 44 22 alla
767 1254 37 21 fall
819 1254 86 22 komme

145 1290 33 19 att
192 1288 69 28 draga
277 1288 57 21 vinst
348 1288 25 21 af
385 1288 41 22 den
443 1288 143 28 importerade
602 1288 139 28 spanmälens
758 1288 135 28 försäljning.

216 1322 58 22 Herr
289 1322 141 22 Sundman:
459 1322 52 22 Just
529 1322 128 29 derigenom
677 1326 31 18 att
727 1322 180 29 spanmälshand-

145 1355 66 23 lande
226 1358 38 19 äro
280 1357 7 21 i
303 1356 86 21 tillfälle
405 1360 32 18 att
452 1357 81 21 erhälla
548 1357 93 21 statslän
657 1356 41 22 och
710 1356 124 29 dymedelst
845 1357 61 21 kom-

144 1398 36 14 ma
199 1391 6 20 i
222 1390 118 29 besittning
356 1391 24 20 af
394 1392 69 20 större
480 1391 105 29 kapitaler
601 1392 35 20 för
652 1391 91 28 uppköp
759 1390 25 22 af
796 1391 109 27 spanmäl,

144 1424 91 28 uppstär
251 1425 90 21 emellan
361 1424 48 22 dem
430 1425 67 28 nödig
517 1425 146 28 konkurrens,
683 1432 46 15 som
745 1424 102 23 stundom
862 1425 43 22 kan
