992 1725
784 140 43 25 315

95 204 35 23 stå
152 205 6 21 i
181 205 43 22 den
242 203 164 29 redovisnings-
426 204 41 20 och
487 204 220 29 ansvarsskyldighet
725 212 47 15 som
792 206 63 30 lagli-

96 247 43 21 gen
154 240 78 21 tillsatt
247 238 145 28 förmyndare.
424 233 33 26 Är
472 246 29 13 nu
517 238 42 21 den
575 239 94 28 utvägen
685 239 68 22 henne
769 240 86 22 lemnad

96 277 32 18 att
142 274 40 21 hos
198 272 122 23 domstolen
335 272 91 21 utverka
439 272 38 22 sitt
488 272 108 22 ställande
607 272 58 29 ånyo
676 273 68 22 under
759 274 96 29 förmyn-

95 307 107 28 derskap,
217 307 24 21 så
256 307 41 21 blir
312 306 120 21 anlitandet
447 307 24 20 af
484 306 125 22 densamma
624 307 37 22 det
675 307 56 22 enda
742 315 47 14 som
801 308 54 21 åter-

96 341 51 28 står,
167 341 83 21 hvilket
268 341 45 21 åter
332 340 39 22 har
389 341 35 20 till
443 341 54 28 följd
514 341 153 28 kungörandet
682 342 172 29 i”tidningarne,

96 382 48 15 som
163 383 49 13 man
231 375 71 25 likväl
317 375 62 21 torde
395 375 23 21 få
433 382 51 15 anse
500 383 53 13 vara
568 375 35 21 för
618 376 95 27 qvinnan
729 377 52 21 vida
796 382 59 16 mera

95 409 128 29 obehagligt
238 409 41 21 och
295 409 91 21 sårande
401 409 27 21 än
444 416 25 14 en
485 409 64 22 enkel
565 410 99 21 anmälan
680 410 39 22 hos
731 411 123 21 domstolen

96 444 26 21 af
134 443 33 22 sin
184 444 83 22 önskan
284 446 30 19 att
330 443 68 22 blifva
414 443 112 22 förklarad
542 443 98 29 myndig.

164 477 60 22 Herr
239 472 149 34 Öhrnberg:
410 477 46 29 Jag
471 477 64 22 utber
549 478 45 28 mig
609 479 23 20 få
647 479 113 28 anmärka,
776 481 32 20 att
819 483 35 18 om

95 519 27 16 en
138 512 68 22 sådan
221 519 87 22 omsorg
323 512 41 21 och
380 511 174 22 förtänksamhet
569 512 47 21 från
632 513 178 29 lagstiftningens
825 513 29 22 si-

96 546 30 22 da
148 554 67 22 egnas
237 546 42 21 den
298 546 203 29 myndigblifvande
520 547 107 27 qvinnan,
647 547 24 21 så
689 547 68 22 borde
772 555 83 14 samma

96 588 89 22 omsorg
201 581 63 21 äfven
276 581 86 21 komma
374 580 119 30 ynglingen
506 580 34 22 till
552 580 65 29 godo.
641 580 47 22 Har
700 582 41 20 han
755 582 100 28 betydlig

96 616 153 28 förmögenhet
264 616 40 21 och
320 616 44 20 står
380 615 33 21 till
430 615 55 29 följd
500 615 84 23 deraf
575 611 15 37 i
599 615 206 22 rättsförhållanden
820 616 34 21 till

96 649 110 22 särskilda
220 657 110 21 personer,
345 650 25 21 så
384 650 68 20 måste
471 650 64 21 äfven
555 649 42 21 han
615 650 72 22 vända
705 650 34 29 sig
755 650 33 22 till
804 650 50 22 full-

96 684 97 28 mäktige
208 684 40 21 och
264 684 124 21 förvaltare.
417 683 51 22 Han
486 684 89 21 besitter
589 684 18 28 ej
624 684 68 22 heller
706 684 42 22 den
760 685 95 21 erfaren-

96 717 48 28 het,
160 725 47 15 som
222 718 34 22 till
270 717 63 22 deras
348 717 179 23 kontrollerande
543 718 96 28 fordras,
655 726 48 15 men
718 718 81 23 honom
815 718 39 23 har

96 752 65 29 lagen
176 752 58 21 dock
249 752 81 21 lemnat
344 752 25 22 så
384 755 31 19 att
430 753 55 28 säga
498 752 54 22 vind
568 753 35 21 för
617 753 48 28 våg.

165 786 59 22 Herr
239 786 169 28 Lindegvist:
439 786 13 22 I
471 786 119 30 anledning
605 787 24 21 af
641 786 58 23 hvad
714 786 51 22 herr
780 782 73 27 Öhrn-

96 820 54 29 berg
165 828 52 22 nyss
233 820 105 28 anmärkt,
353 821 63 21 utber
428 822 40 28 jag
483 821 45 29 mig
544 821 22 21 få
582 821 89 21 hänvisa
686 822 33 20 till
735 821 57 21 hvad
807 822 47 28 lag-

96 855 118 22 utskottets
233 855 135 22 betänkande
386 855 8 22 i
413 855 112 29 ingressen
545 855 34 22 till
594 855 119 22 detsamma
727 855 126 27 innehåller,

96 890 25 22 så
136 889 104 30 lydande:
263 889 55 22 ”Väl
334 889 105 30 härflyter
449 890 124 29 naturligen
585 890 25 21 af
618 890 130 28 rättigheten
759 892 32 19 att
802 897 52 14 vara

96 924 91 29 myndig
209 923 64 22 äfven
296 923 154 29 skyldigheten
473 927 32 18 att
523 931 52 14 vara
593 924 47 26 det;
661 931 48 14 men
727 924 54 22 eto”
817 925 36 21 De

96 958 40 23 här
158 957 92 22 anförda
272 957 75 22 skälen
366 965 62 14 anser
444 959 40 28 jag
502 959 79 28 utgöra
596 958 50 22 fullt
661 958 128 29 tillräckligt
803 957 50 22 stöd

96 993 36 22 för
150 992 43 22 den
212 992 123 29 föreslagna
354 992 238 29 undantagsförmånen
608 993 34 20 för
657 993 106 27 qvinnan,
777 995 34 18 att
824 992 29 29 på

96 1027 100 22 anmälan
211 1027 22 20 få
247 1026 45 22 åter
307 1026 86 23 inträda
408 1027 7 20 i
431 1026 260 29 omyndighetstillstånd.

165 1060 58 22 Herr
238 1060 154 29 Bergstedt:
414 1060 62 22 Enär
488 1061 94 29 yngling
594 1061 36 21 vid
642 1061 94 29 tjuguett
746 1060 36 22 års
793 1060 60 22 ålder

96 1095 24 21 är
136 1095 86 21 absolut
233 1095 90 29 myndig
334 1095 42 21 och
387 1095 59 27 icke,
459 1102 34 14 om
506 1095 43 21 han
561 1095 42 21 ock
614 1095 68 21 finner
694 1095 34 21 sin
739 1095 114 28 oförmåga

96 1131 32 20 att
151 1129 63 23 sköta
232 1129 34 22 sin
285 1129 117 29 egendom,
422 1129 26 22 af
464 1129 96 22 domstol
575 1129 43 22 kan
633 1129 56 21 blott
703 1129 29 28 på
747 1136 54 22 egen
818 1129 35 22 be-

96 1164 68 28 gäran
187 1163 75 22 ställas
281 1164 68 21 under
368 1170 84 15 annans
472 1163 193 30 förmyndarevård
683 1163 42 21 och
740 1163 113 27 inseende,

95 1201 52 17 utan
170 1197 77 22 endast
269 1198 28 28 på
315 1198 98 28 yrkande
432 1198 26 22 af
474 1198 87 22 fränder
579 1198 52 22 eller
647 1198 78 21 allmän
741 1197 113 29 åklagare,

95 1232 43 21 och
160 1232 49 21 icke
232 1232 69 21 heller
322 1232 29 21 då
368 1235 52 18 utan
439 1232 78 29 giltiga
535 1232 51 28 laga
605 1232 58 27 skäl,
679 1231 41 22 och
733 1232 39 28 jag
787 1232 7 20 i
809 1232 44 21 allo

95 1266 59 21 velat
168 1266 66 21 ställa
248 1266 105 27 qvinnan,
366 1266 111 29 angående
490 1267 81 21 hennes
583 1266 138 29 myndighet,
734 1266 7 21 i
753 1266 45 22 lika
809 1266 45 21 för-

95 1299 101 23 hållande
212 1307 47 14 som
275 1308 26 13 en
314 1301 94 29 tjuguett
423 1301 35 22 års
473 1302 104 28 yngling,
592 1309 48 13 men
652 1300 59 22 detta
721 1300 50 22 icke
782 1300 72 22 blefve

94 1334 72 26 fallet,
182 1342 35 14 om
236 1334 95 28 qvinnan
351 1335 29 28 på
398 1343 55 21 egen
469 1335 96 29 begäran
580 1335 71 22 kunde
667 1335 46 21 åter
727 1334 103 22 försättas
846 1334 8 21 i

94 1368 266 28 omyndighetstillstånd,
378 1369 67 22 sedan
465 1369 44 22 hon
525 1370 73 21 blifvit
613 1369 86 22 absolut
713 1367 100 30 myndig,
829 1368 25 22 så

94 1402 42 21 och
155 1402 33 21 till
205 1403 164 29 förebyggande
385 1404 25 21 af
422 1404 42 21 den
479 1404 140 28 kungörelse,
635 1410 46 14 som
697 1402 74 22 derom
787 1401 68 23 borde

93 1436 51 27 ske,
164 1436 100 23 förordar
280 1438 39 29 jag
335 1438 135 23 fortfarande
486 1438 133 30 antagandet
634 1438 24 23 af
671 1436 56 24 hvad
741 1436 39 30 jag
796 1436 59 24 förut

94 1470 101 31 påyrkat.
