992 1725
172 125 42 23 272

142 189 59 21 skett
216 188 24 22 af
252 188 108 29 glömska.
391 188 116 23 Utskottet
523 188 52 22 fann
591 187 128 31 visserligen
735 191 32 19 att
783 192 31 19 ett
829 189 77 23 sådant

142 223 69 21 motiv
234 222 72 22 kunde
328 223 67 29 lägga
414 230 26 14 en
459 224 49 28 vigt
526 223 7 21 i
552 223 131 29 vågskålen,
699 231 47 13 men
764 224 51 21 ville
830 224 28 28 på
873 225 33 20 of-

142 264 43 14 van
201 257 122 29 uppgifven
340 257 72 29 grund
428 257 57 21 dock
499 257 50 22 icke
564 257 100 29 begagna
679 258 35 28 sig
729 257 67 21 deraf.
826 257 12 21 I
853 257 52 21 den-

142 299 29 14 na
186 292 58 29 åsigt
258 299 64 14 anser
334 292 40 28 jag
390 291 45 29 mig
450 292 63 21 äfven
531 292 54 21 böra
600 292 121 21 instämma.

213 331 114 21 Anmältes
343 331 42 21 och
401 333 108 27 emottogs
525 339 26 14 en
567 331 128 28 deputation
711 331 46 22 från
774 332 131 28 prestestån-

144 365 48 28 det,
214 365 78 22 anförd
312 365 25 22 af
352 365 52 22 herr
422 365 141 28 domprosten
583 365 105 28 Renvall,
705 373 46 14 som
768 365 137 23 meddelade:

144 403 33 18 att
195 399 161 29 presteståndet
371 400 84 28 antagit
470 407 25 14 en
511 400 25 21 af
549 400 50 21 herr
614 399 126 29 professorn
757 399 122 23 Schauman
896 401 7 21 i

144 434 86 21 ståndet
256 433 122 22 framställd
404 434 92 27 petition
522 441 36 14 om
581 433 124 30 periodiskt
729 434 175 23 återkommande

143 468 131 29 landtdagar
289 470 56 19 samt
360 468 121 21 remitterat
496 467 60 22 såväl
572 467 72 22 denna
663 475 46 14 som
725 468 68 21 andra
808 469 25 21 af
844 469 63 21 med-

145 501 92 23 stånden
258 501 129 22 meddelade
409 502 116 28 petitioner
543 502 7 21 i
569 509 84 14 samma
674 502 58 29 syfte
747 502 34 21 till
797 502 108 21 allmänna

143 536 199 21 besvärsutskottet
360 536 8 21 i
387 535 102 23 afseende
507 536 14 21 å
541 535 76 23 vidare
636 535 145 30 behandling;
800 539 32 18 att
846 536 59 22 stån-

144 570 38 22 det
204 570 99 30 godkänt
325 569 38 23 det
382 571 24 21 af
422 570 246 28 expeditionsutskottet
682 571 124 28 uppgjorda
821 571 83 29 förslag

144 605 34 21 till
201 605 91 28 petition
314 613 37 13 om
374 604 144 30 landtdagens
537 604 142 30 förlängning
698 608 57 18 samt
769 604 89 23 beslutit
872 608 33 19 att

144 639 93 21 nämnde
256 639 91 28 petition
364 638 70 22 skulle
450 646 77 21 genom
542 640 55 20 hans
613 638 110 22 excellens
739 639 165 29 generalguvet-

143 673 68 21 nören
233 673 33 21 till
285 673 63 21 Hans
367 672 105 29 Majestät
491 673 107 29 Kejsaren
615 672 162 29 öfverbringas;
799 676 32 18 att
845 674 59 21 stän-

144 707 44 27 det,
204 707 28 28 pä
247 707 70 22 skedd
332 707 132 29 inbjudning
477 707 24 21 af
509 707 154 29 ridderskapet
674 706 41 22 och
727 707 62 22 adeln
801 707 40 22 och
854 706 49 23 med

144 741 93 29 ändring
260 742 24 21 af
299 741 50 22 dess
369 741 131 29 föregäende
519 741 73 22 beslut
607 742 6 20 i
630 742 82 26 ämnet,
731 741 120 21 remitterat
865 742 38 21 nä-

144 776 52 28 diga
212 776 166 28 propositionen
393 775 45 23 N:o
453 776 35 27 49,
503 775 111 29 angäende
630 775 85 29 garanti
731 776 24 20 af
768 775 36 21 det
815 776 35 20 län
862 776 41 28 hy-

144 810 224 29 potheksföreningen
391 810 97 22 kommer
509 812 32 19 att
561 810 12 21 å
592 810 83 21 utrikes
695 812 34 18 ort
747 812 106 26 upptaga,
868 810 34 21 till

144 847 154 19 sammansatta
320 847 65 18 stats-
404 844 40 21 och
464 844 176 26 bankutskottet;
664 847 56 18 samt
739 844 113 29 slutligen,
872 847 31 19 att

144 878 98 28 ständet,
264 885 47 14 som
334 879 26 20 af
377 878 180 28 borgareständet
575 878 106 29 inbjudits
700 878 34 21 till
750 877 130 30 deltagande
896 879 8 20 i

145 912 42 22 den
211 913 25 21 af
255 912 59 22 detta
332 912 63 22 ständ
415 915 94 26 antagna
529 913 119 28 petitionen
665 920 35 14 om
716 912 138 21 motionsrätt
869 913 35 20 för

144 946 126 28 ständerne,
293 947 73 21 funnit
388 947 34 28 sig
441 947 48 21 icke
507 946 74 22 kunna
600 950 81 25 antaga
699 946 95 21 hvarken
811 946 92 22 nämnde

144 981 52 21 eller
220 988 25 14 en
266 988 69 14 annan
355 981 7 20 i
378 980 159 29 presteständet
553 979 122 23 framställd
691 980 91 28 petition
798 981 7 20 i
821 988 83 15 samma

144 1015 68 28 syfte,
228 1015 62 21 öfver
306 1014 84 22 hvilket
405 1015 71 21 beslut
491 1014 78 29 utdrag
584 1023 25 13 ur
629 1014 97 22 ständets
742 1015 110 27 protokoll
868 1015 34 21 för

143 1049 42 21 den
199 1049 25 21 13
238 1049 80 22 dennes
334 1056 29 14 nu
376 1049 82 28 jemväl
474 1049 23 22 af
509 1048 156 29 deputationen
677 1048 33 21 till
723 1048 180 29 borgareständet

144 1083 180 21 Ofverlemnades.

212 1122 72 23 Sedan
304 1122 166 29 deputationen,
489 1131 46 14 som
555 1123 25 22 af
595 1123 50 22 herr
664 1121 150 23 talmannen
829 1121 73 24 betace

143 1156 80 28 kades,
242 1157 45 21 åter
306 1157 91 27 afträdt,
416 1158 111 21 fortsattes
547 1158 49 21 med
612 1156 160 29 behandlingen
789 1158 24 20 af
826 1158 77 28 frågan

143 1197 35 15 om
198 1191 36 21 det
253 1192 125 28 uppgjorda
397 1191 106 30 förslaget
518 1192 33 21 till
567 1192 125 49 ansökning
707 1199 36 13 om
758 1191 145 29 landtdagens

142 1225 151 28 förlängning,
310 1225 92 22 hvarvid

212 1259 57 21 Herr
285 1259 160 29 Tengström
460 1260 95 30 yttrade:
578 1239 45 43 Det
638 1260 44 21 kan
695 1260 18 28 ej
726 1260 73 28 undgå
811 1262 31 19 att
853 1262 50 20 väc-

142 1292 29 22 ka
191 1293 129 27 förundran,
344 1297 32 18 att
394 1302 49 13 man
462 1302 39 20 nu,
521 1294 28 22 då
564 1295 35 21 för
613 1294 110 22 vinnande
739 1294 25 21 af
776 1297 31 18 ett
823 1294 80 28 vigtigt

142 1327 100 21 ändamål
265 1327 72 21 kunde
360 1328 110 22 erfordras
493 1331 32 18 att
547 1329 103 27 påminna
669 1336 36 13 om
725 1328 40 21 den
782 1328 65 28 långa
861 1328 42 22 tid-

141 1360 74 28 rymd,
238 1360 69 22 under
329 1361 89 22 hvilken
442 1362 83 22 landets
546 1362 89 22 ständer
655 1363 18 27 ej
691 1362 56 21 varit
762 1361 141 29 församlade,

141 1394 69 22 finner
233 1394 60 22 detta
312 1396 84 21 mindre
413 1396 106 29 granlaga
537 1396 42 21 och
595 1396 169 22 öfverträdande
780 1396 42 21 den
837 1397 66 21 vörd-

142 1428 43 22 nad
208 1437 49 14 man
275 1430 7 21 i
301 1437 26 14 en
347 1430 123 29 ansökning
485 1430 32 22 till
534 1430 84 23 landets
634 1430 92 23 monark
742 1430 39 22 bör
796 1430 108 30 iakttaga,
