992 1725
780 133 26 21 27

80 198 42 30 ligt
138 198 114 29 samtidigt
267 196 63 22 träda
344 196 8 21 i
367 195 140 23 verksamhet
523 196 41 22 och
583 196 155 22 betänkanden
754 196 86 22 utarbe-

80 236 31 24 ta,
128 232 77 28 början
221 231 70 23 skulle
307 231 65 29 göras
387 230 50 22 med
452 231 27 21 de
495 230 24 21 af
531 230 204 29 propositionerne,
751 230 87 22 hvilkas

80 267 123 22 beredande
222 268 84 19 ansetts
327 264 99 23 erfordra
442 265 80 21 minsta
541 264 39 22 tid.
611 264 50 22 Och
677 265 117 29 föredrogs
810 272 27 14 nu

79 301 6 21 i
102 301 99 29 enlighet
215 299 98 22 dermed:

148 335 44 21 N:o
210 334 38 28 21)
271 333 63 22 Hans
354 333 127 29 Kejserliga
498 333 119 28 Majestäts
637 334 80 29 nädiga
736 334 103 29 proposi-

80 369 60 27 tion,
164 368 112 29 angäende
297 368 79 21 allmän
392 368 103 21 tillätelse
513 367 34 22 till
567 368 136 21 anställande
719 370 25 20 af
759 369 80 20 urtima

83 404 47 28 ting
145 403 6 21 i
168 403 65 21 civila
248 402 91 22 ärender
354 402 42 21 och
412 402 83 21 mindre
511 401 112 22 brottmål.

148 437 64 22 Efter
230 437 182 28 propositionens
431 436 146 29 uppläsande,
597 436 48 22 blef
660 436 126 23 densamma
804 444 33 14 re-

80 471 103 23 mitterad
199 471 33 22 till
248 471 152 28 lagutskottet.

150 506 44 21 N:o
210 505 38 28 29)
270 505 63 22 Hans
352 505 127 29 Kejserliga
496 505 119 29 Majestäts
638 505 81 30 nädiga
737 505 102 29 proposi-

83 541 57 26 tion,
156 540 113 29 angäende
285 540 191 29 salpetergärdens
492 540 144 22 afskaffande.

151 574 159 23 Remitterades
326 575 34 21 till
376 578 65 18 stats-
456 574 52 22 eller
523 574 186 22 finansutskottet.

152 609 90 21 Ankom
258 617 26 13 en
301 609 129 29 deputation
451 609 47 21 frän
518 609 139 29 högvördige
675 608 164 30 presteständet

82 644 70 22 under
168 644 118 22 anförande
306 644 24 21 af
342 644 50 21 herr
412 644 208 28 kontraktsprosten
640 644 91 28 Hellen,
751 642 88 23 hvilken

82 679 92 22 helsade
190 679 36 21 det
242 678 115 29 välloflige
372 678 182 29 borgareståndet
569 678 43 22 och
625 679 105 21 förmälde
743 681 32 18 att
785 678 55 28 hög-

83 713 93 29 vördige
196 713 162 29 presteståndet
377 713 84 29 antagit
480 712 25 22 de
525 713 6 21 i
547 713 221 22 talmanskonklaven
783 712 57 22 före-

84 748 78 29 slagna
178 748 33 28 sju
226 747 126 27 utskotten;
371 747 119 29 hvarjemte
509 747 50 22 herr
577 747 210 29 kontraktsprosten
807 746 34 21 till

84 782 51 22 herr
154 782 125 21 talmannen
298 782 122 22 aflemnade
439 782 173 28 presteståndets
635 780 206 30 protokollsutdrag

86 817 24 21 af
124 816 42 22 den
181 816 27 22 26
224 816 7 21 i
247 816 70 22 denne
332 816 87 28 månad,
436 816 111 29 angående
563 816 118 22 förrättadt
695 816 36 22 val
747 816 24 21 af
783 815 58 21 leda-

86 852 70 21 möter
172 851 32 21 uti
224 850 122 29 utskotten,
365 851 73 22 dertill
457 854 90 19 utsetts:
565 852 8 21 i
591 850 156 31 lagutskottet,
767 850 74 22 herrar

86 886 134 27 Schauman,
236 893 44 13 von
295 885 81 27 Essen,
392 885 119 28 Helander,
526 886 112 27 Granfelt,
653 885 132 29 Rosengren
801 884 41 22 och

86 919 122 27 Stenbäck;
231 920 7 20 i
257 923 65 18 stats-
338 921 53 20 eller
412 920 190 22 finansutskottet:
625 920 75 22 herrar
722 919 120 27 Borenius,

89 953 88 23 Henrik
191 953 81 22 Heikel
292 954 41 22 och
350 948 74 33 Sirén;
442 955 8 20 i
465 954 176 22 bankutskottet:
660 955 76 21 herrar
750 953 93 27 Hellen,

88 989 75 22 Julius
179 988 121 22 Immanuel
314 989 76 29 Bergh
406 989 42 22 och
463 989 86 22 Henrik
564 989 91 26 Heikel;
674 989 7 20 i
700 987 143 29 bevillnings-

92 1023 118 22 utskottet:
233 1023 75 22 herrar
326 1023 117 29 Alopeus,
462 1023 93 22 Renvall
575 1023 40 22 och
631 1023 80 22 Albert
730 1021 91 27 Heikel;
836 1021 8 22 i

91 1057 235 23 ekonomieutskottet:
346 1058 75 21 herrar
436 1058 93 27 Geitlin,
548 1057 118 28 Hackzell,
685 1057 72 28 Borg,
773 1055 72 23 Gran-

89 1093 51 27 felt,
160 1092 124 29 Hertzberg
303 1093 42 21 och
364 1093 132 28 Europxus;
514 1093 8 20 i
541 1092 211 25 besvärsutskottet;
770 1091 75 21 herrar

88 1127 130 29 Grönberg,
238 1127 74 21 Johan
327 1127 94 22 Fredrik
440 1127 74 29 Bergh
533 1127 41 22 och
591 1125 105 29 Castren,
715 1128 57 19 samt
786 1125 7 21 i
809 1133 36 14 ex-

87 1162 232 29 peditionsutskottet:
335 1163 75 22 herrar
424 1162 103 28 Renvall,
543 1161 63 23 Sirén
622 1162 42 22 och
679 1162 126 22 Ehrström.

157 1197 60 22 Herr
236 1198 151 22 talmannen
406 1198 119 22 betackade
544 1198 167 29 deputationen,
735 1195 49 23 med
802 1194 45 22 till

87 1232 179 28 kännagifvande
282 1236 32 18 att
325 1232 113 30 välloflige
450 1232 181 30 borgareständet
642 1231 118 23 framdeles
776 1229 70 23 skulle

82 1266 72 21 hafva
170 1267 54 20 äran
239 1266 101 22 meddela
355 1267 138 29 högvördige
508 1267 163 28 presteständet
683 1266 40 22 sitt
733 1264 114 30 tillgöran-

82 1300 27 22 de
125 1300 7 21 i
151 1300 78 30 frågan
247 1309 35 13 om
302 1301 126 23 utskottens
451 1301 147 27 tillsättande,
617 1301 52 21 derä
686 1299 161 29 deputationen

82 1334 106 22 afträdde.

151 1368 105 23 Härefter
272 1370 116 29 föredrogs
404 1370 24 22 af
442 1370 49 22 herr
506 1370 163 22 talmannen:

155 1402 45 22 N:o
218 1404 38 28 43)
280 1404 63 22 Hans
364 1405 126 29 Kejserliga
508 1404 119 29 Majestäts
646 1404 83 28 nädiga
746 1402 103 28 proposi-

84 1438 58 27 tion,
159 1438 114 29 angående
289 1439 107 29 utvidgad
412 1439 101 22 handels-
528 1439 41 21 och
586 1436 165 31 näringsfrihet.
