992 1725
188 106 41 22 172

158 170 55 26 tion,
227 169 85 29 yttrade
327 170 87 22 ståndet
430 169 113 29 enhälligt,
559 170 32 20 att
606 168 164 30 ifrågavarande
787 169 90 28 petition
891 170 20 28 ej

159 211 53 14 vore
230 204 35 22 för
282 204 135 22 närvarande
436 203 108 29 behöflig,
563 203 52 22 cnär
630 203 75 28 frågan
721 203 65 21 redan
802 204 72 21 blifvit
888 205 25 20 af

158 238 128 29 regeringen
305 237 206 29 uppmärksammad
529 237 42 22 och
591 237 84 22 komme
694 240 32 18 att
745 238 113 22 framdeles
874 238 37 21 vid

159 272 106 29 landtdag
279 272 115 22 ständerne
410 272 131 29 föreläggas.

227 312 59 23 Herr
304 312 118 22 Therméns
441 312 92 29 petition
553 315 32 19 att
603 312 71 29 ledige
690 312 185 29 lagmanstjenster
891 313 18 28 ej

159 346 37 23 mä
209 347 29 29 på
252 347 108 23 ordinarie
375 349 44 20 stat
434 347 148 22 äterbesättas.

227 387 59 22 Herr
300 381 142 34 Öhrnberg
458 387 103 22 förenade
576 387 35 29 sig
625 387 7 21 i
647 386 50 23 herr
707 387 118 22 Thermens
837 387 73 22 anhäl-

158 421 37 23 Jan
216 429 36 14 om
274 422 130 27 petitionens
427 421 152 23 remitterande
599 421 33 22 till
649 421 98 22 ståndets
762 421 97 24 enskilda
873 423 37 20 be-

158 455 153 23 svärsutskott.

227 489 59 24 Herr
305 489 158 30 Tengström
485 489 51 23 ville
557 490 180 29 upplysningsvis
759 489 98 22 meddela
878 493 32 18 att

158 524 118 29 kejserliga
296 527 99 26 senaten,
418 525 7 22 i
448 524 116 29 anledning
585 525 26 21 af
629 524 128 29 lagmannen
776 524 7 22 i
802 524 107 30 Wiborgs

158 559 101 29 lagsaga,
273 559 118 23 statsrådet
405 559 111 23 Lohmans
531 559 114 22 inträffade
656 559 55 28 död,
723 560 63 21 fattat
796 559 71 22 beslut
877 562 33 19 att

158 593 35 22 till
207 593 64 23 Hans
285 593 124 29 Kejserliga
424 593 104 29 Majestät
540 593 51 29 ingå
603 594 48 22 med
663 594 134 28 underdånig
809 594 100 21 hemstäl-

158 628 38 21 lan
212 628 87 28 derom,
316 630 32 20 att
367 627 94 23 nämnde
476 628 64 28 tjenst
555 628 111 22 äfvensom
682 628 70 28 öfrige
766 628 143 28 lagmansem-

159 662 75 27 beten,
247 668 47 16 som
309 662 73 22 kunde
397 662 70 22 blifva
480 662 83 28 lediga,
574 662 49 22 icke
633 662 70 22 skulle
714 662 128 22 ordinariter
853 662 55 22 åter-

158 696 96 22 besättas
272 696 65 22 innan
356 696 76 29 frågan
449 704 34 14 om
498 696 62 22 desse
575 697 100 28 tjensters
690 696 132 30 indragande
837 696 72 23 blifvit

157 730 95 29 afgjord.
280 730 102 23 Nämnde
400 730 115 29 kejserliga
534 734 101 19 senatens
653 730 77 29 åtgärd
746 731 67 28 ansåg
827 731 82 21 talaren

158 764 58 22 dock
233 765 21 28 ej
273 765 52 30 böra
343 765 78 22 hindra
436 764 85 23 ståndet
535 768 31 18 att
581 768 79 26 antaga
675 764 49 22 herr
739 764 117 22 Thermens
871 772 38 21 pe-

157 798 76 28 tition,
247 798 88 24 hvilken
351 800 83 23 talaren
450 800 33 21 för
497 799 33 22 sin
545 799 35 22 del
593 799 73 27 biföll,
677 799 48 23 med
738 799 127 22 hemställan
877 802 32 19 att

157 833 52 28 den,
231 833 72 23 såsom
325 834 50 22 herr
394 828 117 34 Ohrnberg
529 834 124 29 föreslagit,
675 833 71 23 skulle
765 833 144 23 öfverlemnas

157 867 35 23 till
206 868 120 29 beredning
340 869 8 22 i
363 868 98 23 ståndets
476 869 181 22 besvärsutskott.

224 901 60 24 Herr
296 902 126 22 Juselius
438 902 104 22 instemde
556 903 7 21 i
580 902 49 22 herr
643 901 143 30 Tengströms
801 903 40 21 och
857 903 51 22 öfri-

156 943 28 22 ge
202 936 80 23 talares
301 937 83 29 förslag
399 944 35 16 om
450 936 40 22 den
506 944 27 14 nu
550 937 165 29 ifrågavarande
729 937 132 29 petitionens
875 945 33 14 re-

156 971 129 22 mitterande
299 971 33 22 till
348 971 98 23 ständets
462 971 179 24 besvärsutskott,

224 1005 60 23 Herr
298 1004 29 24 C.
342 1005 22 22 J.
380 1005 141 29 Grönberg
543 1006 68 29 ansåg
628 1008 33 20 att
678 1006 28 21 dä
726 1006 48 21 herr
790 1005 118 23 Thermens

156 1039 92 28 petition
264 1040 74 23 blifvit
353 1039 113 24 föranledd
482 1040 23 23 af
517 1040 163 30 öfvertygelsen
692 1043 31 18 att
735 1040 175 29 lagmansrätter-

156 1081 28 14 ne
202 1081 51 14 vore
269 1073 121 30 hinderlige
406 1075 34 22 för
455 1074 67 29 nödig
537 1074 157 30 skyndsamhet
708 1074 8 22 i
731 1074 178 30 lagskipningen,

156 1107 68 23 borde
240 1108 120 29 petitionen
376 1109 86 21 affattas
480 1109 8 21 i
505 1108 37 23 det
559 1109 70 30 syfte,
647 1111 32 19 att
694 1109 215 29 lagmanstjensterne

155 1145 79 26 genast
252 1142 71 22 skulle
339 1142 99 31 upphöra
453 1146 32 19 att
498 1143 87 23 utöfvas
601 1144 40 23 och
657 1146 71 27 steget
742 1143 90 21 sälunda
847 1146 62 26 tagas

155 1176 51 22 fullt
224 1181 30 17 ut.
288 1176 34 23 De
341 1185 28 14 nu
385 1178 7 21 i
408 1178 64 28 tjenst
488 1178 93 23 varande
597 1178 128 29 lagmännen
741 1177 70 23 skulle
826 1178 35 20 väl
877 1178 32 21 bi-

156 1210 98 22 behållas
272 1211 37 22 vid
327 1212 126 28 åtnjutande
470 1212 25 21 af
510 1212 48 22 sina
573 1212 176 26 löncinkomster,
765 1212 24 20 sä
803 1211 64 28 länge
881 1212 28 21 de

154 1245 68 26 lefde;
237 1253 48 16 men
302 1247 55 22 efter
371 1246 63 23 deras
450 1246 43 23 död
509 1246 67 24 borde
588 1248 117 27 tjensterne
716 1246 95 23 hvarken
823 1246 86 22 ordina-

154 1279 53 22 riter
222 1279 54 22 eller
292 1280 28 28 pä
334 1283 61 20 extra
410 1280 109 23 ordinarie
535 1282 32 22 fot
583 1281 102 22 besättas.

223 1314 33 22 På
272 1314 74 22 derom
362 1315 25 21 af
400 1314 48 22 herr
463 1315 152 23 talmannen
632 1314 120 22 framställd
765 1314 144 30 proposition,

154 1348 83 22 beslöts
256 1348 108 30 enhälligt
382 1352 32 19 att
432 1350 50 21 herr
497 1349 120 23 Therméns
637 1348 166 30 ifrågavarande
818 1348 91 28 petition

153 1382 71 23 skulle
236 1384 68 27 jemte
320 1384 201 32 protokollsutdrag
536 1384 121 24 remitteras
674 1383 33 24 till
719 1382 97 24 ståndets
829 1382 80 24 enskil-

153 1416 29 22 da
197 1416 182 24 besvärsutskott.
