<?xml version="1.0" encoding="UTF-8"?>
<alto xmlns="http://www.loc.gov/standards/alto/ns-v3#" xmlns:xlink="http://www.w3.org/1999/xlink" xmlns:xsi="http://www.w3.org/2001/XMLSchema-instance" xsi:schemaLocation="http://www.loc.gov/standards/alto/ns-v3# http://www.loc.gov/alto/v3/alto-3-0.xsd">
	<Description>
		<MeasurementUnit>pixel</MeasurementUnit>
		<sourceImageInformation>
			<fileName>/tmp/tess_4eo9epi4_input.PNG</fileName>
		</sourceImageInformation>
		<OCRProcessing ID="OCR_0">
			<ocrProcessingStep>
				<processingSoftware>
					<softwareName>tesseract 5.3.4</softwareName>
				</processingSoftware>
			</ocrProcessingStep>
		</OCRProcessing>
	</Description>
	<Layout>
		<Page WIDTH="992" HEIGHT="1725" PHYSICAL_IMG_NR="0" ID="page_0">
			<PrintSpace HPOS="0" VPOS="0" WIDTH="992" HEIGHT="1725">
				<ComposedBlock ID="cblock_0" HPOS="89" VPOS="125" WIDTH="764" HEIGHT="703">
					<TextBlock ID="block_0" HPOS="797" VPOS="125" WIDTH="28" HEIGHT="24">
						<TextLine ID="line_0" HPOS="797" VPOS="125" WIDTH="28" HEIGHT="24">
							<String ID="string_0" HPOS="797" VPOS="125" WIDTH="28" HEIGHT="24" WC="0.95" CONTENT="18"/>
						</TextLine>
					</TextBlock>
					<TextBlock ID="block_1" HPOS="89" VPOS="188" WIDTH="764" HEIGHT="169">
						<TextLine ID="line_1" HPOS="160" VPOS="188" WIDTH="693" HEIGHT="30">
							<String ID="string_1" HPOS="160" VPOS="189" WIDTH="98" HEIGHT="24" WC="0.91" CONTENT="Stånden"/><SP WIDTH="15" VPOS="189" HPOS="258"/>
							<String ID="string_2" HPOS="273" VPOS="188" WIDTH="99" HEIGHT="24" WC="0.92" CONTENT="afträdde"/><SP WIDTH="15" VPOS="188" HPOS="372"/>
							<String ID="string_3" HPOS="387" VPOS="188" WIDTH="53" HEIGHT="23" WC="0.91" CONTENT="derå"/><SP WIDTH="15" VPOS="188" HPOS="440"/>
							<String ID="string_4" HPOS="455" VPOS="188" WIDTH="48" HEIGHT="23" WC="0.96" CONTENT="från"/><SP WIDTH="15" VPOS="188" HPOS="503"/>
							<String ID="string_5" HPOS="518" VPOS="188" WIDTH="110" HEIGHT="23" WC="0.96" CONTENT="rikssalen"/><SP WIDTH="13" VPOS="188" HPOS="628"/>
							<String ID="string_6" HPOS="641" VPOS="189" WIDTH="43" HEIGHT="22" WC="0.93" CONTENT="och"/><SP WIDTH="11" VPOS="189" HPOS="684"/>
							<String ID="string_7" HPOS="695" VPOS="189" WIDTH="158" HEIGHT="29" WC="0.91" CONTENT="borgarestån-"/>
						</TextLine>
						<TextLine ID="line_2" HPOS="90" VPOS="223" WIDTH="762" HEIGHT="28">
							<String ID="string_8" HPOS="90" VPOS="224" WIDTH="38" HEIGHT="22" WC="0.96" CONTENT="det"/><SP WIDTH="14" VPOS="224" HPOS="128"/>
							<String ID="string_9" HPOS="142" VPOS="224" WIDTH="176" HEIGHT="24" WC="0.93" CONTENT="sammanträdde"/><SP WIDTH="15" VPOS="224" HPOS="318"/>
							<String ID="string_10" HPOS="333" VPOS="224" WIDTH="13" HEIGHT="22" WC="0.92" CONTENT="å"/><SP WIDTH="16" VPOS="224" HPOS="346"/>
							<String ID="string_11" HPOS="362" VPOS="224" WIDTH="98" HEIGHT="22" WC="0.92" CONTENT="ståndets"/><SP WIDTH="15" VPOS="224" HPOS="460"/>
							<String ID="string_12" HPOS="475" VPOS="231" WIDTH="58" HEIGHT="20" WC="0.96" CONTENT="rum,"/><SP WIDTH="16" VPOS="231" HPOS="533"/>
							<String ID="string_13" HPOS="549" VPOS="224" WIDTH="40" HEIGHT="21" WC="0.96" CONTENT="der"/><SP WIDTH="14" VPOS="224" HPOS="589"/>
							<String ID="string_14" HPOS="603" VPOS="223" WIDTH="51" HEIGHT="23" WC="0.96" CONTENT="herr"/><SP WIDTH="15" VPOS="223" HPOS="654"/>
							<String ID="string_15" HPOS="669" VPOS="224" WIDTH="128" HEIGHT="22" WC="0.93" CONTENT="talmannen"/><SP WIDTH="10" VPOS="224" HPOS="797"/>
							<String ID="string_16" HPOS="807" VPOS="225" WIDTH="45" HEIGHT="22" WC="0.92" CONTENT="till-"/>
						</TextLine>
						<TextLine ID="line_3" HPOS="89" VPOS="258" WIDTH="762" HEIGHT="30">
							<String ID="string_17" HPOS="89" VPOS="259" WIDTH="115" HEIGHT="29" WC="0.91" CONTENT="kännagaf"/><SP WIDTH="13" VPOS="259" HPOS="204"/>
							<String ID="string_18" HPOS="217" VPOS="262" WIDTH="32" HEIGHT="18" WC="0.93" CONTENT="att"/><SP WIDTH="16" VPOS="262" HPOS="249"/>
							<String ID="string_19" HPOS="265" VPOS="258" WIDTH="98" HEIGHT="23" WC="0.92" CONTENT="ståndets"/><SP WIDTH="19" VPOS="258" HPOS="363"/>
							<String ID="string_20" HPOS="382" VPOS="258" WIDTH="101" HEIGHT="30" WC="0.91" CONTENT="samtlige"/><SP WIDTH="18" VPOS="258" HPOS="483"/>
							<String ID="string_21" HPOS="501" VPOS="258" WIDTH="142" HEIGHT="22" WC="0.95" CONTENT="medlemmar"/><SP WIDTH="16" VPOS="258" HPOS="643"/>
							<String ID="string_22" HPOS="659" VPOS="258" WIDTH="76" HEIGHT="23" WC="0.96" CONTENT="blifvit"/><SP WIDTH="14" VPOS="258" HPOS="735"/>
							<String ID="string_23" HPOS="749" VPOS="260" WIDTH="25" HEIGHT="20" WC="0.96" CONTENT="af"/><SP WIDTH="12" VPOS="260" HPOS="774"/>
							<String ID="string_24" HPOS="786" VPOS="259" WIDTH="65" HEIGHT="22" WC="0.96" CONTENT="Hans"/>
						</TextLine>
						<TextLine ID="line_4" HPOS="90" VPOS="292" WIDTH="763" HEIGHT="32">
							<String ID="string_25" HPOS="90" VPOS="293" WIDTH="108" HEIGHT="29" WC="0.75" CONTENT="Majestät"/><SP WIDTH="18" VPOS="293" HPOS="198"/>
							<String ID="string_26" HPOS="216" VPOS="293" WIDTH="110" HEIGHT="30" WC="0.96" CONTENT="Kejsaren"/><SP WIDTH="22" VPOS="293" HPOS="326"/>
							<String ID="string_27" HPOS="348" VPOS="293" WIDTH="94" HEIGHT="23" WC="0.96" CONTENT="befallde"/><SP WIDTH="23" VPOS="293" HPOS="442"/>
							<String ID="string_28" HPOS="465" VPOS="293" WIDTH="34" HEIGHT="22" WC="0.92" CONTENT="till"/><SP WIDTH="19" VPOS="293" HPOS="499"/>
							<String ID="string_29" HPOS="518" VPOS="292" WIDTH="164" HEIGHT="30" WC="0.91" CONTENT="middagstaffel"/><SP WIDTH="20" VPOS="292" HPOS="682"/>
							<String ID="string_30" HPOS="702" VPOS="294" WIDTH="13" HEIGHT="21" WC="0.92" CONTENT="å"/><SP WIDTH="18" VPOS="294" HPOS="715"/>
							<String ID="string_31" HPOS="733" VPOS="294" WIDTH="120" HEIGHT="30" WC="0.96" CONTENT="kejserliga"/>
						</TextLine>
						<TextLine ID="line_5" HPOS="94" VPOS="327" WIDTH="469" HEIGHT="30">
							<String ID="string_32" HPOS="94" VPOS="328" WIDTH="76" HEIGHT="22" WC="0.96" CONTENT="slottet"/><SP WIDTH="19" VPOS="328" HPOS="170"/>
							<String ID="string_33" HPOS="189" VPOS="328" WIDTH="3" HEIGHT="21" WC="0.96" CONTENT="i"/><SP WIDTH="15" VPOS="328" HPOS="192"/>
							<String ID="string_34" HPOS="207" VPOS="336" WIDTH="94" HEIGHT="21" WC="0.96" CONTENT="morgon"/><SP WIDTH="15" VPOS="336" HPOS="301"/>
							<String ID="string_35" HPOS="316" VPOS="328" WIDTH="29" HEIGHT="21" WC="0.95" CONTENT="kl."/><SP WIDTH="16" VPOS="328" HPOS="345"/>
							<String ID="string_36" HPOS="361" VPOS="327" WIDTH="49" HEIGHT="23" WC="0.96" CONTENT="half"/><SP WIDTH="11" VPOS="327" HPOS="410"/>
							<String ID="string_37" HPOS="421" VPOS="328" WIDTH="35" HEIGHT="22" WC="0.96" CONTENT="till"/><SP WIDTH="16" VPOS="328" HPOS="456"/>
							<String ID="string_38" HPOS="472" VPOS="328" WIDTH="12" HEIGHT="21" WC="0.93" CONTENT="3"/><SP WIDTH="15" VPOS="328" HPOS="484"/>
							<String ID="string_39" HPOS="499" VPOS="336" WIDTH="19" HEIGHT="14" WC="0.91" CONTENT="e."/><SP WIDTH="15" VPOS="336" HPOS="518"/>
							<String ID="string_40" HPOS="533" VPOS="336" WIDTH="30" HEIGHT="14" WC="0.90" CONTENT="m."/>
						</TextLine>
					</TextBlock>
					<TextBlock ID="block_2" HPOS="90" VPOS="362" WIDTH="761" HEIGHT="367">
						<TextLine ID="line_6" HPOS="159" VPOS="362" WIDTH="692" HEIGHT="23">
							<String ID="string_41" HPOS="159" VPOS="362" WIDTH="61" HEIGHT="22" WC="0.96" CONTENT="Herr"/><SP WIDTH="16" VPOS="362" HPOS="220"/>
							<String ID="string_42" HPOS="236" VPOS="363" WIDTH="152" HEIGHT="22" WC="0.93" CONTENT="talmannen"/><SP WIDTH="18" VPOS="363" HPOS="388"/>
							<String ID="string_43" HPOS="406" VPOS="362" WIDTH="163" HEIGHT="23" WC="0.91" CONTENT="öfverlemnade"/><SP WIDTH="15" VPOS="362" HPOS="569"/>
							<String ID="string_44" HPOS="584" VPOS="362" WIDTH="34" HEIGHT="22" WC="0.96" CONTENT="till"/><SP WIDTH="16" VPOS="362" HPOS="618"/>
							<String ID="string_45" HPOS="634" VPOS="362" WIDTH="89" HEIGHT="23" WC="0.96" CONTENT="ståndet"/><SP WIDTH="18" VPOS="362" HPOS="723"/>
							<String ID="string_46" HPOS="741" VPOS="363" WIDTH="110" HEIGHT="22" WC="0.96" CONTENT="huruvida"/>
						</TextLine>
						<TextLine ID="line_7" HPOS="90" VPOS="397" WIDTH="761" HEIGHT="29">
							<String ID="string_47" HPOS="90" VPOS="397" WIDTH="49" HEIGHT="22" WC="0.95" CONTENT="icke"/><SP WIDTH="15" VPOS="397" HPOS="139"/>
							<String ID="string_48" HPOS="154" VPOS="397" WIDTH="79" HEIGHT="29" WC="0.96" CONTENT="åtgärd"/><SP WIDTH="18" VPOS="397" HPOS="233"/>
							<String ID="string_49" HPOS="251" VPOS="397" WIDTH="69" HEIGHT="22" WC="0.96" CONTENT="borde"/><SP WIDTH="20" VPOS="397" HPOS="320"/>
							<String ID="string_50" HPOS="340" VPOS="397" WIDTH="100" HEIGHT="29" WC="0.96" CONTENT="vidtagas"/><SP WIDTH="21" VPOS="397" HPOS="440"/>
							<String ID="string_51" HPOS="461" VPOS="398" WIDTH="7" HEIGHT="20" WC="0.96" CONTENT="i"/><SP WIDTH="18" VPOS="398" HPOS="468"/>
							<String ID="string_52" HPOS="486" VPOS="397" WIDTH="103" HEIGHT="22" WC="0.93" CONTENT="afseende"/><SP WIDTH="16" VPOS="397" HPOS="589"/>
							<String ID="string_53" HPOS="605" VPOS="397" WIDTH="12" HEIGHT="22" WC="0.92" CONTENT="å"/><SP WIDTH="15" VPOS="397" HPOS="617"/>
							<String ID="string_54" HPOS="632" VPOS="397" WIDTH="139" HEIGHT="22" WC="0.91" CONTENT="anställande"/><SP WIDTH="16" VPOS="397" HPOS="771"/>
							<String ID="string_55" HPOS="787" VPOS="397" WIDTH="24" HEIGHT="22" WC="0.96" CONTENT="af"/><SP WIDTH="12" VPOS="397" HPOS="811"/>
							<String ID="string_56" HPOS="823" VPOS="405" WIDTH="28" HEIGHT="14" WC="0.96" CONTENT="en"/>
						</TextLine>
						<TextLine ID="line_8" HPOS="91" VPOS="431" WIDTH="760" HEIGHT="30">
							<String ID="string_57" HPOS="91" VPOS="431" WIDTH="145" HEIGHT="28" WC="0.96" CONTENT="sekreterare,"/><SP WIDTH="20" VPOS="431" HPOS="236"/>
							<String ID="string_58" HPOS="256" VPOS="439" WIDTH="48" HEIGHT="14" WC="0.93" CONTENT="som"/><SP WIDTH="18" VPOS="439" HPOS="304"/>
							<String ID="string_59" HPOS="322" VPOS="431" WIDTH="62" HEIGHT="30" WC="0.92" CONTENT="ålåge"/><SP WIDTH="18" VPOS="431" HPOS="384"/>
							<String ID="string_60" HPOS="402" VPOS="432" WIDTH="50" HEIGHT="21" WC="0.96" CONTENT="föra"/><SP WIDTH="21" VPOS="432" HPOS="452"/>
							<String ID="string_61" HPOS="473" VPOS="431" WIDTH="113" HEIGHT="29" WC="0.96" CONTENT="protokoll"/><SP WIDTH="19" VPOS="431" HPOS="586"/>
							<String ID="string_62" HPOS="605" VPOS="431" WIDTH="63" HEIGHT="23" WC="0.93" CONTENT="öfver"/><SP WIDTH="20" VPOS="431" HPOS="668"/>
							<String ID="string_63" HPOS="688" VPOS="432" WIDTH="99" HEIGHT="22" WC="0.91" CONTENT="ståndets"/><SP WIDTH="19" VPOS="432" HPOS="787"/>
							<String ID="string_64" HPOS="806" VPOS="432" WIDTH="45" HEIGHT="21" WC="0.91" CONTENT="för-"/>
						</TextLine>
						<TextLine ID="line_9" HPOS="90" VPOS="465" WIDTH="760" HEIGHT="30">
							<String ID="string_65" HPOS="90" VPOS="465" WIDTH="138" HEIGHT="30" WC="0.95" CONTENT="handlingar,"/><SP WIDTH="16" VPOS="465" HPOS="228"/>
							<String ID="string_66" HPOS="244" VPOS="469" WIDTH="57" HEIGHT="18" WC="0.95" CONTENT="samt"/><SP WIDTH="15" VPOS="469" HPOS="301"/>
							<String ID="string_67" HPOS="316" VPOS="474" WIDTH="36" HEIGHT="13" WC="0.96" CONTENT="om"/><SP WIDTH="15" VPOS="474" HPOS="352"/>
							<String ID="string_68" HPOS="367" VPOS="466" WIDTH="121" HEIGHT="29" WC="0.96" CONTENT="antagande"/><SP WIDTH="16" VPOS="466" HPOS="488"/>
							<String ID="string_69" HPOS="504" VPOS="467" WIDTH="25" HEIGHT="21" WC="0.96" CONTENT="af"/><SP WIDTH="12" VPOS="467" HPOS="529"/>
							<String ID="string_70" HPOS="541" VPOS="466" WIDTH="42" HEIGHT="22" WC="0.93" CONTENT="den"/><SP WIDTH="16" VPOS="466" HPOS="583"/>
							<String ID="string_71" HPOS="599" VPOS="466" WIDTH="189" HEIGHT="29" WC="0.91" CONTENT="kanslipersonal,"/><SP WIDTH="13" VPOS="466" HPOS="788"/>
							<String ID="string_72" HPOS="801" VPOS="474" WIDTH="49" HEIGHT="14" WC="0.96" CONTENT="som"/>
						</TextLine>
						<TextLine ID="line_10" HPOS="90" VPOS="499" WIDTH="760" HEIGHT="30">
							<String ID="string_73" HPOS="90" VPOS="501" WIDTH="34" HEIGHT="21" WC="0.96" CONTENT="för"/><SP WIDTH="16" VPOS="501" HPOS="124"/>
							<String ID="string_74" HPOS="140" VPOS="501" WIDTH="68" HEIGHT="28" WC="0.95" CONTENT="öfrigt"/><SP WIDTH="14" VPOS="501" HPOS="208"/>
							<String ID="string_75" HPOS="222" VPOS="508" WIDTH="54" HEIGHT="14" WC="0.96" CONTENT="vore"/><SP WIDTH="15" VPOS="508" HPOS="276"/>
							<String ID="string_76" HPOS="291" VPOS="501" WIDTH="25" HEIGHT="20" WC="0.96" CONTENT="af"/><SP WIDTH="12" VPOS="501" HPOS="316"/>
							<String ID="string_77" HPOS="328" VPOS="501" WIDTH="79" HEIGHT="21" WC="0.96" CONTENT="nöden."/><SP WIDTH="23" VPOS="501" HPOS="407"/>
							<String ID="string_78" HPOS="430" VPOS="499" WIDTH="50" HEIGHT="23" WC="0.96" CONTENT="Och"/><SP WIDTH="14" VPOS="499" HPOS="480"/>
							<String ID="string_79" HPOS="494" VPOS="501" WIDTH="49" HEIGHT="22" WC="0.96" CONTENT="blef"/><SP WIDTH="12" VPOS="501" HPOS="543"/>
							<String ID="string_80" HPOS="555" VPOS="501" WIDTH="52" HEIGHT="21" WC="0.80" CONTENT="herr"/><SP WIDTH="10" VPOS="501" HPOS="607"/>
							<String ID="string_81" HPOS="617" VPOS="501" WIDTH="127" HEIGHT="22" WC="0.95" CONTENT="talmannen"/><SP WIDTH="12" VPOS="501" HPOS="744"/>
							<String ID="string_82" HPOS="756" VPOS="501" WIDTH="25" HEIGHT="22" WC="0.93" CONTENT="af"/><SP WIDTH="9" VPOS="501" HPOS="781"/>
							<String ID="string_83" HPOS="790" VPOS="501" WIDTH="60" HEIGHT="22" WC="0.92" CONTENT="stän-"/>
						</TextLine>
						<TextLine ID="line_11" HPOS="90" VPOS="534" WIDTH="760" HEIGHT="30">
							<String ID="string_84" HPOS="90" VPOS="534" WIDTH="48" HEIGHT="22" WC="0.96" CONTENT="dets"/><SP WIDTH="16" VPOS="534" HPOS="138"/>
							<String ID="string_85" HPOS="154" VPOS="534" WIDTH="139" HEIGHT="23" WC="0.93" CONTENT="medlemmar"/><SP WIDTH="15" VPOS="534" HPOS="293"/>
							<String ID="string_86" HPOS="308" VPOS="535" WIDTH="108" HEIGHT="22" WC="0.91" CONTENT="anmodad"/><SP WIDTH="16" VPOS="535" HPOS="416"/>
							<String ID="string_87" HPOS="432" VPOS="537" WIDTH="32" HEIGHT="20" WC="0.93" CONTENT="att"/><SP WIDTH="10" VPOS="537" HPOS="464"/>
							<String ID="string_88" HPOS="474" VPOS="535" WIDTH="116" HEIGHT="22" WC="0.91" CONTENT="framdeles"/><SP WIDTH="12" VPOS="535" HPOS="590"/>
							<String ID="string_89" HPOS="602" VPOS="535" WIDTH="82" HEIGHT="22" WC="0.96" CONTENT="föreslå"/><SP WIDTH="12" VPOS="535" HPOS="684"/>
							<String ID="string_90" HPOS="696" VPOS="535" WIDTH="73" HEIGHT="29" WC="0.92" CONTENT="någon"/><SP WIDTH="11" VPOS="535" HPOS="769"/>
							<String ID="string_91" HPOS="780" VPOS="535" WIDTH="70" HEIGHT="29" WC="0.92" CONTENT="lämp-"/>
						</TextLine>
						<TextLine ID="line_12" HPOS="90" VPOS="569" WIDTH="760" HEIGHT="30">
							<String ID="string_92" HPOS="90" VPOS="569" WIDTH="32" HEIGHT="29" WC="0.96" CONTENT="lig"/><SP WIDTH="15" VPOS="569" HPOS="122"/>
							<String ID="string_93" HPOS="137" VPOS="576" WIDTH="82" HEIGHT="21" WC="0.96" CONTENT="person"/><SP WIDTH="11" VPOS="576" HPOS="219"/>
							<String ID="string_94" HPOS="230" VPOS="569" WIDTH="34" HEIGHT="22" WC="0.93" CONTENT="till"/><SP WIDTH="12" VPOS="569" HPOS="264"/>
							<String ID="string_95" HPOS="276" VPOS="569" WIDTH="298" HEIGHT="30" WC="0.92" CONTENT="sekreterarebefattningens"/><SP WIDTH="17" VPOS="569" HPOS="574"/>
							<String ID="string_96" HPOS="591" VPOS="569" WIDTH="177" HEIGHT="28" WC="0.91" CONTENT="handhafvande,"/><SP WIDTH="16" VPOS="569" HPOS="768"/>
							<String ID="string_97" HPOS="784" VPOS="569" WIDTH="66" HEIGHT="22" WC="0.92" CONTENT="hvar-"/>
						</TextLine>
						<TextLine ID="line_13" HPOS="90" VPOS="603" WIDTH="759" HEIGHT="31">
							<String ID="string_98" HPOS="90" VPOS="603" WIDTH="56" HEIGHT="22" WC="0.96" CONTENT="efter"/><SP WIDTH="15" VPOS="603" HPOS="146"/>
							<String ID="string_99" HPOS="161" VPOS="604" WIDTH="42" HEIGHT="22" WC="0.96" CONTENT="och"/><SP WIDTH="16" VPOS="604" HPOS="203"/>
							<String ID="string_100" HPOS="219" VPOS="604" WIDTH="68" HEIGHT="21" WC="0.96" CONTENT="sedan"/><SP WIDTH="15" VPOS="604" HPOS="287"/>
							<String ID="string_101" HPOS="302" VPOS="604" WIDTH="70" HEIGHT="22" WC="0.93" CONTENT="denne"/><SP WIDTH="20" VPOS="604" HPOS="372"/>
							<String ID="string_102" HPOS="392" VPOS="605" WIDTH="130" HEIGHT="28" WC="0.92" CONTENT="tjensteman"/><SP WIDTH="19" VPOS="605" HPOS="522"/>
							<String ID="string_103" HPOS="541" VPOS="604" WIDTH="75" HEIGHT="22" WC="0.95" CONTENT="blifvit"/><SP WIDTH="18" VPOS="604" HPOS="616"/>
							<String ID="string_104" HPOS="634" VPOS="607" WIDTH="106" HEIGHT="27" WC="0.96" CONTENT="antagen,"/><SP WIDTH="21" VPOS="607" HPOS="740"/>
							<String ID="string_105" HPOS="761" VPOS="604" WIDTH="34" HEIGHT="21" WC="0.93" CONTENT="till"/><SP WIDTH="15" VPOS="604" HPOS="795"/>
							<String ID="string_106" HPOS="810" VPOS="603" WIDTH="39" HEIGHT="22" WC="0.92" CONTENT="ho-"/>
						</TextLine>
						<TextLine ID="line_14" HPOS="90" VPOS="638" WIDTH="760" HEIGHT="30">
							<String ID="string_107" HPOS="90" VPOS="646" WIDTH="52" HEIGHT="14" WC="0.96" CONTENT="nom"/><SP WIDTH="16" VPOS="646" HPOS="142"/>
							<String ID="string_108" HPOS="158" VPOS="638" WIDTH="71" HEIGHT="22" WC="0.93" CONTENT="skulle"/><SP WIDTH="15" VPOS="638" HPOS="229"/>
							<String ID="string_109" HPOS="244" VPOS="638" WIDTH="146" HEIGHT="22" WC="0.92" CONTENT="öfverlemnas"/><SP WIDTH="16" VPOS="638" HPOS="390"/>
							<String ID="string_110" HPOS="406" VPOS="641" WIDTH="31" HEIGHT="19" WC="0.93" CONTENT="att"/><SP WIDTH="15" VPOS="641" HPOS="437"/>
							<String ID="string_111" HPOS="452" VPOS="638" WIDTH="84" HEIGHT="30" WC="0.92" CONTENT="afgifva"/><SP WIDTH="15" VPOS="638" HPOS="536"/>
							<String ID="string_112" HPOS="551" VPOS="638" WIDTH="84" HEIGHT="29" WC="0.96" CONTENT="förslag"/><SP WIDTH="16" VPOS="638" HPOS="635"/>
							<String ID="string_113" HPOS="651" VPOS="638" WIDTH="34" HEIGHT="22" WC="0.96" CONTENT="till"/><SP WIDTH="16" VPOS="638" HPOS="685"/>
							<String ID="string_114" HPOS="701" VPOS="638" WIDTH="42" HEIGHT="22" WC="0.93" CONTENT="den"/><SP WIDTH="16" VPOS="638" HPOS="743"/>
							<String ID="string_115" HPOS="759" VPOS="638" WIDTH="91" HEIGHT="29" WC="0.91" CONTENT="tjenste-"/>
						</TextLine>
						<TextLine ID="line_15" HPOS="90" VPOS="672" WIDTH="759" HEIGHT="34">
							<String ID="string_116" HPOS="90" VPOS="673" WIDTH="193" HEIGHT="28" WC="0.91" CONTENT="mannapersonal,"/><SP WIDTH="24" VPOS="673" HPOS="283"/>
							<String ID="string_117" HPOS="307" VPOS="681" WIDTH="47" HEIGHT="15" WC="0.96" CONTENT="som"/><SP WIDTH="22" VPOS="681" HPOS="354"/>
							<String ID="string_118" HPOS="376" VPOS="673" WIDTH="114" HEIGHT="22" WC="0.96" CONTENT="dessutom"/><SP WIDTH="21" VPOS="673" HPOS="490"/>
							<String ID="string_119" HPOS="511" VPOS="673" WIDTH="68" HEIGHT="22" WC="0.96" CONTENT="borde"/><SP WIDTH="19" VPOS="673" HPOS="579"/>
							<String ID="string_120" HPOS="598" VPOS="673" WIDTH="37" HEIGHT="22" WC="0.93" CONTENT="vid"/><SP WIDTH="21" VPOS="673" HPOS="635"/>
							<String ID="string_121" HPOS="656" VPOS="672" WIDTH="98" HEIGHT="23" WC="0.92" CONTENT="ståndets"/><SP WIDTH="22" VPOS="672" HPOS="754"/>
							<String ID="string_122" HPOS="776" VPOS="672" WIDTH="73" HEIGHT="34" WC="0.96" CONTENT="kansli"/>
						</TextLine>
						<TextLine ID="line_16" HPOS="91" VPOS="707" WIDTH="111" HEIGHT="22">
							<String ID="string_123" HPOS="91" VPOS="707" WIDTH="111" HEIGHT="22" WC="0.95" CONTENT="anställas."/>
						</TextLine>
					</TextBlock>
					<TextBlock ID="block_3" HPOS="160" VPOS="740" WIDTH="567" HEIGHT="31">
						<TextLine ID="line_17" HPOS="160" VPOS="740" WIDTH="567" HEIGHT="31">
							<String ID="string_124" HPOS="160" VPOS="740" WIDTH="176" HEIGHT="24" WC="0.96" CONTENT="Sammanträdet"/><SP WIDTH="15" VPOS="740" HPOS="336"/>
							<String ID="string_125" HPOS="351" VPOS="742" WIDTH="115" HEIGHT="29" WC="0.93" CONTENT="upphörde"/><SP WIDTH="14" VPOS="742" HPOS="466"/>
							<String ID="string_126" HPOS="480" VPOS="742" WIDTH="54" HEIGHT="22" WC="0.91" CONTENT="härå"/><SP WIDTH="14" VPOS="742" HPOS="534"/>
							<String ID="string_127" HPOS="548" VPOS="741" WIDTH="31" HEIGHT="23" WC="0.96" CONTENT="kl."/><SP WIDTH="16" VPOS="741" HPOS="579"/>
							<String ID="string_128" HPOS="595" VPOS="742" WIDTH="48" HEIGHT="22" WC="0.96" CONTENT="half"/><SP WIDTH="12" VPOS="742" HPOS="643"/>
							<String ID="string_129" HPOS="655" VPOS="742" WIDTH="35" HEIGHT="22" WC="0.96" CONTENT="till"/><SP WIDTH="16" VPOS="742" HPOS="690"/>
							<String ID="string_130" HPOS="706" VPOS="742" WIDTH="21" HEIGHT="21" WC="0.96" CONTENT="3."/>
						</TextLine>
					</TextBlock>
					<TextBlock ID="block_4" HPOS="546" VPOS="777" WIDTH="272" HEIGHT="51">
						<TextLine ID="line_18" HPOS="637" VPOS="777" WIDTH="95" HEIGHT="17">
							<String ID="string_131" HPOS="637" VPOS="777" WIDTH="23" HEIGHT="17" WC="0.96" CONTENT="In"/><SP WIDTH="11" VPOS="777" HPOS="660"/>
							<String ID="string_132" HPOS="671" VPOS="778" WIDTH="61" HEIGHT="16" WC="0.96" CONTENT="fidem:"/>
						</TextLine>
						<TextLine ID="line_19" HPOS="546" VPOS="803" WIDTH="272" HEIGHT="25">
							<String ID="string_133" HPOS="546" VPOS="804" WIDTH="94" HEIGHT="24" WC="0.85" CONTENT="Sixtus"/><SP WIDTH="17" VPOS="804" HPOS="640"/>
							<String ID="string_134" HPOS="657" VPOS="803" WIDTH="161" HEIGHT="25" WC="0.90" CONTENT="Calamnius."/>
						</TextLine>
					</TextBlock>
				</ComposedBlock>
				<ComposedBlock ID="cblock_1" HPOS="253" VPOS="931" WIDTH="425" HEIGHT="34">
					<TextBlock ID="block_5" HPOS="253" VPOS="931" WIDTH="425" HEIGHT="34">
						<TextLine ID="line_20" HPOS="253" VPOS="931" WIDTH="425" HEIGHT="34">
							<String ID="string_135" HPOS="253" VPOS="931" WIDTH="140" HEIGHT="34" WC="0.96" CONTENT="Måndagen"/><SP WIDTH="19" VPOS="931" HPOS="393"/>
							<String ID="string_136" HPOS="412" VPOS="931" WIDTH="48" HEIGHT="25" WC="0.96" CONTENT="den"/><SP WIDTH="19" VPOS="931" HPOS="460"/>
							<String ID="string_137" HPOS="479" VPOS="933" WIDTH="30" HEIGHT="24" WC="0.96" CONTENT="21"/><SP WIDTH="21" VPOS="933" HPOS="509"/>
							<String ID="string_138" HPOS="530" VPOS="931" WIDTH="148" HEIGHT="34" WC="0.96" CONTENT="september."/>
						</TextLine>
					</TextBlock>
				</ComposedBlock>
				<ComposedBlock ID="cblock_2" HPOS="84" VPOS="981" WIDTH="764" HEIGHT="480">
					<TextBlock ID="block_6" HPOS="86" VPOS="981" WIDTH="762" HEIGHT="235">
						<TextLine ID="line_21" HPOS="158" VPOS="981" WIDTH="690" HEIGHT="30">
							<String ID="string_139" HPOS="158" VPOS="981" WIDTH="94" HEIGHT="23" WC="0.92" CONTENT="Ständet"/><SP WIDTH="15" VPOS="981" HPOS="252"/>
							<String ID="string_140" HPOS="267" VPOS="982" WIDTH="173" HEIGHT="23" WC="0.95" CONTENT="sammanträdde"/><SP WIDTH="16" VPOS="982" HPOS="440"/>
							<String ID="string_141" HPOS="456" VPOS="983" WIDTH="30" HEIGHT="21" WC="0.84" CONTENT="kl."/><SP WIDTH="10" VPOS="983" HPOS="486"/>
							<String ID="string_142" HPOS="496" VPOS="983" WIDTH="27" HEIGHT="21" WC="0.84" CONTENT="10"/><SP WIDTH="11" VPOS="983" HPOS="523"/>
							<String ID="string_143" HPOS="534" VPOS="982" WIDTH="16" HEIGHT="23" WC="0.91" CONTENT="f."/><SP WIDTH="11" VPOS="982" HPOS="550"/>
							<String ID="string_144" HPOS="561" VPOS="991" WIDTH="28" HEIGHT="13" WC="0.93" CONTENT="m."/><SP WIDTH="16" VPOS="991" HPOS="589"/>
							<String ID="string_145" HPOS="605" VPOS="986" WIDTH="126" HEIGHT="25" WC="0.92" CONTENT="mangrant,"/><SP WIDTH="16" VPOS="986" HPOS="731"/>
							<String ID="string_146" HPOS="747" VPOS="983" WIDTH="50" HEIGHT="22" WC="0.93" CONTENT="med"/><SP WIDTH="12" VPOS="983" HPOS="797"/>
							<String ID="string_147" HPOS="809" VPOS="990" WIDTH="39" HEIGHT="15" WC="0.92" CONTENT="un-"/>
						</TextLine>
						<TextLine ID="line_22" HPOS="89" VPOS="1016" WIDTH="758" HEIGHT="29">
							<String ID="string_148" HPOS="89" VPOS="1017" WIDTH="81" HEIGHT="28" WC="0.92" CONTENT="dantag"/><SP WIDTH="12" VPOS="1017" HPOS="170"/>
							<String ID="string_149" HPOS="182" VPOS="1016" WIDTH="25" HEIGHT="21" WC="0.96" CONTENT="af"/><SP WIDTH="8" VPOS="1016" HPOS="207"/>
							<String ID="string_150" HPOS="215" VPOS="1017" WIDTH="52" HEIGHT="21" WC="0.93" CONTENT="herr"/><SP WIDTH="11" VPOS="1017" HPOS="267"/>
							<String ID="string_151" HPOS="278" VPOS="1017" WIDTH="140" HEIGHT="22" WC="0.91" CONTENT="Grundfeldt."/><SP WIDTH="28" VPOS="1017" HPOS="418"/>
							<String ID="string_152" HPOS="446" VPOS="1016" WIDTH="49" HEIGHT="23" WC="0.93" CONTENT="Och"/><SP WIDTH="15" VPOS="1016" HPOS="495"/>
							<String ID="string_153" HPOS="510" VPOS="1016" WIDTH="149" HEIGHT="29" WC="0.91" CONTENT="tillkännagaf"/><SP WIDTH="13" VPOS="1016" HPOS="659"/>
							<String ID="string_154" HPOS="672" VPOS="1017" WIDTH="51" HEIGHT="21" WC="0.92" CONTENT="herr"/><SP WIDTH="15" VPOS="1017" HPOS="723"/>
							<String ID="string_155" HPOS="738" VPOS="1017" WIDTH="109" HEIGHT="22" WC="0.91" CONTENT="talman-"/>
						</TextLine>
						<TextLine ID="line_23" HPOS="88" VPOS="1050" WIDTH="759" HEIGHT="30">
							<String ID="string_156" HPOS="88" VPOS="1058" WIDTH="50" HEIGHT="14" WC="0.96" CONTENT="nen"/><SP WIDTH="19" VPOS="1058" HPOS="138"/>
							<String ID="string_157" HPOS="157" VPOS="1053" WIDTH="32" HEIGHT="19" WC="0.96" CONTENT="att"/><SP WIDTH="18" VPOS="1053" HPOS="189"/>
							<String ID="string_158" HPOS="207" VPOS="1051" WIDTH="51" HEIGHT="22" WC="0.93" CONTENT="herr"/><SP WIDTH="15" VPOS="1051" HPOS="258"/>
							<String ID="string_159" HPOS="273" VPOS="1050" WIDTH="135" HEIGHT="23" WC="0.90" CONTENT="Grundfeldt"/><SP WIDTH="18" VPOS="1050" HPOS="408"/>
							<String ID="string_160" HPOS="426" VPOS="1051" WIDTH="91" HEIGHT="22" WC="0.96" CONTENT="anhållit"/><SP WIDTH="20" VPOS="1051" HPOS="517"/>
							<String ID="string_161" HPOS="537" VPOS="1054" WIDTH="32" HEIGHT="19" WC="0.96" CONTENT="att"/><SP WIDTH="18" VPOS="1054" HPOS="569"/>
							<String ID="string_162" HPOS="587" VPOS="1051" WIDTH="36" HEIGHT="22" WC="0.93" CONTENT="för"/><SP WIDTH="18" VPOS="1051" HPOS="623"/>
							<String ID="string_163" HPOS="641" VPOS="1051" WIDTH="86" HEIGHT="29" WC="0.92" CONTENT="vigtiga"/><SP WIDTH="19" VPOS="1051" HPOS="727"/>
							<String ID="string_164" HPOS="746" VPOS="1051" WIDTH="101" HEIGHT="22" WC="0.96" CONTENT="enskilda"/>
						</TextLine>
						<TextLine ID="line_24" HPOS="88" VPOS="1085" WIDTH="760" HEIGHT="29">
							<String ID="string_165" HPOS="88" VPOS="1085" WIDTH="186" HEIGHT="29" WC="0.96" CONTENT="angelägenheter"/><SP WIDTH="15" VPOS="1085" HPOS="274"/>
							<String ID="string_166" HPOS="289" VPOS="1085" WIDTH="22" HEIGHT="22" WC="0.96" CONTENT="få"/><SP WIDTH="15" VPOS="1085" HPOS="311"/>
							<String ID="string_167" HPOS="326" VPOS="1085" WIDTH="28" HEIGHT="29" WC="0.96" CONTENT="på"/><SP WIDTH="14" VPOS="1085" HPOS="354"/>
							<String ID="string_168" HPOS="368" VPOS="1089" WIDTH="34" HEIGHT="18" WC="0.96" CONTENT="tre"/><SP WIDTH="15" VPOS="1089" HPOS="402"/>
							<String ID="string_169" HPOS="417" VPOS="1085" WIDTH="82" HEIGHT="22" WC="0.93" CONTENT="veckor"/><SP WIDTH="19" VPOS="1085" HPOS="499"/>
							<String ID="string_170" HPOS="518" VPOS="1086" WIDTH="72" HEIGHT="22" WC="0.92" CONTENT="afresa"/><SP WIDTH="17" VPOS="1086" HPOS="590"/>
							<String ID="string_171" HPOS="607" VPOS="1085" WIDTH="34" HEIGHT="22" WC="0.96" CONTENT="till"/><SP WIDTH="19" VPOS="1085" HPOS="641"/>
							<String ID="string_172" HPOS="660" VPOS="1085" WIDTH="115" HEIGHT="23" WC="0.96" CONTENT="hemorten"/><SP WIDTH="16" VPOS="1085" HPOS="775"/>
							<String ID="string_173" HPOS="791" VPOS="1089" WIDTH="57" HEIGHT="19" WC="0.96" CONTENT="samt"/>
						</TextLine>
						<TextLine ID="line_25" HPOS="88" VPOS="1119" WIDTH="759" HEIGHT="30">
							<String ID="string_174" HPOS="88" VPOS="1121" WIDTH="32" HEIGHT="20" WC="0.96" CONTENT="att"/><SP WIDTH="14" VPOS="1121" HPOS="120"/>
							<String ID="string_175" HPOS="134" VPOS="1119" WIDTH="51" HEIGHT="22" WC="0.96" CONTENT="herr"/><SP WIDTH="15" VPOS="1119" HPOS="185"/>
							<String ID="string_176" HPOS="200" VPOS="1119" WIDTH="137" HEIGHT="29" WC="0.96" CONTENT="talmannen,"/><SP WIDTH="15" VPOS="1119" HPOS="337"/>
							<String ID="string_177" HPOS="352" VPOS="1121" WIDTH="54" HEIGHT="21" WC="0.92" CONTENT="enär"/><SP WIDTH="10" VPOS="1121" HPOS="406"/>
							<String ID="string_178" HPOS="416" VPOS="1119" WIDTH="135" HEIGHT="23" WC="0.91" CONTENT="Grundfeldt"/><SP WIDTH="10" VPOS="1119" HPOS="551"/>
							<String ID="string_179" HPOS="561" VPOS="1121" WIDTH="90" HEIGHT="21" WC="0.92" CONTENT="förmält"/><SP WIDTH="11" VPOS="1121" HPOS="651"/>
							<String ID="string_180" HPOS="662" VPOS="1121" WIDTH="35" HEIGHT="28" WC="0.96" CONTENT="sig"/><SP WIDTH="12" VPOS="1121" HPOS="697"/>
							<String ID="string_181" HPOS="709" VPOS="1120" WIDTH="49" HEIGHT="22" WC="0.95" CONTENT="icke"/><SP WIDTH="14" VPOS="1120" HPOS="758"/>
							<String ID="string_182" HPOS="772" VPOS="1121" WIDTH="75" HEIGHT="22" WC="0.96" CONTENT="kunna"/>
						</TextLine>
						<TextLine ID="line_26" HPOS="86" VPOS="1153" WIDTH="761" HEIGHT="31">
							<String ID="string_183" HPOS="86" VPOS="1153" WIDTH="122" HEIGHT="29" WC="0.92" CONTENT="uppskjuta"/><SP WIDTH="18" VPOS="1153" HPOS="208"/>
							<String ID="string_184" HPOS="226" VPOS="1153" WIDTH="35" HEIGHT="22" WC="0.96" CONTENT="sin"/><SP WIDTH="19" VPOS="1153" HPOS="261"/>
							<String ID="string_185" HPOS="280" VPOS="1161" WIDTH="50" HEIGHT="14" WC="0.96" CONTENT="resa"/><SP WIDTH="17" VPOS="1161" HPOS="330"/>
							<String ID="string_186" HPOS="347" VPOS="1154" WIDTH="33" HEIGHT="21" WC="0.93" CONTENT="till"/><SP WIDTH="19" VPOS="1154" HPOS="380"/>
							<String ID="string_187" HPOS="399" VPOS="1154" WIDTH="98" HEIGHT="22" WC="0.91" CONTENT="ståndets"/><SP WIDTH="20" VPOS="1154" HPOS="497"/>
							<String ID="string_188" HPOS="517" VPOS="1154" WIDTH="158" HEIGHT="23" WC="0.96" CONTENT="sammanträde"/><SP WIDTH="16" VPOS="1154" HPOS="675"/>
							<String ID="string_189" HPOS="691" VPOS="1154" WIDTH="8" HEIGHT="22" WC="0.96" CONTENT="i"/><SP WIDTH="15" VPOS="1154" HPOS="699"/>
							<String ID="string_190" HPOS="714" VPOS="1154" WIDTH="53" HEIGHT="30" WC="0.93" CONTENT="dag,"/><SP WIDTH="19" VPOS="1154" HPOS="767"/>
							<String ID="string_191" HPOS="786" VPOS="1155" WIDTH="61" HEIGHT="22" WC="0.92" CONTENT="med-"/>
						</TextLine>
						<TextLine ID="line_27" HPOS="88" VPOS="1186" WIDTH="515" HEIGHT="30">
							<String ID="string_192" HPOS="88" VPOS="1186" WIDTH="60" HEIGHT="22" WC="0.96" CONTENT="delat"/><SP WIDTH="15" VPOS="1186" HPOS="148"/>
							<String ID="string_193" HPOS="163" VPOS="1186" WIDTH="83" HEIGHT="23" WC="0.95" CONTENT="honom"/><SP WIDTH="15" VPOS="1186" HPOS="246"/>
							<String ID="string_194" HPOS="261" VPOS="1187" WIDTH="37" HEIGHT="22" WC="0.95" CONTENT="det"/><SP WIDTH="16" VPOS="1187" HPOS="298"/>
							<String ID="string_195" HPOS="314" VPOS="1188" WIDTH="96" HEIGHT="28" WC="0.93" CONTENT="begärda"/><SP WIDTH="14" VPOS="1188" HPOS="410"/>
							<String ID="string_196" HPOS="424" VPOS="1188" WIDTH="179" HEIGHT="22" WC="0.92" CONTENT="resetillståndet."/>
						</TextLine>
					</TextBlock>
					<TextBlock ID="block_7" HPOS="84" VPOS="1220" WIDTH="763" HEIGHT="241">
						<TextLine ID="line_28" HPOS="155" VPOS="1220" WIDTH="692" HEIGHT="32">
							<String ID="string_197" HPOS="155" VPOS="1220" WIDTH="69" HEIGHT="30" WC="0.93" CONTENT="Uppå"/><SP WIDTH="14" VPOS="1220" HPOS="224"/>
							<String ID="string_198" HPOS="238" VPOS="1221" WIDTH="52" HEIGHT="23" WC="0.95" CONTENT="herr"/><SP WIDTH="15" VPOS="1221" HPOS="290"/>
							<String ID="string_199" HPOS="305" VPOS="1222" WIDTH="168" HEIGHT="22" WC="0.96" CONTENT="talmannens"/><SP WIDTH="16" VPOS="1222" HPOS="473"/>
							<String ID="string_200" HPOS="489" VPOS="1223" WIDTH="7" HEIGHT="21" WC="0.96" CONTENT="i"/><SP WIDTH="11" VPOS="1223" HPOS="496"/>
							<String ID="string_201" HPOS="507" VPOS="1224" WIDTH="74" HEIGHT="20" WC="0.96" CONTENT="ämnet"/><SP WIDTH="11" VPOS="1224" HPOS="581"/>
							<String ID="string_202" HPOS="592" VPOS="1223" WIDTH="79" HEIGHT="29" WC="0.96" CONTENT="gjorda"/><SP WIDTH="12" VPOS="1223" HPOS="671"/>
							<String ID="string_203" HPOS="683" VPOS="1222" WIDTH="164" HEIGHT="30" WC="0.96" CONTENT="framställning"/>
						</TextLine>
						<TextLine ID="line_29" HPOS="87" VPOS="1254" WIDTH="760" HEIGHT="32">
							<String ID="string_204" HPOS="87" VPOS="1254" WIDTH="95" HEIGHT="28" WC="0.95" CONTENT="beslöts,"/><SP WIDTH="16" VPOS="1254" HPOS="182"/>
							<String ID="string_205" HPOS="198" VPOS="1257" WIDTH="34" HEIGHT="19" WC="0.93" CONTENT="att"/><SP WIDTH="14" VPOS="1257" HPOS="232"/>
							<String ID="string_206" HPOS="246" VPOS="1256" WIDTH="138" HEIGHT="30" WC="0.92" CONTENT="stenografer"/><SP WIDTH="15" VPOS="1256" HPOS="384"/>
							<String ID="string_207" HPOS="399" VPOS="1256" WIDTH="33" HEIGHT="22" WC="0.96" CONTENT="till"/><SP WIDTH="16" VPOS="1256" HPOS="432"/>
							<String ID="string_208" HPOS="448" VPOS="1257" WIDTH="139" HEIGHT="29" WC="0.96" CONTENT="erforderligt"/><SP WIDTH="12" VPOS="1257" HPOS="587"/>
							<String ID="string_209" HPOS="599" VPOS="1257" WIDTH="60" HEIGHT="22" WC="0.95" CONTENT="antal"/><SP WIDTH="11" VPOS="1257" HPOS="659"/>
							<String ID="string_210" HPOS="670" VPOS="1257" WIDTH="69" HEIGHT="22" WC="0.93" CONTENT="borde"/><SP WIDTH="16" VPOS="1257" HPOS="739"/>
							<String ID="string_211" HPOS="755" VPOS="1260" WIDTH="92" HEIGHT="26" WC="0.91" CONTENT="antagas"/>
						</TextLine>
						<TextLine ID="line_30" HPOS="86" VPOS="1289" WIDTH="761" HEIGHT="31">
							<String ID="string_212" HPOS="86" VPOS="1292" WIDTH="32" HEIGHT="18" WC="0.95" CONTENT="att"/><SP WIDTH="18" VPOS="1292" HPOS="118"/>
							<String ID="string_213" HPOS="136" VPOS="1289" WIDTH="39" HEIGHT="22" WC="0.93" CONTENT="vid"/><SP WIDTH="19" VPOS="1289" HPOS="175"/>
							<String ID="string_214" HPOS="194" VPOS="1290" WIDTH="98" HEIGHT="22" WC="0.92" CONTENT="ståndets"/><SP WIDTH="16" VPOS="1290" HPOS="292"/>
							<String ID="string_215" HPOS="308" VPOS="1290" WIDTH="169" HEIGHT="30" WC="0.93" CONTENT="förhandlingar"/><SP WIDTH="18" VPOS="1290" HPOS="477"/>
							<String ID="string_216" HPOS="495" VPOS="1292" WIDTH="132" HEIGHT="28" WC="0.91" CONTENT="tjenstgöra;"/><SP WIDTH="20" VPOS="1292" HPOS="627"/>
							<String ID="string_217" HPOS="647" VPOS="1292" WIDTH="42" HEIGHT="21" WC="0.96" CONTENT="och"/><SP WIDTH="20" VPOS="1292" HPOS="689"/>
							<String ID="string_218" HPOS="709" VPOS="1290" WIDTH="68" HEIGHT="23" WC="0.96" CONTENT="sedan"/><SP WIDTH="18" VPOS="1290" HPOS="777"/>
							<String ID="string_219" HPOS="795" VPOS="1291" WIDTH="52" HEIGHT="23" WC="0.96" CONTENT="herr"/>
						</TextLine>
						<TextLine ID="line_31" HPOS="86" VPOS="1324" WIDTH="761" HEIGHT="31">
							<String ID="string_220" HPOS="86" VPOS="1324" WIDTH="125" HEIGHT="22" WC="0.93" CONTENT="talmannen"/><SP WIDTH="15" VPOS="1324" HPOS="211"/>
							<String ID="string_221" HPOS="226" VPOS="1324" WIDTH="67" HEIGHT="30" WC="0.92" CONTENT="gifvit"/><SP WIDTH="14" VPOS="1324" HPOS="293"/>
							<String ID="string_222" HPOS="307" VPOS="1325" WIDTH="109" HEIGHT="23" WC="0.96" CONTENT="tillkänna"/><SP WIDTH="14" VPOS="1325" HPOS="416"/>
							<String ID="string_223" HPOS="430" VPOS="1328" WIDTH="33" HEIGHT="20" WC="0.96" CONTENT="att"/><SP WIDTH="14" VPOS="1328" HPOS="463"/>
							<String ID="string_224" HPOS="477" VPOS="1326" WIDTH="44" HEIGHT="22" WC="0.93" CONTENT="han"/><SP WIDTH="14" VPOS="1326" HPOS="521"/>
							<String ID="string_225" HPOS="535" VPOS="1326" WIDTH="92" HEIGHT="22" WC="0.90" CONTENT="vidtalat"/><SP WIDTH="18" VPOS="1326" HPOS="627"/>
							<String ID="string_226" HPOS="645" VPOS="1325" WIDTH="202" HEIGHT="30" WC="0.89" CONTENT="protokollssekre-"/>
						</TextLine>
						<TextLine ID="line_32" HPOS="85" VPOS="1355" WIDTH="761" HEIGHT="33">
							<String ID="string_227" HPOS="85" VPOS="1361" WIDTH="87" HEIGHT="19" WC="0.91" CONTENT="teraren"/><SP WIDTH="22" VPOS="1361" HPOS="172"/>
							<String ID="string_228" HPOS="194" VPOS="1359" WIDTH="7" HEIGHT="21" WC="0.96" CONTENT="i"/><SP WIDTH="23" VPOS="1359" HPOS="201"/>
							<String ID="string_229" HPOS="224" VPOS="1359" WIDTH="119" HEIGHT="29" WC="0.96" CONTENT="kejserliga"/><SP WIDTH="23" VPOS="1359" HPOS="343"/>
							<String ID="string_230" HPOS="366" VPOS="1363" WIDTH="90" HEIGHT="19" WC="0.96" CONTENT="senaten"/><SP WIDTH="20" VPOS="1363" HPOS="456"/>
							<String ID="string_231" HPOS="476" VPOS="1359" WIDTH="77" HEIGHT="23" WC="0.92" CONTENT="Sixtus"/><SP WIDTH="21" VPOS="1359" HPOS="553"/>
							<String ID="string_232" HPOS="574" VPOS="1355" WIDTH="129" HEIGHT="27" WC="0.92" CONTENT="Calamnius"/><SP WIDTH="18" VPOS="1355" HPOS="703"/>
							<String ID="string_233" HPOS="721" VPOS="1362" WIDTH="33" HEIGHT="19" WC="0.96" CONTENT="att"/><SP WIDTH="19" VPOS="1362" HPOS="754"/>
							<String ID="string_234" HPOS="773" VPOS="1359" WIDTH="73" HEIGHT="22" WC="0.96" CONTENT="såsom"/>
						</TextLine>
						<TextLine ID="line_33" HPOS="85" VPOS="1392" WIDTH="761" HEIGHT="32">
							<String ID="string_235" HPOS="85" VPOS="1392" WIDTH="136" HEIGHT="23" WC="0.96" CONTENT="sekreterare"/><SP WIDTH="15" VPOS="1392" HPOS="221"/>
							<String ID="string_236" HPOS="236" VPOS="1393" WIDTH="88" HEIGHT="23" WC="0.96" CONTENT="biträda"/><SP WIDTH="15" VPOS="1393" HPOS="324"/>
							<String ID="string_237" HPOS="339" VPOS="1397" WIDTH="57" HEIGHT="19" WC="0.96" CONTENT="samt"/><SP WIDTH="15" VPOS="1397" HPOS="396"/>
							<String ID="string_238" HPOS="411" VPOS="1397" WIDTH="32" HEIGHT="19" WC="0.96" CONTENT="att"/><SP WIDTH="15" VPOS="1397" HPOS="443"/>
							<String ID="string_239" HPOS="458" VPOS="1394" WIDTH="42" HEIGHT="22" WC="0.96" CONTENT="han"/><SP WIDTH="16" VPOS="1394" HPOS="500"/>
							<String ID="string_240" HPOS="516" VPOS="1395" WIDTH="107" HEIGHT="21" WC="0.96" CONTENT="förklarat"/><SP WIDTH="14" VPOS="1395" HPOS="623"/>
							<String ID="string_241" HPOS="637" VPOS="1395" WIDTH="36" HEIGHT="29" WC="0.93" CONTENT="sig"/><SP WIDTH="12" VPOS="1395" HPOS="673"/>
							<String ID="string_242" HPOS="685" VPOS="1393" WIDTH="74" HEIGHT="23" WC="0.91" CONTENT="dertill"/><SP WIDTH="12" VPOS="1393" HPOS="759"/>
							<String ID="string_243" HPOS="771" VPOS="1393" WIDTH="75" HEIGHT="31" WC="0.95" CONTENT="villig,"/>
						</TextLine>
						<TextLine ID="line_34" HPOS="84" VPOS="1426" WIDTH="762" HEIGHT="35">
							<String ID="string_244" HPOS="84" VPOS="1426" WIDTH="25" HEIGHT="23" WC="0.93" CONTENT="så"/><SP WIDTH="14" VPOS="1426" HPOS="109"/>
							<String ID="string_245" HPOS="123" VPOS="1426" WIDTH="66" HEIGHT="25" WC="0.93" CONTENT="framt"/><SP WIDTH="13" VPOS="1426" HPOS="189"/>
							<String ID="string_246" HPOS="202" VPOS="1427" WIDTH="83" HEIGHT="25" WC="0.95" CONTENT="honom"/><SP WIDTH="18" VPOS="1427" HPOS="285"/>
							<String ID="string_247" HPOS="303" VPOS="1428" WIDTH="139" HEIGHT="25" WC="0.96" CONTENT="meddelades"/><SP WIDTH="19" VPOS="1428" HPOS="442"/>
							<String ID="string_248" HPOS="461" VPOS="1429" WIDTH="98" HEIGHT="32" WC="0.96" CONTENT="ledighet"/><SP WIDTH="15" VPOS="1429" HPOS="559"/>
							<String ID="string_249" HPOS="574" VPOS="1429" WIDTH="50" HEIGHT="23" WC="0.93" CONTENT="från"/><SP WIDTH="13" VPOS="1429" HPOS="624"/>
							<String ID="string_250" HPOS="637" VPOS="1428" WIDTH="184" HEIGHT="31" WC="0.90" CONTENT="tjenstgöringen"/><SP WIDTH="17" VPOS="1428" HPOS="821"/>
							<String ID="string_251" HPOS="838" VPOS="1428" WIDTH="8" HEIGHT="24" WC="0.96" CONTENT="i"/>
						</TextLine>
					</TextBlock>
				</ComposedBlock>
			</PrintSpace>
		</Page>
	</Layout>
</alto>
