992 1725
176 106 42 21 202

216 167 109 30 Företogs
344 168 42 22 den
403 168 37 22 vid
454 168 114 22 sessionen
583 168 43 22 den
641 168 29 22 30
684 167 115 24 nästvikne
814 168 92 23 oktober

147 201 135 30 bordlagda,
301 202 40 22 hos
360 202 135 23 hedervärde
511 202 162 23 bondeståndet
687 202 78 22 väckta
782 203 75 28 frågan
872 209 35 15 om

147 236 135 23 utverkande
298 237 26 21 af
336 236 136 23 inhibitorial
489 239 59 19 emot
561 236 78 23 vidare
653 236 182 30 tvångsåtgärder
849 236 8 22 i
875 236 32 22 af-

148 271 79 22 seende
242 271 13 22 å
270 270 119 31 byggande
404 272 22 21 at
441 270 139 30 knektetorp.

216 310 46 22 Vid
286 311 147 28 uppkommen
451 311 128 22 diskussion
598 312 8 21 i
625 311 76 30 frågan
717 311 85 29 yttrade
817 311 34 29 sig
866 311 41 22 föl-

145 344 67 30 jande
228 345 25 22 af
265 345 99 22 ståndets
379 345 150 22 medlemmar:

217 379 60 23 Herr
290 379 124 22 Juselius
437 387 47 14 som
503 379 110 29 föreslog,
635 379 38 22 det
691 379 76 30 frågan
785 379 70 22 skulle
873 386 34 15 re-

148 413 98 23 mitteras
260 413 34 22 till
310 413 98 22 ståndets
423 413 100 23 enskilda
539 414 181 21 besvärsutskott.

217 453 59 22 Herr
297 448 143 34 Öhrnberg
462 453 108 28 önskade,
592 453 51 22 med
665 453 102 22 afseende
789 453 63 27 derå,
875 455 32 20 att

148 487 173 22 bondeståndets
336 487 34 22 till
386 487 180 29 borgareständet
581 487 123 22 aflemnade
718 487 111 29 protokoll
845 487 7 21 i
864 487 42 21 frä-

148 529 44 22 gan
207 521 78 23 endast
295 521 145 28 innefattade,
455 524 33 19 att
501 521 172 23 bondeständets
689 521 72 22 beslut
775 521 46 22 deri
836 521 71 22 skulle

148 555 29 22 de
191 556 71 29 öfrige
277 555 93 23 stånden
384 555 122 29 meddelas,
521 558 33 20 att
568 555 48 23 från
633 555 188 29 borgareständets
833 558 74 26 proto-

148 590 48 22 koll
214 590 84 22 erhålla
315 590 146 29 upplysning,
482 590 109 22 huruvida
609 590 43 22 den
669 590 138 28 depulation,
828 597 79 21 genom

148 624 91 22 hvilken
254 624 60 22 detta
325 624 111 28 protokoll
448 624 34 22 till
493 624 86 22 ständet
590 624 165 28 öfverlemnats,
766 624 64 22 äfven
842 624 65 22 fram-

149 658 45 22 fört
208 658 132 30 inbjadning
354 658 48 22 från
417 658 160 22 bondeståndet
591 661 32 19 att
637 659 8 21 i
660 658 119 29 petitionen
793 658 94 29 deltaga.

218 692 60 22 Herr
292 693 150 21 talmannen
457 693 115 28 upplyste,
587 692 8 22 i
610 692 118 29 anledning
743 692 72 28 häraf,
826 695 32 19 att
869 692 37 22 nä-

149 734 45 21 gon
216 726 68 22 sådan
302 726 132 30 inbjudning
451 727 48 22 icke
519 727 7 21 i
541 726 192 30 borgareständets
748 726 111 29 protokoll
874 727 32 21 in-

149 760 49 30 gått
219 760 42 22 och
283 762 19 28 ej
324 760 68 22 heller
411 761 73 21 blifvit
501 761 26 21 af
538 761 156 29 deputationen
709 760 132 28 framställd,
856 768 49 15 men

149 795 69 29 ansåg
232 795 36 29 sig
282 794 104 29 derjemte
401 795 54 23 böra
469 795 110 28 meddela,
598 798 32 19 att
645 795 169 22 bondeständets
829 796 77 28 afsigt,

148 829 71 29 enligt
240 829 58 22 hvad
320 829 51 22 dess
393 830 134 22 sekreterare
546 830 101 30 upplyst,
666 829 57 23 dock
742 829 66 28 varit,
826 832 31 18 att
872 829 34 23 till

148 862 132 31 deltagande
298 863 8 22 i
324 863 121 28 petitionen
467 863 89 30 inbjuda
575 864 28 21 de
621 864 71 28 öfrige
706 863 102 28 ständen,
823 863 84 23 hvilket

148 897 66 22 äfven
239 897 117 30 intygades
378 898 26 22 af
422 898 109 23 särskilda
552 897 69 23 andra
643 897 96 22 ständets
760 897 146 28 medlemmar,

148 931 77 22 hvilka
238 931 48 22 dels
301 931 65 22 ähört
380 931 169 24 bondeständets
565 932 165 29 förhandlingar
741 932 8 22 i
761 932 87 29 frågan,
859 932 47 22 dels

149 965 131 23 annorledes
294 965 77 23 dcrom
386 966 87 22 erhällit
487 967 142 29 upplysning.

217 999 59 23 Herr
290 1000 124 22 Juselius
429 1000 52 22 ville
495 1001 128 28 ytterligare
635 1000 106 29 upplysa,
752 1002 32 19 att
794 999 37 22 det
842 1000 64 22 sked-

148 1033 30 23 da
199 1034 153 23 meddelandet
374 1035 26 22 af
415 1034 171 23 bondeständets
603 1035 73 22 beslut
694 1034 121 29 uppfattats
834 1034 72 23 säsom

148 1075 27 15 en
193 1068 132 29 inbjudning
343 1071 33 19 att
394 1069 8 21 i
421 1069 119 28 petitionen
555 1069 100 28 deltaga,
669 1069 131 21 ätminstone
815 1068 24 21 af
852 1069 54 28 hög-

148 1101 93 30 vördiga
256 1103 170 28 prestoständet,
442 1110 48 16 som
504 1103 121 24 remitterat
639 1103 126 23 densamma
776 1102 34 23 till
821 1103 38 22 sitt
870 1110 37 17 cn-

148 1136 74 22 skilda
237 1137 182 23 besvärsutskott.

217 1170 59 22 Herr
292 1165 141 35 Öhrnberg
452 1171 69 22 erhöll
541 1172 46 22 äter
602 1172 63 21 ordet
680 1171 41 22 och
737 1171 96 29 yttrade:
862 1170 45 23 För

148 1205 44 21 min
215 1204 36 22 del
273 1205 59 22 inser
351 1205 40 29 jag
410 1206 19 28 cj
449 1206 57 22 hvad
524 1206 78 29 frägan
621 1205 72 22 skulle
707 1206 66 21 vinna
788 1205 29 30 pä
831 1206 76 21 remiss

147 1238 65 24 deraf
225 1239 34 21 till
274 1239 101 22 enskilda
390 1239 204 23 besvärsutskottet.
625 1240 106 22 Dercmot
745 1246 64 14 anser
821 1240 38 28 jag
871 1247 37 14 an-

148 1273 90 29 geläget
252 1280 54 15 vara
320 1275 33 19 att
368 1274 48 22 från
432 1274 159 23 bondeståndet
606 1274 67 22 vinna
687 1273 135 29 upplysning
834 1281 35 14 om
881 1274 27 21 de

148 1307 116 27 motioner,
279 1314 48 16 som
342 1307 110 24 föranledt
466 1308 87 23 ståndet
567 1311 32 20 att
614 1308 55 23 söka
684 1308 93 21 utverka
791 1309 31 19 ett
833 1307 75 22 instäl-

147 1340 66 23 lande
228 1342 26 21 af
265 1340 28 23 de
308 1341 168 29 ifrägavarande
490 1342 210 29 tvängsätgärderne
716 1341 41 22 och
773 1341 87 21 anhälla
872 1348 36 16 om

147 1374 29 23 de
198 1375 74 29 öfriga
294 1376 104 22 ständens
417 1376 132 23 medverkan
564 1376 81 23 dertill.
679 1375 44 22 Det
739 1376 110 21 förefaller
863 1376 45 28 mig

147 1410 110 29 nemligen
280 1410 231 30 anmärkningsvärdt,
531 1414 32 21 att
578 1410 171 29 bondeståndet,
768 1416 35 16 om
818 1409 37 24 det
870 1410 39 24 ön-
