992 1725
765 129 40 25 115

76 194 61 26 dessa
150 195 93 31 företag
260 193 98 31 beviljas.
393 195 44 22 Det
456 195 24 22 är
499 195 81 22 bekant
595 195 54 21 huru
665 195 80 29 många
759 196 76 28 fartyg

75 229 77 31 hvarje
167 232 51 21 höst
232 232 28 27 pä
274 231 52 21 våra
342 230 74 21 kuster
432 230 28 28 gå
471 228 121 27 förlorade;
608 227 19 31 ej
641 226 92 25 allenast
743 225 42 25 den
797 230 37 21 be=

74 265 87 30 tydliga
175 264 117 30 egendom,
310 263 126 23 drabbande
452 262 42 23 den
509 263 110 22 enskildta
634 263 42 21 och
693 264 37 22 det
745 263 90 22 allmän=

75 306 29 16 na
122 297 50 24 med
191 299 109 27 förluster,
319 302 53 18 utan
388 298 43 21 ock
446 296 56 23 ännu
518 298 7 21 i
541 298 69 29 högre
625 298 55 29 grad
695 299 43 21 den
753 295 82 31 mängd

76 335 26 21 af
120 332 55 31 dyra
197 332 143 23 menniskolif
360 340 46 14 som
430 331 121 30 förspilles,
574 333 55 28 göra
646 332 65 22 dessa
729 332 106 23 anstalter

76 367 142 30 oumbärliga.
251 367 44 22 Om
312 367 22 22 vi
349 370 52 25 taga
416 369 31 19 ett
462 364 113 24 utländskt
590 364 94 31 sjökort,
700 367 24 21 så
738 367 59 21 finna
812 363 22 24 vi

76 405 33 19 att
130 402 41 22 den
189 407 42 16 ena
250 401 106 29 fyrbåken
376 401 24 21 så
418 399 54 30 godt
486 407 48 15 som
550 401 81 21 aflöser
646 400 42 22 den
704 400 78 26 andra;
798 407 37 14 en+

76 435 50 23 dast
144 435 41 24 hos
200 442 37 16 oss
252 435 42 22 och
309 433 147 32 synnerligast
471 434 28 29 pä
515 433 52 24 dess
582 435 101 21 vestkust
697 435 64 29 längs
777 434 58 22 bott-

76 469 64 23 niska
154 469 100 29 vikarne,
268 469 65 22 hvars
349 466 73 25 städer
437 466 57 24 dock
510 469 67 21 hafva
591 469 38 22 det
640 469 81 22 största
732 469 41 22 och
785 469 50 21 värs

76 502 115 25 defullaste
205 504 119 27 lästetalet,
339 504 24 21 är
378 501 97 24 mörkret
490 503 104 22 rådande.
624 503 80 22 Ibland
720 503 69 22 andra
800 503 35 29 fy-

76 543 36 17 rar
130 537 42 23 och
189 536 79 23 hvaraf
280 537 40 30 jag
340 544 64 15 anser
424 537 128 29 fyrskeppet
567 537 61 22 invid
643 537 88 30 Snipan
745 538 36 21 för
796 537 39 22 det

77 571 129 30 vigtigaste,
222 571 69 23 skulle
306 579 28 15 en
349 571 80 30 fyrbåk
444 572 28 28 pä
482 571 155 22 Walkiankari
650 569 83 30 holme,
744 572 90 21 hvarest

76 612 29 16 nu
120 613 27 15 en
162 604 98 31 spirkase
274 606 80 28 finnes,
369 606 87 21 utanför
471 606 96 27 Raumo,
583 614 52 13 vara
647 606 25 21 af
681 606 96 22 särdeles
788 608 47 19 stor

76 643 64 27 nyttä
154 639 18 30 ej
190 640 91 22 allenast
296 639 34 23 för
346 640 43 22 alla
405 640 83 28 fartyg,
503 647 48 15 som
566 640 55 22 söka
636 640 35 29 sig
683 643 86 25 norrut,
781 642 54 19 utan

76 675 66 21 äfven
160 674 96 28 derföre,
278 677 32 19 att
329 674 83 29 fartyg,
431 674 123 28 kämpande
573 674 50 22 med
637 673 139 30 nordvestlig
791 674 44 22 och

76 708 81 30 vestlig
174 711 77 25 storm,
270 708 83 28 hvarpä
370 709 8 20 i
398 708 111 22 bottniska
529 708 64 22 viken
613 714 35 16 om
663 708 108 29 höstedag
785 708 51 21 icke

77 742 24 22 är
116 742 66 28 brist,
198 742 73 22 kunde
286 740 76 24 endast
376 742 50 22 med
441 740 89 31 ledning
545 741 25 23 af
583 742 62 29 fyren
661 746 51 18 utan
723 741 44 23 lots
778 742 57 22 inlö*

76 783 30 23 pa
126 775 57 23 ifrän
206 776 47 29 sjön
272 774 41 24 och
332 775 66 23 hafva
417 775 140 30 ankargrund
572 774 89 24 alldeles
677 775 68 23 under
761 777 74 28 fyren,

76 809 29 24 dä
122 809 126 24 densamma
265 808 73 24 kunde
356 816 100 23 passeras
479 811 29 28 pä
524 809 57 23 circa
596 810 28 22 30
639 811 95 21 famnars
749 811 86 21 distans

76 843 42 24 och
134 844 63 23 säker
212 845 64 22 hamn
292 847 78 26 genast
384 843 113 23 innanföre
512 842 76 24 finnes.
615 843 54 23 Som
681 843 155 30 känningsbäk

77 887 36 14 om
127 877 72 31 dagen
214 887 52 14 vore
280 877 109 30 fyrtornet
403 879 46 21 lika
464 879 124 28 angeläget,
604 877 89 24 emedan
709 878 127 29 sjöfarande

76 921 30 14 nu
124 913 47 22 ofta
189 915 51 26 taga
258 913 85 28 pejlitg
358 913 25 21 af
395 912 85 22 Raumo
496 913 133 28 kyrkotorn,
644 913 29 21 dä
687 913 27 22 de
730 913 55 22 söka
800 912 36 29 sig

76 950 83 19 norrut.
193 947 37 22 En
248 947 164 29 undersökning
431 947 29 28 pä
478 950 35 19 ort
528 947 41 21 och
585 947 63 21 ställe
663 945 58 24 skall
736 946 101 23 vitsorda

76 979 154 24 förhållandet:

146 1017 54 27 Som
212 1021 52 22 våra
276 1029 28 14 nu
318 1020 125 30 befinteliga
454 1019 85 31 sjökort
551 1022 38 21 äro
601 1018 89 25 alldeles
702 1019 80 24 osäkra
793 1020 43 22 och

76 1053 142 32 bristfälliga,
236 1055 24 22 sä
278 1054 68 23 borde
365 1054 55 23 efter
439 1056 46 21 min
503 1055 65 22 tanke
588 1053 158 31 sjömätningar
760 1055 77 22 samtis

76 1087 48 31 digt
143 1089 38 22 ske
200 1089 29 28 pä
247 1089 52 22 flere
318 1089 90 27 ställen,
432 1089 29 28 pä
477 1087 40 24 det
531 1089 66 22 säkra
611 1089 94 29 sjökort,
721 1095 57 23 egna
793 1089 43 21 och

76 1121 132 24 fremmande
224 1123 34 22 till
273 1121 89 31 ledning
376 1123 9 22 i
399 1123 53 22 våra
466 1122 121 30 farvatten;
598 1121 49 24 med
659 1123 121 29 görligaste
792 1122 45 22 förs

76 1160 34 19 sta
124 1158 67 21 måtte
206 1156 100 23 erhållas.

144 1194 85 31 Hvarje
247 1195 67 23 finskt
333 1198 85 28 fartyg,
438 1204 46 15 som
503 1206 30 14 nu
551 1194 73 32 seglar
643 1194 94 32 utrikes,
751 1196 86 23 betalar

76 1228 70 32 dryga
161 1229 157 31 fyrpenningar
334 1232 34 21 för
384 1232 54 21 hvar
453 1229 81 31 fyrbåk
550 1236 47 18 som
612 1235 111 25 pusseras,
741 1231 47 21 ofta
799 1229 39 23 fles

75 1270 24 16 re
121 1264 86 22 hundra
228 1265 62 21 mark
309 1266 35 20 för
363 1265 134 29 anlöpandet
515 1266 25 22 af
553 1274 26 13 en
595 1266 56 21 enda
665 1265 72 21 hamn.
767 1260 71 26 Detta

75 1298 51 22 sker
140 1297 50 23 med
206 1297 60 29 nöje,
281 1301 24 26 ty
320 1305 78 22 genom
416 1301 31 20 att
461 1298 62 30 fyrar
538 1300 63 22 öfver
615 1298 40 23 allt
668 1300 81 27 finnas,
764 1297 25 23 är
803 1304 35 16 re-

75 1338 40 16 san
130 1330 65 23 äfven
210 1332 106 28 tryggad;
332 1339 80 22 gerna,
424 1332 39 30 jag
478 1334 25 20 är
518 1333 75 22 derom
608 1332 141 30 öfvertygad,
765 1332 73 22 skulle

75 1365 147 29 utlänningar,
237 1366 75 22 hvilka
327 1366 83 22 besöka
421 1367 72 21 finska
504 1368 91 21 hamnar
606 1367 40 21 och
660 1367 25 23 St
693 1364 145 30 Petersburg,

75 1398 65 23 äfven
159 1400 33 21 till
212 1406 37 15 oss
268 1400 72 22 betala
359 1398 72 25 denna
447 1400 77 30 afgift,
543 1401 78 21 endast
635 1402 82 28 nödiga
733 1399 106 30 fyrbäkar

75 1432 71 25 skulle
164 1433 67 30 jemte
250 1434 64 23 säkra
329 1434 85 30 sjökort
428 1435 82 27 finnas;
529 1435 84 22 säledes
629 1435 68 22 blifva
712 1434 27 23 de
755 1432 82 29 medel;
