<?xml version="1.0" encoding="UTF-8"?>
<alto xmlns="http://www.loc.gov/standards/alto/ns-v3#" xmlns:xlink="http://www.w3.org/1999/xlink" xmlns:xsi="http://www.w3.org/2001/XMLSchema-instance" xsi:schemaLocation="http://www.loc.gov/standards/alto/ns-v3# http://www.loc.gov/alto/v3/alto-3-0.xsd">
	<Description>
		<MeasurementUnit>pixel</MeasurementUnit>
		<sourceImageInformation>
			<fileName>/tmp/tess_uevkh1ng_input.PNG</fileName>
		</sourceImageInformation>
		<OCRProcessing ID="OCR_0">
			<ocrProcessingStep>
				<processingSoftware>
					<softwareName>tesseract 5.3.4</softwareName>
				</processingSoftware>
			</ocrProcessingStep>
		</OCRProcessing>
	</Description>
	<Layout>
		<Page WIDTH="992" HEIGHT="1725" PHYSICAL_IMG_NR="0" ID="page_0">
			<PrintSpace HPOS="0" VPOS="0" WIDTH="992" HEIGHT="1725">
				<ComposedBlock ID="cblock_0" HPOS="780" VPOS="129" WIDTH="42" HEIGHT="21">
					<TextBlock ID="block_0" HPOS="780" VPOS="129" WIDTH="42" HEIGHT="21">
						<TextLine ID="line_0" HPOS="780" VPOS="129" WIDTH="42" HEIGHT="21">
							<String ID="string_0" HPOS="780" VPOS="129" WIDTH="42" HEIGHT="21" WC="0.96" CONTENT="247"/>
						</TextLine>
					</TextBlock>
				</ComposedBlock>
				<ComposedBlock ID="cblock_1" HPOS="94" VPOS="189" WIDTH="759" HEIGHT="132">
					<TextBlock ID="block_1" HPOS="94" VPOS="189" WIDTH="759" HEIGHT="132">
						<TextLine ID="line_1" HPOS="94" VPOS="189" WIDTH="757" HEIGHT="27">
							<String ID="string_1" HPOS="94" VPOS="191" WIDTH="26" HEIGHT="21" WC="0.96" CONTENT="år"/><SP WIDTH="19" VPOS="191" HPOS="120"/>
							<String ID="string_2" HPOS="139" VPOS="191" WIDTH="55" HEIGHT="22" WC="0.96" CONTENT="1859"/><SP WIDTH="18" VPOS="191" HPOS="194"/>
							<String ID="string_3" HPOS="212" VPOS="190" WIDTH="42" HEIGHT="22" WC="0.96" CONTENT="och"/><SP WIDTH="18" VPOS="190" HPOS="254"/>
							<String ID="string_4" HPOS="272" VPOS="189" WIDTH="67" HEIGHT="22" WC="0.96" CONTENT="sedan"/><SP WIDTH="19" VPOS="189" HPOS="339"/>
							<String ID="string_5" HPOS="358" VPOS="189" WIDTH="28" HEIGHT="21" WC="0.96" CONTENT="de"/><SP WIDTH="15" VPOS="189" HPOS="386"/>
							<String ID="string_6" HPOS="401" VPOS="189" WIDTH="24" HEIGHT="22" WC="0.96" CONTENT="af"/><SP WIDTH="13" VPOS="189" HPOS="425"/>
							<String ID="string_7" HPOS="438" VPOS="189" WIDTH="84" HEIGHT="22" WC="0.96" CONTENT="landets"/><SP WIDTH="16" VPOS="189" HPOS="522"/>
							<String ID="string_8" HPOS="538" VPOS="190" WIDTH="80" HEIGHT="26" WC="0.96" CONTENT="städer,"/><SP WIDTH="23" VPOS="190" HPOS="618"/>
							<String ID="string_9" HPOS="641" VPOS="190" WIDTH="76" HEIGHT="21" WC="0.96" CONTENT="hvilka"/><SP WIDTH="15" VPOS="190" HPOS="717"/>
							<String ID="string_10" HPOS="732" VPOS="198" WIDTH="55" HEIGHT="14" WC="0.96" CONTENT="voro"/><SP WIDTH="14" VPOS="198" HPOS="787"/>
							<String ID="string_11" HPOS="801" VPOS="190" WIDTH="50" HEIGHT="23" WC="0.96" CONTENT="med"/>
						</TextLine>
						<TextLine ID="line_2" HPOS="94" VPOS="223" WIDTH="759" HEIGHT="31">
							<String ID="string_12" HPOS="94" VPOS="225" WIDTH="198" HEIGHT="29" WC="0.91" CONTENT="telegrafstationer"/><SP WIDTH="15" VPOS="225" HPOS="292"/>
							<String ID="string_13" HPOS="307" VPOS="223" WIDTH="113" HEIGHT="27" WC="0.92" CONTENT="försedde,"/><SP WIDTH="15" VPOS="223" HPOS="420"/>
							<String ID="string_14" HPOS="435" VPOS="223" WIDTH="68" HEIGHT="29" WC="0.96" CONTENT="åtagit"/><SP WIDTH="15" VPOS="223" HPOS="503"/>
							<String ID="string_15" HPOS="518" VPOS="224" WIDTH="35" HEIGHT="28" WC="0.93" CONTENT="sig"/><SP WIDTH="15" VPOS="224" HPOS="553"/>
							<String ID="string_16" HPOS="568" VPOS="224" WIDTH="149" HEIGHT="28" WC="0.91" CONTENT="hvarjehanda"/><SP WIDTH="12" VPOS="224" HPOS="717"/>
							<String ID="string_17" HPOS="729" VPOS="224" WIDTH="78" HEIGHT="30" WC="0.95" CONTENT="bidrag"/><SP WIDTH="12" VPOS="224" HPOS="807"/>
							<String ID="string_18" HPOS="819" VPOS="225" WIDTH="34" HEIGHT="21" WC="0.96" CONTENT="till"/>
						</TextLine>
						<TextLine ID="line_3" HPOS="94" VPOS="257" WIDTH="759" HEIGHT="29">
							<String ID="string_19" HPOS="94" VPOS="259" WIDTH="77" HEIGHT="21" WC="0.96" CONTENT="dessas"/><SP WIDTH="22" VPOS="259" HPOS="171"/>
							<String ID="string_20" HPOS="193" VPOS="258" WIDTH="125" HEIGHT="28" WC="0.95" CONTENT="underhåll,"/><SP WIDTH="18" VPOS="258" HPOS="318"/>
							<String ID="string_21" HPOS="336" VPOS="257" WIDTH="68" HEIGHT="22" WC="0.96" CONTENT="tilläts"/><SP WIDTH="19" VPOS="257" HPOS="404"/>
							<String ID="string_22" HPOS="423" VPOS="258" WIDTH="95" HEIGHT="22" WC="0.96" CONTENT="svenska"/><SP WIDTH="17" VPOS="258" HPOS="518"/>
							<String ID="string_23" HPOS="535" VPOS="258" WIDTH="102" HEIGHT="28" WC="0.96" CONTENT="språkets"/><SP WIDTH="18" VPOS="258" HPOS="637"/>
							<String ID="string_24" HPOS="655" VPOS="258" WIDTH="144" HEIGHT="23" WC="0.96" CONTENT="användande"/><SP WIDTH="16" VPOS="258" HPOS="799"/>
							<String ID="string_25" HPOS="815" VPOS="258" WIDTH="38" HEIGHT="23" WC="0.96" CONTENT="vid"/>
						</TextLine>
						<TextLine ID="line_4" HPOS="96" VPOS="293" WIDTH="189" HEIGHT="28">
							<String ID="string_26" HPOS="96" VPOS="293" WIDTH="189" HEIGHT="28" WC="0.90" CONTENT="telegraferingen."/>
						</TextLine>
					</TextBlock>
				</ComposedBlock>
				<ComposedBlock ID="cblock_2" HPOS="96" VPOS="337" WIDTH="764" HEIGHT="1123">
					<TextBlock ID="block_2" HPOS="96" VPOS="337" WIDTH="764" HEIGHT="1123">
						<TextLine ID="line_5" HPOS="164" VPOS="337" WIDTH="689" HEIGHT="30">
							<String ID="string_27" HPOS="164" VPOS="338" WIDTH="64" HEIGHT="21" WC="0.96" CONTENT="Huru"/><SP WIDTH="15" VPOS="338" HPOS="228"/>
							<String ID="string_28" HPOS="243" VPOS="337" WIDTH="88" HEIGHT="30" WC="0.93" CONTENT="mycket"/><SP WIDTH="15" VPOS="337" HPOS="331"/>
							<String ID="string_29" HPOS="346" VPOS="337" WIDTH="125" HEIGHT="21" WC="0.91" CONTENT="försvåradt"/><SP WIDTH="13" VPOS="337" HPOS="471"/>
							<String ID="string_30" HPOS="484" VPOS="337" WIDTH="121" HEIGHT="22" WC="0.91" CONTENT="anlitandet"/><SP WIDTH="16" VPOS="337" HPOS="605"/>
							<String ID="string_31" HPOS="621" VPOS="338" WIDTH="24" HEIGHT="21" WC="0.93" CONTENT="af"/><SP WIDTH="8" VPOS="338" HPOS="645"/>
							<String ID="string_32" HPOS="653" VPOS="338" WIDTH="120" HEIGHT="29" WC="0.91" CONTENT="telegrafen"/><SP WIDTH="11" VPOS="338" HPOS="773"/>
							<String ID="string_33" HPOS="784" VPOS="339" WIDTH="69" HEIGHT="22" WC="0.96" CONTENT="under"/>
						</TextLine>
						<TextLine ID="line_6" HPOS="96" VPOS="371" WIDTH="758" HEIGHT="29">
							<String ID="string_34" HPOS="96" VPOS="372" WIDTH="160" HEIGHT="22" WC="0.90" CONTENT="ofvannämnde"/><SP WIDTH="17" VPOS="372" HPOS="256"/>
							<String ID="string_35" HPOS="273" VPOS="372" WIDTH="93" HEIGHT="28" WC="0.90" CONTENT="prekära"/><SP WIDTH="19" VPOS="372" HPOS="366"/>
							<String ID="string_36" HPOS="385" VPOS="371" WIDTH="149" HEIGHT="22" WC="0.96" CONTENT="förhållanden"/><SP WIDTH="19" VPOS="371" HPOS="534"/>
							<String ID="string_37" HPOS="553" VPOS="373" WIDTH="27" HEIGHT="20" WC="0.96" CONTENT="än"/><SP WIDTH="17" VPOS="373" HPOS="580"/>
							<String ID="string_38" HPOS="597" VPOS="373" WIDTH="66" HEIGHT="27" WC="0.95" CONTENT="varit,"/><SP WIDTH="19" VPOS="373" HPOS="663"/>
							<String ID="string_39" HPOS="682" VPOS="373" WIDTH="56" HEIGHT="22" WC="0.96" CONTENT="hade"/><SP WIDTH="15" VPOS="373" HPOS="738"/>
							<String ID="string_40" HPOS="753" VPOS="374" WIDTH="58" HEIGHT="21" WC="0.96" CONTENT="dock"/><SP WIDTH="14" VPOS="374" HPOS="811"/>
							<String ID="string_41" HPOS="825" VPOS="373" WIDTH="29" HEIGHT="22" WC="0.96" CONTENT="de"/>
						</TextLine>
						<TextLine ID="line_7" HPOS="97" VPOS="405" WIDTH="757" HEIGHT="30">
							<String ID="string_42" HPOS="97" VPOS="406" WIDTH="180" HEIGHT="29" WC="0.93" CONTENT="utomordentligt"/><SP WIDTH="18" VPOS="406" HPOS="277"/>
							<String ID="string_43" HPOS="295" VPOS="406" WIDTH="85" HEIGHT="28" WC="0.92" CONTENT="vigtiga"/><SP WIDTH="19" VPOS="406" HPOS="380"/>
							<String ID="string_44" HPOS="399" VPOS="405" WIDTH="94" HEIGHT="22" WC="0.96" CONTENT="fördelar"/><SP WIDTH="18" VPOS="405" HPOS="493"/>
							<String ID="string_45" HPOS="511" VPOS="405" WIDTH="126" HEIGHT="22" WC="0.96" CONTENT="densamma"/><SP WIDTH="19" VPOS="405" HPOS="637"/>
							<String ID="string_46" HPOS="656" VPOS="407" WIDTH="123" HEIGHT="27" WC="0.93" CONTENT="medförde,"/><SP WIDTH="15" VPOS="407" HPOS="779"/>
							<String ID="string_47" HPOS="794" VPOS="407" WIDTH="60" HEIGHT="28" WC="0.92" CONTENT="isyn-"/>
						</TextLine>
						<TextLine ID="line_8" HPOS="96" VPOS="439" WIDTH="759" HEIGHT="30">
							<String ID="string_48" HPOS="96" VPOS="440" WIDTH="77" HEIGHT="23" WC="0.91" CONTENT="nerhet"/><SP WIDTH="15" VPOS="440" HPOS="173"/>
							<String ID="string_49" HPOS="188" VPOS="440" WIDTH="57" HEIGHT="22" WC="0.96" CONTENT="hvad"/><SP WIDTH="15" VPOS="440" HPOS="245"/>
							<String ID="string_50" HPOS="260" VPOS="439" WIDTH="93" HEIGHT="22" WC="0.93" CONTENT="handeln"/><SP WIDTH="17" VPOS="439" HPOS="353"/>
							<String ID="string_51" HPOS="370" VPOS="439" WIDTH="129" HEIGHT="28" WC="0.90" CONTENT="beträffade,"/><SP WIDTH="14" VPOS="439" HPOS="499"/>
							<String ID="string_52" HPOS="513" VPOS="440" WIDTH="68" HEIGHT="21" WC="0.96" CONTENT="redan"/><SP WIDTH="15" VPOS="440" HPOS="581"/>
							<String ID="string_53" HPOS="596" VPOS="440" WIDTH="129" HEIGHT="29" WC="0.96" CONTENT="tillräckligt"/><SP WIDTH="15" VPOS="440" HPOS="725"/>
							<String ID="string_54" HPOS="740" VPOS="441" WIDTH="57" HEIGHT="22" WC="0.96" CONTENT="visat"/><SP WIDTH="15" VPOS="441" HPOS="797"/>
							<String ID="string_55" HPOS="812" VPOS="441" WIDTH="43" HEIGHT="28" WC="0.95" CONTENT="sig,"/>
						</TextLine>
						<TextLine ID="line_9" HPOS="98" VPOS="473" WIDTH="757" HEIGHT="30">
							<String ID="string_56" HPOS="98" VPOS="475" WIDTH="42" HEIGHT="22" WC="0.96" CONTENT="och"/><SP WIDTH="22" VPOS="475" HPOS="140"/>
							<String ID="string_57" HPOS="162" VPOS="482" WIDTH="26" HEIGHT="15" WC="0.96" CONTENT="en"/><SP WIDTH="22" VPOS="482" HPOS="188"/>
							<String ID="string_58" HPOS="210" VPOS="474" WIDTH="96" HEIGHT="29" WC="0.96" CONTENT="naturlig"/><SP WIDTH="22" VPOS="474" HPOS="306"/>
							<String ID="string_59" HPOS="328" VPOS="473" WIDTH="55" HEIGHT="29" WC="0.96" CONTENT="följd"/><SP WIDTH="21" VPOS="473" HPOS="383"/>
							<String ID="string_60" HPOS="404" VPOS="473" WIDTH="66" HEIGHT="22" WC="0.96" CONTENT="deraf"/><SP WIDTH="16" VPOS="473" HPOS="470"/>
							<String ID="string_61" HPOS="486" VPOS="481" WIDTH="45" HEIGHT="20" WC="0.96" CONTENT="var,"/><SP WIDTH="19" VPOS="481" HPOS="531"/>
							<String ID="string_62" HPOS="550" VPOS="476" WIDTH="32" HEIGHT="19" WC="0.96" CONTENT="att"/><SP WIDTH="18" VPOS="476" HPOS="582"/>
							<String ID="string_63" HPOS="600" VPOS="482" WIDTH="48" HEIGHT="14" WC="0.96" CONTENT="man"/><SP WIDTH="19" VPOS="482" HPOS="648"/>
							<String ID="string_64" HPOS="667" VPOS="475" WIDTH="8" HEIGHT="21" WC="0.96" CONTENT="i"/><SP WIDTH="14" VPOS="475" HPOS="675"/>
							<String ID="string_65" HPOS="689" VPOS="475" WIDTH="25" HEIGHT="21" WC="0.96" CONTENT="så"/><SP WIDTH="17" VPOS="475" HPOS="714"/>
							<String ID="string_66" HPOS="731" VPOS="475" WIDTH="124" HEIGHT="22" WC="0.96" CONTENT="vidsträckt"/>
						</TextLine>
						<TextLine ID="line_10" HPOS="97" VPOS="507" WIDTH="758" HEIGHT="30">
							<String ID="string_67" HPOS="97" VPOS="509" WIDTH="55" HEIGHT="22" WC="0.96" CONTENT="mått"/><SP WIDTH="20" VPOS="509" HPOS="152"/>
							<String ID="string_68" HPOS="172" VPOS="516" WIDTH="48" HEIGHT="15" WC="0.96" CONTENT="som"/><SP WIDTH="17" VPOS="516" HPOS="220"/>
							<String ID="string_69" HPOS="237" VPOS="509" WIDTH="87" HEIGHT="28" WC="0.95" CONTENT="möjligt"/><SP WIDTH="17" VPOS="509" HPOS="324"/>
							<String ID="string_70" HPOS="341" VPOS="507" WIDTH="98" HEIGHT="22" WC="0.96" CONTENT="önskade"/><SP WIDTH="20" VPOS="507" HPOS="439"/>
							<String ID="string_71" HPOS="459" VPOS="508" WIDTH="147" HEIGHT="29" WC="0.96" CONTENT="tillgodogöra"/><SP WIDTH="19" VPOS="508" HPOS="606"/>
							<String ID="string_72" HPOS="625" VPOS="509" WIDTH="34" HEIGHT="28" WC="0.96" CONTENT="sig"/><SP WIDTH="17" VPOS="509" HPOS="659"/>
							<String ID="string_73" HPOS="676" VPOS="509" WIDTH="61" HEIGHT="22" WC="0.96" CONTENT="detta"/><SP WIDTH="15" VPOS="509" HPOS="737"/>
							<String ID="string_74" HPOS="752" VPOS="509" WIDTH="103" HEIGHT="22" WC="0.96" CONTENT="nutidens"/>
						</TextLine>
						<TextLine ID="line_11" HPOS="98" VPOS="541" WIDTH="757" HEIGHT="32">
							<String ID="string_75" HPOS="98" VPOS="547" WIDTH="106" HEIGHT="26" WC="0.92" CONTENT="yppersta"/><SP WIDTH="11" VPOS="547" HPOS="204"/>
							<String ID="string_76" HPOS="215" VPOS="541" WIDTH="277" HEIGHT="23" WC="0.90" CONTENT="kommunikationsmedel."/><SP WIDTH="19" VPOS="541" HPOS="492"/>
							<String ID="string_77" HPOS="511" VPOS="541" WIDTH="49" HEIGHT="23" WC="0.95" CONTENT="När"/><SP WIDTH="10" VPOS="541" HPOS="560"/>
							<String ID="string_78" HPOS="570" VPOS="542" WIDTH="37" HEIGHT="21" WC="0.93" CONTENT="det"/><SP WIDTH="12" VPOS="542" HPOS="607"/>
							<String ID="string_79" HPOS="619" VPOS="542" WIDTH="102" HEIGHT="29" WC="0.92" CONTENT="derjemte"/><SP WIDTH="12" VPOS="542" HPOS="721"/>
							<String ID="string_80" HPOS="733" VPOS="543" WIDTH="48" HEIGHT="22" WC="0.96" CONTENT="blef"/><SP WIDTH="5" VPOS="543" HPOS="781"/>
							<String ID="string_81" HPOS="786" VPOS="543" WIDTH="69" HEIGHT="22" WC="0.96" CONTENT="kändt"/>
						</TextLine>
						<TextLine ID="line_12" HPOS="98" VPOS="577" WIDTH="757" HEIGHT="28">
							<String ID="string_82" HPOS="98" VPOS="580" WIDTH="32" HEIGHT="19" WC="0.96" CONTENT="att"/><SP WIDTH="14" VPOS="580" HPOS="130"/>
							<String ID="string_83" HPOS="144" VPOS="585" WIDTH="49" HEIGHT="14" WC="0.95" CONTENT="man"/><SP WIDTH="15" VPOS="585" HPOS="193"/>
							<String ID="string_84" HPOS="208" VPOS="584" WIDTH="39" HEIGHT="14" WC="0.95" CONTENT="var"/><SP WIDTH="14" VPOS="584" HPOS="247"/>
							<String ID="string_85" HPOS="261" VPOS="577" WIDTH="7" HEIGHT="21" WC="0.96" CONTENT="i"/><SP WIDTH="16" VPOS="577" HPOS="268"/>
							<String ID="string_86" HPOS="284" VPOS="578" WIDTH="97" HEIGHT="27" WC="0.96" CONTENT="begrepp"/><SP WIDTH="15" VPOS="578" HPOS="381"/>
							<String ID="string_87" HPOS="396" VPOS="579" WIDTH="32" HEIGHT="18" WC="0.95" CONTENT="att"/><SP WIDTH="15" VPOS="579" HPOS="428"/>
							<String ID="string_88" HPOS="443" VPOS="577" WIDTH="110" HEIGHT="21" WC="0.95" CONTENT="utsträcka"/><SP WIDTH="14" VPOS="577" HPOS="553"/>
							<String ID="string_89" HPOS="567" VPOS="577" WIDTH="38" HEIGHT="21" WC="0.96" CONTENT="det"/><SP WIDTH="14" VPOS="577" HPOS="605"/>
							<String ID="string_90" HPOS="619" VPOS="577" WIDTH="94" HEIGHT="21" WC="0.93" CONTENT="svenska"/><SP WIDTH="11" VPOS="577" HPOS="713"/>
							<String ID="string_91" HPOS="724" VPOS="578" WIDTH="131" HEIGHT="27" WC="0.91" CONTENT="telegrafnä-"/>
						</TextLine>
						<TextLine ID="line_13" HPOS="98" VPOS="604" WIDTH="757" HEIGHT="36">
							<String ID="string_92" HPOS="98" VPOS="614" WIDTH="32" HEIGHT="19" WC="0.96" CONTENT="tet"/><SP WIDTH="19" VPOS="614" HPOS="130"/>
							<String ID="string_93" HPOS="149" VPOS="611" WIDTH="56" HEIGHT="21" WC="0.96" CONTENT="ända"/><SP WIDTH="19" VPOS="611" HPOS="205"/>
							<String ID="string_94" HPOS="224" VPOS="611" WIDTH="33" HEIGHT="21" WC="0.93" CONTENT="till"/><SP WIDTH="19" VPOS="611" HPOS="257"/>
							<String ID="string_95" HPOS="276" VPOS="610" WIDTH="157" HEIGHT="29" WC="0.88" CONTENT="Haaparanda,"/><SP WIDTH="15" VPOS="610" HPOS="433"/>
							<String ID="string_96" HPOS="448" VPOS="611" WIDTH="91" HEIGHT="29" WC="0.93" CONTENT="ingingo"/><SP WIDTH="16" VPOS="611" HPOS="539"/>
							<String ID="string_97" HPOS="555" VPOS="610" WIDTH="210" HEIGHT="30" WC="0.93" CONTENT="handelskorpserne"/><SP WIDTH="15" VPOS="610" HPOS="765"/>
							<String ID="string_98" HPOS="780" VPOS="612" WIDTH="7" HEIGHT="20" WC="0.96" CONTENT="i"/><SP WIDTH="15" VPOS="612" HPOS="787"/>
							<String ID="string_99" HPOS="802" VPOS="604" WIDTH="53" HEIGHT="29" WC="0.96" CONTENT="Åbo"/>
						</TextLine>
						<TextLine ID="line_14" HPOS="98" VPOS="644" WIDTH="757" HEIGHT="31">
							<String ID="string_100" HPOS="98" VPOS="645" WIDTH="42" HEIGHT="22" WC="0.96" CONTENT="och"/><SP WIDTH="22" VPOS="645" HPOS="140"/>
							<String ID="string_101" HPOS="162" VPOS="644" WIDTH="52" HEIGHT="22" WC="0.96" CONTENT="flere"/><SP WIDTH="18" VPOS="644" HPOS="214"/>
							<String ID="string_102" HPOS="232" VPOS="645" WIDTH="26" HEIGHT="21" WC="0.96" CONTENT="af"/><SP WIDTH="14" VPOS="645" HPOS="258"/>
							<String ID="string_103" HPOS="272" VPOS="645" WIDTH="84" HEIGHT="21" WC="0.96" CONTENT="landets"/><SP WIDTH="18" VPOS="645" HPOS="356"/>
							<String ID="string_104" HPOS="374" VPOS="644" WIDTH="102" HEIGHT="29" WC="0.93" CONTENT="nordliga"/><SP WIDTH="17" VPOS="644" HPOS="476"/>
							<String ID="string_105" HPOS="493" VPOS="645" WIDTH="126" HEIGHT="22" WC="0.92" CONTENT="kuststäder"/><SP WIDTH="14" VPOS="645" HPOS="619"/>
							<String ID="string_106" HPOS="633" VPOS="645" WIDTH="33" HEIGHT="22" WC="0.96" CONTENT="till"/><SP WIDTH="15" VPOS="645" HPOS="666"/>
							<String ID="string_107" HPOS="681" VPOS="645" WIDTH="109" HEIGHT="30" WC="0.96" CONTENT="styrelsen"/><SP WIDTH="15" VPOS="645" HPOS="790"/>
							<String ID="string_108" HPOS="805" VPOS="644" WIDTH="50" HEIGHT="22" WC="0.96" CONTENT="med"/>
						</TextLine>
						<TextLine ID="line_15" HPOS="98" VPOS="678" WIDTH="758" HEIGHT="30">
							<String ID="string_109" HPOS="98" VPOS="679" WIDTH="95" HEIGHT="29" WC="0.96" CONTENT="begäran"/><SP WIDTH="19" VPOS="679" HPOS="193"/>
							<String ID="string_110" HPOS="212" VPOS="681" WIDTH="32" HEIGHT="19" WC="0.93" CONTENT="att"/><SP WIDTH="17" VPOS="681" HPOS="244"/>
							<String ID="string_111" HPOS="261" VPOS="678" WIDTH="160" HEIGHT="30" WC="0.91" CONTENT="telegraflinien"/><SP WIDTH="16" VPOS="678" HPOS="421"/>
							<String ID="string_112" HPOS="437" VPOS="679" WIDTH="65" HEIGHT="22" WC="0.93" CONTENT="äfven"/><SP WIDTH="14" VPOS="679" HPOS="502"/>
							<String ID="string_113" HPOS="516" VPOS="679" WIDTH="13" HEIGHT="22" WC="0.92" CONTENT="å"/><SP WIDTH="15" VPOS="679" HPOS="529"/>
							<String ID="string_114" HPOS="544" VPOS="679" WIDTH="71" HEIGHT="22" WC="0.96" CONTENT="finska"/><SP WIDTH="14" VPOS="679" HPOS="615"/>
							<String ID="string_115" HPOS="629" VPOS="679" WIDTH="63" HEIGHT="23" WC="0.96" CONTENT="sidan"/><SP WIDTH="15" VPOS="679" HPOS="692"/>
							<String ID="string_116" HPOS="707" VPOS="680" WIDTH="26" HEIGHT="22" WC="0.93" CONTENT="af"/><SP WIDTH="11" VPOS="680" HPOS="733"/>
							<String ID="string_117" HPOS="744" VPOS="679" WIDTH="112" HEIGHT="22" WC="0.92" CONTENT="bottniska"/>
						</TextLine>
						<TextLine ID="line_16" HPOS="98" VPOS="712" WIDTH="757" HEIGHT="29">
							<String ID="string_118" HPOS="98" VPOS="713" WIDTH="68" HEIGHT="23" WC="0.96" CONTENT="viken"/><SP WIDTH="17" VPOS="713" HPOS="166"/>
							<String ID="string_119" HPOS="183" VPOS="713" WIDTH="71" HEIGHT="23" WC="0.93" CONTENT="skulle"/><SP WIDTH="18" VPOS="713" HPOS="254"/>
							<String ID="string_120" HPOS="272" VPOS="714" WIDTH="112" HEIGHT="22" WC="0.91" CONTENT="fortsättas"/><SP WIDTH="18" VPOS="714" HPOS="384"/>
							<String ID="string_121" HPOS="402" VPOS="713" WIDTH="34" HEIGHT="22" WC="0.96" CONTENT="till"/><SP WIDTH="15" VPOS="713" HPOS="436"/>
							<String ID="string_122" HPOS="451" VPOS="712" WIDTH="96" HEIGHT="29" WC="0.96" CONTENT="Torneå,"/><SP WIDTH="18" VPOS="712" HPOS="547"/>
							<String ID="string_123" HPOS="565" VPOS="713" WIDTH="35" HEIGHT="23" WC="0.96" CONTENT="för"/><SP WIDTH="14" VPOS="713" HPOS="600"/>
							<String ID="string_124" HPOS="614" VPOS="716" WIDTH="33" HEIGHT="20" WC="0.93" CONTENT="att"/><SP WIDTH="13" VPOS="716" HPOS="647"/>
							<String ID="string_125" HPOS="660" VPOS="713" WIDTH="97" HEIGHT="23" WC="0.92" CONTENT="derifrån"/><SP WIDTH="16" VPOS="713" HPOS="757"/>
							<String ID="string_126" HPOS="773" VPOS="713" WIDTH="82" HEIGHT="23" WC="0.92" CONTENT="förbin-"/>
						</TextLine>
						<TextLine ID="line_17" HPOS="98" VPOS="746" WIDTH="757" HEIGHT="30">
							<String ID="string_127" HPOS="98" VPOS="747" WIDTH="41" HEIGHT="23" WC="0.96" CONTENT="das"/><SP WIDTH="19" VPOS="747" HPOS="139"/>
							<String ID="string_128" HPOS="158" VPOS="747" WIDTH="49" HEIGHT="23" WC="0.95" CONTENT="med"/><SP WIDTH="17" VPOS="747" HPOS="207"/>
							<String ID="string_129" HPOS="224" VPOS="747" WIDTH="42" HEIGHT="22" WC="0.95" CONTENT="den"/><SP WIDTH="18" VPOS="747" HPOS="266"/>
							<String ID="string_130" HPOS="284" VPOS="746" WIDTH="102" HEIGHT="24" WC="0.94" CONTENT="svenska,"/><SP WIDTH="29" VPOS="746" HPOS="386"/>
							<String ID="string_131" HPOS="415" VPOS="746" WIDTH="53" HEIGHT="23" WC="0.96" CONTENT="Men"/><SP WIDTH="17" VPOS="746" HPOS="468"/>
							<String ID="string_132" HPOS="485" VPOS="754" WIDTH="46" HEIGHT="15" WC="0.95" CONTENT="som"/><SP WIDTH="15" VPOS="754" HPOS="531"/>
							<String ID="string_133" HPOS="546" VPOS="747" WIDTH="42" HEIGHT="22" WC="0.96" CONTENT="den"/><SP WIDTH="17" VPOS="747" HPOS="588"/>
							<String ID="string_134" HPOS="605" VPOS="747" WIDTH="66" HEIGHT="29" WC="0.93" CONTENT="ryska"/><SP WIDTH="14" VPOS="747" HPOS="671"/>
							<String ID="string_135" HPOS="685" VPOS="747" WIDTH="170" HEIGHT="29" WC="0.92" CONTENT="telegrafinrätt-"/>
						</TextLine>
						<TextLine ID="line_18" HPOS="98" VPOS="780" WIDTH="757" HEIGHT="30">
							<String ID="string_136" HPOS="98" VPOS="782" WIDTH="82" HEIGHT="28" WC="0.96" CONTENT="ningen"/><SP WIDTH="15" VPOS="782" HPOS="180"/>
							<String ID="string_137" HPOS="195" VPOS="782" WIDTH="7" HEIGHT="22" WC="0.96" CONTENT="i"/><SP WIDTH="16" VPOS="782" HPOS="202"/>
							<String ID="string_138" HPOS="218" VPOS="781" WIDTH="74" HEIGHT="22" WC="0.96" CONTENT="landet"/><SP WIDTH="14" VPOS="781" HPOS="292"/>
							<String ID="string_139" HPOS="306" VPOS="781" WIDTH="25" HEIGHT="21" WC="0.95" CONTENT="af"/><SP WIDTH="11" VPOS="781" HPOS="331"/>
							<String ID="string_140" HPOS="342" VPOS="781" WIDTH="41" HEIGHT="21" WC="0.93" CONTENT="lätt"/><SP WIDTH="15" VPOS="781" HPOS="383"/>
							<String ID="string_141" HPOS="398" VPOS="781" WIDTH="91" HEIGHT="22" WC="0.92" CONTENT="insedda"/><SP WIDTH="14" VPOS="781" HPOS="489"/>
							<String ID="string_142" HPOS="503" VPOS="781" WIDTH="89" HEIGHT="22" WC="0.96" CONTENT="orsaker"/><SP WIDTH="15" VPOS="781" HPOS="592"/>
							<String ID="string_143" HPOS="607" VPOS="781" WIDTH="73" HEIGHT="22" WC="0.96" CONTENT="blifvit"/><SP WIDTH="15" VPOS="781" HPOS="680"/>
							<String ID="string_144" HPOS="695" VPOS="782" WIDTH="63" HEIGHT="21" WC="0.93" CONTENT="öfver"/><SP WIDTH="14" VPOS="782" HPOS="758"/>
							<String ID="string_145" HPOS="772" VPOS="780" WIDTH="83" HEIGHT="23" WC="0.91" CONTENT="höfvan"/>
						</TextLine>
						<TextLine ID="line_19" HPOS="98" VPOS="815" WIDTH="758" HEIGHT="30">
							<String ID="string_146" HPOS="98" VPOS="815" WIDTH="44" HEIGHT="30" WC="0.96" CONTENT="dyr"/><SP WIDTH="20" VPOS="815" HPOS="142"/>
							<String ID="string_147" HPOS="162" VPOS="818" WIDTH="58" HEIGHT="19" WC="0.96" CONTENT="samt"/><SP WIDTH="21" VPOS="818" HPOS="220"/>
							<String ID="string_148" HPOS="241" VPOS="815" WIDTH="37" HEIGHT="22" WC="0.96" CONTENT="det"/><SP WIDTH="21" VPOS="815" HPOS="278"/>
							<String ID="string_149" HPOS="299" VPOS="815" WIDTH="137" HEIGHT="22" WC="0.96" CONTENT="framställda"/><SP WIDTH="20" VPOS="815" HPOS="436"/>
							<String ID="string_150" HPOS="456" VPOS="816" WIDTH="107" HEIGHT="27" WC="0.96" CONTENT="förslaget"/><SP WIDTH="17" VPOS="816" HPOS="563"/>
							<String ID="string_151" HPOS="580" VPOS="815" WIDTH="96" HEIGHT="23" WC="0.96" CONTENT="saknade"/><SP WIDTH="19" VPOS="815" HPOS="676"/>
							<String ID="string_152" HPOS="695" VPOS="815" WIDTH="29" HEIGHT="22" WC="0.96" CONTENT="all"/><SP WIDTH="19" VPOS="815" HPOS="724"/>
							<String ID="string_153" HPOS="743" VPOS="815" WIDTH="113" HEIGHT="29" WC="0.96" CONTENT="betydelse"/>
						</TextLine>
						<TextLine ID="line_20" HPOS="99" VPOS="849" WIDTH="757" HEIGHT="29">
							<String ID="string_154" HPOS="99" VPOS="850" WIDTH="35" HEIGHT="23" WC="0.96" CONTENT="för"/><SP WIDTH="18" VPOS="850" HPOS="134"/>
							<String ID="string_155" HPOS="152" VPOS="849" WIDTH="28" HEIGHT="22" WC="0.96" CONTENT="de"/><SP WIDTH="19" VPOS="849" HPOS="180"/>
							<String ID="string_156" HPOS="199" VPOS="849" WIDTH="94" HEIGHT="23" WC="0.96" CONTENT="militära"/><SP WIDTH="17" VPOS="849" HPOS="293"/>
							<String ID="string_157" HPOS="310" VPOS="849" WIDTH="110" HEIGHT="28" WC="0.96" CONTENT="ändamål,"/><SP WIDTH="20" VPOS="849" HPOS="420"/>
							<String ID="string_158" HPOS="440" VPOS="849" WIDTH="34" HEIGHT="22" WC="0.96" CONTENT="för"/><SP WIDTH="14" VPOS="849" HPOS="474"/>
							<String ID="string_159" HPOS="488" VPOS="850" WIDTH="77" HEIGHT="23" WC="0.93" CONTENT="hvilka"/><SP WIDTH="14" VPOS="850" HPOS="565"/>
							<String ID="string_160" HPOS="579" VPOS="850" WIDTH="118" HEIGHT="28" WC="0.91" CONTENT="telegrafen"/><SP WIDTH="15" VPOS="850" HPOS="697"/>
							<String ID="string_161" HPOS="712" VPOS="851" WIDTH="85" HEIGHT="20" WC="0.93" CONTENT="ensamt"/><SP WIDTH="14" VPOS="851" HPOS="797"/>
							<String ID="string_162" HPOS="811" VPOS="849" WIDTH="45" HEIGHT="22" WC="0.91" CONTENT="till-"/>
						</TextLine>
						<TextLine ID="line_21" HPOS="99" VPOS="883" WIDTH="757" HEIGHT="30">
							<String ID="string_163" HPOS="99" VPOS="884" WIDTH="101" HEIGHT="28" WC="0.95" CONTENT="kommit,"/><SP WIDTH="16" VPOS="884" HPOS="200"/>
							<String ID="string_164" HPOS="216" VPOS="883" WIDTH="41" HEIGHT="22" WC="0.96" CONTENT="och"/><SP WIDTH="15" VPOS="883" HPOS="257"/>
							<String ID="string_165" HPOS="272" VPOS="883" WIDTH="56" HEIGHT="24" WC="0.93" CONTENT="blott"/><SP WIDTH="15" VPOS="883" HPOS="328"/>
							<String ID="string_166" HPOS="343" VPOS="883" WIDTH="63" HEIGHT="28" WC="0.91" CONTENT="afsåg"/><SP WIDTH="14" VPOS="883" HPOS="406"/>
							<String ID="string_167" HPOS="420" VPOS="883" WIDTH="105" HEIGHT="23" WC="0.96" CONTENT="Finlands"/><SP WIDTH="16" VPOS="883" HPOS="525"/>
							<String ID="string_168" HPOS="541" VPOS="891" WIDTH="68" HEIGHT="22" WC="0.96" CONTENT="gagn,"/><SP WIDTH="15" VPOS="891" HPOS="609"/>
							<String ID="string_169" HPOS="624" VPOS="884" WIDTH="25" HEIGHT="21" WC="0.96" CONTENT="så"/><SP WIDTH="15" VPOS="884" HPOS="649"/>
							<String ID="string_170" HPOS="664" VPOS="884" WIDTH="52" HEIGHT="22" WC="0.96" CONTENT="fann"/><SP WIDTH="14" VPOS="884" HPOS="716"/>
							<String ID="string_171" HPOS="730" VPOS="883" WIDTH="44" HEIGHT="22" WC="0.96" CONTENT="den"/><SP WIDTH="15" VPOS="883" HPOS="774"/>
							<String ID="string_172" HPOS="789" VPOS="883" WIDTH="67" HEIGHT="28" WC="0.96" CONTENT="ryska"/>
						</TextLine>
						<TextLine ID="line_22" HPOS="99" VPOS="917" WIDTH="758" HEIGHT="30">
							<String ID="string_173" HPOS="99" VPOS="917" WIDTH="209" HEIGHT="30" WC="0.90" CONTENT="telegrafstyrelsen,"/><SP WIDTH="13" VPOS="917" HPOS="308"/>
							<String ID="string_174" HPOS="321" VPOS="924" WIDTH="48" HEIGHT="16" WC="0.96" CONTENT="som"/><SP WIDTH="15" VPOS="924" HPOS="369"/>
							<String ID="string_175" HPOS="384" VPOS="917" WIDTH="98" HEIGHT="22" WC="0.93" CONTENT="önskade"/><SP WIDTH="15" VPOS="917" HPOS="482"/>
							<String ID="string_176" HPOS="497" VPOS="918" WIDTH="142" HEIGHT="28" WC="0.91" CONTENT="undandraga"/><SP WIDTH="14" VPOS="918" HPOS="639"/>
							<String ID="string_177" HPOS="653" VPOS="918" WIDTH="36" HEIGHT="27" WC="0.96" CONTENT="sig"/><SP WIDTH="10" VPOS="918" HPOS="689"/>
							<String ID="string_178" HPOS="699" VPOS="917" WIDTH="28" HEIGHT="22" WC="0.96" CONTENT="de"/><SP WIDTH="12" VPOS="917" HPOS="727"/>
							<String ID="string_179" HPOS="739" VPOS="917" WIDTH="66" HEIGHT="23" WC="0.93" CONTENT="häraf"/><SP WIDTH="7" VPOS="917" HPOS="805"/>
							<String ID="string_180" HPOS="812" VPOS="917" WIDTH="45" HEIGHT="22" WC="0.93" CONTENT="för-"/>
						</TextLine>
						<TextLine ID="line_23" HPOS="99" VPOS="951" WIDTH="758" HEIGHT="30">
							<String ID="string_181" HPOS="99" VPOS="952" WIDTH="95" HEIGHT="23" WC="0.92" CONTENT="anledda"/><SP WIDTH="21" VPOS="952" HPOS="194"/>
							<String ID="string_182" HPOS="215" VPOS="952" WIDTH="127" HEIGHT="29" WC="0.96" CONTENT="ytterligare"/><SP WIDTH="22" VPOS="952" HPOS="342"/>
							<String ID="string_183" HPOS="364" VPOS="951" WIDTH="126" HEIGHT="28" WC="0.96" CONTENT="kostnader,"/><SP WIDTH="21" VPOS="951" HPOS="490"/>
							<String ID="string_184" HPOS="511" VPOS="953" WIDTH="36" HEIGHT="28" WC="0.96" CONTENT="sig"/><SP WIDTH="18" VPOS="953" HPOS="547"/>
							<String ID="string_185" HPOS="565" VPOS="952" WIDTH="120" HEIGHT="23" WC="0.96" CONTENT="föranlåten"/><SP WIDTH="19" VPOS="952" HPOS="685"/>
							<String ID="string_186" HPOS="704" VPOS="954" WIDTH="32" HEIGHT="19" WC="0.95" CONTENT="att"/><SP WIDTH="18" VPOS="954" HPOS="736"/>
							<String ID="string_187" HPOS="754" VPOS="952" WIDTH="35" HEIGHT="22" WC="0.90" CONTENT="för"/><SP WIDTH="15" VPOS="952" HPOS="789"/>
							<String ID="string_188" HPOS="804" VPOS="951" WIDTH="53" HEIGHT="22" WC="0.90" CONTENT="tele-"/>
						</TextLine>
						<TextLine ID="line_24" HPOS="99" VPOS="985" WIDTH="757" HEIGHT="31">
							<String ID="string_189" HPOS="99" VPOS="986" WIDTH="129" HEIGHT="29" WC="0.91" CONTENT="grafliniens"/><SP WIDTH="15" VPOS="986" HPOS="228"/>
							<String ID="string_190" HPOS="243" VPOS="985" WIDTH="75" HEIGHT="23" WC="0.93" CONTENT="vidare"/><SP WIDTH="15" VPOS="985" HPOS="318"/>
							<String ID="string_191" HPOS="333" VPOS="985" WIDTH="155" HEIGHT="23" WC="0.91" CONTENT="utsträckande"/><SP WIDTH="14" VPOS="985" HPOS="488"/>
							<String ID="string_192" HPOS="502" VPOS="986" WIDTH="111" HEIGHT="30" WC="0.91" CONTENT="uppställa"/><SP WIDTH="12" VPOS="986" HPOS="613"/>
							<String ID="string_193" HPOS="625" VPOS="985" WIDTH="81" HEIGHT="23" WC="0.96" CONTENT="sådana"/><SP WIDTH="11" VPOS="985" HPOS="706"/>
							<String ID="string_194" HPOS="717" VPOS="985" WIDTH="80" HEIGHT="28" WC="0.96" CONTENT="vilkor,"/><SP WIDTH="12" VPOS="985" HPOS="797"/>
							<String ID="string_195" HPOS="809" VPOS="992" WIDTH="47" HEIGHT="15" WC="0.96" CONTENT="som"/>
						</TextLine>
						<TextLine ID="line_25" HPOS="99" VPOS="1015" WIDTH="758" HEIGHT="33">
							<String ID="string_196" HPOS="99" VPOS="1019" WIDTH="49" HEIGHT="24" WC="0.96" CONTENT="icke"/><SP WIDTH="18" VPOS="1019" HPOS="148"/>
							<String ID="string_197" HPOS="166" VPOS="1018" WIDTH="74" HEIGHT="24" WC="0.93" CONTENT="kunde"/><SP WIDTH="18" VPOS="1018" HPOS="240"/>
							<String ID="string_198" HPOS="258" VPOS="1022" WIDTH="97" HEIGHT="26" WC="0.91" CONTENT="antagas."/><SP WIDTH="36" VPOS="1022" HPOS="355"/>
							<String ID="string_199" HPOS="391" VPOS="1015" WIDTH="75" HEIGHT="26" WC="0.95" CONTENT="Äfven"/><SP WIDTH="19" VPOS="1015" HPOS="466"/>
							<String ID="string_200" HPOS="485" VPOS="1027" WIDTH="26" HEIGHT="15" WC="0.96" CONTENT="en"/><SP WIDTH="14" VPOS="1027" HPOS="511"/>
							<String ID="string_201" HPOS="525" VPOS="1021" WIDTH="25" HEIGHT="22" WC="0.96" CONTENT="år"/><SP WIDTH="17" VPOS="1021" HPOS="550"/>
							<String ID="string_202" HPOS="567" VPOS="1021" WIDTH="54" HEIGHT="21" WC="0.96" CONTENT="1857"/><SP WIDTH="16" VPOS="1021" HPOS="621"/>
							<String ID="string_203" HPOS="637" VPOS="1021" WIDTH="24" HEIGHT="21" WC="0.96" CONTENT="af"/><SP WIDTH="12" VPOS="1021" HPOS="661"/>
							<String ID="string_204" HPOS="673" VPOS="1020" WIDTH="68" HEIGHT="28" WC="0.96" CONTENT="några"/><SP WIDTH="14" VPOS="1020" HPOS="741"/>
							<String ID="string_205" HPOS="755" VPOS="1019" WIDTH="102" HEIGHT="24" WC="0.96" CONTENT="enskilda"/>
						</TextLine>
						<TextLine ID="line_26" HPOS="99" VPOS="1053" WIDTH="758" HEIGHT="31">
							<String ID="string_206" HPOS="99" VPOS="1061" WIDTH="105" HEIGHT="23" WC="0.95" CONTENT="personer"/><SP WIDTH="19" VPOS="1061" HPOS="204"/>
							<String ID="string_207" HPOS="223" VPOS="1053" WIDTH="65" HEIGHT="30" WC="0.96" CONTENT="gjord"/><SP WIDTH="18" VPOS="1053" HPOS="288"/>
							<String ID="string_208" HPOS="306" VPOS="1053" WIDTH="101" HEIGHT="23" WC="0.96" CONTENT="anhållan"/><SP WIDTH="15" VPOS="1053" HPOS="407"/>
							<String ID="string_209" HPOS="422" VPOS="1056" WIDTH="42" HEIGHT="25" WC="0.96" CONTENT="att,"/><SP WIDTH="16" VPOS="1056" HPOS="464"/>
							<String ID="string_210" HPOS="480" VPOS="1054" WIDTH="29" HEIGHT="29" WC="0.96" CONTENT="på"/><SP WIDTH="14" VPOS="1054" HPOS="509"/>
							<String ID="string_211" HPOS="523" VPOS="1055" WIDTH="59" HEIGHT="21" WC="0.95" CONTENT="vissa"/><SP WIDTH="14" VPOS="1055" HPOS="582"/>
							<String ID="string_212" HPOS="596" VPOS="1054" WIDTH="25" HEIGHT="22" WC="0.96" CONTENT="af"/><SP WIDTH="11" VPOS="1054" HPOS="621"/>
							<String ID="string_213" HPOS="632" VPOS="1053" WIDTH="117" HEIGHT="29" WC="0.95" CONTENT="kejserliga"/><SP WIDTH="18" VPOS="1053" HPOS="749"/>
							<String ID="string_214" HPOS="767" VPOS="1055" WIDTH="90" HEIGHT="20" WC="0.96" CONTENT="senaten"/>
						</TextLine>
						<TextLine ID="line_27" HPOS="99" VPOS="1087" WIDTH="758" HEIGHT="30">
							<String ID="string_215" HPOS="99" VPOS="1088" WIDTH="73" HEIGHT="23" WC="0.96" CONTENT="tillika"/><SP WIDTH="16" VPOS="1088" HPOS="172"/>
							<String ID="string_216" HPOS="188" VPOS="1088" WIDTH="115" HEIGHT="23" WC="0.96" CONTENT="förordade"/><SP WIDTH="15" VPOS="1088" HPOS="303"/>
							<String ID="string_217" HPOS="318" VPOS="1087" WIDTH="78" HEIGHT="28" WC="0.95" CONTENT="vilkor,"/><SP WIDTH="16" VPOS="1087" HPOS="396"/>
							<String ID="string_218" HPOS="412" VPOS="1087" WIDTH="22" HEIGHT="22" WC="0.96" CONTENT="få"/><SP WIDTH="15" VPOS="1087" HPOS="434"/>
							<String ID="string_219" HPOS="449" VPOS="1088" WIDTH="61" HEIGHT="23" WC="0.96" CONTENT="bilda"/><SP WIDTH="13" VPOS="1088" HPOS="510"/>
							<String ID="string_220" HPOS="523" VPOS="1091" WIDTH="32" HEIGHT="19" WC="0.96" CONTENT="ett"/><SP WIDTH="15" VPOS="1091" HPOS="555"/>
							<String ID="string_221" HPOS="570" VPOS="1088" WIDTH="125" HEIGHT="28" WC="0.96" CONTENT="aktiebolag"/><SP WIDTH="15" VPOS="1088" HPOS="695"/>
							<String ID="string_222" HPOS="710" VPOS="1088" WIDTH="35" HEIGHT="21" WC="0.91" CONTENT="för"/><SP WIDTH="10" VPOS="1088" HPOS="745"/>
							<String ID="string_223" HPOS="755" VPOS="1087" WIDTH="102" HEIGHT="30" WC="0.91" CONTENT="tillväga-"/>
						</TextLine>
						<TextLine ID="line_28" HPOS="99" VPOS="1121" WIDTH="759" HEIGHT="30">
							<String ID="string_224" HPOS="99" VPOS="1123" WIDTH="123" HEIGHT="28" WC="0.92" CONTENT="bringande"/><SP WIDTH="19" VPOS="1123" HPOS="222"/>
							<String ID="string_225" HPOS="241" VPOS="1122" WIDTH="25" HEIGHT="22" WC="0.93" CONTENT="af"/><SP WIDTH="16" VPOS="1122" HPOS="266"/>
							<String ID="string_226" HPOS="282" VPOS="1121" WIDTH="226" HEIGHT="30" WC="0.91" CONTENT="telegrafförbindelse"/><SP WIDTH="15" VPOS="1121" HPOS="508"/>
							<String ID="string_227" HPOS="523" VPOS="1123" WIDTH="48" HEIGHT="22" WC="0.96" CONTENT="från"/><SP WIDTH="16" VPOS="1123" HPOS="571"/>
							<String ID="string_228" HPOS="587" VPOS="1121" WIDTH="26" HEIGHT="24" WC="0.96" CONTENT="St"/><SP WIDTH="15" VPOS="1121" HPOS="613"/>
							<String ID="string_229" HPOS="628" VPOS="1121" WIDTH="134" HEIGHT="28" WC="0.95" CONTENT="Petersburg"/><SP WIDTH="15" VPOS="1121" HPOS="762"/>
							<String ID="string_230" HPOS="777" VPOS="1128" WIDTH="81" HEIGHT="21" WC="0.96" CONTENT="genom"/>
						</TextLine>
						<TextLine ID="line_29" HPOS="98" VPOS="1155" WIDTH="761" HEIGHT="30">
							<String ID="string_231" HPOS="98" VPOS="1157" WIDTH="102" HEIGHT="28" WC="0.91" CONTENT="samtlige"/><SP WIDTH="18" VPOS="1157" HPOS="200"/>
							<String ID="string_232" HPOS="218" VPOS="1156" WIDTH="152" HEIGHT="24" WC="0.92" CONTENT="kuststäderne"/><SP WIDTH="19" VPOS="1156" HPOS="370"/>
							<String ID="string_233" HPOS="389" VPOS="1156" WIDTH="34" HEIGHT="23" WC="0.93" CONTENT="till"/><SP WIDTH="19" VPOS="1156" HPOS="423"/>
							<String ID="string_234" HPOS="442" VPOS="1156" WIDTH="149" HEIGHT="29" WC="0.91" CONTENT="Haaparanda"/><SP WIDTH="14" VPOS="1156" HPOS="591"/>
							<String ID="string_235" HPOS="605" VPOS="1156" WIDTH="72" HEIGHT="22" WC="0.96" CONTENT="kunde"/><SP WIDTH="15" VPOS="1156" HPOS="677"/>
							<String ID="string_236" HPOS="692" VPOS="1156" WIDTH="49" HEIGHT="22" WC="0.93" CONTENT="icke"/><SP WIDTH="14" VPOS="1156" HPOS="741"/>
							<String ID="string_237" HPOS="755" VPOS="1155" WIDTH="104" HEIGHT="22" WC="0.91" CONTENT="tillvinna"/>
						</TextLine>
						<TextLine ID="line_30" HPOS="99" VPOS="1189" WIDTH="760" HEIGHT="32">
							<String ID="string_238" HPOS="99" VPOS="1191" WIDTH="36" HEIGHT="28" WC="0.96" CONTENT="sig"/><SP WIDTH="18" VPOS="1191" HPOS="135"/>
							<String ID="string_239" HPOS="153" VPOS="1191" WIDTH="67" HEIGHT="30" WC="0.93" CONTENT="ryska"/><SP WIDTH="18" VPOS="1191" HPOS="220"/>
							<String ID="string_240" HPOS="238" VPOS="1190" WIDTH="212" HEIGHT="30" WC="0.91" CONTENT="telegrafstyrelsens"/><SP WIDTH="19" VPOS="1190" HPOS="450"/>
							<String ID="string_241" HPOS="469" VPOS="1190" WIDTH="72" HEIGHT="28" WC="0.93" CONTENT="bifall,"/><SP WIDTH="15" VPOS="1190" HPOS="541"/>
							<String ID="string_242" HPOS="556" VPOS="1190" WIDTH="91" HEIGHT="24" WC="0.91" CONTENT="oaktadt"/><SP WIDTH="14" VPOS="1190" HPOS="647"/>
							<String ID="string_243" HPOS="661" VPOS="1190" WIDTH="114" HEIGHT="28" WC="0.93" CONTENT="åtskilliga"/><SP WIDTH="14" VPOS="1190" HPOS="775"/>
							<String ID="string_244" HPOS="789" VPOS="1189" WIDTH="70" HEIGHT="23" WC="0.92" CONTENT="modi-"/>
						</TextLine>
						<TextLine ID="line_31" HPOS="98" VPOS="1223" WIDTH="761" HEIGHT="31">
							<String ID="string_245" HPOS="98" VPOS="1224" WIDTH="117" HEIGHT="24" WC="0.91" CONTENT="fikationer"/><SP WIDTH="19" VPOS="1224" HPOS="215"/>
							<String ID="string_246" HPOS="234" VPOS="1224" WIDTH="7" HEIGHT="24" WC="0.96" CONTENT="i"/><SP WIDTH="18" VPOS="1224" HPOS="241"/>
							<String ID="string_247" HPOS="259" VPOS="1224" WIDTH="29" HEIGHT="23" WC="0.96" CONTENT="de"/><SP WIDTH="15" VPOS="1224" HPOS="288"/>
							<String ID="string_248" HPOS="303" VPOS="1225" WIDTH="24" HEIGHT="21" WC="0.93" CONTENT="af"/><SP WIDTH="13" VPOS="1225" HPOS="327"/>
							<String ID="string_249" HPOS="340" VPOS="1224" WIDTH="136" HEIGHT="23" WC="0.91" CONTENT="sökanderne"/><SP WIDTH="16" VPOS="1224" HPOS="476"/>
							<String ID="string_250" HPOS="492" VPOS="1224" WIDTH="167" HEIGHT="30" WC="0.96" CONTENT="ursprungligen"/><SP WIDTH="15" VPOS="1224" HPOS="659"/>
							<String ID="string_251" HPOS="674" VPOS="1224" WIDTH="127" HEIGHT="28" WC="0.96" CONTENT="föreslagna"/><SP WIDTH="14" VPOS="1224" HPOS="801"/>
							<String ID="string_252" HPOS="815" VPOS="1223" WIDTH="44" HEIGHT="23" WC="0.96" CONTENT="och"/>
						</TextLine>
						<TextLine ID="line_32" HPOS="99" VPOS="1257" WIDTH="760" HEIGHT="31">
							<String ID="string_253" HPOS="99" VPOS="1259" WIDTH="25" HEIGHT="22" WC="0.95" CONTENT="af"/><SP WIDTH="20" VPOS="1259" HPOS="124"/>
							<String ID="string_254" HPOS="144" VPOS="1258" WIDTH="117" HEIGHT="30" WC="0.95" CONTENT="kejserliga"/><SP WIDTH="21" VPOS="1258" HPOS="261"/>
							<String ID="string_255" HPOS="282" VPOS="1261" WIDTH="88" HEIGHT="20" WC="0.96" CONTENT="senaten"/><SP WIDTH="19" VPOS="1261" HPOS="370"/>
							<String ID="string_256" HPOS="389" VPOS="1258" WIDTH="120" HEIGHT="30" WC="0.96" CONTENT="godkända"/><SP WIDTH="18" VPOS="1258" HPOS="509"/>
							<String ID="string_257" HPOS="527" VPOS="1259" WIDTH="72" HEIGHT="22" WC="0.96" CONTENT="vilkor"/><SP WIDTH="14" VPOS="1259" HPOS="599"/>
							<String ID="string_258" HPOS="613" VPOS="1258" WIDTH="99" HEIGHT="30" WC="0.96" CONTENT="gjordes,"/><SP WIDTH="19" VPOS="1258" HPOS="712"/>
							<String ID="string_259" HPOS="731" VPOS="1257" WIDTH="69" HEIGHT="23" WC="0.93" CONTENT="under"/><SP WIDTH="15" VPOS="1257" HPOS="800"/>
							<String ID="string_260" HPOS="815" VPOS="1257" WIDTH="44" HEIGHT="22" WC="0.93" CONTENT="för-"/>
						</TextLine>
						<TextLine ID="line_33" HPOS="99" VPOS="1290" WIDTH="761" HEIGHT="32">
							<String ID="string_261" HPOS="99" VPOS="1292" WIDTH="116" HEIGHT="30" WC="0.90" CONTENT="hoppning"/><SP WIDTH="22" VPOS="1292" HPOS="215"/>
							<String ID="string_262" HPOS="237" VPOS="1295" WIDTH="31" HEIGHT="19" WC="0.96" CONTENT="att"/><SP WIDTH="22" VPOS="1295" HPOS="268"/>
							<String ID="string_263" HPOS="290" VPOS="1292" WIDTH="66" HEIGHT="23" WC="0.92" CONTENT="saken"/><SP WIDTH="18" VPOS="1292" HPOS="356"/>
							<String ID="string_264" HPOS="374" VPOS="1292" WIDTH="129" HEIGHT="29" WC="0.91" CONTENT="derigenom"/><SP WIDTH="18" VPOS="1292" HPOS="503"/>
							<String ID="string_265" HPOS="521" VPOS="1293" WIDTH="71" HEIGHT="23" WC="0.85" CONTENT="skulle"/><SP WIDTH="17" VPOS="1293" HPOS="592"/>
							<String ID="string_266" HPOS="609" VPOS="1292" WIDTH="74" HEIGHT="24" WC="0.96" CONTENT="kunna"/><SP WIDTH="16" VPOS="1292" HPOS="683"/>
							<String ID="string_267" HPOS="699" VPOS="1292" WIDTH="59" HEIGHT="23" WC="0.96" CONTENT="föras"/><SP WIDTH="15" VPOS="1292" HPOS="758"/>
							<String ID="string_268" HPOS="773" VPOS="1291" WIDTH="34" HEIGHT="22" WC="0.96" CONTENT="till"/><SP WIDTH="14" VPOS="1291" HPOS="807"/>
							<String ID="string_269" HPOS="821" VPOS="1290" WIDTH="39" HEIGHT="22" WC="0.96" CONTENT="det"/>
						</TextLine>
						<TextLine ID="line_34" HPOS="99" VPOS="1324" WIDTH="761" HEIGHT="31">
							<String ID="string_270" HPOS="99" VPOS="1327" WIDTH="26" HEIGHT="23" WC="0.96" CONTENT="af"/><SP WIDTH="12" VPOS="1327" HPOS="125"/>
							<String ID="string_271" HPOS="137" VPOS="1326" WIDTH="44" HEIGHT="23" WC="0.96" CONTENT="alla"/><SP WIDTH="14" VPOS="1326" HPOS="181"/>
							<String ID="string_272" HPOS="195" VPOS="1326" WIDTH="97" HEIGHT="23" WC="0.96" CONTENT="önskade"/><SP WIDTH="15" VPOS="1326" HPOS="292"/>
							<String ID="string_273" HPOS="307" VPOS="1326" WIDTH="71" HEIGHT="23" WC="0.81" CONTENT="målet,"/><SP WIDTH="30" VPOS="1326" HPOS="378"/>
							<String ID="string_274" HPOS="408" VPOS="1326" WIDTH="84" HEIGHT="24" WC="0.70" CONTENT="Likväl"/><SP WIDTH="15" VPOS="1326" HPOS="492"/>
							<String ID="string_275" HPOS="507" VPOS="1334" WIDTH="68" HEIGHT="16" WC="0.96" CONTENT="vanns"/><SP WIDTH="15" VPOS="1334" HPOS="575"/>
							<String ID="string_276" HPOS="590" VPOS="1334" WIDTH="77" HEIGHT="21" WC="0.96" CONTENT="genom"/><SP WIDTH="12" VPOS="1334" HPOS="667"/>
							<String ID="string_277" HPOS="679" VPOS="1326" WIDTH="72" HEIGHT="23" WC="0.96" CONTENT="denna"/><SP WIDTH="11" VPOS="1326" HPOS="751"/>
							<String ID="string_278" HPOS="762" VPOS="1324" WIDTH="98" HEIGHT="23" WC="0.96" CONTENT="ansökan"/>
						</TextLine>
						<TextLine ID="line_35" HPOS="99" VPOS="1358" WIDTH="760" HEIGHT="29">
							<String ID="string_279" HPOS="99" VPOS="1360" WIDTH="89" HEIGHT="23" WC="0.96" CONTENT="ändock"/><SP WIDTH="18" VPOS="1360" HPOS="188"/>
							<String ID="string_280" HPOS="206" VPOS="1367" WIDTH="27" HEIGHT="15" WC="0.96" CONTENT="en"/><SP WIDTH="19" VPOS="1367" HPOS="233"/>
							<String ID="string_281" HPOS="252" VPOS="1360" WIDTH="82" HEIGHT="27" WC="0.96" CONTENT="fördel,"/><SP WIDTH="18" VPOS="1360" HPOS="334"/>
							<String ID="string_282" HPOS="352" VPOS="1367" WIDTH="49" HEIGHT="15" WC="0.96" CONTENT="som"/><SP WIDTH="14" VPOS="1367" HPOS="401"/>
							<String ID="string_283" HPOS="415" VPOS="1360" WIDTH="53" HEIGHT="22" WC="0.96" CONTENT="kort"/><SP WIDTH="14" VPOS="1360" HPOS="468"/>
							<String ID="string_284" HPOS="482" VPOS="1361" WIDTH="59" HEIGHT="23" WC="0.96" CONTENT="förut"/><SP WIDTH="14" VPOS="1361" HPOS="541"/>
							<String ID="string_285" HPOS="555" VPOS="1360" WIDTH="49" HEIGHT="23" WC="0.96" CONTENT="icke"/><SP WIDTH="14" VPOS="1360" HPOS="604"/>
							<String ID="string_286" HPOS="618" VPOS="1360" WIDTH="84" HEIGHT="23" WC="0.91" CONTENT="kunnat"/><SP WIDTH="14" VPOS="1360" HPOS="702"/>
							<String ID="string_287" HPOS="716" VPOS="1358" WIDTH="73" HEIGHT="27" WC="0.91" CONTENT="ernås,"/><SP WIDTH="15" VPOS="1358" HPOS="789"/>
							<String ID="string_288" HPOS="804" VPOS="1358" WIDTH="55" HEIGHT="23" WC="0.96" CONTENT="eller"/>
						</TextLine>
						<TextLine ID="line_36" HPOS="99" VPOS="1388" WIDTH="761" HEIGHT="35">
							<String ID="string_289" HPOS="99" VPOS="1393" WIDTH="131" HEIGHT="30" WC="0.91" CONTENT="telegrafens"/><SP WIDTH="24" VPOS="1393" HPOS="230"/>
							<String ID="string_290" HPOS="254" VPOS="1394" WIDTH="143" HEIGHT="23" WC="0.96" CONTENT="fortsättande"/><SP WIDTH="22" VPOS="1394" HPOS="397"/>
							<String ID="string_291" HPOS="419" VPOS="1394" WIDTH="57" HEIGHT="23" WC="0.96" CONTENT="ifrån"/><SP WIDTH="19" VPOS="1394" HPOS="476"/>
							<String ID="string_292" HPOS="495" VPOS="1388" WIDTH="51" HEIGHT="30" WC="0.96" CONTENT="Åbo"/><SP WIDTH="18" VPOS="1388" HPOS="546"/>
							<String ID="string_293" HPOS="564" VPOS="1395" WIDTH="33" HEIGHT="22" WC="0.96" CONTENT="till"/><SP WIDTH="18" VPOS="1395" HPOS="597"/>
							<String ID="string_294" HPOS="615" VPOS="1393" WIDTH="97" HEIGHT="27" WC="0.91" CONTENT="Torneå;"/><SP WIDTH="22" VPOS="1393" HPOS="712"/>
							<String ID="string_295" HPOS="734" VPOS="1392" WIDTH="42" HEIGHT="22" WC="0.96" CONTENT="och"/><SP WIDTH="15" VPOS="1392" HPOS="776"/>
							<String ID="string_296" HPOS="791" VPOS="1392" WIDTH="69" HEIGHT="23" WC="0.96" CONTENT="sedan"/>
						</TextLine>
						<TextLine ID="line_37" HPOS="98" VPOS="1425" WIDTH="762" HEIGHT="35">
							<String ID="string_297" HPOS="98" VPOS="1428" WIDTH="29" HEIGHT="25" WC="0.96" CONTENT="de"/><SP WIDTH="19" VPOS="1428" HPOS="127"/>
							<String ID="string_298" HPOS="146" VPOS="1428" WIDTH="64" HEIGHT="31" WC="0.96" CONTENT="längs"/><SP WIDTH="18" VPOS="1428" HPOS="210"/>
							<String ID="string_299" HPOS="228" VPOS="1428" WIDTH="79" HEIGHT="24" WC="0.93" CONTENT="kusten"/><SP WIDTH="17" VPOS="1428" HPOS="307"/>
							<String ID="string_300" HPOS="324" VPOS="1428" WIDTH="133" HEIGHT="24" WC="0.91" CONTENT="deremellan"/><SP WIDTH="17" VPOS="1428" HPOS="457"/>
							<String ID="string_301" HPOS="474" VPOS="1429" WIDTH="93" HEIGHT="31" WC="0.96" CONTENT="belägna"/><SP WIDTH="14" VPOS="1429" HPOS="567"/>
							<String ID="string_302" HPOS="581" VPOS="1428" WIDTH="102" HEIGHT="24" WC="0.96" CONTENT="städerna"/><SP WIDTH="16" VPOS="1428" HPOS="683"/>
							<String ID="string_303" HPOS="699" VPOS="1425" WIDTH="112" HEIGHT="26" WC="0.96" CONTENT="förbundit"/><SP WIDTH="14" VPOS="1425" HPOS="811"/>
							<String ID="string_304" HPOS="825" VPOS="1426" WIDTH="35" HEIGHT="31" WC="0.96" CONTENT="sig"/>
						</TextLine>
					</TextBlock>
				</ComposedBlock>
				<GraphicalElement ID="cblock_3" HPOS="985" VPOS="615" WIDTH="7" HEIGHT="436"></GraphicalElement >
			</PrintSpace>
		</Page>
	</Layout>
</alto>
