992 1725
173 115 29 23 40

138 178 63 23 -fram
217 178 42 22 och
275 178 47 22 åter
338 178 7 22 i
360 178 80 29 sjelfva
459 178 194 22 sessionsrummet
667 178 42 22 och
729 178 92 22 sålunda
835 178 73 22 ästad-

146 213 99 21 kommer
261 212 77 22 buller.
368 212 116 23 Måhända
506 220 53 14 vore
578 212 38 22 det
638 213 65 21 äfven
726 212 183 30 ändamålsenligt

146 250 33 18 att
194 247 110 29 anbringa
326 250 81 19 mattor
422 248 7 21 i
446 246 206 28 sessionsrummet,
671 247 28 28 på
718 247 37 21 det
772 246 137 23 förhandlin-

146 289 68 22 garne
230 281 50 22 icke
295 282 67 21 måtte
378 282 70 22 blifva
472 280 74 23 störde
569 289 81 22 genom
669 281 37 22 det
724 281 94 29 gående,
837 288 47 15 som
901 282 6 21 i

146 315 42 22 alla
204 315 39 22 fall
258 315 49 22 icke
323 315 43 22 kan
382 316 109 22 undvikas
507 315 54 22 eller
576 315 121 29 förbjudas.

214 349 61 22 Herr
290 349 164 23 talmannen:
470 350 79 23 Såsom
561 350 40 29 jag
616 349 111 29 uppfattat
741 350 166 29 ifrågavarande

146 385 22 28 $,
186 385 59 21 afses
261 384 89 22 dermed
369 385 35 20 för
426 386 66 28 ingen
512 384 36 22 del
569 387 32 18 att
623 384 115 21 förhindra
759 384 148 22 ledamöterne
927 409 2 2 .

146 421 34 18 att
195 419 25 20 af
233 426 27 13 en
276 418 54 21 eller
345 426 72 14 annan
433 418 67 23 orsak
515 419 28 29 gå
558 422 25 17 ut
597 419 29 28 på
641 425 28 14 en
684 418 66 21 stund
762 418 53 21 eller
827 418 43 21 ock
885 419 22 20 in

148 453 7 20 i
171 452 100 22 ståndets
288 453 70 28 öfrige
374 460 59 21 rum,
449 456 52 18 utan
518 452 79 22 endast
612 455 31 18 att
658 453 135 21 förekomma
807 455 32 18 ett
855 454 53 20 onö-

146 487 49 28 digt
210 486 85 29 gående
311 487 25 21 af
348 487 44 21 och
411 495 26 14 an
457 488 7 20 i
484 487 192 22 sessionsrummet
695 487 42 22 och
757 486 64 22 deraf
836 486 72 22 åstad-

147 521 99 22 kommet
261 520 78 22 buller.
370 522 42 21 Att
434 529 130 22 promenera
579 521 8 21 i
602 521 27 22 de
649 521 68 22 andra
738 529 99 14 rummen
855 528 52 15 vore

148 555 129 30 derigenom
292 556 20 28 ej
328 555 70 23 heller
420 555 117 30 förbjudet.
567 555 35 22 Af
619 555 38 22 det
675 556 63 29 ringa
760 555 77 28 buller,
860 563 47 14 som

148 590 39 22 vid
202 591 33 21 in-
251 590 42 22 och
309 590 109 30 utgående
434 592 20 28 ej
470 591 43 22 kan
528 590 123 28 undvikas,
667 590 86 29 hoppas
766 591 38 27 jag
821 589 87 23 ståndet

148 626 19 27 ej
185 625 56 22 skall
257 625 44 21 låta
316 626 62 20 störa
393 625 42 29 sig.

218 658 12 22 I
247 658 120 30 anledning
383 659 24 21 af
420 660 155 22 diskussionen
588 659 136 23 framställde
737 659 48 22 herr
800 659 108 22 talman-

148 701 50 15 nen
214 701 30 14 nu
260 694 142 28 proposition
422 702 35 14 om
480 694 123 30 antagande
623 694 24 22 af
662 694 13 29 &
690 694 12 21 3
721 694 69 22 under
812 693 96 29 följande

149 728 134 22 förändrade
298 728 126 22 redaktion:

220 762 75 22 ”Efter
310 762 38 22 det
362 763 159 29 föredragning
540 763 93 29 begynt,
652 763 35 21 må
705 763 66 29 ingen
791 762 64 22 ställa
874 763 35 28 sig

150 798 30 28 på
194 797 89 29 gången
298 797 55 21 eller
368 805 80 21 genom
465 798 92 29 onödigt
568 798 84 29 gående
664 798 55 21 fram
727 797 41 22 och
780 797 46 21 åter
837 797 72 22 åstad-

151 832 89 22 komma
255 831 79 23 buller.
365 831 56 23 Sker
437 832 86 28 sådant,
535 832 68 22 varde
619 832 42 22 den
677 832 84 22 felande
772 832 71 22 första
857 832 53 28 gån-

151 874 43 21 gen
212 866 92 27 varnad,
328 874 49 14 men
397 867 39 22 vid
458 867 103 22 iteration
580 867 25 22 af
621 867 121 22 förseelsen
761 866 148 29 skyldigkänd

149 903 33 19 att
196 901 92 29 erlägga
302 901 50 28 fyra
366 901 82 22 mark.”

220 935 48 22 Vid
282 935 104 22 häröfver
408 933 95 25 anställd
526 937 102 28 votering
651 939 80 26 antogs
753 935 42 22 den
818 935 92 22 sålunda

152 969 132 23 förändrade
300 971 13 28 &
328 970 25 21 af
366 970 98 23 ständets
480 971 119 28 pluralitet.

221 1005 26 27 ”
263 1005 21 21 4.
308 1000 34 26 Är
357 1008 32 19 ett
401 1005 81 24 ärende
493 1006 126 29 föredraget
630 1005 53 22 eller
696 1005 33 21 till
741 1004 98 22 ständets
851 1004 59 29 pröf-

151 1039 55 30 ning
221 1039 139 29 hänskjutet,
377 1040 62 29 gifve
454 1041 37 27 de,
507 1048 46 15 som
569 1041 35 28 sig
620 1040 46 22 deri
682 1042 58 27 yttra
755 1039 62 29 vilja,
833 1038 78 23 sådant

153 1075 109 21 tillkänna
276 1075 94 22 medelst
393 1075 157 30 uppstigande,
573 1075 56 22 hvar
647 1075 55 21 efter
721 1081 82 20 annan,
823 1073 41 22 och
880 1074 31 21 af-

154 1109 66 22 vakte
236 1109 138 24 talmannens
390 1111 122 29 tillsägelse
525 1113 32 19 att
568 1114 51 25 taga
631 1110 73 27 ordet;
720 1110 51 21 derä
782 1109 83 22 talaren
877 1109 34 22 mä

152 1145 60 29 stiga
228 1152 45 22 upp
289 1145 38 22 vid
342 1146 35 22 sin
394 1146 45 22 stol
454 1147 42 21 och
512 1145 83 30 afgifva
610 1146 39 22 sitt
664 1145 107 29 yttrande.
795 1143 64 23 Talar
875 1144 36 22 nä-

150 1186 46 22 gon
213 1180 131 22 annorledes
368 1180 53 22 eller
440 1181 63 21 faller
526 1181 42 21 han
592 1189 72 13 annan
679 1181 8 21 i
703 1180 62 27 talet,
784 1179 67 22 varde
866 1178 45 22 till-

150 1215 123 21 rättavisad
289 1215 41 22 och
347 1216 38 21 vid
400 1216 86 22 äterfall
501 1215 83 34 ansedd
599 1216 50 21 med
668 1215 63 21 böter
750 1214 47 22 frän
813 1214 49 28 fyra
877 1213 34 22 till

149 1248 32 22 tio
196 1249 74 28 mark,
290 1250 56 22 efter
364 1250 112 40 pröfning.
509 1243 172 29 Åstadkommer
700 1249 43 21 han
761 1248 72 22 tillika
852 1246 59 24 skrål

150 1282 54 22 eller
220 1284 72 28 oljud,
307 1284 61 29 ligge
384 1285 59 22 det
436 1278 13 40 i
458 1284 109 23 tveböte.”

219 1317 60 23 Herr
294 1318 165 23 talmannen:
484 1318 79 23 Såsom
582 1319 123 29 förklaring
722 1317 35 22 till
771 1316 141 22 förestående

150 1351 12 29 $
178 1352 65 22 utber
256 1353 38 28 jag
310 1353 46 29 mig
371 1353 23 21 få
408 1354 104 28 tillägga,
525 1356 32 19 att
567 1353 127 22 densamma
709 1352 70 28 enligt
793 1351 45 21 min
855 1350 58 29 äsigt

150 1386 67 22 äfven
232 1387 126 27 innefattar,
375 1390 31 19 att
421 1388 59 22 först
494 1388 55 22 efter
563 1388 39 21 det
617 1387 43 22 alla
673 1386 80 28 talare,
770 1393 47 15 som
832 1384 38 22 vid
886 1392 27 14 en

150 1420 76 31 frågas
246 1420 145 32 företagande
414 1422 83 23 anmält
515 1422 34 29 sig
568 1422 54 29 vilja
639 1421 47 23 deri
703 1424 50 27 taga
769 1419 74 29 ordet,
861 1418 53 24 lem-
