992 1725
187 129 41 22 282

326 199 60 20 man,
410 198 46 15 som
476 191 123 22 utomlands
619 199 94 22 rymmer
731 198 26 16 ur
773 192 33 22 sin
821 192 13 23 å
849 194 65 22 finskt

326 226 167 28 handelsfartyg
507 229 96 25 antagna
617 227 73 28 tjenst.

224 259 45 23 Vid
285 260 192 29 borgareståndets
493 260 158 22 sammanträde
666 260 43 22 den
726 261 25 21 16
765 262 99 21 sistlidne
875 261 39 22 ok-

154 295 64 22 tober
236 295 39 21 har
295 295 87 22 ståndet
400 295 34 22 till
450 295 49 21 dess
515 295 100 22 enskilda
630 295 175 22 besvärsutskott
820 297 93 21 remitte-

154 331 35 19 rat
208 329 41 21 den
268 329 28 21 då
312 329 125 28 föreslagna
452 329 149 28 underdåniga
617 329 118 28 petitionen
752 333 41 23 att,
809 331 104 21 oberoen-

154 362 28 22 de
204 363 25 21 af
248 362 42 22 den
313 363 152 29 omarbetning
488 363 24 21 af
527 363 99 29 sjölagen
645 363 6 21 i
671 363 33 21 sin
724 363 83 28 helhet,
823 365 90 22 hvarom

154 397 116 22 ständerne
285 398 31 21 uti
332 397 80 28 nådiga
427 397 163 28 propositionen
607 397 44 22 N:o
660 398 27 21 25
703 397 116 23 anbefallts
830 399 83 28 afgifva

154 431 112 30 yttrande,
289 431 27 22 de
335 431 32 22 uti
386 439 28 14 nu
430 431 100 29 gällande
547 431 140 29 lagstiftning
703 431 106 30 stadgade
825 433 88 28 stränga

154 465 66 22 straff
238 466 35 21 för
292 466 93 28 sjöman,
408 473 47 14 som
474 465 123 22 utomlands
615 473 96 22 rymmer
729 473 25 14 ur
769 466 34 21 sin
818 467 13 21 å
845 467 68 21 finskt

154 499 165 29 handelsfartyg
335 503 95 25 antagna
444 501 75 27 tjenst,
538 499 25 22 så
578 500 44 21 fort
636 507 47 14 som
698 500 87 29 möjligt
800 500 66 21 måtte
881 501 32 21 af-

154 533 82 22 skaffas
259 533 41 22 och
320 534 90 21 ersättas
429 534 24 21 af
465 533 118 30 lindrigare
598 533 72 29 straff,
686 541 59 14 mera
759 534 153 23 motsvarande

154 568 157 29 förbrytelsens
328 571 38 19 art.

224 608 86 22 Genom
332 608 76 29 kongl.
430 608 156 29 förordningen
608 608 42 22 den
673 608 28 21 26
720 608 117 22 november
855 609 54 21 1761

153 642 130 30 stadgades,
298 645 33 19 att
350 643 96 28 sjöman,
462 650 45 14 som
526 642 123 22 utomlands
664 642 77 29 rymde
756 643 47 21 från
819 643 36 21 det
870 644 41 20 far-

153 679 52 27 tyg,
224 676 68 22 hvarå
306 676 43 22 han
364 677 74 22 blifvit
453 676 100 30 förbyrd,
573 677 81 27 skulle,
671 677 39 21 när
725 676 42 22 han
783 677 128 28 ertappades

154 711 53 21 eller
226 711 33 21 till
278 711 74 21 landet
370 711 127 27 återvände,
519 711 86 21 straffas
625 710 49 22 med
689 711 40 28 spö
745 711 53 21 eller
814 712 97 28 fängelse

154 744 38 22 vid
207 748 74 18 vatten
296 745 42 21 och
355 745 64 27 bröd,
434 745 56 21 efter
505 745 224 29 omständigheterna,
745 748 57 19 samt
813 745 98 22 återbära

153 778 59 22 hvad
235 779 42 21 han
296 779 7 21 i
323 779 71 29 städja
413 779 41 21 och
473 779 49 29 lega
541 779 52 21 eller
608 779 55 29 hyra
677 779 150 21 utbekommit.
857 779 53 21 Men

154 820 47 14 som
216 813 71 21 denna
301 813 240 22 ansvarsbestämmelse
553 813 78 29 ansågs
644 813 49 21 icke
705 812 66 22 hafva
782 814 56 20 varit
849 814 62 21 verk-

153 854 47 15 sam
222 854 45 22 nog
289 848 33 21 till
344 848 177 21 förekommande
544 848 26 21 af
585 848 166 29 ifrågavarande
770 848 141 29 förbrytelse,

152 881 128 22 utfärdades
299 882 80 29 nådiga
398 882 153 29 förordningen
571 882 42 21 den
632 883 27 20 21
676 883 87 28 augusti
780 883 65 26 1851,
865 883 45 21 deri

153 915 129 22 förberörda
296 916 65 21 straff
373 916 126 29 ytterligare
514 917 111 28 skärptes,
640 923 78 22 genom
734 916 79 29 tillägg
825 919 31 19 att
867 917 44 21 för-

153 950 63 29 rymd
235 951 84 28 sjöman
338 950 112 22 dessutom
469 951 70 21 skulle
559 952 72 20 såsom
645 950 132 22 lösdrifvare
792 951 118 21 behandlas

152 987 58 19 samt
228 984 6 21 i
252 984 54 29 följd
322 984 63 22 deraf
398 985 97 21 dömmas
510 985 33 20 till
559 985 129 29 krigstjenst
703 985 28 28 på
746 985 65 21 minst
826 992 38 15 sex
879 985 30 27 år,

153 1019 60 27 eller,
229 1026 35 13 om
279 1018 43 22 han
337 1019 77 21 funnes
429 1019 72 21 dertill
517 1019 101 29 otjenlig,
638 1019 34 21 till
688 1019 74 21 arbete
777 1019 37 21 vid
830 1019 80 22 allmän

152 1053 86 21 arbets-
256 1052 41 21 och
317 1053 258 28 korrektionsinrättning
594 1053 7 22 i
617 1053 86 27 landet,
719 1053 48 21 med
783 1053 127 28 skyldighet

152 1089 33 18 att
203 1086 75 21 dervid
295 1087 81 28 jemväl
392 1087 80 28 aftjena
487 1087 26 22 de
528 1087 118 22 kostnader
661 1087 54 21 hans
731 1087 179 22 hemförskaffan-

152 1120 28 22 de
195 1120 83 21 kunnat
292 1121 110 28 medföra,
416 1121 8 21 i
439 1121 39 22 fall
493 1129 70 14 annan
578 1122 94 30 tillgång
692 1121 33 21 till
740 1121 121 22 desammas
877 1129 32 14 er-

151 1155 101 22 sättande
267 1154 39 22 hos
322 1155 81 22 honom
418 1156 114 22 saknades.

220 1194 46 22 Det
288 1194 56 22 hade
367 1196 57 21 varit
447 1196 96 28 önskligt
561 1199 32 18 att
611 1196 108 21 utskottet
733 1195 83 21 kunnat
831 1204 78 20 genom

150 1229 123 21 statistiska
295 1228 52 22 data
369 1230 103 28 upplysa,
494 1230 108 21 huruvida
621 1230 96 28 sjömäns
737 1230 172 28 rymningsbrott

150 1263 56 21 efter
220 1263 24 21 år
261 1263 53 21 1851
331 1264 139 21 förekommit
485 1264 82 21 mindre
582 1264 76 22 talrikt
673 1264 27 20 än
716 1264 46 20 före
774 1271 81 14 samma
866 1264 43 28 tid,

150 1297 92 22 emedan
264 1297 53 21 derå
335 1298 84 21 kunnat
437 1298 95 28 grundas
551 1301 31 19 ett
600 1297 137 29 tillförlitligt
752 1297 157 23 bedömmande

150 1338 35 14 om
208 1331 134 21 sistnämnda
361 1332 129 29 författning
509 1332 112 29 verkligen
641 1331 96 22 medfört
755 1331 41 21 den
817 1332 92 26 verkan,

149 1372 48 14 som
216 1365 100 29 angifves
337 1365 66 22 hafva
421 1367 57 21 varit
492 1366 49 22 dess
557 1366 109 29 syftemål.
696 1365 54 21 Men
766 1366 7 21 i
789 1365 82 22 saknad
887 1366 25 21 af

148 1400 114 28 uppgifter
275 1399 133 22 beträffande
420 1400 60 22 detta
492 1400 148 28 förhållande,
650 1400 39 21 har
697 1399 107 22 utskottet
816 1400 33 21 för
857 1400 50 22 dess

148 1434 101 22 omdöme
268 1434 129 22 härutinnan
418 1435 18 28 ej
457 1435 38 28 ägt
513 1443 70 14 annan
599 1434 101 29 ledning,
716 1434 27 21 än
759 1433 41 23 den
816 1435 93 22 erfaren-
