992 1725
176 114 42 21 248

147 176 33 22 till
200 177 58 21 vissa
277 178 144 27 prestationer
437 178 34 21 för
487 177 238 29 telegrafstationernes
740 177 77 29 behof,
833 178 73 22 blefvo

146 210 82 22 sådana
242 211 7 21 i
265 210 51 23 flere
330 212 25 21 af
368 212 65 21 dessa
448 211 73 22 städer
536 212 101 28 öppnade
652 211 68 21 under
735 212 50 20 åren
800 212 53 21 1859
865 212 40 20 och

148 245 56 21 1860
224 248 54 19 samt
294 246 82 28 jemväl
395 245 87 22 Torneå
501 245 40 21 och
558 244 147 30 Haaparanda
721 253 78 21 genom
815 246 95 28 telegraf

146 279 50 25 med
213 279 121 25 hvarandra
350 279 131 26 förbundna.

216 319 49 22 Den
287 319 237 29 telegrafförbindelse,
547 327 46 14 som
617 319 90 22 sålunda
729 320 124 28 egentligen
873 320 34 21 för

147 353 95 24 militära
258 353 100 24 ändamål
374 353 73 22 blifvit
462 354 7 21 i
484 353 94 25 Finland
594 353 83 27 införd,
693 357 122 19 motsvarar
830 354 34 21 för
875 354 32 20 in-

147 394 42 22 gen
205 387 35 24 del
256 388 71 28 öfriga
342 387 100 22 ändamål
458 387 47 22 med
518 395 26 14 en
557 388 62 28 dylik
631 387 276 24 kommunikationsinrätt-

148 421 64 28 ning,
227 429 47 16 men
290 421 38 23 har
340 422 121 22 emellertid
474 421 138 29 beklagligen
625 425 82 18 ansetts
719 421 98 24 medföra
830 425 30 18 ett
872 430 35 20 ry-

148 455 40 24 ska
199 455 168 28 telegrafverket
380 455 129 24 tillhörande
521 456 103 27 monopal
637 455 27 29 pä
676 455 211 29 telegrafinrättning
899 455 7 21 i

148 488 95 26 Finland
255 491 56 21 samt
323 489 92 22 sålunda
426 491 77 26 utgöra
517 489 77 22 hinder
608 490 32 21 för
652 488 84 23 landets
749 496 53 21 egen
815 489 91 28 styrelse

148 525 32 22 att
191 522 7 24 i
210 522 70 24 denna
291 523 84 28 vigtiga
386 523 171 24 administrativa
570 523 158 28 angelägenhet
736 523 117 28 tillgodose
861 523 45 21 lan-

148 556 48 25 dets
208 557 42 24 rätt
265 557 41 23 och
322 565 68 16 sanna
404 557 99 22 intresse.
526 557 34 25 De
573 557 140 29 olägenheter
725 557 64 22 häraf
798 557 108 27 härflutit,

149 593 66 21 hafva
234 593 41 20 ock
294 593 28 26 på
340 594 32 19 ett
390 594 35 19 för
444 592 73 21 landet
531 592 84 28 ganska
630 592 89 28 menligt
735 593 43 20 sätt
793 592 64 28 gifvit
871 592 35 28 sig

148 625 114 22 tillkänna.
299 625 35 21 De
356 625 203 29 hufvudsakligaste
579 626 24 21 af
620 626 64 21 dessa
703 626 139 28 olägenheter
857 626 48 27 äro,

150 662 32 20 att
200 659 37 23 vid
256 660 145 24 stationernes
417 660 111 28 placering
543 660 106 28 tillbörlig
665 659 84 29 hänsyn
765 659 48 23 icke
828 660 77 21 fästats

148 692 34 24 till
202 693 212 24 administrationens
433 697 55 19 samt
507 694 104 22 bandelns
627 694 40 21 och
684 693 119 23 industrins
819 694 87 21 rättmä-

149 726 46 29 tiga
210 727 94 28 anspråk
320 727 6 21 i
342 727 59 21 detta
417 727 112 26 afseende;
545 731 31 19 att
592 728 31 21 till
637 727 133 21 betäckande
782 728 25 20 af
815 728 26 21 de
855 728 50 28 dry-

149 768 29 21 ga
202 761 303 29 förvaltningskostnaderne,
527 762 76 21 hvilka
626 761 65 23 bland
715 765 64 17 annat
802 762 55 22 varit
879 769 26 13 en

149 794 55 28 följd
223 796 25 24 af
264 796 159 28 inrättningens
442 796 93 22 militära
551 796 148 28 organisation
715 795 48 21 med
779 802 25 15 en
820 795 85 29 dyrlejd

150 828 164 29 officerskorps,
331 842 27 4 —
374 832 31 19 ett
424 830 141 23 äfverdrifvet
581 830 53 29 högt
649 832 64 26 porto
731 830 124 25 fastställts;
875 832 31 18 att

148 862 35 22 till
206 863 54 29 följd
278 863 64 22 deraf
358 863 119 28 telegrafen
496 864 55 23 blott
570 864 7 21 i
593 864 80 29 högsta
688 863 82 23 nödfall
787 863 39 22 och
843 864 24 21 af
879 871 26 14 en

149 897 78 28 fåtalig
247 897 77 28 publik
339 897 83 23 kunnat
436 898 87 25 anlitas;
542 901 57 18 samt
613 901 42 23 att,
671 898 51 22 enär
737 897 34 22 för
787 897 36 22 det
837 901 70 19 mesta

149 931 54 28 rysk
218 932 181 28 tjenstepersonal
416 933 56 23 varit
482 933 36 22 vid
531 933 200 28 telegrafkontoren
744 931 103 26 anställd,
860 932 46 23 lan-

149 965 49 22 dets
217 965 141 22 innevånares
375 966 116 24 relationer
506 966 48 24 med
570 967 48 24 dem
635 973 77 22 genom
728 965 178 29 språkolikheten

149 999 117 29 högeligen
283 1000 125 25 försvårats.

219 1039 133 29 Derigenom
369 1043 41 24 att,
426 1040 28 28 på
470 1041 41 20 sätt
526 1048 51 21 nyss
593 1040 118 30 antyddes,
727 1039 77 22 endast
818 1040 37 22 det
867 1040 39 22 mi-

149 1073 63 22 litära
228 1073 104 22 behofvet
347 1075 84 28 utgjort
446 1075 131 28 ögonmärke
594 1075 35 22 vid
648 1074 171 22 bestämmandet
831 1075 24 21 af
863 1077 44 19 sta-

149 1107 109 22 tionernes
277 1108 123 29 placering,
421 1108 39 22 har
478 1109 36 21 det
532 1109 96 21 inträffat
644 1111 32 18 att
691 1108 107 29 styrelsen
813 1108 94 28 nödgats

149 1141 99 22 undvara
270 1149 26 14 en
319 1143 46 21 ofta
387 1150 44 22 nog
451 1143 97 29 beböflig
567 1143 68 22 snabb
655 1142 187 22 kommunikation
858 1142 49 25 med

149 1175 171 22 hufvudorterne
336 1176 7 21 i
359 1176 36 21 det
411 1177 46 21 inre
472 1177 24 21 af
509 1177 73 21 landet
601 1178 112 20 äfvensom
731 1179 31 18 att
777 1176 50 22 flere
844 1177 24 21 af
880 1176 27 22 de

149 1209 137 29 betydligare
310 1210 201 27 handelsstäderne,
535 1212 33 20 för
592 1211 75 21 hvilka
686 1210 110 22 saknaden
816 1211 25 21 af
856 1212 53 20 tele-

149 1244 52 28 graf
214 1244 6 20 i
236 1244 118 28 synnerhet
369 1244 56 22 varit
439 1244 90 27 känbar,
545 1246 47 27 gått
607 1246 64 20 miste
687 1252 35 13 om
738 1252 25 13 en
776 1244 76 27 sådan,
867 1244 40 22 och

149 1276 61 22 detta
225 1278 90 21 oaktadt
334 1278 27 22 de
376 1278 96 28 erbjudit
486 1279 34 28 sig
537 1279 32 21 till
585 1279 27 21 de
628 1278 159 28 uppoffringar,
803 1286 45 13 som
865 1279 44 21 for-

148 1310 60 22 drats
229 1312 34 21 för
278 1312 145 21 omförmälda
439 1313 95 21 förmåns
550 1312 131 22 erhållande.
722 1311 85 22 Genom
823 1315 85 25 portots

149 1344 79 29 dyrhet
244 1346 45 21 åter
305 1346 39 21 har
359 1346 158 28 inrättningens
533 1348 99 27 syftemål
651 1346 143 26 motverkats,
810 1347 51 20 enär
873 1346 35 21 väl

149 1379 72 22 såsom
244 1380 77 21 sådant
339 1380 69 21 måste
427 1388 74 19 anses,
520 1384 30 18 att
569 1385 32 17 ett
616 1381 135 21 allmännare
765 1380 143 28 begagnande

149 1414 25 20 af
190 1414 147 29 inrättningen
357 1414 153 29 möjliggöres,
527 1418 54 18 samt
597 1414 60 22 detta
673 1415 22 19 är
713 1413 107 26 beroende
835 1414 72 27 deraf,
