992 1725
177 152 43 21 400

148 216 86 20 utskott
253 215 3 21 i
273 214 157 30 sammanhang
445 214 48 23 med
509 214 81 29 nådiga
606 214 165 30 propositionen
787 214 44 22 N:o
847 215 42 21 31?

148 252 56 18 samt
220 249 71 22 såsom
307 249 227 28 kontraproposition:

218 282 46 23 Vill
281 283 87 22 ståndet
382 284 72 21 lemna
469 282 36 23 det
520 283 167 29 ifrågavarande
699 283 209 29 petitionsförslaget

148 321 53 18 utan
218 317 116 22 afseende?

218 352 35 21 De
272 359 46 14 som
338 351 86 22 biträda
442 352 165 27 propositionen
627 359 64 14 svara
703 351 105 29 jakande,
824 351 41 22 och
881 351 26 22 de

150 393 47 14 som
214 386 86 21 biträda
314 386 245 27 kontrapropositionen
575 393 64 14 svara
654 386 106 21 nekande.

219 420 64 21 Efter
295 420 93 21 anställd
401 420 109 28 votering,
523 421 112 26 öppnades
647 420 212 29 voteringssedlarne
867 420 41 21 och

150 455 108 21 befunnos
280 454 110 21 innehålla
410 455 26 20 14
452 455 23 26 ja
495 453 40 22 och
556 455 27 20 20
602 455 46 28 nej;
671 454 6 21 i
694 455 54 27 följd
765 454 77 21 hvaraf
855 455 54 27 peti-

150 488 168 29 tionsförslaget
332 488 50 21 icke
397 488 85 21 komme
497 491 32 18 att
543 488 33 21 till
593 488 74 21 vidare
683 488 76 29 åtgärd
775 489 118 21 föranleda.

219 521 59 22 Herr
296 522 152 21 talmannen
468 522 103 28 föredrog
586 523 155 28 lagutskottets
756 523 115 20 skrifvelse
886 523 25 20 af

150 556 42 21 den
214 557 12 20 2
246 556 98 22 sistlidne
363 556 117 21 november
496 557 67 27 jemte
578 557 118 21 utskottets
712 556 135 22 betänkande
863 555 45 23 N:o

151 632 40 21 gar
211 624 41 22 och
270 624 80 29 tillägg
364 624 37 22 vid
417 624 232 29 förmyndarevården;
672 625 41 21 och
729 625 81 21 beslöts
825 628 32 18 att
871 625 38 21 be-

150 658 66 22 rörde
240 659 146 27 betänkande,
408 666 46 14 som
478 659 6 21 i
507 659 87 28 tryckta
616 659 111 27 exemplar
745 659 7 21 i
771 659 43 29 dag
837 659 72 21 blifvit

152 692 67 22 bland
235 693 242 22 ståndsmedlemmarne
493 692 108 28 utdeladt,
617 692 70 22 skulle
702 693 45 21 tills
759 693 74 22 vidare
847 693 60 29 ligga

152 727 28 27 på
196 727 83 21 bordet.

221 760 58 22 Herr
298 760 113 22 Träskelin
430 761 68 21 erhöll
517 761 28 28 på
566 761 95 29 begäran
679 761 98 21 tillstånd
792 764 31 18 att
837 761 71 22 afresa

150 795 35 21 till
202 794 110 22 hemorten
333 796 27 27 på
376 799 32 17 tre
423 796 86 20 veckor.

222 828 178 23 Sammanträdet
414 829 113 28 upphörde
542 829 94 22 klockan
652 829 43 21 två.

711 864 20 17 In
744 864 57 17 fidem:

601 892 97 23 Sixtus
715 890 160 24 Calamnius.

316 1065 160 35 Thorsdagen
495 1067 47 24 den
565 1068 30 24 10
615 1065 132 27 december

152 1110 94 23 klockan
262 1111 48 22 half
323 1112 32 21 till
371 1112 43 21 tolf
427 1113 47 20 före
489 1112 115 29 middagen
619 1112 175 21 sammanträdde
809 1111 7 22 i
832 1110 77 31 borga-

151 1146 113 22 reständet
287 1146 32 21 till
343 1146 86 28 plenum
451 1146 97 22 ständets
572 1147 101 28 samtlige
692 1146 139 22 medlemmar
849 1150 59 18 utom

153 1180 75 22 herrar
244 1178 124 28 Träskelin,
384 1180 73 29 Bergh
474 1180 40 21 och
531 1180 119 28 Dahlman,
666 1179 75 23 hvilka
753 1179 48 23 med
812 1180 97 22 ständets

152 1214 131 28 begifvande
299 1221 53 14 voro
368 1214 48 22 från
432 1214 75 22 staden
522 1214 113 22 bortreste.

221 1248 55 22 Vice
296 1248 147 22 ordföranden
459 1249 7 20 i
482 1248 115 29 kejserliga
613 1251 101 19 senatens
727 1246 184 30 justitiedeparte-

151 1285 69 24 ment,
236 1282 50 22 herr
301 1282 159 29 geheimerädet
475 1282 40 22 och
531 1281 102 23 riddaren
650 1282 90 22 friherre
755 1282 105 23 Sackleen
873 1290 37 14 an-

151 1316 83 22 mäldes
247 1317 41 21 och
304 1317 75 21 infann
394 1317 42 27 sig,
452 1317 76 28 åtföljd
545 1317 24 21 af
582 1317 49 21 herr
647 1316 264 22 referendariesekretera-

151 1358 37 14 ren
207 1350 121 28 Snellman,
348 1354 54 18 samt
421 1354 107 25 emottogs
548 1351 25 21 af
588 1359 26 13 en
629 1350 129 28 deputation
773 1350 50 21 utaf
834 1357 38 13 sex
888 1350 25 21 af

152 1384 97 23 ständets
270 1384 144 28 medlemmar,
431 1385 51 21 derä
499 1385 103 21 friherren
618 1384 42 22 och
677 1383 160 29 geheimerädet
852 1383 59 22 med-

152 1418 76 22 delade
248 1419 86 21 ständet
350 1418 61 22 Hans
431 1419 125 29 Kejserliga
574 1418 117 29 Majestäts
711 1418 80 29 nådiga
805 1418 105 29 reskript,

153 1452 24 21 så
192 1452 105 29 lydande:
