992 1725
204 358 145 34 Torsdagen
366 359 49 24 den
436 360 30 23 17
486 359 141 32 september
647 359 74 25 1863.

155 415 74 24 Sedan
244 416 65 22 Hans
319 415 126 30 Kejserliga
459 415 107 30 Majestät
581 423 80 22 genom
677 415 77 30 nådigt
769 416 74 29 påbud

86 451 42 22 den
145 452 26 20 18
188 451 33 28 (6)
239 450 99 23 sistlidne
355 450 49 29 juni
423 450 106 23 anbefallt
548 453 32 18 att
595 458 28 14 en
638 450 81 22 allmän
737 450 107 29 landtdag

86 486 48 21 med
150 485 107 22 Finlands
274 485 89 22 ständer
378 484 71 23 skulle
465 485 85 29 öppnas
561 485 8 21 i
580 484 145 30 Helsingfors
738 485 51 22 stad
800 485 43 22 den

87 520 25 21 15
134 519 124 29 september
280 519 147 22 innevarande
445 519 31 28 år,
497 519 94 22 hvarvid
614 519 25 22 af
658 519 116 29 välloflige
792 519 52 22 bor-

86 553 141 31 gareståndet
245 553 57 30 ägde
320 553 83 23 infinna
418 554 36 28 sig
468 554 67 28 högst
553 557 81 23 tvenne
653 553 140 30 fullmäktige
809 554 35 22 för

85 589 76 29 hvarje
180 588 80 29 stapel-
279 588 53 22 eller
351 589 70 21 större
439 588 97 29 uppstad
555 588 42 22 och
612 588 35 22 för
662 588 27 22 de
705 588 84 22 mindre
805 596 38 20 en,

86 626 56 19 samt
157 624 36 21 val
208 624 26 21 af
246 623 137 29 fullmäktige
398 623 35 22 för
448 622 60 23 detta
526 622 65 23 stånd
606 623 8 21 i
629 623 149 22 föreskrifven
793 623 51 25 ord-

85 658 55 29 ning
158 657 129 29 försiggått,
311 658 25 22 så
354 657 76 29 hafva,
453 657 55 22 efter
525 657 38 22 det
581 657 134 29 landtdagen
734 658 43 22 den
794 658 26 21 15
836 658 7 21 i

85 692 71 22 denne
176 692 78 22 månad
272 692 96 22 klockan
384 692 26 21 10
429 691 166 29 föremiddagen
619 692 74 22 blifvit
712 692 131 30 offentligen

85 726 80 29 utlyst,
188 726 70 29 enligt
277 726 77 22 dervid
373 726 76 30 gifven
467 726 128 30 anmaning,
618 727 27 21 de
663 727 94 22 utsedde
771 726 73 23 landt-

85 761 149 30 dagsmännen
252 761 36 21 för
307 760 115 30 välloflige
440 760 184 30 borgareståndet
637 761 96 23 klockan
749 762 13 21 6
778 762 66 22 efter-

85 795 118 29 middagen
219 802 82 15 samma
316 795 42 29 dag
374 796 12 21 å
401 798 70 19 utsatt
486 798 35 19 ort
535 794 105 23 aflemnat
655 796 28 22 de
698 796 36 22 för
749 796 49 22 dem
809 791 35 26 ut-

84 830 92 22 färdade
198 830 127 22 fullmakter
349 829 33 22 till
402 829 47 23 vice
470 829 147 23 ordföranden
639 831 8 20 i
669 830 120 29 kejserliga
810 837 34 15 se-

85 867 78 19 natens
186 864 248 29 justitiedepartement,
465 863 172 30 geheimerädet,
667 864 94 23 friherre
787 864 56 23 Lars

85 899 119 27 Sackleen,
224 906 47 15 som
287 899 25 21 af
323 898 64 22 Hans
402 898 127 29 Kejserliga
543 898 106 29 Majestät
664 899 8 21 i
687 899 69 22 näder
771 899 74 22 blifvit

85 933 121 22 förordnad
221 936 32 19 att
267 932 97 30 granska
378 932 154 23 fullmakterne
548 936 57 19 samt
619 933 38 22 vid
672 933 64 22 deras
752 936 93 19 emotta-

86 967 71 30 gande
173 967 175 29 tillkännagifvit
363 969 32 20 att
409 967 212 28 inträdes-polletter
636 967 35 22 för
686 967 71 22 denna
772 967 73 22 landt-

85 1002 43 29 dag
146 1001 87 22 komme
252 1004 33 19 att
302 1001 8 22 i
329 1001 43 29 dag
390 1001 97 22 klockan
503 1001 26 21 10
544 1001 165 30 föremiddagen
731 1001 114 23 tillställas

86 1036 49 21 dem
154 1034 26 23 af
193 1035 195 30 borgareständets
408 1035 92 28 ombud,
519 1035 88 23 hvilkas
625 1035 126 23 fullmakter
769 1035 76 23 blifvit

86 1069 37 23 vid
138 1069 167 30 granskningen
320 1069 124 30 godkände.
482 1069 50 22 Och
547 1069 175 23 sammanträdde
737 1077 30 14 nu
782 1069 63 23 kloc-

84 1105 45 20 kan
146 1104 24 20 11
187 1103 177 30 föremiddagen,
382 1104 30 28 pä
426 1103 73 30 grund
514 1103 25 22 af
550 1103 102 23 utdelade
671 1103 112 30 polletter,
802 1104 43 22 föl-

82 1138 67 30 jande
165 1138 81 22 ombud
261 1137 35 23 för
312 1137 114 31 välloflige
439 1137 183 31 borgareständet
637 1138 38 22 vid
691 1138 72 23 denna
773 1137 72 24 landt-

85 1173 54 29 dag,
155 1173 121 29 nemligen:

84 1212 46 22 För
145 1212 145 30 Helsingfors
306 1212 60 22 stad:
383 1212 220 29 justitieräämannen
619 1210 54 24 Carl
685 1212 72 22 Adolf
770 1208 74 27 Öhrn-

188 1246 54 29 berg
266 1247 42 21 och
330 1246 186 24 kommerserädet
538 1244 54 25 Carl
610 1246 109 24 Wilhelm
741 1247 102 29 Ignatius

188 1280 183 24 Sundman.

100 1324 10 12 »
146 1308 52 30 Åbo
211 1315 58 22 stad:
284 1315 186 23 kommerserådet
483 1313 54 25 Carl
548 1314 98 30 Magnus
658 1314 132 24 Dahlström
801 1315 43 23 och

188 1350 242 22 murareäldermannen
445 1349 78 23 Stefan
537 1349 125 23 Träskelin.

100 1393 10 11 »
145 1384 98 30 Wiborg
259 1384 60 22 stad:
342 1384 245 30 politieborgmästaren
605 1384 86 22 Robert
705 1383 74 23 Isidor
795 1378 48 28 Örn

186 1418 42 22 och
242 1418 186 24 kommerserädet
442 1418 76 24 Johan
531 1418 96 24 Fredrik
641 1418 124 24 Hackman.

83 1459 64 24 Vällofi.
153 1452 143 31 borgareståndets
300 1461 84 23 protokoll
392 1461 102 24 landtdagen
500 1459 130 20 1863—1864.
803 1454 11 22 1
