<?xml version="1.0" encoding="UTF-8"?>
<alto xmlns="http://www.loc.gov/standards/alto/ns-v3#" xmlns:xlink="http://www.w3.org/1999/xlink" xmlns:xsi="http://www.w3.org/2001/XMLSchema-instance" xsi:schemaLocation="http://www.loc.gov/standards/alto/ns-v3# http://www.loc.gov/alto/v3/alto-3-0.xsd">
	<Description>
		<MeasurementUnit>pixel</MeasurementUnit>
		<sourceImageInformation>
			<fileName>/tmp/tess_uozlwgqb_input.PNG</fileName>
		</sourceImageInformation>
		<OCRProcessing ID="OCR_0">
			<ocrProcessingStep>
				<processingSoftware>
					<softwareName>tesseract 5.3.4</softwareName>
				</processingSoftware>
			</ocrProcessingStep>
		</OCRProcessing>
	</Description>
	<Layout>
		<Page WIDTH="992" HEIGHT="1725" PHYSICAL_IMG_NR="0" ID="page_0">
			<PrintSpace HPOS="0" VPOS="0" WIDTH="992" HEIGHT="1725">
				<ComposedBlock ID="cblock_0" HPOS="769" VPOS="123" WIDTH="43" HEIGHT="23">
					<TextBlock ID="block_0" HPOS="769" VPOS="123" WIDTH="43" HEIGHT="23">
						<TextLine ID="line_0" HPOS="769" VPOS="123" WIDTH="43" HEIGHT="23">
							<String ID="string_0" HPOS="769" VPOS="123" WIDTH="43" HEIGHT="23" WC="0.94" CONTENT="255"/>
						</TextLine>
					</TextBlock>
				</ComposedBlock>
				<ComposedBlock ID="cblock_1" HPOS="83" VPOS="183" WIDTH="768" HEIGHT="1273">
					<TextBlock ID="block_1" HPOS="83" VPOS="183" WIDTH="768" HEIGHT="1273">
						<TextLine ID="line_1" HPOS="83" VPOS="183" WIDTH="760" HEIGHT="31">
							<String ID="string_1" HPOS="83" VPOS="184" WIDTH="54" HEIGHT="24" WC="0.96" CONTENT="höra"/><SP WIDTH="21" VPOS="184" HPOS="137"/>
							<String ID="string_2" HPOS="158" VPOS="183" WIDTH="49" HEIGHT="25" WC="0.96" CONTENT="med"/><SP WIDTH="22" VPOS="183" HPOS="207"/>
							<String ID="string_3" HPOS="229" VPOS="183" WIDTH="147" HEIGHT="25" WC="0.95" CONTENT="innevarande"/><SP WIDTH="18" VPOS="183" HPOS="376"/>
							<String ID="string_4" HPOS="394" VPOS="184" WIDTH="36" HEIGHT="22" WC="0.96" CONTENT="års"/><SP WIDTH="19" VPOS="184" HPOS="430"/>
							<String ID="string_5" HPOS="449" VPOS="184" WIDTH="92" HEIGHT="30" WC="0.95" CONTENT="utgång,"/><SP WIDTH="16" VPOS="184" HPOS="541"/>
							<String ID="string_6" HPOS="557" VPOS="185" WIDTH="114" HEIGHT="21" WC="0.96" CONTENT="äfvensom"/><SP WIDTH="16" VPOS="185" HPOS="671"/>
							<String ID="string_7" HPOS="687" VPOS="187" WIDTH="32" HEIGHT="19" WC="0.96" CONTENT="att"/><SP WIDTH="14" VPOS="187" HPOS="719"/>
							<String ID="string_8" HPOS="733" VPOS="188" WIDTH="31" HEIGHT="19" WC="0.96" CONTENT="ett"/><SP WIDTH="14" VPOS="188" HPOS="764"/>
							<String ID="string_9" HPOS="778" VPOS="186" WIDTH="65" HEIGHT="23" WC="0.88" CONTENT="Hans"/>
						</TextLine>
						<TextLine ID="line_2" HPOS="83" VPOS="219" WIDTH="760" HEIGHT="31">
							<String ID="string_10" HPOS="83" VPOS="220" WIDTH="125" HEIGHT="30" WC="0.96" CONTENT="Kejserliga"/><SP WIDTH="14" VPOS="220" HPOS="208"/>
							<String ID="string_11" HPOS="222" VPOS="220" WIDTH="116" HEIGHT="28" WC="0.93" CONTENT="Majestäts"/><SP WIDTH="15" VPOS="220" HPOS="338"/>
							<String ID="string_12" HPOS="353" VPOS="219" WIDTH="96" HEIGHT="28" WC="0.91" CONTENT="reskript"/><SP WIDTH="15" VPOS="219" HPOS="449"/>
							<String ID="string_13" HPOS="464" VPOS="220" WIDTH="31" HEIGHT="26" WC="0.95" CONTENT="af,"/><SP WIDTH="16" VPOS="220" HPOS="495"/>
							<String ID="string_14" HPOS="511" VPOS="226" WIDTH="35" HEIGHT="14" WC="0.96" CONTENT="om"/><SP WIDTH="9" VPOS="226" HPOS="546"/>
							<String ID="string_15" HPOS="555" VPOS="220" WIDTH="39" HEIGHT="28" WC="0.96" CONTENT="jag"/><SP WIDTH="12" VPOS="220" HPOS="594"/>
							<String ID="string_16" HPOS="606" VPOS="219" WIDTH="49" HEIGHT="21" WC="0.93" CONTENT="icke"/><SP WIDTH="12" VPOS="219" HPOS="655"/>
							<String ID="string_17" HPOS="667" VPOS="220" WIDTH="116" HEIGHT="28" WC="0.92" CONTENT="misstager"/><SP WIDTH="8" VPOS="220" HPOS="783"/>
							<String ID="string_18" HPOS="791" VPOS="222" WIDTH="52" HEIGHT="27" WC="0.95" CONTENT="mig,"/>
						</TextLine>
						<TextLine ID="line_3" HPOS="84" VPOS="253" WIDTH="760" HEIGHT="29">
							<String ID="string_19" HPOS="84" VPOS="254" WIDTH="41" HEIGHT="22" WC="0.96" CONTENT="den"/><SP WIDTH="21" VPOS="254" HPOS="125"/>
							<String ID="string_20" HPOS="146" VPOS="256" WIDTH="26" HEIGHT="20" WC="0.92" CONTENT="19"/><SP WIDTH="20" VPOS="256" HPOS="172"/>
							<String ID="string_21" HPOS="192" VPOS="253" WIDTH="100" HEIGHT="23" WC="0.92" CONTENT="sistlidne"/><SP WIDTH="22" VPOS="253" HPOS="292"/>
							<String ID="string_22" HPOS="314" VPOS="260" WIDTH="68" HEIGHT="20" WC="0.96" CONTENT="mars,"/><SP WIDTH="22" VPOS="260" HPOS="382"/>
							<String ID="string_23" HPOS="404" VPOS="253" WIDTH="106" HEIGHT="28" WC="0.96" CONTENT="påbjuder"/><SP WIDTH="19" VPOS="253" HPOS="510"/>
							<String ID="string_24" HPOS="529" VPOS="256" WIDTH="32" HEIGHT="18" WC="0.96" CONTENT="att"/><SP WIDTH="16" VPOS="256" HPOS="561"/>
							<String ID="string_25" HPOS="577" VPOS="254" WIDTH="93" HEIGHT="22" WC="0.93" CONTENT="nämnde"/><SP WIDTH="15" VPOS="254" HPOS="670"/>
							<String ID="string_26" HPOS="685" VPOS="254" WIDTH="66" HEIGHT="28" WC="0.92" CONTENT="afgift"/><SP WIDTH="15" VPOS="254" HPOS="751"/>
							<String ID="string_27" HPOS="766" VPOS="254" WIDTH="78" HEIGHT="22" WC="0.90" CONTENT="fortfa-"/>
						</TextLine>
						<TextLine ID="line_4" HPOS="83" VPOS="287" WIDTH="588" HEIGHT="30">
							<String ID="string_28" HPOS="83" VPOS="289" WIDTH="67" HEIGHT="22" WC="0.96" CONTENT="rande"/><SP WIDTH="15" VPOS="289" HPOS="150"/>
							<String ID="string_29" HPOS="165" VPOS="289" WIDTH="69" HEIGHT="22" WC="0.93" CONTENT="skulle"/><SP WIDTH="16" VPOS="289" HPOS="234"/>
							<String ID="string_30" HPOS="250" VPOS="288" WIDTH="111" HEIGHT="28" WC="0.93" CONTENT="uppbäras"/><SP WIDTH="16" VPOS="288" HPOS="361"/>
							<String ID="string_31" HPOS="377" VPOS="287" WIDTH="6" HEIGHT="21" WC="0.96" CONTENT="i"/><SP WIDTH="16" VPOS="287" HPOS="383"/>
							<String ID="string_32" HPOS="399" VPOS="287" WIDTH="127" HEIGHT="30" WC="0.95" CONTENT="ytterligare"/><SP WIDTH="16" VPOS="287" HPOS="526"/>
							<String ID="string_33" HPOS="542" VPOS="288" WIDTH="82" HEIGHT="21" WC="0.96" CONTENT="femton"/><SP WIDTH="16" VPOS="288" HPOS="624"/>
							<String ID="string_34" HPOS="640" VPOS="287" WIDTH="31" HEIGHT="22" WC="0.96" CONTENT="år."/>
						</TextLine>
						<TextLine ID="line_5" HPOS="153" VPOS="327" WIDTH="690" HEIGHT="30">
							<String ID="string_35" HPOS="153" VPOS="328" WIDTH="169" HEIGHT="22" WC="0.96" CONTENT="Universitetets"/><SP WIDTH="19" VPOS="328" HPOS="322"/>
							<String ID="string_36" HPOS="341" VPOS="327" WIDTH="134" HEIGHT="22" WC="0.93" CONTENT="fortfarande"/><SP WIDTH="19" VPOS="327" HPOS="475"/>
							<String ID="string_37" HPOS="494" VPOS="328" WIDTH="69" HEIGHT="21" WC="0.91" CONTENT="behof"/><SP WIDTH="12" VPOS="328" HPOS="563"/>
							<String ID="string_38" HPOS="575" VPOS="328" WIDTH="25" HEIGHT="21" WC="0.96" CONTENT="af"/><SP WIDTH="12" VPOS="328" HPOS="600"/>
							<String ID="string_39" HPOS="612" VPOS="327" WIDTH="42" HEIGHT="22" WC="0.96" CONTENT="den"/><SP WIDTH="16" VPOS="327" HPOS="654"/>
							<String ID="string_40" HPOS="670" VPOS="328" WIDTH="151" HEIGHT="29" WC="0.96" CONTENT="förstärkning"/><SP WIDTH="14" VPOS="328" HPOS="821"/>
							<String ID="string_41" HPOS="835" VPOS="328" WIDTH="8" HEIGHT="21" WC="0.96" CONTENT="i"/>
						</TextLine>
						<TextLine ID="line_6" HPOS="85" VPOS="362" WIDTH="758" HEIGHT="29">
							<String ID="string_42" HPOS="85" VPOS="362" WIDTH="69" HEIGHT="29" WC="0.96" CONTENT="årliga"/><SP WIDTH="21" VPOS="362" HPOS="154"/>
							<String ID="string_43" HPOS="175" VPOS="363" WIDTH="127" HEIGHT="26" WC="0.96" CONTENT="inkomster,"/><SP WIDTH="22" VPOS="363" HPOS="302"/>
							<String ID="string_44" HPOS="324" VPOS="369" WIDTH="48" HEIGHT="14" WC="0.93" CONTENT="som"/><SP WIDTH="18" VPOS="369" HPOS="372"/>
							<String ID="string_45" HPOS="390" VPOS="362" WIDTH="145" HEIGHT="21" WC="0.92" CONTENT="omförmälda"/><SP WIDTH="18" VPOS="362" HPOS="535"/>
							<String ID="string_46" HPOS="553" VPOS="362" WIDTH="74" HEIGHT="28" WC="0.96" CONTENT="påbud"/><SP WIDTH="18" VPOS="362" HPOS="627"/>
							<String ID="string_47" HPOS="645" VPOS="363" WIDTH="91" HEIGHT="28" WC="0.96" CONTENT="åsyftar,"/><SP WIDTH="16" VPOS="363" HPOS="736"/>
							<String ID="string_48" HPOS="752" VPOS="363" WIDTH="39" HEIGHT="22" WC="0.96" CONTENT="vill"/><SP WIDTH="12" VPOS="363" HPOS="791"/>
							<String ID="string_49" HPOS="803" VPOS="364" WIDTH="40" HEIGHT="27" WC="0.96" CONTENT="jag"/>
						</TextLine>
						<TextLine ID="line_7" HPOS="84" VPOS="395" WIDTH="760" HEIGHT="30">
							<String ID="string_50" HPOS="84" VPOS="403" WIDTH="30" HEIGHT="15" WC="0.95" CONTENT="nu"/><SP WIDTH="14" VPOS="403" HPOS="114"/>
							<String ID="string_51" HPOS="128" VPOS="397" WIDTH="49" HEIGHT="21" WC="0.96" CONTENT="icke"/><SP WIDTH="14" VPOS="397" HPOS="177"/>
							<String ID="string_52" HPOS="191" VPOS="396" WIDTH="103" HEIGHT="27" WC="0.96" CONTENT="bedöma,"/><SP WIDTH="16" VPOS="396" HPOS="294"/>
							<String ID="string_53" HPOS="310" VPOS="397" WIDTH="26" HEIGHT="20" WC="0.96" CONTENT="än"/><SP WIDTH="17" VPOS="397" HPOS="336"/>
							<String ID="string_54" HPOS="353" VPOS="395" WIDTH="83" HEIGHT="22" WC="0.93" CONTENT="mindre"/><SP WIDTH="16" VPOS="395" HPOS="436"/>
							<String ID="string_55" HPOS="452" VPOS="396" WIDTH="143" HEIGHT="29" WC="0.90" CONTENT="ifrågaställa."/><SP WIDTH="26" VPOS="396" HPOS="595"/>
							<String ID="string_56" HPOS="621" VPOS="395" WIDTH="46" HEIGHT="23" WC="0.96" CONTENT="Det"/><SP WIDTH="10" VPOS="395" HPOS="667"/>
							<String ID="string_57" HPOS="677" VPOS="397" WIDTH="25" HEIGHT="20" WC="0.96" CONTENT="är"/><SP WIDTH="10" VPOS="397" HPOS="702"/>
							<String ID="string_58" HPOS="712" VPOS="396" WIDTH="78" HEIGHT="23" WC="0.96" CONTENT="endast"/><SP WIDTH="10" VPOS="396" HPOS="790"/>
							<String ID="string_59" HPOS="800" VPOS="397" WIDTH="44" HEIGHT="22" WC="0.96" CONTENT="den"/>
						</TextLine>
						<TextLine ID="line_8" HPOS="86" VPOS="429" WIDTH="759" HEIGHT="31">
							<String ID="string_60" HPOS="86" VPOS="430" WIDTH="149" HEIGHT="30" WC="0.95" CONTENT="beskattning,"/><SP WIDTH="15" VPOS="430" HPOS="235"/>
							<String ID="string_61" HPOS="250" VPOS="437" WIDTH="46" HEIGHT="14" WC="0.93" CONTENT="som"/><SP WIDTH="16" VPOS="437" HPOS="296"/>
							<String ID="string_62" HPOS="312" VPOS="429" WIDTH="96" HEIGHT="29" WC="0.92" CONTENT="päbudet"/><SP WIDTH="15" VPOS="429" HPOS="408"/>
							<String ID="string_63" HPOS="423" VPOS="429" WIDTH="97" HEIGHT="28" WC="0.96" CONTENT="innebär,"/><SP WIDTH="16" VPOS="429" HPOS="520"/>
							<String ID="string_64" HPOS="536" VPOS="437" WIDTH="47" HEIGHT="14" WC="0.97" CONTENT="som"/><SP WIDTH="14" VPOS="437" HPOS="583"/>
							<String ID="string_65" HPOS="597" VPOS="431" WIDTH="38" HEIGHT="27" WC="0.96" CONTENT="jag"/><SP WIDTH="15" VPOS="431" HPOS="635"/>
							<String ID="string_66" HPOS="650" VPOS="437" WIDTH="63" HEIGHT="15" WC="0.96" CONTENT="anser"/><SP WIDTH="15" VPOS="437" HPOS="713"/>
							<String ID="string_67" HPOS="728" VPOS="431" WIDTH="45" HEIGHT="28" WC="0.96" CONTENT="mig"/><SP WIDTH="17" VPOS="431" HPOS="773"/>
							<String ID="string_68" HPOS="790" VPOS="431" WIDTH="55" HEIGHT="21" WC="0.96" CONTENT="böra"/>
						</TextLine>
						<TextLine ID="line_9" HPOS="86" VPOS="462" WIDTH="758" HEIGHT="32">
							<String ID="string_69" HPOS="86" VPOS="465" WIDTH="120" HEIGHT="22" WC="0.90" CONTENT="framhälla."/><SP WIDTH="33" VPOS="465" HPOS="206"/>
							<String ID="string_70" HPOS="239" VPOS="465" WIDTH="81" HEIGHT="22" WC="0.93" CONTENT="Denna"/><SP WIDTH="19" VPOS="465" HPOS="320"/>
							<String ID="string_71" HPOS="339" VPOS="462" WIDTH="142" HEIGHT="31" WC="0.90" CONTENT="beskattning"/><SP WIDTH="14" VPOS="462" HPOS="481"/>
							<String ID="string_72" HPOS="495" VPOS="464" WIDTH="96" HEIGHT="22" WC="0.91" CONTENT="drabbar"/><SP WIDTH="14" VPOS="464" HPOS="591"/>
							<String ID="string_73" HPOS="605" VPOS="467" WIDTH="79" HEIGHT="26" WC="0.92" CONTENT="ytterst"/><SP WIDTH="15" VPOS="467" HPOS="684"/>
							<String ID="string_74" HPOS="699" VPOS="464" WIDTH="145" HEIGHT="30" WC="0.87" CONTENT="skogsegare-"/>
						</TextLine>
						<TextLine ID="line_10" HPOS="86" VPOS="498" WIDTH="758" HEIGHT="29">
							<String ID="string_75" HPOS="86" VPOS="505" WIDTH="27" HEIGHT="16" WC="0.91" CONTENT="ne"/><SP WIDTH="18" VPOS="505" HPOS="113"/>
							<String ID="string_76" HPOS="131" VPOS="500" WIDTH="7" HEIGHT="21" WC="0.96" CONTENT="i"/><SP WIDTH="19" VPOS="500" HPOS="138"/>
							<String ID="string_77" HPOS="157" VPOS="499" WIDTH="74" HEIGHT="22" WC="0.96" CONTENT="landet"/><SP WIDTH="15" VPOS="499" HPOS="231"/>
							<String ID="string_78" HPOS="246" VPOS="499" WIDTH="41" HEIGHT="21" WC="0.96" CONTENT="och"/><SP WIDTH="15" VPOS="499" HPOS="287"/>
							<String ID="string_79" HPOS="302" VPOS="499" WIDTH="60" HEIGHT="27" WC="0.93" CONTENT="dem,"/><SP WIDTH="23" VPOS="499" HPOS="362"/>
							<String ID="string_80" HPOS="385" VPOS="498" WIDTH="75" HEIGHT="21" WC="0.96" CONTENT="hvilka"/><SP WIDTH="16" VPOS="498" HPOS="460"/>
							<String ID="string_81" HPOS="476" VPOS="499" WIDTH="82" HEIGHT="21" WC="0.96" CONTENT="befatta"/><SP WIDTH="15" VPOS="499" HPOS="558"/>
							<String ID="string_82" HPOS="573" VPOS="499" WIDTH="36" HEIGHT="28" WC="0.96" CONTENT="sig"/><SP WIDTH="15" VPOS="499" HPOS="609"/>
							<String ID="string_83" HPOS="624" VPOS="499" WIDTH="47" HEIGHT="21" WC="0.93" CONTENT="med"/><SP WIDTH="17" VPOS="499" HPOS="671"/>
							<String ID="string_84" HPOS="688" VPOS="499" WIDTH="156" HEIGHT="28" WC="0.46" CONTENT="tjärutillverk-="/>
						</TextLine>
						<TextLine ID="line_11" HPOS="86" VPOS="529" WIDTH="758" HEIGHT="33">
							<String ID="string_85" HPOS="86" VPOS="533" WIDTH="63" HEIGHT="29" WC="0.93" CONTENT="ning,"/><SP WIDTH="23" VPOS="533" HPOS="149"/>
							<String ID="string_86" HPOS="172" VPOS="533" WIDTH="83" HEIGHT="22" WC="0.93" CONTENT="säledes"/><SP WIDTH="19" VPOS="533" HPOS="255"/>
							<String ID="string_87" HPOS="274" VPOS="540" WIDTH="26" HEIGHT="14" WC="0.93" CONTENT="en"/><SP WIDTH="19" VPOS="540" HPOS="300"/>
							<String ID="string_88" HPOS="319" VPOS="532" WIDTH="174" HEIGHT="28" WC="0.91" CONTENT="samhällsklass,"/><SP WIDTH="20" VPOS="532" HPOS="493"/>
							<String ID="string_89" HPOS="513" VPOS="529" WIDTH="89" HEIGHT="24" WC="0.93" CONTENT="hvilken"/><SP WIDTH="19" VPOS="529" HPOS="602"/>
							<String ID="string_90" HPOS="621" VPOS="533" WIDTH="7" HEIGHT="21" WC="0.93" CONTENT="i"/><SP WIDTH="15" VPOS="533" HPOS="628"/>
							<String ID="string_91" HPOS="643" VPOS="533" WIDTH="119" HEIGHT="22" WC="0.88" CONTENT="allmänhet"/><SP WIDTH="14" VPOS="533" HPOS="762"/>
							<String ID="string_92" HPOS="776" VPOS="533" WIDTH="68" HEIGHT="22" WC="0.92" CONTENT="befin-"/>
						</TextLine>
						<TextLine ID="line_12" HPOS="86" VPOS="566" WIDTH="759" HEIGHT="30">
							<String ID="string_93" HPOS="86" VPOS="575" WIDTH="38" HEIGHT="14" WC="0.93" CONTENT="ner"/><SP WIDTH="16" VPOS="575" HPOS="124"/>
							<String ID="string_94" HPOS="140" VPOS="568" WIDTH="34" HEIGHT="28" WC="0.96" CONTENT="sig"/><SP WIDTH="15" VPOS="568" HPOS="174"/>
							<String ID="string_95" HPOS="189" VPOS="568" WIDTH="8" HEIGHT="20" WC="0.93" CONTENT="i"/><SP WIDTH="15" VPOS="568" HPOS="197"/>
							<String ID="string_96" HPOS="212" VPOS="567" WIDTH="88" HEIGHT="29" WC="0.92" CONTENT="knappa"/><SP WIDTH="15" VPOS="567" HPOS="300"/>
							<String ID="string_97" HPOS="315" VPOS="566" WIDTH="143" HEIGHT="22" WC="0.96" CONTENT="ekonomiska"/><SP WIDTH="14" VPOS="566" HPOS="458"/>
							<String ID="string_98" HPOS="472" VPOS="566" WIDTH="187" HEIGHT="30" WC="0.96" CONTENT="omständigheter"/><SP WIDTH="14" VPOS="566" HPOS="659"/>
							<String ID="string_99" HPOS="673" VPOS="567" WIDTH="42" HEIGHT="22" WC="0.96" CONTENT="och"/><SP WIDTH="15" VPOS="567" HPOS="715"/>
							<String ID="string_100" HPOS="730" VPOS="570" WIDTH="47" HEIGHT="18" WC="0.93" CONTENT="mot"/><SP WIDTH="12" VPOS="570" HPOS="777"/>
							<String ID="string_101" HPOS="789" VPOS="567" WIDTH="56" HEIGHT="22" WC="0.92" CONTENT="hvil-"/>
						</TextLine>
						<TextLine ID="line_13" HPOS="86" VPOS="600" WIDTH="759" HEIGHT="30">
							<String ID="string_102" HPOS="86" VPOS="601" WIDTH="43" HEIGHT="22" WC="0.93" CONTENT="ken"/><SP WIDTH="18" VPOS="601" HPOS="129"/>
							<String ID="string_103" HPOS="147" VPOS="602" WIDTH="75" HEIGHT="28" WC="0.92" CONTENT="hvarje"/><SP WIDTH="18" VPOS="602" HPOS="222"/>
							<String ID="string_104" HPOS="240" VPOS="602" WIDTH="65" HEIGHT="21" WC="0.92" CONTENT="äfven"/><SP WIDTH="15" VPOS="602" HPOS="305"/>
							<String ID="string_105" HPOS="320" VPOS="601" WIDTH="42" HEIGHT="21" WC="0.93" CONTENT="den"/><SP WIDTH="15" VPOS="601" HPOS="362"/>
							<String ID="string_106" HPOS="377" VPOS="602" WIDTH="79" HEIGHT="20" WC="0.93" CONTENT="minsta"/><SP WIDTH="15" VPOS="602" HPOS="456"/>
							<String ID="string_107" HPOS="471" VPOS="600" WIDTH="96" HEIGHT="30" WC="0.92" CONTENT="lindring"/><SP WIDTH="15" VPOS="600" HPOS="567"/>
							<String ID="string_108" HPOS="582" VPOS="602" WIDTH="7" HEIGHT="20" WC="0.96" CONTENT="i"/><SP WIDTH="16" VPOS="602" HPOS="589"/>
							<String ID="string_109" HPOS="605" VPOS="601" WIDTH="40" HEIGHT="21" WC="0.93" CONTENT="den"/><SP WIDTH="16" VPOS="601" HPOS="645"/>
							<String ID="string_110" HPOS="661" VPOS="602" WIDTH="72" HEIGHT="28" WC="0.92" CONTENT="dryga"/><SP WIDTH="14" VPOS="602" HPOS="733"/>
							<String ID="string_111" HPOS="747" VPOS="602" WIDTH="98" HEIGHT="21" WC="0.92" CONTENT="beskatt-"/>
						</TextLine>
						<TextLine ID="line_14" HPOS="87" VPOS="635" WIDTH="757" HEIGHT="30">
							<String ID="string_112" HPOS="87" VPOS="636" WIDTH="63" HEIGHT="29" WC="0.95" CONTENT="ning,"/><SP WIDTH="15" VPOS="636" HPOS="150"/>
							<String ID="string_113" HPOS="165" VPOS="636" WIDTH="42" HEIGHT="21" WC="0.96" CONTENT="den"/><SP WIDTH="15" VPOS="636" HPOS="207"/>
							<String ID="string_114" HPOS="222" VPOS="636" WIDTH="24" HEIGHT="21" WC="0.93" CONTENT="är"/><SP WIDTH="14" VPOS="636" HPOS="246"/>
							<String ID="string_115" HPOS="260" VPOS="635" WIDTH="158" HEIGHT="28" WC="0.91" CONTENT="underkastad,"/><SP WIDTH="16" VPOS="635" HPOS="418"/>
							<String ID="string_116" HPOS="434" VPOS="635" WIDTH="43" HEIGHT="21" WC="0.96" CONTENT="blir"/><SP WIDTH="15" VPOS="635" HPOS="477"/>
							<String ID="string_117" HPOS="492" VPOS="643" WIDTH="25" HEIGHT="14" WC="0.93" CONTENT="en"/><SP WIDTH="16" VPOS="643" HPOS="517"/>
							<String ID="string_118" HPOS="533" VPOS="635" WIDTH="56" HEIGHT="29" WC="0.89" CONTENT="gärd"/><SP WIDTH="15" VPOS="635" HPOS="589"/>
							<String ID="string_119" HPOS="604" VPOS="636" WIDTH="25" HEIGHT="21" WC="0.93" CONTENT="af"/><SP WIDTH="12" VPOS="636" HPOS="629"/>
							<String ID="string_120" HPOS="641" VPOS="636" WIDTH="89" HEIGHT="29" WC="0.93" CONTENT="skyldig"/><SP WIDTH="15" VPOS="636" HPOS="730"/>
							<String ID="string_121" HPOS="745" VPOS="635" WIDTH="99" HEIGHT="23" WC="0.93" CONTENT="rättvisa."/>
						</TextLine>
						<TextLine ID="line_15" HPOS="156" VPOS="674" WIDTH="688" HEIGHT="30">
							<String ID="string_122" HPOS="156" VPOS="674" WIDTH="72" HEIGHT="24" WC="0.95" CONTENT="Anser"/><SP WIDTH="14" VPOS="674" HPOS="228"/>
							<String ID="string_123" HPOS="242" VPOS="683" WIDTH="49" HEIGHT="14" WC="0.93" CONTENT="man"/><SP WIDTH="15" VPOS="683" HPOS="291"/>
							<String ID="string_124" HPOS="306" VPOS="674" WIDTH="112" HEIGHT="30" WC="0.93" CONTENT="verkligen"/><SP WIDTH="16" VPOS="674" HPOS="418"/>
							<String ID="string_125" HPOS="434" VPOS="678" WIDTH="32" HEIGHT="18" WC="0.93" CONTENT="att"/><SP WIDTH="15" VPOS="678" HPOS="466"/>
							<String ID="string_126" HPOS="481" VPOS="676" WIDTH="73" HEIGHT="28" WC="0.92" CONTENT="nägon"/><SP WIDTH="16" VPOS="676" HPOS="554"/>
							<String ID="string_127" HPOS="570" VPOS="675" WIDTH="93" HEIGHT="22" WC="0.93" CONTENT="särskild"/><SP WIDTH="16" VPOS="675" HPOS="663"/>
							<String ID="string_128" HPOS="679" VPOS="674" WIDTH="165" HEIGHT="23" WC="0.89" CONTENT="samhällsklass"/>
						</TextLine>
						<TextLine ID="line_16" HPOS="89" VPOS="708" WIDTH="759" HEIGHT="30">
							<String ID="string_129" HPOS="89" VPOS="708" WIDTH="39" HEIGHT="23" WC="0.91" CONTENT="bör"/><SP WIDTH="22" VPOS="708" HPOS="128"/>
							<String ID="string_130" HPOS="150" VPOS="710" WIDTH="90" HEIGHT="21" WC="0.89" CONTENT="framför"/><SP WIDTH="21" VPOS="710" HPOS="240"/>
							<String ID="string_131" HPOS="261" VPOS="708" WIDTH="27" HEIGHT="23" WC="0.93" CONTENT="de"/><SP WIDTH="23" VPOS="708" HPOS="288"/>
							<String ID="string_132" HPOS="311" VPOS="710" WIDTH="71" HEIGHT="28" WC="0.91" CONTENT="öfriga"/><SP WIDTH="22" VPOS="710" HPOS="382"/>
							<String ID="string_133" HPOS="404" VPOS="709" WIDTH="91" HEIGHT="29" WC="0.92" CONTENT="bidraga"/><SP WIDTH="17" VPOS="709" HPOS="495"/>
							<String ID="string_134" HPOS="512" VPOS="709" WIDTH="38" HEIGHT="22" WC="0.93" CONTENT="vid"/><SP WIDTH="21" VPOS="709" HPOS="550"/>
							<String ID="string_135" HPOS="571" VPOS="708" WIDTH="229" HEIGHT="30" WC="0.88" CONTENT="sammanbringandet"/><SP WIDTH="22" VPOS="708" HPOS="800"/>
							<String ID="string_136" HPOS="822" VPOS="708" WIDTH="26" HEIGHT="23" WC="0.96" CONTENT="af"/>
						</TextLine>
						<TextLine ID="line_17" HPOS="88" VPOS="742" WIDTH="758" HEIGHT="30">
							<String ID="string_137" HPOS="88" VPOS="742" WIDTH="26" HEIGHT="24" WC="0.96" CONTENT="de"/><SP WIDTH="20" VPOS="742" HPOS="114"/>
							<String ID="string_138" HPOS="134" VPOS="743" WIDTH="80" HEIGHT="29" WC="0.94" CONTENT="medel,"/><SP WIDTH="19" VPOS="743" HPOS="214"/>
							<String ID="string_139" HPOS="233" VPOS="751" WIDTH="47" HEIGHT="14" WC="0.89" CONTENT="som"/><SP WIDTH="19" VPOS="751" HPOS="280"/>
							<String ID="string_140" HPOS="299" VPOS="744" WIDTH="37" HEIGHT="21" WC="0.89" CONTENT="äro"/><SP WIDTH="19" VPOS="744" HPOS="336"/>
							<String ID="string_141" HPOS="355" VPOS="743" WIDTH="35" HEIGHT="22" WC="0.93" CONTENT="för"/><SP WIDTH="18" VPOS="743" HPOS="390"/>
							<String ID="string_142" HPOS="408" VPOS="743" WIDTH="161" HEIGHT="23" WC="0.92" CONTENT="universitetets"/><SP WIDTH="20" VPOS="743" HPOS="569"/>
							<String ID="string_143" HPOS="589" VPOS="743" WIDTH="103" HEIGHT="29" WC="0.96" CONTENT="behöriga"/><SP WIDTH="15" VPOS="743" HPOS="692"/>
							<String ID="string_144" HPOS="707" VPOS="744" WIDTH="139" HEIGHT="22" WC="0.96" CONTENT="verksamhet"/>
						</TextLine>
						<TextLine ID="line_18" HPOS="88" VPOS="777" WIDTH="757" HEIGHT="30">
							<String ID="string_145" HPOS="88" VPOS="777" WIDTH="154" HEIGHT="30" WC="0.90" CONTENT="erforderliga;"/><SP WIDTH="22" VPOS="777" HPOS="242"/>
							<String ID="string_146" HPOS="264" VPOS="778" WIDTH="48" HEIGHT="21" WC="0.91" CONTENT="icke"/><SP WIDTH="23" VPOS="778" HPOS="312"/>
							<String ID="string_147" HPOS="335" VPOS="778" WIDTH="40" HEIGHT="21" WC="0.96" CONTENT="bör"/><SP WIDTH="21" VPOS="778" HPOS="375"/>
							<String ID="string_148" HPOS="396" VPOS="778" WIDTH="38" HEIGHT="21" WC="0.96" CONTENT="det"/><SP WIDTH="22" VPOS="778" HPOS="434"/>
							<String ID="string_149" HPOS="456" VPOS="777" WIDTH="35" HEIGHT="22" WC="0.96" CONTENT="väl"/><SP WIDTH="23" VPOS="777" HPOS="491"/>
							<String ID="string_150" HPOS="514" VPOS="785" WIDTH="53" HEIGHT="15" WC="0.96" CONTENT="vara"/><SP WIDTH="18" VPOS="785" HPOS="567"/>
							<String ID="string_151" HPOS="585" VPOS="777" WIDTH="52" HEIGHT="29" WC="0.96" CONTENT="den,"/><SP WIDTH="22" VPOS="777" HPOS="637"/>
							<String ID="string_152" HPOS="659" VPOS="785" WIDTH="48" HEIGHT="15" WC="0.96" CONTENT="som"/><SP WIDTH="19" VPOS="785" HPOS="707"/>
							<String ID="string_153" HPOS="726" VPOS="778" WIDTH="66" HEIGHT="22" WC="0.96" CONTENT="söker"/><SP WIDTH="18" VPOS="778" HPOS="792"/>
							<String ID="string_154" HPOS="810" VPOS="777" WIDTH="35" HEIGHT="23" WC="0.97" CONTENT="sin"/>
						</TextLine>
						<TextLine ID="line_19" HPOS="89" VPOS="810" WIDTH="756" HEIGHT="31">
							<String ID="string_155" HPOS="89" VPOS="811" WIDTH="89" HEIGHT="29" WC="0.93" CONTENT="knappa"/><SP WIDTH="21" VPOS="811" HPOS="178"/>
							<String ID="string_156" HPOS="199" VPOS="811" WIDTH="106" HEIGHT="29" WC="0.90" CONTENT="bergning"/><SP WIDTH="21" VPOS="811" HPOS="305"/>
							<String ID="string_157" HPOS="326" VPOS="811" WIDTH="8" HEIGHT="22" WC="0.93" CONTENT="i"/><SP WIDTH="22" VPOS="811" HPOS="334"/>
							<String ID="string_158" HPOS="356" VPOS="811" WIDTH="235" HEIGHT="30" WC="0.89" CONTENT="tjärutillverkningen."/><SP WIDTH="32" VPOS="811" HPOS="591"/>
							<String ID="string_159" HPOS="623" VPOS="812" WIDTH="123" HEIGHT="22" WC="0.96" CONTENT="Frukterna"/><SP WIDTH="15" VPOS="812" HPOS="746"/>
							<String ID="string_160" HPOS="761" VPOS="812" WIDTH="25" HEIGHT="22" WC="0.93" CONTENT="af"/><SP WIDTH="12" VPOS="812" HPOS="786"/>
							<String ID="string_161" HPOS="798" VPOS="810" WIDTH="47" HEIGHT="24" WC="0.93" CONTENT="uni-"/>
						</TextLine>
						<TextLine ID="line_20" HPOS="88" VPOS="846" WIDTH="757" HEIGHT="30">
							<String ID="string_162" HPOS="88" VPOS="846" WIDTH="124" HEIGHT="22" WC="0.93" CONTENT="versitetets"/><SP WIDTH="15" VPOS="846" HPOS="212"/>
							<String ID="string_163" HPOS="227" VPOS="846" WIDTH="139" HEIGHT="22" WC="0.93" CONTENT="verksamhet"/><SP WIDTH="14" VPOS="846" HPOS="366"/>
							<String ID="string_164" HPOS="380" VPOS="846" WIDTH="87" HEIGHT="22" WC="0.96" CONTENT="sträcka"/><SP WIDTH="15" VPOS="846" HPOS="467"/>
							<String ID="string_165" HPOS="482" VPOS="847" WIDTH="34" HEIGHT="28" WC="0.93" CONTENT="sig"/><SP WIDTH="15" VPOS="847" HPOS="516"/>
							<String ID="string_166" HPOS="531" VPOS="846" WIDTH="128" HEIGHT="30" WC="0.95" CONTENT="visserligen"/><SP WIDTH="16" VPOS="846" HPOS="659"/>
							<String ID="string_167" HPOS="675" VPOS="847" WIDTH="64" HEIGHT="21" WC="0.96" CONTENT="äfven"/><SP WIDTH="14" VPOS="847" HPOS="739"/>
							<String ID="string_168" HPOS="753" VPOS="847" WIDTH="8" HEIGHT="21" WC="0.93" CONTENT="i"/><SP WIDTH="11" VPOS="847" HPOS="761"/>
							<String ID="string_169" HPOS="772" VPOS="846" WIDTH="73" HEIGHT="29" WC="0.96" CONTENT="någon"/>
						</TextLine>
						<TextLine ID="line_21" HPOS="88" VPOS="879" WIDTH="758" HEIGHT="31">
							<String ID="string_170" HPOS="88" VPOS="880" WIDTH="50" HEIGHT="22" WC="0.95" CONTENT="män"/><SP WIDTH="18" VPOS="880" HPOS="138"/>
							<String ID="string_171" HPOS="156" VPOS="881" WIDTH="33" HEIGHT="21" WC="0.88" CONTENT="till"/><SP WIDTH="19" VPOS="881" HPOS="189"/>
							<String ID="string_172" HPOS="208" VPOS="880" WIDTH="71" HEIGHT="22" WC="0.93" CONTENT="denna"/><SP WIDTH="18" VPOS="880" HPOS="279"/>
							<String ID="string_173" HPOS="297" VPOS="879" WIDTH="175" HEIGHT="30" WC="0.89" CONTENT="samhällsklass,"/><SP WIDTH="18" VPOS="879" HPOS="472"/>
							<String ID="string_174" HPOS="490" VPOS="889" WIDTH="49" HEIGHT="14" WC="0.97" CONTENT="men"/><SP WIDTH="16" VPOS="889" HPOS="539"/>
							<String ID="string_175" HPOS="555" VPOS="881" WIDTH="56" HEIGHT="22" WC="0.96" CONTENT="först"/><SP WIDTH="14" VPOS="881" HPOS="611"/>
							<String ID="string_176" HPOS="625" VPOS="879" WIDTH="42" HEIGHT="23" WC="0.93" CONTENT="och"/><SP WIDTH="15" VPOS="879" HPOS="667"/>
							<String ID="string_177" HPOS="682" VPOS="879" WIDTH="164" HEIGHT="31" WC="0.64" CONTENT="fullständigast"/>
						</TextLine>
						<TextLine ID="line_22" HPOS="88" VPOS="913" WIDTH="759" HEIGHT="24">
							<String ID="string_178" HPOS="88" VPOS="913" WIDTH="87" HEIGHT="23" WC="0.96" CONTENT="komma"/><SP WIDTH="15" VPOS="913" HPOS="175"/>
							<String ID="string_179" HPOS="190" VPOS="913" WIDTH="62" HEIGHT="24" WC="0.93" CONTENT="dessa"/><SP WIDTH="16" VPOS="913" HPOS="252"/>
							<String ID="string_180" HPOS="268" VPOS="915" WIDTH="83" HEIGHT="21" WC="0.93" CONTENT="frukter"/><SP WIDTH="15" VPOS="915" HPOS="351"/>
							<String ID="string_181" HPOS="366" VPOS="915" WIDTH="27" HEIGHT="21" WC="0.96" CONTENT="de"/><SP WIDTH="15" VPOS="915" HPOS="393"/>
							<String ID="string_182" HPOS="408" VPOS="914" WIDTH="7" HEIGHT="22" WC="0.96" CONTENT="i"/><SP WIDTH="15" VPOS="914" HPOS="415"/>
							<String ID="string_183" HPOS="430" VPOS="913" WIDTH="140" HEIGHT="24" WC="0.96" CONTENT="ekonomiskt"/><SP WIDTH="14" VPOS="913" HPOS="570"/>
							<String ID="string_184" HPOS="584" VPOS="915" WIDTH="123" HEIGHT="22" WC="0.96" CONTENT="hänseende"/><SP WIDTH="15" VPOS="915" HPOS="707"/>
							<String ID="string_185" HPOS="722" VPOS="915" WIDTH="71" HEIGHT="22" WC="0.92" CONTENT="bättre"/><SP WIDTH="11" VPOS="915" HPOS="793"/>
							<String ID="string_186" HPOS="804" VPOS="914" WIDTH="43" HEIGHT="23" WC="0.88" CONTENT="lot-"/>
						</TextLine>
						<TextLine ID="line_23" HPOS="88" VPOS="948" WIDTH="759" HEIGHT="30">
							<String ID="string_187" HPOS="88" VPOS="949" WIDTH="52" HEIGHT="22" WC="0.92" CONTENT="tade"/><SP WIDTH="18" VPOS="949" HPOS="140"/>
							<String ID="string_188" HPOS="158" VPOS="949" WIDTH="215" HEIGHT="22" WC="0.92" CONTENT="samhällsklasserna"/><SP WIDTH="18" VPOS="949" HPOS="373"/>
							<String ID="string_189" HPOS="391" VPOS="948" WIDTH="33" HEIGHT="22" WC="0.96" CONTENT="till"/><SP WIDTH="19" VPOS="948" HPOS="424"/>
							<String ID="string_190" HPOS="443" VPOS="948" WIDTH="47" HEIGHT="29" WC="0.96" CONTENT="del,"/><SP WIDTH="18" VPOS="948" HPOS="490"/>
							<String ID="string_191" HPOS="508" VPOS="949" WIDTH="43" HEIGHT="22" WC="0.93" CONTENT="och"/><SP WIDTH="18" VPOS="949" HPOS="551"/>
							<String ID="string_192" HPOS="569" VPOS="949" WIDTH="74" HEIGHT="22" WC="0.92" CONTENT="dessas"/><SP WIDTH="20" VPOS="949" HPOS="643"/>
							<String ID="string_193" HPOS="663" VPOS="949" WIDTH="128" HEIGHT="29" WC="0.96" CONTENT="skyldighet"/><SP WIDTH="16" VPOS="949" HPOS="791"/>
							<String ID="string_194" HPOS="807" VPOS="949" WIDTH="40" HEIGHT="22" WC="0.97" CONTENT="bör"/>
						</TextLine>
						<TextLine ID="line_24" HPOS="88" VPOS="981" WIDTH="758" HEIGHT="25">
							<String ID="string_195" HPOS="88" VPOS="982" WIDTH="38" HEIGHT="23" WC="0.93" CONTENT="det"/><SP WIDTH="15" VPOS="982" HPOS="126"/>
							<String ID="string_196" HPOS="141" VPOS="983" WIDTH="84" HEIGHT="22" WC="0.95" CONTENT="således"/><SP WIDTH="15" VPOS="983" HPOS="225"/>
							<String ID="string_197" HPOS="240" VPOS="983" WIDTH="7" HEIGHT="22" WC="0.96" CONTENT="i"/><SP WIDTH="16" VPOS="983" HPOS="247"/>
							<String ID="string_198" HPOS="263" VPOS="983" WIDTH="68" HEIGHT="22" WC="0.95" CONTENT="första"/><SP WIDTH="15" VPOS="983" HPOS="331"/>
							<String ID="string_199" HPOS="346" VPOS="986" WIDTH="92" HEIGHT="19" WC="0.96" CONTENT="rummet"/><SP WIDTH="14" VPOS="986" HPOS="438"/>
							<String ID="string_200" HPOS="452" VPOS="991" WIDTH="52" HEIGHT="14" WC="0.96" CONTENT="vara"/><SP WIDTH="15" VPOS="991" HPOS="504"/>
							<String ID="string_201" HPOS="519" VPOS="987" WIDTH="33" HEIGHT="18" WC="0.93" CONTENT="att"/><SP WIDTH="15" VPOS="987" HPOS="552"/>
							<String ID="string_202" HPOS="567" VPOS="984" WIDTH="58" HEIGHT="22" WC="0.96" CONTENT="förse"/><SP WIDTH="11" VPOS="984" HPOS="625"/>
							<String ID="string_203" HPOS="636" VPOS="982" WIDTH="150" HEIGHT="23" WC="0.96" CONTENT="universitetet"/><SP WIDTH="10" VPOS="982" HPOS="786"/>
							<String ID="string_204" HPOS="796" VPOS="981" WIDTH="50" HEIGHT="24" WC="0.96" CONTENT="med"/>
						</TextLine>
						<TextLine ID="line_25" HPOS="88" VPOS="1016" WIDTH="759" HEIGHT="31">
							<String ID="string_205" HPOS="88" VPOS="1016" WIDTH="28" HEIGHT="23" WC="0.92" CONTENT="de"/><SP WIDTH="15" VPOS="1016" HPOS="116"/>
							<String ID="string_206" HPOS="131" VPOS="1016" WIDTH="130" HEIGHT="23" WC="0.96" CONTENT="omnämnda"/><SP WIDTH="15" VPOS="1016" HPOS="261"/>
							<String ID="string_207" HPOS="276" VPOS="1016" WIDTH="108" HEIGHT="23" WC="0.93" CONTENT="särskilda"/><SP WIDTH="17" VPOS="1016" HPOS="384"/>
							<String ID="string_208" HPOS="401" VPOS="1017" WIDTH="111" HEIGHT="30" WC="0.95" CONTENT="bidragen."/><SP WIDTH="33" VPOS="1017" HPOS="512"/>
							<String ID="string_209" HPOS="545" VPOS="1017" WIDTH="55" HEIGHT="23" WC="0.93" CONTENT="Men"/><SP WIDTH="15" VPOS="1017" HPOS="600"/>
							<String ID="string_210" HPOS="615" VPOS="1017" WIDTH="152" HEIGHT="24" WC="0.96" CONTENT="universitetet"/><SP WIDTH="14" VPOS="1017" HPOS="767"/>
							<String ID="string_211" HPOS="781" VPOS="1016" WIDTH="23" HEIGHT="23" WC="0.95" CONTENT="är"/><SP WIDTH="15" VPOS="1016" HPOS="804"/>
							<String ID="string_212" HPOS="819" VPOS="1023" WIDTH="28" HEIGHT="16" WC="0.96" CONTENT="en"/>
						</TextLine>
						<TextLine ID="line_26" HPOS="89" VPOS="1050" WIDTH="758" HEIGHT="32">
							<String ID="string_213" HPOS="89" VPOS="1050" WIDTH="50" HEIGHT="23" WC="0.96" CONTENT="hela"/><SP WIDTH="17" VPOS="1050" HPOS="139"/>
							<String ID="string_214" HPOS="156" VPOS="1051" WIDTH="86" HEIGHT="22" WC="0.95" CONTENT="landets"/><SP WIDTH="19" VPOS="1051" HPOS="242"/>
							<String ID="string_215" HPOS="261" VPOS="1050" WIDTH="159" HEIGHT="30" WC="0.96" CONTENT="angelägenhet"/><SP WIDTH="18" VPOS="1050" HPOS="420"/>
							<String ID="string_216" HPOS="438" VPOS="1052" WIDTH="42" HEIGHT="21" WC="0.96" CONTENT="och"/><SP WIDTH="17" VPOS="1052" HPOS="480"/>
							<String ID="string_217" HPOS="497" VPOS="1053" WIDTH="39" HEIGHT="29" WC="0.93" CONTENT="jag"/><SP WIDTH="19" VPOS="1053" HPOS="536"/>
							<String ID="string_218" HPOS="555" VPOS="1055" WIDTH="46" HEIGHT="19" WC="0.93" CONTENT="tror"/><SP WIDTH="14" VPOS="1055" HPOS="601"/>
							<String ID="string_219" HPOS="615" VPOS="1051" WIDTH="86" HEIGHT="22" WC="0.93" CONTENT="derföre"/><SP WIDTH="15" VPOS="1051" HPOS="701"/>
							<String ID="string_220" HPOS="716" VPOS="1052" WIDTH="33" HEIGHT="21" WC="0.96" CONTENT="att"/><SP WIDTH="14" VPOS="1052" HPOS="749"/>
							<String ID="string_221" HPOS="763" VPOS="1057" WIDTH="36" HEIGHT="16" WC="0.93" CONTENT="om"/><SP WIDTH="15" VPOS="1057" HPOS="799"/>
							<String ID="string_222" HPOS="814" VPOS="1057" WIDTH="33" HEIGHT="16" WC="0.92" CONTENT="re-"/>
						</TextLine>
						<TextLine ID="line_27" HPOS="89" VPOS="1083" WIDTH="758" HEIGHT="32">
							<String ID="string_223" HPOS="89" VPOS="1085" WIDTH="104" HEIGHT="30" WC="0.90" CONTENT="geringen"/><SP WIDTH="22" VPOS="1085" HPOS="193"/>
							<String ID="string_224" HPOS="215" VPOS="1085" WIDTH="96" HEIGHT="22" WC="0.90" CONTENT="förelade"/><SP WIDTH="18" VPOS="1085" HPOS="311"/>
							<String ID="string_225" HPOS="329" VPOS="1085" WIDTH="85" HEIGHT="22" WC="0.92" CONTENT="landets"/><SP WIDTH="20" VPOS="1085" HPOS="414"/>
							<String ID="string_226" HPOS="434" VPOS="1086" WIDTH="88" HEIGHT="22" WC="0.92" CONTENT="ständer"/><SP WIDTH="18" VPOS="1086" HPOS="522"/>
							<String ID="string_227" HPOS="540" VPOS="1093" WIDTH="27" HEIGHT="16" WC="0.96" CONTENT="en"/><SP WIDTH="20" VPOS="1093" HPOS="567"/>
							<String ID="string_228" HPOS="587" VPOS="1084" WIDTH="128" HEIGHT="30" WC="0.96" CONTENT="fullständig"/><SP WIDTH="15" VPOS="1084" HPOS="715"/>
							<String ID="string_229" HPOS="730" VPOS="1083" WIDTH="117" HEIGHT="30" WC="0.94" CONTENT="utredning"/>
						</TextLine>
						<TextLine ID="line_28" HPOS="89" VPOS="1118" WIDTH="759" HEIGHT="31">
							<String ID="string_230" HPOS="89" VPOS="1118" WIDTH="75" HEIGHT="23" WC="0.91" CONTENT="derom"/><SP WIDTH="16" VPOS="1118" HPOS="164"/>
							<String ID="string_231" HPOS="180" VPOS="1122" WIDTH="32" HEIGHT="20" WC="0.93" CONTENT="att"/><SP WIDTH="13" VPOS="1122" HPOS="212"/>
							<String ID="string_232" HPOS="225" VPOS="1119" WIDTH="166" HEIGHT="29" WC="0.93" CONTENT="ifrägavarande"/><SP WIDTH="16" VPOS="1119" HPOS="391"/>
							<String ID="string_233" HPOS="407" VPOS="1119" WIDTH="79" HEIGHT="30" WC="0.91" CONTENT="bidrag"/><SP WIDTH="14" VPOS="1119" HPOS="486"/>
							<String ID="string_234" HPOS="500" VPOS="1120" WIDTH="7" HEIGHT="22" WC="0.93" CONTENT="i"/><SP WIDTH="16" VPOS="1120" HPOS="507"/>
							<String ID="string_235" HPOS="523" VPOS="1120" WIDTH="77" HEIGHT="29" WC="0.92" CONTENT="sjelfva"/><SP WIDTH="13" VPOS="1120" HPOS="600"/>
							<String ID="string_236" HPOS="613" VPOS="1120" WIDTH="76" HEIGHT="21" WC="0.93" CONTENT="verket"/><SP WIDTH="15" VPOS="1120" HPOS="689"/>
							<String ID="string_237" HPOS="704" VPOS="1119" WIDTH="39" HEIGHT="21" WC="0.93" CONTENT="äro"/><SP WIDTH="11" VPOS="1119" HPOS="743"/>
							<String ID="string_238" HPOS="754" VPOS="1119" WIDTH="35" HEIGHT="21" WC="0.93" CONTENT="för"/><SP WIDTH="11" VPOS="1119" HPOS="789"/>
							<String ID="string_239" HPOS="800" VPOS="1119" WIDTH="48" HEIGHT="22" WC="0.92" CONTENT="uni-"/>
						</TextLine>
						<TextLine ID="line_29" HPOS="89" VPOS="1152" WIDTH="758" HEIGHT="30">
							<String ID="string_240" HPOS="89" VPOS="1153" WIDTH="114" HEIGHT="23" WC="0.92" CONTENT="versitetet"/><SP WIDTH="21" VPOS="1153" HPOS="203"/>
							<String ID="string_241" HPOS="224" VPOS="1153" WIDTH="136" HEIGHT="29" WC="0.91" CONTENT="onmbärliga"/><SP WIDTH="23" VPOS="1153" HPOS="360"/>
							<String ID="string_242" HPOS="383" VPOS="1157" WIDTH="57" HEIGHT="19" WC="0.96" CONTENT="samt"/><SP WIDTH="19" VPOS="1157" HPOS="440"/>
							<String ID="string_243" HPOS="459" VPOS="1157" WIDTH="33" HEIGHT="19" WC="0.93" CONTENT="att"/><SP WIDTH="17" VPOS="1157" HPOS="492"/>
							<String ID="string_244" HPOS="509" VPOS="1155" WIDTH="142" HEIGHT="21" WC="0.92" CONTENT="statsverkets"/><SP WIDTH="18" VPOS="1155" HPOS="651"/>
							<String ID="string_245" HPOS="669" VPOS="1152" WIDTH="125" HEIGHT="23" WC="0.93" CONTENT="nuvarande"/><SP WIDTH="15" VPOS="1152" HPOS="794"/>
							<String ID="string_246" HPOS="809" VPOS="1154" WIDTH="38" HEIGHT="28" WC="0.93" CONTENT="pä-"/>
						</TextLine>
						<TextLine ID="line_30" HPOS="88" VPOS="1186" WIDTH="763" HEIGHT="31">
							<String ID="string_247" HPOS="88" VPOS="1188" WIDTH="98" HEIGHT="21" WC="0.95" CONTENT="räknade"/><SP WIDTH="21" VPOS="1188" HPOS="186"/>
							<String ID="string_248" HPOS="207" VPOS="1186" WIDTH="119" HEIGHT="24" WC="0.93" CONTENT="inkomster"/><SP WIDTH="22" VPOS="1186" HPOS="326"/>
							<String ID="string_249" HPOS="348" VPOS="1188" WIDTH="48" HEIGHT="22" WC="0.93" CONTENT="icke"/><SP WIDTH="23" VPOS="1188" HPOS="396"/>
							<String ID="string_250" HPOS="419" VPOS="1188" WIDTH="98" HEIGHT="29" WC="0.92" CONTENT="försloge"/><SP WIDTH="22" VPOS="1188" HPOS="517"/>
							<String ID="string_251" HPOS="539" VPOS="1188" WIDTH="34" HEIGHT="22" WC="0.93" CONTENT="till"/><SP WIDTH="19" VPOS="1188" HPOS="573"/>
							<String ID="string_252" HPOS="592" VPOS="1186" WIDTH="135" HEIGHT="24" WC="0.34" CONTENT="betäekande"/><SP WIDTH="18" VPOS="1186" HPOS="727"/>
							<String ID="string_253" HPOS="745" VPOS="1186" WIDTH="64" HEIGHT="22" WC="0.96" CONTENT="äfven"/><SP WIDTH="15" VPOS="1186" HPOS="809"/>
							<String ID="string_254" HPOS="824" VPOS="1186" WIDTH="27" HEIGHT="23" WC="0.97" CONTENT="af"/>
						</TextLine>
						<TextLine ID="line_31" HPOS="90" VPOS="1220" WIDTH="759" HEIGHT="32">
							<String ID="string_255" HPOS="90" VPOS="1220" WIDTH="60" HEIGHT="23" WC="0.91" CONTENT="detta"/><SP WIDTH="22" VPOS="1220" HPOS="150"/>
							<String ID="string_256" HPOS="172" VPOS="1221" WIDTH="75" HEIGHT="28" WC="0.91" CONTENT="behof,"/><SP WIDTH="23" VPOS="1221" HPOS="247"/>
							<String ID="string_257" HPOS="270" VPOS="1222" WIDTH="116" HEIGHT="22" WC="0.96" CONTENT="ständerna"/><SP WIDTH="23" VPOS="1222" HPOS="386"/>
							<String ID="string_258" HPOS="409" VPOS="1222" WIDTH="72" HEIGHT="22" WC="0.92" CONTENT="skulle"/><SP WIDTH="21" VPOS="1222" HPOS="481"/>
							<String ID="string_259" HPOS="502" VPOS="1222" WIDTH="45" HEIGHT="23" WC="0.96" CONTENT="låta"/><SP WIDTH="18" VPOS="1222" HPOS="547"/>
							<String ID="string_260" HPOS="565" VPOS="1222" WIDTH="35" HEIGHT="30" WC="0.93" CONTENT="sig"/><SP WIDTH="19" VPOS="1222" HPOS="600"/>
							<String ID="string_261" HPOS="619" VPOS="1220" WIDTH="116" HEIGHT="31" WC="0.96" CONTENT="angeläget"/><SP WIDTH="14" VPOS="1220" HPOS="735"/>
							<String ID="string_262" HPOS="749" VPOS="1228" WIDTH="52" HEIGHT="15" WC="0.96" CONTENT="vara"/><SP WIDTH="15" VPOS="1228" HPOS="801"/>
							<String ID="string_263" HPOS="816" VPOS="1223" WIDTH="33" HEIGHT="20" WC="0.96" CONTENT="att"/>
						</TextLine>
						<TextLine ID="line_32" HPOS="90" VPOS="1254" WIDTH="759" HEIGHT="31">
							<String ID="string_264" HPOS="90" VPOS="1254" WIDTH="76" HEIGHT="24" WC="0.86" CONTENT="anvisa"/><SP WIDTH="22" VPOS="1254" HPOS="166"/>
							<String ID="string_265" HPOS="188" VPOS="1255" WIDTH="70" HEIGHT="23" WC="0.96" CONTENT="medel"/><SP WIDTH="22" VPOS="1255" HPOS="258"/>
							<String ID="string_266" HPOS="280" VPOS="1256" WIDTH="34" HEIGHT="22" WC="0.93" CONTENT="till"/><SP WIDTH="20" VPOS="1256" HPOS="314"/>
							<String ID="string_267" HPOS="334" VPOS="1256" WIDTH="139" HEIGHT="22" WC="0.96" CONTENT="bestridande"/><SP WIDTH="20" VPOS="1256" HPOS="473"/>
							<String ID="string_268" HPOS="493" VPOS="1257" WIDTH="26" HEIGHT="21" WC="0.96" CONTENT="af"/><SP WIDTH="15" VPOS="1257" HPOS="519"/>
							<String ID="string_269" HPOS="534" VPOS="1255" WIDTH="27" HEIGHT="23" WC="0.96" CONTENT="de"/><SP WIDTH="19" VPOS="1255" HPOS="561"/>
							<String ID="string_270" HPOS="580" VPOS="1257" WIDTH="96" HEIGHT="28" WC="0.93" CONTENT="utgifter,"/><SP WIDTH="19" VPOS="1257" HPOS="676"/>
							<String ID="string_271" HPOS="695" VPOS="1255" WIDTH="90" HEIGHT="22" WC="0.93" CONTENT="hvarför"/><SP WIDTH="18" VPOS="1255" HPOS="785"/>
							<String ID="string_272" HPOS="803" VPOS="1255" WIDTH="46" HEIGHT="22" WC="0.89" CONTENT="för-"/>
						</TextLine>
						<TextLine ID="line_33" HPOS="91" VPOS="1288" WIDTH="758" HEIGHT="32">
							<String ID="string_273" HPOS="91" VPOS="1288" WIDTH="93" HEIGHT="23" WC="0.92" CONTENT="berörda"/><SP WIDTH="18" VPOS="1288" HPOS="184"/>
							<String ID="string_274" HPOS="202" VPOS="1290" WIDTH="64" HEIGHT="29" WC="0.92" CONTENT="afgift"/><SP WIDTH="18" VPOS="1290" HPOS="266"/>
							<String ID="string_275" HPOS="284" VPOS="1297" WIDTH="28" HEIGHT="15" WC="0.93" CONTENT="nu"/><SP WIDTH="16" VPOS="1297" HPOS="312"/>
							<String ID="string_276" HPOS="328" VPOS="1293" WIDTH="61" HEIGHT="27" WC="0.93" CONTENT="tages"/><SP WIDTH="16" VPOS="1293" HPOS="389"/>
							<String ID="string_277" HPOS="405" VPOS="1290" WIDTH="7" HEIGHT="22" WC="0.93" CONTENT="i"/><SP WIDTH="16" VPOS="1290" HPOS="412"/>
							<String ID="string_278" HPOS="428" VPOS="1290" WIDTH="102" HEIGHT="29" WC="0.88" CONTENT="anspräk."/><SP WIDTH="37" VPOS="1290" HPOS="530"/>
							<String ID="string_279" HPOS="567" VPOS="1289" WIDTH="33" HEIGHT="23" WC="0.88" CONTENT="Pä"/><SP WIDTH="15" VPOS="1289" HPOS="600"/>
							<String ID="string_280" HPOS="615" VPOS="1289" WIDTH="71" HEIGHT="31" WC="0.96" CONTENT="grund"/><SP WIDTH="16" VPOS="1289" HPOS="686"/>
							<String ID="string_281" HPOS="702" VPOS="1289" WIDTH="25" HEIGHT="22" WC="0.93" CONTENT="af"/><SP WIDTH="12" VPOS="1289" HPOS="727"/>
							<String ID="string_282" HPOS="739" VPOS="1288" WIDTH="57" HEIGHT="22" WC="0.93" CONTENT="hvad"/><SP WIDTH="13" VPOS="1288" HPOS="796"/>
							<String ID="string_283" HPOS="809" VPOS="1288" WIDTH="40" HEIGHT="30" WC="0.97" CONTENT="jag"/>
						</TextLine>
						<TextLine ID="line_34" HPOS="89" VPOS="1322" WIDTH="760" HEIGHT="32">
							<String ID="string_284" HPOS="89" VPOS="1330" WIDTH="29" HEIGHT="15" WC="0.92" CONTENT="nu"/><SP WIDTH="17" VPOS="1330" HPOS="118"/>
							<String ID="string_285" HPOS="135" VPOS="1324" WIDTH="46" HEIGHT="22" WC="0.92" CONTENT="haft"/><SP WIDTH="15" VPOS="1324" HPOS="181"/>
							<String ID="string_286" HPOS="196" VPOS="1324" WIDTH="50" HEIGHT="22" WC="0.96" CONTENT="äran"/><SP WIDTH="16" VPOS="1324" HPOS="246"/>
							<String ID="string_287" HPOS="262" VPOS="1324" WIDTH="86" HEIGHT="28" WC="0.93" CONTENT="anföra,"/><SP WIDTH="19" VPOS="1324" HPOS="348"/>
							<String ID="string_288" HPOS="367" VPOS="1324" WIDTH="81" HEIGHT="22" WC="0.96" CONTENT="tillåter"/><SP WIDTH="12" VPOS="1324" HPOS="448"/>
							<String ID="string_289" HPOS="460" VPOS="1326" WIDTH="39" HEIGHT="28" WC="0.96" CONTENT="jag"/><SP WIDTH="16" VPOS="1326" HPOS="499"/>
							<String ID="string_290" HPOS="515" VPOS="1324" WIDTH="45" HEIGHT="30" WC="0.96" CONTENT="mig"/><SP WIDTH="15" VPOS="1324" HPOS="560"/>
							<String ID="string_291" HPOS="575" VPOS="1327" WIDTH="32" HEIGHT="19" WC="0.94" CONTENT="att"/><SP WIDTH="13" VPOS="1327" HPOS="607"/>
							<String ID="string_292" HPOS="620" VPOS="1323" WIDTH="33" HEIGHT="23" WC="0.93" CONTENT="till"/><SP WIDTH="16" VPOS="1323" HPOS="653"/>
							<String ID="string_293" HPOS="669" VPOS="1322" WIDTH="116" HEIGHT="29" WC="0.91" CONTENT="vällofliga"/><SP WIDTH="14" VPOS="1322" HPOS="785"/>
							<String ID="string_294" HPOS="799" VPOS="1322" WIDTH="50" HEIGHT="22" WC="0.76" CONTENT="bor-"/>
						</TextLine>
						<TextLine ID="line_35" HPOS="90" VPOS="1354" WIDTH="759" HEIGHT="33">
							<String ID="string_295" HPOS="90" VPOS="1357" WIDTH="150" HEIGHT="29" WC="0.92" CONTENT="gareständets"/><SP WIDTH="19" VPOS="1357" HPOS="240"/>
							<String ID="string_296" HPOS="259" VPOS="1358" WIDTH="149" HEIGHT="28" WC="0.92" CONTENT="bepröfvande"/><SP WIDTH="16" VPOS="1358" HPOS="408"/>
							<String ID="string_297" HPOS="424" VPOS="1359" WIDTH="125" HEIGHT="28" WC="0.75" CONTENT="hemställa,"/><SP WIDTH="15" VPOS="1359" HPOS="549"/>
							<String ID="string_298" HPOS="564" VPOS="1366" WIDTH="35" HEIGHT="15" WC="0.96" CONTENT="om"/><SP WIDTH="16" VPOS="1366" HPOS="599"/>
							<String ID="string_299" HPOS="615" VPOS="1357" WIDTH="41" HEIGHT="23" WC="0.96" CONTENT="och"/><SP WIDTH="15" VPOS="1357" HPOS="656"/>
							<String ID="string_300" HPOS="671" VPOS="1358" WIDTH="8" HEIGHT="22" WC="0.93" CONTENT="i"/><SP WIDTH="15" VPOS="1358" HPOS="679"/>
							<String ID="string_301" HPOS="694" VPOS="1356" WIDTH="90" HEIGHT="23" WC="0.93" CONTENT="hvilken"/><SP WIDTH="14" VPOS="1356" HPOS="784"/>
							<String ID="string_302" HPOS="798" VPOS="1354" WIDTH="51" HEIGHT="24" WC="0.35" CONTENT="ord-"/>
						</TextLine>
						<TextLine ID="line_36" HPOS="89" VPOS="1388" WIDTH="760" HEIGHT="34">
							<String ID="string_303" HPOS="89" VPOS="1390" WIDTH="55" HEIGHT="29" WC="0.95" CONTENT="ning"/><SP WIDTH="21" VPOS="1390" HPOS="144"/>
							<String ID="string_304" HPOS="165" VPOS="1390" WIDTH="28" HEIGHT="23" WC="0.96" CONTENT="de"/><SP WIDTH="23" VPOS="1390" HPOS="193"/>
							<String ID="string_305" HPOS="216" VPOS="1391" WIDTH="38" HEIGHT="22" WC="0.96" CONTENT="här"/><SP WIDTH="22" VPOS="1391" HPOS="254"/>
							<String ID="string_306" HPOS="276" VPOS="1391" WIDTH="94" HEIGHT="23" WC="0.90" CONTENT="nämnda"/><SP WIDTH="22" VPOS="1391" HPOS="370"/>
							<String ID="string_307" HPOS="392" VPOS="1392" WIDTH="201" HEIGHT="30" WC="0.21" CONTENT="jindustrigrenarne"/><SP WIDTH="18" VPOS="1392" HPOS="593"/>
							<String ID="string_308" HPOS="611" VPOS="1391" WIDTH="74" HEIGHT="23" WC="0.93" CONTENT="kunde"/><SP WIDTH="19" VPOS="1391" HPOS="685"/>
							<String ID="string_309" HPOS="704" VPOS="1389" WIDTH="81" HEIGHT="24" WC="0.96" CONTENT="befrias"/><SP WIDTH="14" VPOS="1389" HPOS="785"/>
							<String ID="string_310" HPOS="799" VPOS="1388" WIDTH="50" HEIGHT="24" WC="0.96" CONTENT="från"/>
						</TextLine>
						<TextLine ID="line_37" HPOS="90" VPOS="1424" WIDTH="760" HEIGHT="32">
							<String ID="string_311" HPOS="90" VPOS="1424" WIDTH="144" HEIGHT="24" WC="0.92" CONTENT="omförmälda"/><SP WIDTH="19" VPOS="1424" HPOS="234"/>
							<String ID="string_312" HPOS="253" VPOS="1426" WIDTH="139" HEIGHT="30" WC="0.95" CONTENT="beskattning"/><SP WIDTH="16" VPOS="1426" HPOS="392"/>
							<String ID="string_313" HPOS="408" VPOS="1430" WIDTH="56" HEIGHT="20" WC="0.93" CONTENT="samt"/><SP WIDTH="16" VPOS="1430" HPOS="464"/>
							<String ID="string_314" HPOS="480" VPOS="1427" WIDTH="97" HEIGHT="23" WC="0.93" CONTENT="anhåller"/><SP WIDTH="15" VPOS="1427" HPOS="577"/>
							<String ID="string_315" HPOS="592" VPOS="1424" WIDTH="138" HEIGHT="26" WC="0.91" CONTENT="fördenskull"/><SP WIDTH="15" VPOS="1424" HPOS="730"/>
							<String ID="string_316" HPOS="745" VPOS="1427" WIDTH="32" HEIGHT="20" WC="0.93" CONTENT="att"/><SP WIDTH="14" VPOS="1427" HPOS="777"/>
							<String ID="string_317" HPOS="791" VPOS="1424" WIDTH="59" HEIGHT="23" WC="0.66" CONTENT="stäne"/>
						</TextLine>
					</TextBlock>
				</ComposedBlock>
				<GraphicalElement ID="cblock_2" HPOS="984" VPOS="631" WIDTH="8" HEIGHT="526"></GraphicalElement >
			</PrintSpace>
		</Page>
	</Layout>
</alto>
