992 1725
169 117 27 21 70

140 179 117 21 Frenckell
276 180 91 26 afträdt,
391 180 51 21 fann
459 180 96 27 ståndet,
579 180 54 21 efter
647 179 70 22 skedd
733 180 168 29 öfverläggning

140 214 7 20 i
167 214 82 27 ämnet,
272 214 50 21 herr
342 213 132 29 Tengström
492 214 68 21 hafva
579 214 107 22 föreburit
706 214 78 29 giltiga
803 213 48 22 skäl
867 214 34 21 för

140 248 34 21 sin
194 247 95 29 begäran
308 250 32 19 att
355 248 49 21 icke
419 251 61 19 utses
495 248 34 21 till
544 248 96 22 ledamot
655 248 7 21 i
677 247 224 29 expeditionsutskot-

140 284 42 25 tet,
197 281 113 22 hvaremot
326 282 88 22 ståndet
428 282 68 29 ansåg
511 283 36 28 sig
561 282 49 22 icke
625 282 74 22 kunna
713 282 118 29 godkänna
842 282 58 21 hvad

140 315 28 22 de
188 316 70 28 öfrige
277 316 35 21 för
330 317 35 28 sig
384 317 7 20 i
411 317 78 21 sådant
503 317 102 21 afseende
621 317 82 27 anfört,
719 317 42 21 och
776 317 124 22 bestämdes

141 349 84 22 således
240 353 53 18 utan
309 350 96 29 lottning
420 351 75 21 herrar
507 345 128 34 Öhrnberg,
647 350 107 22 Thermén
767 351 41 21 och
819 350 82 22 Frenc-

140 384 45 21 kell
205 387 31 18 att
255 392 53 13 vara
326 385 121 21 ledamöter
464 385 8 21 i
490 385 93 22 berörde
598 385 93 26 utskott;
714 392 35 14 om
765 384 84 22 hvilket
864 385 36 21 be-

141 418 44 21 slut
200 418 63 22 desse
279 421 57 18 samt
350 419 50 20 herr
416 418 141 30 Tengström,
573 419 66 22 sedan
655 419 27 21 de
694 419 73 21 blifvit
779 419 120 27 inkallade,

142 453 83 20 erhöllo
241 452 165 22 underrättelse.

210 491 65 22 Efter
297 500 27 13 en
347 493 65 20 stund
436 492 111 23 anmäldes
567 495 32 19 att
617 493 74 21 herrar
709 493 107 21 elektorer
834 493 65 21 äfven

141 526 116 21 verkställt
275 526 36 21 val
330 527 24 21 af
370 527 140 28 suppleanter
524 527 32 20 uti
571 527 166 28 ifrågavarande
752 527 37 21 två
803 527 96 25 utskott;

142 560 40 22 och
199 560 73 22 blefvo
288 561 49 21 med
354 561 80 29 högsta
448 561 90 21 röstetal
554 561 74 21 herrar
643 561 118 29 Bergstedt
776 561 42 21 och
828 560 71 22 Malm

141 594 91 22 utsedde
254 595 34 21 till
308 595 140 28 suppleanter
467 595 7 21 i
494 595 97 21 ståndets
606 595 93 21 enskilta
715 596 183 26 besvärsutskott,

141 631 57 19 samt
212 628 50 22 herr
277 628 83 22 Hildén
376 629 32 21 till
425 629 116 29 suppleant
555 630 8 20 i
579 629 250 28 expeditionsutskottet.

211 668 128 28 Läsningen
356 669 24 21 af
392 668 165 22 senastberörde
572 668 81 30 nådiga
668 669 136 29 proposition
819 677 36 13 n:o
872 670 26 20 12

143 702 87 29 bragtes
248 702 54 22 härå
321 702 33 22 till
374 703 54 27 slut,
450 702 52 22 derå
521 703 164 28 propositionen
700 703 149 22 remitterades
865 703 33 21 till

142 736 151 29 lagutskottet.

211 776 157 22 Antecknades
392 780 31 18 att
446 777 42 21 den
506 778 7 20 i
532 777 76 28 början
627 777 24 21 af
667 777 112 21 sessionen
797 776 101 22 beslutna

142 810 156 28 deputationen
319 810 33 22 till
368 810 141 22 medstånden
525 811 55 21 hade
596 811 70 28 afgått
681 810 40 22 och
738 818 28 13 nu
782 810 116 22 återvände

142 844 49 22 med
207 844 107 22 förmälan
330 848 32 18 att
376 845 155 28 deputationen
547 844 73 23 träffat
635 844 90 23 stånden
740 846 7 20 i
759 845 62 22 deras
833 844 65 29 plena

142 879 41 20 och
200 879 40 21 hos
256 879 49 21 dem
322 880 68 20 utfört
405 879 37 21 sitt
458 879 107 29 uppdrag.

210 919 89 22 Ankom
315 927 25 13 en
357 920 127 27 deputation
500 919 47 22 från
563 919 121 29 högloflige
695 918 151 28 ridderskapet
857 919 41 20 och

142 952 74 27 adeln,
233 953 77 21 anförd
326 954 25 20 af
365 953 49 22 herr
429 953 116 22 statsrådet
560 961 44 14 von
619 953 70 27 Born,
703 960 47 14 som
761 953 40 28 gaf
811 953 86 21 tillkän-

141 994 28 14 na
185 990 31 18 att
232 987 99 22 bemälde
347 987 64 21 stånd
427 987 70 21 funnit
512 987 55 29 godt
581 987 69 22 befria
665 987 49 21 herr
729 987 75 28 grefve
817 985 81 23 Creutz

142 1021 47 20 från
205 1021 37 22 det
259 1021 80 21 honom
356 1021 61 29 gifna
431 1021 100 29 uppdrag
547 1024 31 18 att
593 1029 52 14 vara
661 1021 115 28 suppleant
787 1021 6 20 i
806 1021 93 21 bankut-

141 1054 83 22 skottet
240 1059 56 18 samt
311 1056 6 20 i
334 1056 102 28 grefvens
452 1056 63 21 ställe
530 1055 73 22 dertill
618 1058 67 19 utsett
696 1055 49 21 herr
757 1055 89 21 friherre
858 1054 40 21 Hi-

141 1088 83 29 singer;
241 1089 51 22 derå
307 1089 157 28 deputationen
480 1090 25 21 af
517 1089 49 22 herr
580 1090 122 21 talmannen
715 1089 130 22 betackades
857 1089 42 20 och

142 1123 107 22 afträdde.

210 1164 104 21 Härefter
326 1164 130 29 föredrogos
469 1164 96 28 följande
576 1164 62 22 Hans
650 1164 125 28 Kejserliga
783 1163 116 29 Majestäts

140 1196 81 29 nådiga
236 1198 170 27 propositioner,
422 1198 119 28 nemligen:

209 1236 45 22 N:o
272 1237 37 28 13)
332 1238 113 28 angående
461 1238 122 28 antagande
599 1238 24 21 af
635 1246 26 13 en
677 1238 129 28 författning
821 1245 35 13 om
867 1238 32 20 af-

140 1270 114 22 skaffande
273 1272 25 20 af
311 1272 59 20 vissa
385 1271 140 22 härförinnan
541 1272 98 28 nyttjade
655 1271 64 22 straff
731 1271 41 21 och
787 1271 64 22 deras
867 1279 32 13 er-

140 1304 100 22 sättande
256 1305 122 22 tillsvidare
393 1313 79 21 genom
488 1306 68 21 andra
571 1306 125 27 straffarter,
712 1308 56 19 samt
783 1306 24 20 af
815 1313 26 13 en
854 1306 45 20 för-

140 1338 94 30 ordning
251 1347 34 13 om
302 1340 167 28 verkställighet
484 1341 25 21 af
521 1340 146 22 frihetsstraff.

208 1379 162 22 Remitterades
386 1380 34 20 till
435 1380 150 28 lagutskottet.

208 1418 46 22 N:o
274 1420 37 27 14)
338 1426 34 14 om
396 1420 123 29 antagande
542 1420 25 22 af
587 1428 26 14 en
636 1419 129 29 författning
788 1418 112 29 angående
