992 1725
177 123 41 24 258

148 188 38 22 det
203 188 8 21 i
229 187 101 23 afseende
346 188 12 21 &
374 186 88 30 frågans
478 186 121 30 beredning
615 187 6 21 i
636 185 40 23 här
691 186 78 29 antydt
785 187 57 29 syfte
857 188 52 21 ville

149 222 111 22 remittera
274 222 127 22 densamma
415 222 34 21 till
464 221 98 22 ständets
578 221 100 22 enskilda
693 222 104 20 utskott.”

149 263 48 15 som
212 256 124 28 upplästes,
351 256 53 22 derä

219 291 58 21 Herr
293 290 148 23 Wesander
458 290 53 22 ville
529 291 68 21 hafva
613 289 110 28 anmärkt,
739 292 32 19 att
787 290 41 22 den
844 291 7 20 i
866 297 44 14 me-

149 325 100 22 morialet
264 325 131 21 omnämnda
406 325 171 28 exportafgiften
589 325 63 21 äfven
665 324 87 21 derföre
763 332 52 13 vore
827 325 83 28 olämp-

149 359 33 29 lig
204 361 32 19 att
257 359 127 22 densamma
406 361 15 18 t.
437 366 33 14 ex.
486 359 37 21 vid
542 359 152 28 utskeppning
714 359 25 20 af
753 358 94 29 plankor
868 358 41 22 och

149 393 79 22 bräder
248 393 113 29 utgjordes
380 393 33 21 till
432 393 46 21 lika
492 392 81 29 belopp
589 393 34 21 för
638 392 87 27 tolften,
742 395 51 18 utan
808 392 101 23 afseende

150 427 13 22 å
178 435 78 13 varans
272 428 70 20 större
357 427 53 21 eller
425 426 82 22 mindre
523 427 154 21 dimensioner.
709 425 91 22 Talaren
813 426 96 29 föreslog

149 461 77 21 remiss
242 461 25 21 af
279 461 121 28 petitionen
415 461 34 21 till
464 461 97 21 ständets
574 459 184 28 besvärsutskott,
771 460 82 23 hvilket
866 461 43 21 för-

150 495 59 28 slag,
224 495 28 28 pä
268 495 50 21 herr
333 495 135 21 talmannens
484 495 8 21 i
503 495 98 28 enlighet
611 494 89 23 dermed
713 494 136 22 framställda
859 501 50 22 pro-

150 529 108 28 position,
273 529 65 22 äfven
354 529 24 21 af
390 529 87 22 ständet
491 529 82 22 bifölls.

219 561 119 25 Sessionen
353 563 115 29 upphörde
484 563 94 22 klockan
595 563 48 23 half
656 563 34 22 till
706 565 37 20 ett.

709 599 21 16 In
743 598 62 17 fidem:
836 622 1 3 —

610 623 94 25 Sixtus
720 624 159 25 Calamnius.

326 770 128 33 Fredagen
474 770 47 26 den
539 771 34 24 20
592 771 137 25 november

150 810 95 26 klockan
268 814 59 22 elfva
345 814 47 22 före
411 814 115 29 middagen
545 814 176 22 sammanträdde
735 815 8 21 i
759 815 150 28 borgarestäti=

150 849 38 22 det
210 849 33 22 till
265 849 88 28 plenum
375 848 98 22 ständets
495 848 100 29 samtlige
613 849 148 27 medlemmar,
780 852 59 18 utom
859 849 48 22 heart

150 883 181 28 Sneckenström,
354 890 47 15 som
420 883 49 22 med
489 883 96 22 ständets
602 883 131 29 begifvande
748 891 39 13 var
803 883 46 22 frän
865 887 43 18 sta-

150 917 42 22 den
216 918 104 27 bortrest,
342 917 50 22 herr
412 917 125 27 Hackman,
560 918 34 21 för
613 918 89 21 hvilken
721 915 186 30 sjukdomsförfall

150 952 112 27 anmältes,
278 954 56 19 samt
349 951 75 22 herrar
437 949 107 24 Candelin
557 952 42 21 och
613 951 143 27 Grundfeldt,
768 951 75 22 hvilka
854 959 55 21 upp-

149 985 70 29 lystes
234 993 52 14 vara
302 986 24 21 af
338 985 100 22 enskilda
452 986 183 29 angelägenheter
652 986 34 21 för
702 993 26 14 en
743 985 65 22 stund
820 985 87 23 hindras

149 1020 27 21 de
192 1023 33 18 att
240 1020 34 29 sig
289 1020 87 21 infinna,

219 1053 43 22 Till
275 1054 110 29 justering
399 1054 113 28 upplästes
527 1054 97 23 ständets
636 1053 171 30 pleniprotokoll
821 1054 34 21 för
866 1054 41 22 den

151 1087 26 22 13
193 1087 88 22 dennes.

218 1121 114 22 Anmältes
351 1122 41 21 och
408 1124 107 27 emottogs
531 1129 26 15 en
573 1121 127 30 deputation
716 1121 47 22 från
779 1122 129 21 bondestän:

148 1156 48 27 det,
219 1156 79 22 anförd
320 1156 25 22 af
364 1157 123 21 ledamoten
508 1156 117 28 Puhakka,
650 1164 48 14 som
721 1156 136 22 meddelade:
877 1159 31 19 att

148 1187 160 25 bondeständet
330 1191 29 27 pä
382 1190 75 22 derom
480 1192 25 20 af
520 1191 247 28 expeditionsutskottet
786 1191 123 21 framstäldt

148 1224 94 28 förslag,
258 1225 33 21 för
306 1224 34 22 gin
355 1224 35 22 del
406 1225 99 27 beslutit,
520 1228 31 18 att
566 1225 42 21 den
624 1223 151 29 underdäniga
786 1224 123 29 ansökning

148 1264 36 14 om
206 1258 142 28 förlängning
370 1259 25 21 af
415 1258 144 29 landtdagen,
582 1258 104 22 hvarmed
706 1258 115 22 ständerne
841 1258 68 29 enligt

148 1291 80 21 fattadt
244 1292 70 21 beslut
330 1292 86 21 komma
432 1295 32 19 att
480 1292 32 21 till
528 1292 62 22 Hans
606 1292 107 29 Majestät
727 1291 107 29 Kejsaren
849 1292 59 28 ingä,

148 1325 72 21 skulle
236 1326 67 28 jemte
322 1326 94 22 särskild
436 1326 115 22 skrifvelse
571 1326 144 22 öfversändas
733 1326 34 20 till
783 1326 48 20 herr
847 1326 62 20 mini-

148 1360 250 22 sterstatssekreteraren
415 1361 35 21 för
464 1363 33 19 att
511 1368 79 21 genom
606 1361 81 21 honom
700 1360 138 28 föredragas;
853 1362 56 19 samt

146 1396 33 18 att
201 1393 159 22 bondeständet
383 1394 86 22 förenat
491 1394 34 29 sig
546 1395 8 21 i
576 1394 27 22 de
622 1395 74 27 öfriga
715 1393 102 22 ständens
837 1394 71 21 beslut

146 1426 86 30 derom,
249 1431 32 18 att
296 1428 27 22 de
338 1428 24 21 af
374 1428 94 23 ständen
485 1431 93 27 antagna
594 1428 265 29 tacksägelseadresserna
875 1427 33 22 till
