992 1725
780 127 39 22 189

89 190 75 25 alltför
179 190 134 30 otillräcklig
328 190 42 22 och
385 193 120 19 motsvarar
521 189 49 23 icke
585 190 38 22 sitt
635 189 100 23 ändamål
748 193 51 19 utan
811 190 38 30 på-

88 226 72 23 kallar
185 226 147 28 ovilkorligen
358 225 130 29 utvidgning
511 231 36 15 om
569 224 126 22 densamma
719 224 58 22 skall
799 225 50 22 fullt

88 262 99 21 medföra
202 260 42 22 den
259 263 62 26 nytta
336 259 41 21 och
394 258 69 22 fördel
479 258 88 22 dermed
583 258 100 30 åsyftats.

157 294 55 22 Man
231 295 39 20 har
290 293 110 22 allaredun
419 293 142 22 härförinnan
579 300 80 22 genom
675 293 50 22 herr
741 293 108 28 biskopen

88 329 42 21 och
153 329 38 21 det
208 328 137 29 högvördiga
364 327 144 28 domkapitlet
526 327 7 22 i
549 327 90 28 Kuopio
655 327 51 22 sökt
720 331 33 18 att
767 327 23 22 få
806 327 43 22 bri-

88 366 48 19 sten
155 363 7 20 i
181 361 141 22 förenämnde
340 362 64 21 skola
422 361 93 29 afhjelpt
534 361 41 22 och
594 361 72 22 denna
680 361 169 30 läroinrättning

88 396 107 29 utvidgad
218 396 48 21 med
289 404 26 13 en
334 396 59 21 klass
412 395 42 22 och
473 395 49 22 med
537 395 142 30 erforderligt
694 395 59 22 antal
768 395 81 22 lärare-

89 430 103 29 personal
211 430 103 27 förökad,
333 437 48 14 men
397 433 51 18 utan
465 430 124 29 framgäng;
605 437 49 14 men
669 429 52 22 enär
736 437 28 14 nu
781 429 68 30 nädig

88 465 139 28 proposition
242 464 27 23 de
284 463 131 23 församlade
430 463 176 22 landtständerne
618 464 106 29 förelagts
737 472 35 14 om
784 465 64 28 gvin-

88 506 40 15 nas
147 499 129 29 myndighet
293 498 41 22 och
353 498 43 21 hon
416 498 95 27 säledes,
530 505 35 14 om
581 496 60 23 detta
656 499 80 28 nädiga
752 499 97 29 förslag,

88 539 48 16 som
158 540 50 14 man
226 533 49 21 med
294 532 38 22 allt
350 532 47 21 skäl
414 532 42 21 kan
472 535 89 26 antaga,
577 533 148 28 genomföres,
742 533 107 22 belöfver

89 566 40 22 allt
150 574 60 14 mera
227 567 93 21 vetande
338 568 26 20 än
385 568 58 21 förut
458 569 57 19 samt
529 565 30 23 dä
573 566 72 30 nägon
662 574 69 14 annan
748 567 99 22 fruntim-

89 602 121 21 mersskola
232 602 6 20 i
261 601 71 22 denna
350 602 100 28 aflägsna
468 602 40 20 och
528 601 136 22 vidsträckta
682 601 100 21 landsort
797 601 50 22 icke

88 636 70 22 finnes
177 636 28 28 pä
219 636 98 21 närmare
332 636 27 21 än
376 636 110 21 trettiotvå
501 636 50 21 mils
566 636 98 25 afständ;
683 635 64 22 alltså
762 634 41 22 och
819 635 30 29 pä

88 668 39 23 det
142 673 74 19 ortens
231 668 130 23 innevånare
376 670 48 21 icke
440 670 65 21 måtte
521 678 53 13 vara
586 670 121 22 föranlätne
719 672 42 25 att,
775 668 73 24 såsom

88 702 79 23 hittills
182 704 66 27 skett,
264 704 90 22 afsända
368 704 48 21 sina
431 704 53 21 barn
499 704 63 29 långt
577 703 55 23 ifrån
649 704 94 22 hemmet
758 703 41 22 och
812 703 35 22 till

88 738 100 21 utlandet
209 738 35 22 för
265 738 63 22 deras
350 738 74 22 vidare
443 739 140 27 uppfostran,
603 739 24 21 är
645 738 44 22 min
708 737 140 23 vördsamma

88 772 102 22 anhållan
213 775 31 19 att
266 772 37 22 det
325 773 113 27 välloflige
462 772 179 29 borgareständet
662 772 8 22 i
689 772 157 29 sammanhang

88 806 50 22 med
153 806 27 22 de
196 805 138 23 härförinnan
350 807 34 21 till
400 806 86 22 ständet
500 807 104 21 inkomna
615 806 102 23 särskilte
729 806 118 29 petitioner

89 848 35 13 om
144 839 113 23 läroverks
276 841 122 21 inrättande
414 839 41 23 och
471 840 144 30 utvidgande,
630 841 94 28 benäget
739 840 52 22 ville
807 840 40 22 hos

88 872 63 24 Ilans
174 874 125 30 Kejserliga
320 875 104 29 Majestät
442 875 8 21 i
469 875 174 29 underdänighet
661 875 81 29 begära
761 881 36 15 om
815 877 33 19 att

88 908 225 23 fruntimmersskolan
329 909 7 22 i
351 909 115 30 Uleåborg
480 909 73 22 kunde
568 909 103 30 utvidgas
687 909 41 22 och
743 908 51 23 fullt
808 909 39 22 än-

87 943 155 29 damälsenligt
256 944 157 28 organiseras.”

158 977 50 21 Och
227 977 82 22 beslöts
328 977 38 22 det
384 978 70 21 skulle
474 978 133 21 memorialet
621 977 110 22 meddelas
748 977 99 22 ständets

87 1011 102 22 enskilda
205 1011 182 29 besvärsutskott,
403 1012 33 21 till
452 1012 65 22 hvars
533 1011 133 30 behandling
681 1012 42 21 den
738 1011 109 29 muntliga

87 1045 187 30 framställningen
290 1046 24 21 af
328 1046 76 29 frågan
419 1046 68 22 redan
502 1047 137 21 remitterats.

156 1083 58 24 Herr
232 1085 151 22 talmannen
407 1086 104 29 föredrog
529 1094 28 14 nu
577 1086 37 22 det
631 1086 80 29 utdrag
729 1092 26 15 ur
770 1084 77 23 heder-

87 1119 68 22 värda
174 1118 170 24 bondeständets
363 1119 111 30 protokoll
494 1120 33 23 för
543 1118 41 25 den
604 1120 25 22 16
645 1121 92 26 dennes,
753 1120 95 28 angäen-

86 1153 28 23 de
133 1154 135 22 utverkande
286 1155 24 21 af
326 1155 134 22 inhibitorial
478 1159 58 18 emot
551 1152 75 25 vidare
641 1154 183 30 tvångsåtgärder
839 1153 8 23 i

86 1188 102 22 afseende
206 1188 14 22 å
238 1189 136 28 uppförande
394 1191 24 19 af
431 1188 138 30 knektetorp,
585 1197 46 15 som
647 1190 37 21 vid
700 1191 86 20 senaste
801 1195 46 15 ses-

85 1222 49 22 sion
150 1222 74 22 blifvit
239 1222 33 22 till
288 1222 179 29 borgareståndet
483 1224 164 22 öfverlemnadt.

156 1260 58 23 Herr
229 1262 159 28 Tengström
404 1262 68 31 ansåg
488 1262 71 23 denna
575 1263 62 29 fråga
652 1262 17 29 ej
687 1262 54 22 böra
753 1261 94 23 föranle-

86 1296 28 21 da
132 1296 34 21 till
184 1296 72 28 någon
276 1297 78 27 åtgärd
370 1298 24 20 af
407 1298 190 28 borgareståndet,
616 1297 89 22 emedan
721 1296 126 22 densamma

85 1330 49 22 icke
150 1331 118 21 omfattade
285 1331 71 28 någon
373 1332 33 20 för
422 1331 49 22 hela
487 1330 73 23 landet
576 1338 124 22 gemensam
715 1328 132 31 angelägen-

85 1364 47 27 het,
151 1368 52 18 utan
222 1365 76 21 endast
318 1365 55 22 hade
393 1366 130 22 karaktären
540 1366 24 22 af
577 1369 31 18 ett
623 1362 170 26 bondeståndets
809 1370 37 15 en-

85 1399 72 21 skilda
172 1399 86 27 besvär,
278 1406 46 14 som
340 1400 103 28 möjligen
460 1401 64 21 äfven
541 1400 73 23 kunde
629 1401 50 21 röra
693 1397 154 29 ridderskapet

85 1432 41 22 och
142 1432 74 29 adeln,
231 1440 48 15 men
295 1432 49 23 icke
360 1434 187 30 borgareståndet.
