992 1725
172 126 41 24 233

144 188 63 22 sidan
224 188 22 22 är
262 191 112 26 parternes
389 190 43 21 rätt
448 189 24 21 af
484 188 153 30 expeditionen
653 189 108 22 beroende
777 190 40 22 och
832 190 12 21 å
859 190 42 22 den

144 222 68 24 andra
234 223 47 22 åter
303 224 24 20 är
346 223 114 22 domarens
478 223 120 22 materiella
616 224 91 21 intresse
727 224 80 21 bundet
822 224 37 21 vid
874 231 27 14 en

143 257 110 29 ordentlig
268 257 257 29 protokollsexpedition.
554 257 52 21 Han
622 257 55 21 skall
693 257 84 22 således
793 258 108 28 svårligen

143 291 115 23 underlåta
273 295 31 18 att
319 292 119 28 ordentligt
453 291 86 22 utfärda
554 292 49 21 sina
617 291 145 28 protokoller;
778 293 40 20 och
831 292 70 21 skulle

143 325 159 29 undantagsvis
324 327 74 27 någon
420 326 88 21 domare
530 326 45 21 låta
597 325 152 29 försumlighet
772 326 129 21 härutinnan

143 359 88 23 komma
246 360 35 28 sig
296 360 34 21 till
344 360 53 26 last,
413 360 25 21 sä
452 360 55 21 skall
524 360 36 21 väl
577 363 84 25 parten,
677 359 85 22 hvilken
774 359 127 28 derigenom

143 393 43 22 blir
202 393 98 28 lidande,
316 397 50 18 veta
381 397 32 18 att
427 394 40 22 hos
483 394 108 21 hofrätten
608 393 84 22 anmäla
704 393 144 22 förhällandet
859 394 42 22 och

143 428 56 22 söka
214 428 33 21 sin
263 428 136 28 tillständiga
414 429 48 20 rätt.
491 427 45 30 Jag
551 428 130 21 återhemtar
697 428 58 28 förty
770 428 49 21 mitt
830 428 71 28 påstå-

142 461 56 22 ende
218 469 34 14 om
272 462 146 28 onödigheten
442 462 24 21 af
485 462 41 21 den
544 463 51 20 utaf
610 464 161 19 reservanterne
790 461 111 29 påyrkade

143 495 97 24 kontroll
267 495 41 22 och
331 503 35 14 om
389 496 176 28 obehöfligheten
589 497 25 20 af
633 495 27 22 de
678 495 7 21 i
700 495 79 22 sådant
801 495 100 23 afseende

143 529 125 31 föreslagne
284 530 142 21 anmälanden
443 530 51 21 eller
510 530 170 29 förteckningar.

213 569 59 24 Herr
286 569 132 24 Juselius:
448 565 73 27 Äfven
541 571 39 27 jag
604 570 32 22 får
658 569 111 29 tillstyrka
788 569 61 22 bifall
867 569 33 21 till

143 604 157 28 lagutskottets
316 604 143 22 betänkande.
488 604 36 22 Då
540 604 108 21 härintills
664 603 48 22 icke
727 604 56 21 varit
799 603 102 29 påbjudet

144 638 53 23 eller
220 645 37 15 ens
280 646 28 13 nu
332 638 72 22 blifvit
423 638 127 28 föreslaget,
569 641 33 18 att
617 638 161 21 vederbörande
794 638 107 21 underdo-

143 679 60 16 mare
222 672 64 22 skola
304 672 8 21 i
332 672 108 22 bofrätten
457 672 84 22 anmäla
557 680 35 14 om
607 672 28 22 de
650 672 79 21 urtima
744 672 57 28 ting,
817 680 45 14 som
878 673 25 20 af

143 706 51 22 dem
210 707 92 21 utsättas
317 706 7 22 i
340 707 74 28 gröfre
430 706 111 28 brottmål,
557 714 65 23 synes
637 706 38 21 det
690 707 27 20 än
729 706 83 22 mindre
823 706 78 29 nödigt

144 743 33 21 att
198 748 27 15 en
248 740 67 22 sådan
338 740 100 22 anmälan
458 740 55 22 skall
532 740 39 22 ske
587 748 35 14 om
638 740 79 21 urtima
731 740 48 28 ting
794 741 5 20 i
817 740 83 22 mindre

144 774 103 21 brottmål
270 774 41 21 och
330 774 64 21 civila
414 774 95 22 ärender,
546 774 210 28 Korrespondensen
774 775 5 20 i
796 774 58 21 detta
869 774 32 21 af-

144 808 79 23 seende
245 808 49 22 med
317 808 133 22 hofrätterne
473 808 84 22 komme
576 808 77 22 endast
672 811 31 18 att
718 808 123 28 onödigtvis
858 808 43 21 öka

144 842 198 24 underdomarenes
360 842 67 24 redan
445 842 56 21 förut
515 850 45 21 nog
575 842 71 29 dryga
661 842 83 26 arbete,
759 842 8 20 i
783 842 118 29 synnerhet

144 882 48 17 gom
208 876 93 22 förutses
317 876 53 28 kan,
386 879 32 19 att
433 877 41 21 den
490 877 76 22 lättare
582 878 42 27 väg
641 877 33 20 till
689 876 124 21 erhållande
829 877 24 21 af
866 884 35 16 ur-

143 910 54 24 tima
216 910 57 29 ting,
292 918 48 15 som
359 918 78 21 genom
452 911 40 21 den
508 919 27 13 nu
553 911 124 28 föreslagna
693 911 155 28 författningen
864 911 36 21 be-

142 943 64 24 redes
229 944 164 22 vederbörande
412 945 115 28 sakägare,
546 945 99 21 kommer
665 947 31 19 att
711 944 6 21 i
733 945 114 21 framtiden
864 945 37 21 be-

143 978 83 31 tydligt
248 979 43 20 öka
309 979 79 23 urtima
406 979 86 28 tingens
511 979 64 21 antal.
609 979 45 28 Jag
669 981 46 18 tror
729 978 67 21 också
812 981 31 18 att
858 978 42 22 den

143 1012 107 27 kontroll,
266 1020 48 14 som
330 1013 138 22 anmälandet
482 1013 8 21 i
505 1013 108 21 hofrätten
629 1014 64 25 afser,
709 1012 50 21 vida
770 1013 77 21 lättare
859 1013 41 20 och

144 1046 209 29 ändamålsenligare
369 1048 43 20 kan
428 1047 75 21 vinnas
519 1047 126 28 derigenom
661 1050 32 18 att
707 1047 100 32 samtlige
823 1047 78 21 under,

143 1080 90 22 domare
252 1081 120 21 anbefallas
392 1084 42 23 att,
449 1081 29 29 pä
493 1082 42 21 sätt
551 1082 34 20 för
601 1081 27 21 de
644 1081 68 21 under
727 1081 51 21 Abo
794 1081 40 21 och
850 1080 50 22 Wi-

144 1114 66 29 borgs
229 1114 107 21 hofrätter
355 1115 94 28 lydande
468 1115 66 22 redan
553 1116 24 20 är
593 1115 150 27 föreskrifvet,
759 1115 38 21 vid
811 1115 90 21 dombo-

142 1148 55 24 kens
219 1148 136 22 insändande
378 1149 33 21 till
434 1149 109 21 hofrätten
562 1149 91 29 vidfoga
670 1149 119 21 densamma
808 1149 93 23 förteck-

143 1182 54 29 ning
219 1182 62 24 öfver
300 1183 42 24 alla
360 1183 68 24 under
444 1183 46 21 äret
505 1184 58 24 inom
579 1184 120 29 domsagan
714 1183 119 22 förrättade
849 1184 53 20 urti-

142 1224 37 16 ma
194 1217 54 28 ting.

212 1256 58 24 Herr
286 1256 167 31 Tengström:
476 1257 31 23 På
522 1257 27 21 de
562 1257 47 21 skäl
623 1257 42 21 den
677 1256 80 29 nådiga
770 1257 131 28 propositio-

142 1297 42 14 nen
199 1293 115 28 upptager,
330 1298 63 16 anser
408 1292 65 22 äfven
486 1292 48 29 jag,
550 1292 7 20 i
573 1292 69 23 likhet
658 1290 49 23 med
723 1290 26 21 de
764 1290 37 25 tvä
817 1291 85 28 föregä-

143 1324 55 21 ende
210 1324 106 28 talarene,
327 1332 27 14 en
366 1325 49 24 med
431 1325 83 24 mindre
530 1325 96 30 omgäng
641 1324 91 22 förenad
748 1325 43 20 rätt
803 1324 32 21 till
847 1324 55 22 mäla

142 1357 134 29 behandling
291 1358 37 21 vid
345 1359 79 22 urtima
439 1360 47 28 ting
502 1359 53 23 böra
571 1358 164 23 vederbörande
747 1358 106 28 sakägare
864 1358 37 22 be-

142 1392 71 24 redas.
250 1392 56 24 Häri
325 1393 204 23 öfverensstämmer
549 1394 63 22 äfven
631 1393 118 21 utskottets
766 1392 136 21 betänkande

142 1426 50 24 med
207 1426 165 31 propositionen
388 1426 42 25 och
446 1426 42 25 den
503 1427 56 23 enda
574 1427 112 24 olikheten
701 1426 48 23 dem
765 1425 90 25 emellan
871 1428 31 29 är,
