992 1725
762 142 43 25 469

77 206 29 24 da
120 204 149 34 nätöräfvor,
284 206 134 30 intelligenta
434 207 67 29 anlag
517 207 42 22 och
575 206 133 30 vetgirighet
722 207 7 21 i
745 207 90 23 allmän-

78 242 38 22 het
134 244 38 20 äro
190 242 82 27 kända,
290 241 49 21 icke
357 241 67 21 heller
440 241 79 21 saknas
534 241 103 21 tekniska
651 240 41 22 och
707 240 129 23 mekaniska

79 276 75 29 anlag,
177 276 91 29 bevisas
281 274 71 28 deraf,
370 277 32 19 att
420 274 72 23 denna
507 275 139 28 befolkning,
663 275 105 27 förfaren,
787 282 48 15 som

79 309 42 22 den
136 311 25 20 är
175 310 8 21 i
198 309 192 29 byggnadskonst,
405 308 103 29 derjemte
523 310 66 27 utgör
603 309 42 21 den
661 309 111 29 personal,
787 316 49 15 som

79 344 77 22 sköter
177 343 42 22 och
241 343 69 22 håller
332 343 6 21 i
361 343 58 28 gång
442 343 42 22 och
503 343 140 22 verksamhet
661 344 19 27 ej
700 343 93 22 allenast
808 343 28 22 de

80 378 80 28 många
174 377 128 29 ångfartyg,
316 384 47 14 som
379 377 29 28 gå
422 377 29 28 på
466 376 75 23 Saima
556 377 155 29 vattudragen,
726 379 51 19 utan
793 377 43 21 ock

80 411 28 22 de
123 411 51 22 flere
190 411 66 27 bruk,
274 411 127 21 mekaniska
415 410 130 23 verkstäder
559 411 42 21 och
617 411 68 22 andra
699 411 138 22 industriellå

80 445 192 27 etablissementer,
295 445 74 21 hvilka
387 444 70 23 finnas
476 445 8 21 i
498 444 27 22 de
541 445 128 22 omnämnde
684 445 151 28 provinserna.

82 479 51 22 Och
154 479 29 22 då
201 479 43 21 kan
263 486 49 14 man
330 479 48 21 icke
394 479 65 21 tvifla
474 479 38 28 på,
528 481 32 19 att
575 479 28 22 de
618 482 56 19 mest
689 479 148 22 tillfredsstäl-

80 514 66 22 lande
160 513 116 23 resultater
290 513 69 21 skulle
374 513 89 27 vinnas,
478 520 35 14 om
529 513 72 22 denna
615 520 81 14 samma
707 513 130 29 befolkning

82 547 72 23 blefve
173 550 45 19 satt
235 547 8 22 i
257 547 87 22 tillfälle
358 549 34 19 att
405 546 97 23 inhemta
516 547 135 21 theoretiska
667 547 90 29 insigter
772 547 7 22 i
795 547 42 28 hit-

82 582 97 22 hörande
201 582 83 21 ämnen.
320 580 42 22 Att
383 581 65 29 anlag
468 582 34 20 för
519 581 127 28 utveckling
664 581 7 21 i
687 588 82 15 samma
783 581 54 28 rigt-

81 616 54 28 ning
156 615 70 21 finnas
246 615 39 22 hos
300 614 156 30 befolkningen
474 615 8 21 i
500 615 110 22 mellersta
629 610 153 33 Österbotten,
797 615 40 23 vill

81 650 39 29 jag
134 650 56 21 visst
204 649 48 23 ioke
268 649 102 22 bestrida.
399 648 54 23 Men
469 649 60 22 detta
543 650 42 28 gör
599 649 49 22 icke
664 650 34 21 för
713 650 45 28 mig
770 649 67 29 nägot

82 684 49 22 skäl
153 686 31 19 att
203 682 111 30 tillstyrka
332 683 70 29 afslag
418 683 28 28 pä
461 684 150 28 ansökningen
627 690 34 15 om
677 683 122 21 inrättande
815 683 26 21 af

83 725 27 15 en
132 717 109 22 realskola
263 717 35 21 för
319 717 60 21 östra
396 716 106 29 Finland,
521 717 61 22 detta
601 718 24 21 sä
639 717 88 30 mycket
742 717 96 28 mindre,

82 758 48 15 som
146 746 142 27 Österbotten
305 751 65 21 redan
390 751 39 22 har
449 758 27 14 en
492 752 67 21 sädan
574 752 32 21 uti
622 751 70 23 Wasa
707 752 56 21 stad.
791 751 47 21 För

84 785 66 22 södra
165 785 41 22 och
222 784 114 30 sydvestra
350 784 105 24 Finlands
472 785 69 22 behof
552 786 7 20 i
574 789 25 25 ty
614 785 101 22 afseende
731 786 24 21 är
770 785 68 22 också

84 819 67 23 redan
173 819 71 28 sörjät
265 826 78 22 genom
365 819 151 22 realskolorna
534 820 7 21 i
561 819 141 29 Helsingfors
721 820 42 21 och
778 812 59 29 Åbo.

84 853 46 22 Det
144 854 24 21 är
182 853 57 22 blott
254 854 59 21 östra
327 853 103 28 Finland,
446 860 48 15 som
507 854 82 29 jemväl
604 854 7 21 i
627 854 59 21 detta
701 853 102 23 afseende
814 854 24 21 är

84 889 105 21 eftersatt.
223 887 35 24 Då
277 889 59 20 östra
353 887 94 23 Finland
462 888 8 21 i
486 888 49 21 dess
551 888 88 28 skogar,
653 888 55 29 berg
723 888 41 21 och
779 888 59 29 sjöar

83 922 91 29 erbjuda
193 922 112 27 räämnen,
328 929 45 14 som
392 922 28 27 pä
439 922 86 21 kemisk
545 923 43 28 väg
604 922 72 21 kunna
691 922 106 27 förädlas,
813 922 26 22 sä

84 956 92 24 föreslär
195 957 49 28 jag,
266 958 32 19 att
320 955 112 29 välloflige
456 955 181 30 borgareständet
658 956 51 21 ville
727 955 112 29 tillstyrka

84 990 124 24 inrättande
230 990 25 21 af
273 997 27 14 en
322 990 152 21 teknokemisk
494 990 128 21 läroanstalt
640 990 7 21 i
663 991 58 20 östra
736 989 101 22 Finland.

85 1024 67 21 Hvad
170 1024 60 29 läget
245 1024 35 21 för
294 1024 106 21 anstalten
416 1024 109 26 beträffar,
541 1025 24 20 sä
579 1024 74 21 kunna
668 1024 7 21 i
690 1023 77 22 sädant
782 1023 57 22 afse-

85 1057 55 23 ende
154 1057 158 30 ifrägakomma
327 1057 99 29 Kuopio,
441 1057 100 22 Joensuu
558 1058 40 22 och
614 1058 99 29 Nyslott.
741 1057 46 29 Jag
801 1058 38 21 nä-

85 1095 49 20 stan
150 1094 46 21 tror
210 1094 32 21 att
257 1091 92 32 Nyslott
363 1099 52 15 vore
430 1091 43 22 den
489 1092 138 31 lämpligaste
642 1092 91 28 platsen.

602 1126 71 22 Jacob
689 1125 80 23 Mölsä.

153 1172 14 22 I
181 1172 118 29 anledning
314 1172 24 22 af
350 1172 59 24 detta
424 1172 138 22 betänkande
577 1172 86 30 yttrade
678 1172 45 29 sig:

153 1206 61 23 Herr
228 1206 154 28 Frenckell,
397 1214 47 16 som
460 1206 117 22 förordade
589 1206 122 29 antagande
722 1206 25 22 af
757 1206 83 22 utskot-

84 1243 44 20 tets
150 1240 146 28 betänkande,
318 1240 53 24 eller
388 1240 138 29 underdänig
544 1240 161 28 framställning
723 1247 35 15 om
773 1240 68 23 inrät-

85 1274 67 24 tande
178 1274 24 22 af
222 1274 68 29 högre
312 1274 193 24 elementarskolor
527 1275 8 21 i
556 1274 98 22 Joensuu
678 1274 41 22 och
741 1274 97 22 Ekenäs.

86 1308 151 23 Statsverkets
260 1308 117 29 tillgängar
399 1308 62 22 torde
485 1309 108 29 nemligen
613 1309 47 21 icke
679 1308 112 29 medgifva
809 1308 32 21 in-

84 1342 112 22 rättandet
214 1342 25 22 af
254 1342 27 22 de
300 1342 70 30 öfriga
388 1342 161 28 läroanstalter,
567 1342 214 29 petitionsförslagen
797 1349 46 15 om-

85 1376 93 28 fattade,
194 1376 24 22 sä
234 1376 97 31 Önskligt
345 1376 37 22 det
396 1377 28 24 än
440 1384 53 15 vore
509 1380 32 20 att
555 1377 65 23 äfven
635 1376 65 24 dessa
715 1375 71 24 kunde
797 1376 46 21 till-

86 1410 154 29 vägabringas.

155 1443 59 24 Herr
229 1445 155 23 Dahlström
400 1445 62 28 ville,
479 1445 7 22 i
503 1445 117 30 anledning
635 1445 24 24 af
671 1444 116 23 utskottets
799 1447 45 26 ytt-
