992 1725
181 133 42 22 466

222 194 36 23 De
272 195 25 21 af
310 194 186 28 undertecknade,
511 194 114 23 Sundman
639 194 42 22 och
696 193 85 29 Mölsä,
796 196 58 20 emot
869 192 44 24 vis-

153 237 25 15 sa
194 228 60 23 delar
270 230 24 21 af
307 228 138 23 förestäende
460 228 71 22 beslut
547 228 84 29 afgifna
642 228 159 22 reservationer
813 227 100 29 biläggas

154 264 111 29 härjemte.

220 297 156 29 Helsingfors,
390 297 42 22 den
448 298 11 19 1
476 296 114 22 december
607 296 62 22 1863.

439 331 72 22 Adolf
523 330 105 23 Juselius.

224 363 29 26 OC.
268 365 40 23 W.
322 365 18 22 I.
356 365 119 24 Sundman.
663 363 29 23 G.
708 363 137 30 Tengström.

224 399 76 22 Jakob
314 399 82 22 Mölsä.
613 397 54 24 Carl
682 398 23 23 J.
721 397 124 30 Grönberg.

734 433 60 18 Sixtus
807 433 108 18 Calamnius.

446 472 178 23 Reservationer:

226 507 67 22 Emot
311 507 38 22 det
366 507 81 27 beslut,
466 507 62 21 hvari
547 507 119 21 utskottets
681 506 112 28 pluralitet
807 507 8 20 i
830 507 84 21 föreva-

158 541 67 24 rande
240 542 62 28 fråga
318 544 96 24 stannat,
430 541 23 21 är
468 540 163 22 undertecknad
646 541 8 20 i
669 540 25 21 så
708 540 68 21 måtto
791 540 124 29 skiljaktig,

159 579 33 19 att
212 577 39 27 jag
273 582 70 15 anser
358 574 89 22 Ekenäs
466 575 59 27 stad,
547 574 50 22 med
616 574 103 22 afseende
737 575 14 21 å
765 574 27 22 de
806 575 109 22 särskilda

158 610 112 22 förmåner
284 609 90 23 stadens
390 609 134 29 borgerskap
540 608 96 29 erbjudit
651 609 35 21 för
701 616 26 14 en
741 608 68 29 högre
824 609 92 21 elemen-

159 644 109 27 tarskola,
290 644 8 21 i
320 643 104 22 händelse
445 650 28 14 en
492 642 67 22 sådan
579 642 73 22 blefve
671 642 38 22 der
728 642 95 29 förlagd,
839 643 77 21 främst

160 678 55 22 böra
236 678 87 21 komma
341 677 7 21 i
367 676 78 22 åtanke
468 676 37 22 vid
524 676 173 22 bestämmandet
716 676 25 22 af
753 676 163 22 företrädesrätt

160 711 80 23 mellan
258 711 94 21 nämnde
371 711 42 21 och
431 711 72 28 öfriga
520 718 29 14 nu
564 710 167 29 ifrågavarande
747 710 72 22 städer
835 711 34 21 för
883 718 33 14 er-

160 745 103 22 hållande
278 746 25 20 af
315 753 27 14 en
358 744 42 22 slik
415 745 181 27 skolinrättning,
611 744 43 22 och
669 744 60 22 detta
739 744 25 22 så
775 744 87 29 mycket
872 752 44 14 me-

160 787 26 15 ra
208 786 48 15 som
278 778 27 22 de
324 779 8 21 i
350 778 64 22 dessa
432 778 72 22 städer
523 778 108 22 inrättade
649 778 60 29 lägre
725 778 192 22 elementarskolor

161 812 49 22 icke
226 813 37 21 äro
278 812 103 22 försedde
395 812 49 22 med
459 812 217 28 lärareduplikanter,
691 812 24 22 af
724 812 87 22 hvilken
823 813 94 21 omstän-

162 846 77 29 dighet
254 854 75 22 synes,
349 846 71 22 såsom
436 854 35 14 om
488 846 90 22 berörde
593 846 77 22 skolor
683 854 53 14 vore
751 847 52 28 föga
818 847 99 28 freqven-

162 881 85 27 terade,
263 881 85 21 hvilket
362 880 46 22 åter
423 880 63 29 tyder
500 881 29 27 på
543 880 112 22 bristande
671 880 44 21 lust
729 880 40 22 hos
785 881 133 22 dervarande

162 914 129 29 befolkning
314 917 32 19 att
368 915 98 28 begagna
484 914 26 21 de
529 914 34 22 för
582 914 50 22 dem
651 914 140 29 tillgängliga
805 915 113 22 undervis-

163 949 177 28 ningsanstalter.
373 948 67 21 Dock
455 948 66 22 borde
537 948 42 22 den
595 949 35 21 för
644 948 95 22 nämnde
753 949 72 21 städer
840 950 79 21 ansök-

163 985 23 19 ta
202 983 84 21 förmån
305 982 49 22 dem
373 983 190 28 tillgodokomma,
579 983 8 20 i
607 983 38 21 fall
659 983 81 28 jemväl
755 982 26 23 de
796 983 74 22 ikläda
885 984 34 28 sig

164 1016 114 22 enahanda
300 1016 144 22 förbindelser
466 1023 47 15 som
531 1016 27 22 de
577 1017 25 21 af
617 1016 90 22 Ekenäs
727 1017 85 28 åtagna.
843 1017 77 22 Skulle

164 1050 98 22 deremot
280 1050 42 21 den
342 1058 28 13 nu
386 1050 155 29 öfverklagade
555 1050 83 22 bristen
653 1051 8 21 i
676 1050 245 29 undervisningsväsen-

164 1083 38 23 det.
222 1085 74 21 kunna
318 1083 108 29 afhjelpas
449 1085 135 28 derigenom,
608 1087 31 19 att
658 1085 129 28 ytterligare
805 1092 26 14 en
851 1085 69 22 lärare

165 1118 73 23 blefve
261 1118 37 21 vid
317 1117 27 22 de
363 1119 61 28 lägre
442 1118 224 22 elementarskolorna
683 1119 8 20 i
709 1118 68 29 sagde
795 1119 73 22 städer
883 1127 38 14 an-

165 1152 77 28 ställd,
257 1152 39 22 vill
309 1153 39 28 jag
364 1153 34 21 för
413 1152 44 22 min
472 1152 35 22 del
523 1160 26 14 en
565 1152 68 23 sådan
650 1152 77 29 åtgärd
743 1153 116 28 tillstyrka.

598 1185 28 23 C.
642 1186 39 22 W.
697 1186 20 22 I.
733 1186 118 24 Sundman.

234 1224 68 22 Emot
317 1226 117 21 utskottets
450 1226 135 22 förestående
601 1226 137 22 betänkande
754 1226 33 22 får
799 1227 38 28 jag
850 1228 72 20 anmä-

165 1258 23 22 la
202 1259 96 28 följande
314 1260 144 21 reservation:

236 1292 36 22 Då
291 1293 97 21 lärarene
406 1294 37 20 vid
459 1294 27 21 de
501 1301 28 15 nu
545 1294 67 22 redan
627 1294 114 28 befintliga
756 1294 103 21 skolorna
873 1295 50 21 icke

166 1326 75 22 kunna
256 1327 71 21 förses
342 1327 49 21 med
406 1328 68 26 löner,
490 1328 152 22 motsvarande
659 1328 122 28 anspråken
795 1328 40 21 och
847 1328 76 22 behof-

167 1368 42 14 ven
227 1368 39 14 ens
286 1361 34 22 för
336 1360 36 22 det
387 1361 187 29 anspråkslösaste
589 1362 36 26 lif;
645 1362 29 20 då
689 1361 84 21 således
789 1362 51 28 föga
855 1362 68 28 utsigt

166 1394 80 28 finnes,
262 1397 32 19 att
308 1395 143 21 statsverkets
466 1395 118 29 tillgångar
599 1396 72 21 skulle
682 1395 111 28 medgifva
805 1395 120 29 anläggan-

168 1428 27 21 de
211 1428 25 22 af
247 1436 44 21 nya
306 1428 192 23 elementarskolor
513 1429 42 22 och
571 1431 27 21 än
613 1429 85 23 mindre
714 1432 31 19 att
761 1428 60 23 anslå
836 1429 21 23 åt
868 1430 56 21 lära-
