992 1725
759 135 41 21 441

84 196 64 22 derne
164 196 140 22 motionsrätt.
328 195 43 22 Det
386 203 51 14 vore
454 196 53 21 visst
519 196 103 28 önskligt,
634 199 31 18 att
676 196 48 21 dem
736 198 95 21 tillkom-

83 238 34 14 me
139 238 26 14 en
184 230 65 21 sådan
267 230 111 28 rättighet,
398 238 47 13 men
462 238 47 12 man
525 230 68 22 måste
608 231 58 20 finna
681 231 34 28 sig
730 232 58 21 inom
803 232 28 21 de

83 266 97 27 gränser,
196 264 47 20 vårt
258 264 122 22 nuvarande
395 264 117 22 statsskick
524 264 105 27 utstakar,
641 269 54 17 samt
710 266 29 20 uti
752 266 79 29 ifråga-

84 299 94 22 varande
200 299 38 21 fall
258 298 106 22 bibehålla
382 299 113 28 principen
512 306 34 13 om
562 299 105 21 domstols
682 299 101 22 inseende
799 301 32 20 öf-

84 341 37 13 ver
140 332 186 29 förmynderskap,
345 332 28 21 då
392 333 83 28 förslag
490 333 31 20 till
538 333 123 28 principens
677 334 154 27 upphäfvande

84 367 48 22 icke
147 367 72 21 blifvit
233 368 24 20 af
270 367 125 28 regeringen
412 367 137 21 framställdt.

152 406 58 22 Herr
224 407 141 22 Sundman:
394 406 45 29 Jag
455 406 40 21 kan
515 407 18 28 ej
549 407 49 22 dela
613 407 41 21 den
670 408 52 21 siste
737 408 93 21 talarens

84 441 138 29 uppfattning
242 442 24 21 af
282 441 148 21 förhållandet.
468 441 44 21 Det
527 442 24 20 är
566 442 18 27 ej
601 441 114 22 ständerne
733 445 50 18 utan
800 450 32 13 re-

84 479 88 26 genten,
195 483 45 14 som
260 475 64 22 väckt
343 475 60 28 fråga
418 483 35 13 om
470 475 91 29 ändring
575 476 8 20 i
598 476 233 29 förmyndarelagstift-

84 511 90 28 ningen,
192 511 41 20 och
248 510 36 21 det
303 509 38 22 bör
360 517 52 14 vara
432 517 35 13 oss
483 510 108 28 obetaget,
608 513 30 18 att
653 511 30 20 uti
699 511 40 21 den
756 508 75 24 härom

85 545 81 20 aflåtna
180 544 79 29 nådiga
274 543 160 29 propositionen
451 544 78 21 föreslå
544 544 43 21 alla
601 545 26 20 de
643 545 76 28 tillägg
735 545 40 21 och
787 546 44 20 för-

85 579 122 28 ändringar,
229 586 45 14 som
297 578 21 21 vi
337 585 50 15 anse
406 578 89 28 bidraga
513 578 34 22 till
563 586 25 14 en
605 578 168 30 ändamålsenlig
788 580 43 20 lös-

85 613 52 28 ning
152 613 24 21 af
188 613 70 21 denna
272 612 66 28 fråga.

153 652 57 22 Herr
225 652 153 29 Tengström
394 652 105 22 förmälde
514 653 34 28 sig
564 652 47 22 icke
623 653 72 21 kunna
707 653 76 29 frångå
795 653 36 21 sitt

85 686 123 30 påstående,
220 689 32 19 att
266 686 39 22 den
322 687 23 21 af
358 687 48 21 herr
421 682 117 34 Öhrnberg
553 687 30 21 uti
599 687 162 29 ifrågavarande
777 688 55 20 afse-

85 721 53 22 ende
156 720 95 22 uttalade
273 720 41 22 och
332 722 24 20 af
372 721 66 21 andre
461 722 66 20 talare
547 721 98 21 biträdda
661 722 84 28 princip
761 722 70 20 skulle

86 756 114 21 förutsätta
215 755 135 21 motionsrätt
365 754 39 22 hos
420 755 114 22 ständerne
550 756 40 20 och
603 756 81 26 kunde,
697 763 34 14 om
743 756 42 21 den
798 756 34 21 för

86 790 62 28 giltig
163 792 99 26 antages,
284 789 65 21 hafva
367 789 32 21 till
419 789 92 29 påföljd,
527 792 31 19 att
573 790 112 21 ständerne
700 790 31 21 uti
747 791 85 21 föreva-

85 824 66 21 rande
172 824 62 28 fråga
256 824 83 21 komme
358 826 30 19 att
406 824 84 28 afgifva
507 827 30 18 ett
552 824 118 29 lagförslag
685 825 7 21 i
707 824 45 22 helt
767 827 66 19 annat

87 858 57 29 syfte
160 859 25 20 än
201 858 126 29 regeringen
343 866 76 21 genom
436 858 41 21 den
493 858 79 29 nådiga
587 859 161 28 propositionen
761 859 70 21 afsett.

86 892 92 22 Talaren
200 893 158 21 öfverlemnade
377 893 33 21 för
430 893 66 28 öfrigt
515 893 21 21 åt
552 893 48 21 herr
614 893 120 21 talmannen
750 896 31 18 att
796 893 37 21 be-

86 928 100 25 stämma,
202 927 104 21 huruvida
320 927 95 21 ståndets
432 927 131 28 befogenhet
577 927 94 21 sträckte
686 927 33 28 sig
730 927 24 21 så
765 927 67 28 långt,

86 964 31 18 att
132 961 48 21 herr
196 956 124 33 Öhrnbergs
336 961 82 28 förslag
433 961 58 28 finge
506 962 77 28 utgöra
599 961 88 22 föremål
703 962 34 20 för
747 961 86 21 diskus-

86 995 47 22 sion
149 995 40 21 och
205 995 33 21 till
254 995 100 28 pröfning
369 995 23 21 af
405 995 89 21 ståndet
509 999 112 25 upptagas.

154 1029 57 22 Herr
226 1029 149 21 talmannen
398 1029 105 22 förmälde
526 1031 34 26 sig
583 1030 124 26 förutsätta,
731 1032 30 18 att
783 1029 50 22 herr

86 1058 127 34 Öhrnbergs
228 1064 86 28 mening
329 1065 17 27 ej
363 1064 57 21 varit
435 1067 32 18 att
483 1064 78 21 föreslå
576 1064 98 21 befrielse
689 1064 34 21 för
738 1063 95 21 domsto-

85 1097 60 22 larne
164 1098 46 21 från
229 1097 124 29 skyldighet
368 1101 31 18 att
414 1098 34 21 för
464 1098 27 21 de
507 1097 115 30 omyndige
637 1097 136 22 tillförordna
789 1098 43 21 för-

86 1131 114 29 myndare,
222 1135 51 18 utan
292 1135 30 18 att
340 1132 76 21 endast
435 1133 69 21 uttala
522 1133 34 21 sin
572 1132 56 28 åsigt
641 1131 92 22 rörande
749 1132 84 28 lämpli-

86 1170 61 24 gaste
164 1167 66 20 sättet
248 1166 32 21 för
299 1166 177 22 handbafvandet
492 1167 23 21 af
527 1167 80 21 vården
623 1167 60 20 öfver
699 1166 134 28 förmynder-

85 1200 55 28 skap
159 1200 6 21 i
186 1200 124 26 allmänhet;
332 1201 41 20 och
392 1200 28 22 då
436 1200 42 22 den
494 1201 79 28 nådiga
588 1201 162 27 propositionen
766 1200 68 21 också

86 1234 108 21 innehölle
217 1234 81 29 förslag
320 1235 33 21 till
376 1235 152 29 förändringar
547 1235 41 22 och
607 1235 77 28 tillägg
703 1234 36 21 vid
758 1234 76 28 lagens

84 1268 134 29 stadganden
242 1276 33 14 om
298 1269 203 28 förmyndarevård,
520 1269 23 21 så
561 1269 67 28 ansåg
647 1268 48 22 herr
711 1268 122 21 talmannen

85 1303 95 27 ståndet,
200 1306 50 18 utan
269 1306 30 18 att
314 1304 76 20 utöfva
405 1304 147 26 motionsrätt,
567 1304 72 20 kunna
655 1303 46 20 fritt
716 1302 68 21 uttala
799 1302 35 28 sig

85 1337 91 21 rörande
192 1336 48 22 herr
256 1332 126 33 Öhrnbergs
400 1337 94 29 förslag,
510 1345 45 13 som
571 1337 83 21 således
670 1336 89 22 berörde
775 1336 37 21 det
829 1336 7 20 i

85 1372 163 27 propositionen
263 1371 129 21 afhandlade
408 1372 80 21 ämnet.

153 1404 57 22 Herr
226 1400 149 33 Öhrnberg:
404 1406 46 28 Jag
467 1406 120 21 föreställer
598 1406 43 28 mig
654 1408 31 18 att
698 1404 61 22 ordet
770 1404 65 21 vård-

84 1438 42 23 nad
145 1439 7 21 i
171 1439 140 29 lagförslaget
330 1439 47 22 icke
397 1440 57 21 afser
470 1440 76 22 'endast
561 1440 132 21 domstolens
709 1438 126 30 skyldighet
