992 1725
186 145 44 22 434

225 207 57 21 Herr
298 202 141 34 Öhrnberg
454 208 67 28 ansåg
535 207 41 22 den
593 208 24 21 af
631 208 48 21 herr
690 208 129 29 Lindeqvist
830 210 77 28 gjorda

158 242 159 28 framställning
339 242 49 21 icke
410 242 53 21 böra
485 242 112 21 föranleda
615 242 33 21 till
666 242 71 28 någon
760 244 76 28 åtgärd
859 244 47 21 från

158 276 96 22 ståndets
269 276 53 22 sida.

226 316 58 22 Herr
299 315 128 22 Thermén
442 316 101 21 förenade
559 317 34 28 sig
608 317 49 21 med
671 317 50 21 herr
737 312 122 35 Öhrnberg.

227 356 57 21 Herr
299 355 158 29 Tengström
472 356 95 28 yttrade:
597 351 73 27 Äfven
687 357 39 28 jag
744 357 95 22 biträder
857 358 48 21 herr

159 385 128 34 Öhrnbergs
309 391 98 27 mening,
426 391 66 28 jemte
514 390 35 21 det
569 391 39 28 jag
632 391 37 21 vill
689 391 80 28 erinra,
791 392 113 22 huruledes

158 425 50 23 herr
218 425 140 27 Lindeqvists
371 424 157 29 framställning
540 425 49 21 bäst
601 425 85 21 bevisar
698 425 28 28 på
737 425 87 22 hvilken
833 427 72 21 stånd-

158 459 69 28 punkt
249 458 193 22 kommunalandan
461 459 7 20 i
486 459 47 20 vårt
547 459 53 21 land
616 459 95 22 befinner
725 460 41 28 sig.
795 460 35 21 Då
844 461 61 28 fråga

158 493 90 29 uppstår
267 501 35 13 om
320 493 66 28 något
404 493 99 28 uppdrag
518 493 34 20 för
566 493 37 21 det
619 493 105 22 allmänna
740 494 69 28 bästa,
824 495 79 21 väckes

158 530 77 26 genast
254 527 92 28 anspråk
365 527 28 28 på
408 527 116 28 ersättning
540 527 32 20 för
589 527 38 22 det
641 527 87 22 dermed
743 529 110 26 förenade,
868 537 35 13 om

158 562 42 21 ock
218 562 63 28 ringa
301 561 82 22 besvär.
420 560 12 22 I
447 561 65 21 andra
527 561 81 27 länder,
624 562 37 21 der
677 562 227 22 kommunalväsendet

158 597 24 21 är
204 604 58 13 mera
284 595 134 27 utveckladt,
440 595 41 21 och
497 596 38 28 jag
552 598 46 18 tror
613 596 66 21 redan
695 596 7 21 i
717 597 48 21 vårt
779 597 62 21 lands
856 597 48 22 huf-

158 630 106 27 vudstad,
280 630 76 28 plägar
370 629 154 28 medborgaren
539 629 64 29 åtaga
618 630 34 29 sig
667 630 144 28 hvarjehanda
823 638 81 14 omsor-

162 672 38 21 ger
222 664 40 21 och
285 664 77 21 besvär
384 664 33 20 för
436 664 77 21 allmän
532 667 71 25 nytta,
619 668 51 17 utan
685 667 32 18 att
731 664 84 22 derföre
831 665 72 22 fordra

158 698 150 29 godtgörelse,
323 698 41 21 och
379 698 51 28 nöjd
445 697 48 22 med
507 698 41 21 den
563 698 48 21 inre
625 698 188 22 tillfredsställelse
829 707 26 14 en
869 700 34 21 så-

158 733 42 21 dan
223 732 135 22 verksamhet
380 732 89 21 medför.
505 731 65 22 Hvad
589 732 105 22 särskildt
712 733 66 28 angår
796 734 41 20 den
853 734 49 27 sak,

157 767 91 21 hvarom
262 774 29 14 nu
307 767 23 20 är
345 766 71 28 fråga,
431 766 51 22 eller
497 769 30 18 att
542 769 51 25 taga
608 766 53 22 vård
677 774 34 14 om
726 767 138 21 kommunens
880 775 23 14 o-

157 800 105 29 myndige
280 800 144 27 medlemmar,
442 800 24 21 så
481 800 66 22 borde
562 800 74 28 hvarje
651 800 36 22 väl
702 801 126 27 uppfostrad
844 802 58 20 med-

157 835 104 29 borgare,
282 835 60 21 såväl
361 834 24 22 af
397 836 33 20 sin
448 834 77 22 känsla
543 842 47 14 som
605 835 25 21 af
642 835 33 21 sin
691 835 56 28 pligt
761 835 70 21 såsom
847 843 55 13 sam-

157 869 149 22 hällsmedlem
325 869 40 21 och
384 869 91 27 kristen,
493 869 59 21 finna
570 869 35 29 sig
619 869 78 22 manad
715 872 42 22 att,
772 873 51 18 utan
837 871 65 20 tanke

156 903 29 28 på
199 911 55 21 egen
269 903 126 22 ekonomisk
410 903 78 27 fördel,
503 903 22 21 åt
539 903 60 22 detta
613 903 44 22 håll
672 911 56 21 egna
743 904 46 21 sina
800 905 102 20 ömmaste

157 945 117 21 omsorger,
290 938 63 21 äfven
369 945 34 13 om
417 937 71 28 någon
503 937 63 21 möda
581 945 51 14 vore
647 937 87 22 dermed
750 937 95 22 förenad.

224 971 58 22 Herr
298 971 98 22 Hildén
412 971 94 28 yttrade,
521 974 31 18 att
567 971 29 22 då
607 971 41 22 den
659 979 30 13 nu
699 971 68 22 under
778 971 123 22 diskussion

156 1006 79 21 komna
250 1006 75 29 frågan
341 1001 62 26 äfven
415 1006 81 28 utgjort
507 1005 89 22 föremål
608 1006 35 21 för
653 1006 163 28 lagstiftningen
829 1006 6 20 i
849 1004 52 23 Sve-

156 1041 56 28 rige,
228 1041 51 20 ville
294 1040 82 21 talaren
390 1040 175 28 upplysningsvis
581 1040 124 27 omnämna,
717 1042 31 19 att
759 1039 40 22 den
811 1040 7 20 i
829 1040 74 20 nämn-

156 1075 27 20 de
201 1074 51 21 land
270 1075 7 20 i
292 1075 71 20 ämnet
378 1074 112 21 utfärdade
504 1073 156 30 förordningen
676 1075 25 20 af
713 1073 41 22 den
769 1074 28 21 24
811 1077 91 24 septem-

156 1109 38 21 ber
211 1108 53 21 1861
280 1108 31 21 uti
326 1109 12 27 &
354 1109 12 19 7
380 1108 123 27 innehåller,
523 1110 30 19 att
568 1108 57 28 gode
640 1109 91 20 männen
747 1108 52 21 eller
813 1108 88 21 sockne-

156 1142 107 22 nämnden
282 1142 53 22 böra
350 1142 33 21 för
398 1143 37 20 sitt
450 1143 75 21 besvär
541 1142 49 21 med
605 1142 111 22 inseendet
730 1143 61 21 öfver
806 1142 95 29 förmyn-

157 1177 94 27 derskap
267 1176 21 22 få
303 1176 97 28 uppbära
414 1180 30 18 ett
459 1177 33 21 för
507 1176 110 22 hundrade
629 1177 24 21 af
661 1176 41 22 den
715 1177 128 28 omyndiges
853 1178 49 20 rän-

156 1214 34 18 tor
205 1211 52 21 eller
272 1210 123 22 inkomster.

224 1244 56 22 Herr
295 1244 146 22 Lemström
456 1245 104 21 instemde
575 1245 8 21 i
598 1245 57 21 hvad
675 1244 48 22 herr
739 1239 115 34 Öhrnberg
868 1246 34 20 rö-

155 1278 67 22 rande
237 1278 140 22 förevarande
393 1279 60 27 fräga
469 1282 72 25 yttrat.

224 1312 58 22 Herr
300 1312 172 28 Lindegvist:
501 1312 44 30 Jag
564 1314 38 20 vill
622 1313 117 28 ingalunda
757 1312 56 22 neka
830 1312 71 22 dertill

155 1349 31 19 att
201 1346 73 28 hvarje
290 1347 138 28 medborgare
443 1347 41 21 bör
497 1348 54 20 söka
565 1350 38 22 att,
621 1348 24 20 så
656 1347 87 28 mycket
754 1354 46 14 som
811 1346 92 28 möjligt,

156 1384 51 18 utan
226 1381 71 29 någon
317 1381 87 28 biafsigt
422 1388 34 14 om
472 1388 51 21 egen
540 1381 69 21 fördel
627 1380 42 22 och
685 1380 76 22 endast
775 1381 24 21 af
811 1380 91 22 intresse

155 1415 34 21 för
212 1414 36 22 det
267 1415 117 27 allmänna,
404 1414 96 22 använda
519 1415 32 21 sin
568 1415 98 28 förmåga
681 1414 40 21 och
738 1415 47 20 sina
799 1414 80 22 krafter
893 1415 8 21 i

156 1449 69 20 dettas
245 1450 72 27 tjenst.
352 1448 54 23 Men
424 1449 115 29 anspråket
557 1449 8 22 i
580 1449 91 23 berörde
687 1449 99 22 afseende
801 1448 66 23 borde
881 1449 20 28 ej
