992 1725
185 124 42 21 306

156 191 58 22 dock
230 191 48 22 icke
293 191 59 22 finna
367 191 45 29 mig
428 191 160 22 tillfredsställd
605 191 48 22 med
669 191 27 21 de
712 190 58 28 skäl,
785 198 46 15 som
849 192 24 21 af
882 194 32 20 ut-

156 226 84 22 skottet
254 226 88 21 anföras
358 226 33 21 till
407 226 49 20 stöd
472 226 34 20 för
521 226 71 21 denna
604 225 191 29 tidsbestämning,
807 226 107 28 nemligen

156 260 108 28 qvinnans
286 259 66 29 lynne
375 259 41 21 och
434 260 141 28 uppfostran,
595 267 46 14 som
661 260 19 28 ej
699 259 70 21 skulle
784 260 71 20 tillåta
869 260 46 28 lag-

156 295 129 28 stiftningen
305 296 31 19 att
351 293 111 29 medgifva
478 293 81 22 hennes
574 293 205 30 myndigblifvande
794 294 37 21 vid
846 302 26 13 en
888 295 27 20 ti-

156 329 76 28 digare
254 328 67 21 ålder.
358 326 46 29 Jag
425 327 68 29 vågar
515 331 45 24 tro,
583 331 33 18 att
633 328 118 21 utskottets
771 328 144 28 antagande
902 322 16 39 i

156 362 72 22 denna
247 362 35 21 del
301 362 7 21 i
324 361 78 29 sjelfva
418 362 75 21 verket
508 361 78 22 endast
601 363 24 20 är
640 370 26 13 en
683 362 92 21 fördom.
804 361 12 22 I
831 362 84 21 afseen-

156 396 28 22 de
202 396 14 22 å
234 395 27 22 de
280 395 142 30 egenskaper,
441 402 47 15 som
506 398 91 19 naturen
617 396 89 29 nedlagt
720 395 40 22 hos
776 395 139 28 menniskan,

156 437 64 15 anser
232 431 38 28 jag
286 430 108 28 nemligen
410 430 96 27 gvinnan
521 430 7 21 i
543 430 118 22 allmänhet
676 433 59 25 taget
750 437 52 14 vara
813 429 101 22 fullkom-

156 465 42 28 ligt
212 464 46 21 lika
272 463 110 30 begåfvad
397 471 46 14 som
458 471 103 18 mannen;
581 464 42 21 och
639 472 35 13 om
689 463 23 22 vi
727 466 52 26 taga
793 463 121 22 erfarenhe-

156 501 37 19 ten
208 498 48 21 häri
270 498 34 21 till
319 497 59 28 råds,
393 498 24 21 så
432 498 61 21 torde
509 499 21 20 vi
546 499 88 26 enhvar,
649 498 73 22 derest
736 498 22 21 vi
770 498 145 21 fördomsfritt

156 532 116 22 bedömma
287 532 77 27 saken,
380 532 86 21 komma
481 532 33 21 till
529 532 38 22 det
581 533 102 27 resultat,
698 535 31 18 att
744 539 49 14 man
808 532 45 21 lika
867 532 48 22 ofta

156 566 105 29 påträffar
280 566 49 22 män
348 566 52 22 eller
415 566 124 29 ynglingar,
554 573 36 15 om
605 566 76 22 hvilka
696 566 39 22 här
749 567 124 28 egentligen
889 567 25 21 är

156 600 72 29 fråga,
247 607 47 15 som
309 607 59 21 unga
382 601 100 27 qvinnor,
497 600 76 22 hvilka
588 601 45 21 låta
647 600 118 22 beherrska
780 601 38 28 sig
829 601 25 21 af
866 601 49 21 sina

156 634 96 27 känslor,
267 634 94 21 likasom
376 642 49 13 man
440 635 19 27 ej
475 634 68 22 sällan
555 634 104 28 påträffar
670 635 49 21 män
731 635 64 21 äfven
806 634 35 22 vid
853 642 61 21 mog-

156 676 53 14 nare
231 668 31 28 år,
284 675 48 15 som
354 668 8 21 i
384 668 84 28 ganska
485 668 63 29 ringa
566 668 55 29 grad
637 669 79 21 besitta
730 668 27 22 de
773 668 141 29 egenskaper,

157 709 48 15 som
224 709 49 14 man
292 704 71 20 ansett
377 703 79 28 utgöra
470 710 103 14 mannens
590 703 67 28 högre
673 702 162 29 fullkomlighet
849 703 66 21 fram-

157 736 35 21 för
210 736 107 27 qvinnan,
340 736 28 21 då
386 736 97 22 deremot
497 736 64 22 dessa
576 737 137 29 egenskaper
727 736 46 22 ofta
788 744 43 21 nog
846 737 7 21 i
869 737 45 29 hög

158 770 54 28 grad
231 770 74 21 träffas
324 769 40 22 hos
380 770 100 28 qvinnor.
509 770 67 22 Hvad
591 771 46 21 åter
653 771 67 29 angår
735 771 138 27 uppfostran,
889 771 25 22 så

157 804 63 22 torde
230 804 74 22 kunna
316 804 106 28 förutses,
434 808 40 24 att,
487 812 34 14 om
533 812 26 14 en
571 806 59 28 gång
642 806 7 20 i
660 805 37 28 lag
709 804 88 30 stadgas
809 808 32 18 att
851 806 63 26 qvin-

156 845 29 14 na
200 838 56 21 skall
272 846 52 14 vara
339 838 91 29 myndig
445 839 36 21 vid
497 840 94 28 tjuguett
606 840 35 21 års
656 840 67 26 ålder,
740 839 82 21 hvilket
830 840 38 28 jag
880 840 35 20 för

156 872 46 21 min
218 872 35 21 del
269 872 106 28 förordar,
391 873 210 28 gvinnouppfostran
617 874 28 21 då
661 874 64 21 äfven
737 876 61 26 tager
809 874 41 21 den
861 874 54 21 rikt-

157 905 63 29 ning,
244 913 47 14 som
313 906 127 29 derigenom
458 908 63 27 göres
541 907 111 30 behöflig,
675 907 25 22 så
718 910 32 19 att
765 907 74 28 hvarje
854 907 61 22 fader

158 939 52 22 eller
225 940 82 27 moder,
323 941 39 21 när
377 940 60 22 detta
451 941 102 28 inträffat,
569 949 39 20 ger
623 943 18 28 ej
658 942 56 21 blott
729 942 47 21 sina
788 942 63 21 söner
863 945 52 18 utan

158 974 65 21 äfven
238 975 48 20 sina
300 974 84 22 döttrar
399 982 26 14 en
440 975 68 22 sådan
523 976 142 27 uppfostran,
681 978 32 19 att
727 975 26 22 de
769 976 72 21 kunna
856 976 59 29 sjelf-

157 1015 29 14 va
203 1007 69 22 vårda
286 1009 48 20 sina
348 1009 191 28 angelägenheter;
559 1010 41 21 och
615 1011 73 20 såsom
700 1011 39 27 jag
755 1010 58 21 förut
828 1010 87 29 antydt,

157 1049 64 14 anser
240 1043 40 28 jag
302 1042 72 22 dotter
395 1050 53 15 vara
466 1043 45 22 lika
529 1045 117 28 mottaglig
662 1045 35 21 för
712 1051 26 14 en
754 1044 66 21 sådan
836 1045 79 27 uppfo-

157 1077 61 20 stran
236 1083 47 14 som
298 1083 50 20 son,
368 1077 56 21 blott
438 1077 42 22 den
495 1077 112 30 bibringas
623 1079 71 21 henne
709 1078 29 29 på
753 1081 31 18 ett
799 1079 116 28 förnuftigt

158 1109 42 21 och
214 1110 152 29 omsorgsfullt
381 1111 49 21 sätt.
444 1123 29 4 —
487 1111 45 22 Det
547 1112 116 22 alternativ
673 1112 8 21 i
692 1111 117 29 utskottets
820 1113 95 28 förslag,

157 1143 34 21 till
203 1143 85 22 hvilket
294 1145 40 27 jag
345 1144 91 22 sålunda
447 1145 96 23 ansluter
553 1147 56 28 mig,
621 1146 94 29 åtföljes,
724 1146 91 22 likasom
827 1146 37 22 det
872 1147 43 21 för-

156 1185 26 14 ra
200 1178 148 26 alternativet,
364 1180 25 20 af
401 1182 31 18 ett
446 1180 86 29 anhang
547 1180 53 22 eller
615 1181 90 28 tillägg,
719 1188 48 14 som
782 1181 63 21 äfven
860 1182 55 21 åter-

156 1212 70 21 finnes
245 1212 7 21 i
272 1212 42 22 den
329 1213 80 29 nådiga
424 1214 173 28 propositionen,
613 1216 25 20 af
651 1214 97 29 följande
763 1215 104 28 innehåll,
882 1216 34 21 så-

157 1252 48 15 som
220 1246 38 21 det
272 1246 62 29 lyder
349 1247 8 21 i
371 1248 117 22 utskottets
504 1248 93 30 förslag:
613 1249 51 21 ”vill
680 1249 44 21 hon
739 1248 69 22 hellre
819 1250 97 28 förmyn-

157 1279 107 23 darevård
279 1282 66 27 njuta,
361 1282 41 28 äge
416 1283 77 27 rätten,
509 1283 29 28 på
553 1284 108 26 anmälan,
672 1283 76 22 derom
760 1284 103 21 förordna
874 1284 41 21 och

157 1314 79 21 sådant
250 1315 165 29 vederbörligen
430 1316 121 29 kungöra.”
580 1316 69 23 Detta
663 1318 79 28 tillägg
757 1324 62 14 anser
832 1318 39 28 jag
882 1318 35 21 för

157 1348 45 21 min
220 1348 36 22 del
274 1348 54 22 böra
346 1348 46 22 helt
406 1350 41 21 och
462 1350 67 22 hållet
543 1352 63 28 utgå,
622 1351 91 22 emedan
729 1351 37 21 det
781 1351 70 22 skulle
865 1351 51 22 leda

157 1381 34 21 till
206 1382 93 28 mycken
315 1383 114 21 osäkerhet
443 1384 7 20 i
466 1384 27 22 de
507 1385 220 27 rättsförhållanden,
743 1385 61 21 hvari
819 1386 96 27 qvinnan

157 1414 35 22 till
206 1416 56 29 följd
276 1417 26 21 af
314 1417 34 22 sin
362 1418 128 29 myndighet
504 1418 98 24 kommer
616 1422 33 20 att
663 1418 94 23 inträda.
786 1418 13 22 I
812 1419 104 24 händelse
