992 1725
761 123 42 21 465

76 184 84 26 skottet
181 184 29 33 pä
226 184 66 26 dessa
310 183 48 26 skäl
378 183 41 25 och
436 186 50 22 med
501 186 104 23 afseende
620 186 13 22 å
647 182 82 25 den”af
741 182 92 26 Ekenäs

76 222 60 22 stads
160 222 135 29 borgerskap
317 222 7 20 i
347 217 141 33 förestäende
503 221 68 21 måtto
589 220 79 29 ätagne
687 219 146 29 förbindelse,

77 254 70 24 under
169 254 157 30 förutsättning
344 258 32 18 att
394 255 125 21 densamma
534 254 118 22 innefattar
667 254 42 21 den
723 254 111 28 ifrägava-

77 291 67 21 rande
159 291 99 20 lokalens
273 288 147 23 kostnadsfria
436 288 134 29 upplätande
585 288 36 22 för
635 286 134 29 ändamälet!,
785 288 48 22 fun-

77 325 33 21 nit
124 324 35 29 sig
175 324 53 21 börä
242 324 40 21 hos
298 323 114 28 vällofliga
427 323 182 29 borgareständet
619 323 112 21 vördsamt
742 323 93 28 tillstyr-

78 355 28 24 ka
124 365 27 14 en
169 357 137 29 underdänig
324 357 92 28 petition
435 364 36 15 om
488 356 123 23 inrättande
629 356 26 22 af
667 363 26 15 en
707 356 68 29 högre
790 357 44 22 ele-

77 391 149 22 mentarskola
240 391 8 22 i
262 391 90 22 Ekenäs
367 391 55 22 stad.

148 430 80 23 Säsom
249 431 67 22 ofvan
333 431 115 28 nämndes,
470 431 39 22 har
528 429 107 24 utskottet
653 433 101 26 nogsamt
768 429 67 23 insett

78 466 76 29 vigten
175 465 72 28 deraf,
269 468 31 19 att
322 465 193 29 skolinrättningar
537 466 127 21 förefunnes
682 465 13 22 å
712 465 25 22 sä
755 465 79 28 många

80 503 59 18 orter
160 500 60 21 inom
241 495 74 26 lähdet
332 503 47 17 som
398 499 96 29 möjligt,
510 499 41 22 och
567 499 69 22 finner
651 499 8 21 i
674 499 96 28 enlighet
785 498 50 23 der+

80 533 49 22 med
148 529 53 32 ock,
224 536 32 19 att
272 533 38 22 det
327 541 52 14 vore
394 533 34 22 för
442 533 75 22 landet
532 533 144 29 fördelaktigt
690 541 35 14 om
740 533 27 22 de
782 540 53 21 pro-

78 565 113 31 jekterade
207 575 43 21 nya
264 567 128 23 läroverken
406 567 8 22 i
430 567 123 22 Sordavala
568 567 41 22 och
625 566 27 23 St
667 567 83 22 Michel
761 566 74 23 kunde

80 601 88 22 komma
186 602 34 21 till
238 602 70 22 stånd.
344 602 54 22 Men
414 609 57 21 som,
486 602 91 22 oaktadt
592 601 146 29 nyssnämnda
753 600 82 22 förhäl=

81 633 65 24 lande
164 635 49 23 icke
231 636 63 22 torde
311 636 66 22 hafva
391 635 94 29 undgätt
499 636 119 29 styrelsens
633 634 202 30 uppmärksamhet,

81 668 70 31 högre
169 669 218 23 elementarläroverk
401 670 49 22 icke
466 670 73 22 blifvit
553 670 8 21 i
576 669 67 29 sagde
659 669 72 22 städer
745 670 90 21 inrätta»

81 704 27 21 de
130 703 43 22 och
192 703 70 28 detta,
284 704 72 21 säsom
374 704 106 21 utskottet
497 707 47 18 tror
559 703 34 29 sig
608 704 74 21 kunna
697 706 89 26 antaga,
801 702 35 22 till

81 734 55 32 följd
155 738 25 21 af
195 738 55 21 brist
268 737 28 29 pä
310 737 72 22 dertill
397 737 82 29 nödiga
493 737 82 27 medel,
589 737 40 21 har
643 736 106 22 utskottet
764 737 73 21 funnit

81 772 35 28 sig
137 771 49 22 icke
205 771 55 22 böra
276 771 128 29 obetingadt
424 771 121 29 tillstyrka,
565 774 31 18 att
614 771 57 21 slika
684 771 101 21 läroverk
801 771 35 21 för

82 804 135 23 närvarande
235 805 36 22 mä
284 805 8 22 i
307 804 92 23 nämnde
414 804 73 23 städer
501 806 118 28 anläggas,
633 804 29 22 dä
676 805 107 21 utskottet
796 804 41 22 här

82 840 66 21 ofvan
164 839 98 22 förordat
277 846 26 15 en
315 839 68 29 högre
393 839 193 22 elementarskolas
597 838 122 22 inrättande
731 838 34 22 för
776 838 61 22 östra

83 871 97 24 Finland
194 874 8 21 i
216 873 98 22 Joensuu
334 876 56 19 samt
403 874 72 21 denna
490 874 42 21 kan
547 872 112 30 begagnas
674 873 65 22 äfven
753 873 25 21 af
793 873 44 21 ele-

82 912 38 17 ver
143 907 48 22 frän
212 907 86 22 trakten
320 907 24 22 af
360 906 122 24 Sordavala
500 907 53 28 och,
576 907 57 22 hvad
648 906 28 22 St
690 906 84 22 Michel
789 907 48 21 vid-

82 940 106 29 kommer,
207 941 8 22 i
233 941 107 22 anseende
355 941 72 22 dertill
442 944 33 19 att
490 945 79 18 tvenne
585 941 68 29 högre
668 940 169 23 elementarsko-

82 973 34 24 lor
138 973 67 24 redan
227 976 58 21 inom
308 975 28 22 St
353 975 94 22 Michels
470 975 36 22 län
528 975 128 27 förefinnas,
677 974 108 29 nemligen
805 974 32 23 uti

82 1006 96 25 Heinola
197 1007 42 24 och
256 1009 102 29 Nyslott,
381 1009 42 22 den
442 1017 42 15 ema
502 1009 65 23 söder
583 1009 41 22 ooh
639 1009 42 22 den
695 1008 68 23 andra
778 1008 60 23 öster

82 1050 37 15 om
134 1040 29 25 St
178 1043 94 22 Michels
286 1043 57 23 stad.

151 1082 177 22 Vidkommande
349 1083 102 29 slutligen
474 1082 76 31 frågan
574 1091 35 14 om
627 1079 124 26 inrättande
769 1083 26 22 af
810 1088 28 17 en

82 1115 88 23 teknisk
192 1117 109 21 realskola
319 1117 7 21 i
344 1117 110 28 Joensuu,
473 1118 107 22 erkänner
594 1118 107 21 utskottet
716 1120 32 19 att
761 1123 28 16 en
804 1117 35 22 sås

82 1150 44 22 dan
148 1151 249 29 undervisningsanstalt
414 1152 72 22 skulle
505 1153 35 21 för
559 1153 59 21 östra
632 1151 94 22 Finland
741 1151 98 22 medföra

82 1188 69 25 nytta,
166 1192 49 14 men
230 1185 38 21 har
283 1185 68 22 likväl
366 1186 18 28 ej
400 1189 54 18 trott
468 1187 35 27 sig
519 1188 42 26 äga
576 1186 118 28 anledning
709 1185 80 21 föreslå
800 1187 39 25 att,

83 1219 132 21 statsverket
238 1220 33 20 för
293 1220 134 20 närvarande
450 1220 73 21 skulle
543 1220 90 21 bekosta
648 1219 28 21 de
691 1219 63 21 deraf
767 1219 73 21 föran=

82 1249 66 25 ledda
164 1252 98 29 utgifter,
274 1254 66 27 jemte
354 1250 38 24 det
407 1254 107 21 utskottet
529 1254 72 21 tillika
616 1253 69 21 håller
701 1253 56 27 före,
769 1255 33 19 att
812 1257 27 17 en

82 1291 31 23 ny
132 1286 24 21 så
175 1285 113 23 beskaffad
306 1283 136 31 läroanstalt,
459 1287 40 22 der
513 1288 43 20 den
572 1288 86 21 komme
673 1287 7 21 i
696 1286 72 29 fråga,
783 1286 57 22 före-

82 1318 109 24 trädesvis
216 1320 66 22 borde
301 1321 112 29 förläggas
432 1322 33 20 till
482 1321 89 28 Kuopio
587 1321 60 27 stad,
663 1321 53 21 eller
731 1320 42 22 ock
787 1320 54 21 mel-

82 1352 68 23 lersta
165 1342 154 43 Österbotten,
338 1356 34 20 för
391 1355 128 21 utbildande
535 1355 25 21 af
573 1355 27 21 de
615 1355 110 21 utmärkta
739 1353 102 22 tekniska

82 1387 42 21 och
140 1388 126 21 mekaniska
281 1389 75 28 anlag,
367 1395 47 15 som
427 1389 157 29 befolkningen
595 1389 8 21 i
613 1388 143 22 nästnämnde
766 1387 74 22 länds-

83 1424 35 18 ort
134 1421 56 22 visat
204 1422 34 28 sig
253 1422 47 29 äga

109 1460 64 23 Vällofi.
183 1462 142 23 borgareståndets
336 1459 80 24 protokoll
428 1463 103 24 landtdagen
541 1463 129 18 1863—1864.
783 1456 30 22 30
