992 1725
786 122 41 24 135

290 188 122 32 Tisdagen
431 187 49 25 den
498 188 33 24 20
551 186 108 26 oktober

96 234 96 22 klockan
210 233 58 22 elfva
287 232 164 28 föremiddagen
466 231 175 22 sammanträdde
657 231 34 21 till
706 231 89 28 plenum
811 232 46 22 väl-

96 268 78 29 loflige
197 266 190 30 borgareständets
410 266 100 28 samtlige
531 266 148 28 medlemmar,
701 268 61 19 utom
781 266 76 22 herrar

96 302 135 29 Björnberg,
246 301 141 27 Lindegvist,
402 299 120 29 Lindroth,
537 299 89 22 Franck
641 300 42 21 och
698 299 159 29 Hämäläinen,

97 335 77 23 hvilka
188 335 49 22 med
252 335 92 22 erhållet
358 334 98 22 tillstånd
471 341 54 14 voro
540 334 152 23 frånvarande.

166 369 44 22 Till
226 369 110 28 justering
350 369 113 28 upplästes
478 369 137 28 protokollet
630 369 35 21 för
679 369 43 21 den
738 369 27 21 16
781 369 7 22 i
803 369 53 21 den-

96 411 28 15 ne
144 403 88 26 månad;
251 403 52 22 derå
320 403 34 21 till
375 403 77 28 åtgärd
467 403 100 21 förekom
583 405 32 20 ett
629 403 26 22 af
666 403 50 22 herr
729 402 126 23 Juselius

97 438 99 29 uppläst,
211 437 121 30 sålydande
347 437 225 28 petitionsmemorial:

165 472 96 22 ”Lovisa
275 471 61 22 stads
352 471 134 29 borgerskap
501 471 40 21 har
555 471 13 21 å
583 471 80 22 allmän
679 471 104 29 rådstuga
800 478 56 22 upp-

97 506 75 29 dragit
193 507 22 21 åt
233 507 56 28 mig,
308 506 7 21 i
334 505 110 29 egenskap
463 506 25 21 af
500 505 79 22 utsedd
595 509 150 25 representant
759 506 36 21 för
811 508 44 19 sta-

96 541 54 27 den,
172 543 32 19 att
222 541 41 22 hos
282 540 116 28 välloflige
417 539 180 29 borgareståndet
612 539 92 22 utverka
718 539 137 29 underdånig

96 575 104 28 petition,
216 573 112 30 angående
343 573 135 29 öppnandet,
493 581 28 13 nu
539 576 86 26 genast,
641 574 26 21 af
678 573 100 29 segelbar
789 573 66 22 kanal

97 608 93 22 emellan
204 608 121 28 Wesijärvi
340 608 41 22 och
396 607 90 29 Päijäne
501 608 65 28 sjöar,
582 608 123 22 oberoende
716 608 65 22 deraf
789 607 66 22 huru-

96 642 53 22 vida
167 642 288 29 Helsingfors-Tavastehus
472 642 122 29 jernvägen
612 642 8 21 i
638 642 109 21 närmaste
766 642 89 22 framtid

96 676 75 22 vidare
192 677 111 21 fortsättes
322 676 53 22 eller
390 676 119 28 möjligtvis
524 676 98 22 kommer
637 679 32 19 att
684 676 60 22 ledas
759 676 8 22 i
783 684 71 15 annan

96 711 108 28 riktning,
220 711 28 21 än
263 710 33 22 till
312 710 78 22 Lahtis
405 710 29 29 by
449 710 60 22 invid
524 710 128 28 Wesijärvi.

166 744 84 22 Lovisa
268 745 49 21 stad
335 744 84 22 hemtar
434 744 48 22 från
497 744 128 22 stränderne
639 745 65 28 kring
718 744 90 29 Päijäne
823 747 32 19 ett

96 778 49 22 icke
164 778 123 30 obetydligt
302 779 56 27 parti
374 778 193 30 skogsprodukter,
585 778 96 22 särdeles
697 778 84 28 bräder,
797 779 57 22 hvil-

95 813 30 21 ka
139 812 124 30 uppläggas
278 812 37 22 vid
330 812 134 28 Anianpelto
480 812 41 22 och
536 812 96 22 derifrån
648 813 123 28 landvägen
783 816 70 19 trans-

95 849 99 26 porteras
213 846 34 22 till
266 846 89 23 Lovisa.
386 846 85 23 Genom
487 846 132 23 inrättandet
634 848 25 20 af
671 847 41 22 den
729 847 124 29 föreslagna

96 881 93 22 kanalen
204 881 86 21 komme
305 881 71 22 denna
390 881 173 28 landttransport
579 884 31 18 att
625 881 110 21 förkortas
749 881 50 22 med
815 882 13 21 3
840 884 13 19 å

94 916 15 21 4
127 915 45 22 mil.
208 915 122 22 Enahanda
349 915 71 22 fördel
440 915 24 22 af
480 923 27 13 en
526 915 87 21 kortare
629 915 174 28 landttransport
818 916 34 21 för

96 949 108 22 särskilda
223 957 64 13 varor
305 949 71 22 skulle
394 948 92 22 kanalen
502 949 99 21 medföra
616 949 33 21 för
665 949 74 28 Borgå
754 949 41 21 och
810 949 42 29 Jy-

94 983 94 29 väskylä
206 983 74 22 städer
295 984 66 28 jemte
379 983 28 22 de
424 983 62 22 invid
505 983 91 29 Päijäne
614 983 129 30 vattendrag
759 983 93 30 belägna

94 1017 129 22 landsorter.

162 1051 32 22 På
213 1051 92 23 anförda
322 1051 48 22 skäl
386 1051 42 22 och
442 1052 91 22 emedan
548 1051 42 22 den
605 1052 48 22 med
669 1051 182 22 kanalinrättnin-

93 1093 42 21 gen
158 1085 104 23 förenade
279 1085 105 28 kostnad,
407 1093 46 14 som
472 1086 30 21 uti
521 1086 82 28 nådiga
620 1085 167 29 propositionen
806 1085 44 22 N:o

94 1120 26 21 31
140 1120 24 21 är
183 1119 129 29 förslagsvis
331 1120 110 21 beräknad
460 1121 33 20 till
509 1121 92 26 165,000
615 1121 72 26 rubel,
703 1120 68 21 måste
787 1127 63 14 anses

93 1161 53 14 vara
165 1154 25 22 af
202 1154 160 28 jemförelsevis
380 1154 84 22 mindre
484 1155 143 29 betydenhet,
642 1155 7 21 i
665 1154 136 22 förhållande
816 1154 34 22 till

92 1188 43 21 den
154 1191 60 18 stora
233 1191 63 26 nytta
314 1188 93 22 kanalen
427 1189 165 29 otvifvelaktigt
611 1189 96 22 kommer
727 1191 32 19 att
773 1188 36 21 för
823 1196 27 14 en

92 1221 44 29 god
159 1221 36 22 del
218 1222 24 21 af
258 1222 74 22 landet
351 1223 108 27 medföra,
475 1223 98 22 anhåller
584 1224 40 28 jag
639 1223 112 21 vördsamt
765 1224 32 20 att
812 1222 38 23 det

91 1255 114 29 välloflige
224 1256 180 28 borgareståndet
421 1257 130 29 ynnestfullt
574 1257 112 28 behagade
708 1256 143 29 understödja

92 1289 83 23 Lovisa
193 1289 61 22 stads
269 1298 28 13 nu
312 1290 8 21 i
336 1290 64 29 fråga
414 1291 95 21 varande
525 1290 165 30 önskningsmål
705 1293 57 19 samt
776 1290 73 22 remit-

91 1326 47 20 tera
155 1323 120 22 detsamma
290 1324 34 22 till
339 1324 37 22 det
391 1324 96 28 utskott,
502 1332 47 15 som
565 1325 40 21 har
620 1327 31 20 att
666 1324 126 28 handlägga
807 1324 42 22 frå-

91 1365 53 21 gan,
163 1357 111 29 angående
290 1358 87 29 anslag,
394 1358 65 23 bland
474 1362 77 25 annat,
566 1360 34 21 till
616 1358 137 30 anläggande
768 1358 26 21 af
805 1365 44 23 nya

89 1392 306 23 kommunikationsanstalter
410 1393 7 21 i
432 1392 94 23 landet.”

160 1424 50 25 Och
229 1426 82 23 beslöts
326 1429 32 20 att
373 1426 92 23 berörde
480 1427 113 23 memorial
608 1427 71 23 skulle
691 1427 68 30 jemte
773 1428 75 27 proto-
