992 1725
798 122 25 20 7

96 183 92 31 ändring
206 185 7 21 i
232 192 29 14 nu
277 184 101 28 gällande
393 184 135 28 stadganden
543 192 36 13 om
595 184 131 28 kyrkoplikt
741 185 42 21 och
798 192 56 22 upp-

95 218 109 22 häfvande
223 220 25 20 af
264 218 41 22 den
324 218 34 21 för
373 218 59 21 vissa
447 218 58 21 brott
519 218 112 28 påbjudna
645 218 66 28 afgift
726 218 34 21 till
774 219 79 29 kyrka.

163 252 170 28 Propositionen
348 251 149 22 remitterades
512 252 34 21 till
561 252 153 28 lagutskottet.

164 285 44 22 N:o
230 286 37 28 15)
289 294 35 13 om
348 285 122 30 antagande
492 286 24 21 af
535 293 27 14 en
584 286 132 29 förordning
739 286 114 30 angående

95 319 131 22 barnamord
246 323 54 18 samt
319 321 79 21 fosters
413 319 150 22 fördrifvande
579 320 41 22 och
637 321 125 22 utsättande
777 322 75 21 äfven-

95 361 48 14 som
158 361 80 14 ansvar
252 355 35 20 för
301 355 61 21 vissa
376 354 39 21 fall
430 354 25 21 af
467 354 123 29 lägersmäl.

164 387 158 23 Remitterades
338 389 33 20 till
387 388 150 29 lagutskottet.

164 422 45 22 N:o
230 423 36 28 17)
292 430 35 14 om
350 422 122 29 antagande
493 423 24 21 af
537 430 27 13 en
587 423 131 29 författning
737 423 113 29 angäende

96 457 72 29 envig.

164 490 159 23 Renitterades
338 491 34 21 till
387 491 150 28 lagutskottet.

165 524 74 23 Sedan
254 525 49 22 herr
318 525 124 28 Björnberg
456 525 29 28 pä
500 526 93 27 begäran
609 526 86 21 erhällit
710 525 99 22 tillständ
821 528 32 19 att

95 559 29 29 pä
142 567 27 14 en
184 559 32 22 tid
232 560 24 21 af
269 559 100 30 omkring
384 559 46 22 ätta
445 559 67 29 dagar
527 560 35 21 för
577 560 100 22 enskilda
692 559 159 30 angelägenhe-

95 596 33 19 ter
144 594 108 28 bortresa,
268 594 54 22 slöts
338 594 167 22 sammanträdet
519 594 95 22 klockan
630 595 44 21 tvä.

652 630 22 16 In
686 630 61 16 fidem:

544 657 96 22 Sixtus
657 656 164 23 Calamnius.

278 773 162 33 Thorsdagen
459 773 46 25 den
525 774 16 24 8
560 773 106 25 oktober

94 812 174 22 sammanträdde
283 812 34 22 till
332 812 87 29 plenum
434 812 189 28 borgareständets
635 812 101 28 samtlige
747 812 102 21 medlem-

93 854 55 20 mar,
165 847 49 22 med
233 846 112 29 undantag
360 846 25 21 af
397 846 74 22 herrar
486 846 133 29 Björnberg,
637 846 132 27 Wesander,
784 845 66 22 Hult-

93 888 61 21 man,
166 880 134 22 Grundfeldt
312 881 42 21 och
362 881 87 26 Krank,
462 881 74 21 hvilka
547 881 49 21 med
608 881 97 21 ständets
717 880 132 29 begifvande

93 922 53 15 voro
162 915 149 21 fränvarande.

161 948 44 22 Till
225 949 109 28 justering
351 949 111 28 upplästes
480 949 109 21 särskilda
608 949 79 29 utdrag
705 957 26 13 ur
750 948 98 22 ständets

91 983 113 28 protokoll
222 983 35 21 för
275 983 43 22 den
333 984 12 20 7
361 983 91 27 dennes,
471 983 111 29 angäende
599 983 78 22 remiss
693 983 34 21 till
741 983 107 22 vederbö-

91 1016 67 22 rande
173 1017 85 21 utskott
273 1017 24 22 af
310 1017 76 22 dervid
402 1017 130 29 föredragna
547 1017 168 28 propositioner.

159 1050 257 31 Härefter
272 1046 10 39 .
291 1050 125 31 föredrogos
435 1051 41 22 och
495 1052 113 28 upplästes
628 1051 96 29 följande
739 1051 34 21 till
788 1051 60 21 stän-

90 1084 67 22 derne
173 1085 162 22 öfverlemnade
350 1085 80 29 nådiga
445 1086 172 29 propositioner:

158 1118 46 22 N:o
224 1120 36 27 16)
285 1127 35 14 om
343 1120 121 28 antagande
487 1121 24 20 af
531 1128 26 14 en
581 1120 130 27 författning
735 1119 112 28 angäende

90 1154 61 28 dräp,
167 1157 51 18 utan
233 1154 81 28 uppsät
329 1156 31 19 att
374 1154 68 28 döda,
454 1155 41 21 och
509 1162 70 14 annan
591 1154 132 21 misshandel
735 1153 12 21 ä
758 1160 87 21 person.

157 1188 33 21 Pä
208 1188 75 21 derom
302 1188 121 21 framställd
442 1189 147 28 proposition,
605 1187 150 23 remitterades
774 1186 72 22 denna

88 1222 62 28 fräga
165 1222 33 21 till
213 1222 151 28 lagutskottet.

156 1254 44 22 N:o
222 1256 36 28 18)
284 1264 36 14 om
343 1257 120 29 antagande
486 1258 25 20 af
530 1265 26 13 en
580 1257 130 28 förordning
733 1256 113 28 angäende

88 1289 57 21 falsk
162 1290 122 28 angifvelse
300 1290 42 22 och
358 1299 70 13 annan
444 1291 168 28 ärekränkning.

155 1322 171 30 Remitterades,
348 1325 70 29 enligt
437 1326 25 20 af
478 1326 86 21 ståndet
583 1328 92 26 antagen
696 1324 149 29 proposition,

84 1358 81 28 jemväl
180 1358 34 21 till
229 1358 149 29 lagutskottet.

154 1392 46 21 N:o
216 1392 37 29 38)
277 1393 112 29 angäende
401 1393 142 29 tillverkning
556 1394 40 21 och
609 1393 131 28 försäljning
751 1392 25 20 af
781 1391 64 21 brän-

85 1426 37 21 vin
137 1426 7 21 i
160 1426 101 22 Finland.
