992 1725
176 115 41 22 352

146 177 180 30 Författningens
344 178 157 28 upphäfvande
519 178 58 23 inom
597 186 26 14 en
639 179 86 21 kortare
741 178 95 30 tidrymd
853 180 53 21 kuna

146 212 28 22 de
192 212 100 22 medföra
310 212 115 30 betydliga
444 213 103 21 förluster
566 214 35 20 för
620 213 58 27 dem,
694 220 58 20 som,
768 214 7 20 i
791 212 115 22 förlitande

146 246 30 30 på
190 246 137 22 densammas
344 247 101 27 bestånd,
460 248 59 28 gjort
534 247 162 28 spekulationer
710 247 7 21 i
733 247 104 28 spanmål.

217 285 58 24 Herr
290 286 164 22 Dahlström:
476 285 45 30 Jag
535 286 43 22 kan
595 288 18 27 ej
630 287 46 22 inse
692 286 71 29 någon
777 287 55 22 våda
843 287 24 21 af
876 289 31 19 att

148 321 117 22 ständerne
288 321 40 21 hos
351 321 61 21 Hans
435 321 105 28 Majestät
562 321 106 28 Kejsaren
688 321 87 21 anhålla
793 329 34 13 om
843 329 64 21 span-

149 355 162 22 målshandelns
330 355 125 28 frigörande
474 355 27 28 på
521 355 138 29 obegränsad
675 355 38 21 tid.
744 355 43 21 Till
803 356 40 21 den
859 356 48 21 osä-

148 389 78 22 kerhet
240 397 26 14 en
283 389 131 29 föregående
429 389 68 22 talare
513 389 85 22 befarat
613 391 7 20 i
636 389 54 29 följd
706 390 24 21 af
739 397 27 14 en
778 390 129 28 författning

148 423 8 22 i
176 423 78 22 sådant
274 424 66 29 syfte,
358 430 65 23 synes
438 424 45 28 mig
499 424 54 21 intet
567 424 48 21 skäl
632 423 144 28 förekomma,
793 423 27 22 då
835 424 72 21 förde-

149 458 60 21 larne
225 459 24 20 af
262 458 28 21 fri
306 458 189 28 spanmålshandel
511 459 37 20 äro
565 458 74 21 alltför
655 458 90 21 allmänt
760 457 100 28 insedda,
873 458 34 21 för

150 494 32 19 att
204 499 26 14 en
250 491 106 30 återgång
374 492 34 21 till
428 492 36 21 det
480 492 58 21 förra
553 495 105 26 systemet
673 492 70 21 skulle
759 493 72 20 kunna
846 491 61 22 kom-

150 533 36 14 ma
208 525 7 22 i
239 526 67 29 fråga.
341 526 105 21 Tvärtom
461 526 84 21 medför
561 526 218 29 spanmålshandelns
794 526 64 21 frihet
873 527 35 20 för

151 560 139 29 obegränsad
309 561 43 27 tid,
370 560 70 29 enligt
454 561 43 21 min
513 561 67 28 åsigt,
596 568 26 14 en
638 561 69 22 större
723 560 100 22 säkerhet
838 561 27 21 än
880 568 27 15 en

152 594 159 30 inskränkning
327 595 65 21 deraf
404 595 32 21 till
452 594 77 22 endast
543 596 31 20 tio
591 596 52 21 eller
658 595 82 21 femton
756 595 29 21 år.

221 634 59 22 Herr
295 634 172 28 Lindeqvist:
496 634 45 30 Jag
560 635 97 21 anhåller
672 635 22 21 få
709 635 75 22 förena
799 635 44 29 mig
859 633 48 24 med

152 668 51 22 herr
224 668 136 22 Dahlström.
397 668 35 22 Då
455 669 85 22 ståndet
558 669 66 22 redan
643 669 79 21 nttalat
739 670 44 28 sig,
803 670 54 21 först
873 670 35 22 för

152 703 69 21 tullfri
237 703 80 28 import
333 703 41 22 och
389 707 78 25 export
482 704 24 21 af
518 704 99 28 spanmål
632 704 41 22 och
689 704 66 21 sedan
767 704 34 21 för
812 704 95 22 införan-

152 737 27 21 de
195 738 6 20 i
218 737 40 21 den
276 738 111 21 blifvande
403 738 156 28 författningen
575 738 7 21 i
597 740 72 20 ämnet
685 738 24 21 af
722 738 40 21 den
775 738 133 28 uttryckliga

152 771 133 29 förklaring,
308 774 31 18 att
358 772 79 22 förbud
456 775 58 18 emot
529 780 77 14 varans
621 773 32 21 in-
669 772 52 22 eller
738 772 89 21 utförsel
845 773 63 20 fram-

152 804 60 22 deles
234 806 18 28 ej
274 806 96 21 kommer
389 809 31 18 att
438 807 42 28 äga
495 814 58 19 rum,
568 806 25 22 sä
608 814 65 22 synes
689 806 44 28 mig
749 806 94 27 ständet,
860 814 47 14 som

152 839 91 21 sålunda
258 842 68 27 yttrat
341 840 35 29 sig
392 841 32 21 för
440 840 69 22 denna
521 840 89 22 handels
623 841 138 28 fullkomliga
774 841 73 27 frihet,
860 841 48 21 icke

151 873 119 30 lämpligen
286 874 73 22 kunna
374 875 71 21 tillika
461 875 85 22 anhälla
561 883 35 14 om
612 883 26 14 en
653 875 160 28 inskränkning
824 876 24 21 af
857 875 51 22 den-

150 915 28 14 na
194 909 65 20 frihet
274 909 7 20 i
298 909 101 22 afseende
414 909 13 22 å
442 909 65 22 tiden.

222 939 59 25 Herr
297 937 151 34 Öhrnberg:
475 943 77 29 Enligt
571 943 43 22 min
633 943 142 28 uppfattning
795 943 23 22 af
835 943 73 22 herrar

152 976 127 22 Hackmans
296 977 40 21 och
355 977 80 22 Wolffs
450 978 126 29 yttranden,
595 985 67 22 synas
677 977 64 22 dessa
757 978 69 28 begge
841 978 67 21 talare

152 1017 52 14 anse
224 1013 32 18 att
274 1011 128 28 regeringen
421 1012 42 21 och
478 1012 115 21 ständerne
608 1020 27 13 nu
653 1011 67 22 borde
736 1011 97 22 meddela
849 1012 60 21 kom-

152 1044 78 21 mande
249 1045 87 21 ständer
356 1045 92 22 likasom
464 1046 62 21 äfven
542 1047 129 28 regeringen
687 1053 26 14 en
730 1045 107 22 bindande
854 1047 56 20 före-

151 1078 65 21 skrift
239 1079 34 20 för
294 1079 64 21 deras
376 1080 97 28 görande
492 1080 39 21 och
548 1081 85 21 låtande
649 1081 7 20 i
673 1079 100 22 afseende
789 1079 12 22 å
817 1080 93 28 lagstift-

152 1111 81 29 ningen
258 1120 35 14 om
315 1113 214 28 spanmålshandeln,
552 1115 131 20 åtminstone
705 1114 68 21 under
796 1113 25 22 de
842 1115 68 20 första

152 1145 83 23 femton
251 1146 50 22 åren
318 1147 54 21 efter
388 1147 36 22 det
440 1149 155 28 författningen
611 1149 6 21 i
633 1149 73 21 ämnet
721 1148 124 26 utkommit;
862 1156 47 14 men

152 1183 32 18 att
207 1180 54 21 söka
284 1181 79 28 ålägga
382 1181 48 21 dem
451 1186 31 17 ett
497 1182 77 22 sådant
589 1183 57 21 band
663 1183 6 21 i
685 1182 62 22 deras
764 1183 145 26 verksamhet,

152 1220 65 22 synes
234 1214 46 29 mig
296 1215 54 21 både
366 1216 92 28 origtigt
472 1216 39 21 och
529 1216 134 29 fullkomligt
678 1217 109 28 gagnlöst.
809 1217 48 21 Den
873 1225 38 13 en-

152 1247 39 27 da,
215 1256 48 13 men
287 1249 67 21 också
376 1249 42 22 den
442 1250 61 22 bästa
521 1250 100 22 säkerhet
640 1258 50 14 man
709 1251 7 21 i
735 1250 59 22 detta
809 1251 101 21 afseende

151 1281 44 22 kan
212 1282 90 28 begära,
318 1284 24 20 är
358 1284 159 29 öfvertygelsen
533 1284 85 28 derom,
634 1288 32 18 att
681 1284 116 22 ständerne
813 1286 35 20 vid
862 1286 49 20 blif-

154 1316 70 21 vande
238 1316 137 30 landtdagar,
388 1318 92 22 likasom
492 1319 35 21 vid
541 1319 42 21 den
596 1327 27 13 nu
637 1319 120 29 pågående,
769 1320 62 20 skola
842 1319 69 22 förstå

152 1352 33 18 att
207 1350 43 21 rätt
269 1352 101 26 uppfatta
389 1352 85 22 landets
494 1353 105 21 behofver
613 1354 8 20 i
636 1353 42 21 allt
693 1352 58 22 hvad
767 1354 27 27 på
810 1352 48 22 dem
874 1361 37 13 an-

152 1383 105 23 kommer.
294 1384 32 22 Ur
342 1386 66 21 sådan
425 1387 112 29 synpunkt
552 1386 42 22 kan
607 1388 41 28 jag
663 1387 84 21 således
763 1387 48 21 icke
828 1387 83 21 biträda

152 1416 64 22 dessa
232 1418 78 22 talares
326 1420 58 29 åsigt
399 1420 84 29 derom,
499 1424 30 19 att
545 1421 6 21 i
569 1422 157 29 författningen
742 1421 65 22 måtte
823 1421 49 30 ingå
885 1428 26 15 en
