992 1725
791 135 40 21 149

100 194 141 29 gareståndet
260 194 50 21 ville
329 194 93 28 benäget
438 196 96 26 upptaga
549 194 72 22 denna
637 195 91 27 petition
744 196 53 29 och,
813 198 47 21 ifall

101 228 53 23 derå
169 230 68 21 fästes
253 228 111 27 afseende,
380 228 64 21 deraf
456 228 61 28 gifva
532 228 27 21 de
575 228 72 29 öfriga
662 229 92 23 stånden
769 230 56 22 del”

170 268 78 22 Denna
267 267 91 29 petition
378 267 116 22 bordlades
513 267 28 29 på
556 268 97 29 begäran
669 269 24 21 af
706 268 49 23 herr
772 264 89 28 Öhrn-

103 303 63 28 berg
182 303 56 21 intill
254 303 62 20 nästa
331 302 94 28 plenum.

171 341 83 22 Vidare
270 341 113 29 föredrogs
399 342 25 21 af
436 341 49 22 herr
500 341 127 22 Thermén
644 343 95 29 följande
755 345 105 28 petition:

170 375 92 23 ”Ibland
278 376 26 21 de
320 376 96 27 ärender,
432 375 74 22 hvilka
521 376 7 21 i
541 377 102 21 afseende
655 377 13 21 å
679 379 132 27 föregående
824 379 36 21 be-

102 410 105 29 handling
222 410 56 22 varit
294 410 160 21 öfverlemnade
472 410 34 21 till
525 410 37 21 det
581 411 85 21 utskott
684 412 24 21 af
725 412 136 22 förtroende-

102 446 60 27 män,
178 452 48 15 som
240 445 69 21 under
325 445 83 20 vintern
424 444 94 22 sistlidet
533 445 25 21 år
572 445 73 21 1862
639 440 12 37 i
660 445 71 22 denna
742 446 50 23 stad
804 453 56 15 sam-

100 479 122 28 manträdt,
244 479 146 22 förekommer
412 478 42 22 ock
472 479 83 21 motion
575 486 35 14 om
629 479 193 30 åvägabringande
837 481 26 21 af

98 521 31 14 en
144 514 70 21 större
225 513 157 28 skyndsamhet
393 513 7 21 i
411 512 106 22 Finlands
529 513 127 22 nuvarande
667 515 192 29 rättegängsform.

102 548 80 21 Denna
200 547 72 29 fräga,
296 547 33 22 för
347 546 64 22 hvars
430 547 97 29 lösning,
544 547 66 21 bland
626 552 74 23 annat,
716 549 143 29 lagmansrät-

98 585 75 19 -ternes
188 581 132 29 indragning
335 581 81 21 funnits
431 582 77 28 nödig,
524 581 45 27 har,
585 582 34 20 för
630 582 66 21 andre
708 583 7 21 i
727 583 84 21 landets
823 584 36 21 väl

102 624 60 14 mera
176 615 129 29 ingripande
320 616 98 25 ärender,
434 616 47 21 icke
497 616 73 21 blifvit
586 616 89 22 föremäl
692 617 35 21 för
739 617 121 29 handlägg-

102 651 53 28 ning
170 650 37 22 vid
222 658 29 13 nu
266 650 111 29 pågående
388 649 115 30 landtdag,
517 658 49 14 men
578 650 37 22 vid
627 650 42 22 den
684 651 116 29 landtdag,
812 658 47 14 som

102 685 63 21 Hans
180 684 126 29 Kejserliga
320 684 111 28 Majestät,
447 684 38 21 vär
499 684 100 29 nädigste
616 684 128 30 Storfurste,
760 686 31 20 uti
807 685 52 22 dess

102 720 34 21 till
158 719 84 21 landets
262 726 28 14 nu
310 718 129 22 församlade
457 718 88 22 ständer
565 718 72 22 hällna
656 719 95 23 throntal
771 719 89 30 nädigst

103 753 107 22 förklarat
230 753 36 28 sig
288 752 65 22 hafva
376 753 34 21 för
428 753 66 29 afsigt
512 756 33 18 att
559 752 47 22 äter
621 754 74 28 öppna
709 754 56 22 efter
779 756 32 19 tre
827 754 32 27 är,

102 787 63 22 torde
180 787 110 22 sannolikt
304 790 32 18 ett
350 786 120 29 lagförslag
482 787 7 21 i
501 787 78 28 antydt
590 787 57 28 syfte
659 788 86 21 komma
757 790 32 19 att
800 788 59 21 stän-

102 822 66 22 derne
187 822 134 28 förcläggas;
340 821 41 22 och
400 828 47 14 som
462 821 119 22 detsamma
597 821 6 21 i
621 822 139 21 omförmäldt
775 821 84 22 afseen-

102 856 28 22 de
152 858 52 19 utan
222 855 77 22 tvifvel
317 855 58 22 lärer
393 856 25 21 af
434 855 116 22 ständerne
565 856 138 28 godkännas,
721 856 32 22 fär
765 856 40 29 jag
819 856 40 21 öd-

102 891 96 28 mjukast
219 889 81 22 föreslä
321 892 32 19 att
372 890 112 28 välloflige
504 890 181 28 borgareständet
703 890 52 23 ville
771 890 34 21 till
820 890 39 21 vär

102 925 80 28 nädige
205 924 91 21 monark
317 923 51 29 ingä
386 923 50 22 med
455 924 135 28 underdänig
609 925 91 27 petition
717 932 33 14 om
767 927 32 18 att
815 924 44 21 alla

101 958 210 29 lagmansembeten,
334 965 46 14 som
403 958 33 21 för
458 959 135 21 närvarande
612 959 38 20 äro
670 959 53 21 eller
737 959 121 22 emellertid

102 993 70 21 blifva
190 992 83 29 lediga,
292 992 48 21 icke
355 993 66 20 mätte
436 992 143 22 äterbesättas
595 993 28 27 pä
638 993 107 22 ordinarie
761 995 53 25 stat,
830 993 29 28 pä

101 1027 48 26 det,
176 1026 74 22 derest
271 1027 205 28 lagmansrätternes
498 1026 132 29 indragning
651 1027 80 21 blifver
753 1026 106 28 slutligen

101 1060 134 27 stadfästad,
257 1061 67 28 nägot
346 1059 76 22 hinder
440 1060 52 21 eller
511 1060 103 28 uppehäll
632 1067 79 21 genom
730 1061 128 28 tjensternes

101 1095 160 22 innehafvande
276 1095 26 21 af
314 1094 108 22 ordinarie
438 1094 86 29 lagmän
543 1095 19 28 ej
579 1094 35 21 mä
629 1095 58 20 möta
705 1093 154 22 användandet

101 1129 26 22 af
138 1129 90 21 lönerne
242 1128 34 21 till
291 1127 27 22 de
333 1128 109 28 ändamål,
458 1136 47 13 som
520 1129 48 20 med
585 1129 128 28 tjensternes
725 1127 134 29 indragning

101 1164 91 28 åsyftas.
207 1175 29 5 —
253 1162 43 22 Om
316 1162 60 22 detta
390 1163 49 21 mitt
454 1163 103 28 ödmjuka
573 1163 82 28 förslag
671 1162 75 21 vinner
762 1162 97 21 vällofli-

100 1205 29 21 ge
151 1196 191 30 borgareständets
365 1197 112 26 afseende,
496 1197 97 21 anhäller
609 1198 39 27 jag
667 1200 31 18 att
716 1196 143 22 detsamma
843 1192 20 38 i

93 1231 111 22 -afseende
219 1231 12 21 ä
247 1230 68 29 nödig
330 1231 119 28 beredning
461 1231 71 22 blefve
544 1230 159 22 öfverlemnadt
715 1230 32 21 till
759 1229 100 23 ständets

101 1265 195 22 besvärsutskott.”

170 1298 12 22 I
197 1298 71 22 denna
284 1299 90 27 petition
391 1299 101 22 förenade
508 1299 33 29 sig
557 1299 50 21 herr
617 1298 121 22 Juselius
753 1298 51 22 med
815 1298 44 21 för-

101 1333 72 23 mälan
195 1335 33 20 att
249 1332 43 22 ban
317 1333 57 22 varit
395 1333 77 22 sinnad
496 1333 121 23 framställa
639 1332 92 30 petition
750 1333 7 21 i
776 1338 83 15 samma

100 1369 70 21 ämne.

169 1401 33 22 På
224 1401 95 29 begäran
343 1402 25 20 af
388 1401 74 22 herrar
481 1401 160 29 Tengström
664 1401 41 22 och
723 1398 136 25 Sundman

101 1435 116 24 bordlades
232 1434 122 30 petitionen
372 1435 33 23 till
420 1436 62 21 nästa
497 1436 94 29 plenum.
