992 1725
769 128 41 21 207

80 188 48 24 dets
147 188 132 32 grundlagar
298 189 80 22 bevara
397 189 42 22 ock
454 188 22 23 åt
491 186 86 26 landets
593 187 82 31 lagliga
690 193 151 25 representan-

80 228 33 19 ter
127 226 71 22 denna
213 225 111 29 rättighet.
354 223 43 22 Väl
414 223 66 23 måste
496 224 124 28 medgifvas
636 227 32 18 att
683 224 74 22 landet
771 225 69 21 under

80 266 27 15 en
129 260 32 21 tid
184 260 24 21 af
227 266 45 14 mer
295 259 27 21 än
343 258 75 21 femtio
436 258 24 21 år
478 258 19 28 ej
517 258 57 21 varit
592 258 7 20 i
614 258 87 21 tillfälle
717 260 32 20 att
763 259 77 21 utöfva

80 293 71 22 denna
166 293 256 28 sjelfbeskattningsrätt;
441 299 47 14 men
504 292 60 22 inom
579 292 44 22 alla
637 292 74 28 stånd,
727 293 66 22 äfven
809 293 31 21 in-

81 335 37 14 om
139 327 69 28 detta,
232 327 66 22 hafva
319 326 69 22 under
409 333 28 14 nu
460 326 119 28 påstående
600 326 106 29 landtdag
724 327 117 29 petitioner

82 361 74 22 blifvit
170 360 144 28 framställde,
329 360 102 29 syftande
442 360 93 28 derhän,
548 363 32 19 att
591 361 130 28 utöfningen
732 362 26 21 af
766 362 75 21 nämn-

81 396 30 21 da
125 396 44 21 rätt
177 395 73 22 .måtte
264 395 75 22 landet
355 395 111 26 förunnas,
482 395 64 21 äfven
561 395 25 21 så
598 395 47 21 vidt
660 395 43 21 den
717 396 59 21 afser
790 395 50 21 tull-

82 429 173 30 lagstiftningen.
285 430 36 21 Då
336 430 39 27 jag
394 429 102 21 besinnar
512 429 67 22 dessa
597 429 161 28 förhållanden,
773 436 67 22 synas

82 462 28 24 de
125 464 45 29 mig
184 463 109 30 svårligen
308 463 44 22 låta
368 464 75 20 förena
457 463 35 28 sig
507 462 49 22 med
572 465 31 19 ett
613 463 175 28 petitionerande
799 463 40 22 hos

82 499 120 22 monarken
220 507 35 14 om
275 497 51 22 flere
340 498 54 21 eller
409 497 57 22 färre
482 497 175 22 modifikationer
671 497 7 22 i
694 505 28 15 nu
737 497 103 30 gällande

83 533 118 22 tullsatser.
231 529 33 25 Är
279 532 37 23 det
331 531 108 29 nemligen
454 531 85 22 landets
554 531 105 29 rättighet
674 535 32 18 att
721 532 122 22 bestämma

83 567 149 28 tullsatserne,
254 567 25 21 så
300 566 69 22 måste
390 566 36 22 väl
445 565 47 23 deri
510 566 66 22 äfven
595 566 51 29 ingå
660 566 134 29 rättigheten
809 569 33 19 att

83 602 129 28 genomföra
229 601 65 23 dessa
312 601 181 22 modifikationer.
521 600 46 30 Jag
582 601 39 21 vill
636 601 69 22 likväl
721 601 49 21 icke
785 604 56 18 mot-

83 636 58 22 sätta
159 636 45 28 mig
224 636 87 28 frågans
330 634 152 23 remitterande
500 635 34 21 till
549 635 102 22 enskilda
665 635 176 23 besvärsutskot-

84 672 41 25 tet,
146 672 52 20 utan
216 670 39 22 har
273 670 78 22 endast
369 669 59 22 velat
444 670 121 21 framställa
579 670 65 21 dessa
659 669 185 29 betänkligheter,

83 704 29 28 på
127 704 37 22 det
179 704 105 22 utskottet
298 704 35 22 må
349 704 67 22 blifva
432 704 6 21 i
454 704 87 22 tillfälle
552 706 32 19 att
595 704 37 22 vid
644 704 89 30 frågans
744 704 96 22 behand-

83 738 47 30 ling
145 741 51 26 taga
210 738 49 22 dem
274 739 7 21 i
297 738 162 29 öfvervägande
474 738 42 22 och
531 738 24 22 åt
569 736 50 24 dem
633 745 58 23 egna
704 738 39 23 det
757 738 86 22 afseen-

83 772 38 29 de,
136 773 108 22 utskottet
258 773 43 21 kan
316 779 52 15 anse
382 772 49 22 dem
448 771 99 30 förtjena.

152 818 59 22 Herr
226 818 166 29 Tengström:
419 818 49 21 Mot
488 817 79 30 sjelfva
582 818 119 22 innehållet
715 818 26 22 af
754 816 87 30 petitio-

84 860 41 14 nen
141 852 40 22 har
193 853 39 28 jag
247 854 19 27 ej
282 853 67 29 något
364 855 31 20 att
407 852 112 29 anmärka,
531 860 49 15 men
591 856 58 19 emot
660 853 83 22 formen
755 853 25 21 af
789 853 52 22 den=

83 894 83 14 samma
180 894 66 21 synes
261 887 45 29 mig
322 886 79 23 tvänne
416 887 170 29 anmärkningar
601 887 74 22 kunna
689 888 73 28 göras.
792 888 49 21 Den

83 928 43 15 ena
144 921 25 22 af
185 921 65 22 dessa
264 920 174 30 anmärkningar,
453 921 7 22 i
476 921 89 22 hvilken
578 923 39 28 jag
633 922 47 21 blef
692 921 149 22 förekommen

84 955 26 24 af
125 955 49 22 herr
193 950 128 34 Öhrnberg,
339 955 43 22 kan
398 956 8 21 i
421 955 88 23 korthet
524 956 113 29 uttryckas
653 956 34 27 så,
702 958 33 19 att
749 955 38 22 det
801 955 41 30 lig-

84 995 39 22 ger
138 995 26 16 en
180 989 130 29 motsägelse
327 989 30 22 uti
369 993 32 18 att
412 989 131 29 petitionera
554 997 35 14 om
602 990 127 29 förändring
740 990 26 21 af
773 990 70 28 några

84 1023 60 22 vissa
162 1023 211 30 tullbestämningar,
392 1023 28 22 då
437 1032 50 14 man
502 1025 115 28 samtidigt
631 1023 104 29 anhåller,
751 1027 32 19 att
798 1023 44 23 alla

83 1055 204 32 tullbestämningar
308 1057 116 23 framdeles
446 1059 66 22 måtte
531 1059 96 28 grundas
647 1057 76 23 endast
742 1058 29 29 på
785 1065 56 15 sam-

83 1091 83 22 verkan
184 1092 25 21 af
225 1092 71 29 bägge
316 1092 173 22 statsmakterne.
523 1093 50 21 Den
588 1091 67 23 andra
669 1092 173 29 anmärkningen

83 1125 25 21 är
122 1127 32 20 att
166 1125 40 29 jag
220 1133 64 14 anser
298 1126 120 28 petitionen
435 1134 53 14 vara
503 1127 25 21 af
540 1125 43 23 den
594 1125 161 29 beskaffenhet,
767 1129 32 19 att
810 1127 32 21 in-

84 1159 106 30 bjudning
205 1161 34 21 till
254 1159 27 23 de
296 1160 73 29 öfriga
383 1160 89 23 stånden
488 1164 32 18 att
535 1161 46 22 deri
596 1159 87 31 deltaga
693 1162 19 28 ej
725 1160 43 22 kan
780 1160 62 22 kom-

66 1196 52 20 "ma
136 1194 8 22 i
159 1194 72 29 fråga,
253 1197 51 19 utan
321 1196 130 27 petitionen,
474 1202 36 15 om
525 1194 41 23 den
583 1198 100 26 antages,
708 1194 53 23 böra
777 1195 65 21 fram-

83 1228 76 22 ställas
178 1229 25 21 af
219 1229 179 29 borgareståndet
416 1232 91 19 ensamt.
538 1229 45 22 Det
597 1230 63 21 ämne
675 1230 42 21 den
733 1229 58 21 afser
805 1230 37 21 rör

82 1260 110 30 nemligen
214 1263 76 21 främst
312 1263 191 29 borgareståndet,
521 1264 43 21 och
583 1264 90 21 osäkert
686 1264 25 21 är
726 1262 65 22 äfven
806 1270 37 15 om

82 1302 50 15 man
148 1296 42 22 kan
206 1297 49 21 med
270 1297 82 22 visshet
368 1296 96 29 påräkna
479 1297 120 22 understöd
611 1298 33 20 för
655 1297 127 21 densamma
793 1297 49 22 från

82 1330 28 22 de
128 1330 72 29 öfriga
219 1329 103 24 ständens
338 1332 53 21 sida.
422 1330 106 23 Likasom
541 1332 40 28 jag
596 1332 68 28 ansåg
679 1331 43 21 den
737 1337 54 22 nyss
807 1331 36 21 be-

82 1364 109 22 handlade
214 1365 120 28 petitionen
357 1373 35 14 om
415 1363 152 31 soldattorpen
589 1365 79 22 endast
689 1365 51 21 röra
762 1364 81 22 bonde-

82 1398 96 28 ständet,
200 1399 25 21 sä
243 1406 65 22 synes
327 1400 45 28 mig
390 1400 71 22 denna
480 1400 93 28 petition
590 1400 53 22 böra
658 1398 133 23 framställas
806 1404 37 16 en-

81 1432 51 25 dast
152 1433 26 22 af
201 1433 185 30 borgareständet.
429 1433 45 23 För
497 1434 68 29 öfrigt
587 1434 126 22 instemmer
732 1432 40 29 jag
793 1431 51 24 med
