992 1725
182 112 42 22 342

154 174 84 22 skrifna
253 174 111 28 exemplar
380 174 62 22 skola
458 174 34 21 för
507 174 76 28 hvarje
599 174 22 22 år
637 174 46 22 från
699 174 162 21 underrätterne
877 174 34 22 till

154 207 84 23 hofrätt
260 208 114 26 insändas;
396 216 49 14 men
468 208 37 21 det
524 208 91 21 oaktadt
633 208 38 21 har
687 207 37 21 det
737 207 85 28 jemlikt
837 206 73 28 kongl.

155 242 85 22 brefvet
254 242 42 22 den
312 243 12 20 6
340 242 118 21 november
474 242 55 21 1712
545 242 56 21 varit
616 242 78 22 tillåtet
706 240 162 27 underdomare,
880 243 32 19 att

154 283 26 14 ur
195 276 143 23 omförmälde
354 276 110 28 exemplar
480 276 95 21 utesluta
589 276 158 28 ransakningar
762 276 41 21 och
818 275 71 28 utslag
904 274 7 22 i

154 310 114 27 brottmål,
292 317 46 16 som
358 310 73 21 blifvit
450 310 84 22 hofrätt
552 310 156 22 underställda.
739 310 40 21 Att
793 309 119 22 emellertid

154 344 76 22 vidare
252 345 160 28 inskränkning
434 345 6 20 i
464 345 72 20 denna
555 345 127 29 skyldighet
701 344 43 21 kan
759 344 42 22 och
817 345 38 20 bör
871 345 41 27 äga

154 385 58 20 rum,
235 378 63 23 torde
316 386 52 15 vara
384 379 170 28 otvifvelaktigt.
592 378 36 22 Dä
643 378 156 22 renovationen
815 379 24 20 af
851 378 60 21 dom-

154 412 74 22 boken
250 413 56 20 först
328 412 102 28 päbjöds,
456 413 113 28 åsyftades
591 412 89 22 dermed
703 416 32 17 att
757 413 154 20 öfverrätterne

155 447 71 22 skulle
249 446 82 29 årligen
355 447 85 22 öfverse
459 447 43 22 alla
521 447 175 22 underrätternes
716 446 81 23 domar.
829 445 82 22 Sådant

154 480 55 23 låter
224 481 35 27 sig
274 481 68 21 likväl
358 488 88 13 numera
460 481 48 21 icke
524 481 61 28 göra,
597 481 66 21 sedan
676 481 157 21 öfverrätterne
844 480 68 28 knap-

154 517 50 28 past
219 514 118 23 medhinna
352 514 192 29 handläggningen
559 515 42 21 och
617 514 131 29 pröfningen
763 515 25 22 af
800 513 27 23 de
841 514 72 27 saker,

155 556 47 15 som
218 549 38 22 der
272 549 112 29 fullföljas.
418 548 93 22 Derföre
527 549 43 21 kan
587 550 17 27 ej
622 549 67 22 heller
705 549 36 20 det
757 548 95 29 antydda
867 549 45 29 syf-

154 583 90 23 temälet
262 584 34 22 för
314 584 134 21 närvarande
465 590 62 14 anses
543 584 105 21 innefatta
663 590 26 14 en
706 582 206 30 tillfyllestgörande

155 617 119 29 anledning
289 618 34 22 för
338 620 31 19 ett
385 617 132 23 fortfarande
529 617 226 22 renovationsbesvär.
781 617 131 23 Kontrollen

156 652 62 22 öfver
238 654 31 18 att
287 651 89 22 domare
395 652 40 21 och
451 652 133 22 embetsmän
601 652 94 28 fullgöra
710 651 62 22 deras
788 651 125 29 skyldighe-

155 688 33 19 ter
204 686 67 20 måste
287 685 87 23 utöfvas
390 693 78 20 genom
485 685 67 22 andra
567 686 102 28 åtgärder
685 686 26 21 än
728 685 36 27 de,
781 685 73 23 hvilka
870 685 42 23 öka

155 719 182 28 skyldigheterna
352 719 41 21 och
408 719 89 22 dermed
513 720 99 21 försvåra
627 720 62 21 deras
709 719 146 29 fullgörande;
871 719 42 22 och

154 754 9 22 i
185 753 143 23 förevarande
351 754 122 22 hänseende
492 754 79 22 saknas
591 754 111 21 dessutom
721 754 18 28 ej
755 753 120 21 kontroller
891 754 25 21 af

155 794 72 16 annan
250 787 158 27 beskaffenhet,
432 788 74 21 hvilka
526 788 33 22 för
578 788 123 22 ändamålet
720 789 37 22 äro
774 788 139 28 tillräckliga,

154 820 68 24 Dock
237 822 24 21 är
280 821 36 21 det
335 822 124 28 angeläget,
476 825 31 19 att
522 822 157 29 handlingarne
696 822 91 22 rörande
802 822 111 28 åtskilliga

154 855 9 23 i
178 855 162 24 domböckerne
358 856 178 22 förekommande
555 857 76 21 tvister
651 856 41 22 och
709 856 90 23 ärender
814 856 98 22 förvaras

154 889 30 30 på
206 897 60 15 mera
288 891 27 21 än
337 893 31 18 ett
390 891 73 27 ställe,
485 891 29 29 på
533 891 37 22 det
588 891 27 22 de
634 892 18 27 ej
670 891 65 21 måtte
751 891 28 28 gå
793 890 120 26 förlorade,

154 923 111 29 nemligen
288 923 42 23 alla
353 924 80 23 sådane
456 925 42 22 mål
518 925 40 21 och
577 925 98 26 ärender,
692 925 73 20 hvilka
781 925 36 20 äro
834 924 24 21 af
871 924 42 22 den

155 960 41 26 art,
212 961 32 20 att
258 957 28 22 de
300 958 8 21 i
324 958 117 22 allmänhet
456 959 136 28 grundlägga
608 959 53 22 eller
676 959 66 22 hafva
754 958 119 30 inflytande
885 959 29 28 på

154 993 104 23 framtida
279 993 213 24 rättsförbållanden.
529 993 48 23 Mål
596 995 25 20 af
636 993 63 29 dylik
719 995 33 20 art
767 993 147 29 uppräknas
903 988 15 39 i

156 1026 42 21 den
221 1027 117 29 kejserliga
360 1028 164 29 propositionen
543 1027 41 22 och
604 1028 64 21 äfven
684 1027 7 21 i
707 1027 154 28 lagutskottets
878 1027 36 21 be-

155 1060 122 27 tänkande;
300 1061 42 22 och
360 1069 64 16 anser
439 1062 39 28 jag
493 1061 28 28 på
536 1062 105 28 uppgifne
658 1061 47 22 skäl
721 1061 60 22 detta
795 1069 52 14 vara
862 1069 53 20 gan-

156 1093 42 22 ska
212 1095 142 28 tillräckligt,
370 1095 28 22 då
412 1096 18 28 ej
447 1096 72 28 någon
531 1095 96 24 kontroll
640 1096 63 21 öfver
714 1095 129 22 ärendernas
856 1095 58 29 gång

156 1135 91 17 numera
261 1128 43 23 kan
320 1129 42 29 äga
376 1137 48 14 rum
440 1129 42 23 och
497 1131 126 22 renovation
640 1130 25 21 af
677 1129 49 22 hela
741 1129 125 22 domboken
881 1129 34 22 så-

155 1162 62 23 ledes
232 1163 18 28 ej
267 1162 71 22 skulle
353 1171 72 21 gagna
440 1164 33 22 till
488 1164 76 28 något,
580 1167 51 19 utan
647 1164 78 21 endast
735 1164 78 28 utgöra
825 1166 31 20 ett
867 1163 48 22 hin-

156 1196 39 24 der
210 1196 8 23 i
234 1196 196 24 underdomarenes
447 1198 71 28 öfriga
533 1199 103 27 göromål,

226 1236 59 23 Herr
300 1236 152 23 talmannen
470 1238 124 22 förklarade
610 1238 154 22 diskussionen
780 1245 51 14 vara
843 1237 72 23 slutad

156 1270 42 23 och
215 1270 135 23 framställde
366 1271 71 23 säsom
453 1272 139 29 proposition
608 1271 109 29 följande;

226 1304 47 22 Vill
292 1304 87 24 ständet
397 1306 54 28 gilla
469 1306 37 22 det
525 1307 24 20 af
563 1306 144 28 lagutskottet
722 1305 136 23 framställda
874 1306 43 20 för-

154 1337 50 29 slag
219 1338 7 23 i
242 1339 72 22 ämnet
329 1341 52 20 utan
396 1339 72 29 nägon
484 1340 141 28 förändring?

225 1377 170 29 Propositionen
416 1380 128 22 besvarades
563 1380 49 22 med
629 1381 25 27 ja
673 1380 41 21 och
731 1380 33 27 nej
781 1379 41 21 och
837 1379 28 28 pä
881 1379 36 21 be-

155 1412 69 28 gäran
240 1412 118 23 anställdes
374 1414 110 29 votering,
501 1421 46 16 som
563 1414 64 23 utföll
645 1414 49 22 med
711 1414 26 20 25
747 1414 23 28 ja
783 1412 40 22 och
837 1414 26 20 10
875 1414 42 27 nej,
