992 1725
770 124 42 21 423

154 194 57 22 Herr
225 193 133 22 Juselius:
382 192 44 21 Vid
443 191 141 22 utfärdandet
600 193 24 19 af
637 199 26 14 en
679 192 24 20 sä
715 192 71 29 vigtig
797 192 46 22 för-

85 228 105 28 fattning,
206 236 46 13 som
268 228 41 21 den
324 226 175 28 ifrågavarande,
515 226 56 21 hade
586 225 47 27 det,
649 226 55 21 efter
718 226 44 21 min
778 226 65 29 äsigt,

86 263 56 20 varit
161 262 98 29 önskligt
277 264 40 24 att,
340 260 33 22 till
392 260 109 21 vinnande
517 260 26 21 af
555 267 27 14 en
598 267 59 14 mera
671 260 124 28 mängsidig
810 264 33 17 ut-

86 295 102 28 veckling
207 296 25 21 af
244 295 27 21 de
286 295 33 21 till
334 295 72 20 ämnet
421 294 96 21 hörande
533 293 192 29 omständigheter,
740 294 103 29 yttrande

86 329 117 22 affordrats
218 328 61 22 såväl
295 329 152 20 kommunerne
462 329 7 20 i
485 328 74 21 landet
575 335 46 15 som
638 328 140 21 hofrätterne.
802 327 41 22 Sä-

86 363 56 21 dane
164 362 125 21 utlätanden
311 362 55 21 hade
388 362 84 21 kunnat
494 369 53 14 vara
569 362 33 21 till
622 362 89 27 ledning
729 362 61 21 säväl
806 362 37 21 vid

86 396 152 29 uppgörandet
253 397 25 20 af
290 396 78 28 sjelfva
381 396 142 28 lagförslaget
543 403 46 14 som
607 396 35 21 vid
659 396 132 21 detsammas
807 397 36 20 be-

86 430 137 21 dömmande.
260 429 36 22 Då
318 429 118 22 emellertid
459 430 72 28 någon
554 430 77 28 åtgärd
651 430 7 21 i
677 430 92 22 nämnde
785 432 58 27 syfte

86 465 48 21 icke
157 464 115 29 vidtagits,
295 463 43 22 kan
358 465 38 27 jag
416 464 36 21 vid
473 465 88 27 frågans
582 464 104 29 pröfning
701 465 76 21 endast
792 468 52 25 taga

84 499 36 21 till
136 498 50 21 råds
201 499 44 20 min
260 505 54 22 egen
329 497 121 22 erfarenhet
465 498 41 21 och
522 498 28 27 på
565 498 71 29 grund
651 498 64 22 deraf
728 507 71 13 vunna
811 499 32 21 öf-

87 533 124 28 vertygelse
233 532 91 21 rörande
347 531 129 22 hithörande
495 531 161 28 förhållanden,
676 532 39 21 och
729 533 39 28 jag
783 532 60 22 delar

88 566 134 29 fullkomligt
244 566 26 22 de
293 566 24 21 af
332 565 41 22 den
393 566 130 28 föregående
539 566 82 21 talaren
637 566 86 28 yttrade
738 567 83 28 åsigter
836 567 8 21 i

88 601 77 21 ämnet.
202 600 103 21 Deremot
328 600 38 21 har
385 600 143 28 lagutskottet
547 600 7 21 i
573 600 38 21 sitt
626 600 136 22 betänkande
779 601 64 21 fram-

88 634 72 26 hållit,
184 634 114 21 huruledes
314 634 195 22 kommunalandan
525 634 7 21 i
548 634 49 22 vårt
615 634 51 21 land
686 642 51 13 vore
752 634 25 21 så
792 635 52 27 föga

88 668 126 27 utvecklad,
230 671 31 18 att
276 668 122 22 inrättande
414 668 24 22 af
454 668 231 28 kommunalstyrelser
703 668 70 22 skulle
789 671 55 18 mot-

89 702 78 22 verkas
182 702 132 28 derigenom,
330 705 32 18 att
376 702 27 21 de
419 709 109 21 personer,
543 709 46 14 som
603 702 72 21 blefve
686 702 72 21 dertill
770 702 74 22 utsed-

88 736 37 27 de,
148 736 63 22 äfven
234 736 70 21 skulle
327 736 21 21 få
366 736 8 21 i
396 736 101 28 uppdrag
512 739 33 18 att
560 736 56 21 vaka
632 736 62 21 öfver
709 736 135 28 förmynder-

88 770 66 28 skap,
166 771 67 28 jemte
249 770 36 21 det
300 770 104 21 utskottet
420 773 53 18 trott
488 770 34 28 sig
537 769 58 22 finna
611 777 26 14 en
653 770 64 21 säker
731 771 68 27 utväg
810 770 34 21 till

88 804 150 29 betryggande
254 804 24 21 af
290 804 41 21 den
348 804 128 28 omyndiges
492 805 43 20 rätt
550 812 77 20 genom
644 807 31 18 att
687 805 26 20 än
725 804 74 21 vidare
811 807 33 18 ut-

88 838 86 22 sträcka
197 838 41 22 den
261 838 68 29 enligt
348 838 37 29 lag
403 838 122 21 domstolen
542 838 163 21 tillkommande
722 838 122 29 befattning

88 872 48 22 med
152 871 266 30 förmynderskapsfrågor
434 875 56 19 samt
505 880 77 21 genom
599 872 134 21 tillsättande
748 873 25 20 af
785 872 58 29 gode

88 907 56 21 män.
176 905 46 30 Jag
240 907 39 20 vill
299 907 19 27 ej
337 906 142 21 underkänna
494 907 74 28 vigten
585 907 24 20 af
622 906 117 21 utskottets
755 906 89 21 betänk-

88 941 94 28 ligheter
199 941 6 20 i
225 940 147 22 förstnämnde
388 940 113 27 afseende,
516 948 50 14 men
578 941 38 28 jag
632 944 45 18 tror
692 940 57 22 dock
765 943 31 18 att
811 944 34 17 ut-

88 974 82 21 skottet
192 973 36 22 vid
250 973 49 22 dem
322 975 66 21 fästat
406 974 76 22 alltför
500 977 46 19 stor
565 974 120 28 betydelse.
713 973 132 29 Isynnerhet

89 1015 64 14 anser
169 1008 39 28 jag
223 1007 42 22 den
280 1007 98 30 åsyftade
394 1008 80 21 vården
490 1009 63 20 öfver
568 1008 181 28 förmynderskap
765 1015 79 21 genom

88 1049 27 14 en
133 1043 112 28 strängare
267 1041 96 22 kontroll
388 1042 25 21 af
432 1042 103 21 domaren
555 1049 52 14 vara
625 1041 90 22 alldeles
733 1041 111 22 stridande

88 1079 59 19 emot
157 1075 113 29 principen
282 1075 7 22 i
301 1075 38 22 vår
350 1076 36 27 lag
398 1076 34 21 för
444 1076 77 28 öfrigt,
533 1079 32 18 att
576 1075 101 22 domaren
690 1077 18 27 ej
718 1075 126 29 opåkalladt

89 1109 40 22 bör
145 1109 77 22 utöfva
236 1109 33 22 sin
285 1109 228 22 domareverksamhet
527 1110 53 21 eller
595 1113 51 25 taga
662 1110 122 28 befattning
795 1110 48 21 med

89 1143 81 29 frågor,
192 1150 47 15 som
262 1143 48 22 icke
328 1143 74 23 blifvit
421 1143 33 22 till
471 1143 79 22 honom
566 1144 7 21 i
588 1144 51 28 laga
655 1143 93 29 ordning
764 1144 33 21 till
813 1144 31 22 åt-

88 1177 55 29 gärd
166 1177 106 21 anmälda.
308 1176 117 22 Dessutom
445 1178 73 21 blefve
537 1177 37 22 det
589 1178 109 28 omöjligt,
714 1178 130 22 åtminstone

88 1212 35 21 för
144 1211 172 21 underdomaren
338 1212 29 28 på
388 1212 85 26 landet,
492 1214 32 19 att
542 1212 33 21 till
594 1212 67 28 något
679 1219 58 21 gagn
753 1212 34 21 för
802 1212 42 22 den

88 1244 118 30 omyndige
225 1244 123 22 handhafva
364 1253 25 14 en
405 1245 67 22 sådan
488 1245 107 27 kontroll,
611 1246 24 21 så
650 1246 65 22 framt
730 1245 43 22 han
788 1246 56 22 skall

87 1278 75 23 kunna
184 1278 48 22 med
257 1278 81 23 besked
360 1279 95 29 fullgöra
478 1280 43 21 alla
541 1280 72 28 öfriga
631 1280 32 21 till
683 1280 37 21 det
735 1280 110 28 egentliga

88 1312 156 22 domarekallet
262 1312 96 23 hörande
374 1314 40 21 och
431 1313 49 22 med
496 1314 159 28 ansträngande
671 1314 73 22 arbete
760 1314 85 21 förena-

87 1346 28 22 de
132 1346 138 29 åligganden.
307 1347 46 29 Jag
370 1347 39 22 vill
425 1346 97 27 derföre,
537 1347 47 21 lika
598 1347 48 21 med
662 1347 50 22 herr
727 1346 117 27 Thermén,

87 1380 100 27 förorda,
202 1382 32 19 att
249 1380 13 30 &
280 1382 9 20 1
306 1381 7 21 i
328 1380 42 22 den
385 1381 81 28 nådiga
482 1381 165 29 propositionen
663 1382 65 20 måtte
743 1380 49 22 med
807 1380 38 24 det

88 1413 26 23 af
125 1413 49 23 herr
190 1413 108 24 Thermén
313 1415 78 30 gjorda
406 1414 80 31 tillägg
501 1416 24 21 af
538 1415 87 22 ståndet
640 1418 97 27 antagas.
