992 1725
738 145 41 20 447

60 208 41 22 den
117 209 24 21 af
154 209 72 21 herrar
241 209 74 22 Mölsä
330 208 41 20 och
388 206 115 30 Grönberg
518 215 28 13 nu
563 207 126 25 förklarats;
712 215 47 14 men
776 208 33 22 så-

60 251 47 14 som
128 244 61 21 bevis
211 242 67 29 derpå
296 245 31 18 att
342 242 130 28 stadgandet
486 242 7 20 i
509 242 71 20 denna
595 241 34 21 del
644 242 130 22 åtminstone
789 243 18 28 ej

60 278 24 21 är
106 278 132 29 fullkomligt
260 277 90 28 tydligt,
372 276 106 28 åberopar
496 276 64 21 äfven
577 276 37 27 jag
633 275 48 21 herr
697 274 112 24 Granfelts

60 312 138 21 reservation.
235 311 100 21 Nämnde
358 309 119 30 stadgande
496 310 39 21 bör
554 309 83 22 således
653 309 33 22 till
701 310 108 21 redaktio-

60 353 42 14 nen
120 346 123 21 förbättras.
277 345 103 20 Deremot
394 352 63 14 anser
470 345 37 28 jag
523 344 111 21 föreskrift
649 351 34 14 om
699 345 111 20 utfärdan-

62 380 26 21 de
107 380 24 21 af
144 379 137 22 förenämnde
297 379 59 22 bevis
372 387 52 12 vara
440 379 89 28 onödig,
545 378 88 21 emedan
649 378 37 21 det
701 379 62 20 äfven
780 379 30 21 el-

58 415 44 27 jest
123 415 24 20 är
168 414 58 21 klart
248 413 40 21 och
310 413 81 28 tydligt
410 417 32 17 att
460 421 26 13 en
504 413 67 21 sådan
587 412 124 29 skyldighet
726 413 83 29 åligger

61 448 127 21 domstolen.

128 488 58 21 Herr
202 487 126 22 Thermén
350 487 95 29 yttrade,
461 490 31 18 att
509 487 53 27 han,
578 487 33 21 till
629 487 139 22 undvikande
788 486 24 23 af

61 522 161 27 missförstånd,
245 523 63 20 ätven
326 522 51 21 ville
397 522 6 20 i
419 521 37 22 det
471 522 24 21 af
507 522 49 21 herr
570 521 96 22 Juselius
682 522 127 21 framhållna

62 558 56 27 syfte
137 557 89 21 förorda
244 564 25 14 en
288 563 57 14 mera
360 556 71 28 tydlig
446 556 113 22 redaktion
575 556 24 21 af
611 556 12 28 $
637 556 24 25 4,
677 556 132 22 beträffande

62 591 125 29 skyldighet
209 592 34 20 för
261 591 161 21 underdomstol
442 591 7 21 i
465 590 47 22 stad
528 594 31 18 att
575 590 32 21 till
623 590 81 21 hofrätt
719 591 90 21 insända

62 625 335 29 förmynderskapsförteckning.
434 624 12 22 I
464 625 60 28 fråga
542 625 46 21 åter
607 632 33 13 om
660 624 149 22 bibehållande

62 660 24 20 af
106 659 52 21 sista
180 660 111 28 meningen
310 660 7 20 i
336 659 41 21 den
395 659 81 28 nådiga
490 659 173 28 propositionens
679 659 82 28 förslag
776 659 33 21 till

62 694 12 28 $
89 693 13 21 4
118 693 102 22 förenade
235 694 33 28 sig
283 694 81 20 talaren
379 693 48 21 med
442 693 59 28 dem,
517 700 46 14 som
580 696 69 18 ansett
664 693 90 21 nämnde
766 700 43 14 me-

62 728 52 28 ning
130 728 52 21 böra
198 728 46 20 från
259 727 141 29 lagförslaget
415 728 59 28 utgå.

129 767 58 22 Herr
202 767 146 29 Bergstedt
363 768 105 20 instemde
483 768 7 20 i
501 767 49 21 herr
561 766 118 22 Therméns
691 766 116 22 utlåtande.

130 802 56 23 Herr
202 802 149 21 talmannen
366 802 133 21 framställde
516 801 94 29 följande
625 801 169 28 propositioner:

131 837 40 21 1:o.
205 836 133 22 Godkänner
353 836 86 21 ståndet
454 836 12 28 &
481 837 13 20 4
509 836 7 20 i
533 835 114 21 utskottets
659 835 150 22 betänkande?

131 871 78 22 Svaret
223 871 63 21 utföll
305 870 100 28 sålunda,
424 873 32 18 att
474 870 91 21 nämnde
580 870 13 28 &
607 870 7 21 i
630 869 143 22 betänkandet
788 870 24 21 af

63 905 84 22 ståndet
162 905 111 29 ogillades.

132 940 40 21 2:0.
204 939 72 21 Anser
294 939 85 21 ståndet
396 939 42 21 den
457 939 52 21 sista
524 938 113 28 meningen
652 938 7 21 i
675 939 12 27 &
703 939 13 20 4
731 938 25 21 af
767 937 42 22 den

63 973 78 28 nådiga
156 973 162 28 propositionen
333 973 53 21 böra
400 973 8 21 i
423 973 155 28 författningen
593 973 6 20 i
617 973 71 20 ämnet
701 971 65 29 ingå?

130 1007 53 22 Med
199 1007 25 21 18
239 1007 70 21 röster
323 1010 57 18 emot
397 1007 26 20 14
438 1007 95 21 uttalade
549 1006 84 21 ståndet
647 1006 41 21 den
703 1006 64 28 åsigt,
778 1008 32 19 att

62 1041 93 21 nämnde
170 1041 117 28 stadgande
303 1041 66 22 borde
384 1041 8 21 i
407 1041 156 28 författningen
580 1041 87 20 införas.

130 1077 42 19 3:0.
201 1074 47 22 Vill
266 1075 84 21 ståndet
368 1075 108 21 remittera
491 1076 12 27 &
518 1076 13 20 4
546 1075 8 21 i
568 1075 153 28 lagutskottets
736 1074 74 21 betän-

63 1109 71 21 kande
152 1109 90 21 tillbaka
260 1109 33 21 till
312 1109 115 26 utskottet,
443 1110 34 20 för
495 1112 31 18 att
540 1109 8 21 i
563 1109 36 21 det
614 1109 24 21 af
650 1109 48 20 herr
713 1107 97 22 Juselius

62 1178 28 20 de
112 1177 126 29 skyldighet
260 1178 33 20 för
314 1178 163 21 underdomstol
495 1178 8 20 i
521 1178 48 21 stad
589 1180 30 18 att
634 1177 33 21 till
682 1177 81 21 hofrätt
777 1177 33 20 in-

62 1211 68 21 sända
148 1211 361 29 förmynderskapsförteckningar,
530 1212 110 21 äfvensom
659 1211 8 21 i
682 1210 100 22 afseende
797 1211 13 21 å

62 1245 113 21 införande
194 1246 24 20 af
235 1246 110 21 föreskrift
360 1253 34 13 om
410 1246 202 28 förteckningarnes
628 1245 133 21 aflemnande
776 1245 33 20 till

62 1280 230 28 förmyndarenämnd?

129 1313 53 22 Med
198 1314 160 28 öfvervägande
373 1314 111 28 pluralitet
499 1314 70 22 beslöt
584 1313 91 27 ståndet,
689 1316 31 18 att
731 1313 78 28 ifråga-

62 1348 94 20 varande
174 1348 12 28 &
204 1348 68 21 skulle
291 1348 7 21 i
316 1348 36 21 det
371 1348 8 21 i
394 1348 71 21 denna
480 1348 136 28 proposition
631 1347 128 21 framhällna
773 1348 37 20 än-

61 1381 71 21 damäl
147 1382 33 20 till
195 1382 141 27 lagutskottet
350 1382 174 22 äterremitteras.

130 1415 80 22 Herrar
225 1416 87 21 Mölsä
327 1416 40 21 och
384 1414 26 23 C.
422 1416 26 20 F.
462 1416 143 29 Grönberg
620 1416 108 26 anmälde,
743 1414 67 22 under

64 1449 135 29 åberopande
215 1451 24 21 af
252 1451 46 21 sina
310 1451 82 28 afgifna
402 1451 127 28 yttranden,
540 1451 132 22 reservation
683 1452 57 20 emot
751 1449 58 22 stän-
