992 1725
174 106 42 26 110

145 172 35 22 för
199 169 28 25 de
243 168 47 26 från
306 170 51 24 dess
373 170 99 24 bemälda
488 178 95 22 grannar
597 171 69 23 under
681 179 52 22 nyss
750 171 155 23 öfverståndne

144 206 123 28 hungersår
284 206 98 22 erhållne
401 206 118 29 frikostiga
533 204 120 24 understöd
669 205 40 23 och
726 207 33 21 till
775 206 129 22 ständernas

146 240 227 29 expeditionsutskott
398 240 137 22 öfverlemna
560 243 33 18 att
615 240 50 29 ingå
687 241 7 21 i
717 241 130 27 författning
869 248 36 14 om

144 275 112 22 adressers
274 274 148 29 uppsättande
440 274 8 22 i
463 274 92 22 berörde
571 274 134 27 hänseende;
727 275 90 22 hvartill
832 274 73 23 enhäl-

144 309 42 29 ligt
202 309 81 22 bifölls.
314 307 52 23 Och
381 308 70 22 skulle
466 308 38 22 det
518 308 93 22 sålunda
626 309 81 22 fattade
719 309 95 22 beslutet
825 317 80 20 genom

145 342 205 29 protokollsutdrag
364 342 112 22 meddelas
492 341 141 24 medstånden
649 343 7 21 i
671 343 36 22 det
719 344 31 21 uti
761 343 144 22 omförmälda

145 377 113 23 memorial
274 377 98 30 antydda
387 376 108 23 ändamål.

673 412 21 17 In
706 411 61 18 fidem:

559 439 81 23 Victor
655 439 27 22 de
697 441 22 20 la
735 439 126 30 Chapelle.”

145 479 115 29 upplästes
282 479 42 23 och
346 480 84 22 beslöts
453 483 32 19 att
502 480 92 22 berörde
613 480 203 29 protokollsutdrag
833 479 72 22 skulle

144 514 77 21 vidare
244 514 128 29 föredragas
397 515 8 20 i
428 514 155 29 sammanhang
602 514 49 22 med
669 514 41 21 den
730 514 25 21 af
771 514 49 22 herr
839 512 26 24 C.
881 512 23 23 J.

146 547 121 31 Grönberg
288 548 42 22 hos
352 549 181 28 borgareståndet
551 548 79 21 väckta
649 550 56 19 samt
723 548 42 22 den
781 549 27 20 10
823 548 82 22 dennes

146 581 124 30 bordlagda
289 582 114 22 enahanda
422 583 71 29 fråga,
517 583 88 21 hvilken
621 582 70 22 skulle
707 582 7 22 i
729 583 174 28 morgondagens

146 616 101 29 plenum,
266 617 55 21 efter
340 617 247 29 bordläggningstidens
605 616 93 30 utgång,
717 617 46 21 åter
778 616 33 22 till
827 616 78 30 åtgärd

146 650 146 27 förekomma;
308 651 130 29 hvarjemte,
454 652 29 28 på
498 652 161 28 framställning
673 652 25 21 af
710 651 50 22 herr
774 651 131 28 talmannen,

146 684 74 22 beslut
238 685 95 22 fattades
351 685 75 22 derom
442 689 32 18 att
489 686 189 28 borgareståndets
693 685 132 29 tillgörande
839 686 8 21 i
862 686 43 21 frå-

146 726 30 22 ga
191 726 36 15 om
242 719 120 29 tryckning
376 720 26 22 af
414 720 123 22 utskottens
552 719 149 29 expeditioner
715 720 71 22 skulle
798 719 27 22 de
837 719 68 22 andra

146 753 94 22 stånden
258 754 112 22 meddelas
390 762 79 21 genom
487 754 212 29 protokollsutdrag,
718 761 57 21 som,
795 754 67 22 sedan
877 754 28 21 de

146 787 79 22 hunnit
239 788 131 27 utskrifvas,
385 788 69 21 borde
469 788 33 22 till
517 788 49 22 dem
582 788 144 22 öfverlemnas
742 789 25 21 af
775 796 27 14 en
815 788 90 28 deputa-

145 821 59 27 tion,
226 820 90 23 hvartill
338 822 75 22 herrar
433 822 130 28 Wesander,
581 822 119 22 Wendelin
719 822 42 22 och
780 822 124 22 Lemström

144 855 100 30 utsågos.

216 900 60 23 Herr
290 899 168 32 Dahlström,
475 910 47 15 som
537 903 70 22 erhöll
623 902 72 28 ordet,
710 902 101 29 uppläste
827 901 78 30 följan-

145 935 38 28 de,
199 935 126 30 skriftligen
341 937 105 22 affattade
463 937 100 29 petition:

216 969 77 23 ”Hans
316 971 126 30 Kejserliga
464 971 104 29 Majestät
589 971 40 22 har
647 971 8 22 i
673 970 142 23 betraktande
830 971 24 21 af
867 971 39 21 vår

145 1004 84 29 sjölags
249 1005 124 22 föråldrade
392 1005 64 22 skick
476 1006 41 21 och
535 1005 144 30 olämplighet
697 1006 34 21 för
746 1005 100 22 nutidens
862 1005 44 21 för-

144 1037 118 23 hållanden
282 1040 58 21 velat
360 1040 8 21 i
386 1039 68 22 nåder
473 1040 37 22 vid
529 1040 72 22 denna
616 1039 105 29 landtdag
735 1039 96 22 inhemta
847 1040 59 21 stän-

145 1072 81 28 dernas
248 1073 102 28 yttrande
370 1081 35 14 om
424 1074 191 29 nödvändigheten
635 1075 26 20 af
676 1081 81 14 samma
772 1073 47 29 lags
835 1080 72 15 omar-

145 1106 92 29 betning
252 1107 7 21 i
275 1107 79 22 sådant
368 1109 69 28 syfte,
454 1111 32 19 att
500 1109 41 21 den
557 1109 48 21 icke
619 1109 91 21 allenast
721 1108 58 21 afser
790 1107 117 29 egendom-

144 1141 124 29 ligheterna
284 1141 40 23 hos
340 1142 48 22 vårt
404 1143 57 27 folk,
477 1146 50 19 utan
543 1143 64 22 äfven
623 1143 25 21 så
663 1142 88 28 mycket
762 1149 46 14 som
820 1141 87 29 möjligt

145 1175 207 22 öfverensstämmer
374 1177 50 21 med
443 1178 123 28 sjölagarna
585 1178 40 20 hos
644 1176 68 22 andra
730 1176 125 28 skeppsfart
874 1175 33 21 id-

145 1208 73 22 kande
237 1210 105 27 nationer,
366 1213 57 19 samt
441 1211 145 21 öfverlemnat
603 1211 23 21 åt
645 1210 116 22 ständerna
780 1212 31 19 att
827 1209 81 22 föreslå

145 1244 69 27 utväg
230 1244 34 20 för
281 1244 108 22 vinnande
404 1245 26 21 af
442 1245 59 21 detta
517 1245 106 21 ändamål.

215 1277 30 21 Vi
261 1278 75 22 kunna
351 1278 85 22 således
453 1279 86 28 hoppas
555 1282 31 18 att
597 1279 36 21 vid
646 1277 180 23 nästkommande
837 1276 72 22 landt-

144 1310 45 30 dag
212 1311 84 22 erhålla
318 1320 26 14 en
368 1313 82 28 sjölag,
474 1321 47 14 som
543 1316 122 19 motsvarar
687 1312 70 22 tidens
777 1311 131 28 fordringar.

143 1344 56 23 Men
221 1346 69 22 bland
313 1346 27 22 de
363 1347 164 29 författningar,
549 1355 47 14 som
616 1348 35 21 för
669 1346 135 22 närvarande
824 1345 85 29 reglera

144 1379 40 21 vår
199 1380 89 28 sjöfart,
306 1380 69 22 finnes
391 1384 91 25 tvenne,
499 1382 86 21 hvilkas
601 1380 163 29 omarbetning,
779 1380 70 28 enligt
864 1379 45 21 min

144 1412 69 30 åsigt,
235 1414 51 22 icke
308 1415 30 21 tål
359 1415 68 29 något
445 1416 104 29 uppskof.
582 1415 45 30 Jag
642 1422 75 16 menar
732 1414 76 29 kongl.
825 1412 85 24 förord-
