992 1725
201 145 41 21 448

172 208 48 22 dets
235 209 7 21 i
258 209 118 29 anledning
391 210 24 21 af
427 210 41 21 den
484 210 66 28 tredje
566 209 163 30 propositionen
746 211 81 23 fattade
842 211 80 30 beslut,

173 243 71 21 såvidt
262 242 36 22 det
313 244 62 28 afsåg
390 242 68 24 behof
470 245 24 21 af
507 242 107 31 tydligare
629 245 113 22 redaktion
759 247 24 21 af
795 246 128 29 stadgandet

172 284 36 14 om
226 277 174 23 underdomstols
415 278 7 21 i
438 278 48 22 stad
501 278 126 30 skyldighet
643 282 30 18 att
688 279 33 22 till
737 280 81 22 hofrätt
832 281 90 22 insända

173 312 362 29 förmynderskapsförteckningar.

523 361 13 25 8
552 360 20 20 5.

241 392 59 22 Herr
313 392 122 23 Juselius
456 393 113 22 förordade
589 393 129 29 antagandet
737 395 23 21 af
773 394 12 29 &
802 394 12 23 5
829 395 8 22 i
851 395 70 29 lagut-

173 425 92 23 skottets
281 427 144 27 betänkande,
441 427 56 22 dock
512 428 48 21 med
575 426 41 23 den
633 426 126 31 förändring
775 433 39 24 att,
830 430 7 20 i
848 430 73 21 stället

173 461 33 21 för
222 461 56 28 gode
293 463 59 25 män,
369 462 243 28 förmyndarenämnden
627 462 71 21 skulle
713 463 7 20 i
735 463 26 22 de
773 463 7 21 i
792 465 126 28 paragrafen

173 495 175 22 förekommande
364 496 37 21 fall
418 497 22 20 af
454 495 121 22 domstolen
592 496 70 22 höras.

241 527 57 24 Herr
314 529 137 22 Thermén:
480 529 44 30 Jag
539 531 68 20 skulle
623 531 34 21 för
671 531 44 21 min
731 531 34 22 del
780 529 54 31 yrka
849 533 30 20 att
890 532 29 21 si-

173 569 33 17 sta
225 567 115 20 momentet
358 565 8 21 i
381 565 13 29 &
408 565 13 21 5
436 565 24 21 af
476 565 40 21 den
531 565 78 29 nådiga
625 565 172 29 propositionen,
816 566 64 22 ehuru
896 566 26 22 af

170 599 144 29 lagutskottet
329 599 154 27 bortlemnadt,
497 600 65 20 måtte
577 600 7 20 i
599 600 128 28 paragrafen
742 600 85 30 inflyta,
842 601 77 21 endast

172 633 48 21 med
236 633 66 21 sådan
317 633 127 29 förändring
458 636 31 18 att
503 633 61 22 ordet
578 634 253 29 ”kommunalstyrelsen”
846 636 71 28 utbyt-

172 671 33 17 tes
228 670 44 18 mot
294 667 250 29 förmyndarenämnden.
583 667 73 30 Sagde
675 668 119 28 stadgande
809 669 61 29 lyder
884 670 33 21 sä-

172 702 76 21 landa:
277 700 24 22 ”I
322 702 71 28 öfriga
414 701 40 21 den
474 701 125 29 omyndiges
619 702 190 28 angelägenheter”
827 711 20 14 o.
863 711 16 13 s.
895 711 20 13 v.

172 735 44 29 Jag
236 743 62 14 anser
312 735 37 21 det
363 735 107 29 nemligen
486 743 49 14 vara
551 736 71 22 säsom
637 736 34 28 sig
688 736 45 28 bör,
748 740 32 18 att
795 738 121 28 förmynda-

172 777 37 13 ren
228 770 7 20 i
254 769 63 21 dessa
336 770 37 20 fall
388 770 48 20 icke
451 770 92 28 ensidigt
559 771 64 21 fattar
637 770 80 26 beslut,
732 771 64 21 innan
813 772 40 20 han
868 772 48 21 räd-

174 804 43 21 fört
239 804 33 28 sig
295 804 47 20 med
362 803 113 22 fränderne
493 804 51 21 eller
559 804 41 21 den
615 804 138 29 myndighet,
767 812 46 14 som
829 805 38 21 har
881 807 34 28 sig

172 838 122 28 uppdraget
310 841 30 18 att
355 838 55 20 vaka
426 838 60 20 öfver
500 837 208 30 förmynderskapet.

239 873 58 21 Herr
310 869 122 24 Juselius
448 871 102 23 förmälde
565 873 34 28 sig
614 873 48 21 icke
677 873 72 21 kunna
765 873 47 22 dela
826 873 41 22 den
882 875 32 20 fö-

170 904 106 31 regäende
295 906 93 22 talarens
406 907 66 28 äsigt,
491 910 49 17 utan
560 907 67 28 ansäg
642 907 141 28 lagutskottet
798 907 64 22 hafva
877 909 38 28 ägt

170 941 64 28 giltig
253 941 115 28 anledning
387 944 31 18 att
431 941 92 20 utesluta
537 941 164 28 ifrågavarande
717 941 127 29 stadgande,
859 943 55 21 hvil-

170 975 37 21 ket
230 975 82 28 ganska
330 975 34 21 väl
383 975 70 21 kunde
472 983 50 13 vara
537 975 72 27 borta,
625 977 50 20 enär
692 976 149 28 förmyndaren
857 977 56 21 dock

169 1009 55 21 hade
248 1009 193 22 beslutanderätten
459 1013 55 17 samt
531 1013 99 18 ansvaret
649 1010 34 21 för
699 1010 100 28 vidtagne
814 1011 99 28 åtgärder

169 1047 83 18 ensamt
267 1044 85 21 hvilade
367 1044 27 27 på
410 1043 83 22 honom.

236 1076 58 23 Herr
309 1077 146 29 Bergstedt
474 1075 101 25 förenade
589 1079 34 28 sig
637 1079 8 20 i
661 1078 56 22 hvad
734 1079 48 21 herr
795 1078 94 23 Juselius
905 1079 7 22 i

170 1112 65 21 saken
250 1115 73 25 yttrat.

236 1146 58 22 Herr
308 1147 171 28 Lindeqvist:
502 1147 44 21 För
560 1148 43 22 min
619 1148 35 22 del
667 1148 126 28 godkänner
802 1149 38 28 jag
851 1149 6 21 i
869 1149 43 21 allo

170 1182 12 28 8
198 1182 11 20 5
225 1182 24 20 af
261 1182 154 28 lagutskottets
431 1180 133 24 betänkande
579 1183 64 21 äfven
660 1180 130 24 beträffande
803 1184 110 20 föreskrifs

168 1219 35 17 ten
220 1223 33 13 om
269 1216 109 28 yttrandes
393 1216 136 21 infordrande
544 1217 25 21 af
581 1216 25 22 de
621 1216 56 29 gode
694 1218 55 26 män,
765 1224 46 14 som
823 1217 88 21 blifvit
901 1212 13 37 i

168 1250 12 28 $
198 1251 8 19 1
224 1250 24 21 af
261 1249 143 22 betänkandet
418 1250 127 29 föreslagne.
579 1251 44 29 Jag
638 1251 106 21 vidhåller
759 1252 42 20 min
818 1252 94 28 öfverty-

166 1284 60 28 gelse
241 1287 31 17 att
287 1284 202 27 kommunalandan,
505 1285 89 21 oaktadt
609 1286 40 20 allt
660 1285 56 21 hvad
727 1285 8 21 i
747 1286 70 20 ämnet
827 1289 86 25 yttrats,

166 1318 90 21 innebar
271 1326 25 13 en
312 1318 82 28 ganska
409 1319 35 28 låg
458 1319 140 28 ståndpunkt,
613 1319 61 21 såväl
690 1320 6 20 i
712 1319 47 21 stad
771 1326 46 14 som
829 1320 26 27 pä
867 1320 44 20 lan-

166 1352 47 27 det,
229 1355 55 18 samt
298 1355 31 18 att
344 1351 121 23 densamma
480 1354 27 27 pä
522 1353 62 27 länge
600 1354 18 27 ej
634 1353 56 21 skall
703 1354 71 20 kunna
785 1354 65 28 lyftas
862 1360 50 22 syn-

166 1387 96 27 nerligen
285 1387 59 27 högt.
382 1386 10 21 I
410 1387 24 21 sä
454 1387 91 28 vigtiga,
569 1394 46 14 som
631 1387 26 21 de
673 1388 31 20 uti
719 1388 162 27 ifrågavarande
897 1388 13 28 &

166 1421 129 21 omnämnda
310 1420 48 27 fall,
374 1427 61 15 anser
447 1422 37 28 jag
500 1421 84 22 derföre
599 1422 36 21 det
651 1429 51 14 vara
718 1421 65 29 högst
798 1422 113 28 angeläget

166 1459 30 17 att
215 1455 121 21 domstolen
355 1455 105 22 infordrar
479 1456 98 29 yttrande
593 1457 24 20 af
630 1456 125 27 fränderne,
771 1456 40 21 och
827 1464 34 14 om
877 1457 34 22 så-
