992 1725
156 123 28 21 22

132 188 88 19 torerne
236 186 26 21 af
274 184 156 30 ridderskapet
448 184 42 22 och
509 185 65 21 adeln
594 184 55 30 ägde
668 184 35 22 till
722 184 119 23 ledamöter
860 185 31 21 uti

133 220 109 21 hvardera
258 220 25 21 af
296 220 46 29 lag-
358 220 42 21 och
416 219 231 22 ekonomieutskotten
657 219 84 29 invälja
752 219 43 22 tolf
805 219 41 21 och
858 218 34 21 till

134 262 26 13 en
176 254 55 21 hvar
247 255 25 20 af
284 254 28 21 de
328 254 72 28 öfriga
414 253 115 22 utskotten
545 261 39 14 sex
599 253 146 22 medlemmar.

201 288 12 21 I
229 284 157 33 sammanhang
402 287 90 22 härmed
508 287 107 22 förmälde
627 287 51 22 herr
693 288 152 21 talmannen
860 288 33 19 att

133 323 139 28 protokollet
287 323 62 20 öfver
364 323 38 21 det
416 323 24 20 af
454 322 74 21 herrar
544 322 109 22 elektorer
667 330 90 14 numera
772 321 120 22 förrättade

134 357 36 21 val
186 357 24 21 af
224 357 99 21 utskotts
335 356 119 22 ledamöter
467 356 42 22 och
522 357 141 28 suppleanter
676 357 73 21 blifvit
763 356 69 22 under
848 357 45 20 för-

134 391 88 28 segling
237 391 131 25 inlemnadt;
392 391 41 21 och
454 390 91 23 befanns
570 390 91 22 berörde
681 391 123 28 protokoll,
825 390 67 22 sedan

133 425 153 29 förseglingen
303 425 137 28 uppbrutits,
456 432 53 14 vara
523 425 24 22 af
561 425 96 28 följande
672 425 95 28 lydelse:

290 464 140 28 ”Protokoll,
446 465 60 21 fördt
521 465 38 21 vid
571 465 160 22 sammanträde
742 465 24 21 af
778 464 114 29 välloflige

240 499 192 28 borgareståndets
452 499 116 28 elektorer,
587 499 13 21 å
619 499 98 22 ståndets
737 499 155 26 sessionsrum,

239 533 43 21 den
298 533 27 21 26
342 533 124 28 september
482 533 62 22 1863.

206 573 73 23 Sedan
296 573 101 29 samtlige
412 574 38 22 vid
466 573 115 30 välloflige
597 573 193 31 borgareståndets
806 573 88 29 plenum

136 608 43 22 den
195 608 28 20 24
238 608 8 21 i
261 608 70 22 denne
346 609 79 21 månad
442 608 92 22 utsedde
553 609 108 21 elektorer
681 609 166 27 sammanträdt,
863 609 32 21 öf-

136 642 146 22 verenskoms
298 642 109 30 enhälligt
420 646 33 18 att
469 643 63 22 valen
552 643 71 22 skulle
642 644 101 28 försiggå
757 642 48 22 med
822 643 73 22 slutna

138 677 80 27 sedlar,
234 676 92 22 sålunda
341 680 33 18 att
391 678 36 21 val
445 678 58 21 först
522 678 71 22 skulle
612 678 103 22 förrättas
736 678 24 21 af
776 678 120 21 ledamöter

137 711 35 21 till
191 711 114 22 utskotten
324 714 57 19 samt
399 712 95 22 derefter
516 712 106 22 särskildt
639 712 34 21 till
697 712 147 28 suppleanter,
864 712 31 21 äf-

138 753 94 15 vensom
247 749 32 18 att
294 746 26 21 de
336 746 116 28 valsedlar,
465 746 76 22 hvilka
551 747 150 28 tilläfventyrs
715 746 110 22 innehölle
837 746 58 22 orik-

139 780 96 29 tigheter
250 780 8 21 i
274 780 103 22 afseende
393 782 13 20 å
420 781 28 22 de
464 781 76 22 valdes
555 788 76 21 namn,
647 782 58 20 antal
716 781 53 21 eller
780 784 65 18 annat
856 781 39 29 dy-

138 814 53 28 likt,
216 814 71 22 skulle
308 814 84 22 lemnas
415 819 54 18 utan
488 815 110 22 afseende.
629 815 49 23 Och
697 815 118 22 anställdes
831 816 64 21 valen

140 849 96 23 derefter
250 850 8 21 i
274 849 97 29 följande
387 850 105 29 ordning,
507 850 110 29 nemligen
632 850 35 21 till

349 891 133 21 Ledamöter
495 892 10 20 i
521 891 172 21 bankutskottet
684 887 12 36 :

141 924 76 21 herrar
232 923 70 23 Malm
317 925 50 21 med
384 925 26 21 12
424 927 79 26 röster,
521 925 116 22 Hackman
651 925 50 22 med
717 925 36 27 11,
771 925 126 28 Björnberg

142 959 50 22 med
210 959 26 21 10
251 960 73 21 röster
342 963 57 18 samt
417 960 98 27 Franck,
537 956 129 51 Dahlström
684 959 42 22 och
744 941 107 48 Kellgren
870 967 27 14 en

139 993 55 22 hvar
208 993 50 22 med
275 995 10 20 1
302 995 54 21 röst.

311 1035 133 22 Ledamöter
458 1036 10 20 i
484 1035 247 29 bevillningsutskottet:

143 1067 76 23 herrar
234 1067 114 24 Sundman
367 1069 43 22 och
424 1069 99 23 Juselius
542 1070 107 22 hvardera
667 1069 49 22 med
733 1069 36 28 11,
789 1067 109 24 Candelin

144 1103 51 22 med
211 1103 19 27 8,
246 1103 117 22 Frenckell
378 1104 50 21 med
444 1105 13 20 3
473 1107 56 19 samt
547 1104 117 29 Kellgren,
682 1103 74 23 Wolff
773 1103 41 22 och
829 1103 70 22 Wen-

140 1137 60 22 delin
214 1145 28 14 en
258 1137 54 22 hvar
327 1138 50 22 med
394 1139 10 20 1
422 1139 53 22 röst.

266 1178 134 23 Ledamöter
417 1180 9 21 i
435 1180 84 28 finans-
535 1181 54 21 eller
604 1180 169 22 statsutskottet:

143 1210 77 24 herrar
235 1213 131 22 Dahlström
380 1215 51 21 med
448 1215 33 27 11,
496 1215 79 21 Krank
590 1215 50 21 med
655 1214 21 28 8,
691 1212 116 24 Frenckell
821 1213 50 21 med
879 1213 20 26 5,

139 1246 88 22 Boehm
243 1247 41 21 och
300 1248 75 22 Wolff
388 1248 109 22 hvardera
511 1250 50 21 med
576 1249 13 21 3
605 1252 57 19 samt
676 1248 140 28 Lindegvist,
832 1246 68 22 Ther-

138 1282 62 26 men,
220 1281 87 28 Mölsä,
327 1281 121 29 Savander,
464 1282 28 23 O.
504 1283 25 21 F.
541 1283 118 29 Grönberg
675 1283 42 21 och
733 1281 124 29 Björnberg
873 1288 26 14 en

137 1315 55 21 hvar
206 1316 51 22 med
274 1317 10 19 1
301 1317 54 21 röst.

315 1357 135 23 Ledamöter
465 1359 9 20 i
489 1357 227 23 ekonomieutskottet
709 1353 11 38 :

140 1389 77 22 herrar
233 1390 117 22 Träskelin
365 1392 51 21 med
433 1393 25 21 12
475 1394 78 26 röster,
571 1392 134 29 Tengström
724 1390 42 22 och
782 1385 119 33 Öhrnberg

140 1423 110 23 hvardera
270 1424 24 28 8,
312 1425 121 29 Thermen,
456 1427 143 28 Lindegvist,
622 1425 122 30 Bergstedt
766 1424 41 22 och
829 1424 75 23 Wolff
