992 1725
185 118 43 25 254

154 182 143 22 stitiestatens
312 182 43 22 och
370 182 156 29 fattigprocent
541 182 108 30 erlägges.
679 181 54 23 Som
750 182 63 22 dessa
828 182 88 28 afgifter

154 217 70 22 oftast
245 217 99 22 medföra
367 217 85 29 ganska
475 219 60 20 stora
557 217 142 29 olägenheter
721 217 32 21 uti
776 224 25 14 en
821 216 94 22 aflidens

156 250 112 28 sterbhus,
283 251 25 22 sä
322 252 25 20 är
361 251 45 21 min
421 250 59 30 äsigt
493 253 32 19 att
539 250 28 22 de
583 251 67 21 borde
665 250 101 29 upphöra
777 251 52 22 eller
839 250 77 22 ätmin-

156 288 62 20 stone
234 288 32 19 att
281 286 111 21 desamma
406 285 49 22 icke
471 284 68 23 borde
553 284 107 23 beräknas
675 284 55 23 efter
745 285 73 22 brutto
829 284 87 29 tillgän-

157 327 69 22 garna
245 320 8 21 i
272 318 61 29 boet,
351 322 53 19 utan
419 319 56 22 efter
489 321 60 20 netto
565 319 165 28 behällningen,
745 319 66 22 sedan
827 319 89 22 skulder

156 353 54 23 eller
229 352 157 31 afkortningen
404 353 74 22 blifvit
496 353 116 29 afdragen;
634 353 99 22 deremot
751 353 68 22 borde
835 353 81 22 städer-

157 393 41 18 nas
216 386 140 31 magistrater
373 387 89 22 komma
479 388 8 21 i
502 387 127 29 ätnjutande
643 387 25 22 af
680 387 69 29 högre
763 387 154 23 motsvarande

156 421 69 29 löner,
251 422 29 29 pä
298 419 38 25 det
354 421 39 28 de,
414 421 94 22 nämnde
527 424 115 25 procenter
657 421 98 28 förutan,
770 422 66 21 mätte
851 421 66 22 hafva

157 454 135 31 tillräckliga
314 456 128 23 inkomster.
480 455 78 30 Enligt
580 456 45 21 min
647 455 59 30 äsigt
724 456 67 22 borde
810 456 106 22 enhvar
903 450 17 40 i

157 490 99 22 lifstiden
271 489 67 23 redan
354 489 90 30 åläggas
460 492 32 19 att
506 489 93 23 afbörda
614 490 34 29 sig
663 490 25 21 sä
703 492 59 19 stora
777 490 93 29 afoifter,
885 491 32 20 att

158 524 126 22 sterbhuset
298 524 56 22 efter
369 524 82 22 afliden
466 531 79 22 person
561 524 122 22 sedermera
698 531 53 15 vore
766 525 53 21 fritt.

228 555 72 25 Utom
322 557 68 23 andra
412 557 146 31 olägenheter,
576 557 83 24 händer
677 565 28 15 nu
725 558 46 22 ofta
785 562 32 18 att
830 559 39 21 när
883 557 34 23 till

159 594 100 28 exempel
274 592 104 22 husfader
392 592 47 27 dör,
456 593 25 21 sä
496 592 41 22 blir
553 593 54 21 hans
622 592 69 29 familj
707 593 64 21 äfven
782 593 62 28 eljest
854 593 63 21 värn-

158 626 48 30 lös,
225 628 67 21 mätte
308 627 43 21 han
366 627 29 21 dä
410 627 82 29 tillätas
506 625 29 23 dö
550 625 49 24 med
615 625 147 31 öfvertygelse
778 630 31 18 att
823 627 37 21 det
875 627 42 21 han

162 659 50 24 med
227 661 74 23 arbete
316 661 42 22 och
374 660 135 29 sparsamhet
523 659 104 31 möjligen
642 658 87 32 lyckats
744 661 77 27 samla,
837 661 34 21 fär
881 661 36 21 be-

160 695 70 23 hällas
246 695 25 23 af
282 696 54 21 hans
352 694 76 22 hustru
443 695 42 21 och
499 695 62 27 barn,
576 698 52 19 utan
643 697 38 26 att,
697 695 71 22 säsom
780 703 29 14 nu
821 695 57 28 sker,
890 702 27 14 en

162 730 100 29 betydlig
284 728 36 23 del
338 728 66 23 deraf
419 729 69 23 under
506 728 72 23 skilda
593 729 155 29 benämningar
762 730 61 22 delas
838 730 25 21 af
875 731 42 20 sta-

162 765 37 21 ten
214 762 42 23 och
272 761 87 25 stadens
370 762 136 30 tjenstemän.

230 795 55 25 Med
304 798 60 28 hopp
380 800 32 19 att
426 796 113 31 välloflige
554 795 189 33 borgareständet,
759 794 102 26 inseende
876 797 42 22 den

162 830 110 24 allmänna
286 834 77 27 nyttan
379 831 42 23 och
436 830 191 31 nödvändigheten
643 832 24 21 af
676 832 71 22 denna
757 830 118 30 tidsenliga
885 838 33 15 re-

162 865 68 30 form,
252 869 90 27 antager
361 864 60 24 detta
440 864 165 31 önskningsmäl
619 867 74 22 såsom
708 867 47 27 sitt,
771 864 96 24 anhåller
879 865 40 29 jag

161 899 9 24 i
186 901 54 29 djup
263 899 138 30 ödmjukhet,
424 904 32 18 att
474 900 59 23 detta
551 901 66 22 mätte
637 900 113 23 befordras
769 901 33 21 till
817 898 102 31 behörigt

160 935 86 22 utskott
260 938 33 19 att
307 932 75 25 vidare
398 933 147 24 förberedas.”

231 972 33 25 På
280 974 83 29 förslag
378 975 25 21 af
414 975 50 22 herr
480 967 143 37 Öhrnberg
637 974 49 22 blef
694 971 119 32 petitionen
825 971 94 25 remitte=

160 1006 41 25 rad
216 1008 34 22 till
265 1009 97 22 ständets
376 1008 101 23 enskilda
492 1009 181 22 besvärsutskott.

232 1049 59 22 Herr
306 1046 164 25 Grundfeldt
492 1048 133 24 framställde
648 1047 107 31 följande,
778 1046 8 25 i
808 1044 111 26 memorial

162 1081 127 30 skriftligen
304 1084 102 28 uppsatte
422 1081 102 30 petition:

232 1116 112 23 ”Landets
366 1115 102 30 gällande
486 1115 191 32 tull-lagstiftning
695 1114 40 25 har
752 1113 66 26 redan
835 1117 31 22 ett
881 1121 40 24 par

163 1152 85 28 gånger
265 1149 75 31 bragts
358 1150 34 22 till
408 1152 42 22 tals
466 1151 7 22 i
488 1152 60 22 detta
563 1152 70 22 stånd.
664 1152 68 22 Detta
747 1152 90 21 oaktadt
852 1152 69 21 finner

160 1184 40 31 jag
218 1186 45 28 mig
281 1184 121 23 föranlåten
422 1188 32 20 att
472 1185 57 23 ännu
544 1185 57 23 fästa
616 1183 99 25 ståndets
730 1186 191 28 uppmärksarnhet

162 1220 30 28 på
207 1227 27 15 en
250 1226 54 22 gren
318 1218 52 23 eller
385 1219 81 23 rättare
481 1222 76 20 utvext
571 1221 29 28 på
615 1218 68 31 sagde
698 1218 146 31 lagstiftning:

232 1253 47 22 Det
293 1253 23 22 är
331 1252 68 24 kändt
414 1256 32 19 att
460 1253 63 30 tjära,
537 1255 66 27 beck,
616 1252 85 30 bräder,
712 1253 93 29 plankor
817 1253 40 23 och
869 1250 52 32 ved,

163 1293 49 16 som
233 1286 130 30 utskeppas,
386 1286 68 24 sedan
472 1288 51 29 lång
540 1287 32 23 tid
591 1287 93 24 tillbaka
701 1286 54 24 eller
773 1286 105 24 alltsedan
897 1288 25 22 år

165 1320 56 22 1801
240 1321 57 22 varit
318 1320 88 23 utöfver
428 1320 43 24 den
492 1323 120 29 egentliga,
631 1320 132 24 statsverket
781 1320 141 29 tillfallande,

164 1354 148 29 exporttullen
335 1354 113 24 belastade
470 1355 49 23 med
541 1364 27 14 en
591 1354 96 25 särskild
706 1354 65 31 afgift
789 1354 33 23 till
837 1354 85 24 förmån

164 1388 36 24 för
222 1388 87 24 landets
331 1390 139 28 universitet,
493 1393 31 19 att
545 1388 154 32 uppbärandet
717 1391 25 21 af
757 1388 71 24 denna
847 1390 76 30 afgift,

161 1422 88 29 Jemlikt
263 1427 33 20 ett
310 1422 92 31 tidigare
417 1424 186 31 högöfverhetligt
617 1422 159 32 förordnande,
787 1422 70 26 skulle
867 1430 56 24 upp"
