992 1725
177 138 41 21 332

147 200 62 28 långt
228 200 38 20 när
282 199 48 22 icke
346 200 24 21 är
386 199 91 29 tydligt,
497 199 42 21 kan
552 200 39 27 jag
608 200 33 21 för
657 198 134 22 närvarande
807 199 18 29 ej
842 202 65 19 annat

147 235 27 20 än
195 234 66 29 yrka,
284 237 32 18 att
334 233 89 22 ärendet
443 233 70 21 blefve
529 233 136 21 remitteradt
680 233 91 21 tillbaka
785 234 33 20 till
835 232 72 29 lagut-

147 268 83 22 skottet
252 269 34 22 för
309 267 143 29 uppgörande
472 268 24 20 af
513 270 31 18 ett
567 270 65 18 annat
652 267 92 29 förslag,
767 274 45 14 som
832 267 29 28 på
876 270 31 18 ett

148 303 58 22 klart
225 302 41 22 och
286 303 109 21 bestämdt
414 303 43 20 sätt
472 301 113 30 uttrycker
600 302 118 21 utskottets
733 302 58 27 äsigt
805 302 7 21 i
828 303 78 20 ämnet.

216 359 58 22 Herr
285 359 123 22 Juselius
421 359 50 22 ville
484 359 123 27 frambålla,
617 363 31 17 att
659 359 41 21 den
710 359 196 28 omständigheten,

146 394 110 22 huruvida
275 394 50 29 laga
344 393 63 22 stånd
426 394 12 21 å
450 393 119 28 jordafång
585 393 112 21 medförde
713 393 38 22 full
767 393 139 21 stadfästelse

146 429 14 20 å
179 432 31 17 ett
228 428 78 21 sådant
325 427 53 29 fång
400 427 52 22 eller
471 427 77 21 endast
569 427 114 28 skyddade
701 431 58 17 emot
774 427 75 22 börds-
864 427 42 21 och

147 462 207 29 lösningsanspråk,
369 462 49 21 icke
434 461 61 22 stode
508 461 6 21 i
527 461 68 28 något
605 461 73 22 direkt
690 461 155 28 sammanhang
857 461 48 20 med

146 496 143 22 förevarande
305 496 67 28 fråga.
408 495 77 28 Enligt
500 496 94 21 talarens
609 496 59 28 åsigt
683 495 132 22 innefattade
830 495 75 21 nemli-

145 539 42 21 gen
203 531 42 21 den
263 531 123 28 föreslagna
402 529 144 29 kungörelsen
562 530 7 21 i
584 529 139 28 tidningarne
734 529 49 22 med
796 530 105 21 utsättan-

146 564 27 22 de
197 565 24 21 af
238 568 46 18 natt
302 564 41 21 och
364 564 23 22 år
402 563 77 22 endast
493 566 32 18 att
540 563 23 21 åt
579 571 26 14 en
621 563 222 29 fastighetsåtkomst,
858 571 47 14 som

146 601 19 26 ej
186 606 52 14 vore
256 599 100 28 grundad
371 599 29 29 på
415 598 127 28 fullständig
558 598 117 29 utredning
691 606 34 13 om
741 599 57 20 förre
813 599 92 27 ägarens

145 634 44 20 rätt
204 634 33 20 till
253 633 139 28 lägenheten,
405 633 71 21 lemna
488 633 68 21 större
569 632 144 29 offentlighet,
725 632 28 28 på
765 632 36 22 det
814 636 31 17 att
856 633 49 27 den,

146 674 48 15 som
210 667 147 28 tilläfventyrs
374 666 55 29 ägde
444 666 118 29 anledning
578 667 32 21 till
626 666 98 27 klander,
739 666 66 22 måtte
816 667 23 21 få
851 666 54 22 kun-

146 702 56 27 skap
222 708 33 14 om
275 701 42 21 den
337 700 83 22 skedda
439 701 153 21 öfverlåtelsen
607 701 41 21 och
665 700 90 22 blifva
743 696 12 37 i
771 701 86 21 tillfälle
873 704 32 18 att

145 736 33 21 sin
202 736 42 21 rätt
269 736 83 20 bevaka
371 736 58 20 inom
444 736 43 20 den
502 735 31 21 tid
549 736 41 20 och
607 736 6 20 i
629 736 42 21 den
687 735 104 28 ordning,
806 735 36 29 lag
857 736 48 20 der-

146 777 36 13 om
198 770 88 20 förmår.
315 769 12 21 I
343 773 66 17 annat
425 770 37 20 fall
479 769 70 21 skulle
565 777 26 14 eu
603 770 90 28 lagfart,
706 769 97 29 grundad
815 770 28 27 på
855 770 49 21 icke

147 804 143 29 fullständiga
309 803 135 29 handlingar,
460 804 97 21 medföra
574 804 69 21 bättre
659 804 43 20 rätt
718 804 40 20 och
775 804 69 21 större
861 804 43 20 för-

147 838 61 26 män,
228 839 27 21 än
273 838 29 20 då
321 838 128 28 fullständig
464 838 117 29 utredning
596 838 83 21 funnits
695 840 31 18 att
741 838 68 28 tillgå.
841 837 64 22 Tala-

145 879 39 15 ren
203 872 71 21 kunde
290 872 85 21 således
391 873 18 27 ej
426 872 84 21 biträda
525 873 74 20 herrar
614 872 87 21 Mölsäs
717 873 41 20 och
774 867 129 34 Öhrnbergs

146 906 98 29 yrkande
267 906 28 29 på
317 906 132 27 återremiss,
472 909 50 18 utan
546 906 117 22 förordade
682 909 31 18 att
732 905 85 22 ståndet
831 906 72 21 skulle

146 940 118 29 godkänna
284 940 154 27 lagutskottets
457 941 136 21 betänkande
612 941 49 21 med
677 940 137 21 uteslutande
829 941 24 20 af
867 940 36 21 det

145 974 92 21 sednare
260 974 139 22 alternativet
417 975 7 20 i
444 976 12 26 &
474 975 18 20 1.
529 974 92 22 Talaren
645 974 77 21 delade
742 975 18 27 ej
777 973 68 22 heller
861 974 41 21 den

146 1008 148 28 uppfattning,
310 1011 31 18 att
356 1008 64 21 dessa
435 1008 142 28 stadganden,
593 1016 34 13 om
644 1008 27 21 de
687 1008 72 21 blefve
774 1008 43 28 lag,
833 1008 71 22 skulle

145 1043 29 28 på
192 1043 80 20 minsta
287 1043 43 20 sätt
344 1042 118 22 inskränka
477 1043 40 22 den
533 1043 6 20 i
558 1043 53 21 1805
628 1043 35 20 års
679 1042 122 29 förklaring
817 1043 34 21 för
866 1050 37 13 an-

145 1076 109 21 ställande
270 1077 24 20 af
306 1076 140 29 äganderätts
461 1077 90 22 klander
567 1080 81 19 utsatta
664 1076 38 22 tid.

214 1127 58 21 Herr
288 1127 78 22 Holm
382 1128 62 29 afgaf
457 1128 95 29 följande
568 1128 111 30 yttrande:

214 1166 58 22 Herr
288 1162 116 35 Öhrnberg
420 1168 38 22 har
473 1169 79 21 uttalat
567 1169 38 21 sitt
620 1168 112 29 ogillande
748 1168 61 22 öfver
824 1169 80 29 ifråga-

144 1201 95 22 varande
262 1202 80 28 nådiga
365 1203 134 27 proposition
523 1203 41 21 och
584 1206 69 25 yttrat
671 1206 32 17 att
721 1202 41 22 den
779 1203 124 28 föreslagna

143 1235 147 28 kungörelsen
308 1243 51 14 vore
375 1236 89 22 alldeles
480 1237 81 28 onödig
577 1241 56 17 samt
649 1240 41 24 att,
706 1237 34 21 för
752 1236 90 28 lagfarts
856 1237 47 21 vin-

143 1268 71 22 nande
233 1269 13 21 å
264 1276 26 14 en
310 1270 121 27 lägenhet,
442 1270 66 29 några
523 1270 139 28 handlingar,
675 1278 47 13 som
738 1270 91 21 utredde
845 1271 57 21 förre

143 1304 92 27 ägarens
255 1304 43 20 rätt
316 1304 33 20 till
366 1304 134 27 densamma,
517 1306 18 27 ej
553 1312 50 14 vore
619 1304 121 28 behöfliga.
771 1304 130 22 Emellertid

143 1336 47 28 har,
213 1337 71 21 såsom
308 1340 30 18 ett
356 1338 167 22 säkerhetsmått
542 1339 33 21 till
595 1338 178 22 förekommande
792 1338 65 21 deraf
870 1341 32 18 att

143 1370 90 28 uppbud
250 1371 12 21 å
278 1371 63 29 olaga
356 1372 96 22 åtkomst
467 1372 24 21 af
503 1372 106 29 fastighet
623 1372 50 22 icke
689 1372 34 21 må
738 1372 121 27 meddelas,
871 1372 32 21 uti

143 1405 68 21 redan
226 1405 123 28 åberopade
365 1406 74 28 kongl.
456 1407 121 28 förklaring
593 1407 24 21 af
630 1407 41 21 den
690 1407 26 20 14
731 1407 41 27 maj
787 1406 53 21 1805
854 1407 49 21 blif-

144 1439 33 21 vit
192 1439 113 29 stadgadt,
322 1442 40 25 att,
378 1441 38 20 när
432 1441 78 29 lagfart
525 1442 66 21 sökes
607 1442 28 27 på
651 1441 72 29 någon
740 1439 108 30 lägenhet,
864 1441 38 21 bö-
