992 1725
177 118 41 21 276

148 181 45 29 mig
213 181 7 21 i
240 180 48 22 herr
304 179 142 30 Tengströms
463 180 83 30 förslag
562 188 34 14 om
613 178 148 25 återkallande
777 182 25 21 af
813 178 40 24 den
870 178 36 24 bes

148 216 73 20 slutna
239 215 150 21 äterremissen
408 218 56 18 samt
483 215 128 22 anslutande
627 216 34 21 till
677 215 26 22 de
719 216 70 28 öfriga
805 216 102 21 ständens

149 249 78 22 beslut.

218 287 57 24 Herr
291 283 153 35 Öhrnberg:
475 289 36 22 Dä
529 289 50 22 herr
597 289 130 30 Tengström
746 291 58 20 förra
819 290 84 27 gängen

148 322 100 30 föreslog
265 326 31 19 att
312 323 87 22 ständet
414 323 70 22 skulle
500 323 78 29 frängä
593 324 38 21 sitt
646 324 71 22 beslut
732 331 35 14 om
783 324 122 21 äterremiss

149 359 25 20 af
186 358 87 28 frågan,
289 358 28 27 pä
332 358 41 21 den
381 357 78 29 -grund
475 360 33 19 att
522 357 37 22 två
575 358 63 21 stånd
654 358 47 21 deri
716 358 64 21 fattat
795 360 30 19 ett
839 360 66 18 annat

150 393 81 25 beslut,
253 395 102 18 motsatte
375 393 39 27 jag
436 392 46 28 mig
500 391 60 22 detta
579 392 90 29 förslag.
699 391 37 22 Nu
752 392 105 26 deremot,
876 391 29 22 dä

148 426 160 21 underrättelse
327 426 71 27 ingätt
417 429 31 18 att
466 429 33 18 tre
515 426 63 21 ständ
594 426 107 29 enhälligt
715 426 98 28 godkänt
828 425 77 22 försla-

148 463 38 25 get
202 458 33 22 till
250 460 93 27 petition
358 459 7 21 i
382 460 82 27 ämnet,
480 459 78 22 sädant
573 460 37 21 det
625 461 25 21 af
662 460 243 28 expeditionsutskottet

149 495 25 20 är
192 492 111 28 affattadt,
326 493 69 22 finner
411 494 39 28 jag
466 493 145 22 förhållandet
628 499 52 16 vara
695 494 148 28 väsendtigen
860 493 43 21 för-

148 527 94 22 ändradt
256 527 40 22 och
313 528 87 21 förenar
415 528 44 28 mig
474 526 85 23 derföre
575 529 7 20 i
598 528 49 21 herr
659 527 142 30 Tengströms
815 527 88 28 förslag.

148 561 107 23 Deremot
275 561 44 23 kan
338 562 40 28 jag
396 563 20 27 ej
435 562 113 21 instämma
567 562 6 21 i
593 563 49 21 herr
657 562 85 22 Mölsäs
757 561 99 29 yttrande
872 565 33 18 att

148 596 87 21 ständet
256 596 71 22 skulle
349 596 179 22 reservationsvis
548 595 109 23 frambära
676 596 32 22 sin
724 596 109 22 särskilda
847 596 57 28 äsigt

148 630 34 20 till
204 630 126 22 monarken.
367 628 45 31 Jag
435 638 62 14 anser
521 630 128 30 visserligen
673 630 85 22 ständet
775 632 19 27 ej
810 630 94 22 behöfva

149 664 51 28 böja
218 665 35 28 sig
272 664 34 22 för
321 664 27 26 de
365 668 31 17 tre
412 665 71 28 öfriga
498 664 102 22 ständens
618 665 80 27 beslut,
713 665 46 21 lika
773 665 48 21 litet
835 664 6 21 i
857 664 46 22 det-

148 701 22 18 ta
193 705 46 14 som
258 699 8 20 i
285 698 66 29 nägot
370 702 67 18 annat
454 699 47 25 fallj
524 706 49 14 men
593 700 34 20 för
646 699 86 21 ständet
751 699 70 21 skulle
840 698 28 21 dä
883 699 19 27 ej

148 732 80 20 återstå
250 732 72 28 någon
341 740 70 14 annan
431 734 66 27 utväg
516 733 27 20 än
559 736 31 18 att
605 733 68 21 skildt
688 732 40 22 och
745 732 120 22 oberoende
881 733 25 21 af

148 765 27 21 de
198 766 68 21 andra
288 766 91 22 ständen
402 767 137 27 petitionera,
562 770 24 25 ty
605 767 72 28 nägon
692 767 132 21 reservation
840 766 63 21 torde

148 800 18 28 ej
186 800 73 21 kunna
278 800 100 28 biläggas
394 808 26 14 en
436 800 121 29 ansökning
573 801 33 20 till
622 801 125 21 monarken.
777 800 52 23 Som
844 800 58 21 dock

147 842 26 13 en
196 834 66 21 sädan
286 832 88 29 ätgärd,
398 834 28 28 pä
448 836 44 20 sätt
509 835 50 21 herr
579 834 74 22 Mölsä
669 835 63 21 äfven
749 834 85 28 antydt,
850 842 53 13 vore

147 868 84 21 mindre
253 869 102 28 lämplig,
378 869 71 22 såsom
471 869 112 21 vittnande
601 877 36 13 om
656 877 27 13 en
701 869 44 20 viss
765 869 97 27 fåfänga,
878 869 26 20 sä

146 902 40 21 vill
205 903 39 27 jag
266 903 27 20 än
316 910 26 13 en
362 903 58 28 gång
438 903 110 28 tillstyrka
567 903 60 21 bifall
647 903 33 20 till
696 902 49 21 herr
760 901 142 30 Tengströms

146 935 141 22 förenämnda
303 937 90 28 förslag.

215 974 59 23 Herr
288 975 94 23 Wolff
398 976 99 22 förmälte
516 976 34 29 sig
569 976 36 23 väl
625 977 66 22 hafva
706 976 56 22 varit
777 976 25 21 af
814 978 89 19 motsatt

146 1009 68 29 äsigt,
233 1017 49 14 men
300 1010 29 21 dä
347 1017 79 22 genom
441 1014 31 18 ett
487 1011 46 21 frän
549 1011 27 22 de
592 1012 72 28 öfriga
679 1011 91 22 ständen
785 1010 117 21 afvikande

145 1044 73 21 beslut
239 1043 69 22 likväl
327 1044 55 21 intet
400 1052 92 20 vunnes,
515 1053 27 13 nu
561 1046 64 21 äfven
645 1045 52 28 vilja
713 1045 75 21 förena
803 1044 34 28 sig
853 1043 48 22 med

144 1077 51 21 herr
210 1077 139 28 Tengström.

213 1110 59 22 Herr
287 1111 150 22 talmannen
454 1113 133 22 framställde
600 1113 6 21 i
618 1113 118 28 anledning
749 1112 24 22 af
782 1112 119 21 diskussio-

144 1153 41 13 nen
201 1145 96 28 följande
313 1147 147 27 proposition:

213 1179 47 21 Vill
280 1180 97 26 ståndet,
397 1180 33 22 för
450 1181 106 22 vinnande
573 1182 25 20 af
609 1182 43 26 tid,
668 1181 107 21 återkalla
789 1181 38 21 sitt
843 1181 59 21 förra

144 1213 72 21 beslut
232 1220 34 14 om
282 1214 88 27 frågans
387 1214 198 22 återremitterande
605 1216 32 20 till
659 1214 244 29 expeditionsutskottet

144 1247 42 21 och
202 1248 75 20 förena
292 1248 35 27 sig
342 1248 6 20 i
364 1248 27 21 de
407 1249 70 27 öfrige
491 1249 103 21 ståndens
609 1250 73 20 beslut
697 1256 35 13 om
748 1248 121 28 antagande
881 1249 26 21 af

145 1280 117 22 utskottets
285 1281 84 28 förslag
392 1282 33 21 till
448 1283 165 27 ifrågavarande
637 1282 124 28 ansökning
783 1283 6 20 i
816 1282 87 20 oförän-

143 1314 64 22 dradt
225 1315 74 27 skick,
322 1316 112 21 äfvensom
454 1316 132 22 beträffande
605 1318 68 20 sättet
692 1317 34 21 för
742 1316 161 28 ansökningens

142 1348 136 22 insändande
294 1349 32 21 tili
344 1348 63 22 Hans
422 1350 123 28 Kejserliga
560 1350 121 29 Majestät?

211 1384 79 20 Denna
313 1384 138 27 proposition
474 1388 77 25 antogs
571 1385 24 21 af
611 1385 91 21 ståndet
721 1384 117 28 enhälligt;
860 1384 42 20 och

143 1415 69 23 skulle
228 1416 28 22 de
270 1417 74 28 öfriga
358 1417 90 22 stånden
464 1425 35 15 om
515 1418 60 25 detta
590 1418 72 23 beslut
674 1418 136 22 underrättas
823 1425 80 21 genom
