1109 1739
240 103 40 22 178
558 105 41 16 Den
612 106 10 15 3
635 104 48 17 Juni.

211 160 72 21 kunde
306 161 61 28 höjas
383 161 106 28 betydligt
512 161 62 21 öfver
597 161 36 21 det
656 161 135 21 närvarande
815 161 109 28 beloppet,
946 161 39 21 och
1001 167 33 14 om

211 189 116 21 ständerna
344 189 60 21 skola
419 189 64 22 hafva
495 190 66 27 något
577 191 92 20 intresse
685 190 23 21 af
722 192 31 19 att
770 190 79 27 bevilja
865 197 26 14 en
908 189 128 28 förhöjning,

211 218 68 21 måste
295 219 23 19 så
334 217 45 26 ske,
395 220 24 25 ty
435 217 36 22 det
487 219 62 20 torde
565 219 34 20 väl
615 218 48 21 icke
679 219 74 25 nekas,
771 220 32 19 att
819 219 27 22 då
856 219 41 20 den
909 220 59 19 stora
980 225 56 14 mas-

211 253 37 14 san
265 246 23 21 af
304 246 82 21 skatter
406 247 51 20 eller
472 247 49 20 hela
544 247 41 20 den
609 247 107 20 ordinarie
741 249 70 18 staten
836 247 126 27 disponeras
985 248 51 19 utan

211 274 94 21 kontroll
328 287 21 2 --
371 276 23 26 ty
418 275 69 21 såsom
511 273 236 30 landtdagsordningen
771 282 28 14 nu
822 275 80 21 tolkats
926 275 110 28 angående

211 303 156 27 uppvisningen
391 303 23 20 af
436 304 143 20 statsverkets
603 303 102 26 tillstånd,
729 305 25 19 är
773 303 40 22 den
833 303 135 22 närvarande
985 304 51 20 kon-

211 331 77 21 tronen
303 331 60 20 öfver
378 331 27 21 de
421 331 105 22 urdivarie
532 332 164 21 inkomsternas
707 332 143 23 användande
860 332 46 22 heit
919 332 40 21 och
971 332 65 21 hållet

211 358 108 21 illusorisk
329 371 28 4 —
368 359 60 22 torde
444 360 45 27 det,
501 361 63 26 säger
577 361 45 27 jag,
635 361 116 27 ingalunda
761 368 52 13 vara
824 362 32 19 att
867 360 89 21 förvåna
965 361 33 27 sig
1006 361 30 20 öf-

212 394 37 14 ver
260 389 32 19 att
303 387 116 22 ständerna
434 389 47 20 icke
497 389 51 27 vilja
565 389 71 20 bifalla
647 389 32 20 till
691 396 25 14 en
725 389 125 28 förhöjning
860 389 31 21 uti
903 389 133 28 betydligare

214 423 49 13 mon
280 415 23 21 af
317 417 79 20 sådana
412 417 92 27 afgifter,
521 424 46 14 som
584 417 51 21 bero
651 418 27 26 på
693 417 49 21 dem
758 419 32 19 att
799 419 120 19 bestämma
928 424 40 14 om.
987 417 49 21 Med

215 444 102 21 afseende
331 444 59 28 härå,
407 445 40 21 och
463 445 32 25 då,
512 446 71 20 såsom
600 445 63 28 sagdt
678 447 29 25 är,
725 446 68 27 enligt
809 446 173 20 statsutskottets
994 446 42 20 for-

214 472 105 28 mulering
342 473 111 28 ingenting
475 474 69 27 ligger
559 474 7 20 i
582 475 69 27 vägen
675 474 32 21 för
723 477 33 19 att
772 474 109 21 öfverföra
901 481 25 14 en
943 476 93 19 motsva-

213 501 66 21 rande
302 503 49 25 post
373 502 53 20 ifrån
443 502 144 21 statsverkets
603 502 106 22 ordinarie
735 503 90 27 utgifter
848 504 28 26 på
892 502 143 28 bevillningen

212 529 33 21 för
260 532 32 18 att
315 532 107 19 motsvara
445 530 272 29 kartasigillata-afgiften,
737 532 24 20 så
780 531 69 21 finner
874 532 38 27 jag
934 531 5 21 i
958 531 36 20 det
1015 531 23 20 af

214 558 163 21 statsutskottet
399 559 121 27 uppställda
545 560 92 20 vilkoret
660 560 113 27 ingenting
795 560 122 27 obehörigt,
937 562 52 18 utan
1004 561 32 19 att

214 586 60 21 detta
296 588 93 19 tvärtom
413 589 63 26 utgör
491 590 31 18 ett
538 588 88 20 alldeles
642 588 159 28 oundgängligt
817 588 111 26 förbehåll,
944 595 46 13 som
1006 588 30 20 öf-

215 616 179 20 verensstämmer
409 616 50 21 med
473 616 269 28 kartasigillata-afgiftens
751 619 69 23 natur,
830 617 72 21 hvilka
911 616 125 22 obestämda

215 644 86 26 uttryck
317 645 26 19 än
359 644 68 21 under
443 644 41 21 den
499 645 120 27 förgångna
635 645 58 21 tiden
708 646 35 20 må
756 645 64 21 hafva
828 645 106 21 användts
944 645 34 21 vid
988 644 48 22 dess

214 672 127 27 beviljande,
358 673 39 20 och
413 674 24 19 är
453 672 59 22 detta
527 674 23 20 så
566 674 86 26 mycket
662 680 57 14 mera
729 674 115 28 sjelffallet,
854 680 46 14 som
908 674 127 27 regeringen

214 703 71 17 ansett
301 702 30 19 att
346 700 35 21 vid
397 701 74 28 hvarje
487 701 103 28 landtdag
607 702 38 20 bör
660 702 121 28 föreläggas
798 702 132 28 proposition
946 709 34 14 om
991 703 45 20 åta-

214 728 79 28 gandet
309 729 23 20 af
346 730 285 28 stämpelpappersafgiften.
662 731 52 20 Deri
730 731 69 27 ligger
814 733 32 19 ett
862 730 138 22 erkännande
1015 730 22 20 af

214 757 98 21 skattens
328 760 69 18 natur.
427 757 42 29 Jag
491 766 64 13 anser
575 759 96 26 sålunda,
687 762 32 18 att
735 760 66 27 något
817 759 101 21 afseende
934 759 47 21 icke
997 759 39 20 bör

216 785 67 21 fästas
299 786 36 20 vid
351 786 26 20 de
394 786 23 21 af
432 787 48 20 herr
496 787 111 21 Molander
622 787 133 21 framställda
772 788 201 27 anmärkningarne.

283 813 57 21 Herr
357 814 157 28 Schauman,
531 816 112 27 August:
669 816 42 27 Jag
728 816 36 20 vill
784 816 54 22 blott
854 816 32 21 för
902 816 42 21 min
960 816 76 20 delin-

214 844 58 26 tyga,
281 844 32 19 att
329 843 64 27 ingen
409 844 90 20 medlem
516 844 22 20 af
552 845 163 21 statsutskottet
732 844 61 22 tänkt
810 846 28 26 pä
852 846 33 19 att
901 844 87 21 beröfva
1003 851 33 14 re-

214 871 103 27 geringen
341 871 40 21 den
404 872 89 28 tillgäng
508 872 32 21 för
562 872 147 22 bestridandet
725 873 24 21 af
763 873 143 21 statsverkets
929 872 107 22 ordinarie

214 899 95 28 utgifter,
331 906 44 14 som
399 901 286 27 stämpelpappers-afgiften
701 902 75 20 hittills
792 902 80 20 skänkt
888 902 80 26 henne,
984 904 51 18 utan

213 927 37 21 det
266 929 23 19 är
305 928 75 20 endast
396 929 88 20 emedan
501 936 48 14 man
565 932 78 23 ansett,
659 932 32 18 att
706 930 56 21 hvad
777 937 46 13 som
840 930 124 27 verkeligen
974 931 23 19 är
1008 936 26 14 en

215 955 116 28 bevillning
354 956 66 21 också
436 957 38 20 bör
490 957 101 21 bokföras
607 959 38 20 och
662 958 109 21 redovisas
788 960 71 19 säsom
875 965 26 14 en
913 958 122 27 bevillning,

214 991 45 13 som
276 985 163 20 slatsutskottet
455 985 56 21 velat
526 985 56 22 fästa
598 986 37 21 det
650 986 164 28 ifrägavarande
829 987 93 20 vilkoret
938 987 35 20 vid
987 987 49 20 kar-

214 1012 282 29 tasigillata-bevillningens
519 1014 138 27 fortfarande,
673 1015 7 20 i
696 1015 40 20 den
755 1015 145 27 förhoppning
920 1015 68 20 tillika
1004 1017 32 18 att

215 1041 89 20 sälunda
320 1042 274 27 stämpelpappersafgiften
612 1043 113 21 framdeles
745 1043 60 25 skall,
822 1043 31 20 till
870 1046 82 18 statens
966 1043 69 26 bästa,

214 1069 73 20 kunna
303 1069 72 27 höjas;
391 1071 24 26 ty
430 1070 36 21 det
481 1070 38 21 har
535 1071 64 20 redan
617 1072 54 20 visat
687 1072 38 27 sig,
738 1071 41 21 och
793 1072 97 20 kommer
904 1071 132 21 förtfarande

215 1099 31 20 att
262 1097 46 20 visa
323 1097 33 28 sig
372 1100 39 23 att,
427 1098 70 21 förrän
514 1099 61 21 detta
591 1099 68 21 vilkor
675 1100 40 21 blir
738 1100 108 27 uppfyldt,
868 1100 64 27 ingen
955 1100 80 27 förhöj-

215 1125 50 27 ning
281 1126 24 19 är
320 1126 81 27 möjlig,
417 1127 69 20 såsom
502 1128 26 20 de
544 1127 129 28 föregående
689 1129 97 20 talarene
801 1128 64 21 äfven
880 1128 121 21 framhållit.

283 1153 58 21 Herr
351 1153 142 23 Molander:
510 1155 42 28 Jag
562 1156 37 21 ber
612 1157 57 20 ännu
678 1159 31 18 att
717 1157 22 20 få
748 1157 56 20 fästa
815 1157 219 26 uppmärksamheten

215 1181 67 28 derpä
297 1183 33 19 att
346 1182 256 29 kartasigillata-afgiften
622 1185 44 25 har,
683 1185 27 27 pä
725 1187 44 19 sätt
782 1185 38 28 jag
836 1184 46 21 haft
890 1186 50 20 äran
950 1186 85 24 nämna,

214 1210 65 20 redan
288 1210 67 21 under
371 1217 25 14 en
413 1212 50 27 läng
478 1212 36 26 tid,
531 1213 52 20 eller
601 1213 68 21 under
685 1213 26 21 de
726 1215 81 20 tvenne
823 1213 71 21 sekler
909 1213 40 21 den
966 1213 70 21 blifvit

214 1239 119 27 uppburen,
359 1239 59 21 alltid
438 1240 79 21 influtit
536 1241 1 20 i
554 1241 94 21 kronans
664 1242 70 25 kassa,
751 1244 51 18 utan
818 1243 33 19 att
866 1241 41 21 den
923 1242 69 21 blifvit
1008 1243 28 26 pä

213 1267 67 27 nägot
295 1268 44 19 sätt
355 1267 54 21 skild
425 1268 45 21 frän
487 1269 66 20 andra
569 1269 93 21 kronans
677 1270 127 25 inkomster,
821 1270 61 21 öfver
895 1270 71 21 hvilka
974 1270 61 21 Hans

214 1295 102 27 Majestät
332 1295 133 28 disponerar.
495 1297 76 28 Aldrig
590 1298 58 21 förut
663 1299 38 20 har
717 1305 49 14 man
782 1298 84 21 fordrat
881 1300 32 19 att
929 1299 26 20 de
971 1299 64 20 ända-

213 1323 41 20 mål
270 1323 69 21 skulle
354 1324 121 27 uppgifvas,
488 1325 32 21 för
536 1325 72 22 hvilka
625 1327 257 27 kartasigillata-afgiften
895 1328 23 19 är
935 1327 99 27 behöflig,

212 1352 20 26 ej
255 1351 68 21 heller
345 1352 39 21 har
407 1360 48 13 man
476 1354 56 21 förut
555 1354 76 28 begärt
647 1355 137 27 redovisning
799 1355 34 20 för
848 1355 116 21 desamma.
995 1356 39 20 Om

212 1379 258 29 kartasigillata-afgiften
490 1382 66 21 ocksä
571 1384 24 19 är
611 1383 23 20 af
648 1383 211 28 bevillnings-natur,
878 1384 24 20 är
922 1383 40 21 den
978 1383 55 21 dock

211 1407 23 21 af
247 1415 26 13 en
289 1415 71 14 annan
377 1409 150 22 beskaffenhet
542 1412 27 19 än
585 1411 71 21 direkt
672 1412 124 27 bevillning.
827 1411 65 22 Hvad
915 1411 70 21 blefve
1006 1419 27 14 nu

211 1436 120 27 resultatet,
347 1443 35 15 om
398 1437 61 22 Hans
467 1439 102 28 Majestät
585 1439 68 21 skulle
665 1440 104 28 uppgifva
777 1440 26 21 de
812 1440 99 21 ändamål
920 1440 33 20 för
962 1440 72 21 hvilka

211 1465 287 26 kartasigillata-inkomster
520 1468 123 20 erfordras?
662 1468 115 28 Budgeten
801 1469 53 20 eller
874 1468 160 28 statsförslaget

210 1492 149 28 promulgeras
375 1494 42 21 alla
433 1494 30 28 &r,
479 1495 40 21 och
535 1496 38 21 der
589 1498 106 26 upptagas
710 1496 172 22 hufvudtitlarne
898 1496 32 21 för
946 1499 88 19 statsut-
