1109 1739
241 100 42 21 240
564 95 39 18 Den
609 91 12 33 6
639 95 50 18 Juni.

215 157 73 21 ställas
301 153 83 31 jemväl
400 153 7 21 i
422 152 40 21 den
479 152 22 21 af
516 151 168 29 öfverstyrelsen
699 150 35 21 för
750 151 51 28 väg-
817 151 42 22 oeh
870 151 173 22 vattenkommu-

215 185 151 22 nikationerna
383 181 123 27 föreslagna
521 180 131 27 riktningen.

284 213 65 28 Uppä
365 211 95 26 begäran
476 208 125 22 anställdes.
612 203 103 42 votering,
731 214 46 14 som
793 208 63 21 utföll
872 208 50 21 med
939 209 25 20 10
970 209 24 28 ja
1002 209 40 21 och

217 243 26 20 19
259 241 42 28 nej,
317 240 30 21 till
363 239 54 27 följd
433 238 77 21 hvaraf
531 237 85 21 således
638 236 191 27 undersökningen
846 236 65 21 äfven
931 237 67 21 borde
1012 237 31 21 le-

217 270 38 21 das
270 270 7 21 i
293 270 41 20 den
349 267 23 22 af
389 265 167 28 öfverstyrelsen
567 265 34 21 för
612 265 50 26 väg-
674 264 41 21 och
726 264 318 23 vattenkommunikationerna

216 298 123 27 föreslagna
353 295 132 27 riktningen.

285 325 12 22 I
312 323 102 23 afseende
429 323 13 21 &
457 323 37 20 det
510 320 174 29 anslagsbelopp,
700 327 45 14 som
761 321 34 20 för
809 321 167 28 ifrågavarande
983 322 60 27 jern-

218 352 217 31 vägsundersökning
449 349 68 22 borde
533 349 97 28 beviljas,
646 349 72 21 anhöll

287 382 103 21 Friherre
406 386 47 14 von
470 378 71 22 Troil
562 385 33 14 om
613 377 62 22 ordet
693 378 40 21 och
748 377 99 28 yttrade:
870 377 62 22 Efter
947 378 27 21 de
989 385 54 21 upp-

219 411 118 28 lysningar,
361 415 46 14 som
423 408 51 21 herr
489 407 95 27 Pipping
599 405 134 27 meddelade,
750 408 33 19 att
797 406 73 25 linien,
886 406 64 21 hvars
965 407 78 25 under-

219 439 93 26 sökning
327 436 151 27 ridderskapet
493 435 41 21 och
550 434 62 22 adeln
628 441 29 13 nu
673 433 39 21 har
722 434 101 26 beslutat,
833 434 50 21 icke
894 434 68 21 skulle
971 435 73 21 kunna

219 466 128 22 verkställas
364 466 34 20 för
413 471 81 14 samma
510 463 128 26 kostnader;
654 464 33 18 att
702 462 49 21 icke
767 469 36 13 ens
819 462 7 21 i
842 462 103 21 händelse
961 463 83 21 sträck-

220 496 78 27 ningen
322 493 91 23 emellan
436 491 99 28 Piippola
557 491 40 21 och
616 490 98 22 Joensuu
733 490 68 21 skulle
817 491 67 21 blifva
904 491 139 26 oundersökt,

219 524 28 21 de
271 523 69 21 skulle
356 528 53 15 vara
423 521 33 21 för
471 520 124 21 ändamålet
618 518 135 28 tillräckliga,
777 519 64 21 utber
858 519 39 27 jag
916 520 44 27 mig
975 522 32 19 att
1022 520 22 21 få

219 552 87 26 föreslä,
329 553 32 19 att
385 550 40 20 den
441 556 89 18 summa,
547 555 46 14 som
609 548 6 20 i
631 554 64 14 mom.
711 548 13 20 5
740 549 24 19 är
779 549 113 26 upptagen
905 548 30 20 till
952 549 92 26 200,000

221 581 68 26 mark,
305 580 68 21 mätte
389 578 60 27 höjas
465 577 32 21 till
512 577 93 25 225,000
620 576 69 20 mark.
719 575 43 28 Jag
777 576 36 20 vill
828 576 102 28 päminna
945 576 50 28 mig,
1011 579 32 19 att

220 610 37 20 det
272 615 39 15 var
326 608 60 20 detta
401 606 78 28 belopp
502 612 45 14 som
565 604 165 22 statsutskottet
745 604 55 21 hade
815 606 74 19 anseti
900 605 80 27 nödigt,
992 606 52 20 oak-

220 638 47 20 tadt
283 637 36 21 det
334 636 7 21 i
355 636 39 20 sitt
409 633 180 27 sammandragna
611 632 136 22 betänkande
770 633 48 21 icke
841 633 55 21 hade
915 634 55 26 tagit
985 634 37 21 det
1036 634 8 21 i

221 665 125 27 beräkning,
363 663 40 21 och
419 662 105 22 mähända
540 662 37 20 det
592 662 48 20 icke
656 668 38 14 var
709 661 49 21 med
773 661 83 28 tydliga
872 661 38 21 ord
925 664 76 19 utsatt.

290 693 58 21 Herr
363 691 125 27 Pipping,
511 690 84 21 Knut:
618 690 35 21 Då
669 690 26 20 de
715 689 70 28 begge
803 690 129 21 alternativa
954 690 90 22 linierna

221 722 64 28 skilja
308 722 33 27 sig
363 720 55 21 ifrän
441 719 122 21 hvarandra
578 719 29 27 pä
622 725 26 14 en
664 718 87 28 mycket
767 718 49 28 läng
831 718 93 25 sträcka,
947 720 46 20 tror
1005 720 39 27 jag

221 751 48 21 icke
285 750 92 25 225,000
392 747 61 22 mark
468 748 66 20 blifva
549 746 130 28 tillräckliga
694 747 33 20 för
739 746 189 28 undersökningen
944 748 24 21 af
980 748 64 22 äfven

222 779 37 21 det
275 778 67 22 andra
350 776 144 22 alternativet.
514 776 43 28 Jag
572 775 69 21 skulle
656 775 80 21 föreslå
751 778 32 18 ett
798 776 75 28 tillägg
883 776 23 21 af
915 776 131 22 åtminstone

223 808 78 25 50,000
322 806 69 24 mark,
414 812 79 14 annars
512 806 45 19 tror
571 804 38 28 jag
624 803 37 21 det
676 804 48 21 icke
739 804 42 21 kan
796 804 136 28 verkställas,
948 805 56 21 helst
1018 805 28 21 de
1071 822 3 3 .

223 836 63 22 svåra
309 834 170 28 öfvergångarne
502 832 62 22 öfver
585 832 98 21 floderna
707 832 85 22 komma
811 835 33 19 att
858 833 74 21 fordra
953 834 92 27 mycken

222 863 191 29 uppmärksamhet
435 861 36 21 vid
493 861 59 22 valet
568 860 24 22 af
609 861 229 27 öfvergångsställena.
868 862 44 20 För
928 862 64 28 öfrigt
1007 862 39 21 ber

220 894 39 27 jag
268 894 31 20 att
307 892 22 21 få
337 890 85 22 biträda
429 890 91 21 friherre
528 896 42 14 von
580 889 70 21 Troils
665 889 86 28 förslag,
763 892 32 19 att
803 890 99 28 anslaget
910 890 66 21 måtte
984 890 61 22 ökas.

292 920 101 22 Friherre
408 925 51 14 von
474 918 80 21 Born:
568 917 51 21 Med
634 917 102 21 afseende
751 919 13 20 &
779 918 41 22 den
836 920 60 20 stora
910 919 136 27 omfattning,

223 957 46 14 som
292 949 41 20 alla
349 948 64 21 dessa
434 946 189 27 undersökningar
645 946 69 21 skulle
729 946 28 27 få,
773 947 41 20 den
830 947 150 27 noggrannhet
1000 954 46 14 som

223 978 36 21 vid
275 977 49 21 dem
339 977 69 20 måste
423 975 116 27 iakttagas,
556 974 41 21 och
613 974 37 21 det
666 974 61 27 ringa
743 975 58 20 antal
820 975 50 21 med
885 975 161 22 förhållandena

223 1007 48 21 fullt
293 1005 112 27 förtrogne
427 1003 130 28 ingeniörer,
573 1003 22 20 åt
610 1002 75 21 hvilka
699 1009 27 14 en
742 1003 66 21 sådan
831 1003 119 28 grannlaga
968 1003 78 22 under-

224 1034 92 27 sökning
331 1033 43 21 kan
390 1032 116 26 ombetros,
522 1038 65 14 anser
599 1031 38 28 jag
653 1030 152 29 tvifvelaktigt,
821 1038 35 15 om
872 1031 42 22 alla
929 1032 64 21 dessa
1008 1039 38 14 un-

224 1062 155 27 dersökningar
403 1060 49 21 med
475 1060 53 27 godt
543 1059 83 22 besked
642 1059 73 21 kunna
738 1059 66 22 blifva
819 1060 32 21 till
867 1061 62 20 nästa
944 1060 103 29 landtdag

223 1091 135 27 fullständigt
373 1089 139 26 verkställda,
528 1088 39 21 och
584 1088 7 21 i
607 1087 78 22 sådant
697 1087 36 22 fall
745 1088 68 21 skulle
823 1088 42 21 den
876 1089 7 20 i
894 1089 76 28 sjunde
978 1089 69 28 punk-

224 1124 37 17 ten
284 1118 129 23 omnämnda
435 1117 72 27 linien,
524 1124 46 14 som
587 1116 39 21 sist
641 1116 71 21 skulle
733 1116 86 22 komma
834 1117 8 21 i
857 1117 68 28 fråga,
945 1117 103 28 möjligen

224 1149 67 21 blifva
307 1146 137 22 oundersökt.
461 1145 80 22 Derför
552 1145 101 21 betviflar
661 1145 39 27 jag
709 1145 56 26 icke,
775 1147 32 19 att
818 1145 98 28 anslaget
926 1145 24 22 af
956 1146 92 26 200,000

224 1177 62 22 mark
309 1176 64 21 äfven
396 1175 54 20 skall
473 1174 67 21 blifva
562 1173 132 28 tillräckligt,
712 1180 49 15 men
777 1173 34 22 för
825 1174 42 21 den
884 1174 108 26 händelse,
1015 1176 33 19 att

225 1207 37 20 det
276 1205 49 21 icke
340 1203 71 22 blefve
426 1203 67 26 fallet,
509 1203 24 20 så
548 1202 88 21 förenar
649 1201 40 28 jag
703 1202 44 27 mig
761 1202 49 21 med
824 1202 92 22 friherre
931 1210 43 15 von
988 1203 60 21 Troil

225 1236 32 19 att
276 1233 109 28 tillstyrka
407 1231 50 22 dess
477 1230 95 29 höjande
587 1230 34 21 till
635 1230 93 27 225,000
743 1231 68 26 mark,
829 1237 49 15 men
894 1231 7 21 i
916 1225 64 35 ingen
996 1231 51 22 hän-

225 1263 59 21 delse
300 1261 105 22 deröfver.
536 1275 2 4 ,
714 1267 2 2 :

293 1290 57 21 Herr
365 1288 212 23 landtmarskalkens
592 1287 124 28 uppställda
737 1287 132 29 proposition
886 1287 55 23 hade
954 1288 94 28 följande

225 1319 91 29 lydelse:

295 1363 11 11 »
309 1347 43 21 Vill
375 1345 150 28 ridderskapet
545 1345 41 21 och
609 1344 65 21 adeln
693 1345 78 28 antaga
786 1351 64 15 mom.
866 1345 13 21 5
894 1345 24 21 af
929 1345 119 22 utskottets

225 1375 164 29 ifrågavarande
404 1373 139 22 betänkande
559 1373 168 28 oförändradt?*

296 1420 12 10 ,
309 1404 84 21 Vinner
407 1403 42 27 nej,
465 1402 62 28 höjes
544 1401 187 28 anslagssumman
746 1401 31 21 till
792 1402 93 27 225,000
900 1401 89 28 mark;'*

295 1432 168 28 Propositionen
471 1430 132 21 besvarades
618 1429 49 21 med
683 1429 157 29 öfvervägande
854 1430 43 28 nej,
912 1430 53 22 eller
972 1431 32 20 att
1012 1437 37 14 an-

227 1463 155 27 slagssumman
398 1460 67 21 borde
481 1459 61 27 höjas
558 1459 33 20 till
606 1458 93 27 225,000
714 1458 67 21 mark.

296 1489 64 22 Mom.
377 1489 12 21 7
403 1488 40 22 och
458 1488 13 21 8
487 1486 134 29 godkändes.
