1109 1739
218 91 39 21 186
536 93 40 16 Den
589 94 10 15 3
612 93 48 16 Juni.

187 149 36 27 lag
239 150 66 26 nägra
327 149 93 28 positiva
445 149 140 28 stadganden,
601 150 7 20 i
625 149 81 21 hvilket
731 149 133 22 förhällande
880 149 62 21 dessa
958 149 53 28 byar

189 177 62 21 skola
273 177 86 28 deltaga
382 178 5 21 i
404 177 134 22 underhället
554 178 39 21 och
611 178 264 28 anläggningskostnaden
891 179 23 20 af
935 179 75 26 vägen,

189 208 50 18 utan
257 206 38 21 har
310 207 75 20 sädant
401 207 5 20 i
423 207 73 27 hvarje
520 207 102 20 särskildt
637 207 37 20 fall
690 207 71 20 berott
776 207 27 26 pä
818 207 100 28 pröfning
933 207 23 21 af
970 207 39 20 den

189 235 68 20 större
274 235 52 21 eller
342 235 81 21 mindre
440 237 66 25 nytta,
527 241 45 14 som
589 235 108 21 hvardera
715 235 106 28 byalagen
845 235 32 21 för
893 236 31 27 sig
941 235 69 26 hafva,

189 263 90 21 hvarvid
302 263 40 21 den
367 264 72 27 praxis
462 264 57 27 gjort
542 263 33 28 sig
595 263 106 28 gällande,
717 266 32 18 att
765 263 73 22 derest
853 264 47 21 icke
916 264 94 21 särdeles

189 291 117 28 anledning
322 292 29 20 till
369 293 108 26 undantag
499 292 152 25 förekommer,
669 293 76 26 hvarje
765 292 26 27 by
808 293 82 27 bygger
905 293 55 20 inom
978 293 32 20 sin

189 321 60 20 mark
266 320 52 21 eller
333 320 39 21 och
389 320 40 21 alla
445 321 140 20 tillsammans
601 321 86 27 deltaga
698 321 5 20 i
715 321 156 27 anläggningen
884 321 39 22 och
934 321 76 21 under-

189 348 175 21 hällskostnaden
388 349 23 20 af
434 349 40 21 den
491 349 41 24 del,
555 356 46 13 som
617 348 68 29 ligger
708 351 96 19 närmast
820 349 106 22 allmänna
941 350 69 20 lands-

189 378 76 26 vägen,
277 377 39 21 och
327 378 24 20 sä
361 377 70 21 undan
444 378 32 20 för
485 378 78 20 undan.
581 377 84 22 Genom
677 378 40 21 den
727 378 112 27 procedur,
851 385 45 14 som
908 385 27 14 nu
947 379 22 20 af
978 380 32 19 ut-

190 406 83 20 skottet
283 405 89 22 föreslås
381 406 39 21 och
431 407 58 20 hvari
501 406 54 21 blott
566 406 100 21 hänvisas
678 407 30 20 till
723 407 53 21 1864
785 407 34 20 års
827 407 133 27 författning,
972 407 40 20 blir

189 434 41 20 den
242 434 123 21 nuvarande
377 434 246 28 rättegängsordningen
638 434 45 21 helt
695 434 39 21 och
749 434 65 22 hället
825 435 128 21 kulikastad.
970 435 41 21 Om

190 470 48 13 man
257 463 105 27 granskar
379 463 54 20 hvad
458 463 53 21 1864
527 463 34 20 års
578 463 127 28 författning
721 464 111 26 angående
849 463 130 28 upplåtande
990 464 24 20 af

191 491 60 21 mark
274 492 33 20 för
329 492 88 20 allmänt
436 491 65 21 behof
514 492 95 26 stadgar,
626 492 23 20 så
665 492 68 20 finner
749 499 56 18 man,
828 494 33 18 att
876 492 62 20 dessa
954 492 57 20 stad-

189 520 84 27 ganden
297 520 89 20 hänföra
409 521 32 26 sig
457 520 75 20 endast
549 520 31 20 till
595 520 74 27 frågan
687 527 33 14 om
737 520 116 28 egendoms
870 520 140 26 afbändande,

190 550 69 19 såsom
285 548 36 21 det
341 549 144 27 uttryckligen
506 548 62 21 heter
587 549 5 20 i
611 549 25 21 10
653 549 22 27 8:
692 549 66 21 sedan
781 550 156 26 synemännens
957 549 53 20 utlä-

190 577 64 21 tande
271 577 30 21 till
317 578 134 26 guvernören
463 577 112 21 inkommit
586 577 38 21 och
637 581 100 23 parterna
747 578 100 20 deröfver
858 578 68 20 blifvit
937 578 73 26 hörde,

189 606 57 28 gifve
263 607 133 27 guvernören
413 606 8 20 i
431 606 83 28 frågan
531 614 34 12 om
575 606 137 28 egendomens
723 606 142 28 afhändande
878 606 76 27 utslag,
965 613 45 13 som

190 635 31 20 till
237 634 72 28 slutlig
326 634 99 28 pröfning
435 635 37 20 bör
488 634 122 21 hemställas
627 636 48 24 etc.,
692 642 48 13 men
756 635 6 20 i
781 635 62 27 fräga
859 642 33 13 om
904 634 106 27 delnings-

189 663 98 28 grunden
310 663 32 21 för
366 664 67 26 vägen
457 663 39 21 och
519 663 276 27 underhällsskyldigheten
822 670 25 14 m.
872 664 21 20 fl.
917 665 93 19 omstän-

191 692 106 27 digheter,
321 698 44 14 som
382 691 35 21 vid
436 698 26 14 en
486 692 173 27 väganläggning
683 692 61 20 skola
760 694 62 25 tagas
838 692 6 20 i
862 692 149 26 betraktande,

191 720 38 21 har
248 720 49 27 föga
313 721 56 19 ännu
385 720 70 27 nägon
471 720 49 21 sökt
536 722 31 19 ett
587 722 122 19 rättesnöre
741 721 30 20 uti
795 720 215 27 expropriationsför-

191 749 120 27 fattningen
329 749 24 20 af
368 749 61 20 1864.
453 748 34 21 Nu
503 748 105 21 förklaras
625 749 200 26 emellertid,säsom
842 749 68 27 sagdt,
927 749 6 19 i
949 749 61 20 moti-

191 778 101 27 veringen
315 777 31 21 till
369 778 152 26 lagutskottets
545 777 144 27 betänkande,
706 779 31 19 att
761 777 115 27 kejserliga
892 777 82 21 brefvet
990 778 24 20 af

193 806 51 21 1851
269 806 48 20 icke
341 806 72 20 vidare
435 806 68 20 skulle
522 812 41 21 ega
578 806 99 27 gällande
694 806 63 26 kraft,
774 806 39 20 och
828 812 45 14 som
890 805 59 21 detta
965 806 48 20 bref

191 834 99 21 hänvisar
313 834 31 20 till
367 835 58 20 förut
447 834 103 21 utkomna
573 834 152 27 författningar
741 834 40 21 och
805 834 87 27 stadgar
910 834 7 20 i
932 836 79 20 ämnet,

191 863 41 21 kan
252 862 62 21 deraf
335 862 40 22 den
395 862 88 22 slutsats
506 863 84 27 dragas,
611 865 32 18 att
659 863 65 20 också
741 863 63 20 dessa
820 862 92 28 tidigare
928 862 83 22 författ-

191 892 76 27 ningar
291 898 50 14 vore
363 891 169 28 undanrödjade,
556 894 31 18 att
603 891 83 21 säiedes
702 891 72 27 frägor
790 898 33 14 om
841 891 117 27 byavägars
975 898 37 14 an-

191 920 102 28 läggning
315 920 48 20 icke
387 920 72 20 vidare
476 920 68 20 skulle
561 920 114 20 ankomma
691 920 26 26 pä
733 920 146 26 guvernörens
896 919 116 28 handlägg-

191 949 51 27 ning
265 951 50 18 utan
333 948 51 21 böra
400 949 27 26 gä
443 949 31 20 till
490 948 122 21 häradsrätt
628 948 39 20 och
684 948 80 26 vidare,
781 948 5 20 i
804 948 100 20 händelse
920 948 22 20 af
951 948 61 20 miss-

192 977 55 27 nöje,
265 977 30 20 till
313 976 80 21 hofrätt
410 980 55 18 samt
484 977 5 20 i
507 977 146 27 revisionsväg
665 976 30 21 till
712 978 101 19 senatens
826 976 185 27 justitiedeparte-

191 1007 64 23 ment,
279 1012 25 13 en
321 1005 98 28 omgång,
443 1013 44 13 som
501 1005 38 28 jag
559 1008 45 17 tror
619 1005 116 27 ingalunda
751 1004 53 21 skall
820 1004 48 21 leda
884 1005 30 20 till
931 1004 82 21 lättnad

191 1034 32 21 för
247 1035 107 25 parterne.
385 1033 38 20 Uti
446 1034 62 21 dessa
532 1034 4 19 i
561 1035 80 20 största
658 1034 86 20 korthet
767 1033 127 20 framhållna
914 1033 98 20 anmärk-

192 1063 74 26 ningar
281 1061 39 21 har
333 1062 39 27 jag
387 1062 49 20 sökt
452 1062 79 27 antyda
547 1062 43 20 min
607 1062 137 27 uppfattning
770 1062 23 19 af
807 1061 65 21 saken
889 1062 39 20 och
944 1062 68 25 torde,

190 1091 45 20 ifall
259 1091 42 20 min
326 1091 56 26 åsigt
399 1090 74 21 vinner
488 1090 165 28 godkännande,
670 1090 151 27 ridderskapet
837 1089 38 21 och
892 1089 61 21 adeln
970 1091 42 19 för-

192 1119 60 20 klara
275 1121 32 18 att
330 1119 119 20 utskottets
473 1119 136 20 betänkande
625 1119 48 20 icke
690 1119 41 20 kan
747 1121 97 24 antagas,
861 1120 51 19 utan
929 1121 31 18 att
977 1119 35 19 nå-

191 1147 48 28 diga
256 1147 169 28 propositionen,
435 1148 128 20 åtminstone
580 1148 23 19 så
611 1147 44 20 vidt
672 1147 40 21 den
730 1148 66 27 angår
807 1147 12 20 2
835 1147 18 26 &,
870 1147 38 20 har
919 1147 94 27 afgjordt

191 1175 116 22 företräde.
340 1175 63 21 Hvad
419 1176 5 20 i
443 1178 8 19 1
470 1177 11 26 $
497 1177 88 26 stadgas
601 1182 34 13 om
652 1176 120 27 ersättning
786 1175 32 20 för
829 1175 60 20 mark
901 1175 29 20 till
943 1175 70 21 lands-

191 1206 46 25 väg,
255 1205 33 20 må
305 1205 63 25 ännu,
385 1211 33 14 om
435 1211 48 14 man
499 1205 24 20 så
531 1204 83 27 tycker,
631 1204 84 25 ändras,
732 1206 23 25 ty
764 1204 103 27 antingen
884 1210 47 13 man
944 1203 69 21 beslu-

190 1235 33 18 ter
239 1233 32 26 sig
287 1233 32 20 för
335 1234 32 19 att
383 1233 108 28 medgifva
506 1232 121 27 ersättning
643 1232 51 21 eller
712 1233 27 27 ej,
751 1239 63 14 anser
831 1232 38 27 jag
885 1231 65 22 saken
962 1238 51 15 vara

190 1261 23 21 af
227 1261 82 20 mindre
326 1261 51 27 vigt,
395 1268 47 14 men
458 1262 13 19 2
487 1262 11 27 $
514 1261 22 20 af
551 1261 76 27 nådiga
644 1261 168 27 propositionen,
829 1267 45 14 som
891 1260 75 21 hänför
982 1261 32 26 sig

191 1289 31 21 till
237 1289 130 28 anläggning
391 1289 23 20 af
437 1290 115 27 byavägar,
573 1289 72 25 borde,
662 1289 66 27 enligt
743 1290 43 19 min
803 1288 143 28 uppfattning,
962 1289 51 20 ovil-

190 1318 98 27 korligen
306 1318 125 25 bibehållas,
460 1319 87 20 hvarom
564 1318 27 27 ej,
616 1317 126 28 föredrager
759 1318 38 27 jag
813 1323 28 14 nu
856 1317 98 27 gällande
970 1317 43 27 lag-

190 1346 99 27 stiftning
305 1346 39 21 och
360 1353 70 19 anser,
447 1349 30 18 att
495 1347 53 20 både
564 1346 153 27 lagutskottets
734 1346 136 21 betänkande
884 1345 38 20 och
938 1345 76 28 nådiga

191 1375 162 27 propositionen
371 1375 33 20 må
419 1375 91 20 förfalla.

259 1402 58 21 Herr
338 1403 144 21 Molander:
500 1403 42 27 Jag
559 1402 38 21 har
613 1402 70 21 blifvit
698 1402 149 21 förekommen
864 1403 74 19 nästan
955 1401 5 20 i
977 1402 38 21 allt

189 1432 24 21 af
220 1431 49 21 herr
281 1431 130 21 Ehrnrooth.
427 1433 72 19 Såsom
511 1431 77 21 nämde
600 1431 67 21 talare
679 1431 106 27 andragit,
797 1432 23 19 är
831 1430 36 21 det
878 1431 36 20 två
925 1430 89 21 hufvud-

190 1460 71 25 saker,
270 1467 45 13 som
327 1460 75 26 nådiga
415 1461 160 27 propositionen
585 1460 122 26 innefattar,
719 1460 37 21 det
767 1462 24 18 är
799 1458 119 27 ersättning
929 1458 33 20 för
973 1459 41 21 den

191 1488 68 25 mark,
283 1494 47 15 som
353 1488 54 21 skall
431 1488 94 22 afträdas
541 1488 33 20 för
590 1488 131 28 anläggning
737 1488 23 21 af
774 1487 134 27 landsvägar,
924 1487 39 21 och
980 1488 36 22 be-
