1109 1739
237 92 42 20 412
554 90 39 15 Den
608 91 19 15 15
641 90 48 16 Juni.

208 149 37 20 har
260 147 33 21 för
309 146 162 29 presteståndet
487 145 55 21 varit
558 146 23 20 så
597 146 87 27 mycket
701 152 58 14 mera
775 146 205 27 tillfredsställande,
990 154 45 14 som

208 177 20 20 vi
243 179 50 18 veta
309 177 32 20 att
356 175 56 27 högt
427 174 117 27 uppskatta
567 174 41 21 den
624 174 134 27 mångsidiga
773 175 65 27 insigt
855 175 39 21 och
912 175 123 21 erfarenhet

208 205 6 20 i
229 205 109 27 offentliga
361 203 56 26 värf,
440 203 115 20 hvaröfver
570 203 60 20 detta
645 203 84 20 landets
746 203 90 20 främsta
852 204 62 20 stånd
930 204 7 20 i
953 205 23 20 så
992 204 43 21 rikt

208 234 53 20 mått
277 233 38 20 har
330 235 31 18 att
378 229 91 30 förfoga.
500 231 43 20 För
559 231 39 20 den
616 231 109 26 vänlighet
741 231 39 21 och
797 231 36 21 det
848 232 187 27 tillmötesgående

207 269 45 14 som
276 259 162 30 presteständet
460 260 6 20 i
482 260 78 26 många
575 259 36 20 fall
628 259 39 21 fått
683 261 52 19 röna
751 259 54 21 ifrån
821 260 117 28 höglofliga
954 261 81 21 ridder-

208 291 89 26 skapets
313 289 39 21 och
368 288 76 21 adelns
460 287 52 26 sida,
528 287 97 22 kommer
645 288 160 27 presteståndet
821 289 73 20 städse
910 291 32 18 att
958 291 77 19 stanna

207 319 6 20 i
229 319 42 20 den
287 319 80 20 största
383 316 139 21 förbindelse.
554 316 71 21 Jemte
642 317 35 19 det
693 317 21 19 vi
731 317 66 20 önske
814 317 40 20 och
871 317 63 27 bedje
951 318 29 20 till
993 318 40 21 den

207 347 83 27 högste,
313 348 32 19 att
360 347 34 19 ett
408 345 83 25 arbete,
508 351 44 14 som
569 345 48 20 med
633 351 159 20 gemensamma
808 345 83 20 krafter
906 346 70 20 blifvit
992 347 41 20 för-

207 375 86 26 rättadt,
310 375 67 20 måtte
395 373 51 20 bära
462 373 56 27 goda
532 373 85 20 frukter
632 373 33 20 för
681 375 31 18 ett
728 373 84 21 älskadt
828 373 152 22 fädernesland
994 375 39 20 och

207 404 68 20 tillika
291 403 72 20 stärka
381 401 123 27 vänskapen
522 401 38 21 och
577 401 134 21 förtroendet
727 401 88 21 emellan
828 402 50 21 dess
890 403 69 20 skilda
970 403 63 20 stånd

207 432 39 20 och
270 431 193 24 samhällsklasser,
487 429 96 21 anhåller
605 429 160 27 presteständet
787 430 158 21 vördsammast
964 433 32 19 att
1011 431 22 21 få

206 460 99 20 förblifva
320 459 119 21 inneslutet
453 458 6 20 i
476 458 49 20 herr
542 458 77 20 barons
635 458 39 20 och
692 458 114 27 högiofliga
817 459 163 27 ridderskapets
992 460 40 20 och

206 488 73 21 adelns
295 486 133 30 ynnestfulla
444 486 113 27 hågkomst
573 486 38 20 och
628 486 92 27 välvilja.

274 544 70 21 Sedan
369 543 64 21 äfven
457 543 69 20 denna
549 546 72 17 senast
644 543 107 21 ankomna
774 543 134 27 deputation,
924 544 55 21 efter
995 545 37 21 det

206 574 49 20 herr
278 574 45 19 vice
346 571 200 22 landtmarskalken
563 572 73 20 tackat
651 571 33 21 för
700 572 49 20 dess
765 572 104 27 helsning,
886 573 86 24 afträdt,
989 573 42 21 höll

205 602 49 20 herr
277 602 46 20 vice
345 600 199 22 landtmarskalken
569 600 29 20 till
623 600 96 20 ståndets
735 600 139 21 medlemmar
890 601 94 27 följande
1001 602 29 21 af-

205 629 106 21 skedstal:

273 657 156 28 Högvälborne
453 656 38 21 och
516 656 101 20 välborne
641 656 80 25 herrar,
745 656 92 27 grefvar,
864 657 101 21 friherrar
990 658 39 21 och

206 687 98 26 samtlige
328 686 39 20 här
391 684 130 21 församlade
537 685 139 20 medlemmar
692 686 23 19 af
728 684 102 22 Finlands
846 686 128 28 ridderskap
990 687 39 21 och

205 715 58 21 adel!
293 714 34 22 Då
349 714 22 21 vi
395 720 28 14 nu
446 713 34 21 vid
504 714 65 20 slutet
585 713 23 21 af
622 714 36 20 det
675 714 152 25 ständermöte,
845 714 85 21 hvartill
945 715 85 21 landets

205 743 88 21 ständer
308 749 45 15 mer
370 744 26 19 än
413 742 46 27 fyra
476 742 101 20 månader
594 742 54 20 varit
664 742 135 26 församlade,
817 742 69 21 blicka
903 743 88 21 tillbaka
1002 744 27 27 på

204 772 27 21 de
245 772 96 26 ärender,
359 770 72 21 hvilka
447 770 107 21 derunder
571 770 133 25 behandlats,
721 770 57 20 finna
794 770 19 20 vi
828 773 32 19 att
872 771 30 21 till
914 772 115 20 ständerna

203 800 132 25 framställts,
351 799 47 21 dels
415 800 69 19 såsom
501 799 158 27 propositioner
683 800 22 19 af
719 798 60 22 Hans
795 799 103 27 Majestät
914 799 114 29 Kejsaren,

204 830 45 20 dels
265 830 69 19 såsom
351 827 162 27 önskningsmål
529 827 56 21 inom
603 828 89 20 stånden
709 834 25 14 en
752 828 76 27 mängd
841 828 95 21 särdeles
948 829 80 27 vigtiga

204 858 79 27 frågor,
299 864 45 14 som
361 858 50 19 röra
427 856 83 20 landets
526 856 149 20 rättsväsende
691 858 55 18 samt
762 856 48 20 dess
829 856 149 22 intellektuela
988 858 40 20 och

203 886 110 21 materiela
329 886 114 20 intressen.
473 884 40 20 Att
530 884 61 21 dessa
603 885 96 24 arbeten,
712 884 70 21 hvilka
793 885 57 20 kräft
861 886 90 26 mycken
964 886 64 21 möda

204 915 38 21 och
264 913 162 27 ansträngning,
446 913 126 27 isynnerhet
590 913 33 20 för
642 913 26 20 de
685 913 213 21 ståndsmedlemmar
922 921 44 13 som
984 914 42 21 del-

203 944 54 27 tagit
273 944 6 19 i
295 942 130 21 ärenderaas
445 941 118 28 beredning
581 942 5 19 i
605 942 119 24 utskotten,
742 941 68 20 blifvit
826 942 113 25 afslutade,
956 944 70 19 såsom

202 971 21 21 vi
239 972 52 20 böra
313 971 90 26 hoppas,
427 970 30 20 till
474 971 46 19 vårt
542 970 51 20 kära
610 970 128 20 fosterlands
759 977 65 13 sanna
840 970 46 27 väl;
902 971 69 20 dertill
990 972 36 19 ber

199 1001 39 26 jag
253 1000 21 20 få
289 999 108 21 frambära
413 998 31 21 till
461 998 115 27 höglofliga
596 998 151 27 ridderskapet
763 997 38 22 och
818 998 62 21 adeln
898 1006 24 13 en
939 999 88 28 hjertlig

202 1028 139 28 lyckönskan.
373 1027 47 20 Den
444 1034 42 20 nya
509 1027 212 27 landtdagsordning,
741 1033 44 14 som
802 1027 34 20 vid
854 1027 59 21 detta
930 1029 96 20 ständer-

202 1058 57 20 möte
275 1057 66 20 första
357 1056 83 27 gången
458 1055 121 27 tillämpats,
596 1056 38 20 bar
650 1055 7 20 i
667 1055 54 20 vissa
738 1055 116 21 afseenden
867 1056 91 21 medfört
970 1064 55 20 myc-

202 1086 41 20 ken
260 1085 81 20 lättnad
359 1084 34 21 vid
409 1084 130 21 ärendernas
558 1083 135 28 behandling,
711 1084 39 20 och
767 1091 32 13 om
812 1085 26 19 än
850 1085 107 27 ätskilliga
969 1085 57 20 stad-

203 1113 82 28 ganden
302 1114 6 19 i
324 1113 125 20 densamma
464 1113 80 20 lemnat
561 1119 45 14 rum
624 1113 33 20 för
673 1112 56 21 olika
746 1112 144 28 uppfattning,
907 1115 23 18 är
945 1113 36 20 det
994 1116 32 19 att

202 1143 82 27 hoppas
300 1143 32 20 att
348 1141 49 21 dess
413 1141 134 27 tillämpning
571 1141 34 20 vid
622 1141 128 20 kommande
766 1141 127 28 landtdagar
908 1142 54 20 skall
978 1142 48 21 leda

201 1171 32 21 till
249 1171 83 21 klarhet
348 1170 62 21 äfven
427 1170 6 20 i
449 1169 69 22 dessa.
550 1169 47 21 Den
615 1170 90 27 endrägt
721 1169 90 21 emellan
828 1170 96 25 ständen,
936 1177 45 14 som
994 1173 32 18 ut-

201 1201 39 26 gör
255 1201 31 19 ett
302 1198 138 27 oeftergitligt
456 1199 68 20 vilkor
540 1199 33 20 för
588 1198 139 27 framgängen
747 1198 23 20 af
787 1198 63 21 deras
866 1205 160 20 gemensamma

201 1228 138 21 sträfvanden
363 1227 33 20 för
418 1227 187 21 fäderneslandets
628 1227 201 26 framätskridande,
847 1228 38 19 har
900 1235 78 20 genom
994 1231 32 18 ett

202 1257 133 27 Omsesidligt
358 1255 186 28 tillmötesgående
565 1255 36 21 vid
625 1255 130 21 ärendernas
779 1256 130 27 behandling
928 1257 98 20 alltmera

201 1285 110 22 utvecklat
334 1285 40 26 sig,
399 1284 39 21 och
461 1284 118 21 resultatet
595 1284 38 20 har
650 1284 55 20 varit
721 1286 31 18 att
768 1284 40 20 den
825 1286 66 25 utväg
906 1285 23 20 af
942 1285 84 27 frägors

201 1314 158 27 hänskjutande
375 1313 31 20 till
421 1313 105 20 förstärkt
542 1313 91 25 utskott,
650 1319 45 14 som
705 1312 236 29 landtdagsordningen
952 1314 6 20 i
971 1314 56 21 vissa

201 1343 37 21 fall
254 1342 107 27 erbjuder,
382 1341 26 21 dä
424 1341 233 21 sammanstämmande
674 1341 69 20 beslut
759 1341 48 20 icke
824 1341 82 21 kunnat
922 1342 82 27 vinnas,
1020 1343 6 20 i

201 1373 78 26 ytterst
295 1371 20 20 få
330 1370 73 27 frågor
419 1369 74 22 behöft
509 1370 84 20 anlitas.
624 1369 160 28 Ridderskapet
800 1369 40 21 och
857 1370 61 21 adeln
930 1371 38 20 har
979 1371 47 21 icke

201 1400 81 21 mindre
297 1406 77 20 genom
391 1399 50 20 dess
457 1398 166 27 beredvillighet
639 1400 31 18 att
686 1399 25 26 gå
729 1398 26 21 de
771 1398 67 21 andra
850 1399 101 20 ståndens
963 1400 63 20 önsk-

200 1429 75 26 ningar
291 1427 31 21 till
338 1428 76 25 mötes,
431 1429 26 19 än
473 1434 78 21 genom
568 1427 41 20 den
625 1426 118 28 allvarliga,
759 1427 88 20 sakrika
858 1427 38 21 och
908 1427 65 27 lugna
984 1428 42 21 dis-

200 1457 95 25 kussion,
319 1463 46 14 som
381 1456 38 20 här
435 1459 36 24 egt
494 1463 55 19 rum,
569 1455 64 20 äfven
651 1455 33 21 vid
701 1455 70 21 denna
787 1455 103 28 landtdag
905 1456 73 20 häfdat
994 1457 32 20 sin

201 1486 55 27 plats
279 1492 44 14 som
349 1484 84 22 landets
457 1484 89 22 främsta
569 1483 69 21 stånd.
669 1483 35 21 Då
719 1483 162 29 ridderskapets
898 1484 38 21 och
953 1484 73 22 adelns
