1109 1739
231 111 26 20 12
552 113 39 16 Den
605 113 20 16 25
639 112 42 21 Maj.

202 167 201 28 »mäskberedning,
419 168 103 21 hvarmed
538 168 241 21 bränneriinnehafvare
795 168 32 21 får
844 169 126 27 päbegynna
981 168 41 20 fem

202 197 66 27 dagar
287 197 46 20 före
353 197 40 20 den
412 197 33 20 för
462 197 268 27 bränvinstillverkningen
751 197 108 27 medgifna
875 197 37 26 tid,
929 197 33 20 må
976 196 47 21 icke

201 225 102 21 anställas
319 225 12 20 å
347 227 46 18 sön-
417 225 51 21 eller
492 225 105 28 helgedag
619 225 76 21 medan
712 226 104 20 sabbaten
841 225 79 26 påstår,
937 225 33 20 vid
986 221 38 24 bot

203 260 44 14 som
264 253 6 21 i
286 255 12 19 3
314 253 49 28 kap.
384 254 26 21 M.
427 253 24 21 B.
469 254 109 27 stadgas",
597 261 48 14 men
662 254 6 20 i
684 254 119 21 motiverna
825 253 150 27 förekommer,
992 256 32 18 att

202 289 35 14 om
260 283 37 20 det
319 283 23 19 är
365 283 34 20 tvä
422 282 116 28 helgdagar
557 283 55 20 efter
631 283 129 25 hvarandra,
777 282 68 21 skulle
861 289 48 13 man
925 282 21 21 fä
962 282 60 21 verk-

202 310 62 21 ställa
279 311 74 26 arbete
368 311 54 20 ifrån
438 311 29 20 kl.
489 311 6 20 9
512 311 40 20 den
569 318 42 13 ena
626 311 159 27 sabbatsdagen
807 311 31 20 till
856 311 28 20 kl.
900 311 13 20 4
928 310 40 21 den
985 310 37 21 föl-

199 338 73 29 jande.
302 338 64 21 Annu
382 339 68 21 finnes
464 339 39 21 det
516 339 50 21 icke
581 341 71 26 någon
665 340 86 21 absolut
767 339 78 27 stadga
861 342 32 18 ati
908 339 115 22 deuny
995 334 32 38 iu

201 367 64 21 äfven
282 367 67 20 skulle
365 367 78 22 räknas
458 368 32 21 till
506 368 112 24 sabbaten,
635 374 47 14 men
699 368 55 21 efter
770 368 55 20 hvad
840 368 38 27 jag
894 367 128 21 åtminstone

202 396 56 26 hört,
283 395 37 21 har
343 396 103 21 sabbaten
469 396 60 21 alltid
552 398 82 19 ansetts
654 396 90 21 fortfara
759 396 63 21 äfven
840 396 90 21 emellan
946 396 26 20 de
987 397 36 19 två

203 424 144 27 helgdagarne
370 425 38 20 och
431 425 84 20 således
537 425 48 21 icke
604 425 95 27 upphöra
723 425 33 20 för
771 427 82 18 natten.
885 424 41 20 Vid
943 424 80 20 sådana

203 452 145 21 förbållanden
365 453 68 20 skulle
446 453 38 27 jag
499 453 54 27 yrka
569 454 27 26 på
611 452 150 22 förkastandet
777 452 22 21 af
813 452 60 21 detta
890 453 72 27 tillägg
973 452 5 20 i
990 454 32 18 ut-

203 481 94 20 skottets
313 480 135 22 betänkande
461 482 40 20 och
517 481 124 28 isynnerhet
657 481 40 21 den
714 481 125 27 förklaring,
850 488 46 14 som
915 480 107 21 meddelas

203 509 6 21 i
225 509 126 27 motiverna,
368 510 39 20 och
422 510 6 20 i
445 509 39 21 den
501 510 62 20 delen
580 512 79 25 antaga
675 510 40 20 den
732 510 79 27 nådiga
826 509 167 28 propositionen.

272 537 57 21 Herr
342 544 48 15 von
406 538 126 21 Kremer:
548 538 43 27 Jag
606 538 95 21 anhåller
717 538 76 21 endast
809 541 32 18 att
856 538 22 20 få
892 538 90 27 påpeka,
991 540 32 18 att

203 566 84 21 oafsedt
303 566 41 21 den
361 567 158 27 omständighet
535 569 31 19 att
583 567 116 21 utskottets
716 566 109 28 pluralitet
841 568 85 19 stannat
942 566 5 20 i
964 566 59 21 detta

203 594 78 27 beslut,
299 594 62 21 äfven
385 595 144 21 ledamöterne
545 596 22 20 af
585 596 35 20 det
639 595 132 27 högvördiga
791 594 165 28 presteståndet,
977 602 45 13 som

203 623 63 21 suttit
281 623 7 21 i
303 624 113 25 utskottet,
432 624 76 20 bifallit
523 624 31 20 till
571 624 152 27 betänkandet,
740 624 39 20 och
795 624 26 21 de
838 624 66 20 måtte
923 623 32 21 väl
972 630 51 14 vara

203 650 96 22 närmåst
315 653 31 19 att
361 652 63 21 döma
439 659 33 14 om
489 652 112 21 sabbaten.

273 680 57 20 Herr
347 680 100 21 Munck:
465 680 42 28 Jag
523 680 38 21 har
577 681 47 20 icke
641 680 48 21 hört
705 680 69 28 precis
791 682 32 18 att
839 682 83 25 prester
938 681 36 19 äro
996 680 25 20 de

204 708 195 28 ovedersägligaste
421 709 126 27 lagtolkare,
571 709 39 21 och
631 709 38 21 här
689 710 62 20 beror
770 716 27 13 nu
814 708 121 28 egentligen
952 709 26 26 på
996 715 26 14 en

203 736 140 28 lagtolkving,
360 737 103 21 huruvida
478 738 106 27 nemligen
601 738 104 20 sabbaten
722 738 53 20 skall
791 744 63 14 anses
872 744 50 13 vara
933 736 89 21 emellan

203 764 27 22 de
246 765 37 20 två
298 765 151 28 helgdagarne.

273 793 90 21 Ståndet
388 794 67 21 beslöt
471 796 32 19 att
519 796 50 18 utan
590 794 90 27 ändring
697 794 116 28 godkänna
829 794 133 27 paragrafen,
979 796 44 19 mot

204 822 82 20 hvilket
303 822 69 20 beslut
387 822 49 21 herr
451 822 94 21 Munck
562 822 139 22 reserverade
717 824 38 26 sig.

273 851 11 26 8
300 851 13 20 5
328 850 124 28 godkändes
469 854 50 18 utan
535 851 129 21 diskussion.

273 878 136 22 Beträffande
426 880 11 26 &
455 880 11 20 6
482 880 70 20 anhöll

273 906 80 22 Grefve
369 907 111 21 Armfelt
495 915 35 13 om
546 908 61 20 ordet
619 908 38 20 och
669 907 96 28 yttrade:
781 906 114 22 Utskottet
906 907 38 21 har
954 907 69 27 tillagt

204 935 4 20 i
225 935 54 20 sista
302 936 122 27 meningen:
448 952 4 9 ,
455 936 61 25 dock
540 943 50 13 vare
611 936 39 20 han
667 935 122 27 berättigad
806 937 32 18 att
854 935 122 20 bränneriet
992 935 31 20 till

202 970 70 13 annan
290 970 77 20 person
383 965 12 20 å
410 964 90 21 arrende
517 964 108 27 upplåta",
643 977 25 2 —
685 965 6 19 i
708 964 128 27 paragrafen
860 965 24 19 är
906 963 60 28 fråga
988 970 34 14 om

202 991 26 21 de
245 998 110 21 personer,
379 999 44 14 som
446 993 47 20 icke
510 999 39 21 ega
569 993 102 26 rättighet
686 995 32 18 att
734 992 99 21 tillverka
850 992 95 20 bränvin.
976 991 47 21 Ifall

202 1027 25 14 en
253 1020 64 21 sådan
342 1027 76 20 person
442 1027 77 21 genom
543 1021 34 20 arf
599 1021 51 20 eller
673 1022 130 19 testamente
821 1020 33 21 får
870 1022 30 19 ett
917 1020 106 26 bränneri,

202 1048 69 21 skulle
287 1048 43 21 han
348 1049 21 20 få
385 1049 139 21 utarrendera
542 1049 43 20 det.
615 1049 53 28 Jag,
679 1050 62 19 måste
757 1050 58 26 säga,
832 1051 32 18 att
878 1049 37 26 jag
930 1049 33 20 för
979 1049 43 20 min

201 1076 34 21 del
258 1077 48 20 icke
331 1084 62 14 anser
409 1077 35 21 det
460 1079 42 19 rätt
522 1078 102 27 lämpligt.
655 1077 31 21 Är
702 1078 37 20 det
755 1078 23 19 så
793 1079 32 18 att
842 1083 26 14 en
885 1083 76 20 person
977 1083 46 14 som

201 1106 23 20 är
241 1111 26 14 en
283 1105 24 20 af
320 1105 116 32 styrelsens
453 1106 124 27 ledamöter,
594 1106 135 27 prokurator,
746 1105 230 28 prokuratorsadjoint,
991 1105 33 20 får

201 1135 32 18 ett
250 1133 106 26 bränneri,
372 1134 38 21 bör
425 1134 41 21 han
481 1134 88 27 försälja
585 1134 122 21 bränneriet
723 1134 52 21 eller
791 1133 55 21 afstå
858 1133 46 21 från
916 1134 40 20 den
968 1133 56 28 plats

202 1161 41 20 han
260 1161 96 21 innehar.

271 1189 57 21 Herr
343 1190 202 27 Nordenskiöld,
562 1191 59 20 Carl
638 1190 87 21 Adolf:
749 1190 42 21 Vid
811 1189 41 21 den
868 1189 155 21 förberedande

201 1217 158 27 diskussionen,
375 1225 44 14 som
437 1219 92 28 uppstod
545 1219 64 20 innan
625 1219 40 20 den
683 1219 77 26 nådiga
776 1218 161 27 propositionen
951 1218 71 20 remit-

201 1247 87 20 terades
304 1247 30 20 till
351 1247 113 26 utskottet,
480 1247 97 21 framhöll
591 1248 39 27 jag
646 1247 39 20 den
703 1249 59 18 stora
777 1247 78 20 förlust
866 1253 44 14 som
924 1246 98 27 jordbru-

201 1275 66 20 karen
291 1275 52 20 lider
366 1275 62 21 deraf
449 1278 32 18 att
504 1275 269 27 bränvinstillverkningen
797 1276 24 19 är
845 1274 177 21 koncentrerad
1011 1270 14 37 i

201 1302 102 21 städerna
319 1303 6 20 i
341 1305 56 19 stora
422 1303 124 21 brännerier
570 1304 39 20 och
628 1305 66 25 ansåg
717 1303 36 21 det
769 1303 95 26 önskligt
880 1309 33 14 om
930 1302 93 21 tillverk-

201 1331 78 27 ningen
297 1331 71 21 kunde
383 1331 93 22 fördelas
491 1332 6 20 i
514 1332 73 20 landet
602 1332 99 20 öfverallt
717 1332 31 20 uti
766 1331 53 20 flere
838 1337 33 14 om
891 1331 64 20 också
970 1331 53 20 min-

201 1359 38 20 dre
256 1359 129 21 brännerier.
417 1360 66 21 Detta
499 1360 90 21 resultat
604 1361 66 26 ansåg
680 1360 38 27 jag
735 1360 48 20 bäst
799 1359 72 20 kunna
882 1359 74 20 vinnas
969 1358 54 21 deri-

199 1393 86 21 genom,
295 1389 32 19 att
342 1388 247 27 minimitillverkningen
604 1389 33 20 för
652 1395 26 13 en
694 1388 85 26 månad,
795 1394 46 14 som
853 1393 28 14 nu
892 1388 23 20 är
925 1387 97 20 bestämd

199 1415 32 20 till
245 1416 64 23 4,500
325 1416 89 27 kannor,
430 1417 68 20 skulie
514 1417 111 20 nedsättas
641 1416 134 27 exempelvis
793 1416 31 20 till
840 1416 63 26 2,000
918 1415 83 21 kannor
1017 1415 6 20 i

200 1443 112 21 månaden.
343 1444 34 21 Då
401 1451 27 14 nu
451 1445 107 20 utskottet
581 1444 46 21 icke
648 1445 76 26 tyckes
746 1444 64 20 hafva
825 1443 199 28 uppmärksammat

199 1472 70 20 denna
285 1472 43 20 min
344 1473 163 27 framställning,
516 1480 64 13 anser
593 1473 39 27 jag
647 1473 43 26 mig
706 1473 53 20 böra
773 1472 79 27 förnya
868 1472 39 20 den
918 1471 35 21 vid
965 1471 59 21 detta

198 1498 91 29 tillfälle,
306 1500 39 21 och
361 1508 63 14 anser
440 1501 36 21 det
492 1501 69 21 tillika
576 1500 137 28 öfverflödigt
731 1502 32 19 att
779 1500 113 21 framhålla
907 1501 117 26 yttermera
