1109 1739
425 95 39 16 Den
478 96 21 15 25
512 93 44 22 Maj.
849 92 25 21 13

78 151 40 22 den
135 153 60 19 stora
211 153 67 25 nytta,
287 157 45 14 som
346 151 129 27 jordbruket
490 150 72 21 kunde
578 150 67 28 draga
660 150 124 27 derigenom
796 152 31 19 att
839 150 62 20 brän-

77 180 99 21 nerierna
192 186 51 14 vore
263 186 59 14 mera
340 179 109 22 fördelade
466 180 28 27 på
509 180 156 20 landsorterna.
695 178 42 28 Jag
755 178 38 21 ber
809 181 32 18 att
856 178 45 21 deri

77 209 21 20 få
114 208 65 27 vädja
195 208 31 20 till
242 207 148 22 erfarenheten
408 209 12 20 å
435 208 26 20 de
477 207 138 28 egendomar,
625 207 37 21 der
679 207 123 21 brännerier
818 208 36 19 äro
870 207 31 20 in-

78 236 91 21 rättade.
200 235 133 22 Jordbruket
348 237 27 26 på
390 237 62 20 dessa
467 236 79 21 ställen
557 237 24 20 är
591 236 33 21 för
636 235 132 22 närvarande
779 235 52 21 eller
842 235 58 20 kom-

78 272 46 13 mer
139 267 33 18 att
187 265 7 20 i
209 271 27 14 en
253 271 48 14 snar
316 264 86 21 framtid
419 265 57 20 likna
492 264 188 27 trädgårdsbruk
672 259 12 36 i
693 264 107 21 anseende
816 263 32 21 till
859 263 41 21 den

79 295 59 19 stora
160 293 91 28 tillgång
273 293 22 20 af
309 293 120 26 spillnings-
449 293 39 20 och
507 293 192 27 gödningsämnen,
715 299 44 14 som
775 292 48 21 från
840 292 61 21 brän-

79 322 100 20 nerierna
195 321 98 21 erhålles.
323 321 47 21 Den
387 321 138 28 invändning,
541 328 46 14 som
604 321 71 21 kunde
686 322 63 26 göras
761 324 44 17 mot
818 323 32 18 att
861 320 41 21 till-

80 350 133 27 verkningen
236 351 27 26 på
285 357 26 13 en
333 350 76 20 månad
433 350 70 21 blefve
522 351 23 19 så
566 349 105 28 betydligt
687 349 92 27 nedsatt,
795 349 107 28 nemligen

80 379 41 20 den
146 381 31 18 att
201 378 76 21 sådant
295 378 68 21 ökade
383 378 222 26 kontrollkostnaden,
621 378 68 21 skulle
705 377 68 28 enligt
788 378 42 20 min
846 377 56 28 åsigt

80 407 72 21 kunna
168 407 27 27 på
211 407 36 20 det
263 408 66 19 sättet
343 407 152 26 förekommas,
515 409 32 18 att
563 406 254 21 bränvinstillverkarene
833 406 69 21 skulle

80 436 88 27 åläggas
184 438 32 18 att
233 434 70 22 betala
317 435 81 21 hälften
413 435 24 20 af
449 435 222 27 kontrollkostnaden,
682 434 44 21 ifall
737 434 164 28 tillverkningen

80 470 38 21 per
134 464 78 20 månad
227 464 48 20 icke
290 465 47 26 steg
352 464 32 20 till
400 464 63 25 4,000
479 463 89 21 kannor.

149 492 59 21 Herr
221 499 49 14 von
279 493 120 19 Kremer:
417 492 43 20 Det
473 493 24 19 är
510 492 54 20 visst
581 491 136 28 obestridligt
731 494 32 18 att
777 492 36 21 det
835 492 68 21 skulle

81 520 58 28 ligga
149 522 7 20 i
168 520 171 29 jordbrukarens
362 520 98 27 intresse,
479 522 33 19 att
527 521 52 21 flere
597 520 125 22 brännerier
732 520 68 21 skulle
815 520 90 22 inrättas

82 550 39 20 och
138 551 27 25 pä
178 550 25 27 ju
219 550 51 20 flere
287 549 75 21 ställen
371 550 49 20 dess
429 549 71 21 bättre
520 550 27 27 på
556 549 185 25 landsorten,
702 545 36 36 men
751 550 106 20 utskottet
866 549 38 21 har

82 578 76 26 funnit,
175 580 32 18 att
229 578 54 20 först
297 578 38 20 och
353 578 75 20 främst
444 578 46 20 smä
507 578 125 20 brännerier
648 577 59 21 alltid
723 578 65 20 blifva
803 578 78 27 dyrare
896 578 7 20 i

81 606 134 21 förhällande
230 606 31 21 till
277 606 172 28 tillverkningen,
465 608 40 19 och
522 608 31 19 att
569 607 118 23 dessutom,
703 613 34 13 om
753 606 65 21 ocksä
829 613 25 14 en
868 613 35 14 na-

82 635 66 21 tionel
172 635 57 21 vinst
244 635 13 20 å
272 641 41 14 ena
335 635 61 21 sidan
419 642 77 20 genom
513 635 108 21 drankens
635 634 184 28 tillgodogörande
835 634 68 22 skulle

82 664 99 26 erhällas,
205 664 36 20 det
265 663 70 21 blefve
352 670 26 14 en
394 663 96 27 antaglig
506 664 77 20 förlust
598 664 27 27 pä
641 663 66 21 andra
723 663 66 27 sidan,
806 670 34 14 om
856 664 47 20 icke

83 694 69 19 större
176 692 124 21 brännerier
319 692 124 26 inrättades,
462 693 90 21 emedan
569 692 165 27 tillverkningen
751 692 26 27 pä
793 692 26 20 de
835 693 69 19 större

84 721 40 20 blir
141 721 96 27 billigare
253 720 40 21 och
309 720 36 21 det
361 723 58 18 stora
434 720 48 22 hela
497 721 77 20 vinner
590 720 72 27 derpä.

151 748 59 22 Herr
231 749 208 21 landtmarskalkens
461 749 32 21 till
516 749 86 21 ståndet
618 748 77 21 ställda
713 748 65 28 fråga,
798 748 106 22 huruvida

84 778 86 20 ständet
195 777 48 21 ville
265 779 78 25 antaga
365 778 126 26 paragrafen
515 778 71 20 säsom
605 777 107 21 utskottet
732 777 110 27 föreslagit
855 777 47 25 den,

84 806 130 23 besvarades
231 805 49 21 med
295 806 87 20 allmänt
396 807 29 27 ja.

168 835 11 27 8
197 835 70 20 7—10
281 834 132 28 godkändes.

153 863 172 21 Vidkommande
341 864 11 26 $
371 864 22 20 11
411 863 111 21 lemnades
537 863 62 21 ordet
615 864 21 20 ät

153 891 81 21 Grefve
249 891 120 27 Armfelt,
385 892 110 27 August,
513 898 46 14 som
574 891 97 28 yttrade:
691 891 80 21 Senare
787 892 118 20 momentet

84 920 23 21 af
121 921 11 27 &
150 921 23 19 11
192 920 38 20 har
245 920 106 20 utskottet
368 920 71 28 flyttat
455 920 30 20 till
502 920 65 21 slutet
583 920 44 27 af
618 914 13 38 $
640 920 33 26 12,
683 919 40 21 och
734 926 45 14 som
787 920 38 26 jag
836 918 69 22 skulle

84 948 50 28 vilja
151 948 86 21 förorda
253 948 40 21 den
311 948 76 27 nädiga
407 948 168 28 propositionen,
594 949 24 19 sä
633 948 94 20 anhäller
736 943 41 57 jag
793 950 32 18 att
840 954 28 13 nu
883 947 23 20 fä

84 977 69 20 uttala
170 977 43 27 mig
229 977 110 27 angående
356 977 35 20 det
408 983 76 14 senare
501 979 118 18 momentet
633 976 7 21 i
657 977 11 26 8
686 977 31 20 12.
766 976 91 20 Utskottet
872 976 34 19 sä-

84 1012 38 21 ger
138 1005 5 20 i
160 1005 60 20 detta
243 1008 104 17 moment:
371 1005 133 25 ,uraktläter
528 1005 41 20 han
588 1007 31 18 att
637 1005 56 20 inom
710 1005 36 20 två
761 1005 23 20 är
799 1004 55 21 efter
870 1003 36 21 det

86 1041 64 13 varan
175 1033 70 21 blifvit
260 1035 12 19 å
288 1033 101 28 nederlag
411 1034 67 20 insatt
501 1033 73 21 betala
593 1033 65 26 skatt,
677 1039 52 21 eger
743 1032 163 21 vederbörande

85 1062 141 27 länestyrelse
241 1061 87 28 vidtaga
343 1062 49 27 laga
407 1062 76 27 åtgärd
499 1068 35 14 om
550 1063 91 26 pantens
656 1061 146 28 försäljning".
832 1061 35 20 Nu
882 1062 24 19 är

85 1091 43 26 mig
150 1090 89 27 bekant,
255 1092 33 19 att
311 1090 36 21 det
365 1091 68 20 finnes
451 1090 202 27 nederlagskällare,
669 1090 126 27 magasiner,
812 1089 38 21 der
866 1089 39 20 den

85 1119 53 20 först
150 1119 128 20 tillverkade
294 1126 63 13 varan
382 1119 136 27 naturligtvis
535 1119 42 20 fått
593 1118 37 21 det
645 1125 46 14 rum
707 1125 45 14 som
768 1118 68 27 ligger
852 1119 54 19 mest

85 1147 89 20 tillbaka
189 1147 7 20 i
212 1147 223 28 förvaringsrummet;
458 1147 65 21 sådan
546 1147 139 27 tillverkning
707 1147 61 20 torde
786 1147 68 20 finnas
870 1145 38 22 allt

86 1175 64 21 sedan
175 1175 72 28 dylika
269 1175 124 21 brännerier
411 1176 53 20 först
481 1175 69 21 blifvit
565 1175 114 27 inrättade,
695 1175 88 21 emedan
800 1175 36 21 det
852 1174 56 21 varit

86 1204 96 27 omöjligt
199 1204 33 20 för
248 1204 151 21 innehafvaren
416 1206 31 19 att
463 1206 51 25 taga
530 1207 24 18 ut
573 1211 66 14 varan
658 1204 99 20 derifrån.
787 1203 36 21 Nu
838 1203 69 20 skulle

85 1232 42 21 han
144 1232 84 21 således
246 1232 21 21 få
286 1232 30 21 lof
332 1234 32 19 att
380 1233 111 20 exekutivt
508 1232 88 27 försälja
612 1239 73 20 varan,
701 1239 34 14 om
752 1233 40 20 han
808 1231 48 22 icke
872 1231 35 21 be-

85 1261 55 20 talar
156 1261 59 20 skatt
231 1261 36 20 två
283 1261 22 20 år
321 1261 55 21 efter
392 1261 36 20 det
443 1261 41 20 den
500 1261 71 21 blifvit
586 1261 79 27 inlagd.
696 1261 44 20 Det
755 1267 50 14 vore
821 1259 87 28 mycket

85 1289 39 20 lätt
147 1292 32 18 att
201 1289 133 27 remplacera
357 1289 41 21 den
414 1296 72 21 varan,
505 1296 34 14 om
563 1289 36 21 det
621 1289 48 21 icke
687 1289 68 20 skulle
771 1289 90 26 fordras,
876 1289 32 20 att

86 1317 74 28 hvarje
177 1317 102 21 särskildt
295 1318 44 20 kärl
355 1318 6 20 i
377 1318 127 27 nederlaget
518 1318 54 21 skall
589 1325 52 13 vara
651 1317 125 21 numreradt
787 1317 38 21 och
837 1317 71 20 märkt

86 1347 39 20 och
148 1346 93 21 särskild
264 1346 197 28 nederlagsjournal
486 1346 58 21 föras
571 1347 40 20 och
635 1348 65 19 annat
716 1353 45 14 som
777 1346 85 27 tvingar
878 1346 30 19 att

85 1376 75 25 uttaga
177 1374 40 21 den
235 1382 56 19 vara,
308 1381 43 14 som
371 1375 32 20 för
421 1375 62 27 länge
499 1375 66 20 sedan
582 1374 69 21 blifvit
667 1373 119 22 tillverkad.
817 1373 42 28 Jag
875 1379 34 14 ser

85 1403 47 20 icke
148 1403 106 27 styrelsen
272 1403 63 20 hafva
351 1403 65 28 några
433 1403 101 20 förluster
551 1402 62 21 deraf
622 1410 33 13 om
667 1405 31 18 ett
709 1403 53 20 käril
773 1402 69 21 skulle
853 1402 57 27 ligga

85 1431 7 20 i
107 1431 81 20 femton
205 1431 23 20 år
244 1431 52 20 eller
312 1438 51 19 mer,
381 1432 38 21 och
434 1432 37 27 jag
486 1432 59 20 inser
561 1432 47 20 icke
625 1431 99 20 hvarföre
740 1431 106 20 utskottet
858 1429 51 21 ovil-

85 1459 97 27 korligen
199 1459 57 21 velat
272 1460 73 26 tvinga
361 1459 136 21 fabrikanten
510 1462 33 18 att
555 1462 76 24 uttaga
641 1466 26 14 en
679 1466 57 19 vara,
747 1466 45 13 som
803 1459 33 20 för
847 1459 62 25 länge

85 1487 65 21 sedan
175 1487 68 21 blifvit
266 1488 121 21 tillverkad.
417 1488 119 20 Dessutom
559 1490 24 18 är
598 1488 37 20 det
657 1487 74 27 kändt,
751 1489 31 19 att
795 1487 24 27 ju
836 1486 74 27 längre
