<?xml version="1.0" encoding="UTF-8"?>
<alto xmlns="http://www.loc.gov/standards/alto/ns-v3#" xmlns:xlink="http://www.w3.org/1999/xlink" xmlns:xsi="http://www.w3.org/2001/XMLSchema-instance" xsi:schemaLocation="http://www.loc.gov/standards/alto/ns-v3# http://www.loc.gov/alto/v3/alto-3-0.xsd">
	<Description>
		<MeasurementUnit>pixel</MeasurementUnit>
		<sourceImageInformation>
			<fileName>/tmp/tess_qm0iu239_input.PNG</fileName>
		</sourceImageInformation>
		<OCRProcessing ID="OCR_0">
			<ocrProcessingStep>
				<processingSoftware>
					<softwareName>tesseract 5.3.4</softwareName>
				</processingSoftware>
			</ocrProcessingStep>
		</OCRProcessing>
	</Description>
	<Layout>
		<Page WIDTH="1109" HEIGHT="1739" PHYSICAL_IMG_NR="0" ID="page_0">
			<PrintSpace HPOS="0" VPOS="0" WIDTH="1109" HEIGHT="1739">
				<ComposedBlock ID="cblock_0" HPOS="465" VPOS="98" WIDTH="449" HEIGHT="21">
					<TextBlock ID="block_0" HPOS="465" VPOS="98" WIDTH="449" HEIGHT="21">
						<TextLine ID="line_0" HPOS="465" VPOS="98" WIDTH="449" HEIGHT="21">
							<String ID="string_0" HPOS="465" VPOS="99" WIDTH="40" HEIGHT="16" WC="0.96" CONTENT="Den"/><SP WIDTH="13" VPOS="99" HPOS="505"/>
							<String ID="string_1" HPOS="518" VPOS="98" WIDTH="22" HEIGHT="17" WC="0.96" CONTENT="27"/><SP WIDTH="13" VPOS="98" HPOS="540"/>
							<String ID="string_2" HPOS="553" VPOS="99" WIDTH="43" HEIGHT="20" WC="0.95" CONTENT="Maj."/><SP WIDTH="292" VPOS="99" HPOS="596"/>
							<String ID="string_3" HPOS="888" VPOS="98" WIDTH="26" HEIGHT="21" WC="0.96" CONTENT="37"/>
						</TextLine>
					</TextBlock>
				</ComposedBlock>
				<ComposedBlock ID="cblock_1" HPOS="116" VPOS="157" WIDTH="834" HEIGHT="1366">
					<TextBlock ID="block_1" HPOS="116" VPOS="157" WIDTH="833" HEIGHT="735">
						<TextLine ID="line_1" HPOS="116" VPOS="157" WIDTH="828" HEIGHT="32">
							<String ID="string_4" HPOS="116" VPOS="163" WIDTH="32" HEIGHT="26" WC="0.93" CONTENT="ett"/><SP WIDTH="23" VPOS="163" HPOS="148"/>
							<String ID="string_5" HPOS="171" VPOS="159" WIDTH="227" HEIGHT="28" WC="0.90" CONTENT="utskänkningsställe."/><SP WIDTH="31" VPOS="159" HPOS="398"/>
							<String ID="string_6" HPOS="429" VPOS="160" WIDTH="40" HEIGHT="21" WC="0.96" CONTENT="Att"/><SP WIDTH="22" VPOS="160" HPOS="469"/>
							<String ID="string_7" HPOS="491" VPOS="160" WIDTH="112" HEIGHT="21" WC="0.96" CONTENT="förhindra"/><SP WIDTH="24" VPOS="160" HPOS="603"/>
							<String ID="string_8" HPOS="627" VPOS="160" WIDTH="76" HEIGHT="21" WC="0.96" CONTENT="sådant"/><SP WIDTH="16" VPOS="160" HPOS="703"/>
							<String ID="string_9" HPOS="719" VPOS="160" WIDTH="42" HEIGHT="21" WC="0.96" CONTENT="blir"/><SP WIDTH="14" VPOS="160" HPOS="761"/>
							<String ID="string_10" HPOS="775" VPOS="160" WIDTH="89" HEIGHT="27" WC="0.96" CONTENT="mycket"/><SP WIDTH="16" VPOS="160" HPOS="864"/>
							<String ID="string_11" HPOS="880" VPOS="157" WIDTH="64" HEIGHT="20" WC="0.96" CONTENT="svårt."/>
						</TextLine>
						<TextLine ID="line_2" HPOS="118" VPOS="185" WIDTH="826" HEIGHT="31">
							<String ID="string_12" HPOS="118" VPOS="189" WIDTH="34" HEIGHT="21" WC="0.96" CONTENT="Än"/><SP WIDTH="18" VPOS="189" HPOS="152"/>
							<String ID="string_13" HPOS="170" VPOS="188" WIDTH="82" HEIGHT="22" WC="0.96" CONTENT="mindre"/><SP WIDTH="17" VPOS="188" HPOS="252"/>
							<String ID="string_14" HPOS="269" VPOS="188" WIDTH="40" HEIGHT="20" WC="0.96" CONTENT="kan"/><SP WIDTH="13" VPOS="188" HPOS="309"/>
							<String ID="string_15" HPOS="322" VPOS="188" WIDTH="36" HEIGHT="21" WC="0.96" CONTENT="det"/><SP WIDTH="15" VPOS="188" HPOS="358"/>
							<String ID="string_16" HPOS="373" VPOS="188" WIDTH="88" HEIGHT="21" WC="0.96" CONTENT="hindras"/><SP WIDTH="16" VPOS="188" HPOS="461"/>
							<String ID="string_17" HPOS="477" VPOS="191" WIDTH="32" HEIGHT="18" WC="0.96" CONTENT="att"/><SP WIDTH="16" VPOS="191" HPOS="509"/>
							<String ID="string_18" HPOS="525" VPOS="189" WIDTH="48" HEIGHT="20" WC="0.96" CONTENT="icke"/><SP WIDTH="16" VPOS="189" HPOS="573"/>
							<String ID="string_19" HPOS="589" VPOS="189" WIDTH="41" HEIGHT="20" WC="0.96" CONTENT="den"/><SP WIDTH="18" VPOS="189" HPOS="630"/>
							<String ID="string_20" HPOS="648" VPOS="189" WIDTH="67" HEIGHT="27" WC="0.96" CONTENT="butelj"/><SP WIDTH="18" VPOS="189" HPOS="715"/>
							<String ID="string_21" HPOS="733" VPOS="188" WIDTH="96" HEIGHT="26" WC="0.95" CONTENT="bränvin,"/><SP WIDTH="17" VPOS="188" HPOS="829"/>
							<String ID="string_22" HPOS="846" VPOS="195" WIDTH="45" HEIGHT="14" WC="0.96" CONTENT="som"/><SP WIDTH="17" VPOS="195" HPOS="891"/>
							<String ID="string_23" HPOS="908" VPOS="185" WIDTH="36" HEIGHT="20" WC="0.94" CONTENT="der"/>
						</TextLine>
						<TextLine ID="line_3" HPOS="118" VPOS="213" WIDTH="826" HEIGHT="32">
							<String ID="string_24" HPOS="118" VPOS="218" WIDTH="75" HEIGHT="27" WC="0.96" CONTENT="köpes,"/><SP WIDTH="16" VPOS="218" HPOS="193"/>
							<String ID="string_25" HPOS="209" VPOS="217" WIDTH="97" HEIGHT="20" WC="0.96" CONTENT="kommer"/><SP WIDTH="16" VPOS="217" HPOS="306"/>
							<String ID="string_26" HPOS="322" VPOS="219" WIDTH="31" HEIGHT="18" WC="0.93" CONTENT="att"/><SP WIDTH="16" VPOS="219" HPOS="353"/>
							<String ID="string_27" HPOS="369" VPOS="217" WIDTH="110" HEIGHT="20" WC="0.92" CONTENT="utdrickas"/><SP WIDTH="17" VPOS="217" HPOS="479"/>
							<String ID="string_28" HPOS="496" VPOS="218" WIDTH="26" HEIGHT="26" WC="0.96" CONTENT="på"/><SP WIDTH="22" VPOS="218" HPOS="522"/>
							<String ID="string_29" HPOS="544" VPOS="219" WIDTH="109" HEIGHT="19" WC="0.96" CONTENT="närmaste"/><SP WIDTH="24" VPOS="219" HPOS="653"/>
							<String ID="string_30" HPOS="677" VPOS="217" WIDTH="78" HEIGHT="26" WC="0.96" CONTENT="backe;"/><SP WIDTH="16" VPOS="217" HPOS="755"/>
							<String ID="string_31" HPOS="771" VPOS="217" WIDTH="39" HEIGHT="20" WC="0.96" CONTENT="och"/><SP WIDTH="17" VPOS="217" HPOS="810"/>
							<String ID="string_32" HPOS="827" VPOS="217" WIDTH="60" HEIGHT="20" WC="0.96" CONTENT="detta"/><SP WIDTH="16" VPOS="217" HPOS="887"/>
							<String ID="string_33" HPOS="903" VPOS="213" WIDTH="41" HEIGHT="20" WC="0.96" CONTENT="kan"/>
						</TextLine>
						<TextLine ID="line_4" HPOS="118" VPOS="244" WIDTH="827" HEIGHT="29">
							<String ID="string_34" HPOS="118" VPOS="246" WIDTH="66" HEIGHT="21" WC="0.96" CONTENT="räcka"/><SP WIDTH="23" VPOS="246" HPOS="184"/>
							<String ID="string_35" HPOS="207" VPOS="246" WIDTH="67" HEIGHT="27" WC="0.96" CONTENT="dagar"/><SP WIDTH="27" VPOS="246" HPOS="274"/>
							<String ID="string_36" HPOS="301" VPOS="247" WIDTH="24" HEIGHT="18" WC="0.96" CONTENT="ut"/><SP WIDTH="24" VPOS="247" HPOS="325"/>
							<String ID="string_37" HPOS="349" VPOS="245" WIDTH="39" HEIGHT="20" WC="0.96" CONTENT="och"/><SP WIDTH="23" VPOS="245" HPOS="388"/>
							<String ID="string_38" HPOS="411" VPOS="245" WIDTH="67" HEIGHT="28" WC="0.96" CONTENT="dagar"/><SP WIDTH="23" VPOS="245" HPOS="478"/>
							<String ID="string_39" HPOS="501" VPOS="246" WIDTH="21" HEIGHT="20" WC="0.92" CONTENT="in"/><SP WIDTH="23" VPOS="246" HPOS="522"/>
							<String ID="string_40" HPOS="545" VPOS="258" WIDTH="28" HEIGHT="3" WC="0.92" CONTENT="—"/><SP WIDTH="22" VPOS="258" HPOS="573"/>
							<String ID="string_41" HPOS="595" VPOS="246" WIDTH="70" HEIGHT="20" WC="0.61" CONTENT="likaså"/><SP WIDTH="22" VPOS="246" HPOS="665"/>
							<String ID="string_42" HPOS="687" VPOS="245" WIDTH="39" HEIGHT="21" WC="0.96" CONTENT="har"/><SP WIDTH="24" VPOS="245" HPOS="726"/>
							<String ID="string_43" HPOS="750" VPOS="245" WIDTH="39" HEIGHT="28" WC="0.96" CONTENT="jag"/><SP WIDTH="23" VPOS="245" HPOS="789"/>
							<String ID="string_44" HPOS="812" VPOS="245" WIDTH="40" HEIGHT="20" WC="0.93" CONTENT="den"/><SP WIDTH="24" VPOS="245" HPOS="852"/>
							<String ID="string_45" HPOS="876" VPOS="244" WIDTH="69" HEIGHT="21" WC="0.88" CONTENT="öfver-"/>
						</TextLine>
						<TextLine ID="line_5" HPOS="117" VPOS="273" WIDTH="828" HEIGHT="30">
							<String ID="string_46" HPOS="117" VPOS="275" WIDTH="89" HEIGHT="28" WC="0.92" CONTENT="tygelse,"/><SP WIDTH="24" VPOS="275" HPOS="206"/>
							<String ID="string_47" HPOS="230" VPOS="274" WIDTH="39" HEIGHT="20" WC="0.96" CONTENT="och"/><SP WIDTH="23" VPOS="274" HPOS="269"/>
							<String ID="string_48" HPOS="292" VPOS="273" WIDTH="150" HEIGHT="22" WC="0.95" CONTENT="erfarenheten"/><SP WIDTH="16" VPOS="273" HPOS="442"/>
							<String ID="string_49" HPOS="458" VPOS="281" WIDTH="38" HEIGHT="20" WC="0.96" CONTENT="ger"/><SP WIDTH="16" VPOS="281" HPOS="496"/>
							<String ID="string_50" HPOS="512" VPOS="274" WIDTH="124" HEIGHT="21" WC="0.95" CONTENT="densamma"/><SP WIDTH="17" VPOS="274" HPOS="636"/>
							<String ID="string_51" HPOS="653" VPOS="274" WIDTH="54" HEIGHT="25" WC="0.96" CONTENT="stöd,"/><SP WIDTH="18" VPOS="274" HPOS="707"/>
							<String ID="string_52" HPOS="725" VPOS="276" WIDTH="30" HEIGHT="19" WC="0.96" CONTENT="att"/><SP WIDTH="16" VPOS="276" HPOS="755"/>
							<String ID="string_53" HPOS="771" VPOS="273" WIDTH="30" HEIGHT="21" WC="0.96" CONTENT="till"/><SP WIDTH="19" VPOS="273" HPOS="801"/>
							<String ID="string_54" HPOS="820" VPOS="275" WIDTH="32" HEIGHT="19" WC="0.96" CONTENT="ett"/><SP WIDTH="18" VPOS="275" HPOS="852"/>
							<String ID="string_55" HPOS="870" VPOS="273" WIDTH="75" HEIGHT="21" WC="0.96" CONTENT="sådant"/>
						</TextLine>
						<TextLine ID="line_6" HPOS="117" VPOS="301" WIDTH="828" HEIGHT="30">
							<String ID="string_56" HPOS="117" VPOS="301" WIDTH="200" HEIGHT="30" WC="0.90" CONTENT="försäljningsställe"/><SP WIDTH="21" VPOS="301" HPOS="317"/>
							<String ID="string_57" HPOS="338" VPOS="301" WIDTH="96" HEIGHT="22" WC="0.95" CONTENT="kommer"/><SP WIDTH="17" VPOS="301" HPOS="434"/>
							<String ID="string_58" HPOS="451" VPOS="305" WIDTH="31" HEIGHT="18" WC="0.87" CONTENT="att"/><SP WIDTH="9" VPOS="305" HPOS="482"/>
							<String ID="string_59" HPOS="491" VPOS="303" WIDTH="57" HEIGHT="21" WC="0.87" CONTENT="föras"/><SP WIDTH="10" VPOS="303" HPOS="548"/>
							<String ID="string_60" HPOS="558" VPOS="303" WIDTH="41" HEIGHT="20" WC="0.96" CONTENT="alla"/><SP WIDTH="16" VPOS="303" HPOS="599"/>
							<String ID="string_61" HPOS="615" VPOS="303" WIDTH="88" HEIGHT="27" WC="0.93" CONTENT="möjliga"/><SP WIDTH="8" VPOS="303" HPOS="703"/>
							<String ID="string_62" HPOS="711" VPOS="301" WIDTH="234" HEIGHT="28" WC="0.89" CONTENT="landtmannaproduk-"/>
						</TextLine>
						<TextLine ID="line_7" HPOS="117" VPOS="330" WIDTH="827" HEIGHT="28">
							<String ID="string_63" HPOS="117" VPOS="335" WIDTH="40" HEIGHT="22" WC="0.96" CONTENT="ter,"/><SP WIDTH="16" VPOS="335" HPOS="157"/>
							<String ID="string_64" HPOS="173" VPOS="332" WIDTH="32" HEIGHT="20" WC="0.96" CONTENT="för"/><SP WIDTH="21" VPOS="332" HPOS="205"/>
							<String ID="string_65" HPOS="226" VPOS="333" WIDTH="32" HEIGHT="18" WC="0.93" CONTENT="att"/><SP WIDTH="15" VPOS="333" HPOS="258"/>
							<String ID="string_66" HPOS="273" VPOS="330" WIDTH="88" HEIGHT="28" WC="0.93" CONTENT="utbytas"/><SP WIDTH="17" VPOS="330" HPOS="361"/>
							<String ID="string_67" HPOS="378" VPOS="333" WIDTH="44" HEIGHT="18" WC="0.97" CONTENT="mot"/><SP WIDTH="16" VPOS="333" HPOS="422"/>
							<String ID="string_68" HPOS="438" VPOS="331" WIDTH="97" HEIGHT="21" WC="0.96" CONTENT="bränvin."/><SP WIDTH="32" VPOS="331" HPOS="535"/>
							<String ID="string_69" HPOS="567" VPOS="331" WIDTH="47" HEIGHT="20" WC="0.96" CONTENT="Och"/><SP WIDTH="15" VPOS="331" HPOS="614"/>
							<String ID="string_70" HPOS="629" VPOS="331" WIDTH="48" HEIGHT="21" WC="0.96" CONTENT="icke"/><SP WIDTH="17" VPOS="331" HPOS="677"/>
							<String ID="string_71" HPOS="694" VPOS="331" WIDTH="55" HEIGHT="20" WC="0.96" CONTENT="blott"/><SP WIDTH="16" VPOS="331" HPOS="749"/>
							<String ID="string_72" HPOS="765" VPOS="331" WIDTH="68" HEIGHT="26" WC="0.96" CONTENT="detta;"/><SP WIDTH="17" VPOS="331" HPOS="833"/>
							<String ID="string_73" HPOS="850" VPOS="331" WIDTH="32" HEIGHT="26" WC="0.95" CONTENT="de,"/><SP WIDTH="18" VPOS="331" HPOS="882"/>
							<String ID="string_74" HPOS="900" VPOS="336" WIDTH="44" HEIGHT="14" WC="0.96" CONTENT="som"/>
						</TextLine>
						<TextLine ID="line_8" HPOS="117" VPOS="358" WIDTH="829" HEIGHT="29">
							<String ID="string_75" HPOS="117" VPOS="360" WIDTH="49" HEIGHT="21" WC="0.96" CONTENT="icke"/><SP WIDTH="27" VPOS="360" HPOS="166"/>
							<String ID="string_76" HPOS="193" VPOS="360" WIDTH="65" HEIGHT="27" WC="0.96" CONTENT="något"/><SP WIDTH="33" VPOS="360" HPOS="258"/>
							<String ID="string_77" HPOS="291" VPOS="358" WIDTH="125" HEIGHT="29" WC="0.96" CONTENT="producera,"/><SP WIDTH="33" VPOS="358" HPOS="416"/>
							<String ID="string_78" HPOS="449" VPOS="359" WIDTH="61" HEIGHT="22" WC="0.96" CONTENT="skola"/><SP WIDTH="22" VPOS="359" HPOS="510"/>
							<String ID="string_79" HPOS="532" VPOS="360" WIDTH="96" HEIGHT="27" WC="0.96" CONTENT="tillgripa"/><SP WIDTH="23" VPOS="360" HPOS="628"/>
							<String ID="string_80" HPOS="651" VPOS="359" WIDTH="38" HEIGHT="21" WC="0.95" CONTENT="allt"/><SP WIDTH="22" VPOS="359" HPOS="689"/>
							<String ID="string_81" HPOS="711" VPOS="360" WIDTH="48" HEIGHT="24" WC="0.96" CONTENT="löst,"/><SP WIDTH="24" VPOS="360" HPOS="759"/>
							<String ID="string_82" HPOS="783" VPOS="365" WIDTH="44" HEIGHT="15" WC="0.96" CONTENT="som"/><SP WIDTH="24" VPOS="365" HPOS="827"/>
							<String ID="string_83" HPOS="851" VPOS="359" WIDTH="41" HEIGHT="20" WC="0.93" CONTENT="kan"/><SP WIDTH="23" VPOS="359" HPOS="892"/>
							<String ID="string_84" HPOS="915" VPOS="359" WIDTH="31" HEIGHT="19" WC="0.90" CONTENT="åt-"/>
						</TextLine>
						<TextLine ID="line_9" HPOS="118" VPOS="387" WIDTH="828" HEIGHT="28">
							<String ID="string_85" HPOS="118" VPOS="389" WIDTH="103" HEIGHT="24" WC="0.96" CONTENT="kommas,"/><SP WIDTH="24" VPOS="389" HPOS="221"/>
							<String ID="string_86" HPOS="245" VPOS="387" WIDTH="38" HEIGHT="21" WC="0.96" CONTENT="och"/><SP WIDTH="22" VPOS="387" HPOS="283"/>
							<String ID="string_87" HPOS="305" VPOS="387" WIDTH="77" HEIGHT="27" WC="0.96" CONTENT="utbyta"/><SP WIDTH="15" VPOS="387" HPOS="382"/>
							<String ID="string_88" HPOS="397" VPOS="387" WIDTH="37" HEIGHT="21" WC="0.96" CONTENT="det"/><SP WIDTH="15" VPOS="387" HPOS="434"/>
							<String ID="string_89" HPOS="449" VPOS="390" WIDTH="45" HEIGHT="19" WC="0.96" CONTENT="mot"/><SP WIDTH="17" VPOS="390" HPOS="494"/>
							<String ID="string_90" HPOS="511" VPOS="388" WIDTH="88" HEIGHT="21" WC="0.96" CONTENT="bränvin"/><SP WIDTH="18" VPOS="388" HPOS="599"/>
							<String ID="string_91" HPOS="617" VPOS="388" WIDTH="27" HEIGHT="27" WC="0.96" CONTENT="på"/><SP WIDTH="16" VPOS="388" HPOS="644"/>
							<String ID="string_92" HPOS="660" VPOS="389" WIDTH="31" HEIGHT="20" WC="0.96" CONTENT="ett"/><SP WIDTH="16" VPOS="389" HPOS="691"/>
							<String ID="string_93" HPOS="707" VPOS="388" WIDTH="75" HEIGHT="20" WC="0.93" CONTENT="sådant"/><SP WIDTH="16" VPOS="388" HPOS="782"/>
							<String ID="string_94" HPOS="798" VPOS="387" WIDTH="148" HEIGHT="28" WC="0.92" CONTENT="försäljnings-"/>
						</TextLine>
						<TextLine ID="line_10" HPOS="118" VPOS="415" WIDTH="827" HEIGHT="28">
							<String ID="string_95" HPOS="118" VPOS="417" WIDTH="67" HEIGHT="26" WC="0.96" CONTENT="ställe,"/><SP WIDTH="16" VPOS="417" HPOS="185"/>
							<String ID="string_96" HPOS="201" VPOS="416" WIDTH="82" HEIGHT="21" WC="0.96" CONTENT="hvilket"/><SP WIDTH="15" VPOS="416" HPOS="283"/>
							<String ID="string_97" HPOS="298" VPOS="415" WIDTH="132" HEIGHT="21" WC="0.96" CONTENT="förhållande"/><SP WIDTH="15" VPOS="415" HPOS="430"/>
							<String ID="string_98" HPOS="445" VPOS="416" WIDTH="47" HEIGHT="21" WC="0.92" CONTENT="icke"/><SP WIDTH="8" VPOS="416" HPOS="492"/>
							<String ID="string_99" HPOS="500" VPOS="417" WIDTH="56" HEIGHT="20" WC="0.96" CONTENT="blott"/><SP WIDTH="13" VPOS="417" HPOS="556"/>
							<String ID="string_100" HPOS="569" VPOS="416" WIDTH="100" HEIGHT="27" WC="0.96" CONTENT="bidrager"/><SP WIDTH="10" VPOS="416" HPOS="669"/>
							<String ID="string_101" HPOS="679" VPOS="417" WIDTH="31" HEIGHT="19" WC="0.92" CONTENT="till"/><SP WIDTH="27" VPOS="417" HPOS="710"/>
							<String ID="string_102" HPOS="737" VPOS="415" WIDTH="208" HEIGHT="27" WC="0.90" CONTENT="bränvinssuperiets"/>
						</TextLine>
						<TextLine ID="line_11" HPOS="118" VPOS="443" WIDTH="827" HEIGHT="27">
							<String ID="string_103" HPOS="118" VPOS="445" WIDTH="93" HEIGHT="25" WC="0.92" CONTENT="ökande,"/><SP WIDTH="22" VPOS="445" HPOS="211"/>
							<String ID="string_104" HPOS="233" VPOS="446" WIDTH="50" HEIGHT="19" WC="0.96" CONTENT="utan"/><SP WIDTH="24" VPOS="446" HPOS="283"/>
							<String ID="string_105" HPOS="307" VPOS="444" WIDTH="65" HEIGHT="20" WC="0.95" CONTENT="också"/><SP WIDTH="23" VPOS="444" HPOS="372"/>
							<String ID="string_106" HPOS="395" VPOS="444" WIDTH="31" HEIGHT="20" WC="0.96" CONTENT="till"/><SP WIDTH="24" VPOS="444" HPOS="426"/>
							<String ID="string_107" HPOS="450" VPOS="452" WIDTH="71" HEIGHT="14" WC="0.92" CONTENT="annan"/><SP WIDTH="18" VPOS="452" HPOS="521"/>
							<String ID="string_108" HPOS="539" VPOS="444" WIDTH="147" HEIGHT="26" WC="0.91" CONTENT="immoralitet,"/><SP WIDTH="17" VPOS="444" HPOS="686"/>
							<String ID="string_109" HPOS="703" VPOS="444" WIDTH="39" HEIGHT="21" WC="0.94" CONTENT="och"/><SP WIDTH="27" VPOS="444" HPOS="742"/>
							<String ID="string_110" HPOS="769" VPOS="444" WIDTH="30" HEIGHT="20" WC="0.94" CONTENT="till"/><SP WIDTH="27" VPOS="444" HPOS="799"/>
							<String ID="string_111" HPOS="826" VPOS="443" WIDTH="119" HEIGHT="27" WC="0.96" CONTENT="fattigdom."/>
						</TextLine>
						<TextLine ID="line_12" HPOS="118" VPOS="472" WIDTH="828" HEIGHT="28">
							<String ID="string_112" HPOS="118" VPOS="474" WIDTH="42" HEIGHT="20" WC="0.96" CONTENT="Det"/><SP WIDTH="23" VPOS="474" HPOS="160"/>
							<String ID="string_113" HPOS="183" VPOS="475" WIDTH="24" HEIGHT="19" WC="0.96" CONTENT="är"/><SP WIDTH="24" VPOS="475" HPOS="207"/>
							<String ID="string_114" HPOS="231" VPOS="474" WIDTH="42" HEIGHT="26" WC="0.96" CONTENT="mig"/><SP WIDTH="20" VPOS="474" HPOS="273"/>
							<String ID="string_115" HPOS="293" VPOS="472" WIDTH="154" HEIGHT="27" WC="0.96" CONTENT="motbjudande"/><SP WIDTH="16" VPOS="472" HPOS="447"/>
							<String ID="string_116" HPOS="463" VPOS="475" WIDTH="32" HEIGHT="19" WC="0.93" CONTENT="att"/><SP WIDTH="16" VPOS="475" HPOS="495"/>
							<String ID="string_117" HPOS="511" VPOS="473" WIDTH="82" HEIGHT="27" WC="0.93" CONTENT="nödgas"/><SP WIDTH="16" VPOS="473" HPOS="593"/>
							<String ID="string_118" HPOS="609" VPOS="473" WIDTH="46" HEIGHT="20" WC="0.96" CONTENT="åter"/><SP WIDTH="16" VPOS="473" HPOS="655"/>
							<String ID="string_119" HPOS="671" VPOS="472" WIDTH="107" HEIGHT="28" WC="0.96" CONTENT="uppträda"/><SP WIDTH="15" VPOS="472" HPOS="778"/>
							<String ID="string_120" HPOS="793" VPOS="472" WIDTH="33" HEIGHT="21" WC="0.96" CONTENT="för"/><SP WIDTH="18" VPOS="472" HPOS="826"/>
							<String ID="string_121" HPOS="844" VPOS="479" WIDTH="25" HEIGHT="13" WC="0.96" CONTENT="en"/><SP WIDTH="16" VPOS="479" HPOS="869"/>
							<String ID="string_122" HPOS="885" VPOS="472" WIDTH="61" HEIGHT="26" WC="0.96" CONTENT="ringa"/>
						</TextLine>
						<TextLine ID="line_13" HPOS="118" VPOS="499" WIDTH="827" HEIGHT="31">
							<String ID="string_123" HPOS="118" VPOS="501" WIDTH="175" HEIGHT="29" WC="0.93" CONTENT="tidningsartikel"/><SP WIDTH="18" VPOS="501" HPOS="293"/>
							<String ID="string_124" HPOS="311" VPOS="513" WIDTH="26" HEIGHT="3" WC="0.92" CONTENT="—"/><SP WIDTH="22" VPOS="513" HPOS="337"/>
							<String ID="string_125" HPOS="359" VPOS="501" WIDTH="46" HEIGHT="20" WC="0.88" CONTENT="bela"/><SP WIDTH="25" VPOS="501" HPOS="405"/>
							<String ID="string_126" HPOS="430" VPOS="501" WIDTH="69" HEIGHT="21" WC="0.93" CONTENT="denna"/><SP WIDTH="24" VPOS="501" HPOS="499"/>
							<String ID="string_127" HPOS="523" VPOS="502" WIDTH="50" HEIGHT="20" WC="0.91" CONTENT="saks"/><SP WIDTH="23" VPOS="502" HPOS="573"/>
							<String ID="string_128" HPOS="596" VPOS="501" WIDTH="132" HEIGHT="27" WC="0.91" CONTENT="indragande"/><SP WIDTH="16" VPOS="501" HPOS="728"/>
							<String ID="string_129" HPOS="744" VPOS="501" WIDTH="6" HEIGHT="20" WC="0.97" CONTENT="i"/><SP WIDTH="17" VPOS="501" HPOS="750"/>
							<String ID="string_130" HPOS="767" VPOS="503" WIDTH="30" HEIGHT="18" WC="0.93" CONTENT="ett"/><SP WIDTH="16" VPOS="503" HPOS="797"/>
							<String ID="string_131" HPOS="813" VPOS="500" WIDTH="73" HEIGHT="21" WC="0.92" CONTENT="stånds"/><SP WIDTH="18" VPOS="500" HPOS="886"/>
							<String ID="string_132" HPOS="904" VPOS="499" WIDTH="41" HEIGHT="21" WC="0.92" CONTENT="dis-"/>
						</TextLine>
						<TextLine ID="line_14" HPOS="118" VPOS="529" WIDTH="829" HEIGHT="28">
							<String ID="string_133" HPOS="118" VPOS="530" WIDTH="87" HEIGHT="21" WC="0.92" CONTENT="kussion"/><SP WIDTH="22" VPOS="530" HPOS="205"/>
							<String ID="string_134" HPOS="227" VPOS="532" WIDTH="24" HEIGHT="18" WC="0.97" CONTENT="är"/><SP WIDTH="16" VPOS="532" HPOS="251"/>
							<String ID="string_135" HPOS="267" VPOS="530" WIDTH="62" HEIGHT="26" WC="0.96" CONTENT="högst"/><SP WIDTH="26" VPOS="530" HPOS="329"/>
							<String ID="string_136" HPOS="355" VPOS="530" WIDTH="128" HEIGHT="26" WC="0.95" CONTENT="opassande,"/><SP WIDTH="24" VPOS="530" HPOS="483"/>
							<String ID="string_137" HPOS="507" VPOS="530" WIDTH="39" HEIGHT="21" WC="0.96" CONTENT="och"/><SP WIDTH="24" VPOS="530" HPOS="546"/>
							<String ID="string_138" HPOS="570" VPOS="530" WIDTH="69" HEIGHT="20" WC="0.95" CONTENT="måste"/><SP WIDTH="21" VPOS="530" HPOS="639"/>
							<String ID="string_139" HPOS="660" VPOS="530" WIDTH="37" HEIGHT="27" WC="0.96" CONTENT="jag"/><SP WIDTH="24" VPOS="530" HPOS="697"/>
							<String ID="string_140" HPOS="721" VPOS="529" WIDTH="91" HEIGHT="27" WC="0.96" CONTENT="beklaga"/><SP WIDTH="27" VPOS="529" HPOS="812"/>
							<String ID="string_141" HPOS="839" VPOS="530" WIDTH="33" HEIGHT="19" WC="0.94" CONTENT="att"/><SP WIDTH="18" VPOS="530" HPOS="872"/>
							<String ID="string_142" HPOS="890" VPOS="530" WIDTH="57" HEIGHT="19" WC="0.95" CONTENT="ännu"/>
						</TextLine>
						<TextLine ID="line_15" HPOS="118" VPOS="558" WIDTH="828" HEIGHT="28">
							<String ID="string_143" HPOS="118" VPOS="559" WIDTH="81" HEIGHT="27" WC="0.91" CONTENT="nödgas"/><SP WIDTH="24" VPOS="559" HPOS="199"/>
							<String ID="string_144" HPOS="223" VPOS="558" WIDTH="96" HEIGHT="20" WC="0.96" CONTENT="försvara"/><SP WIDTH="20" VPOS="558" HPOS="319"/>
							<String ID="string_145" HPOS="339" VPOS="558" WIDTH="43" HEIGHT="27" WC="0.96" CONTENT="mig"/><SP WIDTH="19" VPOS="558" HPOS="382"/>
							<String ID="string_146" HPOS="401" VPOS="560" WIDTH="44" HEIGHT="18" WC="0.96" CONTENT="mot"/><SP WIDTH="24" VPOS="560" HPOS="445"/>
							<String ID="string_147" HPOS="469" VPOS="558" WIDTH="49" HEIGHT="21" WC="0.96" CONTENT="herr"/><SP WIDTH="23" VPOS="558" HPOS="518"/>
							<String ID="string_148" HPOS="541" VPOS="558" WIDTH="101" HEIGHT="28" WC="0.96" CONTENT="Pipping,"/><SP WIDTH="25" VPOS="558" HPOS="642"/>
							<String ID="string_149" HPOS="667" VPOS="565" WIDTH="44" HEIGHT="13" WC="0.96" CONTENT="som"/><SP WIDTH="24" VPOS="565" HPOS="711"/>
							<String ID="string_150" HPOS="735" VPOS="558" WIDTH="103" HEIGHT="27" WC="0.96" CONTENT="åberopat"/><SP WIDTH="18" VPOS="558" HPOS="838"/>
							<String ID="string_151" HPOS="856" VPOS="559" WIDTH="31" HEIGHT="19" WC="0.93" CONTENT="ett"/><SP WIDTH="15" VPOS="559" HPOS="887"/>
							<String ID="string_152" HPOS="902" VPOS="558" WIDTH="44" HEIGHT="26" WC="0.92" CONTENT="ytt-"/>
						</TextLine>
						<TextLine ID="line_16" HPOS="118" VPOS="584" WIDTH="827" HEIGHT="30">
							<String ID="string_153" HPOS="118" VPOS="587" WIDTH="72" HEIGHT="24" WC="0.96" CONTENT="rande,"/><SP WIDTH="17" VPOS="587" HPOS="190"/>
							<String ID="string_154" HPOS="207" VPOS="586" WIDTH="82" HEIGHT="21" WC="0.96" CONTENT="hvilket"/><SP WIDTH="16" VPOS="586" HPOS="289"/>
							<String ID="string_155" HPOS="305" VPOS="586" WIDTH="68" HEIGHT="20" WC="0.96" CONTENT="skulle"/><SP WIDTH="11" VPOS="586" HPOS="373"/>
							<String ID="string_156" HPOS="384" VPOS="586" WIDTH="134" HEIGHT="22" WC="0.96" CONTENT="förekomma"/><SP WIDTH="11" VPOS="586" HPOS="518"/>
							<String ID="string_157" HPOS="529" VPOS="587" WIDTH="6" HEIGHT="21" WC="0.96" CONTENT="i"/><SP WIDTH="12" VPOS="587" HPOS="535"/>
							<String ID="string_158" HPOS="547" VPOS="587" WIDTH="40" HEIGHT="21" WC="0.96" CONTENT="den"/><SP WIDTH="12" VPOS="587" HPOS="587"/>
							<String ID="string_159" HPOS="599" VPOS="586" WIDTH="163" HEIGHT="28" WC="0.96" CONTENT="ifrågavarande"/><SP WIDTH="11" VPOS="586" HPOS="762"/>
							<String ID="string_160" HPOS="773" VPOS="586" WIDTH="99" HEIGHT="21" WC="0.94" CONTENT="artikeln."/><SP WIDTH="23" VPOS="586" HPOS="872"/>
							<String ID="string_161" HPOS="895" VPOS="584" WIDTH="50" HEIGHT="21" WC="0.94" CONTENT="Men"/>
						</TextLine>
						<TextLine ID="line_17" HPOS="118" VPOS="614" WIDTH="827" HEIGHT="29">
							<String ID="string_162" HPOS="118" VPOS="615" WIDTH="59" HEIGHT="21" WC="0.96" CONTENT="detta"/><SP WIDTH="22" VPOS="615" HPOS="177"/>
							<String ID="string_163" HPOS="199" VPOS="615" WIDTH="53" HEIGHT="21" WC="0.96" CONTENT="hans"/><SP WIDTH="17" VPOS="615" HPOS="252"/>
							<String ID="string_164" HPOS="269" VPOS="614" WIDTH="115" HEIGHT="21" WC="0.96" CONTENT="anförande"/><SP WIDTH="23" VPOS="614" HPOS="384"/>
							<String ID="string_165" HPOS="407" VPOS="616" WIDTH="24" HEIGHT="20" WC="0.96" CONTENT="är"/><SP WIDTH="15" VPOS="616" HPOS="431"/>
							<String ID="string_166" HPOS="446" VPOS="615" WIDTH="96" HEIGHT="28" WC="0.96" CONTENT="oriktigt,"/><SP WIDTH="20" VPOS="615" HPOS="542"/>
							<String ID="string_167" HPOS="562" VPOS="616" WIDTH="23" HEIGHT="20" WC="0.96" CONTENT="så"/><SP WIDTH="16" VPOS="616" HPOS="585"/>
							<String ID="string_168" HPOS="601" VPOS="616" WIDTH="45" HEIGHT="20" WC="0.96" CONTENT="står"/><SP WIDTH="15" VPOS="616" HPOS="646"/>
							<String ID="string_169" HPOS="661" VPOS="615" WIDTH="38" HEIGHT="21" WC="0.96" CONTENT="der"/><SP WIDTH="16" VPOS="615" HPOS="699"/>
							<String ID="string_170" HPOS="715" VPOS="614" WIDTH="54" HEIGHT="22" WC="0.96" CONTENT="icke."/><SP WIDTH="30" VPOS="614" HPOS="769"/>
							<String ID="string_171" HPOS="799" VPOS="615" WIDTH="45" HEIGHT="20" WC="0.93" CONTENT="Der"/><SP WIDTH="16" VPOS="615" HPOS="844"/>
							<String ID="string_172" HPOS="860" VPOS="614" WIDTH="85" HEIGHT="20" WC="0.90" CONTENT="anföres"/>
						</TextLine>
						<TextLine ID="line_18" HPOS="118" VPOS="642" WIDTH="827" HEIGHT="28">
							<String ID="string_173" HPOS="118" VPOS="644" WIDTH="54" HEIGHT="26" WC="0.96" CONTENT="icke,"/><SP WIDTH="25" VPOS="644" HPOS="172"/>
							<String ID="string_174" HPOS="197" VPOS="646" WIDTH="31" HEIGHT="18" WC="0.96" CONTENT="att"/><SP WIDTH="22" VPOS="646" HPOS="228"/>
							<String ID="string_175" HPOS="250" VPOS="643" WIDTH="108" HEIGHT="21" WC="0.96" CONTENT="utskottet"/><SP WIDTH="23" VPOS="643" HPOS="358"/>
							<String ID="string_176" HPOS="381" VPOS="643" WIDTH="68" HEIGHT="21" WC="0.96" CONTENT="skulle"/><SP WIDTH="23" VPOS="643" HPOS="449"/>
							<String ID="string_177" HPOS="472" VPOS="644" WIDTH="58" HEIGHT="20" WC="0.96" CONTENT="velat"/><SP WIDTH="22" VPOS="644" HPOS="530"/>
							<String ID="string_178" HPOS="552" VPOS="644" WIDTH="63" HEIGHT="20" WC="0.96" CONTENT="locka"/><SP WIDTH="22" VPOS="644" HPOS="615"/>
							<String ID="string_179" HPOS="637" VPOS="644" WIDTH="155" HEIGHT="20" WC="0.96" CONTENT="kommunerna"/><SP WIDTH="27" VPOS="644" HPOS="792"/>
							<String ID="string_180" HPOS="819" VPOS="644" WIDTH="31" HEIGHT="19" WC="0.93" CONTENT="att"/><SP WIDTH="16" VPOS="644" HPOS="850"/>
							<String ID="string_181" HPOS="866" VPOS="642" WIDTH="79" HEIGHT="21" WC="0.95" CONTENT="inrätta"/>
						</TextLine>
						<TextLine ID="line_19" HPOS="119" VPOS="671" WIDTH="827" HEIGHT="27">
							<String ID="string_182" HPOS="119" VPOS="671" WIDTH="333" HEIGHT="27" WC="0.83" CONTENT="bränvinsutskänkningställen."/><SP WIDTH="32" VPOS="671" HPOS="452"/>
							<String ID="string_183" HPOS="484" VPOS="672" WIDTH="127" HEIGHT="21" WC="0.94" CONTENT="Utskottets"/><SP WIDTH="16" VPOS="672" HPOS="611"/>
							<String ID="string_184" HPOS="627" VPOS="672" WIDTH="91" HEIGHT="21" WC="0.96" CONTENT="motiver"/><SP WIDTH="15" VPOS="672" HPOS="718"/>
							<String ID="string_185" HPOS="733" VPOS="674" WIDTH="36" HEIGHT="18" WC="0.96" CONTENT="äro"/><SP WIDTH="19" VPOS="674" HPOS="769"/>
							<String ID="string_186" HPOS="788" VPOS="671" WIDTH="106" HEIGHT="21" WC="0.93" CONTENT="omtalade"/><SP WIDTH="16" VPOS="671" HPOS="894"/>
							<String ID="string_187" HPOS="910" VPOS="676" WIDTH="36" HEIGHT="14" WC="0.92" CONTENT="en-"/>
						</TextLine>
						<TextLine ID="line_20" HPOS="119" VPOS="698" WIDTH="830" HEIGHT="30">
							<String ID="string_188" HPOS="119" VPOS="701" WIDTH="37" HEIGHT="27" WC="0.96" CONTENT="ligt"/><SP WIDTH="25" VPOS="701" HPOS="156"/>
							<String ID="string_189" HPOS="181" VPOS="701" WIDTH="49" HEIGHT="20" WC="0.96" CONTENT="dess"/><SP WIDTH="22" VPOS="701" HPOS="230"/>
							<String ID="string_190" HPOS="252" VPOS="701" WIDTH="50" HEIGHT="26" WC="0.96" CONTENT="eget"/><SP WIDTH="25" VPOS="701" HPOS="302"/>
							<String ID="string_191" HPOS="327" VPOS="700" WIDTH="86" HEIGHT="27" WC="0.96" CONTENT="tryckta"/><SP WIDTH="26" VPOS="700" HPOS="413"/>
							<String ID="string_192" HPOS="439" VPOS="700" WIDTH="126" HEIGHT="22" WC="0.95" CONTENT="anförande."/><SP WIDTH="32" VPOS="700" HPOS="565"/>
							<String ID="string_193" HPOS="597" VPOS="700" WIDTH="10" HEIGHT="20" WC="0.90" CONTENT="I"/><SP WIDTH="16" VPOS="700" HPOS="607"/>
							<String ID="string_194" HPOS="623" VPOS="700" WIDTH="91" HEIGHT="21" WC="0.94" CONTENT="artikeln"/><SP WIDTH="17" VPOS="700" HPOS="714"/>
							<String ID="string_195" HPOS="731" VPOS="702" WIDTH="62" HEIGHT="25" WC="0.96" CONTENT="säges"/><SP WIDTH="15" VPOS="702" HPOS="793"/>
							<String ID="string_196" HPOS="808" VPOS="700" WIDTH="84" HEIGHT="20" WC="0.94" CONTENT="vidare:"/><SP WIDTH="18" VPOS="700" HPOS="892"/>
							<String ID="string_197" HPOS="910" VPOS="698" WIDTH="39" HEIGHT="20" WC="0.96" CONTENT="det"/>
						</TextLine>
						<TextLine ID="line_21" HPOS="118" VPOS="728" WIDTH="829" HEIGHT="29">
							<String ID="string_198" HPOS="118" VPOS="730" WIDTH="141" HEIGHT="27" WC="0.91" CONTENT="egentligaste"/><SP WIDTH="14" VPOS="730" HPOS="259"/>
							<String ID="string_199" HPOS="273" VPOS="728" WIDTH="94" HEIGHT="21" WC="0.96" CONTENT="motivet:"/><SP WIDTH="15" VPOS="728" HPOS="367"/>
							<String ID="string_200" HPOS="382" VPOS="724" WIDTH="62" HEIGHT="37" WC="0.96" CONTENT="ökade"/><SP WIDTH="15" VPOS="724" HPOS="444"/>
							<String ID="string_201" HPOS="459" VPOS="729" WIDTH="137" HEIGHT="21" WC="0.96" CONTENT="kommunala"/><SP WIDTH="11" VPOS="729" HPOS="596"/>
							<String ID="string_202" HPOS="607" VPOS="729" WIDTH="119" HEIGHT="21" WC="0.96" CONTENT="inkomster"/><SP WIDTH="15" VPOS="729" HPOS="726"/>
							<String ID="string_203" HPOS="741" VPOS="730" WIDTH="23" HEIGHT="20" WC="0.96" CONTENT="är"/><SP WIDTH="15" VPOS="730" HPOS="764"/>
							<String ID="string_204" HPOS="779" VPOS="728" WIDTH="47" HEIGHT="21" WC="0.96" CONTENT="icke"/><SP WIDTH="16" VPOS="728" HPOS="826"/>
							<String ID="string_205" HPOS="842" VPOS="728" WIDTH="105" HEIGHT="28" WC="0.96" CONTENT="upptaget"/>
						</TextLine>
						<TextLine ID="line_22" HPOS="119" VPOS="756" WIDTH="826" HEIGHT="29">
							<String ID="string_206" HPOS="119" VPOS="758" WIDTH="5" HEIGHT="20" WC="0.96" CONTENT="i"/><SP WIDTH="24" VPOS="758" HPOS="124"/>
							<String ID="string_207" HPOS="148" VPOS="758" WIDTH="119" HEIGHT="20" WC="0.96" CONTENT="utskottets"/><SP WIDTH="29" VPOS="758" HPOS="267"/>
							<String ID="string_208" HPOS="296" VPOS="757" WIDTH="142" HEIGHT="21" WC="0.96" CONTENT="betänkande."/><SP WIDTH="32" VPOS="757" HPOS="438"/>
							<String ID="string_209" HPOS="470" VPOS="758" WIDTH="49" HEIGHT="20" WC="0.96" CONTENT="Men"/><SP WIDTH="27" VPOS="758" HPOS="519"/>
							<String ID="string_210" HPOS="546" VPOS="758" WIDTH="37" HEIGHT="20" WC="0.91" CONTENT="det"/><SP WIDTH="22" VPOS="758" HPOS="583"/>
							<String ID="string_211" HPOS="605" VPOS="757" WIDTH="114" HEIGHT="28" WC="0.90" CONTENT="tilllägges,"/><SP WIDTH="16" VPOS="757" HPOS="719"/>
							<String ID="string_212" HPOS="735" VPOS="759" WIDTH="32" HEIGHT="19" WC="0.96" CONTENT="att"/><SP WIDTH="15" VPOS="759" HPOS="767"/>
							<String ID="string_213" HPOS="782" VPOS="756" WIDTH="58" HEIGHT="21" WC="0.95" CONTENT="skatt"/><SP WIDTH="23" VPOS="756" HPOS="840"/>
							<String ID="string_214" HPOS="863" VPOS="756" WIDTH="27" HEIGHT="28" WC="0.92" CONTENT="på"/><SP WIDTH="23" VPOS="756" HPOS="890"/>
							<String ID="string_215" HPOS="913" VPOS="757" WIDTH="32" HEIGHT="19" WC="0.92" CONTENT="ut-"/>
						</TextLine>
						<TextLine ID="line_23" HPOS="120" VPOS="784" WIDTH="824" HEIGHT="29">
							<String ID="string_216" HPOS="120" VPOS="786" WIDTH="129" HEIGHT="27" WC="0.91" CONTENT="minutering"/><SP WIDTH="23" VPOS="786" HPOS="249"/>
							<String ID="string_217" HPOS="272" VPOS="784" WIDTH="39" HEIGHT="22" WC="0.96" CONTENT="och"/><SP WIDTH="17" VPOS="784" HPOS="311"/>
							<String ID="string_218" HPOS="328" VPOS="785" WIDTH="151" HEIGHT="28" WC="0.96" CONTENT="utskänkning,"/><SP WIDTH="17" VPOS="785" HPOS="479"/>
							<String ID="string_219" HPOS="496" VPOS="793" WIDTH="35" HEIGHT="13" WC="0.96" CONTENT="om"/><SP WIDTH="15" VPOS="793" HPOS="531"/>
							<String ID="string_220" HPOS="546" VPOS="786" WIDTH="42" HEIGHT="21" WC="0.96" CONTENT="den"/><SP WIDTH="16" VPOS="786" HPOS="588"/>
							<String ID="string_221" HPOS="604" VPOS="786" WIDTH="86" HEIGHT="20" WC="0.95" CONTENT="komme"/><SP WIDTH="15" VPOS="786" HPOS="690"/>
							<String ID="string_222" HPOS="705" VPOS="786" WIDTH="31" HEIGHT="20" WC="0.95" CONTENT="till"/><SP WIDTH="17" VPOS="786" HPOS="736"/>
							<String ID="string_223" HPOS="753" VPOS="785" WIDTH="68" HEIGHT="25" WC="0.93" CONTENT="stånd,"/><SP WIDTH="17" VPOS="785" HPOS="821"/>
							<String ID="string_224" HPOS="838" VPOS="784" WIDTH="70" HEIGHT="22" WC="0.92" CONTENT="blefve"/><SP WIDTH="11" VPOS="784" HPOS="908"/>
							<String ID="string_225" HPOS="919" VPOS="790" WIDTH="25" HEIGHT="14" WC="0.95" CONTENT="en"/>
						</TextLine>
						<TextLine ID="line_24" HPOS="119" VPOS="813" WIDTH="826" HEIGHT="22">
							<String ID="string_226" HPOS="119" VPOS="815" WIDTH="93" HEIGHT="20" WC="0.96" CONTENT="lockelse"/><SP WIDTH="23" VPOS="815" HPOS="212"/>
							<String ID="string_227" HPOS="235" VPOS="815" WIDTH="33" HEIGHT="20" WC="0.96" CONTENT="för"/><SP WIDTH="22" VPOS="815" HPOS="268"/>
							<String ID="string_228" HPOS="290" VPOS="814" WIDTH="156" HEIGHT="21" WC="0.96" CONTENT="kommunerna"/><SP WIDTH="27" VPOS="814" HPOS="446"/>
							<String ID="string_229" HPOS="473" VPOS="816" WIDTH="32" HEIGHT="19" WC="0.95" CONTENT="att"/><SP WIDTH="24" VPOS="816" HPOS="505"/>
							<String ID="string_230" HPOS="529" VPOS="815" WIDTH="68" HEIGHT="20" WC="0.95" CONTENT="tillåta"/><SP WIDTH="16" VPOS="815" HPOS="597"/>
							<String ID="string_231" HPOS="613" VPOS="814" WIDTH="55" HEIGHT="21" WC="0.95" CONTENT="dem."/><SP WIDTH="34" VPOS="814" HPOS="668"/>
							<String ID="string_232" HPOS="702" VPOS="815" WIDTH="40" HEIGHT="19" WC="0.96" CONTENT="Att"/><SP WIDTH="15" VPOS="815" HPOS="742"/>
							<String ID="string_233" HPOS="757" VPOS="814" WIDTH="107" HEIGHT="20" WC="0.91" CONTENT="utskottet"/><SP WIDTH="16" VPOS="814" HPOS="864"/>
							<String ID="string_234" HPOS="880" VPOS="813" WIDTH="65" HEIGHT="21" WC="0.91" CONTENT="afsett"/>
						</TextLine>
						<TextLine ID="line_25" HPOS="118" VPOS="840" WIDTH="825" HEIGHT="30">
							<String ID="string_235" HPOS="118" VPOS="850" WIDTH="26" HEIGHT="14" WC="0.96" CONTENT="en"/><SP WIDTH="20" VPOS="850" HPOS="144"/>
							<String ID="string_236" HPOS="164" VPOS="843" WIDTH="66" HEIGHT="21" WC="0.96" CONTENT="sådan"/><SP WIDTH="15" VPOS="843" HPOS="230"/>
							<String ID="string_237" HPOS="245" VPOS="842" WIDTH="102" HEIGHT="26" WC="0.96" CONTENT="lockelse,"/><SP WIDTH="23" VPOS="842" HPOS="347"/>
							<String ID="string_238" HPOS="370" VPOS="844" WIDTH="62" HEIGHT="26" WC="0.96" CONTENT="säges"/><SP WIDTH="24" VPOS="844" HPOS="432"/>
							<String ID="string_239" HPOS="456" VPOS="843" WIDTH="38" HEIGHT="21" WC="0.96" CONTENT="der"/><SP WIDTH="16" VPOS="843" HPOS="494"/>
							<String ID="string_240" HPOS="510" VPOS="843" WIDTH="57" HEIGHT="27" WC="0.96" CONTENT="icke;"/><SP WIDTH="18" VPOS="843" HPOS="567"/>
							<String ID="string_241" HPOS="585" VPOS="843" WIDTH="39" HEIGHT="21" WC="0.96" CONTENT="och"/><SP WIDTH="16" VPOS="843" HPOS="624"/>
							<String ID="string_242" HPOS="640" VPOS="843" WIDTH="49" HEIGHT="21" WC="0.93" CONTENT="herr"/><SP WIDTH="16" VPOS="843" HPOS="689"/>
							<String ID="string_243" HPOS="705" VPOS="842" WIDTH="104" HEIGHT="28" WC="0.92" CONTENT="Pippings"/><SP WIDTH="16" VPOS="842" HPOS="809"/>
							<String ID="string_244" HPOS="825" VPOS="840" WIDTH="118" HEIGHT="29" WC="0.95" CONTENT="påstående"/>
						</TextLine>
						<TextLine ID="line_26" HPOS="118" VPOS="871" WIDTH="261" HEIGHT="21">
							<String ID="string_245" HPOS="118" VPOS="872" WIDTH="74" HEIGHT="20" WC="0.96" CONTENT="härom"/><SP WIDTH="15" VPOS="872" HPOS="192"/>
							<String ID="string_246" HPOS="207" VPOS="872" WIDTH="24" HEIGHT="20" WC="0.96" CONTENT="är"/><SP WIDTH="14" VPOS="872" HPOS="231"/>
							<String ID="string_247" HPOS="245" VPOS="871" WIDTH="48" HEIGHT="21" WC="0.93" CONTENT="icke"/><SP WIDTH="16" VPOS="871" HPOS="293"/>
							<String ID="string_248" HPOS="309" VPOS="873" WIDTH="70" HEIGHT="18" WC="0.92" CONTENT="sannt."/>
						</TextLine>
					</TextBlock>
					<TextBlock ID="block_2" HPOS="116" VPOS="898" WIDTH="834" HEIGHT="625">
						<TextLine ID="line_27" HPOS="187" VPOS="898" WIDTH="759" HEIGHT="29">
							<String ID="string_249" HPOS="187" VPOS="900" WIDTH="57" HEIGHT="20" WC="0.96" CONTENT="Herr"/><SP WIDTH="16" VPOS="900" HPOS="244"/>
							<String ID="string_250" HPOS="260" VPOS="898" WIDTH="102" HEIGHT="22" WC="0.95" CONTENT="Munck:"/><SP WIDTH="16" VPOS="898" HPOS="362"/>
							<String ID="string_251" HPOS="378" VPOS="899" WIDTH="33" HEIGHT="21" WC="0.95" CONTENT="Då"/><SP WIDTH="14" VPOS="899" HPOS="411"/>
							<String ID="string_252" HPOS="425" VPOS="900" WIDTH="38" HEIGHT="27" WC="0.96" CONTENT="jag"/><SP WIDTH="16" VPOS="900" HPOS="463"/>
							<String ID="string_253" HPOS="479" VPOS="900" WIDTH="54" HEIGHT="20" WC="0.96" CONTENT="först"/><SP WIDTH="16" VPOS="900" HPOS="533"/>
							<String ID="string_254" HPOS="549" VPOS="900" WIDTH="87" HEIGHT="27" WC="0.96" CONTENT="yttrade"/><SP WIDTH="16" VPOS="900" HPOS="636"/>
							<String ID="string_255" HPOS="652" VPOS="900" WIDTH="49" HEIGHT="27" WC="0.96" CONTENT="mig,"/><SP WIDTH="19" VPOS="900" HPOS="701"/>
							<String ID="string_256" HPOS="720" VPOS="898" WIDTH="124" HEIGHT="22" WC="0.96" CONTENT="föreställde"/><SP WIDTH="13" VPOS="898" HPOS="844"/>
							<String ID="string_257" HPOS="857" VPOS="898" WIDTH="38" HEIGHT="28" WC="0.96" CONTENT="jag"/><SP WIDTH="8" VPOS="898" HPOS="895"/>
							<String ID="string_258" HPOS="903" VPOS="898" WIDTH="43" HEIGHT="27" WC="0.96" CONTENT="mig"/>
						</TextLine>
						<TextLine ID="line_28" HPOS="118" VPOS="926" WIDTH="828" HEIGHT="29">
							<String ID="string_259" HPOS="118" VPOS="930" WIDTH="32" HEIGHT="18" WC="0.96" CONTENT="att"/><SP WIDTH="23" VPOS="930" HPOS="150"/>
							<String ID="string_260" HPOS="173" VPOS="928" WIDTH="127" HEIGHT="27" WC="0.96" CONTENT="paragrafen"/><SP WIDTH="17" VPOS="928" HPOS="300"/>
							<String ID="string_261" HPOS="317" VPOS="927" WIDTH="68" HEIGHT="21" WC="0.93" CONTENT="skulle"/><SP WIDTH="20" VPOS="927" HPOS="385"/>
							<String ID="string_262" HPOS="405" VPOS="928" WIDTH="103" HEIGHT="26" WC="0.91" CONTENT="punktvis"/><SP WIDTH="14" VPOS="928" HPOS="508"/>
							<String ID="string_263" HPOS="522" VPOS="928" WIDTH="125" HEIGHT="26" WC="0.96" CONTENT="behandlas,"/><SP WIDTH="16" VPOS="928" HPOS="647"/>
							<String ID="string_264" HPOS="663" VPOS="935" WIDTH="49" HEIGHT="13" WC="0.96" CONTENT="men"/><SP WIDTH="17" VPOS="935" HPOS="712"/>
							<String ID="string_265" HPOS="729" VPOS="927" WIDTH="26" HEIGHT="21" WC="0.96" CONTENT="då"/><SP WIDTH="9" VPOS="927" HPOS="755"/>
							<String ID="string_266" HPOS="764" VPOS="928" WIDTH="37" HEIGHT="26" WC="0.96" CONTENT="jag"/><SP WIDTH="15" VPOS="928" HPOS="801"/>
							<String ID="string_267" HPOS="816" VPOS="927" WIDTH="40" HEIGHT="21" WC="0.96" CONTENT="hör"/><SP WIDTH="15" VPOS="927" HPOS="856"/>
							<String ID="string_268" HPOS="871" VPOS="929" WIDTH="32" HEIGHT="18" WC="0.96" CONTENT="att"/><SP WIDTH="16" VPOS="929" HPOS="903"/>
							<String ID="string_269" HPOS="919" VPOS="926" WIDTH="27" HEIGHT="21" WC="0.96" CONTENT="de"/>
						</TextLine>
						<TextLine ID="line_29" HPOS="118" VPOS="954" WIDTH="828" HEIGHT="29">
							<String ID="string_270" HPOS="118" VPOS="957" WIDTH="69" HEIGHT="24" WC="0.96" CONTENT="fleste,"/><SP WIDTH="16" VPOS="957" HPOS="187"/>
							<String ID="string_271" HPOS="203" VPOS="956" WIDTH="68" HEIGHT="21" WC="0.96" CONTENT="talare"/><SP WIDTH="23" VPOS="956" HPOS="271"/>
							<String ID="string_272" HPOS="294" VPOS="957" WIDTH="69" HEIGHT="26" WC="0.96" CONTENT="yttrat"/><SP WIDTH="22" VPOS="957" HPOS="363"/>
							<String ID="string_273" HPOS="385" VPOS="956" WIDTH="33" HEIGHT="27" WC="0.96" CONTENT="sig"/><SP WIDTH="23" VPOS="956" HPOS="418"/>
							<String ID="string_274" HPOS="441" VPOS="963" WIDTH="34" HEIGHT="13" WC="0.96" CONTENT="om"/><SP WIDTH="17" VPOS="963" HPOS="475"/>
							<String ID="string_275" HPOS="492" VPOS="957" WIDTH="26" HEIGHT="20" WC="0.95" CONTENT="de"/><SP WIDTH="16" VPOS="957" HPOS="518"/>
							<String ID="string_276" HPOS="534" VPOS="956" WIDTH="107" HEIGHT="21" WC="0.95" CONTENT="särskilda"/><SP WIDTH="16" VPOS="956" HPOS="641"/>
							<String ID="string_277" HPOS="657" VPOS="956" WIDTH="120" HEIGHT="27" WC="0.94" CONTENT="punkterna"/><SP WIDTH="30" VPOS="956" HPOS="777"/>
							<String ID="string_278" HPOS="807" VPOS="955" WIDTH="6" HEIGHT="21" WC="0.94" CONTENT="i"/><SP WIDTH="16" VPOS="955" HPOS="813"/>
							<String ID="string_279" HPOS="829" VPOS="954" WIDTH="117" HEIGHT="21" WC="0.96" CONTENT="allmänhet"/>
						</TextLine>
						<TextLine ID="line_30" HPOS="119" VPOS="983" WIDTH="827" HEIGHT="29">
							<String ID="string_280" HPOS="119" VPOS="984" WIDTH="39" HEIGHT="21" WC="0.96" CONTENT="och"/><SP WIDTH="23" VPOS="984" HPOS="158"/>
							<String ID="string_281" HPOS="181" VPOS="991" WIDTH="48" HEIGHT="14" WC="0.96" CONTENT="man"/><SP WIDTH="24" VPOS="991" HPOS="229"/>
							<String ID="string_282" HPOS="253" VPOS="984" WIDTH="128" HEIGHT="21" WC="0.96" CONTENT="förutsätter"/><SP WIDTH="24" VPOS="984" HPOS="381"/>
							<String ID="string_283" HPOS="405" VPOS="986" WIDTH="32" HEIGHT="19" WC="0.96" CONTENT="att"/><SP WIDTH="16" VPOS="986" HPOS="437"/>
							<String ID="string_284" HPOS="453" VPOS="984" WIDTH="40" HEIGHT="21" WC="0.96" CONTENT="den"/><SP WIDTH="17" VPOS="984" HPOS="493"/>
							<String ID="string_285" HPOS="510" VPOS="985" WIDTH="79" HEIGHT="27" WC="0.96" CONTENT="nådiga"/><SP WIDTH="16" VPOS="985" HPOS="589"/>
							<String ID="string_286" HPOS="605" VPOS="985" WIDTH="162" HEIGHT="27" WC="0.96" CONTENT="propositionen"/><SP WIDTH="17" VPOS="985" HPOS="767"/>
							<String ID="string_287" HPOS="784" VPOS="983" WIDTH="73" HEIGHT="21" WC="0.96" CONTENT="kunde"/><SP WIDTH="15" VPOS="983" HPOS="857"/>
							<String ID="string_288" HPOS="872" VPOS="983" WIDTH="74" HEIGHT="20" WC="0.96" CONTENT="ställas"/>
						</TextLine>
						<TextLine ID="line_31" HPOS="119" VPOS="1011" WIDTH="828" HEIGHT="29">
							<String ID="string_289" HPOS="119" VPOS="1014" WIDTH="70" HEIGHT="19" WC="0.96" CONTENT="såsom"/><SP WIDTH="23" VPOS="1014" HPOS="189"/>
							<String ID="string_290" HPOS="212" VPOS="1014" WIDTH="32" HEIGHT="19" WC="0.95" CONTENT="ett"/><SP WIDTH="23" VPOS="1014" HPOS="244"/>
							<String ID="string_291" HPOS="267" VPOS="1013" WIDTH="123" HEIGHT="27" WC="0.95" CONTENT="motstycke"/><SP WIDTH="24" VPOS="1013" HPOS="390"/>
							<String ID="string_292" HPOS="414" VPOS="1013" WIDTH="30" HEIGHT="20" WC="0.94" CONTENT="till"/><SP WIDTH="21" VPOS="1013" HPOS="444"/>
							<String ID="string_293" HPOS="465" VPOS="1013" WIDTH="49" HEIGHT="20" WC="0.96" CONTENT="hela"/><SP WIDTH="16" VPOS="1013" HPOS="514"/>
							<String ID="string_294" HPOS="530" VPOS="1013" WIDTH="119" HEIGHT="21" WC="0.95" CONTENT="utskottets"/><SP WIDTH="17" VPOS="1013" HPOS="649"/>
							<String ID="string_295" HPOS="666" VPOS="1012" WIDTH="136" HEIGHT="22" WC="0.96" CONTENT="betänkande"/><SP WIDTH="17" VPOS="1012" HPOS="802"/>
							<String ID="string_296" HPOS="819" VPOS="1012" WIDTH="6" HEIGHT="20" WC="0.96" CONTENT="i"/><SP WIDTH="17" VPOS="1012" HPOS="825"/>
							<String ID="string_297" HPOS="842" VPOS="1011" WIDTH="70" HEIGHT="21" WC="0.92" CONTENT="denna"/><SP WIDTH="17" VPOS="1011" HPOS="912"/>
							<String ID="string_298" HPOS="929" VPOS="1012" WIDTH="18" HEIGHT="25" WC="0.90" CONTENT="$,"/>
						</TextLine>
						<TextLine ID="line_32" HPOS="118" VPOS="1039" WIDTH="829" HEIGHT="30">
							<String ID="string_299" HPOS="118" VPOS="1041" WIDTH="35" HEIGHT="20" WC="0.96" CONTENT="vill"/><SP WIDTH="14" VPOS="1041" HPOS="153"/>
							<String ID="string_300" HPOS="167" VPOS="1042" WIDTH="38" HEIGHT="27" WC="0.96" CONTENT="jag"/><SP WIDTH="16" VPOS="1042" HPOS="205"/>
							<String ID="string_301" HPOS="221" VPOS="1041" WIDTH="50" HEIGHT="27" WC="0.96" CONTENT="ingå"/><SP WIDTH="15" VPOS="1041" HPOS="271"/>
							<String ID="string_302" HPOS="286" VPOS="1041" WIDTH="6" HEIGHT="20" WC="0.96" CONTENT="i"/><SP WIDTH="17" VPOS="1041" HPOS="292"/>
							<String ID="string_303" HPOS="309" VPOS="1041" WIDTH="148" HEIGHT="20" WC="0.96" CONTENT="diskussionen"/><SP WIDTH="18" VPOS="1041" HPOS="457"/>
							<String ID="string_304" HPOS="475" VPOS="1048" WIDTH="33" HEIGHT="14" WC="0.96" CONTENT="om"/><SP WIDTH="18" VPOS="1048" HPOS="508"/>
							<String ID="string_305" HPOS="526" VPOS="1042" WIDTH="26" HEIGHT="20" WC="0.96" CONTENT="de"/><SP WIDTH="17" VPOS="1042" HPOS="552"/>
							<String ID="string_306" HPOS="569" VPOS="1041" WIDTH="68" HEIGHT="28" WC="0.96" CONTENT="öfriga"/><SP WIDTH="16" VPOS="1041" HPOS="637"/>
							<String ID="string_307" HPOS="653" VPOS="1041" WIDTH="121" HEIGHT="28" WC="0.96" CONTENT="punkterna"/><SP WIDTH="17" VPOS="1041" HPOS="774"/>
							<String ID="string_308" HPOS="791" VPOS="1040" WIDTH="39" HEIGHT="21" WC="0.96" CONTENT="och"/><SP WIDTH="12" VPOS="1040" HPOS="830"/>
							<String ID="string_309" HPOS="842" VPOS="1040" WIDTH="53" HEIGHT="21" WC="0.92" CONTENT="villi"/><SP WIDTH="13" VPOS="1040" HPOS="895"/>
							<String ID="string_310" HPOS="908" VPOS="1039" WIDTH="39" HEIGHT="21" WC="0.92" CONTENT="lik-"/>
						</TextLine>
						<TextLine ID="line_33" HPOS="118" VPOS="1068" WIDTH="829" HEIGHT="27">
							<String ID="string_311" HPOS="118" VPOS="1069" WIDTH="36" HEIGHT="21" WC="0.96" CONTENT="het"/><SP WIDTH="23" VPOS="1069" HPOS="154"/>
							<String ID="string_312" HPOS="177" VPOS="1069" WIDTH="50" HEIGHT="21" WC="0.93" CONTENT="med"/><SP WIDTH="18" VPOS="1069" HPOS="227"/>
							<String ID="string_313" HPOS="245" VPOS="1069" WIDTH="105" HEIGHT="21" WC="0.91" CONTENT="särskilde"/><SP WIDTH="17" VPOS="1069" HPOS="350"/>
							<String ID="string_314" HPOS="367" VPOS="1072" WIDTH="143" HEIGHT="23" WC="0.90" CONTENT="reservanter,"/><SP WIDTH="17" VPOS="1072" HPOS="510"/>
							<String ID="string_315" HPOS="527" VPOS="1071" WIDTH="111" HEIGHT="20" WC="0.96" CONTENT="äfvensom"/><SP WIDTH="17" VPOS="1071" HPOS="638"/>
							<String ID="string_316" HPOS="655" VPOS="1069" WIDTH="56" HEIGHT="21" WC="0.96" CONTENT="hvad"/><SP WIDTH="16" VPOS="1069" HPOS="711"/>
							<String ID="string_317" HPOS="727" VPOS="1069" WIDTH="89" HEIGHT="21" WC="0.95" CONTENT="friherre"/><SP WIDTH="16" VPOS="1069" HPOS="816"/>
							<String ID="string_318" HPOS="832" VPOS="1075" WIDTH="40" HEIGHT="14" WC="0.96" CONTENT="von"/><SP WIDTH="16" VPOS="1075" HPOS="872"/>
							<String ID="string_319" HPOS="888" VPOS="1068" WIDTH="59" HEIGHT="20" WC="0.96" CONTENT="Born"/>
						</TextLine>
						<TextLine ID="line_34" HPOS="118" VPOS="1097" WIDTH="828" HEIGHT="29">
							<String ID="string_320" HPOS="118" VPOS="1100" WIDTH="73" HEIGHT="19" WC="0.96" CONTENT="senast"/><SP WIDTH="23" VPOS="1100" HPOS="191"/>
							<String ID="string_321" HPOS="214" VPOS="1099" WIDTH="74" HEIGHT="26" WC="0.93" CONTENT="yttrat,"/><SP WIDTH="24" VPOS="1099" HPOS="288"/>
							<String ID="string_322" HPOS="312" VPOS="1098" WIDTH="97" HEIGHT="27" WC="0.92" CONTENT="afstyrka"/><SP WIDTH="23" VPOS="1098" HPOS="409"/>
							<String ID="string_323" HPOS="432" VPOS="1098" WIDTH="90" HEIGHT="28" WC="0.92" CONTENT="krogars"/><SP WIDTH="23" VPOS="1098" HPOS="522"/>
							<String ID="string_324" HPOS="545" VPOS="1098" WIDTH="123" HEIGHT="21" WC="0.96" CONTENT="inrättande"/><SP WIDTH="22" VPOS="1098" HPOS="668"/>
							<String ID="string_325" HPOS="690" VPOS="1098" WIDTH="27" HEIGHT="27" WC="0.96" CONTENT="på"/><SP WIDTH="22" VPOS="1098" HPOS="717"/>
							<String ID="string_326" HPOS="739" VPOS="1097" WIDTH="78" HEIGHT="21" WC="0.94" CONTENT="landet."/><SP WIDTH="31" VPOS="1097" HPOS="817"/>
							<String ID="string_327" HPOS="848" VPOS="1097" WIDTH="42" HEIGHT="28" WC="0.96" CONTENT="Jag"/><SP WIDTH="17" VPOS="1097" HPOS="890"/>
							<String ID="string_328" HPOS="907" VPOS="1097" WIDTH="39" HEIGHT="20" WC="0.96" CONTENT="har"/>
						</TextLine>
						<TextLine ID="line_35" HPOS="118" VPOS="1125" WIDTH="828" HEIGHT="30">
							<String ID="string_329" HPOS="118" VPOS="1126" WIDTH="64" HEIGHT="21" WC="0.95" CONTENT="redan"/><SP WIDTH="26" VPOS="1126" HPOS="182"/>
							<String ID="string_330" HPOS="208" VPOS="1126" WIDTH="56" HEIGHT="21" WC="0.95" CONTENT="varit"/><SP WIDTH="24" VPOS="1126" HPOS="264"/>
							<String ID="string_331" HPOS="288" VPOS="1126" WIDTH="7" HEIGHT="21" WC="0.96" CONTENT="i"/><SP WIDTH="23" VPOS="1126" HPOS="295"/>
							<String ID="string_332" HPOS="318" VPOS="1126" WIDTH="82" HEIGHT="21" WC="0.96" CONTENT="tillfälle"/><SP WIDTH="25" VPOS="1126" HPOS="400"/>
							<String ID="string_333" HPOS="425" VPOS="1129" WIDTH="32" HEIGHT="18" WC="0.96" CONTENT="att"/><SP WIDTH="22" VPOS="1129" HPOS="457"/>
							<String ID="string_334" HPOS="479" VPOS="1133" WIDTH="23" HEIGHT="14" WC="0.92" CONTENT="se"/><SP WIDTH="28" VPOS="1133" HPOS="502"/>
							<String ID="string_335" HPOS="530" VPOS="1127" WIDTH="115" HEIGHT="20" WC="0.91" CONTENT="huruledes"/><SP WIDTH="16" VPOS="1127" HPOS="645"/>
							<String ID="string_336" HPOS="661" VPOS="1126" WIDTH="138" HEIGHT="29" WC="0.91" CONTENT="gästgitvare,"/><SP WIDTH="16" VPOS="1126" HPOS="799"/>
							<String ID="string_337" HPOS="815" VPOS="1125" WIDTH="68" HEIGHT="21" WC="0.96" CONTENT="ehuru"/><SP WIDTH="15" VPOS="1125" HPOS="883"/>
							<String ID="string_338" HPOS="898" VPOS="1125" WIDTH="48" HEIGHT="20" WC="0.96" CONTENT="dem"/>
						</TextLine>
						<TextLine ID="line_36" HPOS="117" VPOS="1153" WIDTH="830" HEIGHT="26">
							<String ID="string_339" HPOS="117" VPOS="1154" WIDTH="47" HEIGHT="21" WC="0.96" CONTENT="icke"/><SP WIDTH="22" VPOS="1154" HPOS="164"/>
							<String ID="string_340" HPOS="186" VPOS="1155" WIDTH="55" HEIGHT="20" WC="0.96" CONTENT="varit"/><SP WIDTH="16" VPOS="1155" HPOS="241"/>
							<String ID="string_341" HPOS="257" VPOS="1155" WIDTH="77" HEIGHT="20" WC="0.96" CONTENT="tillåtet"/><SP WIDTH="15" VPOS="1155" HPOS="334"/>
							<String ID="string_342" HPOS="349" VPOS="1157" WIDTH="32" HEIGHT="18" WC="0.93" CONTENT="att"/><SP WIDTH="15" VPOS="1157" HPOS="381"/>
							<String ID="string_343" HPOS="396" VPOS="1155" WIDTH="109" HEIGHT="21" WC="0.92" CONTENT="utskänka"/><SP WIDTH="17" VPOS="1155" HPOS="505"/>
							<String ID="string_344" HPOS="522" VPOS="1155" WIDTH="90" HEIGHT="21" WC="0.96" CONTENT="bränvin"/><SP WIDTH="18" VPOS="1155" HPOS="612"/>
							<String ID="string_345" HPOS="630" VPOS="1156" WIDTH="22" HEIGHT="20" WC="0.96" CONTENT="åt"/><SP WIDTH="16" VPOS="1156" HPOS="652"/>
							<String ID="string_346" HPOS="668" VPOS="1155" WIDTH="67" HEIGHT="20" WC="0.96" CONTENT="andra"/><SP WIDTH="16" VPOS="1155" HPOS="735"/>
							<String ID="string_347" HPOS="751" VPOS="1155" WIDTH="26" HEIGHT="20" WC="0.96" CONTENT="än"/><SP WIDTH="17" VPOS="1155" HPOS="777"/>
							<String ID="string_348" HPOS="794" VPOS="1153" WIDTH="98" HEIGHT="26" WC="0.93" CONTENT="resande,"/><SP WIDTH="16" VPOS="1153" HPOS="892"/>
							<String ID="string_349" HPOS="908" VPOS="1153" WIDTH="39" HEIGHT="20" WC="0.92" CONTENT="lik-"/>
						</TextLine>
						<TextLine ID="line_37" HPOS="118" VPOS="1182" WIDTH="830" HEIGHT="29">
							<String ID="string_350" HPOS="118" VPOS="1183" WIDTH="32" HEIGHT="20" WC="0.92" CONTENT="väl"/><SP WIDTH="25" VPOS="1183" HPOS="150"/>
							<String ID="string_351" HPOS="175" VPOS="1183" WIDTH="137" HEIGHT="20" WC="0.91" CONTENT="öfverskridit"/><SP WIDTH="23" VPOS="1183" HPOS="312"/>
							<String ID="string_352" HPOS="335" VPOS="1183" WIDTH="69" HEIGHT="21" WC="0.96" CONTENT="denna"/><SP WIDTH="24" VPOS="1183" HPOS="404"/>
							<String ID="string_353" HPOS="428" VPOS="1183" WIDTH="63" HEIGHT="21" WC="0.95" CONTENT="deras"/><SP WIDTH="24" VPOS="1183" HPOS="491"/>
							<String ID="string_354" HPOS="515" VPOS="1184" WIDTH="105" HEIGHT="27" WC="0.96" CONTENT="rättighet"/><SP WIDTH="20" VPOS="1184" HPOS="620"/>
							<String ID="string_355" HPOS="640" VPOS="1183" WIDTH="39" HEIGHT="22" WC="0.96" CONTENT="och"/><SP WIDTH="17" VPOS="1183" HPOS="679"/>
							<String ID="string_356" HPOS="696" VPOS="1183" WIDTH="73" HEIGHT="21" WC="0.96" CONTENT="tillåtit"/><SP WIDTH="17" VPOS="1183" HPOS="769"/>
							<String ID="string_357" HPOS="786" VPOS="1189" WIDTH="25" HEIGHT="14" WC="0.96" CONTENT="en"/><SP WIDTH="17" VPOS="1189" HPOS="811"/>
							<String ID="string_358" HPOS="828" VPOS="1182" WIDTH="65" HEIGHT="21" WC="0.92" CONTENT="sådan"/><SP WIDTH="20" VPOS="1182" HPOS="893"/>
							<String ID="string_359" HPOS="913" VPOS="1183" WIDTH="35" HEIGHT="18" WC="0.92" CONTENT="ut-"/>
						</TextLine>
						<TextLine ID="line_38" HPOS="120" VPOS="1209" WIDTH="828" HEIGHT="30">
							<String ID="string_360" HPOS="120" VPOS="1211" WIDTH="129" HEIGHT="28" WC="0.92" CONTENT="skänkning."/><SP WIDTH="31" VPOS="1211" HPOS="249"/>
							<String ID="string_361" HPOS="280" VPOS="1211" WIDTH="10" HEIGHT="20" WC="0.96" CONTENT="I"/><SP WIDTH="24" VPOS="1211" HPOS="290"/>
							<String ID="string_362" HPOS="314" VPOS="1211" WIDTH="85" HEIGHT="21" WC="0.96" CONTENT="trakten"/><SP WIDTH="26" VPOS="1211" HPOS="399"/>
							<String ID="string_363" HPOS="425" VPOS="1211" WIDTH="22" HEIGHT="21" WC="0.97" CONTENT="af"/><SP WIDTH="20" VPOS="1211" HPOS="447"/>
							<String ID="string_364" HPOS="467" VPOS="1212" WIDTH="63" HEIGHT="21" WC="0.93" CONTENT="dessa"/><SP WIDTH="20" VPOS="1212" HPOS="530"/>
							<String ID="string_365" HPOS="550" VPOS="1212" WIDTH="153" HEIGHT="27" WC="0.91" CONTENT="gästgifverier"/><SP WIDTH="19" VPOS="1212" HPOS="703"/>
							<String ID="string_366" HPOS="722" VPOS="1212" WIDTH="38" HEIGHT="20" WC="0.97" CONTENT="har"/><SP WIDTH="14" VPOS="1212" HPOS="760"/>
							<String ID="string_367" HPOS="774" VPOS="1211" WIDTH="38" HEIGHT="28" WC="0.96" CONTENT="jag"/><SP WIDTH="15" VPOS="1211" HPOS="812"/>
							<String ID="string_368" HPOS="827" VPOS="1210" WIDTH="69" HEIGHT="21" WC="0.96" CONTENT="funnit"/><SP WIDTH="16" VPOS="1210" HPOS="896"/>
							<String ID="string_369" HPOS="912" VPOS="1209" WIDTH="36" HEIGHT="21" WC="0.97" CONTENT="det"/>
						</TextLine>
						<TextLine ID="line_39" HPOS="117" VPOS="1238" WIDTH="831" HEIGHT="30">
							<String ID="string_370" HPOS="117" VPOS="1239" WIDTH="100" HEIGHT="28" WC="0.95" CONTENT="sorgliga,"/><SP WIDTH="23" VPOS="1239" HPOS="217"/>
							<String ID="string_371" HPOS="240" VPOS="1241" WIDTH="32" HEIGHT="19" WC="0.96" CONTENT="att"/><SP WIDTH="22" VPOS="1241" HPOS="272"/>
							<String ID="string_372" HPOS="294" VPOS="1247" WIDTH="48" HEIGHT="13" WC="0.94" CONTENT="man"/><SP WIDTH="23" VPOS="1247" HPOS="342"/>
							<String ID="string_373" HPOS="365" VPOS="1240" WIDTH="156" HEIGHT="28" WC="0.90" CONTENT="oupphörligen"/><SP WIDTH="16" VPOS="1240" HPOS="521"/>
							<String ID="string_374" HPOS="537" VPOS="1247" WIDTH="36" HEIGHT="14" WC="0.95" CONTENT="ser"/><SP WIDTH="15" VPOS="1247" HPOS="573"/>
							<String ID="string_375" HPOS="588" VPOS="1241" WIDTH="51" HEIGHT="20" WC="0.93" CONTENT="fulla"/><SP WIDTH="16" VPOS="1241" HPOS="639"/>
							<String ID="string_376" HPOS="655" VPOS="1240" WIDTH="130" HEIGHT="25" WC="0.91" CONTENT="menniskor,"/><SP WIDTH="16" VPOS="1240" HPOS="785"/>
							<String ID="string_377" HPOS="801" VPOS="1239" WIDTH="39" HEIGHT="21" WC="0.96" CONTENT="och"/><SP WIDTH="17" VPOS="1239" HPOS="840"/>
							<String ID="string_378" HPOS="857" VPOS="1238" WIDTH="91" HEIGHT="27" WC="0.96" CONTENT="troligen"/>
						</TextLine>
						<TextLine ID="line_40" HPOS="118" VPOS="1266" WIDTH="830" HEIGHT="31">
							<String ID="string_379" HPOS="118" VPOS="1267" WIDTH="69" HEIGHT="21" WC="0.92" CONTENT="blefve"/><SP WIDTH="22" VPOS="1267" HPOS="187"/>
							<String ID="string_380" HPOS="209" VPOS="1268" WIDTH="60" HEIGHT="21" WC="0.96" CONTENT="fallet"/><SP WIDTH="24" VPOS="1268" HPOS="269"/>
							<String ID="string_381" HPOS="293" VPOS="1268" WIDTH="118" HEIGHT="21" WC="0.96" CONTENT="detsamma"/><SP WIDTH="15" VPOS="1268" HPOS="411"/>
							<String ID="string_382" HPOS="426" VPOS="1268" WIDTH="36" HEIGHT="21" WC="0.93" CONTENT="vid"/><SP WIDTH="14" VPOS="1268" HPOS="462"/>
							<String ID="string_383" HPOS="476" VPOS="1269" WIDTH="245" HEIGHT="28" WC="0.92" CONTENT="utskänkningsställen,"/><SP WIDTH="26" VPOS="1269" HPOS="721"/>
							<String ID="string_384" HPOS="747" VPOS="1275" WIDTH="33" HEIGHT="14" WC="0.95" CONTENT="om"/><SP WIDTH="16" VPOS="1275" HPOS="780"/>
							<String ID="string_385" HPOS="796" VPOS="1267" WIDTH="80" HEIGHT="21" WC="0.95" CONTENT="sådana"/><SP WIDTH="15" VPOS="1267" HPOS="876"/>
							<String ID="string_386" HPOS="891" VPOS="1266" WIDTH="57" HEIGHT="27" WC="0.95" CONTENT="finge"/>
						</TextLine>
						<TextLine ID="line_41" HPOS="116" VPOS="1295" WIDTH="830" HEIGHT="29">
							<String ID="string_387" HPOS="116" VPOS="1297" WIDTH="28" HEIGHT="26" WC="0.96" CONTENT="på"/><SP WIDTH="24" VPOS="1297" HPOS="144"/>
							<String ID="string_388" HPOS="168" VPOS="1296" WIDTH="73" HEIGHT="21" WC="0.96" CONTENT="landet"/><SP WIDTH="30" VPOS="1296" HPOS="241"/>
							<String ID="string_389" HPOS="271" VPOS="1297" WIDTH="96" HEIGHT="20" WC="0.91" CONTENT="inrättas."/><SP WIDTH="32" VPOS="1297" HPOS="367"/>
							<String ID="string_390" HPOS="399" VPOS="1297" WIDTH="74" HEIGHT="20" WC="0.89" CONTENT="Skulle"/><SP WIDTH="22" VPOS="1297" HPOS="473"/>
							<String ID="string_391" HPOS="495" VPOS="1297" WIDTH="85" HEIGHT="27" WC="0.93" CONTENT="privata"/><SP WIDTH="21" VPOS="1297" HPOS="580"/>
							<String ID="string_392" HPOS="601" VPOS="1296" WIDTH="235" HEIGHT="28" WC="0.90" CONTENT="utskänkningsställen"/><SP WIDTH="23" VPOS="1296" HPOS="836"/>
							<String ID="string_393" HPOS="859" VPOS="1295" WIDTH="87" HEIGHT="25" WC="0.90" CONTENT="tillåtas,"/>
						</TextLine>
						<TextLine ID="line_42" HPOS="118" VPOS="1323" WIDTH="830" HEIGHT="30">
							<String ID="string_394" HPOS="118" VPOS="1327" WIDTH="44" HEIGHT="18" WC="0.96" CONTENT="tror"/><SP WIDTH="18" VPOS="1327" HPOS="162"/>
							<String ID="string_395" HPOS="180" VPOS="1325" WIDTH="37" HEIGHT="28" WC="0.96" CONTENT="jag"/><SP WIDTH="16" VPOS="1325" HPOS="217"/>
							<String ID="string_396" HPOS="233" VPOS="1325" WIDTH="6" HEIGHT="20" WC="0.96" CONTENT="i"/><SP WIDTH="16" VPOS="1325" HPOS="239"/>
							<String ID="string_397" HPOS="255" VPOS="1324" WIDTH="67" HEIGHT="21" WC="0.96" CONTENT="likhet"/><SP WIDTH="15" VPOS="1324" HPOS="322"/>
							<String ID="string_398" HPOS="337" VPOS="1325" WIDTH="48" HEIGHT="20" WC="0.96" CONTENT="med"/><SP WIDTH="16" VPOS="1325" HPOS="385"/>
							<String ID="string_399" HPOS="401" VPOS="1325" WIDTH="91" HEIGHT="21" WC="0.96" CONTENT="friherre"/><SP WIDTH="17" VPOS="1325" HPOS="492"/>
							<String ID="string_400" HPOS="509" VPOS="1333" WIDTH="41" HEIGHT="13" WC="0.96" CONTENT="von"/><SP WIDTH="17" VPOS="1333" HPOS="550"/>
							<String ID="string_401" HPOS="567" VPOS="1325" WIDTH="59" HEIGHT="22" WC="0.96" CONTENT="Born"/><SP WIDTH="16" VPOS="1325" HPOS="626"/>
							<String ID="string_402" HPOS="642" VPOS="1327" WIDTH="32" HEIGHT="19" WC="0.96" CONTENT="att"/><SP WIDTH="15" VPOS="1327" HPOS="674"/>
							<String ID="string_403" HPOS="689" VPOS="1325" WIDTH="105" HEIGHT="21" WC="0.96" CONTENT="hemmets"/><SP WIDTH="15" VPOS="1325" HPOS="794"/>
							<String ID="string_404" HPOS="809" VPOS="1323" WIDTH="47" HEIGHT="26" WC="0.96" CONTENT="frid,"/><SP WIDTH="22" VPOS="1323" HPOS="856"/>
							<String ID="string_405" HPOS="878" VPOS="1323" WIDTH="70" HEIGHT="20" WC="0.96" CONTENT="såsom"/>
						</TextLine>
						<TextLine ID="line_43" HPOS="117" VPOS="1352" WIDTH="833" HEIGHT="29">
							<String ID="string_406" HPOS="117" VPOS="1353" WIDTH="58" HEIGHT="21" WC="0.96" CONTENT="förut"/><SP WIDTH="22" VPOS="1353" HPOS="175"/>
							<String ID="string_407" HPOS="197" VPOS="1355" WIDTH="92" HEIGHT="24" WC="0.91" CONTENT="nämnts,"/><SP WIDTH="23" VPOS="1355" HPOS="289"/>
							<String ID="string_408" HPOS="312" VPOS="1353" WIDTH="70" HEIGHT="21" WC="0.91" CONTENT="blefve"/><SP WIDTH="23" VPOS="1353" HPOS="382"/>
							<String ID="string_409" HPOS="405" VPOS="1353" WIDTH="60" HEIGHT="21" WC="0.96" CONTENT="störd"/><SP WIDTH="22" VPOS="1353" HPOS="465"/>
							<String ID="string_410" HPOS="487" VPOS="1361" WIDTH="78" HEIGHT="20" WC="0.95" CONTENT="genom"/><SP WIDTH="27" VPOS="1361" HPOS="565"/>
							<String ID="string_411" HPOS="592" VPOS="1354" WIDTH="81" HEIGHT="21" WC="0.96" CONTENT="sådana"/><SP WIDTH="14" VPOS="1354" HPOS="673"/>
							<String ID="string_412" HPOS="687" VPOS="1353" WIDTH="149" HEIGHT="27" WC="0.96" CONTENT="inrättningar."/><SP WIDTH="33" VPOS="1353" HPOS="836"/>
							<String ID="string_413" HPOS="869" VPOS="1352" WIDTH="41" HEIGHT="20" WC="0.96" CONTENT="Det"/><SP WIDTH="16" VPOS="1352" HPOS="910"/>
							<String ID="string_414" HPOS="926" VPOS="1352" WIDTH="24" HEIGHT="19" WC="0.96" CONTENT="är"/>
						</TextLine>
						<TextLine ID="line_44" HPOS="117" VPOS="1379" WIDTH="830" HEIGHT="30">
							<String ID="string_415" HPOS="117" VPOS="1384" WIDTH="66" HEIGHT="18" WC="0.92" CONTENT="sannt"/><SP WIDTH="23" VPOS="1384" HPOS="183"/>
							<String ID="string_416" HPOS="206" VPOS="1383" WIDTH="32" HEIGHT="20" WC="0.96" CONTENT="att"/><SP WIDTH="22" VPOS="1383" HPOS="238"/>
							<String ID="string_417" HPOS="260" VPOS="1381" WIDTH="157" HEIGHT="21" WC="0.96" CONTENT="kommunerna"/><SP WIDTH="22" VPOS="1381" HPOS="417"/>
							<String ID="string_418" HPOS="439" VPOS="1381" WIDTH="107" HEIGHT="22" WC="0.96" CONTENT="måhända"/><SP WIDTH="23" VPOS="1381" HPOS="546"/>
							<String ID="string_419" HPOS="569" VPOS="1383" WIDTH="27" HEIGHT="26" WC="0.96" CONTENT="på"/><SP WIDTH="24" VPOS="1383" HPOS="596"/>
							<String ID="string_420" HPOS="620" VPOS="1383" WIDTH="25" HEIGHT="20" WC="0.96" CONTENT="de"/><SP WIDTH="16" VPOS="1383" HPOS="645"/>
							<String ID="string_421" HPOS="661" VPOS="1383" WIDTH="63" HEIGHT="20" WC="0.96" CONTENT="flesta"/><SP WIDTH="15" VPOS="1383" HPOS="724"/>
							<String ID="string_422" HPOS="739" VPOS="1381" WIDTH="76" HEIGHT="21" WC="0.96" CONTENT="ställen"/><SP WIDTH="16" VPOS="1381" HPOS="815"/>
							<String ID="string_423" HPOS="831" VPOS="1380" WIDTH="70" HEIGHT="21" WC="0.93" CONTENT="skulle"/><SP WIDTH="16" VPOS="1380" HPOS="901"/>
							<String ID="string_424" HPOS="917" VPOS="1379" WIDTH="30" HEIGHT="20" WC="0.92" CONTENT="af-"/>
						</TextLine>
						<TextLine ID="line_45" HPOS="118" VPOS="1407" WIDTH="827" HEIGHT="31">
							<String ID="string_425" HPOS="118" VPOS="1410" WIDTH="49" HEIGHT="27" WC="0.96" CONTENT="böja"/><SP WIDTH="22" VPOS="1410" HPOS="167"/>
							<String ID="string_426" HPOS="189" VPOS="1410" WIDTH="132" HEIGHT="21" WC="0.96" CONTENT="inrättandet"/><SP WIDTH="23" VPOS="1410" HPOS="321"/>
							<String ID="string_427" HPOS="344" VPOS="1410" WIDTH="23" HEIGHT="21" WC="0.93" CONTENT="af"/><SP WIDTH="21" VPOS="1410" HPOS="367"/>
							<String ID="string_428" HPOS="388" VPOS="1410" WIDTH="245" HEIGHT="28" WC="0.91" CONTENT="utskänkningsställen,"/><SP WIDTH="21" VPOS="1410" HPOS="633"/>
							<String ID="string_429" HPOS="654" VPOS="1417" WIDTH="49" HEIGHT="14" WC="0.93" CONTENT="men"/><SP WIDTH="16" VPOS="1417" HPOS="703"/>
							<String ID="string_430" HPOS="719" VPOS="1409" WIDTH="72" HEIGHT="22" WC="0.92" CONTENT="blefve"/><SP WIDTH="16" VPOS="1409" HPOS="791"/>
							<String ID="string_431" HPOS="807" VPOS="1409" WIDTH="47" HEIGHT="20" WC="0.96" CONTENT="dem"/><SP WIDTH="17" VPOS="1409" HPOS="854"/>
							<String ID="string_432" HPOS="871" VPOS="1407" WIDTH="74" HEIGHT="27" WC="0.96" CONTENT="tillagd"/>
						</TextLine>
						<TextLine ID="line_46" HPOS="117" VPOS="1436" WIDTH="829" HEIGHT="31">
							<String ID="string_433" HPOS="117" VPOS="1439" WIDTH="33" HEIGHT="20" WC="0.96" CONTENT="del"/><SP WIDTH="23" VPOS="1439" HPOS="150"/>
							<String ID="string_434" HPOS="173" VPOS="1438" WIDTH="7" HEIGHT="21" WC="0.93" CONTENT="i"/><SP WIDTH="20" VPOS="1438" HPOS="180"/>
							<String ID="string_435" HPOS="200" VPOS="1438" WIDTH="252" HEIGHT="27" WC="0.91" CONTENT="utskänkningsskatten,"/><SP WIDTH="24" VPOS="1438" HPOS="452"/>
							<String ID="string_436" HPOS="476" VPOS="1439" WIDTH="85" HEIGHT="21" WC="0.96" CONTENT="befarar"/><SP WIDTH="14" VPOS="1439" HPOS="561"/>
							<String ID="string_437" HPOS="575" VPOS="1439" WIDTH="38" HEIGHT="28" WC="0.96" CONTENT="jag"/><SP WIDTH="16" VPOS="1439" HPOS="613"/>
							<String ID="string_438" HPOS="629" VPOS="1441" WIDTH="32" HEIGHT="19" WC="0.96" CONTENT="att"/><SP WIDTH="15" VPOS="1441" HPOS="661"/>
							<String ID="string_439" HPOS="676" VPOS="1445" WIDTH="48" HEIGHT="14" WC="0.96" CONTENT="man"/><SP WIDTH="16" VPOS="1445" HPOS="724"/>
							<String ID="string_440" HPOS="740" VPOS="1439" WIDTH="27" HEIGHT="26" WC="0.96" CONTENT="på"/><SP WIDTH="17" VPOS="1439" HPOS="767"/>
							<String ID="string_441" HPOS="784" VPOS="1437" WIDTH="67" HEIGHT="22" WC="0.96" CONTENT="andra"/><SP WIDTH="20" VPOS="1437" HPOS="851"/>
							<String ID="string_442" HPOS="871" VPOS="1436" WIDTH="75" HEIGHT="21" WC="0.95" CONTENT="ställen"/>
						</TextLine>
						<TextLine ID="line_47" HPOS="116" VPOS="1464" WIDTH="832" HEIGHT="30">
							<String ID="string_443" HPOS="116" VPOS="1467" WIDTH="69" HEIGHT="19" WC="0.96" CONTENT="skulle"/><SP WIDTH="24" VPOS="1467" HPOS="185"/>
							<String ID="string_444" HPOS="209" VPOS="1467" WIDTH="56" HEIGHT="20" WC="0.95" CONTENT="finna"/><SP WIDTH="23" VPOS="1467" HPOS="265"/>
							<String ID="string_445" HPOS="288" VPOS="1467" WIDTH="33" HEIGHT="27" WC="0.96" CONTENT="sig"/><SP WIDTH="15" VPOS="1467" HPOS="321"/>
							<String ID="string_446" HPOS="336" VPOS="1467" WIDTH="76" HEIGHT="20" WC="0.96" CONTENT="lockad"/><SP WIDTH="24" VPOS="1467" HPOS="412"/>
							<String ID="string_447" HPOS="436" VPOS="1467" WIDTH="31" HEIGHT="20" WC="0.93" CONTENT="till"/><SP WIDTH="23" VPOS="1467" HPOS="467"/>
							<String ID="string_448" HPOS="490" VPOS="1467" WIDTH="92" HEIGHT="21" WC="0.92" CONTENT="sådanas"/><SP WIDTH="23" VPOS="1467" HPOS="582"/>
							<String ID="string_449" HPOS="605" VPOS="1467" WIDTH="129" HEIGHT="25" WC="0.96" CONTENT="inrättande,"/><SP WIDTH="23" VPOS="1467" HPOS="734"/>
							<String ID="string_450" HPOS="757" VPOS="1466" WIDTH="38" HEIGHT="20" WC="0.96" CONTENT="der"/><SP WIDTH="21" VPOS="1466" HPOS="795"/>
							<String ID="string_451" HPOS="816" VPOS="1466" WIDTH="38" HEIGHT="20" WC="0.96" CONTENT="det"/><SP WIDTH="32" VPOS="1466" HPOS="854"/>
							<String ID="string_452" HPOS="886" VPOS="1464" WIDTH="62" HEIGHT="20" WC="0.95" CONTENT="äfven"/>
						</TextLine>
						<TextLine ID="line_48" HPOS="116" VPOS="1492" WIDTH="833" HEIGHT="31">
							<String ID="string_453" HPOS="116" VPOS="1494" WIDTH="69" HEIGHT="22" WC="0.96" CONTENT="skulle"/><SP WIDTH="24" VPOS="1494" HPOS="185"/>
							<String ID="string_454" HPOS="209" VPOS="1495" WIDTH="46" HEIGHT="21" WC="0.96" CONTENT="visa"/><SP WIDTH="24" VPOS="1495" HPOS="255"/>
							<String ID="string_455" HPOS="279" VPOS="1494" WIDTH="33" HEIGHT="28" WC="0.96" CONTENT="sig"/><SP WIDTH="15" VPOS="1494" HPOS="312"/>
							<String ID="string_456" HPOS="327" VPOS="1502" WIDTH="51" HEIGHT="14" WC="0.96" CONTENT="vara"/><SP WIDTH="22" VPOS="1502" HPOS="378"/>
							<String ID="string_457" HPOS="400" VPOS="1495" WIDTH="6" HEIGHT="20" WC="0.96" CONTENT="i"/><SP WIDTH="23" VPOS="1495" HPOS="406"/>
							<String ID="string_458" HPOS="429" VPOS="1495" WIDTH="77" HEIGHT="28" WC="0.96" CONTENT="högsta"/><SP WIDTH="23" VPOS="1495" HPOS="506"/>
							<String ID="string_459" HPOS="529" VPOS="1496" WIDTH="54" HEIGHT="27" WC="0.93" CONTENT="grad"/><SP WIDTH="24" VPOS="1496" HPOS="583"/>
							<String ID="string_460" HPOS="607" VPOS="1495" WIDTH="80" HEIGHT="28" WC="0.93" CONTENT="vädligt"/><SP WIDTH="15" VPOS="1495" HPOS="687"/>
							<String ID="string_461" HPOS="702" VPOS="1495" WIDTH="40" HEIGHT="21" WC="0.96" CONTENT="och"/><SP WIDTH="15" VPOS="1495" HPOS="742"/>
							<String ID="string_462" HPOS="757" VPOS="1494" WIDTH="33" HEIGHT="21" WC="0.93" CONTENT="för"/><SP WIDTH="14" VPOS="1494" HPOS="790"/>
							<String ID="string_463" HPOS="804" VPOS="1492" WIDTH="145" HEIGHT="28" WC="0.66" CONTENT="|sedligheten"/>
						</TextLine>
					</TextBlock>
				</ComposedBlock>
			</PrintSpace>
		</Page>
	</Layout>
</alto>
