1109 1739
249 82 41 21 396
566 81 40 16 Den
619 81 21 16 14
653 81 49 16 Juni.

219 139 57 27 åsigt
293 138 7 21 i
319 137 76 27 saken,
418 137 68 21 ehuru
506 137 87 20 ståndet
611 137 78 27 gjorde
705 139 32 19 ett
753 137 74 28 tillägg
844 138 31 21 till
892 138 156 23 betänkandet.

220 168 43 27 Jag
278 173 63 16 anser
357 165 86 22 derföre
459 167 155 19 sammansatta
629 168 65 18 stats-
709 165 41 22 och
764 166 210 22 ekonomiutskottet
985 168 65 21 hafva

221 196 88 21 handlat
324 197 53 24 rätt,
393 194 26 21 då
435 194 37 21 det
486 193 49 22 lade
551 193 149 22 betänkandet
716 194 31 21 till
763 195 166 28 utgångspunkt
944 196 34 21 för
993 203 56 14 sam-

220 224 197 29 manjemkningen;
434 229 48 14 men
499 222 33 27 då,
548 223 71 20 såsom
635 222 42 21 den
693 223 131 27 föregående
841 224 66 21 ärade
918 225 83 20 talaren
1012 232 38 14 an-

220 254 50 26 fört,
286 255 84 25 preste-
387 251 39 21 och
442 251 163 21 bondestånden
623 251 76 20 bifallit
714 251 33 20 till
762 252 162 28 inbjudningen,
940 253 62 21 lönar
1013 255 36 20 det

220 282 48 21 icke
291 281 81 21 mödan
395 282 32 19 att
445 281 103 19 motsätta
563 279 34 27 sig
609 279 131 27 densamma,
757 280 40 21 och
812 280 38 21 det
866 288 63 14 anser
942 282 39 27 jag
996 289 53 14 vara

221 311 36 20 det
273 309 55 22 enda
343 309 72 21 skälet
431 310 31 19 att
477 308 73 21 bifalla
565 307 31 21 till
611 307 163 28 inbjudningen.
803 309 44 27 Jag
863 309 38 21 har
917 309 85 22 derföre
1017 311 32 20 in-

220 338 89 28 genting
325 339 67 20 annat
410 338 33 19 att
457 336 93 21 invända
565 339 58 18 emot
639 336 132 27 densamma,
787 338 26 19 än
829 339 33 19 att
878 340 32 19 ett
925 340 70 20 större
1010 346 39 15 an-

221 367 46 28 slag
283 366 67 21 borde
367 365 90 27 beviljas
472 365 34 21 för
520 364 223 29 undersökningarne,
760 365 91 22 emedan
865 366 39 28 jag
919 374 65 14 anser
999 368 49 21 dem

220 395 49 21 icke
284 395 73 20 kunna
373 395 82 20 utföras
471 393 49 22 med
536 393 26 21 de
578 394 92 24 200,000
685 394 68 27 mark,
769 401 46 14 som
831 395 119 21 ständerna
962 397 86 20 anvisat

221 424 34 20 för
270 423 129 21 ändamålet.

289 452 58 20 Herr
368 449 197 29 Langenskiöld
584 449 104 21 förenade
703 450 34 28 sig
754 450 32 21 till
801 450 42 22 alla
859 451 60 21 delar
934 452 48 21 med
998 452 50 22 herr

222 480 101 28 Pipping.

290 508 63 21 Efter
369 507 37 21 det
421 506 150 22 diskussionen
586 506 90 22 härmed
692 507 105 27 afslutats,
813 508 72 21 beslöt
896 508 152 29 ridderskapet

221 537 40 21 och
280 537 62 21 adeln
364 537 57 27 uppå
437 536 50 20 herr
502 536 46 20 vice
563 535 210 21 landtmarskalkens
788 536 159 29 framställning
962 540 33 18 att
1011 546 37 13 an-

222 569 51 25 taga
288 567 155 19 sammansatta
459 566 63 18 stats-
534 564 40 20 och
585 564 218 21 ekonomiutskottets
815 566 231 28 sammanjemknings-

221 594 81 28 förslag
315 594 8 20 i
339 594 70 27 öfriga
424 592 59 21 delar
498 594 60 19 utom
575 592 134 21 beträffande
725 594 12 20 6
753 600 70 18 mom.,
840 594 6 20 i
863 594 102 22 afseende
981 595 67 21 hvarå

222 622 152 28 ridderskapet
391 621 39 21 och
450 621 62 21 adeln
528 620 118 22 omfattade
663 620 41 22 den
719 621 24 21 af
757 622 180 28 borgareståndet
952 626 96 26 antagna

223 652 39 21 och
277 652 7 20 i
299 650 182 29 inbjudningsväg
496 656 79 21 genom
591 656 26 14 en
633 649 126 28 deputation
775 651 127 21 meddelade
918 652 89 27 lydelse.

291 708 124 27 Föredrogs
440 708 32 20 ett
495 706 54 22 ifrån
572 707 145 27 lagutskottet
739 707 119 21 inkommet
882 709 166 28 sammanjemk-

223 736 144 29 ningsförslag
382 736 7 20 i
404 735 117 27 anledning
536 735 23 21 af
573 735 106 21 särskilda
694 736 57 20 inom
767 736 152 28 ridderskapet
934 737 38 21 och
985 738 62 22 adeln

223 768 55 19 samt
297 764 162 29 presteståndet
478 764 79 21 väckta
577 764 82 27 förslag
677 764 112 27 angående
805 765 134 28 underdånig
955 766 93 27 petition

223 802 35 14 om
279 794 76 28 åtgärd
379 792 87 26 derhän,
489 795 33 18 att
544 792 42 21 den
605 792 8 21 i
632 792 103 21 afseende
753 794 13 20 &
781 794 86 20 makars
883 794 99 28 giftorätt
997 795 6 21 i
1020 795 27 21 bo

223 825 56 19 samt
294 823 81 27 arftägt
395 822 55 20 efter
465 821 78 21 afliden
559 828 78 20 person
654 828 29 14 nu
699 822 116 20 bestående
831 822 110 21 olikheten
957 824 91 21 emellan

223 852 106 20 landsrätt
351 850 42 22 och
415 850 105 21 stadsrätt
536 850 71 20 kunde
628 850 105 27 upphöra.
764 850 91 22 Hvilkei
871 851 87 28 förslag,
976 852 71 21 såsom

223 880 48 21 icke
286 878 149 23 innefattande
450 879 71 27 någon
537 878 158 28 framställning
710 878 31 21 till
754 879 152 28 ridderskapet
920 880 40 21 och
976 880 72 26 adeln,

223 909 48 21 icke
287 908 76 28 ansågs
380 907 109 22 föranleda
505 907 31 21 till
552 908 71 26 någon
638 907 76 27 åtgärd
729 908 47 20 från
791 908 99 21 ståndets
905 908 53 22 sida.

293 965 175 22 Sammanträdet
483 963 76 22 afslöts
574 964 93 21 klockan
683 965 13 20 8
712 964 40 21 och
767 965 28 21 20
810 965 50 20 min.
872 965 177 29 eftermiddagen.

796 1007 22 16 In
831 1007 63 16 fidem:

709 1022 73 33 Victor
797 1035 26 20 de
838 1034 22 21 la
877 1030 105 38 Chapelle.

389 1177 125 34 Fredagen
532 1177 47 27 den
597 1177 32 26 14
645 1176 60 28 Juni
721 1177 36 27 kl.
775 1177 28 26 12
820 1177 77 27 midd.

295 1225 58 21 Herr
375 1223 46 22 vice
437 1223 205 26 landtmarskalken,
663 1223 90 22 friherre
772 1231 43 14 von
830 1224 66 26 Born,
912 1224 61 22 förde
989 1224 63 22 äfven

227 1253 34 22 vid
277 1253 62 22 detta
354 1252 171 22 sammanträdet
540 1252 71 21 ordet.

295 1281 136 22 Företrädde
447 1288 26 14 en
489 1281 56 21 ifrån
561 1281 161 28 presteståndet
741 1277 135 36 ankommen,
887 1281 117 28 behörigen
1015 1289 39 14 an-

227 1310 56 22 mäld
299 1310 134 28 deputation,
450 1310 88 21 hvilken
554 1309 77 22 anförd
647 1309 23 22 af
684 1307 109 30 professor
803 1310 106 21 Forsman
920 1311 134 25 meddelade,

227 1341 31 20 att
274 1339 66 22 sedan
361 1339 162 28 presteståndet
541 1339 42 21 fått
603 1340 110 26 emottaga
728 1338 55 21 ifrån
798 1338 159 22 bondeståndet
972 1346 28 15 en
1015 1346 39 14 un-

227 1368 136 27 derrättelse,
379 1369 32 20 att
430 1367 60 22 detta
505 1367 64 22 stånd
585 1367 6 21 i
607 1367 62 28 fråga
684 1374 34 14 om
733 1367 135 28 uppförande
884 1367 24 22 af
921 1369 32 20 ett
968 1375 88 21 gemen-

227 1399 55 19 samt
306 1397 130 21 ständerhus
458 1396 67 21 fattat
547 1396 74 21 beslut
643 1402 36 15 om
699 1395 145 28 uppförandet
859 1396 24 21 af
896 1398 32 19 ett
943 1399 49 25 nytt
1007 1397 48 25 hus,

226 1425 55 22 hade
306 1425 167 28 presteståndet,
497 1431 47 15 som
567 1426 55 20 trott
645 1424 33 28 sig
699 1425 52 21 böra
765 1425 58 21 finna
838 1425 93 21 orsaken
947 1425 32 21 till
994 1425 62 22 detta

227 1454 170 21 bondeståndets
413 1454 72 21 beslut
499 1453 7 21 i
522 1453 38 22 det
575 1453 78 25 vilkor,
669 1453 151 28 ridderskapet
835 1453 41 22 och
892 1453 62 22 adeln
965 1454 43 21 fäst
1020 1454 36 21 vid

227 1482 151 23 riddarhusets
401 1482 119 26 afstående,
544 1483 32 21 att
598 1482 109 28 nemligen
731 1482 37 22 det
787 1482 35 22 lån
843 1482 24 21 af
880 1483 92 27 152,000
987 1483 69 26 mark,
