1109 1739
401 121 39 15 Den
453 121 10 15 3
476 120 48 16 Juni.
809 120 39 21 195

48 180 38 27 jag
102 178 48 21 icke
166 177 51 27 vilja
231 175 118 29 godkänna
364 175 154 28 lagutskottets
535 175 136 21 betänkande
687 175 5 20 i
709 175 69 22 denna
795 177 80 27 vigtiga

51 207 38 20 och
106 203 185 30 genomgripande
308 203 79 20 reform
404 203 132 21 beträffande
552 203 133 21 inrättandet
701 203 23 21 af
736 208 139 23 permanenta

50 234 117 21 domstolar
183 235 28 26 på
226 232 80 25 landet,
323 232 40 20 och
377 232 38 27 jag
431 231 68 21 skulle
516 233 5 18 i
538 232 36 20 det
590 231 111 22 afseendet
710 233 70 27 stödja
795 234 43 26 mig
848 234 27 26 på

50 263 36 20 det
102 262 88 24 referat,
206 260 146 28 lagutskottet
366 259 81 21 lemnat
463 262 32 18 att
511 260 182 27 tingsallmogens,
717 260 38 21 der
771 261 40 20 den
827 261 47 21 blif-

51 291 31 20 vit
105 290 53 20 hörd
175 290 23 20 af
211 288 166 21 vederbörande
401 288 198 26 häradshöfdingar,
624 289 79 26 åsigter
719 289 83 27 tyckas
820 290 55 20 varit

51 319 87 27 mycket
162 317 83 27 delade,
269 317 44 20 lika
334 317 78 26 många
427 316 76 27 tyckes
520 317 55 20 varit
590 317 34 20 för
640 323 44 14 som
701 319 44 18 mot
761 318 113 21 reformen.

51 346 140 21 Beträffande
207 347 46 19 åter
270 345 43 24 det,
331 347 31 18 att
379 345 36 20 det
430 344 69 21 skulle
516 345 65 20 hållas
598 347 33 18 tre
647 345 51 20 eller
713 345 52 22 flere
781 347 46 28 ting
840 353 34 14 om

52 377 53 24 året,
129 381 51 14 vore
195 374 36 21 det
248 380 26 14 en
291 373 109 20 önskvärd
421 373 44 24 sak,
483 379 33 14 om
533 373 36 20 det
585 373 56 20 blott
657 373 68 21 skulle
741 374 72 21 kunna
829 381 45 14 rea-

50 404 64 21 lisera
130 403 39 27 sig.

120 431 63 27 Uppå
201 431 48 20 herr
265 429 210 21 landtmarskalkens
491 429 74 20 derom
574 429 77 27 gjorda
664 429 163 29 framställning,
839 431 35 20 be-

51 460 41 20 slöt
108 459 87 21 ståndet
211 461 31 19 att
259 460 80 24 antaga
349 457 155 27 lagutskottets
516 457 148 28 föreliggande
676 458 135 21 betänkande
823 461 51 18 utan

51 488 97 27 ändring.

121 544 122 27 Föredrogs
267 544 154 19 sammansatta
440 545 62 19 stats-
522 542 39 21 och
577 542 219 22 ekonomiutskottets
811 544 63 20 bord-

52 573 79 27 laggda
147 571 151 23 betänkandei
307 571 116 27 anledning
438 572 23 20 af
475 573 32 19 ett
522 571 31 21 till
569 571 132 21 hedervärda
718 572 156 21 bondeståndet

53 602 90 27 ingifvet
166 599 214 29 petitionsmemorial
405 606 33 14 om
457 600 152 27 upphäfvande
627 600 22 20 af
662 600 97 27 gällande
775 601 99 27 stadgan-

52 630 41 20 den
109 629 111 27 angående
236 628 181 26 lotshemmanen;
436 628 39 20 och
493 628 45 20 blef
551 628 60 20 detta
631 628 134 21 betänkande
781 630 24 19 af
818 630 57 20 stån-

53 658 36 21 det
104 660 52 18 utan
173 657 122 21 diskussion
312 656 117 28 godkändt.

122 714 123 27 Föredrogs
261 713 179 21 bankutskottets
456 713 131 27 bordlaggda
603 713 272 29 betänkande
740 709 14 37 i
760 713 115 29 anledning

54 744 23 20 af
91 750 25 14 en
133 744 46 20 från
196 742 136 21 direktionen
349 742 32 20 för
397 742 102 20 Finlands
524 741 206 29 hypoteksförening
754 742 119 21 inkommen

54 772 62 20 skrift
134 772 47 20 med
205 771 97 20 anhållan
320 777 33 13 om
375 770 94 27 lindring
483 770 32 20 uti
530 770 96 20 vilkoren
643 770 32 20 för
690 771 184 27 återbetalningen

54 800 23 20 af
90 803 32 18 ett
137 799 235 28 bypoteksföreningen
389 805 25 14 ur
429 798 102 21 Finlands
541 798 57 20 bank
615 798 100 28 beviljadt
731 799 41 21 lån.

124 828 57 21 Herr
205 828 126 27 Pipping,
355 826 125 27 Fredrik,
507 827 66 20 erhöll
596 827 28 27 på
647 827 92 27 begäran
759 828 60 20 ordet
835 828 38 20 och

54 855 95 29 yttrade:
165 857 34 20 Då
215 856 70 20 denna
300 856 61 26 fråga
377 855 35 20 vid
427 857 32 19 ett
469 855 131 27 föregående
613 856 156 20 sammanträde
783 856 90 25 förevar,

56 885 54 21 hade
124 886 38 26 jag
178 886 50 19 äran
245 886 59 25 yttra
319 884 44 26 mig
379 884 6 20 i
402 883 72 26 saken,
491 884 39 20 och
547 884 30 20 uti
593 884 37 20 det
639 884 79 27 afgifna
730 884 144 21 betänkandet

54 914 69 20 finner
136 914 39 26 jag
190 920 28 13 nu
234 912 43 20 min
293 912 28 20 då
337 912 96 20 uttalade
453 912 55 27 åsigt
524 912 6 20 i
546 911 147 21 hufvudsaken
719 912 60 20 delad
796 913 29 20 uti
843 915 31 18 ut-

56 942 95 20 skottets
167 942 67 19 första
250 940 123 24 alternativ,
389 941 40 19 och
445 940 70 20 skälet
531 940 72 20 derför
615 942 22 18 är
648 940 113 27 framlagdt
773 942 27 25 på
809 941 65 20 femte

56 970 59 21 sidan
132 970 6 20 i
154 970 67 20 första
245 969 92 27 stycket.
369 968 42 27 Jag
429 968 39 20 har
486 968 83 21 således
585 968 33 21 för
633 969 41 19 min
691 968 34 21 del
741 969 47 20 icke
811 971 64 18 annat

56 1000 26 19 än
99 1000 32 19 att
147 997 108 27 tillstyrka
278 997 121 26 antagande
415 996 23 21 af
452 997 36 20 det
511 997 66 20 första
601 997 142 24 alternativet,
769 997 105 27 nemligen

55 1029 47 24 »att
119 1026 115 21 ständerna
245 1025 47 21 icke
309 1025 76 27 sjelfve
401 1025 49 20 ville
465 1025 51 27 ingå
530 1027 7 18 i
553 1025 123 20 omedelbar
692 1025 100 28 pröfning
803 1025 22 20 af
837 1026 37 27 hy-

56 1054 219 28 potekstöreningens
297 1053 165 27 ifrågavarande
483 1054 102 24 ansökan,
602 1056 50 18 utan
669 1053 130 21 öfverlemna
815 1055 60 20 ären-

52 1084 41 20 det
116 1090 77 21 genom
217 1081 166 22 bankutskottet
402 1082 31 20 till
454 1082 198 27 bankfullmäktige,
669 1082 71 21 hvilka
756 1082 36 21 det
808 1083 68 20 skulle

56 1112 85 21 tillhöra
165 1113 32 18 att
223 1110 76 28 pröfva
323 1110 38 20 och
387 1111 29 19 till
441 1110 72 27 slutlig
528 1111 75 26 åtgärd
621 1111 99 20 befordra
736 1111 139 20 detsamma.'*

56 1140 84 21 Likvist
156 1141 79 19 önskar
247 1139 39 27 jag
301 1140 32 19 att
349 1139 5 19 i
371 1138 72 21 denna
458 1139 34 20 del
508 1139 22 20 af
540 1139 146 20 betänkandet
696 1139 21 20 fä
728 1139 73 20 inflika
810 1140 65 27 nägra

56 1169 38 20 ord
110 1170 64 24 ännu,
191 1167 104 28 nemligen
312 1168 6 19 i
335 1167 52 20 sista
403 1167 72 26 raden,
485 1169 46 24 ,,att
548 1167 191 27 bankfullmäktige
755 1168 54 27 egde
825 1175 50 18 ,,en-

55 1198 39 26 ligt
109 1196 98 28 gällande
222 1196 163 26 författningar*
402 1195 75 28 pröfva
493 1196 39 20 och
548 1196 31 20 till
595 1196 73 27 slutlig
686 1196 74 27 ätgärd
777 1196 98 21 befordra

57 1223 139 23 detsamma.”

126 1253 57 20 Herr
199 1252 141 21 Molander:
357 1252 42 27 Jag
415 1253 68 20 skulle
499 1252 74 21 förena
584 1253 43 26 mig
638 1252 47 21 med
695 1252 39 21 den
747 1252 128 28 föregående

56 1282 81 21 talaren
154 1282 23 20 så
197 1282 86 27 mycket
299 1281 72 24 hellre,
389 1287 44 14 som
451 1281 55 20 hvad
522 1281 6 20 i
544 1281 151 27 förordningen
712 1281 23 20 af
748 1281 40 20 den
804 1281 12 20 9
833 1281 42 21 De-

57 1311 86 21 cember
167 1310 52 21 1867
243 1309 112 28 angående
378 1309 106 27 styrelsen
505 1309 39 21 och
563 1309 156 28 förvaltningen
738 1309 23 21 af
774 1309 101 21 Finlands

57 1339 58 21 bank
131 1341 23 19 är
170 1338 100 27 stadgadt
282 1337 118 28 angående
416 1337 36 21 det
468 1338 163 27 ifrågavarande
646 1338 57 20 lånet
719 1338 26 21 då
761 1338 115 27 behörigen

58 1368 84 20 komme
158 1369 31 18 att
204 1367 115 27 iakttagas.
350 1366 43 20 Det
410 1366 62 21 heter
487 1367 6 20 i
511 1367 12 20 2
540 1367 10 26 8
567 1366 23 21 af
604 1373 81 14 samma
699 1366 131 27 förordning,
846 1369 31 18 att

58 1395 233 28 hypoteksföreningen
315 1395 55 20 skall
391 1395 117 20 bibehållas
525 1395 36 20 vid
577 1395 36 20 det
629 1395 67 27 årliga
711 1395 167 20 understödsan-

58 1425 68 26 slaget
142 1431 25 14 ur
183 1424 107 27 primitiva
312 1423 79 20 fonden
409 1423 23 20 af
446 1424 78 25 60,000
539 1423 61 20 mark
616 1424 7 19 i
640 1424 25 20 10
680 1424 34 19 års
731 1423 36 20 tid.
798 1423 80 20 Vidare

58 1454 62 25 säges
137 1453 6 20 i
160 1453 11 27 $
189 1453 31 23 12,
237 1454 32 18 att
287 1452 2 19 i
306 1451 41 21 den
365 1458 48 14 mon
431 1458 44 13 som
498 1452 185 26 primitivfondens
707 1452 117 20 inkomster
847 1451 30 20 dit

58 1480 73 28 inflyta
149 1480 60 21 skola
224 1480 26 20 de
266 1480 142 20 konverteras
425 1480 31 20 till
473 1480 157 20 räntebärande
647 1480 147 27 obligationer.
820 1480 58 20 Säle-

58 1509 37 19 des
111 1511 23 18 är
150 1510 37 20 det
203 1508 100 28 stadgadt
318 1508 6 20 i
341 1508 67 27 sagde
423 1508 78 27 nådiga
517 1508 131 27 förordning,
665 1510 31 18 att
712 1508 59 20 detta
782 1508 33 20 lån
824 1508 54 20 skall

777 1548 35 16 13”
