1109 1739
433 93 40 18 Den
485 94 23 17 27
521 93 42 22 Maj.
850 91 24 21 31

79 159 46 14 som
148 151 55 21 huru
222 153 45 19 stor
283 151 173 27 utskänkningen
473 151 39 20 bör
528 157 51 14 vara
595 150 40 21 och
651 149 42 22 alla
708 149 27 21 de
751 149 91 27 detaljer
858 155 45 14 som

80 180 71 21 dertill
175 180 58 21 höra.
264 179 50 21 Man
339 180 40 20 kan
396 179 47 21 icke
459 181 53 25 göra
528 179 108 20 utskottet
652 178 41 21 den
709 177 146 21 förebråelsen
871 179 32 18 att

80 209 47 20 icke
143 209 108 20 utskottet
267 208 83 21 försökt
361 209 32 20 att
411 208 64 27 lägga
490 208 6 20 i
510 206 242 29 kommunalstyrelsens
769 206 39 21 och
824 205 26 21 de
866 205 36 21 ad-

80 237 144 21 ministrativa
241 236 190 28 myndigheternas
447 237 82 20 händer
544 235 28 21 all
589 235 73 28 möjlig
677 235 60 20 makt
752 241 45 14 som
814 234 41 21 kan
868 234 36 20 be-

80 265 74 21 höfvas
170 265 33 21 för
219 267 32 19 att
267 265 144 28 undertrycka
427 265 38 20 allt
481 264 108 21 missbruk
599 264 22 20 af
638 263 262 28 bränvinsförsäljningen,

80 294 39 21 och
136 294 84 27 reglera
236 293 78 21 bruket
330 293 23 21 af
366 301 73 13 varan.
471 293 94 21 Dermed
581 292 77 21 trodde
675 293 107 20 utskottet
797 292 33 27 sig
842 291 63 21 hafva

80 323 56 26 gjort
152 329 53 21 nog;
229 324 32 19 att
287 322 27 27 gå
329 323 80 26 längre,
426 322 69 21 skulle
511 322 65 21 hafva
593 321 56 20 varit
665 324 32 18 att
713 320 106 28 uppträda
834 321 70 20 såsom

80 351 139 28 förmyndare
235 351 32 20 för
283 351 217 20 landskommunerna
516 350 40 21 och
573 350 107 21 utskottet
696 350 66 26 ansåg
778 349 47 20 icke
840 349 65 27 något

80 379 45 21 skäl
149 387 51 13 vara
223 382 32 18 att
273 379 6 20 i
299 379 59 21 detta
373 379 102 21 afseende
492 385 52 15 vara
560 385 59 14 mera
633 378 138 27 förmyndare
787 377 32 21 för
834 377 70 21 lands-

79 408 156 21 kommunerna
250 409 25 20 än
292 407 33 21 för
341 407 216 22 stadskommunerna
569 419 26 3 —
607 407 25 20 de
644 413 39 14 ena
695 407 24 20 så
729 406 34 21 väl
775 413 44 14 som
831 405 26 21 de
868 412 36 14 an-

79 436 38 21 dra
132 437 69 20 måste
217 443 63 14 anses
297 442 44 14 som
358 436 141 28 fullmyndiga
515 436 39 20 och
573 435 134 27 berättigade
723 437 31 19 att
777 434 75 28 sjelfva
872 440 32 14 re-

78 465 59 27 glera
157 465 56 21 hvad
231 466 27 26 på
273 464 47 21 dem
337 464 131 21 ankommer.
494 464 49 22 Man
561 464 38 21 har
614 463 70 21 anfört
699 465 32 19 att
745 462 159 22 kommunalan-

80 494 40 20 dan
145 495 28 26 på
195 493 73 21 landet
290 492 47 22 icke
360 500 51 14 vore
431 500 43 20 nog
497 493 70 21 vaken
579 492 34 21 för
636 494 32 19 att
684 499 47 14 man
749 492 68 21 skulle
833 492 72 20 kunna

81 522 37 21 lita
140 523 29 27 på
184 522 134 26 densamma,
341 522 42 20 min
407 522 148 28 öfvertygelse
573 523 24 19 är
612 522 33 20 att
660 520 41 22 den
722 520 68 28 aldrig
808 520 97 21 kommer

83 553 31 18 att
129 551 72 21 vakna
218 557 34 14 om
269 557 48 14 man
333 550 48 21 icke
397 550 82 21 lemnar
495 551 130 20 kommunen
641 549 84 21 tillfälle
741 552 31 18 att
788 548 74 22 utöfva
873 548 31 21 sin

83 579 58 21 makt
163 579 39 21 och
226 579 75 27 pröfva
323 579 46 21 sina
393 579 92 27 krafter;
508 581 31 19 ett
563 578 76 21 sådant
659 578 82 21 tillfälle
757 578 100 27 erbjuder
872 577 33 27 sig

86 608 32 20 vid
136 608 133 27 regleringen
287 608 22 20 af
323 608 70 20 denna
408 608 61 27 fråga
485 608 40 21 och
540 607 75 27 frågan
632 606 39 21 bör
686 614 51 13 vara
753 607 22 20 af
789 608 31 19 ett
833 607 24 19 så
868 606 36 20 all-

80 638 59 19 mänt
162 636 92 21 intresse
277 638 31 18 att
337 636 129 20 kommunen
490 643 67 21 gerna
576 639 61 24 tager
653 635 56 21 hand
725 636 80 20 derom.
836 634 68 21 Dessa

82 671 51 14 voro
156 664 119 21 utskottets
299 664 88 28 åsigter,
403 664 67 21 ehuru
487 665 108 21 utskottet
609 664 119 28 medgifver
743 666 32 18 att
791 663 36 21 det
843 662 62 22 torde

82 700 49 14 vara
147 694 60 20 svårt
225 695 32 19 att
273 693 106 27 uppställa
395 693 109 28 principer
520 700 45 14 som
582 693 71 21 kunna
671 692 66 21 kallas
753 692 85 21 absolut
848 693 57 19 rätta

82 722 5 20 i
112 722 70 20 denna
207 722 140 27 lagstiftning,
367 722 56 20 helst
439 729 48 13 man
504 722 48 21 icke
568 722 5 20 i
589 722 67 20 saken
672 721 41 21 kan
729 722 94 26 åberopa
838 720 67 21 andra

79 750 90 21 länders
188 750 129 26 erfarenhet,
333 750 90 21 emedan
439 750 75 28 hvarje
528 750 84 21 nations
628 750 57 20 olika
696 749 158 29 bildningsgrad
866 748 38 22 och

79 779 110 27 folklynne
213 780 68 20 måste
301 781 60 25 tagas
377 779 6 20 i
401 778 143 22 betraktande
561 779 38 21 och
617 778 40 21 den
674 778 35 27 lag
723 786 45 14 som
785 779 40 20 kan
842 784 62 14 anses

79 807 66 28 riktig
167 808 34 20 för
223 809 31 19 ett
272 807 44 21 folk
332 807 116 27 ingalunda
463 807 87 21 derföre
566 809 23 19 är
605 807 42 21 lika
663 806 65 28 riktig
743 808 32 20 för
791 809 31 19 ett
833 808 72 20 annat.

149 835 57 21 Herr
222 836 159 26 Ehrnrooth,
397 836 72 20 Carl:
485 836 43 27 Jag
543 836 54 21 skall
610 836 64 27 bjuda
685 836 30 20 till
727 836 47 20 att
772 830 12 38 i
787 836 69 20 denna
866 834 39 21 sak

78 864 56 21 hålla
144 864 149 22 diskussionen
305 865 85 27 nykter,
401 864 25 21 fri
438 864 45 21 från
496 865 86 27 passion
593 865 40 20 och
645 864 117 22 öfverdrift.
772 864 43 28 Jag
825 864 39 21 ber
874 864 32 20 att

80 892 28 26 få,
124 895 45 19 mot
185 900 25 13 en
227 893 130 27 föregående
372 893 75 26 talare,
465 894 63 20 hvars
548 893 138 27 andragande
701 893 82 21 kanske
796 892 48 22 icke
857 892 49 28 fyllt

80 921 41 21 alla
137 921 27 21 de
175 922 93 27 anspråk
280 928 43 14 som
333 922 39 27 jag
382 922 5 20 i
400 922 60 20 detta
471 922 102 20 afseende
585 922 49 20 ville
645 921 66 28 derpå
723 922 68 26 ställa,
803 920 103 22 anmärka

80 950 6 19 i
103 950 60 27 fråga
175 956 33 14 om
221 950 113 20 tillåtelsen
347 950 33 20 för
391 950 112 21 städernas
515 950 139 21 handelsmän
666 952 33 18 att
709 950 50 20 idka
769 949 76 21 handel
857 948 49 21 med

80 978 89 21 bränvin
180 978 7 20 i
198 978 63 27 parti,
272 981 31 18 att
315 978 26 21 dä
352 978 41 21 han
404 979 85 27 yttrade
501 981 33 18 att
544 979 125 26 derigenom
680 985 52 14 vore
741 977 115 28 medgifvet
865 977 41 20 till-

79 1006 62 21 stånd
158 1007 31 20 till
200 1006 126 28 försäljning
337 1007 23 20 af
367 1007 88 20 bränvin
467 1007 6 20 i
485 1007 76 28 hvarje
570 1007 139 26 handelsbod,
718 1007 35 20 det
762 1013 37 14 var
808 1005 97 28 oriktigt.

81 1034 124 21 Utskottets
227 1035 80 28 förslag
323 1035 117 21 innehåller
456 1037 32 19 att
504 1035 78 22 handel
598 1035 48 21 med
664 1035 87 21 bränvin
767 1035 6 20 i
789 1034 81 29 partier
886 1034 22 21 af

81 1064 65 20 minst
162 1064 41 20 100
219 1063 82 21 kannor
324 1063 69 21 skulle
404 1064 22 21 få
437 1064 38 21 ske
491 1064 47 21 från
555 1064 86 27 upplag.
658 1064 47 21 icke
717 1064 45 21 från
774 1063 131 21 brännerier.

79 1091 56 22 Från
148 1094 31 19 ett
190 1091 80 28 upplag
281 1092 63 27 säljes
355 1093 68 20 under
433 1093 157 20 kontrollörens
600 1092 87 28 uppsigt
695 1093 87 20 alldeles
791 1093 70 20 såsom
871 1091 34 21 vid

80 1120 268 28 bränvinstillverkningen
365 1121 39 21 och
421 1121 22 20 af
457 1121 113 21 städernas
587 1121 150 21 destillatörer.
768 1121 43 20 Det
825 1120 39 21 har
876 1119 30 21 äf-

80 1155 41 14 ven
141 1149 110 21 anmärkts
272 1149 22 20 af
311 1156 26 14 en
353 1151 112 19 reservant
481 1150 6 20 i
504 1150 113 25 utskottet,
633 1151 32 19 att
681 1156 26 14 en
723 1149 66 21 sådan
805 1148 101 21 tillåtelse

80 1184 50 14 vore
146 1180 33 18 att
194 1177 39 20 hos
248 1177 68 21 folket
331 1178 58 27 gifva
405 1178 42 21 fart
463 1179 22 20 åt
501 1179 97 26 superiet
614 1178 39 21 och
669 1179 22 20 åt
707 1178 91 21 handeln
810 1177 48 21 med
870 1177 36 20 det

77 1205 135 28 insmuglade
229 1206 119 27 bränvinet,
364 1213 49 14 men
425 1207 24 20 så
460 1207 34 20 väl
506 1207 41 20 den
559 1207 64 20 ärade
635 1209 137 18 reservanten
784 1213 45 14 som
841 1205 66 21 också

79 1234 41 21 den
136 1234 68 21 talare
221 1241 44 14 som
283 1237 106 25 upprepat
405 1235 52 20 hans
474 1235 119 27 påstående
609 1235 44 25 har,
671 1235 70 21 såvidt
753 1236 38 27 jag
806 1235 42 20 kan
864 1234 42 20 för-

80 1263 41 26 stå,
144 1263 48 20 icke
214 1263 57 27 gjort
291 1263 32 28 sig
342 1263 77 21 mödan
436 1266 33 18 att
485 1264 75 20 anföra
576 1263 47 21 skäl
639 1264 32 20 för
687 1263 36 21 sitt
740 1263 128 28 påstående;
884 1265 23 24 ty

80 1298 35 14 om
137 1291 98 27 bränvin,
258 1291 81 21 hvilket
362 1292 33 20 för
417 1299 26 14 en
467 1292 152 21 handelsmans
646 1292 91 27 räkning
762 1291 114 22 inkommit
899 1290 7 21 i

79 1319 126 28 nederlaget
228 1320 39 21 och
286 1319 37 21 der
339 1321 112 27 mottagits
467 1321 49 20 med
532 1321 145 26 förpassning,
693 1327 33 14 om
743 1320 59 21 detta
817 1319 89 22 bränvin

78 1349 42 20 kan
143 1348 63 21 hafva
229 1355 70 14 annan
322 1348 138 28 tillverkning
483 1350 26 19 än
533 1349 66 27 laglig
614 1349 55 20 finsk
686 1350 23 19 så
724 1349 67 20 finnes
807 1349 37 20 det
858 1347 49 21 icke

77 1377 70 27 någon
168 1376 101 21 säkerhet
287 1377 33 20 för
339 1379 32 18 att
394 1377 48 20 icke
458 1377 37 20 allt
512 1377 90 21 bränvin
619 1384 44 14 som
680 1377 64 28 säljes
759 1378 38 20 hos
813 1376 95 22 destilla-

77 1406 86 20 törerne
180 1405 37 20 har
236 1407 31 18 ett
282 1405 133 21 fremmande
434 1413 114 20 ursprung.
584 1407 46 19 Men
647 1413 34 14 om
696 1413 26 14 en
734 1406 117 21 kontrollör
862 1411 46 14 som

76 1433 39 21 har
130 1435 32 19 ett
178 1433 95 27 magasin
290 1433 67 21 under
380 1435 37 19 sitt
432 1434 31 20 läs
479 1434 52 20 ochs
541 1441 33 14 om
586 1436 24 19 är
619 1434 85 28 skyldig
719 1436 32 19 att
766 1434 35 21 vid
816 1435 93 25 mottag-

76 1462 82 26 gandet
180 1462 24 20 af
224 1461 113 21 bränvinet
367 1462 122 20 undersöka
513 1469 79 14 varans
609 1463 148 20 beskaffenhet
780 1465 22 18 sä
823 1463 33 20 väl
877 1461 32 20 till

75 1490 86 27 gradtal
183 1496 45 14 som
253 1490 71 27 också,
340 1490 70 21 sävidt
433 1490 36 20 det
485 1491 33 27 sig
534 1492 52 27 göra
601 1491 61 25 låter,
673 1491 93 27 granska
780 1489 122 31 förpassnin
