1109 1739
250 98 41 21 282
574 97 39 16 Den
626 97 11 16 8
648 97 49 16 Juni.

221 155 64 20 hafva
300 155 33 20 för
348 155 63 20 detta
426 153 98 20 ändamål
540 153 107 26 åtskilliga
663 153 137 27 synpunkter
815 153 124 27 äsidosatts,
956 161 44 12 som
1012 154 39 20 lik-

223 184 32 20 väl
279 183 65 21 borde
367 183 6 20 i
395 188 26 14 en
440 181 34 27 lag
494 181 23 20 af
531 181 70 20 denna
617 181 150 21 beskaffenhet
783 181 153 28 tillvaratagas.
968 181 41 21 Till
1025 189 25 13 en

223 212 74 27 början
314 212 70 19 finner
398 210 38 27 jag
451 213 32 18 att
499 209 40 21 den
557 209 77 27 nådiga
650 210 161 27 propositionen
824 210 81 21 lemnat
916 210 70 21 oklart
997 211 54 20 huru

223 240 40 21 den
280 239 147 25 förmonsrätt,
444 245 45 14 som
506 238 129 21 tillkommer
651 237 277 28 obligationsinnehafvare,
946 239 52 20 skall
1014 240 37 26 gö-

224 275 33 14 ras
280 267 107 29 gällande,
412 267 54 20 huru
488 267 6 20 i
516 266 116 21 allmänhet
655 268 60 25 taget
740 267 133 26 proceduren
897 267 33 20 för
953 267 98 28 tillgodo-

223 297 94 27 görande
341 296 22 20 af
386 295 69 20 denna
477 295 148 25 förmonsrätt,
648 301 52 14 vare
723 295 33 26 sig
776 295 33 20 för
824 295 227 28 obligationsinnehaf-

223 331 51 15 vare
295 325 51 20 eller
361 323 75 25 andra,
453 324 52 20 skall
523 323 72 20 blifva.
626 322 34 21 Då
676 322 36 21 det
728 323 64 20 likväl
809 323 5 20 i
831 324 103 21 afseende
949 325 13 20 å
977 324 74 27 hvarje

223 353 114 28 rättighets
358 352 186 27 tillgodogörande
563 353 24 18 är
603 351 23 20 af
639 352 81 19 största
737 351 44 27 vigt
797 354 32 18 att
846 352 77 27 tydligt
940 353 38 20 och
995 353 56 20 klart

225 382 134 25 bestämmes,
387 381 54 20 huru
464 380 131 27 rättigheten
618 379 53 20 skall
689 381 63 26 göras
768 380 99 27 gällande
884 382 25 26 på
928 381 122 27 processuel

225 411 46 26 väg,
287 416 64 20 synes
370 409 44 27 mig
429 409 59 20 detta
506 415 50 14 vara
573 415 26 13 en
615 407 66 26 brist;
694 408 39 27 jag
749 408 40 21 kan
807 409 107 27 nemligen
930 409 48 21 icke
994 409 57 21 finna

224 440 31 18 att
272 438 76 26 nådiga
364 437 153 27 förordningen
534 436 23 20 af
570 436 41 20 den
626 436 27 20 23
670 436 44 20 Juli
731 436 54 20 1868
801 437 113 27 angående
925 438 127 26 försäljning

223 466 23 20 af
267 466 42 20 fast
332 465 113 27 egendom,
469 472 45 13 som
534 464 33 21 för
586 464 50 27 gäld
651 466 24 18 är
691 466 65 25 tagen
772 464 5 20 i
796 466 50 24 mät,
864 465 68 21 skulle
948 473 40 19 ega
1003 466 48 20 full-

225 494 85 27 ständig
325 494 39 20 och
381 493 47 21 klar
444 493 134 28 tillämpning
594 493 27 26 på
636 492 165 28 ifrågavarande
816 493 43 20 fall.
893 493 77 21 Vidare
982 495 22 19 är
1015 494 37 20 det

226 523 42 27 mig
291 522 70 21 oklart
385 522 56 20 hvad
464 528 45 14 som
531 522 38 20 har
585 523 90 22 menats,
693 521 26 21 då
735 521 36 20 det
787 522 62 20 heter
865 524 32 18 att
913 522 137 27 obligations-

225 551 137 21 innehafvare
387 550 54 20 skall
465 550 61 20 hafva
546 550 141 20 förmonsrätt
707 549 89 21 framför
812 550 92 27 tidigare
922 557 82 14 vunnen
1022 550 29 21 in-

226 580 101 26 teckning
342 580 7 20 i
364 579 42 20 den
422 578 33 21 för
468 578 130 28 jernvägens
615 578 66 20 behof
695 578 169 27 exproprierade
881 579 111 27 egendom.
1013 579 39 21 Ett

225 607 166 28 exproprieradt
414 607 85 21 område
523 606 86 27 frångår
632 606 48 20 icke
703 613 78 20 egaren
801 607 74 20 förrän
892 608 158 26 löseskillingen

215 638 34 19 -är
273 636 90 27 betalad,
389 635 40 21 och
451 635 79 27 nådiga
546 634 153 27 förordningen
721 635 22 20 af
759 635 41 21 den
817 636 27 20 12
859 636 121 20 December
998 636 54 21 1864

225 664 111 28 angående
351 664 162 27 expropriation
526 664 24 20 af
563 664 42 20 fast
621 664 106 26 egendom
743 663 33 21 för
792 664 108 21 allmänna
916 664 65 20 behof
996 664 56 20 visar

226 693 152 28 uttryckligen,
402 694 31 19 att
456 692 241 26 inteckningshafvaren
721 698 52 20 eger
788 693 53 26 göra
861 693 32 20 sin
913 693 139 20 förmonsrätt

225 722 98 27 gällande
338 722 31 20 till
386 720 69 21 denna
471 720 139 27 löseskilling.
642 720 39 20 Att
698 720 270 27 obligationsinnehafvare
983 721 69 20 skulle

227 750 80 21 erhålla
323 750 139 21 förmonsrätt
477 749 89 20 framför
582 748 62 21 desse
660 748 227 28 inteckningshafvare
903 750 41 20 kan
956 749 96 27 omöjligt

227 786 52 14 vara
301 779 120 26 meningen,
453 778 48 20 Men
523 777 56 21 hvad
599 778 24 19 är
643 776 36 21 det
695 776 27 21 dä
737 784 45 13 som
800 784 72 14 menas
890 778 47 20 med
953 780 31 18 att
1000 778 52 20 obli-

226 806 225 29 gationsinnehafvare
474 805 68 21 skulle
567 806 63 20 hafva
654 805 81 20 förmon
757 806 89 20 framför
865 806 90 27 tidigare
971 806 80 21 inteek-

227 836 61 27 ning;
304 836 60 20 detta
380 835 41 21 kan
435 835 38 27 jag
489 834 32 20 för
538 834 42 20 min
597 834 32 20 del
646 833 48 21 icke
710 833 73 21 förstå.
815 834 33 20 De
864 835 90 27 tidigare
970 834 81 22 inteck-

227 864 190 28 ningshafvarenes
433 864 96 26 panträtt
545 863 117 20 försvunne
679 869 77 20 genom
767 863 285 27 expropriationsätgärden,

227 892 108 21 hvarefter
358 892 27 20 de
408 898 39 20 ega
470 891 83 21 bevaka
576 891 32 20 sin
630 892 42 19 rätt
693 890 30 21 till
743 891 166 27 löseskillingen,
926 892 39 20 och
982 892 69 27 nägon

227 921 126 27 inteckning
376 920 65 20 sedan
457 920 55 20 efter
528 919 278 27 expropriationsätgärden
824 920 42 20 kan
882 920 47 20 icke
946 920 84 20 komma
1046 920 5 20 i

227 950 67 27 fråga,
311 950 71 19 förrän
399 948 296 27 obligationsinnehafvarens
711 949 50 25 rätt,
778 948 138 27 hvarigenom
934 948 46 21 hela
994 949 58 26 jern-

228 978 161 27 vägsföretaget
405 977 52 20 skall
475 976 66 21 blifva
557 976 90 27 möjligt,
663 976 101 20 inträder.
796 976 70 21 Dessa
877 978 37 19 äro
926 977 25 20 de
962 977 90 20 hufvud-

227 1007 82 26 sakliga
331 1005 171 28 betänkligheter
526 1006 44 19 mot
593 1004 120 27 detaljerna
733 1005 23 20 af
771 1004 105 28 förslaget
892 1012 53 18 som,
962 1005 33 20 vid
1012 1005 39 21 den

228 1033 190 30 uppmärksamhet
431 1034 37 27 jag
484 1033 45 20 haft
545 1033 30 20 tid
593 1040 55 19 egna
664 1033 73 25 saken,
754 1033 63 20 hafva
827 1033 116 21 framställt
954 1034 38 27 sig,
1004 1041 48 14 men

229 1063 204 26 Ofverhufvudtaget
453 1069 64 20 synes
538 1061 43 28 mig
597 1061 131 27 riktigheten
745 1061 22 21 af
782 1061 47 21 hela
845 1062 40 20 den
902 1062 89 27 princip,
1007 1069 45 14 som

228 1092 69 27 ligger
312 1091 30 21 till
363 1091 69 27 grund
447 1091 33 20 för
496 1091 41 20 den
553 1090 78 27 nådiga
648 1090 167 27 propositionen,
831 1097 52 14 vara
898 1091 82 27 ganska
996 1098 57 21 myc-

229 1121 38 20 ket
282 1119 73 22 tvifvel
372 1119 154 21 underkastad.
558 1119 49 20 Man
623 1118 40 21 har
678 1118 70 21 anfört
763 1121 33 18 att
811 1118 27 21 de
853 1119 63 20 flesta
932 1119 66 21 andra
1010 1120 42 27 lag-

228 1149 123 27 stiftningar
366 1148 58 27 gifva
439 1147 82 21 tillfälle
538 1147 21 20 ät
575 1146 140 21 innehafvare
731 1147 21 20 af
763 1147 142 27 obligationer
916 1148 13 20 å
940 1148 40 25 län,
992 1148 62 21 hvar-

228 1177 83 29 igenom
328 1179 31 19 ett
373 1176 188 28 jernvägsföretag
577 1176 41 20 kan
635 1175 85 21 komma
736 1176 31 20 till
782 1176 69 25 ständ,
868 1178 32 19 att
916 1176 80 21 erhälla
1012 1177 41 26 pri-

228 1207 119 20 oritetsrätt
370 1205 31 20 till
421 1205 131 27 jernvägens
574 1204 113 27 egendom.
717 1204 43 28 Jag
775 1205 69 22 måste
860 1205 95 20 erkänna
970 1207 32 19 att
1016 1206 38 27 jag

229 1235 47 21 icke
292 1241 50 20 eger
357 1233 125 28 fullständig
497 1233 122 22 kännedom
636 1239 34 14 om
687 1233 26 20 de
723 1233 133 21 fremmande
867 1233 187 28 lagstiftningarne

228 1264 6 20 i
257 1263 60 21 detta
332 1265 73 24 ämne;
424 1262 38 27 jag
482 1261 40 21 har
542 1261 66 21 likväl
624 1261 57 26 sökt,
698 1262 22 20 sä
736 1261 52 28 godt
803 1262 59 21 tiden
878 1262 118 27 medgifvit,
1012 1263 42 20 för-

228 1292 68 21 skaffa
312 1292 42 27 mig
370 1291 69 20 denna
456 1289 128 26 kännedom,
601 1289 102 22 särskildt
719 1290 55 21 hvad
791 1290 101 21 beträffar
908 1292 47 19 vårt
971 1293 83 19 närma-

229 1323 32 18 ste
285 1319 119 28 grannland
421 1319 97 26 Sverige,
535 1325 46 14 som
603 1319 5 20 i
623 1318 193 28 lagstiftningsväg
833 1319 82 27 bygger
932 1320 26 27 på
974 1327 80 13 samma

228 1349 69 28 grund
320 1355 44 14 som
390 1348 25 21 vi.
448 1347 43 21 Det
514 1347 69 20 finnes
607 1347 126 27 visserligen
757 1349 32 18 ett
810 1347 79 28 förslag
905 1348 23 20 af
941 1348 113 27 riksdagen

229 1379 62 24 1869,
300 1380 31 18 att
339 1379 70 19 staten
419 1376 33 21 för
464 1375 185 28 försträckningar
661 1375 31 20 till
704 1375 95 21 enskilda
809 1376 167 28 jernvägsbolag
986 1377 69 20 skulle

229 1407 80 21 erhålla
330 1406 147 25 förmonsrätt,
498 1404 39 21 och
559 1404 61 21 torde
637 1405 74 20 derom
727 1405 68 20 finnas
810 1405 70 26 någon
898 1405 70 28 kongl.
985 1406 70 27 maj:ts

229 1435 123 25 resolution,
379 1441 43 14 som
445 1433 38 28 jag
503 1433 47 20 icke
575 1433 54 20 varit
652 1433 6 20 i
675 1433 81 20 tillfälle
772 1434 31 19 att
819 1435 49 25 taga
885 1433 119 22 kännedom
1021 1441 34 14 om

229 1476 27 4 —
272 1465 6 19 i
301 1464 104 20 allmänna
428 1461 258 28 författningssamlingen
703 1461 68 21 finnes
787 1461 40 21 den
847 1462 49 20 icke
911 1474 28 4 —
955 1469 46 14 men
1018 1463 37 21 det

229 1494 57 22 inges
309 1492 39 22 lätt
371 1493 31 20 att
426 1491 70 21 denna
520 1490 142 21 förmonsrätt
681 1490 34 20 för
731 1492 70 19 staten
817 1490 69 22 hvilar
902 1492 27 26 på
944 1498 26 14 en
986 1498 69 15 annan
