1109 1739
422 133 38 16 Den
474 133 21 16 12
508 132 48 17 Juni.
836 133 40 20 383

75 193 37 21 det
135 192 23 20 är
182 189 87 29 mycket
292 188 94 26 osäkert,
410 187 105 21 huruvida
537 187 64 21 Hans
623 188 102 28 Majestät
740 188 41 21 kan
798 190 105 21 stadfästa

76 220 128 22 ständernas
228 217 71 21 beslut
318 217 91 20 rörande
425 223 28 14 nu
468 217 167 26 ifrågavarande
652 217 121 27 bevillning.
803 217 45 21 Det
864 218 38 20 har

75 249 86 21 derföre
177 249 60 25 synts
254 246 43 27 mig
313 245 132 27 lämpligare,
461 251 34 14 om
512 245 25 20 de
553 245 143 27 stadganden,
712 252 45 13 som
773 245 85 21 finnas
851 241 12 36 i
875 247 25 26 $$

75 279 13 20 9
104 277 40 20 och
168 276 34 25 35,
218 274 68 21 skulle
302 274 80 27 utgjort
403 276 32 17 ett
451 273 101 20 särskildt
568 273 77 28 tillägg
660 273 33 20 för
709 273 32 27 sig
757 274 38 20 och
812 274 90 21 kommit

75 307 7 20 i
98 304 156 26 sammanhang
277 302 50 21 med
350 302 36 20 det
408 302 81 27 tillägg,
508 308 45 13 som
573 301 70 21 finnes
659 302 8 27 i
681 301 65 21 slutet
762 302 23 21 af
798 302 103 28 förslaget

75 334 32 21 till
123 331 229 28 bevillningsstadgan,
369 332 27 25 på
411 330 37 20 det
465 329 60 21 Hans
544 329 105 27 Majestät
665 330 65 21 sedan
748 331 65 20 måtte
830 331 72 21 kunna

76 362 82 21 förfara
173 361 56 20 efter
243 359 155 28 godtfinnande
415 358 57 21 såväl
489 358 49 20 med
553 358 104 21 afseende
668 359 11 20 å
691 358 26 21 de
729 359 104 21 allmänna
846 360 55 20 stad-

76 397 68 21 garne
160 396 45 14 som
222 388 40 21 den
279 394 28 14 nu
324 386 163 28 ifrågavarande
499 387 186 27 sjöfartsafgiften.
711 387 73 27 Enligt
795 388 42 20 min
847 389 55 26 äsigt

77 419 67 21 borde
168 417 85 21 derföre
269 416 147 20 betänkandet
431 415 172 20 återremitteras
620 415 30 20 till
667 415 235 27 bevillningsutskottet

76 448 34 20 för
131 448 32 19 att
187 445 38 21 der
248 444 97 26 undergå
361 444 40 20 den
418 443 91 27 ändring
524 443 6 20 i
546 443 181 28 uppställningen,
743 450 45 14 som
804 445 6 19 i
826 445 76 20 sådant

77 475 102 21 afseende
195 480 51 14 vore
262 472 70 27 nödig.

146 502 101 22 Friherre
265 501 84 27 Boije:
366 500 34 21 Då
415 500 99 28 samtliga
530 499 93 21 stånden
639 500 88 21 beslutit
749 501 63 27 åtaga
828 501 32 27 sig
876 508 25 14 en

77 532 126 26 bevillning,
221 537 44 14 som
281 529 68 21 under
365 536 63 13 namn
449 530 22 19 af
485 528 206 28 sjöfartsbevillning
707 528 84 22 komme
805 532 31 18 att
852 531 50 26 utgå

77 562 6 20 i
100 560 95 28 enlighet
210 559 48 21 med
275 558 56 20 hvad
347 557 164 21 statsutskottet
526 556 113 28 föreslagit
655 558 38 20 och
710 558 66 27 enligt
791 558 41 20 den
847 558 55 21 före-

78 590 71 25 skrift,
174 595 45 14 som
243 586 236 27 bevillningsutskottet
495 586 41 20 fått
552 585 32 27 sig
601 585 25 21 af
639 586 122 26 ständerna,
777 587 23 20 sä
816 586 39 21 har
870 589 32 18 ut-

78 619 83 20 skottet
176 616 48 21 icke
240 616 82 20 kunnat
338 617 65 18 annat
419 616 26 18 än
462 614 72 28 intaga
550 614 130 27 stadgandet
695 614 6 20 i
718 614 36 21 det
765 614 80 28 kapitel
857 622 45 14 som

79 646 89 22 handlar
183 652 34 13 om
233 643 116 21 föremälen
365 643 34 20 för
415 642 123 28 bevillning,
554 642 53 21 eller
623 643 36 20 det
674 643 67 20 första
750 643 96 27 kapitlet.
870 644 33 22 De

78 676 70 20 första
171 672 152 30 paragraferna
347 671 77 21 handla
443 678 34 13 om
494 671 39 21 den
550 678 53 14 rena
618 671 246 27 inkomstbevillningen,
880 674 23 20 sä

79 704 99 20 kommer
200 704 61 18 extra
285 700 145 27 bevillningen
453 700 34 20 för
507 700 26 25 öl,
550 700 57 24 kort,
623 706 26 14 m.
667 707 34 16 m.,
717 700 39 20 och
772 700 27 21 dä
814 707 38 13 var
868 700 36 22 det

80 732 103 26 naturligt
199 732 32 19 att
247 732 94 24 upptaga
357 728 164 28 ifrägavarande
537 728 160 21 ständerbeslut
713 729 69 20 säsom
799 729 53 21 sistä
867 736 36 20 pa-

80 760 100 28 ragrafen
197 759 6 21 i
220 758 96 28 kapitlet.
347 757 121 26 Utskottet,
485 763 45 14 som
546 756 99 21 deremot
660 757 47 21 icke
719 757 77 25 kunde,
808 758 26 20 dä
846 759 57 20 stad-

80 796 41 20 gan
138 788 70 28 gällde
223 787 53 21 ifrän
294 786 62 24 1873,
373 786 27 26 pä
415 785 60 21 detta
491 785 61 21 ställe
568 787 115 19 omnämna
696 786 125 20 ständernas
834 786 70 22 beslut

80 820 32 18 att
126 816 80 29 jemväl
222 816 33 20 för
271 816 54 20 1872
349 814 206 28 sjöfartsbevillning
572 814 66 21 borde
653 814 108 28 uppbäras
778 814 39 21 och
833 815 49 29 ingä
897 816 7 21 i

80 846 144 26 bevillningen
241 844 47 21 med
304 843 75 27 afdrag
395 842 22 21 af
431 842 26 21 de
479 843 75 25 15,000
569 843 69 25 mark,
655 850 45 13 som
716 843 81 21 äterstä
812 843 24 21 af
849 834 54 40 Öre-

81 874 122 24 sunds-tull,
220 873 44 25 har,
280 872 70 20 säsom
367 878 72 21 synes,
455 871 31 21 till
502 871 53 21 allra
570 871 39 21 sist
626 872 98 27 upptagit
739 873 31 19 ett
785 872 118 27 stadgande

81 903 81 21 derom.
193 902 66 20 Detta
282 900 30 21 till
337 900 120 26 förklaring
473 899 86 21 hvarför
574 900 107 20 utskottet
697 902 71 18 ansett
783 900 32 27 sig
831 900 51 22 böra
898 902 6 20 i

81 932 66 20 skildt
162 930 117 27 stadgande
295 929 74 26 intaga
385 928 94 21 beslutet
491 935 33 13 om
536 928 240 27 sjöfartsbevillningen,
787 929 40 21 och
836 930 68 20 skulle

78 961 39 27 jag
132 959 28 28 på
176 959 79 20 sådana
271 957 94 28 grunder
381 956 100 26 vidhålla,
497 959 33 18 att
544 956 109 21 utskottet
668 957 84 20 förfarit
767 957 66 28 enligt
849 958 55 21 före-

80 989 70 20 skrift.

150 1015 58 22 Herr
225 1015 146 20 Molander:
388 1013 44 21 Det
448 1014 23 20 är
487 1014 54 20 visst
557 1016 70 24 sannt,
643 1015 32 19 att
689 1013 68 21 första
772 1014 91 27 kapitlet
874 1015 30 20 in-

81 1045 96 21 nehåller
199 1043 117 22 föremålen
340 1043 33 20 för
397 1042 123 28 bevillning,
536 1042 108 28 nemligen
663 1042 6 20 i
685 1042 68 21 första
777 1043 128 27 paragrafen

82 1074 41 21 den
140 1080 53 14 rena
207 1072 120 21 inkomsten
345 1071 39 21 och
400 1071 6 20 i
423 1071 25 27 $$
465 1071 12 20 7
494 1071 39 20 och
550 1071 12 20 8
579 1071 107 27 åtskilliga
695 1071 94 25 föremål,
801 1078 46 14 som
858 1071 47 21 icke

81 1102 115 27 lämpligen
213 1101 70 20 kunna
301 1100 99 21 hänföras
416 1099 32 21 till
464 1100 68 20 första
547 1100 135 27 paragrafen,
699 1106 47 14 men
760 1100 38 27 jag
807 1100 34 20 vill
853 1107 52 21 upp-

81 1138 53 20 repa
158 1132 32 19 att
205 1130 40 20 den
269 1129 84 28 pålaga,
377 1128 89 21 hvarom
482 1135 29 14 nu
528 1129 24 19 är
567 1127 68 28 fråga,
650 1129 64 26 utgör
729 1135 26 14 en
771 1128 134 21 tullbeskatt-

81 1160 59 27 ning,
156 1165 34 14 om
214 1158 85 21 hvilken
320 1157 67 27 enligt
402 1157 85 20 landets
504 1157 128 27 författning
647 1157 37 20 det
699 1157 130 20 tillkommer
845 1157 61 21 Hans

82 1189 103 26 Majestät
201 1187 68 20 allena
284 1188 33 19 att
332 1185 109 26 förordna,
457 1185 101 21 hvarföre
571 1185 46 28 jag,
634 1185 75 20 liksom
724 1185 37 27 jag
775 1186 68 20 under
859 1185 47 21 hela

82 1216 157 27 behandlingen
263 1215 22 20 af
307 1214 60 21 detta
391 1214 80 21 ärende
493 1214 48 21 icke
558 1213 83 21 kunnat
655 1213 114 28 godkänna
785 1213 26 21 de
827 1214 79 27 åsigter

82 1246 39 20 och
138 1245 77 24 beslut,
232 1251 45 14 som
292 1243 71 21 blifvit
378 1242 92 21 rörende
487 1242 120 21 detsamma
623 1242 88 27 fattade,
728 1241 37 22 allt
775 1242 131 21 fortfarande

82 1273 105 22 vidhåller
202 1273 48 20 mitt
265 1279 27 14 nu
309 1271 75 28 gjorda
400 1271 87 27 förslag.

152 1302 101 20 Friherre
269 1299 154 22 Cronstedt:
439 1299 43 28 Jag
499 1299 37 21 ber
552 1301 31 18 att
599 1299 22 21 få
631 1299 84 21 biträda
726 1299 49 20 herr
786 1299 120 22 Molanders

83 1331 63 28 åsigt,
162 1333 32 18 att
210 1330 25 27 $$
251 1330 12 19 9
280 1329 38 20 och
335 1329 27 20 35
379 1328 67 21 borde
462 1329 77 26 utgöra
556 1330 31 18 ett
603 1328 101 21 särskildt
719 1328 80 27 tillägg.

152 1359 63 20 Efter
237 1357 87 21 härmed
341 1357 93 20 afslutad
451 1357 122 20 diskussion
590 1357 132 27 uppställdes
738 1357 56 26 uppä
809 1356 99 21 anhällan

83 1388 23 21 af
120 1387 50 21 herr
186 1387 110 20 Molander
313 1385 132 28 proposition
463 1386 28 27 pä
507 1392 26 13 en
550 1385 56 28 gäng
623 1392 33 14 om
672 1385 120 27 antagande
808 1385 23 21 af
844 1386 13 20 9
868 1385 40 21 och

83 1417 27 20 35
127 1417 26 27 $$
170 1417 23 19 sä
208 1415 101 28 lydande:

153 1443 146 27 ,,Godkänner
322 1443 154 26 ridderskapet
499 1442 40 21 och
563 1441 62 22 adeln
646 1442 25 27 88
695 1443 12 20 9
731 1441 38 22 och
792 1442 27 20 35
836 1442 23 20 af
873 1442 36 21 be-

84 1472 219 28 viliningsutskottets
318 1471 167 27 ifrågavarande
501 1470 137 21 betänkande
654 1470 171 21 oförändrade?'*

153 1517 12 9 »
168 1500 82 22 Vinner
266 1500 41 27 nej,
323 1499 81 21 införas
420 1498 27 22 de
462 1500 7 20 i
485 1498 92 22 berörde
592 1499 127 27 paragrafer
730 1501 111 25 upptagna
852 1498 57 20 stad-

84 1529 85 27 ganden
192 1530 69 20 såsom
285 1530 31 19 ett
339 1527 102 22 särskildt
464 1534 64 14 mom.
552 1528 6 20 i
579 1527 228 28 bevillningsstadgan,
824 1526 28 28 pä
866 1528 44 20 sätt
