1109 1739
472 93 40 16 Den
525 93 21 16 31
561 93 44 20 Maj.
890 93 36 21 151

129 150 71 26 gäras,
216 149 55 20 helst
287 155 33 14 om
337 149 70 21 dertill
424 149 97 20 kommer
537 151 33 18 ett
586 149 75 27 anslag
677 149 33 21 för
725 149 165 21 instrumentala
899 151 58 26 jern-

130 177 245 28 vägsundersökningar.

200 205 57 21 Herr
275 205 144 22 Molander:
439 205 58 21 Herr
515 205 126 21 Ehrnrooth
661 205 39 22 har
720 206 5 20 i
745 206 68 20 första
836 206 81 21 hälften
933 207 26 20 af

130 235 37 20 sitt
188 234 137 27 andragande
344 234 42 21 fört
405 233 150 22 diskussionen
573 234 31 21 till
625 234 42 21 den
683 235 24 20 af
721 233 163 22 statsutskottet
902 235 53 21 före-

130 263 75 27 slagna
221 263 282 20 kommunikationsfonden.
519 262 44 28 Jag
579 262 76 21 trodde
671 265 32 18 att
719 263 74 28 frågan
811 269 34 14 om
861 263 96 22 kommau-

132 291 198 21 nikationsfondens
346 291 118 21 inkomster
483 291 69 21 skulle
570 292 87 19 komma
672 291 53 26 före,
741 291 27 21 dä
784 292 173 21 statsutskottets

131 320 137 21 betänkande
279 327 34 13 n:o
326 321 25 20 10
363 319 84 21 komme
459 319 31 21 till
502 320 131 26 diskussion,
645 327 49 14 men
705 320 28 20 dä
743 321 60 26 fräga
814 320 69 21 blifvit
894 321 63 20 väekt

132 355 33 14 om
185 348 70 21 denna
275 349 50 20 fond
345 348 38 21 och
403 348 48 20 dess
467 348 128 25 inkomster,
611 348 70 21 skulle
695 349 37 27 jag
748 348 51 28 vilja
814 349 66 21 ocksä
894 349 6 21 i
916 349 40 21 den

132 377 61 20 delen
213 378 52 26 göra
289 377 65 27 nägra
375 377 168 27 anmärkningar
563 379 44 18 mot
623 377 175 20 statsutskottets
814 377 142 22 betänkande.

132 405 168 21 Statsutskottet
316 406 38 20 har
369 405 112 26 beräknat,
498 408 32 17 att
539 405 289 21 kommunikationsfondens
840 406 118 21 inkomster

134 434 68 20 skulle
218 433 73 21 kunna
313 434 65 20 redan
394 433 54 21 ifrän
465 433 40 21 och
522 433 49 21 med
588 433 147 21 innevarande
751 434 23 20 är
789 434 48 20 med
856 434 101 21 säkerhet

132 464 90 28 antagas
239 462 61 21 bestå
309 462 23 21 af
341 462 96 27 anslaget
448 462 33 20 för
492 462 333 21 kommunikationsanstalterna
836 463 46 21 från
892 462 66 21 brän-

133 491 141 27 vinsskatten,
284 490 119 28 utgörande
417 490 112 26 1,800,000
541 490 68 27 mark,
621 490 39 21 och
671 491 40 20 den
720 492 26 26 pä
753 491 205 21 finskastatsverket

133 520 32 26 sig
176 519 120 27 belöpande
307 519 91 21 andelen
409 519 23 20 af
441 519 202 21 trafik-intraderna
653 519 46 21 från
712 519 31 21 S:t
751 519 206 29 Petersburg—Rii-

133 548 79 20 himäki
229 548 98 27 jernväg,
348 548 91 26 600,000
459 548 67 26 mark,
544 554 49 14 men
607 548 38 27 jag
661 548 55 26 ville,
732 548 76 20 liksom
824 548 49 20 herr
888 548 69 21 Ehrn-

134 576 62 21 rooth
211 577 64 26 gjort,
291 576 56 21 fästa
362 576 193 28 uppmärksamhet
572 576 73 28 derpä,
662 578 38 24 att,
717 577 26 27 pä
759 578 42 20 sätt
817 576 7 21 i
839 576 118 21 relationen

134 612 34 14 om
185 604 188 22 bränvinsskatten
389 605 78 27 tydligt
483 606 23 19 är
522 604 130 27 framhället,
665 605 180 21 bränvinsfonden
857 604 54 22 hade
922 605 35 21 vid

136 634 54 21 1870
209 634 35 20 års
263 634 81 26 utgång
363 640 25 14 en
407 633 63 21 skuld
486 634 23 20 af
523 634 114 24 2,338,083
654 634 61 20 mark
731 634 30 20 till
778 633 132 21 statsverket
925 634 33 20 för

133 662 122 26 förskjutna
278 662 123 20 annuiteter
424 662 33 20 för
480 662 142 27 erlangerska
638 662 64 26 länet,
718 662 39 20 och
781 662 26 20 dä
823 668 48 14 man
886 662 71 20 härtill

134 690 73 28 lägger
223 690 150 21 annuiteterna
388 690 33 21 för
438 691 60 25 1871,
515 691 25 20 sä
557 690 40 21 blir
613 690 36 21 det
665 690 92 21 förskott
773 697 45 14 som
827 690 131 21 statsverket

134 719 58 27 gjort
207 719 112 26 3,445,874
336 719 66 21 mark.
433 718 32 22 På
481 720 43 19 sätt
541 719 67 21 kändt
624 720 24 19 är
664 719 39 21 och
719 720 69 20 såsom
805 719 65 21 också
885 725 25 14 ur
925 726 32 13 re-

134 748 94 20 lationen
244 748 100 26 framgär,
360 747 68 21 skulle
445 754 24 14 en
487 747 92 21 särskild
589 748 64 27 nädig
664 748 133 27 proposition
808 747 91 21 rörande
911 746 46 22 des-

134 783 23 13 sa
173 776 119 20 förskotter
315 776 85 21 komma
416 778 31 18 att
463 775 77 21 aflätas
561 776 30 20 till
611 776 70 20 denna
696 776 110 28 landtdag.
836 775 32 21 En
892 775 65 21 sädan

135 804 133 28 proposition
285 804 38 21 har
339 804 118 21 emellertid
473 804 49 21 icke
540 804 70 21 blifvit
625 805 86 26 afläten,
727 805 24 20 sä
761 806 30 19 att
802 803 28 22 H.
845 804 28 21 K.
884 803 74 29 Maj:ts

133 833 79 27 nådiga
235 832 51 28 vilja
309 833 47 21 icke
380 834 23 20 är
419 833 63 26 känd,
499 840 49 13 men
565 833 7 20 i
588 833 41 20 alla
644 832 37 21 fall
701 833 82 21 utvisar
800 832 108 28 kalkylen,
927 834 31 19 att

134 862 132 20 statsverket
282 862 38 20 har
335 861 110 28 förskjutit
460 862 6 20 i
482 862 125 20 annuiteter
623 862 112 25 3,445,874
751 861 67 26 mark,
834 860 72 21 hvilka
922 868 36 13 an-

134 890 93 20 nuiteter
243 890 67 27 enligt
325 890 128 21 ständernas
468 890 72 20 beslut
557 890 54 20 hade
628 890 49 20 bort
692 890 51 27 utgä
753 890 46 20 frän
811 889 147 21 bränvinsfon-

135 918 48 26 den,
203 918 39 21 och
262 918 180 22 bränvinsfonden
462 918 37 21 har
519 918 86 21 säledes
625 918 132 21 fortfarande
773 918 32 20 sin
821 917 62 21 skuld
899 924 59 21 gvar.

135 947 140 20 Beträffande
294 946 25 21 de
338 947 123 27 päräknade
481 947 128 20 intraderna
629 947 47 20 frän
703 947 31 20 S:t
752 945 206 28 Petersburg—Rii-

135 975 79 20 himäki
230 975 98 27 jernväg,
349 975 72 21 kunna
441 975 26 21 de
490 975 49 20 icke
560 975 67 20 heller
645 975 114 27 rätteligen
783 974 105 21 beräknas
907 981 51 14 vara

136 1003 119 28 disponibla
275 1003 50 21 med
340 1004 59 20 detta
415 1004 34 20 ärs
465 1003 85 28 början,
567 1004 98 25 emedan,
682 1004 69 20 säsom
766 1002 67 21 kändt
849 1004 30 24 är,
895 1004 63 19 stats-

136 1032 82 26 verket,
238 1032 33 20 för
290 1034 31 19 att
336 1032 107 21 fullborda
456 1032 243 27 jernvägsbyggnaden,
716 1033 81 26 upptog
813 1033 31 19 ett
859 1031 34 20 län
910 1031 23 20 af
946 1031 13 20 4

135 1061 99 27 miljoner
254 1060 67 25 mark,
341 1061 27 26 pä
386 1061 82 20 hvilket
491 1061 136 20 statsverket
642 1060 39 21 har
697 1061 80 20 betalat
792 1062 33 18 tre
841 1059 34 21 ärs
891 1060 68 25 ränta,

135 1089 82 20 hvilket
233 1090 63 27 utgör
312 1089 91 26 576,000
422 1089 67 20 mark.
506 1089 83 21 Likasä
605 1089 38 21 har
659 1089 132 21 statsverket
806 1088 28 27 pä
849 1087 61 22 detta
925 1087 34 21 län

135 1117 90 21 afbetalt
242 1118 9 19 1
269 1118 80 27 miljon,
365 1117 48 21 utaf
427 1117 86 21 hvilken
530 1117 56 21 blott
602 1117 80 21 hälften
698 1117 94 21 erhällits
803 1117 24 20 af
836 1117 123 20 äterstoden

135 1146 23 20 af
167 1146 67 27 sagde
250 1146 41 26 län,
307 1153 48 14 men
372 1146 41 21 den
429 1147 67 20 andra
512 1146 83 21 bälften
612 1146 69 21 blifvit
696 1146 118 27 tillskjuten
831 1145 23 20 af
861 1146 98 19 statsme-

135 1175 41 23 del,
195 1175 24 20 sä
237 1176 32 19 att
287 1175 132 20 statsverket
443 1175 76 21 inalles
544 1175 38 20 här
601 1181 52 21 eger
668 1181 26 14 en
710 1174 85 21 fordran
812 1173 23 21 af
850 1173 110 26 1,076,000

135 1202 68 21 mark.
234 1203 34 21 Då
288 1203 27 20 H.
331 1202 28 21 K.
379 1203 63 28 Maj:t
460 1203 6 20 i
486 1203 80 28 nådiga
586 1203 161 28 propositionen
767 1209 34 14 om
820 1201 65 22 väckt
901 1201 60 28 fråga

135 1231 111 27 angående
269 1232 200 27 stasjernvägarnes
492 1231 130 28 försäljning
645 1232 38 20 har
702 1231 113 25 förklarat;
831 1231 32 20 att
878 1229 82 22 inkom-

135 1262 48 18 sten
205 1259 23 21 af
243 1260 120 28 jernvägen
379 1261 75 20 främst
471 1260 71 21 skulle
559 1261 108 20 användas
683 1262 32 19 att
731 1259 70 22 betala
824 1258 37 21 det
883 1258 77 27 ifräga-

136 1288 93 21 varande
247 1288 174 27 läneförskottet,
440 1295 64 21 synes
524 1289 65 20 deraf
606 1288 89 28 framgä,
719 1290 32 19 att
775 1294 48 15 man
847 1287 48 21 icke
918 1287 42 20 kan

135 1319 77 25 genast
228 1317 115 27 disponera
359 1317 51 21 eller
426 1317 96 21 beräkna
534 1317 35 20 för
581 1315 276 22 kommunikationsfonden
879 1314 81 21 inkom-

136 1347 47 19 sten
203 1346 46 20 frän
266 1346 126 27 jernvägen,
411 1346 132 21 ätminstone
562 1345 48 22 icke
630 1346 48 20 frän
697 1345 40 21 och
753 1344 49 21 med
817 1343 144 22 innevarande

136 1375 30 25 är,
182 1374 40 21 och
239 1374 70 21 dertill
326 1375 96 20 kommer
437 1374 137 27 ytterligare,
591 1376 32 19 att
638 1374 31 21 uti
685 1373 144 21 innevarande
843 1373 35 20 års
898 1372 63 32 stats-

134 1402 83 27 förslag
240 1403 24 20 är
287 1405 110 25 upptagen
422 1409 25 14 en
467 1402 97 21 inkomst
586 1403 23 20 af
630 1403 113 25 2,650,000
761 1401 39 22 och
817 1407 27 14 en
859 1399 67 28 utgift
941 1399 23 20 af

136 1431 113 26 2,391,000
268 1431 71 26 mark;
357 1431 37 21 det
413 1433 24 18 är
455 1431 176 27 approximativa
646 1431 71 20 siffror
735 1430 83 26 endast,
834 1435 49 14 men
898 1429 64 19 stats-

137 1459 75 21 vorket
235 1459 38 21 har
297 1459 38 21 der
350 1459 106 27 päräknat
477 1466 27 14 en
527 1459 96 21 inkomst
646 1459 23 21 af
686 1459 91 26 259,000
793 1457 67 21 mark.
891 1456 71 20 Dessa

136 1487 71 21 siffror
223 1487 35 21 vill
272 1488 37 26 jag
325 1488 76 20 endast
417 1488 75 20 anföra
507 1488 52 20 med
574 1487 117 28 anledning
705 1486 62 22 deraf
780 1488 32 20 att
823 1483 140 23 statsutskot-
