1109 1739
246 109 41 21 320
565 106 40 18 Den
619 108 21 16 10
653 107 48 18 Juni.

1005 133 16 15 o

225 165 34 21 för
274 167 31 19 att
321 163 107 28 befrämja
443 163 65 27 nägot
524 163 87 28 partielt
625 163 94 21 intresse
734 163 28 27 pä
773 163 36 21 det
820 163 120 22 allmännas
950 165 99 21 kostnad.

223 194 42 27 Jag
285 193 35 22 vill
340 193 34 20 för
395 191 64 28 öfrigt
474 191 49 20 icke
538 192 103 27 pätvinga
657 191 67 21 andra
740 192 42 20 min
799 192 157 29 öfvertygelse;
973 193 37 22 det
1025 195 24 20 är

222 222 84 21 kanske
322 221 43 21 min
382 220 111 27 oförmåga
508 222 32 18 att
557 221 57 20 sätta
629 220 45 27 mig
689 220 21 20 in
726 220 7 20 i
749 221 78 25 ämnet,
845 228 46 14 som
907 223 45 26 gör,
969 224 32 19 att
1009 223 40 27 jag
1072 219 2 3 -

222 257 63 14 anser
304 249 121 26 betänkligt
443 250 32 19 att
493 249 29 26 gä
541 248 21 21 in
579 249 27 26 pä
621 248 62 21 detta
698 248 126 28 lagförslag;
842 256 48 14 men
904 251 39 27 jag
958 250 38 21 har
1012 257 36 14 ve-

221 279 30 20 lat
274 278 63 21 hafva
360 277 34 21 till
411 276 131 27 protokollet
561 276 132 21 anteeknadt
713 277 48 20 mitt
775 280 75 18 votum
866 278 40 20 och
922 278 125 29 derigenom

221 307 140 27 undandraga
377 305 43 27 mig
436 305 45 20 frän
497 307 102 18 ansvaret
614 305 33 20 för
663 305 113 20 stiftandet
791 305 24 21 af
829 313 26 14 en
872 306 65 21 sädan
954 307 41 28 lag.

290 334 57 21 Herr
362 333 158 22 Edelsköld:
541 333 44 20 Det
601 339 72 22 synes,
689 340 46 13 som
751 340 34 14 om
801 333 51 22 herr
867 334 95 29 Pipping
978 335 69 22 skulle

221 362 138 22 missförstätt
375 362 49 21 mitt
439 361 102 28 yttrande
561 361 44 21 helt
619 361 40 22 och
676 361 72 21 hället.
775 361 42 28 Jag
832 363 96 28 föreslog
943 364 55 26 icke,
1014 365 33 20 att

223 398 49 14 man
295 391 48 21 icke
366 390 70 21 skulle
455 392 79 25 antaga
553 389 154 26 betänkandet,
727 391 51 20 utan
792 391 39 27 jag
846 391 102 28 föreslog,
963 394 32 19 att
1010 392 37 21 det

223 419 70 21 skulle
316 421 91 25 antagas
429 425 47 13 men
501 418 74 20 dervid
598 418 61 26 fogas
680 420 31 18 ett
731 418 162 28 önskningsmäl
912 427 34 13 om
969 422 33 18 att
1016 427 30 21 ny

224 448 133 28 proposition
383 446 68 21 skulle
469 446 122 28 föreläggas
606 448 63 19 nästa
683 446 110 28 landtdag,
808 447 41 21 och
864 449 32 19 att
912 448 33 20 för
959 448 86 21 utarbe-

221 477 76 20 tandet
319 476 23 20 af
362 475 61 21 detta
445 474 80 28 förslag
544 474 70 21 skulle
634 474 103 21 tillsättas
753 482 26 14 en
795 475 89 27 komit6,
900 475 64 22 bland
980 476 64 22 hvars

221 504 118 22 ledamöter
361 504 68 21 ocksä
451 502 69 22 skulle
542 502 50 28 ingä
610 502 112 28 praktiske
743 503 139 21 stockflötare
902 504 39 20 och
956 504 86 28 insigts-

221 533 52 21 fulle
293 532 151 28 jordbrukare,
467 531 40 21 och
529 533 32 19 att
583 531 168 27 författningens
769 532 123 28 antagande
912 532 47 22 icke
974 533 70 21 skulle

222 562 64 26 göras
309 560 108 22 beroende
439 561 52 19 utan
512 561 91 25 antagas
619 559 147 28 ovilkorligen.
796 560 35 28 Ty
847 567 34 14 om
898 560 40 22 den
954 563 90 26 antages

222 590 55 20 blott
299 589 32 21 för
349 590 59 20 vissa
427 588 30 25 är,
473 588 71 20 blefve
561 588 40 20 den
618 588 63 20 ställd
697 588 90 20 likasom
802 589 28 27 pä
846 590 141 27 uppsägning,
1004 590 39 21 och

221 618 60 21 detta
303 616 130 22 förminskar
455 616 74 27 lagens
552 616 109 20 anseende
677 616 41 21 och
738 616 73 28 helgd;
833 617 42 21 den
892 618 39 20 bör
946 620 96 26 antagas,

222 646 43 21 tills
288 646 49 21 dess
360 646 42 20 den
425 645 6 21 i
454 644 48 28 laga
526 644 93 28 ordning
642 644 42 21 kan
703 644 66 21 blifva
788 645 123 21 förändrad.
942 646 47 21 Här
1004 646 39 22 har

223 675 86 28 mycket
330 674 73 21 ordats
422 680 33 14 om
471 673 41 21 den
529 675 58 19 stora
603 672 70 22 vädan
689 672 24 21 af
725 674 32 20 att
773 675 79 26 antaga
867 674 118 21 utskottets
1000 675 43 21 för-

225 704 46 27 slag
287 702 39 22 och
341 704 27 20 de
384 702 90 28 grufliga
489 701 36 27 fel,
540 708 46 14 som
603 701 36 21 det
655 701 124 27 innehåller,
794 708 49 14 men
860 702 33 26 de,
909 709 45 15 som
970 704 24 20 sä
1009 710 33 14 or-

223 732 44 26 dat,
283 731 64 21 hafva
361 731 128 21 försummat
504 731 32 19 att
551 730 92 27 uppvisa
658 729 27 21 de
695 729 67 27 felen;
773 730 97 21 enskilda
881 730 79 22 brister
969 731 74 21 kunna

221 760 139 24 förekomma,
385 765 48 14 men
456 759 24 20 sä
502 758 105 27 ofantliga
629 758 29 20 fel
678 758 40 20 och
734 760 58 19 stora
808 758 86 28 brister,
910 766 46 14 som
972 760 69 21 skulle

221 788 67 21 strida
308 790 58 19 emot
386 786 128 28 föregående
534 786 143 28 lagstiftning,
694 793 45 14 som
755 786 62 22 desse
833 787 69 21 talare
916 788 72 27 tyckts
1003 795 37 14 an-

221 816 59 28 tyda,
295 816 68 21 finnas
380 816 38 20 här
433 815 109 21 bestämdt
557 815 55 21 icke.
643 816 122 24 Dessutom,
781 822 33 14 om
826 822 50 14 man
887 815 48 21 icke
946 823 25 13 en
984 816 56 28 gäng

221 846 39 26 gör
280 845 74 27 början
373 843 49 22 med
442 845 32 19 att
491 845 80 25 antaga
587 850 26 14 en
629 843 36 27 lag
679 843 7 21 i
701 843 60 21 detta
777 844 69 26 ämne,
862 844 42 20 kan
920 845 70 27 nägon
1007 852 33 14 er-

219 873 99 21 farenhet
339 872 50 22 icke
409 872 84 26 vinnas;
514 871 41 21 den
575 872 76 20 vinnes
671 872 46 27 just
733 871 124 28 derigenom
873 874 31 19 att
920 872 70 22 denna
1005 873 35 28 lag

220 901 113 28 tillämpas,
351 900 40 22 och
408 900 23 21 sä
445 900 62 20 torde
522 900 65 20 hafva
603 900 78 27 tillgått
700 900 3 20 i
718 900 77 27 många
809 900 68 21 andra
887 900 37 21 fall
935 902 26 19 än
972 901 67 21 detta.

220 930 42 27 Jag
285 930 68 20 skulle
376 928 84 21 derföre
482 928 27 21 be
532 930 33 19 att
583 928 22 21 fä
623 929 98 26 motsäga
741 928 54 25 dem,
811 936 47 13 som
874 929 51 27 vilja
940 929 44 21 helt
999 930 41 20 och

220 957 65 22 hället
308 958 96 20 förkasta
423 956 110 27 förslaget,
555 963 49 14 men
621 956 66 27 begär
703 957 84 20 likvisst
802 957 50 20 dess
867 957 123 21 äterremiss
1006 957 33 22 för

221 985 90 28 ändring
325 986 7 20 i
347 987 68 25 nägra
429 984 97 22 enskilda
542 984 67 26 delar,
625 991 46 14 som
688 985 37 20 här
740 985 133 21 framhällits.

289 1014 57 21 Herr
365 1013 122 28 Pipping,
506 1012 80 21 Knut:
602 1013 70 20 Bland
688 1013 26 20 de
730 1013 53 26 skäl,
798 1013 51 21 herr
864 1013 122 22 Ehrnrooth
1003 1021 36 14 an-

219 1043 43 21 fört
277 1044 45 21 mot
341 1044 32 19 ett
388 1041 124 28 utgifvande
527 1041 22 21 af
564 1041 71 21 denna
650 1041 35 28 lag
701 1042 32 20 för
748 1042 100 27 flottning
864 1043 23 20 af
900 1042 138 27 skogsalster,

219 1071 62 21 anför
296 1071 40 20 han
353 1071 43 24 det,
411 1072 32 19 att
455 1070 146 27 jordegarene
617 1069 70 21 skulle
702 1070 42 21 lida
759 1070 77 21 förlust
851 1070 40 21 och
902 1071 60 20 anför
974 1071 65 21 skildt

219 1099 172 28 uppdämningar
412 1099 27 27 pä
460 1099 63 20 deras
542 1098 61 28 gods.
634 1097 51 22 Men
705 1098 60 21 detta
780 1100 23 19 är
817 1099 24 27 ju
857 1099 48 21 icke
920 1099 66 28 något
1001 1107 37 13 un-

219 1128 80 27 dantag
318 1128 32 21 för
370 1127 100 27 flottning
489 1127 77 27 allena,
579 1126 144 28 jordegarene
739 1129 36 18 äro
791 1127 55 21 efter
862 1129 37 19 vär
915 1129 123 20 nuvarande

219 1156 209 28 expropriationslag
443 1155 99 28 skyldige
558 1157 33 19 att
606 1155 43 20 låta
665 1155 38 21 sitt
718 1155 97 21 enskilda
829 1156 93 21 intresse
938 1156 50 21 vika
1006 1157 33 20 för

219 1185 36 20 det
278 1184 118 27 allmänna;
419 1184 90 21 likasom
528 1183 43 21 han
591 1184 69 20 mäste
675 1184 89 27 uppläta
779 1184 32 20 sin
825 1184 50 27 jord
891 1184 34 21 för
940 1191 26 14 en
980 1185 58 27 jern-

218 1215 48 26 väg,
289 1213 68 21 måste
377 1213 41 20 han
438 1213 89 27 upplåta
542 1211 70 22 farled
627 1212 34 21 för
677 1212 169 28 stockflottning,
863 1213 40 20 och
916 1213 38 28 jag
968 1213 70 21 finner

218 1241 48 22 icke
289 1241 68 22 denna
377 1241 35 27 lag
431 1248 52 14 vara
503 1242 67 19 annat
585 1242 27 19 än
628 1247 26 14 en
670 1241 122 27 nödvändig
807 1241 137 28 konsegvens
960 1241 22 21 af
996 1241 42 22 den

218 1270 101 27 stegrade
335 1269 144 29 sägindustrin
495 1269 40 21 och
551 1269 24 21 af
589 1269 26 21 de
631 1270 70 20 större
716 1269 150 26 dimensioner,
880 1270 158 21 stockflottnin-

217 1305 42 21 gen
281 1299 54 26 tagit
355 1299 7 20 i
382 1299 47 20 vårt
443 1297 59 28 land;
520 1297 87 22 alldeles
625 1298 29 27 pä
670 1304 81 14 samma
767 1299 43 19 sätt
827 1305 46 14 som
890 1305 26 14 en
930 1298 54 21 skild
1000 1305 38 14 ex-

217 1327 182 27 propriationslag
416 1326 68 21 mäste
500 1325 70 28 gifvas
585 1328 31 24 ut,
632 1326 27 21 dä
673 1326 116 27 jernvägar
803 1326 90 27 började
909 1326 89 28 byggas,
1014 1327 24 21 sä

217 1356 69 20 måste
303 1356 65 20 också
383 1361 25 14 en
424 1354 149 28 flottningslag
588 1361 29 14 nu
633 1357 96 25 antagas.
759 1354 52 21 Icke
827 1355 39 20 har
882 1355 36 20 det
929 1355 54 20 varit
994 1355 43 20 min

217 1383 92 28 mening,
325 1384 71 21 såsom
411 1383 50 21 herr
476 1383 153 28 Montgomery
645 1383 71 26 fattat,
731 1384 32 19 att
778 1383 20 20 vi
812 1389 29 14 nu
852 1383 69 20 skulle
933 1383 104 27 upptäckt

217 1414 32 19 att
270 1419 26 14 en
320 1412 35 27 lag
378 1412 67 21 måste
468 1411 70 28 gifvas
556 1413 24 19 ut
598 1411 33 21 för
647 1411 60 21 detta
722 1411 46 26 fall;
785 1417 33 14 om
832 1411 39 28 jag
886 1411 38 20 har
939 1412 98 27 uttryckt

217 1441 44 27 mig
279 1441 31 25 sä,
332 1441 39 20 har
391 1441 38 26 jag
445 1440 132 21 åtminstone
592 1439 48 21 icke
657 1439 62 21 tänkt
734 1439 29 27 sä,
778 1446 50 14 men
843 1439 35 22 väl
894 1441 44 19 tror
951 1439 39 28 jag
1005 1442 32 19 att

215 1476 50 14 man
281 1475 28 14 nu
325 1468 104 28 upptäcki
444 1469 27 20 de
486 1468 155 28 specialiteter,
658 1475 46 13 som
720 1467 7 21 i
742 1475 27 13 en
784 1467 66 21 sådan
861 1468 35 27 lag
907 1468 69 21 måste
987 1468 50 49 ingä

216 1498 31 20 till
269 1497 53 28 följd
344 1497 24 22 af
384 1496 27 22 de
428 1496 129 22 förändrade
573 1496 156 26 förhållanden,
745 1502 46 15 som
806 1496 105 28 uppstått,
927 1496 67 22 sedan
1024 1503 12 15 de
