1109 1739
442 95 40 17 Den
495 98 20 15 31
532 96 41 21 Maj.
865 97 39 19 119

104 153 24 20 af
141 153 188 20 domareembeten
347 152 138 21 tillerkändes
505 153 113 20 enahanda
635 153 136 27 befogenhet,
787 159 44 14 som
849 159 27 14 nu
892 153 40 20 till-

105 181 96 20 kommer
217 181 116 27 kejserliga
349 183 101 19 senatens
467 181 245 28 justitiedepartement,
731 188 48 13 men
795 181 20 28 ej
831 181 55 27 egde
902 183 32 18 att

104 209 48 21 med
171 209 102 28 styrelse-
293 209 42 22 och
355 209 215 28 regeringsätgärder
589 210 7 21 i
612 209 65 28 öfrigt
697 211 50 26 taga
767 216 69 14 annan
856 209 76 21 befatt-

104 237 64 29 ning"
184 240 41 19 etc.

173 266 59 21 Ifrån
250 267 177 27 borgareständet
445 267 148 21 meddelande:

173 297 33 19 att
220 295 86 21 ståndet
318 295 95 21 beslutat
424 295 39 22 hos
474 295 62 21 Hans
548 295 103 28 Majestät
661 295 84 21 anmäla
757 302 32 14 om
803 295 129 28 behöflighe-

104 325 36 19 ten
156 324 24 20 af
193 323 141 28 landtdagens
349 324 142 27 förlängande
507 324 31 21 till
555 324 42 21 den
615 325 25 20 15
653 324 144 21 instundande
807 325 59 26 Juni;
877 326 55 19 samt

174 355 32 18 att
222 352 86 21 ståndet
324 353 48 20 med
389 353 104 20 särskilda
508 353 115 28 ändringar
633 352 112 28 godkändt
756 353 176 21 bankutskottets

106 381 135 21 betänkande
257 381 6 20 i
282 381 115 28 anledning
417 381 24 21 af
457 381 36 21 det
517 381 48 21 utaf
589 381 127 21 ständernas
739 381 193 27 bankfullmäktige

106 409 121 28 uppgjorda
243 409 80 28 förslag
339 410 31 20 till
387 410 133 26 reglemente
535 410 33 21 för
583 409 104 22 Finlands
703 409 64 22 bank.

175 438 58 21 Ifrån
250 438 159 21 bondeståndet
424 438 219 28 tillkännagifvande:

175 469 32 19 att
222 466 87 22 ståndet
331 467 126 27 genomgått
473 467 41 21 och
531 466 104 28 granskat
658 468 56 19 samt
731 466 48 22 med
799 467 67 27 några
880 466 52 21 änd-

106 495 72 28 ringar
193 496 97 27 godkänt
305 495 201 28 sjölagsutskottets
521 495 138 21 betänkande
674 496 111 26 angående
801 495 36 21 det
852 494 81 28 förslag

106 523 30 21 till
152 524 125 28 förordning
293 531 34 14 om
343 524 165 28 sjömanshusen
524 524 6 21 i
546 524 81 27 landet,
643 530 46 14 som
700 524 85 27 åtföljer
796 523 78 28 nådiga
884 530 48 21 pro-

106 553 122 26 positionen
245 552 111 28 angående
372 560 29 20 ny
417 553 69 27 sjölag
501 553 34 20 för
551 552 98 27 Finland;
666 554 55 19 samt

176 583 32 19 att
224 581 86 21 ståndet
329 581 105 21 likaledes
456 581 99 27 godkänt
577 588 82 14 samma
677 581 96 21 utskotts
796 580 136 21 betänkande

106 609 6 21 i
128 610 115 27 anledning
258 610 23 20 af
295 610 36 20 det
347 610 132 21 sistnämnda
495 610 76 27 nådiga
593 609 161 28 propositionen
775 609 101 28 bifogade
891 609 41 21 för-

106 638 46 28 slag
167 638 32 20 till
215 638 135 28 matordning
365 639 28 26 på
408 638 69 21 finska
493 638 168 28 handelsfartyg.

175 666 104 28 Samtliga
297 667 64 21 dessa
378 666 200 29 protokollsutdrag
601 666 78 25 blefvo,
703 667 69 20 såsom
795 666 49 21 icke
860 666 72 27 påkal-

106 694 62 22 lande
185 696 69 27 någon
269 695 76 29 åtgärd
360 696 54 20 ifrån
431 695 162 28 ridderskapets
609 695 40 21 och
664 694 75 23 adelns
754 694 53 26 sida,
820 694 64 28 lagda
902 694 30 21 till

106 723 161 28 handlingarna.

175 780 58 22 Herr
248 781 197 21 landtmarskalken
466 781 148 27 tillkännagaf,
630 782 32 20 att
678 780 34 21 vid
728 781 45 20 före
792 780 140 21 sammanträ-
954 797 2 2 .

106 809 37 21 det
158 809 69 21 hällen
244 810 208 20 talmanskouferens
471 809 36 21 det
524 810 69 20 blifvit
611 809 114 25 bestämdt,
745 811 31 19 att
791 809 141 20 sammanträ-

106 838 40 20 den
162 838 69 21 under
246 838 177 21 nästkommande
440 838 68 21 vecka
524 838 69 21 skulle
609 838 67 20 hällas
692 838 39 20 alla
748 837 73 27 dagar,
836 844 48 14 men
900 838 32 19 att

106 866 91 21 ständen
213 866 54 21 först
283 866 28 22 kl.
329 867 23 21 11
370 866 69 22 skulle
455 866 160 21 sammanträda
629 866 33 21 för
678 868 32 19 att
725 868 32 19 ait
767 866 71 20 lemna
848 865 83 21 utskot-

106 896 37 20 ten
158 895 32 21 tid
205 895 34 21 för
254 896 63 20 deras
332 895 317 28 semmanjemkningsarbeten.

175 951 58 21 Herr
249 952 122 28 Pipping,
388 952 109 27 Fridolf,
514 952 144 27 tillkännagaf
671 952 68 27 enligt
754 951 99 27 uppdrag
861 946 21 38 af
884 950 48 27 ju-

107 980 208 27 steringsutskottet,
331 983 32 18 att
378 981 246 27 expeditionsutskottet
643 982 88 25 uppsatt
750 979 40 21 och
804 979 128 28 justerings-
951 1000 3 3 .

107 1009 106 20 utskottet
228 1009 106 27 granskat
349 1009 94 28 följande
459 1009 81 28 förslag
555 1009 31 21 till
603 1008 243 27 ständerexpeditioner,
860 1007 73 20 nemli-

107 1043 53 21 gen:
177 1037 32 21 1:o
225 1037 80 28 förslag
321 1037 32 22 till
369 1037 143 28 underdänigt
528 1044 50 15 svar
592 1037 27 28 pä
629 1037 78 28 nädiga
721 1036 161 28 propositionen
897 1043 36 13 an-

106 1065 85 28 gående
207 1066 75 27 anslag
297 1066 23 21 af
333 1066 200 27 bevillningsmedel
548 1065 32 22 till
595 1073 27 13 en
637 1066 80 21 anstalt
727 1065 33 21 för
770 1065 114 21 klockares
894 1064 40 21 och

108 1094 132 27 oyganisters
263 1094 105 28 bildning;
384 1095 34 21 2:o
437 1095 82 27 förslag
538 1095 31 20 till
588 1094 142 27 underdånigt
750 1101 49 14 svar
815 1093 25 28 pä
857 1093 77 27 nådiga

108 1122 162 28 propositionen
293 1123 111 27 angående
426 1123 128 27 förändring
569 1123 23 20 af
606 1123 26 20 de
647 1122 49 22 med
716 1122 117 25 Kuusamo,
855 1121 80 21 Kuola-

106 1151 56 27 järvi
179 1151 38 21 och
234 1151 124 22 Kemiträsk
375 1151 121 22 sooknebor
512 1151 106 22 afslutade
634 1151 193 26 knektekontrakt;
844 1151 34 20 3:o
892 1150 42 21 för-

108 1179 47 28 slag
171 1179 31 21 till
218 1180 143 27 underdänigt
376 1187 50 14 svar
442 1180 27 27 pä
484 1180 79 27 nädiga
579 1180 161 28 propositionen
755 1179 113 28 angäende
883 1185 53 21 upp-

109 1207 107 22 häfvande
231 1209 24 20 af
267 1209 14 20 2
297 1209 12 27 8
324 1209 13 20 3
353 1209 49 27 kap.
420 1208 26 21 G.
461 1208 36 27 B.;
514 1211 56 18 samt
585 1208 99 27 slutligen
702 1209 34 20 4:o
751 1207 80 28 förslag
851 1207 31 21 till
898 1213 37 14 un-

108 1236 105 28 derdänig
236 1237 89 28 petition
349 1244 35 14 om
401 1237 94 21 revision
515 1237 23 21 af
554 1236 99 29 gällande
668 1236 133 28 stadganden
824 1235 112 28 angäende

110 1265 145 49 pjöldvarnar
269 1265 41 22 och
325 1265 134 28 stampverk,
470 1265 73 22 hvilka
552 1265 87 28 förslag,
649 1265 67 27 enligt
727 1265 127 21 ständernas
862 1265 74 20 derom

109 1293 82 21 fattade
207 1294 77 27 beslut,
299 1294 70 21 skulle
388 1294 67 21 hållas
474 1294 134 28 tillgängliga
623 1294 33 21 för
671 1294 102 21 ståndens
796 1293 140 21 medlemmar

108 1321 55 22 ifrån
179 1322 92 22 klockan
289 1323 25 20 12
330 1323 71 21 denna
416 1323 43 28 dag
474 1323 33 20 till
522 1322 92 22 klockan
632 1323 25 22 12
674 1322 123 29 påföljande
813 1321 49 28 dag.

179 1378 58 22 Herr
251 1379 198 22 landtmarskalken
466 1380 122 21 anmodade
603 1379 67 28 härpå
687 1379 86 22 ståndet
791 1380 32 20 att
843 1379 6 21 i
866 1377 73 22 stället

108 1407 34 21 för
157 1407 104 22 herrarne
277 1408 158 27 Ehrnrooth,
450 1408 107 27 Robert,
574 1408 87 21 Taube
677 1408 39 21 och
732 1415 47 14 von
791 1407 87 28 Trapp
890 1408 48 19 utse

109 1442 42 21 nye
166 1435 116 28 elektorer,
298 1437 51 28 med
363 1437 116 28 anledning
493 1437 79 21 hvaraf
585 1437 87 21 ståndet
687 1437 65 20 skred
768 1436 31 21 till
815 1435 72 29 dylikt
898 1434 40 25 val,

109 1464 90 21 hvarvid
209 1465 90 27 utsågos
310 1465 103 21 herrarne
424 1465 191 28 Pippingsköld
626 1465 49 21 med
690 1465 27 21 14
731 1467 56 19 samt
797 1462 142 23 Edelsköld

108 1492 40 21 och
164 1492 91 22 friherre
271 1493 74 22 Hisin
353 1500 44 21 ger
412 1493 110 22 hvardera
537 1493 50 21 med
602 1494 13 21 9
631 1488 76 27 röst&.
