1109 1739
251 109 42 22 236
571 107 40 17 Den
623 109 11 16 5
647 107 48 17 Juni.

223 167 92 20 stämma
328 164 31 22 uti
376 163 37 21 det
428 162 24 22 af
465 162 90 22 friherre
570 169 43 15 von
628 163 59 21 Born
704 163 81 28 afgifna
800 163 104 28 yttrande
915 164 135 22 beträffande

224 196 13 20 6
252 195 97 28 punkten
365 193 7 20 i
389 192 117 21 utskottets
522 191 87 27 förslag.

293 221 102 22 Friherre
416 227 46 14 von
483 219 80 22 Troil:
587 220 42 27 Jag
649 219 40 21 har
703 219 78 28 begärt
797 220 63 21 ordet
876 221 78 21 endast
969 221 34 21 för
1018 223 32 19 att

224 250 118 25 framhålla,
365 251 34 19 att
421 248 37 21 det
477 248 48 21 icke
541 247 56 22 varit
612 248 23 20 af
648 248 67 27 något
731 248 143 22 misstroende
889 245 60 25 emot
964 249 85 22 landets

224 279 79 28 högsta
325 277 102 22 tekniska
449 276 134 27 myndighet,
599 283 46 14 som
661 279 155 18 sammansatta
831 279 67 19 stats-
913 278 41 20 och
969 278 81 21 ekono-

224 307 137 22 miutskottet
377 304 111 28 föreslagit
504 305 71 20 denna
590 304 97 27 riktning
702 305 23 20 af
739 305 69 21 banan
825 305 32 21 till
872 305 118 28 Uleåborg.
1016 305 34 22 En

224 335 119 25 förmodan,
359 336 33 19 att
407 333 50 21 slikt
475 333 142 20 misstroende
633 333 70 20 skulle
719 333 38 20 hos
774 333 108 22 utskottet
898 334 113 27 existerat,
1026 336 24 19 är

225 365 24 20 så
271 363 86 28 mycket
381 369 60 14 mera
463 361 144 27 oberättigad,
629 367 48 14 som
697 361 170 28 öfverstyrelsen
882 362 49 21 icke
947 363 51 27 sjelf
1011 363 39 20 bar

225 392 119 21 undersökt
365 389 151 27 förhållandet,
539 391 52 19 utan
614 389 77 21 endast
714 389 55 22 efter
791 390 64 21 karta
874 391 103 27 uppgjort
996 391 54 21 hvar

225 421 43 21 den
290 421 72 20 ansett
385 418 135 28 lämpligaste
543 417 153 27 sträckningen
720 425 51 13 vara
794 418 34 20 för
848 419 72 24 linien,
936 419 40 20 och
995 419 56 21 efter

225 449 64 21 karta
311 448 41 20 kan
377 454 48 14 man
446 446 25 28 ju
491 446 68 27 draga
574 452 43 20 upp
633 452 27 14 en
676 445 50 21 linie
742 446 65 21 också
823 448 53 19 utan
892 447 42 20 alla
949 447 101 21 tekniska

225 476 130 27 kunskaper.
387 474 44 22 Det
447 476 23 19 är
486 474 55 21 blott
556 474 61 21 detta
629 474 40 28 jag
684 474 49 21 ville
748 474 58 21 fästa
824 474 118 28 höglofliga
952 476 98 20 ståndets

225 504 193 28 uppmärksamhet
433 502 41 21 vid.

295 532 57 22 Herr
371 538 49 15 von
435 528 146 24 Frenckell:
604 530 43 28 Jag
667 530 43 21 kan
728 530 33 21 för
776 531 43 21 min
836 530 34 22 del
886 531 48 21 icke
949 538 53 14 anse
1016 533 34 20 ut-

225 562 94 21 skottets
342 558 111 24 definition
475 566 35 14 om
529 559 57 21 hvad
602 565 49 15 man
667 559 78 21 förstår
761 560 48 20 med
825 566 27 21 en
868 560 115 21 stambana
998 567 52 14 vara

225 590 83 21 hållbar
323 590 40 20 och
379 595 64 15 anser
458 587 86 21 derföre
560 587 140 26 fortfarande,
712 590 31 18 att
753 585 65 23 linien
829 588 161 21 Åbo—Wiiala
1000 588 50 22 icke

226 619 43 21 kan
289 618 20 21 få
331 620 32 19 ett
387 616 75 22 sådant
485 622 74 20 namn;
581 622 27 14 en
631 616 121 25 stambana,
773 623 46 14 som
839 616 71 22 skulle
925 617 125 27 utmynna
1036 612 17 36 i

248 647 35 26 bo,
305 647 70 20 måste
397 645 34 21 väl
450 644 60 21 ledas
530 644 55 21 ifrån
601 643 117 21 Riihimäki
733 644 53 21 eller
801 645 88 21 trakten
905 645 145 27 deromkring,

226 676 28 27 på
277 676 43 20 sätt
339 674 50 21 herr
408 672 120 29 Pipping
507 668 23 39 -i
544 672 32 21 sin
593 672 133 22 reservation
741 672 123 22 framhållit.
895 673 44 21 För
954 675 32 19 att
1001 673 49 21 icke

226 702 122 28 onödigtvis
372 703 95 26 upptaga
490 701 117 27 höglofliga
629 700 150 28 ridderskapet
801 701 41 21 och
866 702 74 27 adelns
967 702 38 25 tid,
1026 702 24 20 så

226 732 40 27 ber
285 732 40 27 .jag
347 730 76 22 endast
445 732 32 18 att
497 729 7 21 i
519 730 81 20 största
616 728 89 22 korthet
719 729 7 21 i
741 730 42 20 allo
799 729 22 21 få
826 729 86 22 förena
927 730 28 20 mig
986 730 6 20 i
1008 729 42 22 den

227 760 23 21 af
264 760 49 21 herr
329 758 94 28 Pipping
438 760 45 19 mot
499 757 148 21 betänkandet
662 757 81 27 afgifna
758 758 141 27 reservation,
915 758 31 21 uti
957 733 93 57 Trdlkon

226 788 106 22 särskilde
349 788 22 20 af
386 788 118 20 utskottets
519 786 141 20 medlemmar
675 786 66 20 ocksä
756 786 64 21 hafva
836 786 86 21 förenat
937 787 39 27 sig.

295 816 101 21 Friherre
411 822 47 14 von
475 814 81 21 Troil:
573 814 49 21 Den
637 816 88 19 senaste
741 814 65 21 ärade
822 814 82 22 talaren
919 815 87 27 uppgaf,
1017 816 33 20 att

227 846 42 20 han
292 845 48 21 icke
363 844 40 21 kan
427 844 75 20 förena
524 842 34 28 sig
581 849 36 15 om
636 842 42 21 den
695 842 116 27 definition,
827 850 46 14 som
889 844 107 20 utskottet
1012 844 38 20 har

226 873 85 29 afgifvit
325 874 22 20 ät
367 872 62 21 ordet
444 871 120 21 stambana.
595 871 42 27 Jag
653 870 40 21 ber
708 873 32 19 att
755 871 22 21 fä
791 871 58 21 fästa
864 872 53 20 hans
933 872 116 28 uppmärk-

227 902 84 22 samhet
330 901 43 25 vid,
393 902 32 19 att
439 901 109 20 utskottet
563 899 88 21 alldeles
667 899 48 21 icke
731 899 113 21 definierat
859 900 63 21 ordet
937 900 113 22 stambana

227 933 51 19 utan
301 930 110 24 förklarat,
434 931 31 19 att
485 928 60 21 detta
561 929 24 19 är
601 929 34 23 ett
649 927 46 27 ord,
711 934 46 14 som
772 928 88 21 alldeles
876 928 47 21 icke
939 928 43 21 kan
998 928 52 22 defi-

227 959 78 24 nieras,
328 958 40 21 och
389 957 38 20 har
446 956 109 21 utskottet
570 956 83 21 således
670 956 93 21 bestämt
778 956 33 27 sig
826 956 23 21 af
864 957 44 20 helt
923 957 67 20 andra
1006 957 44 20 för-

227 986 120 26 hållanden,
370 987 27 20 än
420 985 56 20 hvad
497 991 46 14 som
567 985 24 20 är
613 985 53 20 eller
689 984 47 21 icke
756 985 23 20 är
798 985 119 26 stambana,
934 985 40 21 och
990 985 60 22 detta

227 1012 67 25 borde
309 1015 84 26 framgå
408 1013 78 28 tydligt
501 1013 33 21 för
550 1013 53 20 hvar
619 1013 39 20 och
675 1019 34 42 om
725 1019 44 14 som
785 1013 164 28 uppmärksamt
962 1020 88 21 genom-

227 1045 43 20 läst
292 1042 154 23 betänkandet.
476 1041 64 21 Hvad
561 1041 102 21 särskildt
706 1041 136 21 Abo—Wiiala
858 1042 65 21 linien.
939 1042 111 26 beträffar,

228 1073 31 24 så,
282 1079 35 14 om
339 1078 49 15 man
411 1070 137 21 abstraherar
569 1070 54 21 ifrån
643 1069 63 27 ordet
721 1069 119 26 stambana,
856 1071 24 20 är
895 1070 37 21 det
947 1070 103 28 temligen

227 1100 116 29 sjelffallet,
365 1101 34 19 att
421 1105 35 15 om
477 1105 27 14 en
524 1099 50 20 linie
589 1098 48 21 från
654 1097 142 22 Österbotten
812 1098 97 21 kommer
924 1101 32 18 att
972 1099 78 27 dragas

227 1129 72 26 nedät,
324 1129 96 20 kommer
442 1127 41 21 den
506 1129 32 18 att
562 1127 78 20 hamna
663 1127 36 20 vid
717 1133 26 14 en
759 1127 68 26 punkt
843 1127 27 27 pä
886 1127 63 21 södra
965 1127 85 26 kusten,

227 1158 41 21 och
283 1157 28 22 då
326 1158 23 20 är
365 1157 36 20 det
416 1155 35 22 väl
467 1155 76 22 endast
581 1155 27 21 Åbo
624 1155 56 26 stad,
696 1161 46 14 som
757 1157 24 19 är
797 1155 93 28 lämplig.
922 1156 43 21 Det
980 1157 25 19 är
1022 1155 28 28 pä

228 1187 65 21 dessa
307 1188 40 19 och
363 1185 27 21 de
405 1184 69 28 öfriga
489 1183 55 28 skäl,
560 1191 46 14 som
622 1184 6 20 i
641 1183 118 21 utskottets
771 1183 135 22 betänkande
917 1184 134 21 förekomma

227 1215 41 22 och
283 1221 46 14 som
345 1215 23 20 af
381 1213 151 27 ridderskapet
546 1212 41 25 och
603 1212 64 21 adeln
683 1212 35 21 vid
734 1212 157 28 behandlingen
907 1213 23 20 af
938 1211 113 22 allmänna

227 1243 208 22 besvärsutskottets
451 1241 136 22 betänkande
602 1241 7 20 i
625 1240 116 28 anledning
755 1241 23 21 af
791 1241 77 21 väckta
884 1241 117 28 petitioner
1016 1247 34 15 om

225 1270 260 30 jernvägsanläggningar
508 1269 71 22 blifvit
601 1269 122 28 godkända,
742 1276 45 14 som
800 1269 40 28 jag
855 1269 119 28 tillstyrker
990 1271 60 20 anta-

228 1300 81 29 gandet
324 1299 23 22 af
360 1299 117 21 utskottets
493 1297 139 22 betänkande
647 1297 8 21 i
670 1298 70 21 denna
755 1297 40 22 del.
991 1311 2 2 :

297 1328 102 21 Friherre
414 1334 47 14 von
477 1327 78 21 Born:
575 1326 34 21 Då
625 1326 50 21 herr
691 1326 104 28 Pippings
811 1327 134 21 reservation
961 1333 90 14 numera

228 1357 71 21 blifvit
321 1355 133 23 understödd
477 1355 23 21 af
518 1362 28 14 en
565 1355 96 21 ledamot
677 1355 55 21 inom
749 1355 86 22 ståndet
850 1355 40 21 och
907 1355 84 21 således
1006 1355 45 21 må-

228 1385 71 22 hända
321 1385 98 21 kommer
440 1383 70 22 under
528 1383 145 28 ompröfning,
693 1384 24 21 så
732 1390 63 14 anser
806 1383 40 28 jag
861 1383 43 28 mig
920 1384 60 26 böra,
996 1383 56 22 dock

228 1415 77 20 endast
321 1413 48 22 med
384 1413 67 28 några
465 1413 23 21 få
503 1412 46 27 ord,
565 1414 60 25 yttra
640 1412 44 21 min
699 1412 56 27 åsigt
765 1412 7 21 i
782 1412 74 21 saken.
886 1412 115 21 Utskottet
1011 1412 40 21 har

227 1442 130 28 fullkomligt
372 1443 44 20 rätt
430 1441 111 28 uppfattat
557 1440 169 26 förhållandena,
742 1440 27 21 dä
785 1440 36 21 det
836 1447 64 15 anser
915 1441 71 21 banan
997 1440 55 21 Wii-

228 1470 113 22 ala—Äbo
357 1476 52 15 vara
423 1476 27 15 en
466 1469 121 21 stambana.
618 1469 79 21 Denna
711 1469 56 27 åsigt
783 1469 95 21 dikteras
893 1469 39 21 hos
948 1469 44 27 mig
1002 1468 49 22 icke

229 1500 49 22 med
300 1498 103 23 särskildt
425 1498 103 22 afseende:
547 1498 30 28 på
595 1491 50 28 Åbo
662 1487 58 43 stads
733 1497 102 29 intresse,
846 1499 28 27 ty
890 1497 74 29 dylika
978 1497 74 28 frågor
