1109 1739
226 110 41 20 292
553 107 40 16 Den
607 108 9 16 8
629 107 49 17 Juni.

265 165 57 22 Herr
338 165 25 21 af
377 163 144 24 Forselles,
540 163 129 21 Lennart:
685 164 41 20 Det
742 164 24 20 är
781 163 77 22 endast
874 164 6 21 i
896 163 102 23 afseende
1014 165 12 20 å

197 194 57 22 hvad
277 195 49 20 herr
348 192 124 22 Ehrnrooth
493 194 76 25 yttrat,
589 194 32 19 att
636 191 105 22 förlusten
758 192 47 21 icke
821 199 53 14 vore
892 194 23 20 så
931 195 45 19 stor
991 200 35 14 om

200 224 20 20 vi
243 223 68 20 skulle
334 222 98 21 undvara
455 220 80 21 sådana
552 220 191 27 jernvägsföretag
758 227 45 14 som
820 221 27 21 de
864 221 72 21 hvilka
951 222 76 20 hittills

197 251 90 21 kommit
302 251 6 20 i
323 251 69 27 fråga,
409 256 45 13 som
468 249 38 27 jag
523 249 38 20 ber
577 251 32 18 att
627 248 20 21 få
662 249 69 20 uttala
747 249 42 20 min
805 249 64 28 åsigt,
885 252 33 19 att
934 250 92 21 orsaken

198 279 70 22 dertill
288 286 60 13 mera
367 277 64 22 torde
450 277 58 27 legat
523 277 6 20 i
546 278 66 19 sättet
628 277 33 20 för
676 276 170 23 koncessionens
861 278 121 27 beviljande
998 280 27 19 än

198 309 7 20 i
221 309 65 26 något
301 309 71 18 annat.
405 305 41 28 Jag
461 307 36 19 vet
513 305 48 21 icke
577 312 34 13 om
627 305 26 20 de
670 305 55 21 varit
740 305 6 21 i
762 305 83 22 tillfälle
856 309 32 18 att
898 307 65 27 gifva,
974 307 52 20 eller

198 338 31 19 att
253 335 47 20 dem
323 335 116 21 affordrats
459 335 67 26 några
543 333 117 27 garantier,
677 333 33 20 för
725 335 32 19 att
773 334 26 21 de
816 335 70 20 skulle
901 335 73 21 kunna
988 341 37 22 ge-

198 364 97 21 nomföra
310 364 32 20 sin
359 362 135 25 koncession,
511 362 82 20 hvilket
609 361 56 21 dock
681 361 49 21 bort
745 362 86 21 komma
846 363 7 20 i
868 363 68 28 fråga.

268 391 57 22 Herr
341 392 160 25 Schauman,
520 390 25 21 B.
567 389 36 22 O.:
624 389 42 28 Jag
681 389 40 22 ber
736 390 54 21 blott
805 393 33 19 att
853 391 21 21 få
889 392 115 21 instämma
1018 392 8 20 i

199 421 26 21 de
241 421 79 27 åsigter
341 420 50 20 herr
409 418 123 21 Ehrnrooth
548 418 85 25 uttalat,
649 421 57 17 samt
721 419 75 20 förena
811 419 45 28 mig
870 420 50 20 med
936 420 26 20 de
977 420 48 20 her-

199 456 35 14 rar
254 449 67 21 talare
343 455 46 14 som
409 447 64 28 yrkat
489 447 27 27 på
532 446 131 28 antagandet
680 447 23 20 af
716 446 155 28 lagutskottets
887 448 138 21 betänkande

199 478 39 20 och
254 476 139 22 förkastande
409 475 23 21 af
447 475 40 21 den
504 474 78 28 nådiga
598 474 169 28 propositionen.

187 505 2 2 |
267 505 57 21 Herr
339 503 158 22 Edelsköld:
514 503 42 28 Jag
571 503 38 21 ber
625 505 31 18 att
672 503 21 21 få
709 504 100 26 påminna
825 504 27 21 de
868 504 66 21 värde
949 504 75 26 talare,

199 541 46 14 som
267 534 55 20 varit
338 534 23 20 så
380 532 114 27 frikostige
515 531 49 21 med
580 531 133 21 klandrande
729 532 91 27 epiteter
836 533 23 20 åt
875 533 149 27 lagutskottet,

199 570 34 14 om
256 564 32 19 att
312 562 100 20 klandret
435 560 54 21 dock
510 560 66 21 också
591 560 93 20 drabbar
700 560 113 28 styrelsen,
829 568 46 14 som
892 562 23 20 så
930 566 48 16 sent
992 562 32 20 in-

198 591 61 28 gifvit
282 590 59 21 detta
357 589 86 27 förslag.
473 588 157 28 Lagutskottet
649 588 40 20 har
709 588 46 21 baft
771 589 87 27 mycket
874 590 32 20 för
922 590 48 20 kort
986 590 38 27 tid,

199 620 39 21 och
251 619 38 27 jag
309 618 38 21 har
366 618 51 20 hört
432 617 49 21 dess
497 616 126 27 ledamöter,
639 616 30 21 till
687 616 72 21 hvilka
772 617 38 27 jag
825 618 48 20 icke
889 618 46 27 hör,
951 618 73 21 bekla-

199 656 27 20 ga
245 648 33 26 sig
297 647 60 21 öfver
377 646 60 20 detta
457 645 140 21 förhållande.
628 644 51 22 Men
695 645 36 21 det
747 645 67 21 finnes
830 653 27 13 en
873 653 70 14 annan
959 647 65 20 orsak

200 676 99 21 hvarföro
319 675 108 20 utskottet
442 674 47 20 icke
505 674 62 20 torde
583 673 66 21 hafva
665 673 56 21 velat
737 674 142 21 framkomma
895 676 47 20 med
958 676 66 26 något

200 707 47 25 nytt
263 704 88 26 förslag,
367 702 41 22 och
424 702 37 21 det
477 704 23 18 är
516 702 48 24 den,
581 704 32 18 att
627 708 26 14 en
670 702 90 26 petition
776 709 28 15 nu
820 703 66 21 redan
902 704 60 20 torde
973 711 51 13 vara

198 734 23 20 af
241 732 122 26 ständerna,
379 730 131 22 ätminstone
526 730 23 21 af
563 730 52 20 flere
631 730 70 26 ständ,
719 730 104 24 besluten,
840 733 39 24 att,
899 732 3 20 i
918 739 106 13 samman-

199 762 56 26 hang
277 760 49 21 med
346 767 26 13 en
392 759 183 27 koncessionslag,
591 759 65 20 också
672 765 27 14 en
715 759 124 27 förändring
855 760 23 20 af
891 767 81 14 samma
987 760 37 21 be-

198 790 121 21 skaffenhet
334 794 47 15 som
397 787 36 21 det
448 794 28 14 nu
491 787 148 27 föreliggande
655 786 104 28 förslaget
774 788 112 26 angående
902 788 122 28 underpant

198 819 7 20 i
225 816 242 29 jernvägsanläggning,
489 815 70 21 skulle
582 815 119 21 utarbetas.
731 815 40 21 Om
792 822 27 14 nu
839 816 142 27 lagutskottet
997 818 28 26 pä

199 846 90 22 förhand
312 844 127 22 utarbetade
462 846 31 18 ett
516 844 89 27 förslag,
629 844 39 20 och
692 844 36 20 det
750 844 96 28 antagits
865 845 23 20 af
901 845 123 26 ständerna,

199 875 68 21 skulle
291 874 36 20 det
348 872 105 22 innefatta
471 879 26 14 en
514 872 137 27 motsägelse,
669 872 39 20 och
722 872 38 28 jag
776 875 44 18 tror
836 875 32 19 att
884 874 64 20 också
964 874 60 21 detta

199 904 58 27 gjort
279 904 32 19 att
333 901 144 28 lagutskottet
500 900 61 28 tyckt
585 900 36 21 det
640 900 48 21 icke
705 908 51 13 vara
771 901 75 27 nödigt
860 903 38 25 att,
914 902 27 20 dä
957 902 67 28 enligt

199 932 50 21 dess
270 931 57 27 äsigt
347 930 36 20 det
401 929 78 27 nädiga
493 929 104 26 förslaget
613 928 48 21 icke
678 929 71 21 kunde
764 931 98 25 antagas,
878 930 99 21 utarbeta
994 933 30 19 ett

199 959 101 22 särskildt
315 958 88 27 förslag.
433 957 64 21 Hvad
520 958 47 19 åter
587 957 42 20 den
645 957 78 27 nådiga
737 958 161 26 propositionen
914 958 108 27 beträffar,

199 989 24 20 sä
238 988 61 21 torde
315 986 140 26 hufvudfelet,
471 985 40 21 och
527 988 32 18 ett
574 985 29 20 fel
619 992 46 13 som
681 985 47 21 icke
744 987 23 19 är
783 987 23 19 sä
821 986 41 21 lätt
873 986 82 27 botadt,
967 987 57 28 ligga

200 1017 45 21 deri
269 1018 32 19 att
324 1015 47 26 den,
396 1015 69 20 säsom
486 1013 145 28 lagutskottet
652 1015 69 26 säger,
745 1014 78 21 saknar
843 1015 27 20 all
889 1015 135 28 bestämning

199 1046 54 20 huru
275 1043 270 28 obligationsinnehafvare
565 1043 6 20 i
589 1042 146 27 verkligheten
753 1043 53 20 skall
821 1043 22 20 få
858 1043 32 20 sin
907 1043 117 28 hypoteks-

198 1075 43 20 rätt
259 1073 28 28 pä
302 1071 103 22 exekutiv
421 1072 41 27 väg
476 1071 107 27 gällande.
614 1071 43 20 Det
674 1071 139 25 konsortium,
829 1078 46 14 som
892 1071 48 21 herr
956 1072 68 21 Snell-

200 1109 47 14 man
265 1101 94 26 omtalat,
381 1099 61 21 torde
458 1100 48 20 icke
522 1099 73 28 hjelpa
611 1098 96 29 mycket,
723 1099 80 21 sädana
818 1101 38 19 äro
872 1099 109 22 beroende
997 1102 27 26 pä

199 1129 115 27 ömsesidig
330 1127 227 25 öfverenskommelse,
573 1127 40 21 och
629 1134 35 14 om
680 1128 66 20 andra
762 1128 127 21 dithörande
906 1129 64 20 saker
985 1129 39 21 fin-

198 1166 38 14 nes
258 1158 48 21 icke
329 1165 26 13 en
376 1156 93 28 antydan
488 1157 6 20 i
511 1157 139 26 regeringens
664 1156 139 27 proposition.
835 1157 33 20 Då
884 1157 138 28 obligations-

197 1187 152 22 innehafvaren
374 1185 83 21 säledes
480 1191 79 21 genom
583 1185 41 20 den
643 1184 78 27 nädiga
740 1185 160 27 propositionon
914 1186 46 27 just
975 1186 49 21 icke

198 1218 23 19 är
241 1214 127 22 säkerställd
390 1214 32 20 för
441 1213 125 27 någonting,
583 1213 76 28 tyckes
675 1213 69 20 denna
759 1213 101 21 säkerhet
876 1221 51 14 vara
942 1221 26 14 en
984 1214 40 21 fik-

198 1245 51 21 tion.
279 1243 43 28 Jag
338 1242 69 21 skulle
423 1241 85 21 derföre
524 1241 75 21 förena
615 1241 44 28 mig
674 1241 48 21 med
738 1241 26 21 de
775 1242 75 25 talare,
861 1249 47 14 som
918 1243 105 28 tillstyrkt

197 1272 131 28 antagandet
345 1271 22 21 af
381 1270 118 21 utskottets
515 1269 145 22 betänkande.

265 1300 58 21 Herr
345 1300 25 21 af
391 1299 140 26 Forselles,
555 1299 123 20 Lennart:
702 1298 45 21 Mot
765 1298 55 21 hvad
840 1299 50 20 herr
905 1299 118 21 Edelsköld

197 1331 116 24 omnämnt,
337 1330 32 19 att
384 1327 116 21 ständerna
519 1327 140 28 petitionerat
678 1333 33 14 om
729 1333 25 14 en
771 1327 175 28 koncessionslag
961 1329 39 20 och
1016 1329 7 20 i

197 1357 154 28 sammanhang
367 1355 88 22 dermed
470 1363 34 13 om
521 1363 25 13 en
564 1355 35 27 lag
614 1356 111 26 angäende
741 1355 94 28 hypotek
850 1356 6 20 i
870 1356 98 27 jernväg,
986 1357 38 20 ber

195 1388 38 27 jag
247 1389 33 18 att
295 1386 22 21 få
332 1384 109 27 anmärka,
458 1385 32 20 att
505 1384 109 21 utskottet
630 1383 51 28 sjelf
690 1384 38 21 har
739 1384 52 21 talat
802 1391 34 14 om
848 1386 32 19 att
890 1385 134 27 ,antingeni

196 1415 155 26 sammanhang
374 1413 49 21 med
445 1412 144 21 nästnämnde
612 1413 35 27 lag
670 1412 52 21 eller
741 1419 76 20 genom
838 1419 26 14 en
881 1413 92 21 särskild
988 1413 36 28 lag

196 1445 119 20 bestämma
331 1443 42 20 den
388 1442 141 21 förmonsrätt
548 1447 46 15 som
611 1440 42 21 kan
669 1441 138 21 tillerkännas
823 1447 110 21 personer,
950 1441 73 22 hvilka

195 1475 44 19 mot
259 1471 143 27 obligationer
423 1470 52 21 eller
491 1469 68 21 andra
575 1469 142 21 förbindelser
731 1469 117 21 försträckt
863 1470 70 21 medel
948 1470 33 20 till
996 1476 27 15 en

192 1498 256 31 jernvägsanläggning''.
479 1498 90 22 Således
586 1497 39 21 har
641 1498 106 22 utskottet
763 1498 50 28 sjelf
825 1500 73 20 ansett
912 1500 33 20 att
960 1498 63 22 dessa
