1109 1739
407 139 40 17 Den
460 141 10 15 5
483 139 49 17 Juni.
815 140 41 20 243

57 199 83 22 försatt
159 197 48 20 dem
223 196 6 21 i
245 197 32 20 ett
292 195 97 28 rättsligt
404 195 103 23 tillstånd,
523 195 39 21 der
577 193 28 22 de
621 194 94 28 skyddas
730 195 23 21 af
766 195 61 27 lagen
845 196 39 21 och

58 229 24 20 af
95 225 109 23 afslutade
227 223 116 26 kontrakt;
367 230 48 14 men
433 225 48 19 mied
499 222 105 21 afseende
619 223 13 20 &
647 223 26 20 de
688 223 135 26 tvifvelsmäl,
838 231 46 14 som

58 254 76 23 dervid
150 253 106 29 yttrades,
281 251 96 22 anhäller
391 252 38 27 jag
445 258 33 14 om
495 251 82 26 ursäkt,
595 257 33 14 om
642 251 39 28 jag
696 252 27 26 pä
738 252 67 27 nägra
820 253 64 26 ögon-

59 284 57 21 blick
137 285 62 24 tager
216 279 164 28 ridderskapets
399 280 40 20 och
455 279 75 21 adelns
546 279 30 20 tid
593 279 7 20 i
616 280 93 27 anspråk
724 280 34 21 för
773 282 32 19 att
820 281 64 20 fram-

59 311 56 22 hålla
135 309 110 28 åtskilliga
267 308 93 21 officiela
383 308 60 21 fakta
461 308 6 20 i
486 308 42 20 den
551 309 78 20 vägen.
659 308 87 21 Främst
767 309 117 28 föreligger

59 340 45 27 mig
119 341 33 19 ett
167 337 112 28 kejserligt
296 336 48 21 bref
358 336 31 21 till
404 335 153 28 forsstyrelsen
568 343 12 13 af
601 335 42 21 den
654 337 27 20 23
693 336 43 29 Maj
749 338 60 26 1867,
820 337 64 22 hvars

61 368 63 23 äfven
147 367 28 20 dä
190 366 23 21 af
226 365 44 28 mig
285 365 124 27 äberopade
425 364 89 27 ordalag
537 363 134 22 beträffande
695 365 189 28 skattläggningen

60 396 24 21 af
106 397 27 20 de
156 393 165 29 ifrågavarande
345 395 77 25 torpen
445 392 60 27 lyda,
528 394 48 24 ,att
595 392 35 21 vid
647 392 189 29 skattläggningen
852 397 32 18 ut-

60 424 122 28 tryckligen
205 423 40 20 bör
267 421 110 27 iakttagas
393 423 32 18 att
443 421 68 26 ärliga
526 422 77 18 räntan
625 420 48 21 frän
696 423 76 25 torpen
787 421 48 21 icke
851 423 34 19 mä

61 453 132 21 bestämmas
215 450 75 28 högre,
306 450 28 20 än
357 450 33 20 att
412 449 125 20 densamma
560 448 44 20 kan
623 448 48 21 med
685 449 78 21 lätthet
779 450 39 20 och
833 452 51 18 utan

61 479 157 29 äfventyrande
233 478 23 22 af
269 480 90 24 torpens
375 476 92 22 bestånd
482 478 111 26 utgöras.'*
619 476 80 22 Vidare
715 479 38 25 att,
769 478 42 26 ,,då
825 478 61 28 fråga

62 510 92 27 uppstär
176 514 33 15 om
233 505 132 23 utdömande
381 505 23 21 af
417 512 67 20 svaga
507 506 118 26 kronotorp
648 505 53 21 eller
719 505 165 29 kronotorpares

62 536 121 30 afhysande
206 536 40 20 och
269 533 106 29 skiljande
391 534 34 20 för
440 540 27 14 en
483 533 52 21 eller
558 540 71 14 annan
652 533 114 28 anledning
781 534 46 21 frän
843 535 42 21 för-

62 566 126 27 valtningen
203 564 24 20 af
245 563 46 21 sina
313 558 118 25 innehafda
453 564 57 25 torp,
532 561 171 28 forststyrelsen,
725 562 66 21 innan
810 564 75 26 åtgärd

63 594 75 21 derom
154 594 35 20 må
203 592 23 21 af
242 590 164 28 forststyrelsen
430 590 106 27 vidtagas,
559 596 54 21 eger
634 590 75 27 frågan
731 591 32 20 till
785 594 100 19 senatens

60 620 245 30 jordbruksexpedition
329 618 121 25 hemställa,
469 619 39 20 och
527 619 50 20 dess
601 620 98 19 närmare
721 619 164 22 förordnande
873 614 16 40 i

64 651 74 27 hvarje
162 648 101 22 särskildt
285 647 37 21 fall
345 647 106 21 afvakta.<
482 646 87 27 Vidare,
594 646 57 22 hvad
666 647 101 21 särskildt
781 640 49 29 Åbo
846 648 40 21 och

64 678 148 28 Björneborgs
227 675 232 28 inspektionsdistrikt,
475 675 88 21 hvarom
576 675 40 28 jag
630 675 108 21 förmodar
753 678 33 19 att
796 676 90 22 friherre

64 714 42 15 von
122 706 60 22 Troil
197 706 38 20 har
250 704 88 28 speciell
353 704 129 25 kännedom,
504 703 111 27 beträffar,
635 704 23 20 så
673 704 38 20 har
726 704 6 21 i
749 704 36 21 det
800 704 86 22 distrik-

64 738 38 22 tet,
126 735 77 21 liksom
226 734 91 26 tidigare
332 732 8 21 i
355 732 27 21 de
397 732 98 27 nordliga
516 732 71 25 länen,
606 732 116 28 kejserliga
740 735 88 19 senaten
844 734 42 20 för-

65 764 84 26 ordnat,
172 764 32 20 att
219 762 38 21 der
277 760 116 28 anledning
415 760 113 21 företedde
543 760 33 27 sig
591 762 33 19 att
638 760 48 22 icke
702 761 106 21 bibehålla
830 762 57 21 vissa

65 794 125 26 kronotorp,
213 790 27 22 de
261 789 136 21 närvarande
418 788 168 22 innehafvarene
608 788 65 22 likväl
695 789 34 21 för
743 790 62 20 deras
820 790 66 22 lifstid

65 821 67 21 borde
147 820 22 21 få
184 820 51 20 sitta
257 824 60 22 gvar,
343 818 39 20 och
406 819 77 25 torpen
502 817 55 20 först
573 816 56 22 efter
644 817 63 21 deras
722 818 42 20 död
778 818 108 28 indragas.

46 848 5 5 *
66 850 11 21 1
93 847 225 23 öfverensstämmelse
341 846 89 20 dermed
446 846 39 20 har
503 845 162 27 forststyrelsen
681 846 41 21 den
744 847 6 20 9
766 846 120 22 December

67 878 61 26 1867,
145 877 52 21 eller
219 876 50 20 kort
291 874 56 22 efter
369 875 38 20 det
427 873 163 28 skattläggning
608 874 23 20 af
665 874 28 21 Åbo
708 875 45 21 läns
769 874 117 28 kronotorp

66 906 125 28 försiggick,
206 904 117 23 hemställt,
339 904 33 19 att
387 902 32 21 uti
434 904 32 19 ett
481 901 102 21 särskildt
599 902 44 27 fall,
659 903 27 20 dä
701 902 37 22 det
752 910 38 14 var
805 903 82 22 förord-

67 934 52 21 nadt
142 936 32 19 att
189 934 32 20 ett
235 931 186 27 kronoskogstorp
437 930 67 22 borde
519 930 109 27 indragas,
643 930 151 22 innehafvaren
809 932 57 27 finge
881 932 6 21 i

67 963 96 27 enlighet
178 960 49 22 med
243 960 74 21 derom
331 959 50 21 med
396 959 79 20 honom
490 958 118 28 uppgjordt
623 959 102 20 kontrakt
739 959 54 21 intill
805 960 32 20 sin
846 961 41 20 död

68 992 12 21 å
95 992 74 26 torpet
191 989 104 28 gvarsitta
317 989 46 19 mot
382 987 132 28 erläggande
531 986 79 28 lindrig
628 987 65 25 skatt,
709 987 39 21 och
764 990 31 19 att
807 989 81 26 jemväl

68 1019 50 22 med
133 1019 69 26 öfriga
216 1019 56 25 torp,
288 1016 32 21 till
335 1016 86 21 hvilkas
433 1015 132 28 indragande
580 1015 130 28 förordnats,
725 1016 56 27 finge
797 1017 26 26 pä
839 1023 49 14 ena-

68 1047 72 22 handa
162 1048 43 19 sätt
224 1045 98 25 förfaras,
338 1046 60 19 utom
414 1044 7 21 i
437 1044 36 21 det
487 1043 44 25 fall,
547 1045 32 19 att
593 1043 139 22 innehafvare
748 1045 93 27 vägrade
856 1047 32 19 att

68 1077 27 28 pä
111 1075 127 22 kontraktet
253 1074 59 27 ingä;
329 1072 40 21 och
385 1072 32 21 till
433 1072 71 21 denna
519 1072 159 27 framställning
700 1073 59 20 biföll
774 1073 115 28 kejserliga

69 1107 90 19 senaten
175 1103 40 21 den
231 1103 27 21 16
273 1102 7 21 i
296 1107 83 15 samma
401 1100 84 21 mänad.
516 1099 107 29 Slutligen
641 1101 38 20 har
697 1101 70 21 denna
785 1102 104 27 rättighet

69 1135 33 20 att
116 1131 89 23 sälunda
220 1131 32 20 tili
267 1129 124 28 dödedagar
406 1129 51 21 sitta
473 1129 28 28 pä
514 1131 78 26 torpen
608 1130 57 20 ännu
680 1129 73 22 vidare
768 1129 69 22 blifvit
848 1131 39 20 den

70 1162 27 21 25
112 1160 123 22 November
259 1159 54 21 1870
335 1157 108 22 utsträckt
461 1157 49 21 icke
525 1157 55 21 blott
595 1157 32 21 till
642 1157 27 22 de
683 1158 144 25 innehafvare,
844 1166 45 13 som

69 1191 33 20 för
117 1189 92 22 tillfället
224 1188 51 20 sitta
289 1187 28 28 pä
332 1188 86 25 torpen,
433 1188 52 19 utan
501 1185 64 22 äfven
580 1185 32 21 till
628 1185 26 22 de
669 1186 148 27 efterföljande
831 1187 59 21 inne-

71 1218 115 21 hafvarene
205 1216 48 21 utaf
266 1215 27 21 de
308 1217 57 26 torp,
380 1214 32 21 till
428 1214 73 21 hvilka
518 1213 27 22 de
560 1214 58 21 förre
636 1215 27 27 pä
677 1215 42 27 god
734 1216 33 19 tro
783 1215 107 22 öfverlätit

71 1247 63 21 dessa
156 1248 60 25 torps
240 1244 125 27 besittning,
388 1243 73 20 förrän
479 1242 156 21 förordnandet
653 1250 33 14 om
702 1245 88 26 torpens
805 1243 85 28 indrag-

70 1275 52 28 ning
143 1273 132 22 utfärdades.
305 1272 69 21 Detta
396 1271 120 21 dokument
539 1271 116 28 föreligger
675 1271 44 28 mig
733 1271 45 26 här,
794 1279 48 14 men
858 1273 32 20 för

71 1305 32 20 att
118 1303 49 21 icke
181 1303 96 26 upptaga
291 1301 60 21 tiden
367 1300 37 20 vill
416 1300 39 27 jag
472 1299 49 21 icke
537 1299 91 28 uppläsa
643 1300 42 21 det.
716 1300 103 27 Slutligen
835 1301 56 20 före-

71 1333 87 20 komma
172 1331 52 20 flera
239 1329 107 22 särskilda
361 1329 44 25 fall,
421 1328 27 21 dä
463 1330 95 25 torpare,
573 1327 68 22 ehuru
657 1329 26 20 de
698 1328 31 21 till
739 1328 53 27 följd
802 1329 23 20 af
834 1329 56 20 tred-

72 1360 39 21 ska
126 1361 33 20 att
174 1357 151 23 underskrifva
348 1357 133 25 kontraktet,
499 1356 70 21 blifvit
589 1356 92 28 afhyste,
697 1357 27 26 pä
739 1357 91 21 särskild
853 1364 37 14 un-

72 1388 105 27 derdänig
199 1387 95 21 ansökan
317 1385 65 21 hafva
405 1384 123 28 tillätits
506 1380 27 39 af
542 1387 64 25 gunst
625 1385 38 20 och
682 1385 41 21 näd
742 1385 104 28 gvarsitta
864 1387 28 26 pä

73 1417 46 21 sina
142 1415 88 22 sälunda
251 1413 130 22 förverkade
400 1417 56 24 torp.
486 1413 117 27 Atskilliga
619 1413 139 28 afhysningar
773 1413 63 21 hafva
851 1414 41 20 vis-

74 1445 92 28 serligen
188 1443 68 22 under
271 1443 26 21 de
313 1445 86 18 senaste
415 1442 52 21 åren
483 1441 72 21 blifvit
573 1441 128 26 anbefallda,
723 1449 48 14 men
787 1442 26 21 de
829 1443 64 20 hafva

73 1473 60 21 alltid
155 1473 56 21 varit
232 1470 127 22 föranledda
374 1471 24 20 af
411 1470 96 21 äverkan
530 1469 52 21 eller
600 1469 127 29 försäljning
741 1470 24 21 af
778 1471 115 26 skogspro-

74 1501 79 20 dukter
168 1500 51 22 eller
235 1500 66 21 andra
316 1498 82 21 sådana
420 1498 103 27 åtgärder
538 1497 24 21 af
576 1500 122 25 torparene,
714 1505 45 14 som
775 1498 55 21 varit
846 1498 48 20 stri-

73 1529 70 21 dande
159 1530 58 20 emot
232 1528 137 21 kontraktets
386 1526 144 28 ordalydelse,
546 1526 111 20 hvaremot
672 1527 51 21 flere
739 1529 93 25 torpare,
843 1526 52 21 oak-

784 1566 37 18 16”
