1109 1739
235 93 28 20 80
554 100 41 17 Den
609 100 21 17 29
643 99 43 22 Maj.

206 149 103 29 betingat,
333 154 32 19 att
387 155 163 22 statsutskottet
569 157 39 21 har
626 159 72 20 ansett
716 157 32 28 sig
764 156 67 21 redan
848 163 35 20 nu,
899 157 89 21 oaktadt
1004 164 25 14 en

205 178 125 29 fullständig
345 181 49 28 plan
409 183 33 21 för
457 184 149 28 fängelsernas
621 187 122 20 inrättande
757 186 40 21 och
811 185 27 22 de
856 186 82 27 gamlas
956 186 73 21 ombil-

205 207 70 22 dande
291 209 48 21 icke
353 210 123 30 föreligger,
492 214 64 21 likväl
573 214 52 21 böra
640 215 87 21 förorda
743 221 26 14 en
785 214 66 21 sådan
868 221 88 15 summa.
986 215 44 28 Jag

205 235 45 28 har,
273 237 70 22 såsom
363 240 69 27 sagdt,
451 242 65 21 redan
537 243 7 20 i
564 244 43 20 min
624 244 132 21 reservation
772 243 124 25 framhållit,
912 245 32 19 att
959 244 70 21 denna

204 271 83 15 summa
309 266 66 22 borde
398 275 49 15 vara
467 271 24 21 så
510 271 49 28 hög,
578 279 45 14 som
640 273 106 20 utskottet
762 271 49 22 med
827 272 49 21 stöd
892 271 22 22 af
928 273 31 20 sin
975 279 53 21 upp-

203 292 94 30 fattning
320 296 24 20 af
364 297 65 21 saken
453 299 41 22 och
512 300 28 21 de
560 301 74 27 källor,
655 301 85 21 hvartill
757 300 107 21 utskottet
881 301 43 20 haft
940 301 88 28 tillgång

203 321 34 21 för
252 323 121 21 ändamålet
388 325 82 24 kunnat
486 329 79 21 anvisa.
591 329 43 28 Jag
649 337 63 14 anser
728 329 62 25 dock,
806 331 32 19 att
854 329 106 22 utskottet
970 337 58 20 myö-

202 349 39 22 ket
255 351 35 20 väl
307 351 55 23 hade
379 353 83 24 kunnat
478 356 48 29 höja
541 358 98 27 anslaget
654 358 32 21 till
701 357 94 27 250,000
810 358 68 27 mark,
894 357 38 22 och
948 359 32 20 att
995 360 32 19 ut-

203 379 82 22 skottet
303 380 39 22 har
359 383 58 27 gjort
436 387 64 26 orätt,
515 386 28 21 då
559 386 107 22 utskottet
681 387 48 22 icke
744 386 40 21 har
799 387 58 20 velat
872 386 114 28 disponera
1002 387 26 20 de

202 407 106 32 beviljade
328 411 82 21 medlen
429 413 32 21 till
481 414 142 22 befordrande
639 415 24 21 af
676 416 41 20 den
733 416 46 20 inre
799 415 171 27 organisationen
991 422 35 14 en-

201 435 40 28 ligt
256 437 27 20 de
297 439 100 26 grunder,
413 448 46 14 som
478 443 52 21 1866
546 444 35 20 års
596 444 126 28 förordning
737 443 142 28 ovilkorligen
890 443 86 21 kräfver
988 443 38 22 och

201 463 140 25 hvarförutan
357 468 27 20 all
399 469 150 29 fängelsevård
566 472 39 21 blir
620 472 46 21 half
679 474 40 20 och
735 472 219 22 otillfredsställande,

218 522 32 4 .,
270 494 59 22 Herr
351 496 159 28 Grotenfelt,
533 500 87 22 Adolf:
645 501 103 22 Friherre
769 508 41 14 von
830 500 59 21 Troil
909 501 38 20 har
966 500 60 22 aktat

201 521 76 33 nödigt
299 526 38 25 att,
359 526 89 22 oaktadt
473 528 40 22 han
532 529 49 21 icke
601 530 50 27 sjelf
669 538 38 13 var
726 530 135 20 närvarande
878 530 26 20 då
917 530 37 27 jag
970 529 56 21 hade

201 550 84 22 tillfälle
303 555 32 19 att
353 556 108 27 uppträda
478 558 54 20 inför
548 558 116 28 höglofliga
679 558 171 26 statsutskottet,
866 558 39 21 här
920 560 58 26 yttra
994 558 32 28 sig

201 585 33 14 om
251 580 59 32 hvad
331 582 38 21 der
395 584 70 22 skulle
485 586 62 21 hafva
563 589 98 25 passerat
677 588 40 21 och
733 588 50 20 bort
799 594 94 20 passera.
924 586 49 22 Med
989 594 36 14 an-

199 607 88 29 ledning
309 610 62 22 deraf
393 613 36 21 ber
453 615 39 27 jag
509 622 33 14 om
567 618 32 18 att
621 616 21 20 få
665 617 92 27 upplysa
781 616 91 20 friherre
895 622 40 14 von
959 616 66 26 Troil,

199 638 32 30 att
249 638 39 27 jag
310 638 55 22 inför
388 644 169 21 statsutskottet:
572 645 127 21 omnämnde
718 645 57 21 1866
794 644 33 20 års
844 644 126 28 författning
985 645 39 21 och

199 667 72 31 vigten
286 667 25 32 af
325 671 31 17 att
367 669 50 22 dess
433 672 108 27 principer
555 680 28 14 nu
598 673 68 21 skulle
684 676 69 19 sättas
765 673 7 20 i
784 672 85 27 verket;
882 673 38 27 jag
929 674 96 20 uttalade

197 700 43 14 min
260 695 55 28 åsigt
334 696 72 23 härom
425 700 28 26 på
471 702 98 25 svenska,
585 702 39 21 och
640 702 56 22 mina
712 702 39 22 ord
768 702 130 20 öfversattes
913 702 27 27 på
955 702 69 21 finska

197 722 24 20 af
242 722 41 22 den
307 727 94 27 antagne
420 730 137 21 translatorn.
587 730 44 22 För
651 732 64 27 öfrigt
731 730 56 21 talar
803 730 91 21 friherre
910 737 38 15 von
965 730 58 21 Troil

196 756 35 15 om
247 758 26 14 en
289 753 88 27 elegans
393 756 6 20 i
414 756 143 30 fängelserna,
573 766 45 14 som
635 760 87 20 alldeles
739 759 49 21 icke
804 758 68 21 finnes
885 759 6 20 i
904 760 62 26 något
979 760 45 20 fän-

196 779 60 27 gelse
274 781 69 22 införd
359 784 39 21 och
414 785 50 22 icke
481 787 64 21 heller
561 788 97 21 kommer
673 791 32 19 att
721 788 92 26 införas;
831 788 7 20 i
854 787 146 28 cellfängelset
1016 788 7 20 i

196 807 135 24 Tavastehus
349 812 41 21 kan
410 813 105 23 friherren
535 817 23 20 så
573 817 87 27 mycket
676 816 85 22 mindre
777 816 64 20 hafva
857 818 43 19 sett
916 822 25 15 en
957 816 65 21 sådan

195 836 94 28 elegans,
305 846 45 14 som
367 841 37 21 det
419 842 50 22 icke
485 851 37 14 ens
538 846 23 19 är
577 845 81 28 slutligt
673 845 80 22 inredt.
780 844 33 21 En
829 844 50 28 plan
895 845 32 20 för
941 844 26 21 de
978 846 44 20 fän-

194 865 194 31 gelsebyggnader,
411 878 47 14 som
481 872 6 21 i
504 872 113 22 framtiden
637 874 61 21 skola
714 875 88 20 komma
817 873 32 21 till
864 873 119 25 utförande,
1000 875 23 19 är

194 893 57 21 hvad
270 896 20 20 vi
308 896 33 21 för
359 898 36 21 det
411 901 135 21 närvarande
562 902 72 22 kunna
649 910 62 14 anses
728 902 105 26 behöfva;
850 908 48 14 men
913 904 31 18 att
959 904 63 19 stats-

193 922 108 23 utskottet
317 926 68 22 måste
401 928 67 22 hafva
481 930 64 21 afsett
556 931 117 27 någonting
685 938 46 14 mer
743 932 28 19 än
783 937 26 14 en
822 930 59 27 dylik
895 930 49 27 plan
958 930 64 21 fram-

193 951 38 26 går
247 952 67 26 deraf,
331 956 32 19 att
378 955 36 21 det
429 957 59 22 talar
502 965 34 14 om
553 967 39 17 ven
607 958 175 28 ändamålsenlig
797 958 133 29 ombildning
940 959 28 28 af
975 959 47 21 hela

187 979 163 30 jfängvärden',
374 984 39 21 och
432 985 40 22 det
491 987 61 21 bästa
568 988 82 21 beviset
667 989 56 27 uppå
745 990 34 18 att
797 994 48 14 man
862 987 6 20 i
884 988 138 21 statsutskot-

192 1009 32 19 tet
243 1009 47 21 icke
310 1010 45 22 haft
373 1013 66 21 saken
461 1017 42 18 rätt
522 1016 47 20 klar
584 1017 33 20 för
633 1017 38 27 sig,
687 1019 30 24 är,
734 1015 79 28 tycker
825 1016 46 27 jag,
887 1016 49 21 herr
952 1016 68 21 Mont-

191 1043 102 22 gomerys
308 1040 88 22 rättelse
413 1042 34 21 vid
467 1043 58 22 detta
544 1045 89 25 tillfälle,
649 1046 26 20 då
691 1046 42 20 han
752 1051 89 14 numera
857 1045 39 26 går
910 1045 20 20 in
947 1045 27 27 på
989 1047 33 18 att

191 1065 68 32 ordna
274 1066 135 29 fängelserna
425 1071 6 20 i
448 1072 223 23 öfverensstämmelse
687 1073 50 22 med
755 1072 27 21 de
797 1072 6 21 i
821 1073 55 20 1866
891 1073 33 20 års
938 1073 82 21 författ-

191 1099 51 22 ning
258 1096 105 28 stadgade
380 1099 105 28 grunder,
501 1101 67 22 under
583 1102 36 21 det
635 1103 41 20 han
693 1103 6 20 i
714 1102 37 21 sin
768 1101 134 21 reservation
918 1102 54 20 talar
986 1109 35 14 om

191 1123 50 32 ndet
258 1123 209 32 fångvårdssystem,
485 1137 42 14 som
544 1131 42 20 kan
604 1132 69 21 varda
693 1130 112 28 antaget'.
836 1129 45 21 Det
897 1129 53 22 hade
966 1131 56 20 varit

189 1152 82 21 rättare
294 1155 32 19 att
345 1156 52 26 säga
417 1163 63 18 ,som
498 1158 42 21 kan
557 1166 51 14 vara
623 1161 110 26 antaget'*,
751 1161 25 25 ty
793 1158 61 21 detta
869 1161 80 25 system
966 1159 54 20 före-

189 1179 62 22 fanns
267 1181 32 28 ju,
318 1189 34 14 om
369 1183 36 22 det
421 1185 68 22 också
504 1193 38 14 var
558 1188 33 20 för
606 1188 106 21 utskottet
729 1187 91 21 okändt.
851 1186 11 21 I
878 1187 41 20 alla
934 1187 86 21 händel-

188 1214 36 14 ser
239 1210 72 31 mäste
331 1211 39 21 den
387 1214 110 28 ursäktas,
512 1222 52 20 som,
581 1216 26 21 dä
623 1217 79 21 sädana
717 1215 122 29 yttranden
857 1215 63 21 blifva
936 1215 6 20 i
958 1216 62 27 tryck

187 1237 92 33 synliga,
302 1246 63 15 anser
388 1242 68 21 ocksä
481 1245 116 27 nägonting
615 1245 85 21 dermed
723 1251 55 14 vara
793 1243 95 21 menadt.
919 1243 48 22 Med
984 1244 36 21 det

187 1271 46 15 som
252 1273 39 21 jag
309 1269 87 26 yttrade
415 1277 35 14 om
470 1272 145 28 cellfängelset
630 1274 6 21 i
652 1273 115 27 Uleåborg
782 1272 61 27 afsäg
855 1273 39 26 jag
908 1272 33 21 för
956 1273 63 27 ingen

187 1293 35 22 del
240 1295 66 27 nägot
329 1297 142 24 förbiseende
489 1301 23 20 af
525 1301 90 22 friherre
637 1302 62 28 Boije
724 1301 39 21 vid
783 1300 60 21 detta
861 1301 89 26 tillfälle,
968 1303 51 18 utan

185 1323 78 21 endast
283 1323 56 23 hvad
357 1326 6 20 i
379 1327 122 22 utskottets
518 1329 135 23 betänkande
670 1332 26 26 pä
712 1329 72 22 andra
800 1329 60 21 sidan
877 1329 143 21 förekommer

185 1350 73 22 derom
276 1354 32 19 att
324 1354 21 27 ej
359 1355 66 28 nägra
444 1357 187 30 kostnadsförslag
641 1360 52 20 stått
704 1359 34 21 till
752 1358 120 21 utskottets
884 1357 136 28 förfogande;

184 1379 27 21 då
233 1380 7 20 i
263 1381 42 20 alla
327 1382 36 21 fall
387 1386 31 19 ett
442 1385 188 30 kostnadsförslag
647 1388 122 23 förefanns,
788 1386 56 21 hade
863 1386 77 21 sådant
956 1386 62 21 äfven

184 1408 48 21 bort
247 1409 24 20 af
282 1410 108 23 utskottet
408 1416 134 20 omnämnas.

251 1437 102 23 Friherre
372 1447 47 15 von
439 1442 87 22 Troil:
550 1443 43 28 Jag
611 1444 92 27 begärde
720 1443 67 22 ordet
803 1443 49 20 med
869 1443 114 28 anledning
998 1444 23 20 af

181 1464 92 23 friherre
299 1467 74 29 Boijes
398 1472 112 26 yttrande,
534 1475 31 18 att
588 1473 40 20 han
651 1473 48 21 icke
723 1473 56 20 fann
805 1471 37 21 det
865 1471 64 21 hafva
946 1472 74 28 ålegat

180 1493 203 27 tjenstförrättande
403 1498 240 30 fängelseinspektören
662 1504 31 18 att
712 1501 77 21 erinra
805 1500 163 22 statsutskottet
984 1508 34 14 om
