1109 1739
432 116 38 15 Den
484 116 20 15 25
518 115 43 20 Maj.
871 111 13 21 9

89 171 71 20 denna
175 171 68 27 grund
259 177 63 14 anser
335 171 38 27 jag
389 173 30 18 att
435 171 120 20 utskottets
572 170 145 26 betänkande,
733 176 45 14 som
794 168 117 22 innehåller

89 201 31 19 att
136 199 85 20 skatten
239 200 37 19 bör
293 199 66 27 höjas,
369 201 37 18 när
422 199 247 26 fabrikstillverkningen
683 198 59 27 stigit
756 198 31 20 till
799 197 113 28 4,300,000

90 228 89 25 kannor,
196 227 38 21 har
249 227 107 20 företräde
372 227 87 21 framför
475 227 41 20 den
533 227 77 27 nådiga
627 226 166 28 propositionen.

158 255 58 21 Herr
233 255 156 26 Ehrnrooth,
401 255 68 21 Carl:
486 255 239 21 Ekonomieutskottets
735 255 126 26 ledamöter,
872 254 38 21 lik-

90 291 53 19 som,
156 284 39 27 jag
213 284 115 26 förmodar,
347 284 74 27 hvarje
440 284 90 21 medlem
548 284 23 21 af
585 284 206 27 representationen,
807 284 37 19 äro
860 290 51 13 ense

90 313 72 20 derom
187 315 30 18 att
241 313 111 20 bränvinet
375 314 22 19 är
414 319 25 14 en
456 319 58 18 vara,
533 312 86 21 hvilken
636 319 48 13 man
701 312 38 20 bör
760 312 71 20 äsätta
847 318 25 14 en
888 312 24 20 sä

92 341 40 26 hög
148 341 65 25 skatt,
230 347 45 14 som
292 341 39 20 den
348 341 99 27 möjligen
464 341 41 20 kan
524 341 56 21 bära.
604 340 84 27 Frägan
701 341 23 19 är
734 340 53 21 hvar
798 347 47 14 man
858 340 53 20 skall

90 369 58 20 finna
163 371 93 25 gränsen
272 372 49 17 utan
339 371 30 18 att
385 369 63 20 hafva
464 369 76 28 skjutit
557 369 60 20 öfver
634 369 71 25 målet,
724 368 81 21 hvilket
819 369 39 20 lätt
869 368 41 21 kan

90 397 86 21 inträffa
192 404 34 14 om
242 397 86 21 skatten
344 399 67 19 sättes
427 398 32 19 för
476 397 48 28 hög.
555 397 44 20 Det
617 399 24 18 är
657 397 66 20 kändt
739 399 32 18 att
787 397 39 20 den
843 397 69 27 legala

90 426 166 26 tillverkningen
279 426 38 20 har
339 427 32 19 att
386 425 134 21 konkurrera
536 425 49 21 med
608 425 41 21 den
666 425 84 26 olofliga
767 425 56 21 inom
839 425 72 20 landet

91 454 38 21 och
146 455 40 19 den
203 454 84 27 olofliga
302 454 105 26 importen
423 454 47 20 från
487 454 104 20 utlandet.
623 453 42 21 För
681 455 31 19 att
725 453 57 20 finna
793 455 32 19 ett
838 453 74 27 objek-

91 482 40 21 tivt
146 482 47 21 skäl
208 482 33 20 för
257 489 25 13 en
299 482 120 28 förhöjning
434 482 23 20 af
471 482 189 21 bränvinsskatten
684 482 39 20 och
739 482 48 20 icke
803 483 52 26 göra
870 481 40 21 den

92 510 107 21 beroende
222 510 21 21 af
265 511 117 27 personligt
404 511 71 27 tycke,
499 512 68 26 ansåg
589 510 108 21 utskottet
719 512 32 18 att
775 510 5 20 i
804 510 40 20 den
868 516 43 14 om-

92 539 158 27 ständigheten,
273 541 32 18 att
323 539 40 20 den
383 539 67 27 legala
466 539 158 21 fabrikationen
644 539 90 27 uppnått
750 540 32 18 ett
797 538 77 28 belopp
891 538 23 21 af

91 568 113 25 4,300,000
221 568 87 25 kannor,
324 567 75 21 liksom
414 567 67 28 ligger
499 574 27 14 en
542 567 67 27 högre
625 568 52 26 grad
694 568 22 19 af
730 567 135 20 sannolikhet
880 567 32 20 för

92 598 32 18 att
146 595 41 21 den
211 596 84 26 olofliga
317 596 105 27 importen
445 596 28 20 då
491 596 66 20 redan
575 595 104 28 betydligt
696 595 109 25 minskats,
822 602 34 14 om
872 595 40 21 ock

91 624 82 20 kanske
195 624 48 20 icke
265 624 100 27 upphört,
389 624 38 20 och
450 626 32 18 att
505 624 77 20 hinder
597 625 20 26 ej
633 624 74 20 vidare
730 625 69 19 möter
816 626 32 18 att
864 624 49 26 höja

92 652 93 26 skatten,
209 659 47 13 men
280 654 31 18 att
336 652 39 20 den
397 652 26 21 då
439 652 66 21 borde
521 652 140 27 ovilkorligen
680 652 67 28 höjas,
763 655 50 17 utan
830 654 32 18 att
876 652 37 20 det

92 680 56 28 finge
165 680 50 21 bero
231 681 27 27 på
273 681 125 27 regeringen
412 683 31 18 att
459 680 133 21 fortfarande
612 681 43 20 låta
671 680 83 21 skatten
772 680 99 21 förblifva
887 687 26 13 en

92 709 67 20 mark.
190 708 69 21 Dessa
275 709 45 20 skäl
337 709 63 20 hafva
415 709 43 21 ledt
475 709 108 21 utskottet
599 708 34 21 vid
649 709 160 27 tillstyrkandet
820 709 23 20 af
852 716 60 20 para-

96 737 85 27 grafens
197 737 124 21 nuvarande
337 737 143 27 formulering.

160 765 59 21 Herr
235 766 100 20 Munck:
358 765 63 21 Hvad
441 766 91 20 friherre
548 772 41 14 von
607 765 58 21 Troil
681 765 38 21 har
735 766 98 20 anmärkt
849 772 63 20 synes

93 794 64 20 hafva
179 794 83 26 ganska
284 794 55 27 goda
363 794 44 20 skäl
430 794 33 20 för
483 794 39 27 sig,
540 794 104 27 nemligen
661 796 32 18 att
709 801 26 13 en
750 794 110 20 fabrikant
875 794 39 20 bör

94 824 49 18 veta
159 822 27 27 på
202 822 95 26 förhand,
315 825 31 18 att
362 823 51 19 hans
429 822 140 28 tillverkning
585 822 47 20 icke
649 822 38 20 blir
701 822 112 20 beskattad
826 822 5 20 i
844 824 31 18 ett
886 828 27 14 nu

94 850 84 21 utöfver
202 850 55 20 hvad
280 857 44 14 som
348 851 69 20 blifvit
440 850 126 21 beräknadt.
597 850 50 20 Men
671 850 40 21 den
731 850 121 27 olägenhet,
868 857 45 14 som

94 878 61 21 deraf
169 878 68 21 skulle
261 880 85 26 uppstå,
365 879 65 21 borde
449 879 73 21 kunna
538 878 106 21 undvikas
663 879 123 27 derigenom
803 881 32 18 att
851 879 4 20 i
872 878 42 21 för-

92 907 120 27 fattningen
230 907 127 27 bestämdes,
370 909 39 25 att,
420 914 33 14 om
470 907 28 21 H.
515 907 27 21 K.
559 907 62 27 Maj:t
636 907 49 20 fann
703 907 32 20 för
749 907 53 27 godt
818 909 32 19 att
865 907 49 27 höja

93 936 92 23 skatten,
205 942 26 13 en
251 935 65 20 sådan
335 936 125 26 författning
479 936 49 20 icke
544 936 69 19 skulle
629 936 27 26 gå
671 936 5 19 i
693 935 162 27 verkställighet
870 935 44 20 förr

94 965 26 18 än
137 965 31 18 ett
184 963 23 20 år
223 963 100 21 derefter.

161 991 58 20 Herr
235 991 144 22 Molander:
396 991 41 28 Jag
453 992 38 20 har
504 992 69 20 blifvit
585 992 146 20 förekommen
743 991 22 20 af
775 992 48 20 herr
836 991 77 21 Munck

92 1020 7 20 i
114 1019 102 21 afseende
232 1021 13 19 å
260 1021 40 19 den
317 1021 140 26 anmärkning
473 1022 38 25 jag
531 1020 90 21 ämnade
641 1021 52 26 göra
709 1022 42 19 mot
767 1020 89 20 friherre
873 1027 39 13 von

94 1048 70 21 Troils
180 1047 144 28 andragande,
341 1049 38 20 och
396 1049 34 20 vill
447 1048 77 21 endast
541 1049 94 26 tillägga,
648 1051 31 18 att
696 1055 33 14 om
744 1049 118 20 utskottets
873 1048 41 20 för-

93 1077 45 26 slag
161 1076 132 27 godkännes,
317 1077 40 20 kan
376 1077 137 20 fabrikanten
530 1077 47 20 icke
593 1077 66 20 heller
675 1077 23 20 så
713 1083 55 21 noga
784 1077 64 20 hafva
864 1077 49 20 reda

94 1105 27 26 på
144 1104 34 21 vid
201 1104 85 21 hvilken
309 1105 100 28 tidpunkt
428 1105 49 20 hela
495 1105 167 27 tillverkningen
679 1105 59 28 stigit
753 1105 31 20 till
800 1105 114 26 4,300,000

93 1133 89 26 kannor,
199 1133 26 20 då
241 1133 220 28 skatteförhöjningen
478 1133 40 21 bör
534 1136 76 25 genast
626 1133 111 28 påbjudas.
763 1133 47 21 Ifall
827 1133 40 21 den
879 1133 35 20 nå-

93 1162 49 26 diga
158 1161 160 28 propositionen
335 1165 94 24 antages,
446 1162 70 20 skulle
533 1162 33 20 väl
583 1162 194 27 skatteförhöjning
793 1162 20 27 ej
829 1162 85 20 komma

93 1192 31 18 att
140 1196 41 20 ega
197 1196 45 14 rum
259 1190 132 21 omedelbart
407 1191 26 20 då
449 1190 139 27 tillverkning
603 1190 24 20 af
641 1190 87 20 bränvin
746 1190 69 21 blifvit
826 1189 89 27 inropad

93 1218 32 20 till
147 1219 32 19 ett
202 1219 69 19 större
292 1219 83 27 belopp.
406 1218 32 21 En
462 1219 44 20 viss
525 1219 88 26 lämplig
633 1219 37 25 tid,
691 1219 27 20 dä
734 1225 24 14 en
776 1219 66 26 högre
858 1218 58 20 skatt

94 1246 83 21 komme
194 1248 32 18 att
243 1247 113 26 uppbäras,
373 1247 68 20 skulle
458 1247 137 24 bestämmas,
612 1249 23 25 ty
652 1254 47 13 man
716 1248 69 19 måste
801 1247 33 20 väl
850 1247 65 20 förut-

94 1276 56 19 sätta
165 1276 33 19 att
213 1274 37 21 det
266 1275 47 20 icke
328 1275 55 20 varit
400 1275 138 27 regeringens
555 1275 70 27 afsigt,
642 1277 38 24 att,
697 1275 26 20 då
739 1275 41 20 den
791 1275 69 20 finner
871 1274 44 21 skäl

93 1305 32 18 att
141 1303 85 20 utfärda
241 1303 125 28 förordning
381 1310 34 13 om
431 1303 206 27 skatteförhöjning,
649 1303 124 21 densamma
783 1303 133 20 omedelbart

93 1331 54 20 skall
170 1331 113 27 tillämpas.
314 1331 62 21 Hvad
401 1331 39 21 den
464 1331 112 26 objektiva
599 1331 128 21 säkerheten
747 1332 107 25 beträffar,
872 1337 44 14 som

94 1359 49 20 herr
160 1359 121 21 Ehrnrooth
298 1360 112 26 åberopat,
425 1360 51 20 eller
492 1359 54 20 hans
563 1360 62 27 åsigt,
635 1362 32 18 att
682 1360 26 20 då
720 1359 196 21 bränvinstillverk-

95 1387 78 27 ningen
190 1388 46 26 gått
253 1388 84 20 utöfver
353 1389 112 24 4,300,000
481 1388 92 25 kannor,
590 1395 47 14 man
655 1388 67 21 skulle
738 1388 61 20 hafva
816 1395 26 13 en
859 1387 59 20 siffra

93 1423 45 12 som
163 1415 103 28 klarligen
291 1416 104 25 utvisade,
412 1418 31 19 att
466 1416 42 20 den
528 1417 56 20 rätta
600 1417 58 20 tiden
673 1416 34 20 för
723 1415 195 28 skatteförhöjning

94 1450 50 14 vore
160 1444 56 24 inne,
233 1445 23 19 sä
272 1444 35 20 vill
321 1445 38 26 jag
374 1445 71 20 lemna
461 1444 89 27 derhän,
560 1445 105 20 huruvida
680 1445 27 26 på
723 1445 68 20 denna
807 1444 59 20 siffra
882 1443 35 20 nä-

93 1478 38 20 gra
148 1472 63 20 säkra
227 1472 98 27 kalkyler
341 1473 72 20 kunna
428 1473 102 26 grundas.
561 1472 43 28 Jag
619 1475 46 18 tror
680 1475 31 17 att
726 1472 34 20 vid
777 1473 39 19 den
834 1471 84 21 siffrans

96 1500 161 20 bestämmande
274 1507 47 13 man
337 1500 76 20 famlar
428 1501 140 27 temmeligen
583 1501 6 19 i
606 1500 92 22 mörker,
