<?xml version="1.0" encoding="UTF-8"?>
<alto xmlns="http://www.loc.gov/standards/alto/ns-v3#" xmlns:xlink="http://www.w3.org/1999/xlink" xmlns:xsi="http://www.w3.org/2001/XMLSchema-instance" xsi:schemaLocation="http://www.loc.gov/standards/alto/ns-v3# http://www.loc.gov/alto/v3/alto-3-0.xsd">
	<Description>
		<MeasurementUnit>pixel</MeasurementUnit>
		<sourceImageInformation>
			<fileName>/tmp/tess_v2ybxfyl_input.PNG</fileName>
		</sourceImageInformation>
		<OCRProcessing ID="OCR_0">
			<ocrProcessingStep>
				<processingSoftware>
					<softwareName>tesseract 5.3.4</softwareName>
				</processingSoftware>
			</ocrProcessingStep>
		</OCRProcessing>
	</Description>
	<Layout>
		<Page WIDTH="1109" HEIGHT="1739" PHYSICAL_IMG_NR="0" ID="page_0">
			<PrintSpace HPOS="0" VPOS="0" WIDTH="1109" HEIGHT="1739">
				<ComposedBlock ID="cblock_0" HPOS="448" VPOS="87" WIDTH="447" HEIGHT="20">
					<TextBlock ID="block_0" HPOS="448" VPOS="87" WIDTH="447" HEIGHT="20">
						<TextLine ID="line_0" HPOS="448" VPOS="87" WIDTH="447" HEIGHT="20">
							<String ID="string_0" HPOS="448" VPOS="89" WIDTH="40" HEIGHT="15" WC="0.96" CONTENT="Den"/><SP WIDTH="14" VPOS="89" HPOS="488"/>
							<String ID="string_1" HPOS="502" VPOS="89" WIDTH="21" HEIGHT="15" WC="0.95" CONTENT="29"/><SP WIDTH="14" VPOS="89" HPOS="523"/>
							<String ID="string_2" HPOS="537" VPOS="87" WIDTH="43" HEIGHT="20" WC="0.92" CONTENT="Maj."/><SP WIDTH="288" VPOS="87" HPOS="580"/>
							<String ID="string_3" HPOS="868" VPOS="87" WIDTH="27" HEIGHT="20" WC="0.96" CONTENT="97"/>
						</TextLine>
					</TextBlock>
				</ComposedBlock>
				<ComposedBlock ID="cblock_1" HPOS="100" VPOS="143" WIDTH="834" HEIGHT="1389">
					<TextBlock ID="block_1" HPOS="100" VPOS="143" WIDTH="827" HEIGHT="657">
						<TextLine ID="line_1" HPOS="100" VPOS="143" WIDTH="824" HEIGHT="28">
							<String ID="string_4" HPOS="100" VPOS="145" WIDTH="23" HEIGHT="20" WC="0.96" CONTENT="så"/><SP WIDTH="23" VPOS="145" HPOS="123"/>
							<String ID="string_5" HPOS="146" VPOS="145" WIDTH="39" HEIGHT="20" WC="0.96" CONTENT="har"/><SP WIDTH="16" VPOS="145" HPOS="185"/>
							<String ID="string_6" HPOS="201" VPOS="144" WIDTH="38" HEIGHT="27" WC="0.96" CONTENT="jag"/><SP WIDTH="18" VPOS="144" HPOS="239"/>
							<String ID="string_7" HPOS="257" VPOS="144" WIDTH="48" HEIGHT="20" WC="0.96" CONTENT="icke"/><SP WIDTH="20" VPOS="144" HPOS="305"/>
							<String ID="string_8" HPOS="325" VPOS="143" WIDTH="82" HEIGHT="21" WC="0.89" CONTENT="kunnat"/><SP WIDTH="14" VPOS="143" HPOS="407"/>
							<String ID="string_9" HPOS="421" VPOS="143" WIDTH="58" HEIGHT="22" WC="0.96" CONTENT="finna"/><SP WIDTH="12" VPOS="143" HPOS="479"/>
							<String ID="string_10" HPOS="491" VPOS="144" WIDTH="68" HEIGHT="27" WC="0.96" CONTENT="några"/><SP WIDTH="16" VPOS="144" HPOS="559"/>
							<String ID="string_11" HPOS="575" VPOS="143" WIDTH="54" HEIGHT="26" WC="0.96" CONTENT="skäl,"/><SP WIDTH="16" VPOS="143" HPOS="629"/>
							<String ID="string_12" HPOS="645" VPOS="150" WIDTH="45" HEIGHT="14" WC="0.96" CONTENT="som"/><SP WIDTH="17" VPOS="150" HPOS="690"/>
							<String ID="string_13" HPOS="707" VPOS="143" WIDTH="69" HEIGHT="21" WC="0.96" CONTENT="skulle"/><SP WIDTH="16" VPOS="143" HPOS="776"/>
							<String ID="string_14" HPOS="792" VPOS="143" WIDTH="43" HEIGHT="21" WC="0.94" CONTENT="tala"/><SP WIDTH="15" VPOS="143" HPOS="835"/>
							<String ID="string_15" HPOS="850" VPOS="145" WIDTH="33" HEIGHT="19" WC="0.96" CONTENT="för"/><SP WIDTH="16" VPOS="145" HPOS="883"/>
							<String ID="string_16" HPOS="899" VPOS="151" WIDTH="25" HEIGHT="14" WC="0.96" CONTENT="en"/>
						</TextLine>
						<TextLine ID="line_2" HPOS="100" VPOS="172" WIDTH="825" HEIGHT="27">
							<String ID="string_17" HPOS="100" VPOS="173" WIDTH="41" HEIGHT="20" WC="0.96" CONTENT="slik"/><SP WIDTH="23" VPOS="173" HPOS="141"/>
							<String ID="string_18" HPOS="164" VPOS="173" WIDTH="131" HEIGHT="26" WC="0.95" CONTENT="förhöjning,"/><SP WIDTH="23" VPOS="173" HPOS="295"/>
							<String ID="string_19" HPOS="318" VPOS="172" WIDTH="33" HEIGHT="26" WC="0.95" CONTENT="då,"/><SP WIDTH="20" VPOS="172" HPOS="351"/>
							<String ID="string_20" HPOS="371" VPOS="173" WIDTH="27" HEIGHT="26" WC="0.96" CONTENT="på"/><SP WIDTH="20" VPOS="173" HPOS="398"/>
							<String ID="string_21" HPOS="418" VPOS="174" WIDTH="43" HEIGHT="19" WC="0.95" CONTENT="sätt"/><SP WIDTH="18" VPOS="174" HPOS="461"/>
							<String ID="string_22" HPOS="479" VPOS="173" WIDTH="91" HEIGHT="20" WC="0.95" CONTENT="friherre"/><SP WIDTH="19" VPOS="173" HPOS="570"/>
							<String ID="string_23" HPOS="589" VPOS="172" WIDTH="63" HEIGHT="27" WC="0.96" CONTENT="Boije"/><SP WIDTH="16" VPOS="172" HPOS="652"/>
							<String ID="string_24" HPOS="668" VPOS="172" WIDTH="77" HEIGHT="26" WC="0.96" CONTENT="anfört,"/><SP WIDTH="17" VPOS="172" HPOS="745"/>
							<String ID="string_25" HPOS="762" VPOS="173" WIDTH="163" HEIGHT="20" WC="0.96" CONTENT="statsutskottet"/>
						</TextLine>
						<TextLine ID="line_3" HPOS="102" VPOS="201" WIDTH="822" HEIGHT="27">
							<String ID="string_26" HPOS="102" VPOS="202" WIDTH="105" HEIGHT="20" WC="0.96" CONTENT="beräknat"/><SP WIDTH="16" VPOS="202" HPOS="207"/>
							<String ID="string_27" HPOS="223" VPOS="201" WIDTH="97" HEIGHT="27" WC="0.96" CONTENT="anslaget"/><SP WIDTH="15" VPOS="201" HPOS="320"/>
							<String ID="string_28" HPOS="335" VPOS="201" WIDTH="32" HEIGHT="20" WC="0.93" CONTENT="för"/><SP WIDTH="16" VPOS="201" HPOS="367"/>
							<String ID="string_29" HPOS="383" VPOS="201" WIDTH="147" HEIGHT="20" WC="0.92" CONTENT="folkskolorna"/><SP WIDTH="12" VPOS="201" HPOS="530"/>
							<String ID="string_30" HPOS="542" VPOS="201" WIDTH="130" HEIGHT="26" WC="0.95" CONTENT="fullkomligt"/><SP WIDTH="11" VPOS="201" HPOS="672"/>
							<String ID="string_31" HPOS="683" VPOS="201" WIDTH="6" HEIGHT="20" WC="0.93" CONTENT="i"/><SP WIDTH="12" VPOS="201" HPOS="689"/>
							<String ID="string_32" HPOS="701" VPOS="201" WIDTH="223" HEIGHT="20" WC="0.88" CONTENT="öfverensstämmelse"/>
						</TextLine>
						<TextLine ID="line_4" HPOS="100" VPOS="229" WIDTH="824" HEIGHT="28">
							<String ID="string_33" HPOS="100" VPOS="229" WIDTH="48" HEIGHT="21" WC="0.95" CONTENT="med"/><SP WIDTH="21" VPOS="229" HPOS="148"/>
							<String ID="string_34" HPOS="169" VPOS="229" WIDTH="78" HEIGHT="28" WC="0.96" CONTENT="nådiga"/><SP WIDTH="15" VPOS="229" HPOS="247"/>
							<String ID="string_35" HPOS="262" VPOS="229" WIDTH="169" HEIGHT="28" WC="0.95" CONTENT="propositionen,"/><SP WIDTH="17" VPOS="229" HPOS="431"/>
							<String ID="string_36" HPOS="448" VPOS="232" WIDTH="56" HEIGHT="18" WC="0.96" CONTENT="samt"/><SP WIDTH="16" VPOS="232" HPOS="504"/>
							<String ID="string_37" HPOS="520" VPOS="229" WIDTH="37" HEIGHT="21" WC="0.96" CONTENT="det"/><SP WIDTH="15" VPOS="229" HPOS="557"/>
							<String ID="string_38" HPOS="572" VPOS="229" WIDTH="6" HEIGHT="20" WC="0.93" CONTENT="i"/><SP WIDTH="16" VPOS="229" HPOS="578"/>
							<String ID="string_39" HPOS="594" VPOS="229" WIDTH="146" HEIGHT="28" WC="0.91" CONTENT="petitionsväg"/><SP WIDTH="16" VPOS="229" HPOS="740"/>
							<String ID="string_40" HPOS="756" VPOS="229" WIDTH="79" HEIGHT="21" WC="0.93" CONTENT="väckta"/><SP WIDTH="15" VPOS="229" HPOS="835"/>
							<String ID="string_41" HPOS="850" VPOS="229" WIDTH="74" HEIGHT="21" WC="0.92" CONTENT="försla-"/>
						</TextLine>
						<TextLine ID="line_5" HPOS="100" VPOS="257" WIDTH="825" HEIGHT="29">
							<String ID="string_42" HPOS="100" VPOS="261" WIDTH="43" HEIGHT="25" WC="0.96" CONTENT="get,"/><SP WIDTH="17" VPOS="261" HPOS="143"/>
							<String ID="string_43" HPOS="160" VPOS="258" WIDTH="112" HEIGHT="27" WC="0.94" CONTENT="angående"/><SP WIDTH="17" VPOS="258" HPOS="272"/>
							<String ID="string_44" HPOS="289" VPOS="260" WIDTH="31" HEIGHT="18" WC="0.93" CONTENT="ett"/><SP WIDTH="16" VPOS="260" HPOS="320"/>
							<String ID="string_45" HPOS="336" VPOS="258" WIDTH="78" HEIGHT="21" WC="0.92" CONTENT="lärare-"/><SP WIDTH="12" VPOS="258" HPOS="414"/>
							<String ID="string_46" HPOS="426" VPOS="258" WIDTH="39" HEIGHT="20" WC="0.93" CONTENT="och"/><SP WIDTH="14" VPOS="258" HPOS="465"/>
							<String ID="string_47" HPOS="479" VPOS="258" WIDTH="246" HEIGHT="21" WC="0.91" CONTENT="lärarinneseminarium"/><SP WIDTH="12" VPOS="258" HPOS="725"/>
							<String ID="string_48" HPOS="737" VPOS="258" WIDTH="49" HEIGHT="20" WC="0.95" CONTENT="med"/><SP WIDTH="12" VPOS="258" HPOS="786"/>
							<String ID="string_49" HPOS="798" VPOS="257" WIDTH="82" HEIGHT="22" WC="0.93" CONTENT="finskan"/><SP WIDTH="13" VPOS="257" HPOS="880"/>
							<String ID="string_50" HPOS="893" VPOS="258" WIDTH="32" HEIGHT="21" WC="0.92" CONTENT="så-"/>
						</TextLine>
						<TextLine ID="line_6" HPOS="100" VPOS="286" WIDTH="826" HEIGHT="28">
							<String ID="string_51" HPOS="100" VPOS="294" WIDTH="45" HEIGHT="13" WC="0.93" CONTENT="som"/><SP WIDTH="25" VPOS="294" HPOS="145"/>
							<String ID="string_52" HPOS="170" VPOS="287" WIDTH="239" HEIGHT="27" WC="0.88" CONTENT="undervisningsspråk,"/><SP WIDTH="19" VPOS="287" HPOS="409"/>
							<String ID="string_53" HPOS="428" VPOS="286" WIDTH="47" HEIGHT="21" WC="0.96" CONTENT="icke"/><SP WIDTH="17" VPOS="286" HPOS="475"/>
							<String ID="string_54" HPOS="492" VPOS="287" WIDTH="118" HEIGHT="20" WC="0.95" CONTENT="innehåller"/><SP WIDTH="15" VPOS="287" HPOS="610"/>
							<String ID="string_55" HPOS="625" VPOS="287" WIDTH="119" HEIGHT="27" WC="0.96" CONTENT="någonting"/><SP WIDTH="15" VPOS="287" HPOS="744"/>
							<String ID="string_56" HPOS="759" VPOS="286" WIDTH="93" HEIGHT="21" WC="0.93" CONTENT="rörande"/><SP WIDTH="15" VPOS="286" HPOS="852"/>
							<String ID="string_57" HPOS="867" VPOS="287" WIDTH="59" HEIGHT="20" WC="0.91" CONTENT="kost-"/>
						</TextLine>
						<TextLine ID="line_7" HPOS="101" VPOS="315" WIDTH="825" HEIGHT="28">
							<String ID="string_58" HPOS="101" VPOS="316" WIDTH="78" HEIGHT="26" WC="0.96" CONTENT="naden,"/><SP WIDTH="24" VPOS="316" HPOS="179"/>
							<String ID="string_59" HPOS="203" VPOS="315" WIDTH="38" HEIGHT="21" WC="0.96" CONTENT="och"/><SP WIDTH="21" VPOS="315" HPOS="241"/>
							<String ID="string_60" HPOS="262" VPOS="315" WIDTH="162" HEIGHT="21" WC="0.96" CONTENT="statsutskottet"/><SP WIDTH="21" VPOS="315" HPOS="424"/>
							<String ID="string_61" HPOS="445" VPOS="315" WIDTH="83" HEIGHT="21" WC="0.96" CONTENT="således"/><SP WIDTH="19" VPOS="315" HPOS="528"/>
							<String ID="string_62" HPOS="547" VPOS="315" WIDTH="49" HEIGHT="21" WC="0.96" CONTENT="icke"/><SP WIDTH="16" VPOS="315" HPOS="596"/>
							<String ID="string_63" HPOS="612" VPOS="315" WIDTH="82" HEIGHT="25" WC="0.96" CONTENT="kunnat"/><SP WIDTH="16" VPOS="315" HPOS="694"/>
							<String ID="string_64" HPOS="710" VPOS="317" WIDTH="49" HEIGHT="26" WC="0.96" CONTENT="taga"/><SP WIDTH="17" VPOS="317" HPOS="759"/>
							<String ID="string_65" HPOS="776" VPOS="315" WIDTH="36" HEIGHT="21" WC="0.96" CONTENT="det"/><SP WIDTH="14" VPOS="315" HPOS="812"/>
							<String ID="string_66" HPOS="826" VPOS="315" WIDTH="7" HEIGHT="21" WC="0.92" CONTENT="i"/><SP WIDTH="16" VPOS="315" HPOS="833"/>
							<String ID="string_67" HPOS="849" VPOS="315" WIDTH="77" HEIGHT="21" WC="0.92" CONTENT="beräk-"/>
						</TextLine>
						<TextLine ID="line_8" HPOS="101" VPOS="343" WIDTH="824" HEIGHT="28">
							<String ID="string_68" HPOS="101" VPOS="345" WIDTH="60" HEIGHT="26" WC="0.95" CONTENT="ning;"/><SP WIDTH="21" VPOS="345" HPOS="161"/>
							<String ID="string_69" HPOS="182" VPOS="346" WIDTH="89" HEIGHT="25" WC="0.96" CONTENT="antages"/><SP WIDTH="16" VPOS="346" HPOS="271"/>
							<String ID="string_70" HPOS="287" VPOS="344" WIDTH="69" HEIGHT="20" WC="0.96" CONTENT="denna"/><SP WIDTH="17" VPOS="344" HPOS="356"/>
							<String ID="string_71" HPOS="373" VPOS="344" WIDTH="96" HEIGHT="27" WC="0.96" CONTENT="petition,"/><SP WIDTH="18" VPOS="344" HPOS="469"/>
							<String ID="string_72" HPOS="487" VPOS="345" WIDTH="23" HEIGHT="20" WC="0.96" CONTENT="så"/><SP WIDTH="16" VPOS="345" HPOS="510"/>
							<String ID="string_73" HPOS="526" VPOS="345" WIDTH="69" HEIGHT="20" WC="0.95" CONTENT="måste"/><SP WIDTH="16" VPOS="345" HPOS="595"/>
							<String ID="string_74" HPOS="611" VPOS="343" WIDTH="33" HEIGHT="21" WC="0.95" CONTENT="väl"/><SP WIDTH="17" VPOS="343" HPOS="644"/>
							<String ID="string_75" HPOS="661" VPOS="343" WIDTH="116" HEIGHT="22" WC="0.96" CONTENT="ständerna"/><SP WIDTH="16" VPOS="343" HPOS="777"/>
							<String ID="string_76" HPOS="793" VPOS="344" WIDTH="74" HEIGHT="21" WC="0.93" CONTENT="anvisa"/><SP WIDTH="16" VPOS="344" HPOS="867"/>
							<String ID="string_77" HPOS="883" VPOS="351" WIDTH="42" HEIGHT="14" WC="0.90" CONTENT="me-"/>
						</TextLine>
						<TextLine ID="line_9" HPOS="101" VPOS="372" WIDTH="824" HEIGHT="29">
							<String ID="string_78" HPOS="101" VPOS="373" WIDTH="32" HEIGHT="20" WC="0.93" CONTENT="del"/><SP WIDTH="25" VPOS="373" HPOS="133"/>
							<String ID="string_79" HPOS="158" VPOS="373" WIDTH="31" HEIGHT="20" WC="0.95" CONTENT="till"/><SP WIDTH="20" VPOS="373" HPOS="189"/>
							<String ID="string_80" HPOS="209" VPOS="373" WIDTH="130" HEIGHT="20" WC="0.94" CONTENT="densamma."/><SP WIDTH="31" VPOS="373" HPOS="339"/>
							<String ID="string_81" HPOS="370" VPOS="372" WIDTH="43" HEIGHT="21" WC="0.95" CONTENT="För"/><SP WIDTH="20" VPOS="372" HPOS="413"/>
							<String ID="string_82" HPOS="433" VPOS="374" WIDTH="31" HEIGHT="19" WC="0.95" CONTENT="att"/><SP WIDTH="19" VPOS="374" HPOS="464"/>
							<String ID="string_83" HPOS="483" VPOS="373" WIDTH="55" HEIGHT="20" WC="0.96" CONTENT="dock"/><SP WIDTH="21" VPOS="373" HPOS="538"/>
							<String ID="string_84" HPOS="559" VPOS="373" WIDTH="64" HEIGHT="26" WC="0.96" CONTENT="lugna"/><SP WIDTH="16" VPOS="373" HPOS="623"/>
							<String ID="string_85" HPOS="639" VPOS="372" WIDTH="54" HEIGHT="27" WC="0.96" CONTENT="dem,"/><SP WIDTH="18" VPOS="372" HPOS="693"/>
							<String ID="string_86" HPOS="711" VPOS="379" WIDTH="44" HEIGHT="14" WC="0.96" CONTENT="som"/><SP WIDTH="16" VPOS="379" HPOS="755"/>
							<String ID="string_87" HPOS="771" VPOS="373" WIDTH="101" HEIGHT="28" WC="0.96" CONTENT="möjligen"/><SP WIDTH="17" VPOS="373" HPOS="872"/>
							<String ID="string_88" HPOS="889" VPOS="374" WIDTH="36" HEIGHT="19" WC="0.96" CONTENT="äro"/>
						</TextLine>
						<TextLine ID="line_10" HPOS="101" VPOS="401" WIDTH="824" HEIGHT="28">
							<String ID="string_89" HPOS="101" VPOS="401" WIDTH="88" HEIGHT="28" WC="0.96" CONTENT="mycket"/><SP WIDTH="16" VPOS="401" HPOS="189"/>
							<String ID="string_90" HPOS="205" VPOS="401" WIDTH="66" HEIGHT="21" WC="0.96" CONTENT="rädda"/><SP WIDTH="16" VPOS="401" HPOS="271"/>
							<String ID="string_91" HPOS="287" VPOS="401" WIDTH="33" HEIGHT="20" WC="0.96" CONTENT="för"/><SP WIDTH="23" VPOS="401" HPOS="320"/>
							<String ID="string_92" HPOS="343" VPOS="403" WIDTH="32" HEIGHT="18" WC="0.93" CONTENT="att"/><SP WIDTH="16" VPOS="403" HPOS="375"/>
							<String ID="string_93" HPOS="391" VPOS="401" WIDTH="175" HEIGHT="21" WC="0.91" CONTENT="statsutskottets"/><SP WIDTH="16" VPOS="401" HPOS="566"/>
							<String ID="string_94" HPOS="582" VPOS="401" WIDTH="72" HEIGHT="27" WC="0.96" CONTENT="kalkyl"/><SP WIDTH="17" VPOS="401" HPOS="654"/>
							<String ID="string_95" HPOS="671" VPOS="402" WIDTH="24" HEIGHT="19" WC="0.96" CONTENT="är"/><SP WIDTH="16" VPOS="402" HPOS="695"/>
							<String ID="string_96" HPOS="711" VPOS="402" WIDTH="65" HEIGHT="26" WC="0.96" CONTENT="något"/><SP WIDTH="15" VPOS="402" HPOS="776"/>
							<String ID="string_97" HPOS="791" VPOS="401" WIDTH="83" HEIGHT="28" WC="0.90" CONTENT="knappt"/><SP WIDTH="11" VPOS="401" HPOS="874"/>
							<String ID="string_98" HPOS="885" VPOS="401" WIDTH="40" HEIGHT="20" WC="0.90" CONTENT="till-"/>
						</TextLine>
						<TextLine ID="line_11" HPOS="102" VPOS="430" WIDTH="823" HEIGHT="27">
							<String ID="string_99" HPOS="102" VPOS="432" WIDTH="71" HEIGHT="25" WC="0.95" CONTENT="tagen,"/><SP WIDTH="24" VPOS="432" HPOS="173"/>
							<String ID="string_100" HPOS="197" VPOS="430" WIDTH="49" HEIGHT="20" WC="0.95" CONTENT="ville"/><SP WIDTH="21" VPOS="430" HPOS="246"/>
							<String ID="string_101" HPOS="267" VPOS="430" WIDTH="38" HEIGHT="27" WC="0.96" CONTENT="jag"/><SP WIDTH="18" VPOS="430" HPOS="305"/>
							<String ID="string_102" HPOS="323" VPOS="431" WIDTH="121" HEIGHT="25" WC="0.94" CONTENT="omnämna,"/><SP WIDTH="22" VPOS="431" HPOS="444"/>
							<String ID="string_103" HPOS="466" VPOS="432" WIDTH="32" HEIGHT="18" WC="0.96" CONTENT="att"/><SP WIDTH="16" VPOS="432" HPOS="498"/>
							<String ID="string_104" HPOS="514" VPOS="430" WIDTH="27" HEIGHT="20" WC="0.96" CONTENT="då"/><SP WIDTH="16" VPOS="430" HPOS="541"/>
							<String ID="string_105" HPOS="557" VPOS="430" WIDTH="36" HEIGHT="20" WC="0.96" CONTENT="det"/><SP WIDTH="16" VPOS="430" HPOS="593"/>
							<String ID="string_106" HPOS="609" VPOS="430" WIDTH="27" HEIGHT="26" WC="0.96" CONTENT="på"/><SP WIDTH="16" VPOS="430" HPOS="636"/>
							<String ID="string_107" HPOS="652" VPOS="430" WIDTH="77" HEIGHT="26" WC="0.96" CONTENT="pagina"/><SP WIDTH="16" VPOS="430" HPOS="729"/>
							<String ID="string_108" HPOS="745" VPOS="430" WIDTH="12" HEIGHT="20" WC="0.96" CONTENT="5"/><SP WIDTH="16" VPOS="430" HPOS="757"/>
							<String ID="string_109" HPOS="773" VPOS="430" WIDTH="22" HEIGHT="20" WC="0.96" CONTENT="af"/><SP WIDTH="12" VPOS="430" HPOS="795"/>
							<String ID="string_110" HPOS="807" VPOS="430" WIDTH="118" HEIGHT="20" WC="0.95" CONTENT="utskottets"/>
						</TextLine>
						<TextLine ID="line_12" HPOS="102" VPOS="457" WIDTH="824" HEIGHT="28">
							<String ID="string_111" HPOS="102" VPOS="459" WIDTH="136" HEIGHT="20" WC="0.96" CONTENT="betänkande"/><SP WIDTH="17" VPOS="459" HPOS="238"/>
							<String ID="string_112" HPOS="255" VPOS="459" WIDTH="51" HEIGHT="25" WC="0.95" CONTENT="står,"/><SP WIDTH="17" VPOS="459" HPOS="306"/>
							<String ID="string_113" HPOS="323" VPOS="460" WIDTH="31" HEIGHT="18" WC="0.93" CONTENT="att"/><SP WIDTH="17" VPOS="460" HPOS="354"/>
							<String ID="string_114" HPOS="371" VPOS="458" WIDTH="154" HEIGHT="27" WC="0.92" CONTENT="utgiftsposten"/><SP WIDTH="17" VPOS="458" HPOS="525"/>
							<String ID="string_115" HPOS="542" VPOS="458" WIDTH="33" HEIGHT="20" WC="0.93" CONTENT="för"/><SP WIDTH="16" VPOS="458" HPOS="575"/>
							<String ID="string_116" HPOS="591" VPOS="458" WIDTH="164" HEIGHT="20" WC="0.92" CONTENT="blindanstalten"/><SP WIDTH="18" VPOS="458" HPOS="755"/>
							<String ID="string_117" HPOS="773" VPOS="458" WIDTH="5" HEIGHT="20" WC="0.95" CONTENT="i"/><SP WIDTH="11" VPOS="458" HPOS="778"/>
							<String ID="string_118" HPOS="789" VPOS="457" WIDTH="87" HEIGHT="28" WC="0.96" CONTENT="Kuopio"/><SP WIDTH="12" VPOS="457" HPOS="876"/>
							<String ID="string_119" HPOS="888" VPOS="458" WIDTH="38" HEIGHT="20" WC="0.95" CONTENT="har"/>
						</TextLine>
						<TextLine ID="line_13" HPOS="102" VPOS="486" WIDTH="822" HEIGHT="28">
							<String ID="string_120" HPOS="102" VPOS="487" WIDTH="78" HEIGHT="21" WC="0.96" CONTENT="utfallit"/><SP WIDTH="16" VPOS="487" HPOS="180"/>
							<String ID="string_121" HPOS="196" VPOS="487" WIDTH="48" HEIGHT="21" WC="0.93" CONTENT="med"/><SP WIDTH="17" VPOS="487" HPOS="244"/>
							<String ID="string_122" HPOS="261" VPOS="488" WIDTH="77" HEIGHT="25" WC="0.91" CONTENT="21,470"/><SP WIDTH="16" VPOS="488" HPOS="338"/>
							<String ID="string_123" HPOS="354" VPOS="487" WIDTH="61" HEIGHT="20" WC="0.96" CONTENT="mark"/><SP WIDTH="16" VPOS="487" HPOS="415"/>
							<String ID="string_124" HPOS="431" VPOS="487" WIDTH="58" HEIGHT="27" WC="0.96" CONTENT="lägre"/><SP WIDTH="17" VPOS="487" HPOS="489"/>
							<String ID="string_125" HPOS="506" VPOS="489" WIDTH="26" HEIGHT="18" WC="0.96" CONTENT="än"/><SP WIDTH="17" VPOS="489" HPOS="532"/>
							<String ID="string_126" HPOS="549" VPOS="487" WIDTH="40" HEIGHT="20" WC="0.96" CONTENT="den"/><SP WIDTH="17" VPOS="487" HPOS="589"/>
							<String ID="string_127" HPOS="606" VPOS="486" WIDTH="78" HEIGHT="28" WC="0.96" CONTENT="nådiga"/><SP WIDTH="10" VPOS="486" HPOS="684"/>
							<String ID="string_128" HPOS="694" VPOS="487" WIDTH="161" HEIGHT="27" WC="0.93" CONTENT="propositionen"/><SP WIDTH="12" VPOS="487" HPOS="855"/>
							<String ID="string_129" HPOS="867" VPOS="487" WIDTH="57" HEIGHT="21" WC="0.88" CONTENT="inne-"/>
						</TextLine>
						<TextLine ID="line_14" HPOS="102" VPOS="515" WIDTH="823" HEIGHT="27">
							<String ID="string_130" HPOS="102" VPOS="516" WIDTH="73" HEIGHT="25" WC="0.96" CONTENT="håller,"/><SP WIDTH="24" VPOS="516" HPOS="175"/>
							<String ID="string_131" HPOS="199" VPOS="517" WIDTH="22" HEIGHT="20" WC="0.96" CONTENT="så"/><SP WIDTH="20" VPOS="517" HPOS="221"/>
							<String ID="string_132" HPOS="241" VPOS="518" WIDTH="22" HEIGHT="19" WC="0.96" CONTENT="är"/><SP WIDTH="16" VPOS="518" HPOS="263"/>
							<String ID="string_133" HPOS="279" VPOS="516" WIDTH="36" HEIGHT="20" WC="0.96" CONTENT="det"/><SP WIDTH="16" VPOS="516" HPOS="315"/>
							<String ID="string_134" HPOS="331" VPOS="516" WIDTH="101" HEIGHT="20" WC="0.53" CONTENT="effektiva"/><SP WIDTH="17" VPOS="516" HPOS="432"/>
							<String ID="string_135" HPOS="449" VPOS="516" WIDTH="150" HEIGHT="24" WC="0.95" CONTENT="förhållandet,"/><SP WIDTH="18" VPOS="516" HPOS="599"/>
							<String ID="string_136" HPOS="617" VPOS="517" WIDTH="31" HEIGHT="19" WC="0.96" CONTENT="att"/><SP WIDTH="16" VPOS="517" HPOS="648"/>
							<String ID="string_137" HPOS="664" VPOS="515" WIDTH="69" HEIGHT="21" WC="0.96" CONTENT="denna"/><SP WIDTH="16" VPOS="515" HPOS="733"/>
							<String ID="string_138" HPOS="749" VPOS="516" WIDTH="64" HEIGHT="26" WC="0.96" CONTENT="utgift"/><SP WIDTH="16" VPOS="516" HPOS="813"/>
							<String ID="string_139" HPOS="829" VPOS="516" WIDTH="96" HEIGHT="20" WC="0.96" CONTENT="kommer"/>
						</TextLine>
						<TextLine ID="line_15" HPOS="101" VPOS="544" WIDTH="823" HEIGHT="28">
							<String ID="string_140" HPOS="101" VPOS="547" WIDTH="31" HEIGHT="18" WC="0.95" CONTENT="att"/><SP WIDTH="16" VPOS="547" HPOS="132"/>
							<String ID="string_141" HPOS="148" VPOS="545" WIDTH="51" HEIGHT="27" WC="0.96" CONTENT="utgå"/><SP WIDTH="16" VPOS="545" HPOS="199"/>
							<String ID="string_142" HPOS="215" VPOS="545" WIDTH="48" HEIGHT="20" WC="0.96" CONTENT="med"/><SP WIDTH="17" VPOS="545" HPOS="263"/>
							<String ID="string_143" HPOS="280" VPOS="546" WIDTH="55" HEIGHT="18" WC="0.95" CONTENT="ännu"/><SP WIDTH="17" VPOS="546" HPOS="335"/>
							<String ID="string_144" HPOS="352" VPOS="544" WIDTH="81" HEIGHT="20" WC="0.96" CONTENT="mindre"/><SP WIDTH="12" VPOS="544" HPOS="433"/>
							<String ID="string_145" HPOS="445" VPOS="544" WIDTH="85" HEIGHT="28" WC="0.95" CONTENT="belopp."/><SP WIDTH="15" VPOS="544" HPOS="530"/>
							<String ID="string_146" HPOS="545" VPOS="544" WIDTH="42" HEIGHT="27" WC="0.96" CONTENT="Jag"/><SP WIDTH="12" VPOS="544" HPOS="587"/>
							<String ID="string_147" HPOS="599" VPOS="544" WIDTH="38" HEIGHT="20" WC="0.96" CONTENT="har"/><SP WIDTH="12" VPOS="544" HPOS="637"/>
							<String ID="string_148" HPOS="649" VPOS="544" WIDTH="110" HEIGHT="26" WC="0.95" CONTENT="beräknat,"/><SP WIDTH="12" VPOS="544" HPOS="759"/>
							<String ID="string_149" HPOS="771" VPOS="546" WIDTH="32" HEIGHT="18" WC="0.95" CONTENT="att"/><SP WIDTH="11" VPOS="546" HPOS="803"/>
							<String ID="string_150" HPOS="814" VPOS="544" WIDTH="40" HEIGHT="20" WC="0.93" CONTENT="den"/><SP WIDTH="12" VPOS="544" HPOS="854"/>
							<String ID="string_151" HPOS="866" VPOS="544" WIDTH="58" HEIGHT="20" WC="0.92" CONTENT="kom-"/>
						</TextLine>
						<TextLine ID="line_16" HPOS="102" VPOS="572" WIDTH="823" HEIGHT="28">
							<String ID="string_152" HPOS="102" VPOS="580" WIDTH="45" HEIGHT="14" WC="0.96" CONTENT="mer"/><SP WIDTH="24" VPOS="580" HPOS="147"/>
							<String ID="string_153" HPOS="171" VPOS="575" WIDTH="31" HEIGHT="19" WC="0.96" CONTENT="att"/><SP WIDTH="24" VPOS="575" HPOS="202"/>
							<String ID="string_154" HPOS="226" VPOS="574" WIDTH="51" HEIGHT="26" WC="0.81" CONTENT="utgä"/><SP WIDTH="19" VPOS="574" HPOS="277"/>
							<String ID="string_155" HPOS="296" VPOS="572" WIDTH="47" HEIGHT="22" WC="0.93" CONTENT="med"/><SP WIDTH="20" VPOS="572" HPOS="343"/>
							<String ID="string_156" HPOS="363" VPOS="574" WIDTH="76" HEIGHT="24" WC="0.91" CONTENT="51,000"/><SP WIDTH="16" VPOS="574" HPOS="439"/>
							<String ID="string_157" HPOS="455" VPOS="574" WIDTH="72" HEIGHT="20" WC="0.96" CONTENT="marks"/><SP WIDTH="16" VPOS="574" HPOS="527"/>
							<String ID="string_158" HPOS="543" VPOS="572" WIDTH="84" HEIGHT="21" WC="0.96" CONTENT="mindre"/><SP WIDTH="17" VPOS="572" HPOS="627"/>
							<String ID="string_159" HPOS="644" VPOS="572" WIDTH="77" HEIGHT="28" WC="0.95" CONTENT="belopp"/><SP WIDTH="16" VPOS="572" HPOS="721"/>
							<String ID="string_160" HPOS="737" VPOS="573" WIDTH="54" HEIGHT="21" WC="0.96" CONTENT="efter"/><SP WIDTH="16" VPOS="573" HPOS="791"/>
							<String ID="string_161" HPOS="807" VPOS="573" WIDTH="37" HEIGHT="21" WC="0.93" CONTENT="det"/><SP WIDTH="15" VPOS="573" HPOS="844"/>
							<String ID="string_162" HPOS="859" VPOS="573" WIDTH="66" HEIGHT="20" WC="0.91" CONTENT="resul-"/>
						</TextLine>
						<TextLine ID="line_17" HPOS="102" VPOS="601" WIDTH="822" HEIGHT="27">
							<String ID="string_163" HPOS="102" VPOS="604" WIDTH="38" HEIGHT="24" WC="0.96" CONTENT="tat,"/><SP WIDTH="24" VPOS="604" HPOS="140"/>
							<String ID="string_164" HPOS="164" VPOS="609" WIDTH="45" HEIGHT="13" WC="0.93" CONTENT="som"/><SP WIDTH="25" VPOS="609" HPOS="209"/>
							<String ID="string_165" HPOS="234" VPOS="602" WIDTH="78" HEIGHT="20" WC="0.92" CONTENT="erhölls"/><SP WIDTH="19" VPOS="602" HPOS="312"/>
							<String ID="string_166" HPOS="331" VPOS="601" WIDTH="34" HEIGHT="21" WC="0.96" CONTENT="vid"/><SP WIDTH="21" VPOS="601" HPOS="365"/>
							<String ID="string_167" HPOS="386" VPOS="602" WIDTH="36" HEIGHT="20" WC="0.93" CONTENT="dot"/><SP WIDTH="18" VPOS="602" HPOS="422"/>
							<String ID="string_168" HPOS="440" VPOS="602" WIDTH="120" HEIGHT="20" WC="0.93" CONTENT="förstärkta"/><SP WIDTH="16" VPOS="602" HPOS="560"/>
							<String ID="string_169" HPOS="576" VPOS="601" WIDTH="173" HEIGHT="21" WC="0.92" CONTENT="statsutskottets"/><SP WIDTH="16" VPOS="601" HPOS="749"/>
							<String ID="string_170" HPOS="765" VPOS="604" WIDTH="86" HEIGHT="18" WC="0.56" CONTENT="senaste"/><SP WIDTH="17" VPOS="604" HPOS="851"/>
							<String ID="string_171" HPOS="868" VPOS="604" WIDTH="56" HEIGHT="18" WC="0.91" CONTENT="vote-"/>
						</TextLine>
						<TextLine ID="line_18" HPOS="103" VPOS="630" WIDTH="823" HEIGHT="28">
							<String ID="string_172" HPOS="103" VPOS="631" WIDTH="53" HEIGHT="27" WC="0.95" CONTENT="ring,"/><SP WIDTH="25" VPOS="631" HPOS="156"/>
							<String ID="string_173" HPOS="181" VPOS="630" WIDTH="26" HEIGHT="21" WC="0.92" CONTENT="dä"/><SP WIDTH="20" VPOS="630" HPOS="207"/>
							<String ID="string_174" HPOS="227" VPOS="631" WIDTH="96" HEIGHT="27" WC="0.92" CONTENT="anslagot"/><SP WIDTH="17" VPOS="631" HPOS="323"/>
							<String ID="string_175" HPOS="340" VPOS="630" WIDTH="105" HEIGHT="28" WC="0.81" CONTENT="betydligt"/><SP WIDTH="16" VPOS="630" HPOS="445"/>
							<String ID="string_176" HPOS="461" VPOS="630" WIDTH="130" HEIGHT="20" WC="0.92" CONTENT="minskades."/><SP WIDTH="32" VPOS="630" HPOS="591"/>
							<String ID="string_177" HPOS="623" VPOS="630" WIDTH="32" HEIGHT="20" WC="0.87" CONTENT="Dä"/><SP WIDTH="17" VPOS="630" HPOS="655"/>
							<String ID="string_178" HPOS="672" VPOS="630" WIDTH="164" HEIGHT="20" WC="0.88" CONTENT="statsutskottet"/><SP WIDTH="14" VPOS="630" HPOS="836"/>
							<String ID="string_179" HPOS="850" VPOS="630" WIDTH="76" HEIGHT="28" WC="0.92" CONTENT="gjorde"/>
						</TextLine>
						<TextLine ID="line_19" HPOS="103" VPOS="658" WIDTH="823" HEIGHT="29">
							<String ID="string_180" HPOS="103" VPOS="666" WIDTH="42" HEIGHT="21" WC="0.95" CONTENT="upp"/><SP WIDTH="18" VPOS="666" HPOS="145"/>
							<String ID="string_181" HPOS="163" VPOS="659" WIDTH="31" HEIGHT="20" WC="0.93" CONTENT="sin"/><SP WIDTH="18" VPOS="659" HPOS="194"/>
							<String ID="string_182" HPOS="212" VPOS="659" WIDTH="79" HEIGHT="27" WC="0.95" CONTENT="kalkyl,"/><SP WIDTH="17" VPOS="659" HPOS="291"/>
							<String ID="string_183" HPOS="308" VPOS="658" WIDTH="53" HEIGHT="21" WC="0.92" CONTENT="hade"/><SP WIDTH="17" VPOS="658" HPOS="361"/>
							<String ID="string_184" HPOS="378" VPOS="659" WIDTH="35" HEIGHT="20" WC="0.93" CONTENT="det"/><SP WIDTH="17" VPOS="659" HPOS="413"/>
							<String ID="string_185" HPOS="430" VPOS="659" WIDTH="111" HEIGHT="27" WC="0.96" CONTENT="ingenting"/><SP WIDTH="16" VPOS="659" HPOS="541"/>
							<String ID="string_186" HPOS="557" VPOS="661" WIDTH="66" HEIGHT="18" WC="0.96" CONTENT="annat"/><SP WIDTH="16" VPOS="661" HPOS="623"/>
							<String ID="string_187" HPOS="639" VPOS="660" WIDTH="30" HEIGHT="19" WC="0.93" CONTENT="att"/><SP WIDTH="12" VPOS="660" HPOS="669"/>
							<String ID="string_188" HPOS="681" VPOS="658" WIDTH="55" HEIGHT="21" WC="0.96" CONTENT="hålla"/><SP WIDTH="11" VPOS="658" HPOS="736"/>
							<String ID="string_189" HPOS="747" VPOS="659" WIDTH="32" HEIGHT="27" WC="0.95" CONTENT="sig"/><SP WIDTH="12" VPOS="659" HPOS="779"/>
							<String ID="string_190" HPOS="791" VPOS="659" WIDTH="30" HEIGHT="20" WC="0.96" CONTENT="till"/><SP WIDTH="12" VPOS="659" HPOS="821"/>
							<String ID="string_191" HPOS="833" VPOS="660" WIDTH="25" HEIGHT="19" WC="0.93" CONTENT="än"/><SP WIDTH="13" VPOS="660" HPOS="858"/>
							<String ID="string_192" HPOS="871" VPOS="666" WIDTH="55" HEIGHT="13" WC="0.90" CONTENT="sam-"/>
						</TextLine>
						<TextLine ID="line_20" HPOS="103" VPOS="687" WIDTH="824" HEIGHT="28">
							<String ID="string_193" HPOS="103" VPOS="690" WIDTH="106" HEIGHT="18" WC="0.92" CONTENT="mansatta"/><SP WIDTH="17" VPOS="690" HPOS="209"/>
							<String ID="string_194" HPOS="226" VPOS="690" WIDTH="62" HEIGHT="18" WC="0.90" CONTENT="stats-"/><SP WIDTH="18" VPOS="690" HPOS="288"/>
							<String ID="string_195" HPOS="306" VPOS="688" WIDTH="38" HEIGHT="20" WC="0.92" CONTENT="och"/><SP WIDTH="12" VPOS="688" HPOS="344"/>
							<String ID="string_196" HPOS="356" VPOS="688" WIDTH="220" HEIGHT="20" WC="0.30" CONTENT="ekonomiutskottets"/><SP WIDTH="12" VPOS="688" HPOS="576"/>
							<String ID="string_197" HPOS="588" VPOS="688" WIDTH="79" HEIGHT="26" WC="0.96" CONTENT="förslag"/><SP WIDTH="11" VPOS="688" HPOS="667"/>
							<String ID="string_198" HPOS="678" VPOS="687" WIDTH="30" HEIGHT="20" WC="0.93" CONTENT="till"/><SP WIDTH="12" VPOS="687" HPOS="708"/>
							<String ID="string_199" HPOS="720" VPOS="687" WIDTH="207" HEIGHT="28" WC="0.92" CONTENT="sammanjemkning"/>
						</TextLine>
						<TextLine ID="line_21" HPOS="102" VPOS="716" WIDTH="824" HEIGHT="27">
							<String ID="string_200" HPOS="102" VPOS="717" WIDTH="22" HEIGHT="19" WC="0.91" CONTENT="af"/><SP WIDTH="15" VPOS="717" HPOS="124"/>
							<String ID="string_201" HPOS="139" VPOS="716" WIDTH="102" HEIGHT="21" WC="0.91" CONTENT="ständens"/><SP WIDTH="18" VPOS="716" HPOS="241"/>
							<String ID="string_202" HPOS="259" VPOS="716" WIDTH="108" HEIGHT="20" WC="0.95" CONTENT="stridande"/><SP WIDTH="17" VPOS="716" HPOS="367"/>
							<String ID="string_203" HPOS="384" VPOS="716" WIDTH="80" HEIGHT="27" WC="0.93" CONTENT="beslut;"/><SP WIDTH="17" VPOS="716" HPOS="464"/>
							<String ID="string_204" HPOS="481" VPOS="716" WIDTH="324" HEIGHT="27" WC="0.32" CONTENT="sammanjemkningsförslagot"/><SP WIDTH="17" VPOS="716" HPOS="805"/>
							<String ID="string_205" HPOS="822" VPOS="716" WIDTH="44" HEIGHT="20" WC="0.96" CONTENT="blef"/><SP WIDTH="14" VPOS="716" HPOS="866"/>
							<String ID="string_206" HPOS="880" VPOS="716" WIDTH="46" HEIGHT="20" WC="0.96" CONTENT="icke"/>
						</TextLine>
						<TextLine ID="line_22" HPOS="102" VPOS="744" WIDTH="824" HEIGHT="28">
							<String ID="string_207" HPOS="102" VPOS="746" WIDTH="23" HEIGHT="20" WC="0.91" CONTENT="af"/><SP WIDTH="14" VPOS="746" HPOS="125"/>
							<String ID="string_208" HPOS="139" VPOS="745" WIDTH="116" HEIGHT="20" WC="0.95" CONTENT="ständerna"/><SP WIDTH="18" VPOS="745" HPOS="255"/>
							<String ID="string_209" HPOS="273" VPOS="747" WIDTH="93" HEIGHT="25" WC="0.95" CONTENT="antaget,"/><SP WIDTH="15" VPOS="747" HPOS="366"/>
							<String ID="string_210" HPOS="381" VPOS="747" WIDTH="51" HEIGHT="18" WC="0.95" CONTENT="utan"/><SP WIDTH="18" VPOS="747" HPOS="432"/>
							<String ID="string_211" HPOS="450" VPOS="746" WIDTH="66" HEIGHT="19" WC="0.93" CONTENT="sakon"/><SP WIDTH="12" VPOS="746" HPOS="516"/>
							<String ID="string_212" HPOS="528" VPOS="744" WIDTH="151" HEIGHT="21" WC="0.96" CONTENT="remitterades"/><SP WIDTH="13" VPOS="744" HPOS="679"/>
							<String ID="string_213" HPOS="692" VPOS="744" WIDTH="30" HEIGHT="20" WC="0.92" CONTENT="till"/><SP WIDTH="12" VPOS="744" HPOS="722"/>
							<String ID="string_214" HPOS="734" VPOS="744" WIDTH="117" HEIGHT="22" WC="0.93" CONTENT="förstärkta"/><SP WIDTH="11" VPOS="744" HPOS="851"/>
							<String ID="string_215" HPOS="862" VPOS="746" WIDTH="64" HEIGHT="19" WC="0.93" CONTENT="stats-"/>
						</TextLine>
						<TextLine ID="line_23" HPOS="102" VPOS="773" WIDTH="615" HEIGHT="27">
							<String ID="string_216" HPOS="102" VPOS="774" WIDTH="115" HEIGHT="24" WC="0.85" CONTENT="utskottet,"/><SP WIDTH="17" VPOS="774" HPOS="217"/>
							<String ID="string_217" HPOS="234" VPOS="773" WIDTH="87" HEIGHT="24" WC="0.94" CONTENT="hvilket,"/><SP WIDTH="17" VPOS="773" HPOS="321"/>
							<String ID="string_218" HPOS="338" VPOS="774" WIDTH="69" HEIGHT="19" WC="0.93" CONTENT="såsom"/><SP WIDTH="17" VPOS="774" HPOS="407"/>
							<String ID="string_219" HPOS="424" VPOS="774" WIDTH="69" HEIGHT="26" WC="0.92" CONTENT="sagdt,"/><SP WIDTH="18" VPOS="774" HPOS="493"/>
							<String ID="string_220" HPOS="511" VPOS="774" WIDTH="86" HEIGHT="20" WC="0.95" CONTENT="nedsatt"/><SP WIDTH="16" VPOS="774" HPOS="597"/>
							<String ID="string_221" HPOS="613" VPOS="773" WIDTH="104" HEIGHT="27" WC="0.95" CONTENT="anslaget."/>
						</TextLine>
					</TextBlock>
					<TextBlock ID="block_2" HPOS="102" VPOS="801" WIDTH="827" HEIGHT="256">
						<TextLine ID="line_24" HPOS="172" VPOS="801" WIDTH="755" HEIGHT="28">
							<String ID="string_222" HPOS="172" VPOS="802" WIDTH="56" HEIGHT="20" WC="0.92" CONTENT="Herr"/><SP WIDTH="24" VPOS="802" HPOS="228"/>
							<String ID="string_223" HPOS="252" VPOS="802" WIDTH="202" HEIGHT="27" WC="0.90" CONTENT="Langenskiöld:"/><SP WIDTH="21" VPOS="802" HPOS="454"/>
							<String ID="string_224" HPOS="475" VPOS="802" WIDTH="43" HEIGHT="27" WC="0.96" CONTENT="Jag"/><SP WIDTH="18" VPOS="802" HPOS="518"/>
							<String ID="string_225" HPOS="536" VPOS="801" WIDTH="96" HEIGHT="21" WC="0.96" CONTENT="önskade"/><SP WIDTH="20" VPOS="801" HPOS="632"/>
							<String ID="string_226" HPOS="652" VPOS="802" WIDTH="54" HEIGHT="20" WC="0.96" CONTENT="blott"/><SP WIDTH="17" VPOS="802" HPOS="706"/>
							<String ID="string_227" HPOS="723" VPOS="804" WIDTH="30" HEIGHT="18" WC="0.96" CONTENT="att"/><SP WIDTH="13" VPOS="804" HPOS="753"/>
							<String ID="string_228" HPOS="766" VPOS="802" WIDTH="124" HEIGHT="27" WC="0.96" CONTENT="ödmjukast"/><SP WIDTH="16" VPOS="802" HPOS="890"/>
							<String ID="string_229" HPOS="906" VPOS="801" WIDTH="21" HEIGHT="21" WC="0.96" CONTENT="få"/>
						</TextLine>
						<TextLine ID="line_25" HPOS="102" VPOS="830" WIDTH="825" HEIGHT="28">
							<String ID="string_230" HPOS="102" VPOS="831" WIDTH="111" HEIGHT="26" WC="0.96" CONTENT="anmärka,"/><SP WIDTH="24" VPOS="831" HPOS="213"/>
							<String ID="string_231" HPOS="237" VPOS="833" WIDTH="32" HEIGHT="18" WC="0.96" CONTENT="att"/><SP WIDTH="22" VPOS="833" HPOS="269"/>
							<String ID="string_232" HPOS="291" VPOS="838" WIDTH="46" HEIGHT="13" WC="0.95" CONTENT="man"/><SP WIDTH="21" VPOS="838" HPOS="337"/>
							<String ID="string_233" HPOS="358" VPOS="837" WIDTH="77" HEIGHT="20" WC="0.95" CONTENT="genom"/><SP WIDTH="21" VPOS="837" HPOS="435"/>
							<String ID="string_234" HPOS="456" VPOS="830" WIDTH="36" HEIGHT="21" WC="0.95" CONTENT="det"/><SP WIDTH="17" VPOS="830" HPOS="492"/>
							<String ID="string_235" HPOS="509" VPOS="830" WIDTH="87" HEIGHT="27" WC="0.95" CONTENT="förslag,"/><SP WIDTH="17" VPOS="830" HPOS="596"/>
							<String ID="string_236" HPOS="613" VPOS="837" WIDTH="44" HEIGHT="13" WC="0.93" CONTENT="som"/><SP WIDTH="18" VPOS="837" HPOS="657"/>
							<String ID="string_237" HPOS="675" VPOS="832" WIDTH="136" HEIGHT="19" WC="0.92" CONTENT="reservanten"/><SP WIDTH="18" VPOS="832" HPOS="811"/>
							<String ID="string_238" HPOS="829" VPOS="830" WIDTH="98" HEIGHT="28" WC="0.92" CONTENT="Montgo-"/>
						</TextLine>
						<TextLine ID="line_26" HPOS="103" VPOS="858" WIDTH="824" HEIGHT="28">
							<String ID="string_239" HPOS="103" VPOS="866" WIDTH="59" HEIGHT="20" WC="0.89" CONTENT="mery"/><SP WIDTH="24" VPOS="866" HPOS="162"/>
							<String ID="string_240" HPOS="186" VPOS="859" WIDTH="48" HEIGHT="21" WC="0.95" CONTENT="med"/><SP WIDTH="24" VPOS="859" HPOS="234"/>
							<String ID="string_241" HPOS="258" VPOS="859" WIDTH="53" HEIGHT="21" WC="0.95" CONTENT="flere"/><SP WIDTH="24" VPOS="859" HPOS="311"/>
							<String ID="string_242" HPOS="335" VPOS="859" WIDTH="118" HEIGHT="25" WC="0.95" CONTENT="framställt,"/><SP WIDTH="24" VPOS="859" HPOS="453"/>
							<String ID="string_243" HPOS="477" VPOS="860" WIDTH="56" HEIGHT="20" WC="0.96" CONTENT="efter"/><SP WIDTH="22" VPOS="860" HPOS="533"/>
							<String ID="string_244" HPOS="555" VPOS="859" WIDTH="43" HEIGHT="20" WC="0.93" CONTENT="min"/><SP WIDTH="24" VPOS="859" HPOS="598"/>
							<String ID="string_245" HPOS="622" VPOS="859" WIDTH="143" HEIGHT="27" WC="0.90" CONTENT="öfvertygelse"/><SP WIDTH="19" VPOS="859" HPOS="765"/>
							<String ID="string_246" HPOS="784" VPOS="859" WIDTH="97" HEIGHT="21" WC="0.95" CONTENT="kommer"/><SP WIDTH="16" VPOS="859" HPOS="881"/>
							<String ID="string_247" HPOS="897" VPOS="858" WIDTH="30" HEIGHT="21" WC="0.96" CONTENT="till"/>
						</TextLine>
						<TextLine ID="line_27" HPOS="103" VPOS="887" WIDTH="824" HEIGHT="28">
							<String ID="string_248" HPOS="103" VPOS="895" WIDTH="82" HEIGHT="13" WC="0.96" CONTENT="samma"/><SP WIDTH="16" VPOS="895" HPOS="185"/>
							<String ID="string_249" HPOS="201" VPOS="888" WIDTH="55" HEIGHT="27" WC="0.96" CONTENT="goda"/><SP WIDTH="16" VPOS="888" HPOS="256"/>
							<String ID="string_250" HPOS="272" VPOS="888" WIDTH="91" HEIGHT="20" WC="0.96" CONTENT="resultat"/><SP WIDTH="15" VPOS="888" HPOS="363"/>
							<String ID="string_251" HPOS="378" VPOS="894" WIDTH="44" HEIGHT="14" WC="0.95" CONTENT="som"/><SP WIDTH="19" VPOS="894" HPOS="422"/>
							<String ID="string_252" HPOS="441" VPOS="888" WIDTH="42" HEIGHT="26" WC="0.93" CONTENT="det,"/><SP WIDTH="15" VPOS="888" HPOS="483"/>
							<String ID="string_253" HPOS="498" VPOS="888" WIDTH="85" HEIGHT="20" WC="0.92" CONTENT="hvartill"/><SP WIDTH="18" VPOS="888" HPOS="583"/>
							<String ID="string_254" HPOS="601" VPOS="890" WIDTH="137" HEIGHT="18" WC="0.92" CONTENT="reservanten"/><SP WIDTH="17" VPOS="890" HPOS="738"/>
							<String ID="string_255" HPOS="755" VPOS="887" WIDTH="121" HEIGHT="21" WC="0.93" CONTENT="Schauman"/><SP WIDTH="15" VPOS="887" HPOS="876"/>
							<String ID="string_256" HPOS="891" VPOS="889" WIDTH="36" HEIGHT="19" WC="0.92" CONTENT="ön-"/>
						</TextLine>
						<TextLine ID="line_28" HPOS="104" VPOS="916" WIDTH="825" HEIGHT="28">
							<String ID="string_257" HPOS="104" VPOS="917" WIDTH="48" HEIGHT="20" WC="0.96" CONTENT="skat"/><SP WIDTH="17" VPOS="917" HPOS="152"/>
							<String ID="string_258" HPOS="169" VPOS="917" WIDTH="91" HEIGHT="24" WC="0.96" CONTENT="komma,"/><SP WIDTH="17" VPOS="917" HPOS="260"/>
							<String ID="string_259" HPOS="277" VPOS="916" WIDTH="96" HEIGHT="26" WC="0.96" CONTENT="emedan,"/><SP WIDTH="17" VPOS="916" HPOS="373"/>
							<String ID="string_260" HPOS="390" VPOS="916" WIDTH="67" HEIGHT="28" WC="0.96" CONTENT="enligt"/><SP WIDTH="14" VPOS="916" HPOS="457"/>
							<String ID="string_261" HPOS="471" VPOS="916" WIDTH="43" HEIGHT="20" WC="0.91" CONTENT="min"/><SP WIDTH="17" VPOS="916" HPOS="514"/>
							<String ID="string_262" HPOS="531" VPOS="916" WIDTH="153" HEIGHT="27" WC="0.91" CONTENT="öfvertygelse,"/><SP WIDTH="12" VPOS="916" HPOS="684"/>
							<String ID="string_263" HPOS="696" VPOS="916" WIDTH="36" HEIGHT="20" WC="0.93" CONTENT="det"/><SP WIDTH="11" VPOS="916" HPOS="732"/>
							<String ID="string_264" HPOS="743" VPOS="916" WIDTH="100" HEIGHT="28" WC="0.91" CONTENT="temligen"/><SP WIDTH="12" VPOS="916" HPOS="843"/>
							<String ID="string_265" HPOS="855" VPOS="916" WIDTH="74" HEIGHT="20" WC="0.96" CONTENT="säkert"/>
						</TextLine>
						<TextLine ID="line_29" HPOS="104" VPOS="944" WIDTH="824" HEIGHT="28">
							<String ID="string_266" HPOS="104" VPOS="946" WIDTH="40" HEIGHT="19" WC="0.93" CONTENT="kan"/><SP WIDTH="18" VPOS="946" HPOS="144"/>
							<String ID="string_267" HPOS="162" VPOS="945" WIDTH="113" HEIGHT="27" WC="0.91" CONTENT="påräknas,"/><SP WIDTH="18" VPOS="945" HPOS="275"/>
							<String ID="string_268" HPOS="293" VPOS="948" WIDTH="32" HEIGHT="17" WC="0.96" CONTENT="att"/><SP WIDTH="16" VPOS="948" HPOS="325"/>
							<String ID="string_269" HPOS="341" VPOS="945" WIDTH="104" HEIGHT="27" WC="0.96" CONTENT="styrelsen"/><SP WIDTH="17" VPOS="945" HPOS="445"/>
							<String ID="string_270" HPOS="462" VPOS="945" WIDTH="48" HEIGHT="20" WC="0.96" CONTENT="icke"/><SP WIDTH="17" VPOS="945" HPOS="510"/>
							<String ID="string_271" HPOS="527" VPOS="945" WIDTH="68" HEIGHT="20" WC="0.93" CONTENT="skulle"/><SP WIDTH="15" VPOS="945" HPOS="595"/>
							<String ID="string_272" HPOS="610" VPOS="945" WIDTH="53" HEIGHT="20" WC="0.92" CONTENT="afslå"/><SP WIDTH="12" VPOS="945" HPOS="663"/>
							<String ID="string_273" HPOS="675" VPOS="945" WIDTH="145" HEIGHT="26" WC="0.96" CONTENT="ansökningen"/><SP WIDTH="12" VPOS="945" HPOS="820"/>
							<String ID="string_274" HPOS="832" VPOS="944" WIDTH="34" HEIGHT="21" WC="0.96" CONTENT="för"/><SP WIDTH="10" VPOS="944" HPOS="866"/>
							<String ID="string_275" HPOS="876" VPOS="945" WIDTH="52" HEIGHT="20" WC="0.96" CONTENT="flere"/>
						</TextLine>
						<TextLine ID="line_30" HPOS="104" VPOS="973" WIDTH="824" HEIGHT="27">
							<String ID="string_276" HPOS="104" VPOS="973" WIDTH="83" HEIGHT="20" WC="0.96" CONTENT="skolors"/><SP WIDTH="24" VPOS="973" HPOS="187"/>
							<String ID="string_277" HPOS="211" VPOS="973" WIDTH="123" HEIGHT="20" WC="0.96" CONTENT="inrättande"/><SP WIDTH="23" VPOS="973" HPOS="334"/>
							<String ID="string_278" HPOS="357" VPOS="973" WIDTH="5" HEIGHT="20" WC="0.96" CONTENT="i"/><SP WIDTH="22" VPOS="973" HPOS="362"/>
							<String ID="string_279" HPOS="384" VPOS="980" WIDTH="25" HEIGHT="13" WC="0.96" CONTENT="en"/><SP WIDTH="18" VPOS="980" HPOS="409"/>
							<String ID="string_280" HPOS="427" VPOS="974" WIDTH="109" HEIGHT="23" WC="0.96" CONTENT="kommun,"/><SP WIDTH="17" VPOS="974" HPOS="536"/>
							<String ID="string_281" HPOS="553" VPOS="974" WIDTH="24" HEIGHT="20" WC="0.93" CONTENT="så"/><SP WIDTH="15" VPOS="974" HPOS="577"/>
							<String ID="string_282" HPOS="592" VPOS="974" WIDTH="65" HEIGHT="19" WC="0.93" CONTENT="framt"/><SP WIDTH="16" VPOS="974" HPOS="657"/>
							<String ID="string_283" HPOS="673" VPOS="973" WIDTH="36" HEIGHT="20" WC="0.93" CONTENT="det"/><SP WIDTH="16" VPOS="973" HPOS="709"/>
							<String ID="string_284" HPOS="725" VPOS="973" WIDTH="93" HEIGHT="27" WC="0.88" CONTENT="ringaste"/><SP WIDTH="17" VPOS="973" HPOS="818"/>
							<String ID="string_285" HPOS="835" VPOS="973" WIDTH="46" HEIGHT="20" WC="0.96" CONTENT="skäl"/><SP WIDTH="17" VPOS="973" HPOS="881"/>
							<String ID="string_286" HPOS="898" VPOS="973" WIDTH="30" HEIGHT="20" WC="0.96" CONTENT="till"/>
						</TextLine>
						<TextLine ID="line_31" HPOS="104" VPOS="1001" WIDTH="824" HEIGHT="28">
							<String ID="string_287" HPOS="104" VPOS="1002" WIDTH="56" HEIGHT="20" WC="0.92" CONTENT="bifall"/><SP WIDTH="13" VPOS="1002" HPOS="160"/>
							<String ID="string_288" HPOS="173" VPOS="1001" WIDTH="138" HEIGHT="21" WC="0.88" CONTENT="förekomme."/><SP WIDTH="25" VPOS="1001" HPOS="311"/>
							<String ID="string_289" HPOS="336" VPOS="1001" WIDTH="41" HEIGHT="28" WC="0.96" CONTENT="Jag"/><SP WIDTH="11" VPOS="1001" HPOS="377"/>
							<String ID="string_290" HPOS="388" VPOS="1002" WIDTH="32" HEIGHT="20" WC="0.93" CONTENT="får"/><SP WIDTH="11" VPOS="1002" HPOS="420"/>
							<String ID="string_291" HPOS="431" VPOS="1001" WIDTH="85" HEIGHT="21" WC="0.92" CONTENT="derföre"/><SP WIDTH="12" VPOS="1001" HPOS="516"/>
							<String ID="string_292" HPOS="528" VPOS="1002" WIDTH="123" HEIGHT="27" WC="0.96" CONTENT="ödmjukast"/><SP WIDTH="11" VPOS="1002" HPOS="651"/>
							<String ID="string_293" HPOS="662" VPOS="1002" WIDTH="113" HEIGHT="20" WC="0.96" CONTENT="instämma"/><SP WIDTH="11" VPOS="1002" HPOS="775"/>
							<String ID="string_294" HPOS="786" VPOS="1001" WIDTH="5" HEIGHT="20" WC="0.95" CONTENT="i"/><SP WIDTH="10" VPOS="1001" HPOS="791"/>
							<String ID="string_295" HPOS="801" VPOS="1001" WIDTH="49" HEIGHT="20" WC="0.92" CONTENT="herr"/><SP WIDTH="10" VPOS="1001" HPOS="850"/>
							<String ID="string_296" HPOS="860" VPOS="1001" WIDTH="68" HEIGHT="21" WC="0.91" CONTENT="Mont-"/>
						</TextLine>
						<TextLine ID="line_32" HPOS="104" VPOS="1030" WIDTH="398" HEIGHT="27">
							<String ID="string_297" HPOS="104" VPOS="1037" WIDTH="100" HEIGHT="20" WC="0.92" CONTENT="gomerys"/><SP WIDTH="16" VPOS="1037" HPOS="204"/>
							<String ID="string_298" HPOS="220" VPOS="1030" WIDTH="47" HEIGHT="21" WC="0.93" CONTENT="med"/><SP WIDTH="16" VPOS="1030" HPOS="267"/>
							<String ID="string_299" HPOS="283" VPOS="1031" WIDTH="63" HEIGHT="20" WC="0.91" CONTENT="fleres"/><SP WIDTH="17" VPOS="1031" HPOS="346"/>
							<String ID="string_300" HPOS="363" VPOS="1031" WIDTH="139" HEIGHT="20" WC="0.96" CONTENT="reservation."/>
						</TextLine>
					</TextBlock>
					<TextBlock ID="block_3" HPOS="105" VPOS="1058" WIDTH="824" HEIGHT="57">
						<TextLine ID="line_33" HPOS="174" VPOS="1058" WIDTH="755" HEIGHT="28">
							<String ID="string_301" HPOS="174" VPOS="1059" WIDTH="57" HEIGHT="20" WC="0.96" CONTENT="Herr"/><SP WIDTH="17" VPOS="1059" HPOS="231"/>
							<String ID="string_302" HPOS="248" VPOS="1066" WIDTH="45" HEIGHT="13" WC="0.90" CONTENT="von"/><SP WIDTH="18" VPOS="1066" HPOS="293"/>
							<String ID="string_303" HPOS="311" VPOS="1059" WIDTH="145" HEIGHT="20" WC="0.90" CONTENT="Frenckell:"/><SP WIDTH="18" VPOS="1059" HPOS="456"/>
							<String ID="string_304" HPOS="474" VPOS="1059" WIDTH="42" HEIGHT="20" WC="0.93" CONTENT="Min"/><SP WIDTH="14" VPOS="1059" HPOS="516"/>
							<String ID="string_305" HPOS="530" VPOS="1059" WIDTH="64" HEIGHT="27" WC="0.92" CONTENT="afsigt"/><SP WIDTH="11" VPOS="1059" HPOS="594"/>
							<String ID="string_306" HPOS="605" VPOS="1066" WIDTH="38" HEIGHT="13" WC="0.96" CONTENT="var"/><SP WIDTH="12" VPOS="1066" HPOS="643"/>
							<String ID="string_307" HPOS="655" VPOS="1059" WIDTH="76" HEIGHT="20" WC="0.96" CONTENT="endast"/><SP WIDTH="11" VPOS="1059" HPOS="731"/>
							<String ID="string_308" HPOS="742" VPOS="1061" WIDTH="31" HEIGHT="18" WC="0.96" CONTENT="att"/><SP WIDTH="12" VPOS="1061" HPOS="773"/>
							<String ID="string_309" HPOS="785" VPOS="1058" WIDTH="84" HEIGHT="21" WC="0.96" CONTENT="biträda"/><SP WIDTH="11" VPOS="1058" HPOS="869"/>
							<String ID="string_310" HPOS="880" VPOS="1059" WIDTH="49" HEIGHT="20" WC="0.96" CONTENT="herr"/>
						</TextLine>
						<TextLine ID="line_34" HPOS="105" VPOS="1088" WIDTH="318" HEIGHT="27">
							<String ID="string_311" HPOS="105" VPOS="1088" WIDTH="161" HEIGHT="27" WC="0.95" CONTENT="Montgomerys"/><SP WIDTH="17" VPOS="1088" HPOS="266"/>
							<String ID="string_312" HPOS="283" VPOS="1088" WIDTH="140" HEIGHT="20" WC="0.95" CONTENT="reservation."/>
						</TextLine>
					</TextBlock>
					<TextBlock ID="block_4" HPOS="105" VPOS="1115" WIDTH="824" HEIGHT="57">
						<TextLine ID="line_35" HPOS="173" VPOS="1115" WIDTH="755" HEIGHT="22">
							<String ID="string_313" HPOS="173" VPOS="1115" WIDTH="62" HEIGHT="22" WC="0.93" CONTENT="Efter"/><SP WIDTH="25" VPOS="1115" HPOS="235"/>
							<String ID="string_314" HPOS="260" VPOS="1116" WIDTH="87" HEIGHT="21" WC="0.93" CONTENT="härmed"/><SP WIDTH="24" VPOS="1116" HPOS="347"/>
							<String ID="string_315" HPOS="371" VPOS="1116" WIDTH="91" HEIGHT="21" WC="0.92" CONTENT="afslutad"/><SP WIDTH="19" VPOS="1116" HPOS="462"/>
							<String ID="string_316" HPOS="481" VPOS="1116" WIDTH="122" HEIGHT="21" WC="0.96" CONTENT="diskussion"/><SP WIDTH="20" VPOS="1116" HPOS="603"/>
							<String ID="string_317" HPOS="623" VPOS="1116" WIDTH="30" HEIGHT="20" WC="0.96" CONTENT="lät"/><SP WIDTH="16" VPOS="1116" HPOS="653"/>
							<String ID="string_318" HPOS="669" VPOS="1116" WIDTH="48" HEIGHT="21" WC="0.93" CONTENT="herr"/><SP WIDTH="16" VPOS="1116" HPOS="717"/>
							<String ID="string_319" HPOS="733" VPOS="1115" WIDTH="195" HEIGHT="21" WC="0.91" CONTENT="landtmarskalken"/>
						</TextLine>
						<TextLine ID="line_36" HPOS="105" VPOS="1144" WIDTH="824" HEIGHT="28">
							<String ID="string_320" HPOS="105" VPOS="1145" WIDTH="53" HEIGHT="20" WC="0.91" CONTENT="först"/><SP WIDTH="16" VPOS="1145" HPOS="158"/>
							<String ID="string_321" HPOS="174" VPOS="1145" WIDTH="107" HEIGHT="27" WC="0.91" CONTENT="uppställa"/><SP WIDTH="17" VPOS="1145" HPOS="281"/>
							<String ID="string_322" HPOS="298" VPOS="1145" WIDTH="131" HEIGHT="27" WC="0.96" CONTENT="proposition"/><SP WIDTH="17" VPOS="1145" HPOS="429"/>
							<String ID="string_323" HPOS="446" VPOS="1145" WIDTH="114" HEIGHT="27" WC="0.93" CONTENT="angående"/><SP WIDTH="16" VPOS="1145" HPOS="560"/>
							<String ID="string_324" HPOS="576" VPOS="1145" WIDTH="194" HEIGHT="27" WC="0.90" CONTENT="anslagsbeloppet,"/><SP WIDTH="17" VPOS="1145" HPOS="770"/>
							<String ID="string_325" HPOS="787" VPOS="1145" WIDTH="23" HEIGHT="20" WC="0.96" CONTENT="så"/><SP WIDTH="16" VPOS="1145" HPOS="810"/>
							<String ID="string_326" HPOS="826" VPOS="1144" WIDTH="103" HEIGHT="28" WC="0.96" CONTENT="lydande:"/>
						</TextLine>
					</TextBlock>
					<TextBlock ID="block_5" HPOS="105" VPOS="1173" WIDTH="825" HEIGHT="56">
						<TextLine ID="line_37" HPOS="174" VPOS="1173" WIDTH="756" HEIGHT="28">
							<String ID="string_327" HPOS="174" VPOS="1173" WIDTH="146" HEIGHT="25" WC="0.89" CONTENT="»Godkänner"/><SP WIDTH="15" VPOS="1173" HPOS="320"/>
							<String ID="string_328" HPOS="335" VPOS="1173" WIDTH="149" HEIGHT="28" WC="0.96" CONTENT="ridderskapet"/><SP WIDTH="17" VPOS="1173" HPOS="484"/>
							<String ID="string_329" HPOS="501" VPOS="1175" WIDTH="39" HEIGHT="19" WC="0.96" CONTENT="och"/><SP WIDTH="18" VPOS="1175" HPOS="540"/>
							<String ID="string_330" HPOS="558" VPOS="1173" WIDTH="61" HEIGHT="20" WC="0.95" CONTENT="adeln"/><SP WIDTH="17" VPOS="1173" HPOS="619"/>
							<String ID="string_331" HPOS="636" VPOS="1174" WIDTH="37" HEIGHT="19" WC="0.96" CONTENT="det"/><SP WIDTH="16" VPOS="1174" HPOS="673"/>
							<String ID="string_332" HPOS="689" VPOS="1173" WIDTH="22" HEIGHT="20" WC="0.95" CONTENT="af"/><SP WIDTH="14" VPOS="1173" HPOS="711"/>
							<String ID="string_333" HPOS="725" VPOS="1173" WIDTH="162" HEIGHT="20" WC="0.96" CONTENT="statsutskottet"/><SP WIDTH="11" VPOS="1173" HPOS="887"/>
							<String ID="string_334" HPOS="898" VPOS="1173" WIDTH="32" HEIGHT="20" WC="0.96" CONTENT="för"/>
						</TextLine>
						<TextLine ID="line_38" HPOS="105" VPOS="1201" WIDTH="714" HEIGHT="28">
							<String ID="string_335" HPOS="105" VPOS="1202" WIDTH="211" HEIGHT="20" WC="0.91" CONTENT="folkskoleväsendet"/><SP WIDTH="16" VPOS="1202" HPOS="316"/>
							<String ID="string_336" HPOS="332" VPOS="1202" WIDTH="121" HEIGHT="27" WC="0.95" CONTENT="föreslagna"/><SP WIDTH="17" VPOS="1202" HPOS="453"/>
							<String ID="string_337" HPOS="470" VPOS="1203" WIDTH="99" HEIGHT="26" WC="0.95" CONTENT="anslaget"/><SP WIDTH="16" VPOS="1203" HPOS="569"/>
							<String ID="string_338" HPOS="585" VPOS="1201" WIDTH="24" HEIGHT="21" WC="0.93" CONTENT="af"/><SP WIDTH="14" VPOS="1201" HPOS="609"/>
							<String ID="string_339" HPOS="623" VPOS="1202" WIDTH="92" HEIGHT="26" WC="0.92" CONTENT="270,000"/><SP WIDTH="16" VPOS="1202" HPOS="715"/>
							<String ID="string_340" HPOS="731" VPOS="1201" WIDTH="88" HEIGHT="21" WC="0.24" CONTENT="mark?"/>
						</TextLine>
					</TextBlock>
					<TextBlock ID="block_6" HPOS="105" VPOS="1229" WIDTH="825" HEIGHT="56">
						<TextLine ID="line_39" HPOS="175" VPOS="1229" WIDTH="755" HEIGHT="29">
							<String ID="string_341" HPOS="175" VPOS="1230" WIDTH="96" HEIGHT="25" WC="0.80" CONTENT="»Vinner"/><SP WIDTH="16" VPOS="1230" HPOS="271"/>
							<String ID="string_342" HPOS="287" VPOS="1233" WIDTH="42" HEIGHT="24" WC="0.95" CONTENT="nej,"/><SP WIDTH="24" VPOS="1233" HPOS="329"/>
							<String ID="string_343" HPOS="353" VPOS="1231" WIDTH="115" HEIGHT="20" WC="0.96" CONTENT="fastställes"/><SP WIDTH="24" VPOS="1231" HPOS="468"/>
							<String ID="string_344" HPOS="492" VPOS="1231" WIDTH="99" HEIGHT="27" WC="0.96" CONTENT="anslaget"/><SP WIDTH="23" VPOS="1231" HPOS="591"/>
							<String ID="string_345" HPOS="614" VPOS="1231" WIDTH="34" HEIGHT="20" WC="0.96" CONTENT="för"/><SP WIDTH="24" VPOS="1231" HPOS="648"/>
							<String ID="string_346" HPOS="672" VPOS="1230" WIDTH="89" HEIGHT="21" WC="0.96" CONTENT="berörde"/><SP WIDTH="23" VPOS="1230" HPOS="761"/>
							<String ID="string_347" HPOS="784" VPOS="1230" WIDTH="99" HEIGHT="21" WC="0.94" CONTENT="ändamål"/><SP WIDTH="17" VPOS="1230" HPOS="883"/>
							<String ID="string_348" HPOS="900" VPOS="1229" WIDTH="30" HEIGHT="21" WC="0.96" CONTENT="till"/>
						</TextLine>
						<TextLine ID="line_40" HPOS="105" VPOS="1259" WIDTH="190" HEIGHT="26">
							<String ID="string_349" HPOS="105" VPOS="1259" WIDTH="92" HEIGHT="26" WC="0.91" CONTENT="300,000"/><SP WIDTH="16" VPOS="1259" HPOS="197"/>
							<String ID="string_350" HPOS="213" VPOS="1259" WIDTH="82" HEIGHT="20" WC="0.35" CONTENT="mark.**"/>
						</TextLine>
					</TextBlock>
					<TextBlock ID="block_7" HPOS="106" VPOS="1286" WIDTH="826" HEIGHT="57">
						<TextLine ID="line_41" HPOS="176" VPOS="1286" WIDTH="756" HEIGHT="29">
							<String ID="string_351" HPOS="176" VPOS="1287" WIDTH="83" HEIGHT="22" WC="0.96" CONTENT="Genom"/><SP WIDTH="24" VPOS="1287" HPOS="259"/>
							<String ID="string_352" HPOS="283" VPOS="1288" WIDTH="69" HEIGHT="20" WC="0.93" CONTENT="denna"/><SP WIDTH="23" VPOS="1288" HPOS="352"/>
							<String ID="string_353" HPOS="375" VPOS="1287" WIDTH="146" HEIGHT="28" WC="0.90" CONTENT="propositions"/><SP WIDTH="21" VPOS="1287" HPOS="521"/>
							<String ID="string_354" HPOS="542" VPOS="1287" WIDTH="134" HEIGHT="22" WC="0.93" CONTENT="besvarande"/><SP WIDTH="20" VPOS="1287" HPOS="676"/>
							<String ID="string_355" HPOS="696" VPOS="1287" WIDTH="47" HEIGHT="21" WC="0.96" CONTENT="med"/><SP WIDTH="22" VPOS="1287" HPOS="743"/>
							<String ID="string_356" HPOS="765" VPOS="1288" WIDTH="22" HEIGHT="27" WC="0.96" CONTENT="ja"/><SP WIDTH="17" VPOS="1288" HPOS="787"/>
							<String ID="string_357" HPOS="804" VPOS="1295" WIDTH="38" HEIGHT="13" WC="0.96" CONTENT="var"/><SP WIDTH="16" VPOS="1295" HPOS="842"/>
							<String ID="string_358" HPOS="858" VPOS="1287" WIDTH="36" HEIGHT="21" WC="0.96" CONTENT="det"/><SP WIDTH="16" VPOS="1287" HPOS="894"/>
							<String ID="string_359" HPOS="910" VPOS="1286" WIDTH="22" HEIGHT="21" WC="0.96" CONTENT="af"/>
						</TextLine>
						<TextLine ID="line_42" HPOS="106" VPOS="1316" WIDTH="584" HEIGHT="27">
							<String ID="string_360" HPOS="106" VPOS="1317" WIDTH="107" HEIGHT="20" WC="0.92" CONTENT="utskottet"/><SP WIDTH="16" VPOS="1317" HPOS="213"/>
							<String ID="string_361" HPOS="229" VPOS="1317" WIDTH="122" HEIGHT="26" WC="0.90" CONTENT="föreslagna"/><SP WIDTH="16" VPOS="1317" HPOS="351"/>
							<String ID="string_362" HPOS="367" VPOS="1316" WIDTH="191" HEIGHT="27" WC="0.92" CONTENT="anslagsbeloppet"/><SP WIDTH="15" VPOS="1316" HPOS="558"/>
							<String ID="string_363" HPOS="573" VPOS="1316" WIDTH="117" HEIGHT="27" WC="0.92" CONTENT="godkändt."/>
						</TextLine>
					</TextBlock>
					<TextBlock ID="block_8" HPOS="176" VPOS="1345" WIDTH="607" HEIGHT="27">
						<TextLine ID="line_43" HPOS="176" VPOS="1345" WIDTH="607" HEIGHT="27">
							<String ID="string_364" HPOS="176" VPOS="1345" WIDTH="67" HEIGHT="20" WC="0.96" CONTENT="Nästa"/><SP WIDTH="16" VPOS="1345" HPOS="243"/>
							<String ID="string_365" HPOS="259" VPOS="1345" WIDTH="31" HEIGHT="20" WC="0.93" CONTENT="till"/><SP WIDTH="17" VPOS="1345" HPOS="290"/>
							<String ID="string_366" HPOS="307" VPOS="1345" WIDTH="86" HEIGHT="20" WC="0.96" CONTENT="ståndet"/><SP WIDTH="16" VPOS="1345" HPOS="393"/>
							<String ID="string_367" HPOS="409" VPOS="1345" WIDTH="133" HEIGHT="20" WC="0.79" CONTENT="framställda"/><SP WIDTH="18" VPOS="1345" HPOS="542"/>
							<String ID="string_368" HPOS="560" VPOS="1345" WIDTH="131" HEIGHT="27" WC="0.93" CONTENT="proposition"/><SP WIDTH="18" VPOS="1345" HPOS="691"/>
							<String ID="string_369" HPOS="709" VPOS="1345" WIDTH="74" HEIGHT="27" WC="0.96" CONTENT="lydde:"/>
						</TextLine>
					</TextBlock>
					<TextBlock ID="block_9" HPOS="107" VPOS="1373" WIDTH="825" HEIGHT="56">
						<TextLine ID="line_44" HPOS="177" VPOS="1373" WIDTH="755" HEIGHT="27">
							<String ID="string_370" HPOS="177" VPOS="1390" WIDTH="11" HEIGHT="9" WC="0.88" CONTENT="»"/><SP WIDTH="2" VPOS="1390" HPOS="188"/>
							<String ID="string_371" HPOS="190" VPOS="1373" WIDTH="43" HEIGHT="21" WC="0.87" CONTENT="Vill"/><SP WIDTH="24" VPOS="1373" HPOS="233"/>
							<String ID="string_372" HPOS="257" VPOS="1374" WIDTH="152" HEIGHT="26" WC="0.94" CONTENT="ridderskapet"/><SP WIDTH="21" VPOS="1374" HPOS="409"/>
							<String ID="string_373" HPOS="430" VPOS="1373" WIDTH="38" HEIGHT="21" WC="0.92" CONTENT="och"/><SP WIDTH="25" VPOS="1373" HPOS="468"/>
							<String ID="string_374" HPOS="493" VPOS="1373" WIDTH="63" HEIGHT="20" WC="0.95" CONTENT="adeln"/><SP WIDTH="21" VPOS="1373" HPOS="556"/>
							<String ID="string_375" HPOS="577" VPOS="1373" WIDTH="30" HEIGHT="21" WC="0.93" CONTENT="till"/><SP WIDTH="20" VPOS="1373" HPOS="607"/>
							<String ID="string_376" HPOS="627" VPOS="1373" WIDTH="210" HEIGHT="27" WC="0.92" CONTENT="kontraproposition"/><SP WIDTH="18" VPOS="1373" HPOS="837"/>
							<String ID="string_377" HPOS="855" VPOS="1375" WIDTH="77" HEIGHT="24" WC="0.96" CONTENT="antaga"/>
						</TextLine>
						<TextLine ID="line_45" HPOS="107" VPOS="1401" WIDTH="792" HEIGHT="28">
							<String ID="string_378" HPOS="107" VPOS="1403" WIDTH="36" HEIGHT="20" WC="0.96" CONTENT="det"/><SP WIDTH="17" VPOS="1403" HPOS="143"/>
							<String ID="string_379" HPOS="160" VPOS="1403" WIDTH="23" HEIGHT="19" WC="0.95" CONTENT="af"/><SP WIDTH="14" VPOS="1403" HPOS="183"/>
							<String ID="string_380" HPOS="197" VPOS="1403" WIDTH="48" HEIGHT="19" WC="0.96" CONTENT="herr"/><SP WIDTH="16" VPOS="1403" HPOS="245"/>
							<String ID="string_381" HPOS="261" VPOS="1402" WIDTH="119" HEIGHT="21" WC="0.95" CONTENT="Schauman"/><SP WIDTH="18" VPOS="1402" HPOS="380"/>
							<String ID="string_382" HPOS="398" VPOS="1403" WIDTH="4" HEIGHT="19" WC="0.96" CONTENT="i"/><SP WIDTH="18" VPOS="1403" HPOS="402"/>
							<String ID="string_383" HPOS="420" VPOS="1402" WIDTH="49" HEIGHT="20" WC="0.96" CONTENT="dess"/><SP WIDTH="16" VPOS="1402" HPOS="469"/>
							<String ID="string_384" HPOS="485" VPOS="1402" WIDTH="133" HEIGHT="20" WC="0.94" CONTENT="reservation"/><SP WIDTH="17" VPOS="1402" HPOS="618"/>
							<String ID="string_385" HPOS="635" VPOS="1401" WIDTH="131" HEIGHT="21" WC="0.95" CONTENT="framställda"/><SP WIDTH="16" VPOS="1401" HPOS="766"/>
							<String ID="string_386" HPOS="782" VPOS="1401" WIDTH="117" HEIGHT="28" WC="0.96" CONTENT="förslaget?"/>
						</TextLine>
					</TextBlock>
					<TextBlock ID="block_10" HPOS="105" VPOS="1429" WIDTH="829" HEIGHT="85">
						<TextLine ID="line_46" HPOS="177" VPOS="1429" WIDTH="757" HEIGHT="29">
							<String ID="string_387" HPOS="177" VPOS="1448" WIDTH="4" HEIGHT="7" WC="0.80" CONTENT="»"/><SP WIDTH="3" VPOS="1448" HPOS="181"/>
							<String ID="string_388" HPOS="184" VPOS="1431" WIDTH="90" HEIGHT="26" WC="0.95" CONTENT="Vinner"/><SP WIDTH="17" VPOS="1431" HPOS="274"/>
							<String ID="string_389" HPOS="291" VPOS="1431" WIDTH="42" HEIGHT="27" WC="0.96" CONTENT="nej,"/><SP WIDTH="16" VPOS="1431" HPOS="333"/>
							<String ID="string_390" HPOS="349" VPOS="1431" WIDTH="40" HEIGHT="20" WC="0.96" CONTENT="blir"/><SP WIDTH="14" VPOS="1431" HPOS="389"/>
							<String ID="string_391" HPOS="403" VPOS="1431" WIDTH="40" HEIGHT="20" WC="0.96" CONTENT="den"/><SP WIDTH="18" VPOS="1431" HPOS="443"/>
							<String ID="string_392" HPOS="461" VPOS="1431" WIDTH="24" HEIGHT="20" WC="0.96" CONTENT="af"/><SP WIDTH="12" VPOS="1431" HPOS="485"/>
							<String ID="string_393" HPOS="497" VPOS="1429" WIDTH="51" HEIGHT="22" WC="0.96" CONTENT="herr"/><SP WIDTH="18" VPOS="1429" HPOS="548"/>
							<String ID="string_394" HPOS="566" VPOS="1431" WIDTH="149" HEIGHT="26" WC="0.96" CONTENT="Montgomery"/><SP WIDTH="18" VPOS="1431" HPOS="715"/>
							<String ID="string_395" HPOS="733" VPOS="1431" WIDTH="46" HEIGHT="20" WC="0.94" CONTENT="med"/><SP WIDTH="12" VPOS="1431" HPOS="779"/>
							<String ID="string_396" HPOS="791" VPOS="1431" WIDTH="52" HEIGHT="20" WC="0.94" CONTENT="flere"/><SP WIDTH="11" VPOS="1431" HPOS="843"/>
							<String ID="string_397" HPOS="854" VPOS="1430" WIDTH="5" HEIGHT="19" WC="0.96" CONTENT="i"/><SP WIDTH="13" VPOS="1430" HPOS="859"/>
							<String ID="string_398" HPOS="872" VPOS="1430" WIDTH="62" HEIGHT="19" WC="0.96" CONTENT="deras"/>
						</TextLine>
						<TextLine ID="line_47" HPOS="108" VPOS="1457" WIDTH="826" HEIGHT="29">
							<String ID="string_399" HPOS="108" VPOS="1460" WIDTH="131" HEIGHT="20" WC="0.96" CONTENT="reservation"/><SP WIDTH="19" VPOS="1460" HPOS="239"/>
							<String ID="string_400" HPOS="258" VPOS="1460" WIDTH="121" HEIGHT="25" WC="0.83" CONTENT="föreslagna"/><SP WIDTH="15" VPOS="1460" HPOS="379"/>
							<String ID="string_401" HPOS="394" VPOS="1459" WIDTH="140" HEIGHT="27" WC="0.95" CONTENT="formulering"/><SP WIDTH="17" VPOS="1459" HPOS="534"/>
							<String ID="string_402" HPOS="551" VPOS="1459" WIDTH="33" HEIGHT="20" WC="0.92" CONTENT="för"/><SP WIDTH="16" VPOS="1459" HPOS="584"/>
							<String ID="string_403" HPOS="600" VPOS="1459" WIDTH="93" HEIGHT="20" WC="0.91" CONTENT="vilkoret"/><SP WIDTH="17" VPOS="1459" HPOS="693"/>
							<String ID="string_404" HPOS="710" VPOS="1459" WIDTH="34" HEIGHT="19" WC="0.93" CONTENT="vid"/><SP WIDTH="17" VPOS="1459" HPOS="744"/>
							<String ID="string_405" HPOS="761" VPOS="1459" WIDTH="95" HEIGHT="20" WC="0.91" CONTENT="medlens"/><SP WIDTH="13" VPOS="1459" HPOS="856"/>
							<String ID="string_406" HPOS="869" VPOS="1457" WIDTH="65" HEIGHT="20" WC="0.92" CONTENT="bevil-"/>
						</TextLine>
						<TextLine ID="line_48" HPOS="105" VPOS="1488" WIDTH="318" HEIGHT="26">
							<String ID="string_407" HPOS="105" VPOS="1488" WIDTH="66" HEIGHT="26" WC="0.92" CONTENT="jande"/><SP WIDTH="17" VPOS="1488" HPOS="171"/>
							<String ID="string_408" HPOS="188" VPOS="1488" WIDTH="235" HEIGHT="26" WC="0.85" CONTENT="kontraproposition.&#39;*"/>
						</TextLine>
					</TextBlock>
					<TextBlock ID="block_11" HPOS="836" VPOS="1516" WIDTH="10" HEIGHT="16">
						<TextLine ID="line_49" HPOS="836" VPOS="1516" WIDTH="10" HEIGHT="16">
							<String ID="string_409" HPOS="836" VPOS="1516" WIDTH="10" HEIGHT="16" WC="0.68" CONTENT="T"/>
						</TextLine>
					</TextBlock>
				</ComposedBlock>
			</PrintSpace>
		</Page>
	</Layout>
</alto>
