1109 1739
438 101 40 15 Den
493 101 11 15 3
517 100 48 16 Juni.
848 99 39 20 187

90 157 129 27 handlingen
244 157 23 20 af
287 156 90 21 ärender
400 156 91 21 rörande
515 156 77 27 vägars
616 155 120 28 byggande.
767 155 84 28 Nädiga
874 155 42 21 för-

90 185 120 27 ordningen
234 185 23 20 af
279 185 39 20 den
343 185 26 20 12
392 184 121 21 December
533 184 54 21 1864
604 191 34 14 om
655 184 161 27 expropriation
832 184 24 21 af
866 184 49 27 jord

90 213 39 22 och
146 213 49 21 dess
214 214 8 19 1
241 214 12 27 8
270 215 197 19 sammanstämmer
484 213 20 27 ej
521 213 48 20 med
587 213 8 20 1
614 213 11 26 $
643 213 26 20 25
685 213 49 26 kap.
745 213 24 20 B.
781 213 33 26 B.,
826 213 89 20 emedan

92 243 7 19 1
119 243 11 26 8
147 242 6 20 i
169 241 66 28 sagde
251 241 207 28 expropriationslag
474 243 70 26 säger:
568 241 86 27 ,Egare
670 241 52 21 eller
741 241 139 21 innehafvare
895 241 23 20 af

87 270 49 28 jord
153 270 39 21 och
208 270 69 27 grund
294 277 49 14 vare
360 270 75 28 pligtig
450 271 39 24 att,
506 269 27 21 dä
549 270 89 20 allmänt
655 269 66 21 behof
733 269 76 22 sädant
823 269 93 26 kräfver,

90 299 56 20 afstä
169 299 31 20 sin
225 300 42 19 rätt
292 299 30 20 till
338 299 133 26 egendomen
488 300 58 19 emot
562 298 37 20 full
616 298 141 27 ersättning'',
775 298 39 21 och
830 298 40 21 den
887 298 28 21 ci-

91 327 73 21 terade
189 327 125 28 paragrafen
331 327 6 20 i
353 327 25 20 B.
399 327 25 20 B.
440 327 141 20 tillerkänner
604 327 120 26 ersättning
748 327 53 20 blott
824 327 33 21 för
879 327 36 20 det

91 363 45 14 som
152 355 6 20 i
175 355 52 22 åker
243 356 40 21 och
305 357 42 26 äng
365 355 101 21 afträdes.
498 355 79 20 Derför
593 356 78 26 ansågs
687 361 27 14 en
730 355 118 28 förklaring
864 363 51 14 vara

92 384 70 28 nödig.
193 384 167 27 Landsvägarne
376 385 37 19 äro
429 384 85 27 nyttiga
529 383 150 28 inrättningar,
691 390 48 13 men
750 383 43 21 ifall
805 384 35 21 vid
852 384 62 21 deras

92 412 112 28 byggande
227 413 119 26 ersättning
362 413 68 19 mäste
449 412 70 27 gifvas
535 412 63 20 äfven
614 412 33 20 för
663 411 75 21 oodlad
755 413 66 25 mark,
838 412 76 26 skulle,

92 442 70 20 såsom
178 440 49 21 herr
242 440 123 22 Ehrnrooth
381 441 106 25 anmärkt,
505 440 72 28 dylika
593 440 155 28 anläggningar
762 440 65 22 blifva
839 440 77 28 dyrare

92 469 40 21 och
154 469 90 21 sålunda
267 469 128 21 motverkas.
426 468 34 22 Då
475 468 27 21 de
516 468 123 28 jordegare,
662 476 45 13 som
726 469 40 21 fått
782 471 69 25 vägen
867 468 48 22 ledd

92 498 60 21 öfver
174 498 32 20 sin
229 498 68 25 mark,
320 498 55 20 varit
391 497 87 28 mycket
502 498 85 20 belåtne
611 497 93 25 dermed,
725 498 62 20 hafva
801 498 36 21 vid
853 499 63 27 väga-

93 526 186 28 byggnadsfrågan
303 527 104 20 tvisterna
430 526 99 27 vanligen
553 526 52 26 gällt
628 527 79 25 vägens
735 526 100 28 riktning,
859 533 56 15 eme-

93 555 41 20 dan
150 555 53 20 hvar
219 555 38 21 och
275 562 25 13 en
316 555 77 20 önskat
409 555 21 20 få
445 556 69 26 vägen
531 555 48 20 ledd
596 555 29 24 så,
642 556 32 19 att
690 554 40 21 den
741 554 68 21 skulle
823 554 34 22 för
867 555 48 21 dem

93 583 123 21 underlätta
232 583 217 21 kommunikationen.
481 583 76 27 Någon
575 583 76 27 klagan
669 583 38 21 har
718 584 20 26 ej
749 583 105 27 försports
869 583 47 21 der-

93 612 67 25 öfver,
177 614 31 18 att
224 618 49 14 man
291 612 53 20 varit
360 614 94 24 tvungen
471 614 33 18 att
520 612 56 20 afstå
591 612 79 20 oodlad
686 612 60 20 mark
761 611 33 21 för
805 612 111 27 landsväg.

94 640 135 27 Stadgandet
248 640 6 20 i
271 640 76 28 nådiga
363 640 169 28 propositionen,
548 642 33 19 att
599 640 28 21 då
645 641 61 20 mark
721 640 94 21 afträdes
831 640 32 21 till
879 647 37 13 an-

93 669 101 27 läggning
209 669 24 20 af
246 668 109 28 landsväg,
372 668 138 28 godtgörelse
520 668 91 21 erhålles
626 669 76 20 endast
713 669 32 20 för
756 668 55 21 hvad
822 668 6 21 i
840 668 76 22 sådant

93 697 102 21 afseende
211 698 6 20 i
233 697 52 21 åker
301 697 39 21 och
357 699 41 26 äng
414 697 73 26 afstås,
505 698 37 20 har
559 697 83 21 således
659 697 45 21 skäl
721 697 32 21 för
768 698 39 26 sig,
824 698 23 20 så
858 704 57 20 myc-

94 726 36 20 ket
148 732 57 14 mera
221 732 46 14 som
283 726 118 20 detsamma
418 726 114 20 förefinnes
548 726 6 20 i
570 725 25 21 B.
613 725 25 21 B.
670 726 66 20 Detta
751 726 119 27 stadgande
885 725 31 21 öf-

94 755 182 20 verensstämmer
291 755 61 20 äfven
369 754 50 21 med
435 754 77 28 nådiga
526 754 163 28 propositionen
704 761 33 14 om
749 754 166 28 skjutshållning

94 782 40 22 och
149 783 179 27 väggabyggnad,
342 790 45 14 som
400 782 84 21 förevar
495 783 35 20 vid
542 782 54 22 sista
609 782 109 28 landtdag,
730 782 38 22 och
787 782 42 21 däi
848 782 69 22 denna

94 811 33 21 del
143 812 23 19 af
180 811 115 21 ständerna
311 811 131 27 godkändes.
468 811 35 21 Nu
520 812 37 20 har
571 811 98 21 deremot
679 811 150 28 lagutskottet,
845 811 7 21 i
863 811 53 21 strid

94 842 44 18 mot
162 840 55 20 hvad
241 840 74 20 hittills
338 840 55 20 varit
413 840 96 27 brukligt
528 840 39 20 och
590 842 44 18 mot
657 840 54 20 hvad
732 840 33 20 vid
784 840 131 27 föregående

94 868 101 27 landtdag
219 868 69 21 blifvit
311 868 116 28 godkändt,
442 868 119 27 föreslagit,
577 870 32 19 att
625 869 120 27 ersättning
760 868 69 21 skulle
845 868 71 28 gifvas

94 896 33 20 för
140 896 27 21 all
183 897 61 20 mark
261 904 44 14 som
321 897 32 20 för
369 897 131 27 anläggning
517 897 22 20 af
553 897 103 27 landsväg
672 897 73 21 afstäs.
771 896 63 22 Hvad
850 896 65 21 sedan

95 925 100 20 beträffar
219 925 155 27 behandlingen
395 925 22 21 af
434 926 71 26 frägor
527 925 92 21 rörande
635 927 77 25 vägars
729 925 132 28 anläggande
876 924 39 22 och

94 953 161 27 expropriation
273 954 22 20 af
309 954 70 20 dertill
395 954 127 27 erforderlig
537 954 68 25 mark,
617 955 24 20 sä
653 955 68 19 mäste
734 954 37 27 jag
787 954 87 21 alldeles
885 954 31 19 in-

94 983 91 19 stämma
204 982 49 20 med
270 982 48 20 herr
333 982 122 21 Ehrnrooth
471 982 40 20 och
528 982 85 21 befarar
629 984 38 23 att,
683 982 45 21 ifall
745 982 118 21 utskottets
874 981 42 21 för-

95 1010 46 27 slag
156 1012 97 25 antoges,
270 1010 62 21 dessa
347 1011 101 20 ärenders
468 1010 131 28 behandling
617 1011 68 20 skulle
711 1011 6 20 i
736 1010 109 27 betänklig
863 1010 53 27 grad

94 1038 116 21 invecklas.
241 1038 10 21 1
275 1039 235 28 expropriationslagen
529 1039 62 21 heter
613 1039 36 21 det
667 1040 6 19 i
696 1040 11 26 &
728 1040 17 20 7:
764 1041 23 19 är
807 1039 49 28 jord
877 1038 39 21 och

94 1066 77 28 grund,
189 1073 46 14 som
251 1067 83 21 enskild
350 1075 48 13 man
420 1067 96 21 tillhörer
532 1068 51 20 eller
599 1068 24 20 af
637 1068 76 21 honom
733 1067 66 21 under
821 1067 97 21 äbo-rätt

93 1095 134 25 innehafves,
244 1096 65 27 nödig
324 1096 32 20 för
372 1096 65 25 stads,
453 1095 92 22 sockens
562 1096 51 21 eller
629 1103 70 14 annan
714 1096 120 27 menighets
846 1095 72 25 behotf,

96 1124 70 20 säsom
188 1123 30 21 till
238 1124 128 28 anläggning
385 1125 22 20 af
421 1127 54 24 torg,
491 1127 57 25 gata,
566 1126 47 25 väg,
630 1125 71 25 hamn,
718 1132 26 13 m.
761 1132 27 13 m.
805 1124 53 21 skall
876 1124 40 21 frä-

95 1159 49 20 gan,
164 1152 71 21 derest
252 1153 85 27 frivillig
352 1153 220 21 öfrerenskommelse
588 1153 19 28 ej
623 1153 42 21 kan
677 1154 45 25 ske,
734 1153 37 20 hos
783 1153 133 28 guvernören

96 1180 30 20 till
151 1180 130 28 behandling
303 1181 101 21 anmälas.
428 1182 65 20 Detta
512 1183 23 19 är
554 1182 36 20 det
610 1182 55 20 enda
681 1182 61 20 ställe
762 1182 6 20 i
792 1181 124 28 expropria-

95 1209 121 26 tionslagen
240 1209 39 21 der
302 1209 61 21 ordet
379 1226 11 9 ,,
394 1211 53 26 väg"
473 1210 150 21 förekommer.
655 1210 46 21 Den
735 1210 89 27 ordning
847 1209 33 21 för
896 1211 21 19 ä-

96 1237 117 20 rendernas
225 1237 134 28 behandling,
386 1245 45 14 som
455 1239 5 20 i
491 1239 151 27 efterföljande
665 1239 26 27 S&
715 1238 145 26 föreskrifves,
891 1239 24 20 är

95 1266 48 20 svår
168 1267 31 19 att
219 1266 95 27 tillämpa
337 1267 35 20 vid
390 1267 72 27 frågor
477 1274 33 13 om
527 1268 77 26 vägars
631 1267 129 28 anläggning
785 1267 40 20 och
854 1266 64 26 afser,

96 1294 89 21 likasom
197 1294 41 21 den
253 1302 46 20 syn,
314 1295 84 21 hvilken
410 1295 7 21 i
431 1298 81 18 sämma
527 1295 124 28 paragrafer
667 1295 96 25 omtalas,
794 1295 122 28 egentligen

96 1322 66 21 andra
177 1322 81 28 förslag
277 1325 25 18 än
323 1325 70 26 vägar.
426 1323 42 21 För
484 1326 33 19 att
532 1324 21 20 fä
577 1324 222 21 öfverensstämmelse
829 1323 36 21 vid
882 1323 35 21 be-

96 1351 128 27 handlingen
249 1351 24 20 af
289 1352 248 27 vägabyggnadsfrägor,
561 1352 39 21 har
627 1353 6 20 i
654 1353 77 26 nädiga
755 1352 161 28 propositionen

96 1379 80 21 influtit
197 1379 139 28 stadganden,
352 1387 45 14 som
426 1381 68 20 skulle
518 1381 56 27 gälla
604 1381 58 20 säväl
682 1381 33 20 för
742 1381 129 27 anläggning
898 1379 23 21 af

95 1409 66 26 vägar
177 1408 32 20 för
229 1409 118 26 menighets
364 1409 66 20 behof
443 1416 44 13 som
505 1409 33 20 för
554 1409 105 21 allmänna
675 1409 135 26 landsvägar,
830 1408 87 21 hvilken

94 1435 225 22 Ofverensstämmelse
336 1437 34 21 vid
379 1437 158 28 behandlingen
546 1438 23 20 af
582 1437 72 28 frågor
670 1444 34 14 om
719 1437 157 28 vägabyggnad
893 1437 23 19 är

94 1464 115 25 önskvärd,
233 1465 90 20 emedan
342 1468 31 18 ett
401 1466 142 27 särskiljande
564 1465 74 21 härvid
661 1465 6 21 i
692 1466 77 26 många
789 1466 36 20 fall
849 1464 70 20 blefve

95 1493 65 20 svårt.
191 1492 33 21 På
239 1493 90 21 anförda
344 1494 45 20 skäl
413 1494 41 21 kan
468 1494 39 28 jag
523 1494 48 21 icke
599 1496 66 19 annat
687 1495 27 19 än
737 1493 130 27 fullkomligt
888 1492 32 20 in-
