1109 1739
409 107 40 16 Den
463 107 19 16 11
497 107 48 16 Juni.
827 110 41 21 353

137 163 72 22 Sedan
233 163 150 21 diskussionen
406 163 116 20 förklarats
546 163 102 26 afslutad,
669 164 30 21 lät
715 164 50 21 herr
779 165 117 22 landtmar-

67 194 91 21 skalken
181 192 34 21 för
234 191 87 21 ståndet
341 192 90 27 uppläsa
447 198 27 13 en
491 192 136 26 proposition
643 192 23 21 af
679 192 96 28 följande
791 193 105 23 innehåll:

137 237 11 9 v
152 221 98 26 Antager
265 219 150 28 ridderskapet
431 219 40 21 och
487 219 62 21 adeln
565 220 110 21 allmänna
687 221 197 23 besvärsutskotets

68 249 138 22 betänkande
223 248 167 21 oförändradt?''

138 294 5 9 ,
146 277 90 25 Vinner
251 277 44 26 nej,
311 276 108 21 förkastas
435 275 232 29 petitiopsförslaget'.

136 305 83 22 Genom
244 305 130 27 petitionens
396 305 133 20 besvarande
551 304 51 21 med
625 305 88 21 allmänt
733 306 24 28 ja
779 314 38 14 var
844 308 54 21 den-

67 341 82 15 samma
164 334 23 20 af
201 333 86 21 ständet
302 335 100 26 antagen.

136 390 123 27 Föredrogs
283 389 40 21 och
347 389 114 22 bordlades
482 390 32 20 till
532 391 64 20 nästa
612 391 172 21 sammanträden
799 392 95 28 följande

66 420 56 20 ifrän
138 419 112 21 utskotten
266 417 103 21 inkomna
385 419 100 19 ärender:

135 446 234 22 riddarhusutskottets
391 446 137 21 betänkande
543 446 7 20 i
565 446 118 28 anledning
699 447 23 21 af
736 448 64 21 väckt
813 448 80 28 förslag

67 476 113 28 angäende
197 474 133 29 uppförande
347 475 22 20 af
383 476 32 19 ett
431 474 140 27 ständerhus;

136 504 155 28 lagutskottets
308 502 136 22 betänkande
459 503 7 20 i
482 502 117 28 anledning
615 503 24 21 af
651 504 65 21 väckt
731 504 81 28 förslag
828 507 64 26 angä-

67 534 55 20 ende
139 532 91 28 ändring
245 532 22 20 af
281 532 74 26 lagens
371 531 135 28 stadganden
522 538 34 14 om
572 532 67 20 oäkta
655 532 63 20 barns
735 534 97 26 arfsrätt;

136 563 33 19 ett
187 560 301 27 sammanjemkningsförslag
503 560 55 20 ifrän
573 560 239 28 bevillningsutskottet
828 564 64 26 angä-

67 590 54 21 ende
137 596 29 21 ny
182 588 125 28 förordning
323 595 34 13 om
373 588 280 28 stämpelpappersafgiften
670 589 5 20 i
693 589 99 27 Finland;

136 620 33 18 ett
195 616 301 28 sammanjemkningsförslag
522 616 53 21 ifrän
603 616 232 24 kommunalutskottet
860 621 32 19 rö-

67 646 67 22 rande
150 645 283 27 kommunalförvaltningen
449 646 5 20 i
471 645 58 26 stad;

137 682 26 14 en
187 674 113 20 skrifvelse
324 673 53 21 ifrän
394 674 165 20 statsutskottet
574 673 50 21 med
640 674 157 28 framställning
811 675 81 28 derom,

67 706 32 18 att
121 710 26 14 ur
170 702 36 21 det
228 702 23 20 af
267 702 117 21 ständerna
403 702 106 27 beviljade
528 702 99 27 anslaget
642 702 33 21 för
690 702 203 29 landtdagskostna-

67 732 67 20 derna
149 731 62 21 äfven
228 730 68 21 skulle
313 730 106 20 bestridas
435 730 119 20 kostnaden
569 730 35 20 för
619 731 144 28 tryckningen
779 732 23 21 af
815 733 77 28 nådiga

67 760 189 28 propositionerna
271 758 40 22 och
327 758 276 27 utskottsbetänkandena;
619 761 55 18 samt

136 795 27 14 en
179 787 113 21 skrifvelse
307 787 56 21 ifrån
379 788 164 20 statsutskottet
559 787 48 21 med
623 787 157 29 framställning
796 796 33 14 om
842 789 50 21 bän-

68 816 116 28 skjutande
204 816 30 20 till
253 816 104 20 förstärkt
379 816 140 20 statsutskott
535 815 24 21 af
572 815 76 29 frågan
664 816 92 22 rörande
771 818 75 27 anslag
860 818 33 21 för

67 845 176 21 folkskolelärare
259 844 39 20 och
315 844 125 21 lärarinnor.

136 872 175 22 Sammanträdet
326 872 75 21 afslöts
418 872 92 22 klockan
526 872 13 21 8
555 872 177 29 eftermiddagen.

692 926 21 17 In
726 926 62 16 fidem:

593 952 74 22 Victor
682 953 26 20 de
723 953 20 20 la
759 952 105 29 Chapelle.

234 1084 123 33 Tisdagen
375 1083 48 27 den
440 1083 27 26 11
485 1083 61 27 Juni
562 1083 34 26 kl.
615 1083 28 26 11
660 1083 17 27 £
695 1090 32 20 m.

136 1131 42 20 Till
193 1130 108 28 justering
316 1129 113 28 upplästes
445 1129 105 20 särskilda
567 1129 198 28 protokollsutdrag
780 1130 60 21 öfver
851 1131 41 20 rid-

68 1160 129 27 derskapets
209 1158 40 21 och
260 1158 74 21 adelns
346 1158 35 20 vid
393 1157 171 21 sammanträdet
575 1157 41 21 den
630 1159 25 20 10
666 1158 51 21 Juni
726 1158 82 21 fattade
817 1159 76 21 beslut.

136 1188 59 21 Ifrån
211 1186 142 22 medstånden
370 1186 55 21 hade
442 1186 106 21 särskilda
563 1186 202 28 protokollsutdrag
775 1187 118 28 inkommit,

68 1217 119 27 nemligen:

136 1245 59 20 Ifrån
211 1243 164 28 presteständet
390 1242 153 21 meddelande:

136 1275 33 19 att
186 1272 163 28 presteståndet
364 1272 99 27 godkänt
477 1271 155 28 lagutskottets
647 1271 136 22 betänkande
798 1272 7 21 i
821 1273 72 20 anled-

68 1303 51 27 ning
142 1302 24 20 af
186 1301 80 28 nådiga
285 1300 164 28 propositionen
470 1299 111 28 angående
596 1299 121 28 underpant
733 1301 6 19 i
752 1300 141 29 jernvägsan-

68 1331 127 28 läggningar
210 1329 48 21 med
275 1329 71 20 dertill
362 1328 96 21 hörande
473 1328 43 21 fast
532 1327 40 22 och
587 1327 32 22 lös
635 1328 114 27 egendom;

137 1361 33 18 att
195 1357 161 28 presteståndet
383 1357 96 27 godkänt
506 1356 199 28 sjölagsutskottets
728 1358 165 27 sammanjemk-

68 1387 145 28 nivgsförslag
227 1386 7 21 i
249 1385 117 27 anledning
382 1385 22 21 af
418 1385 79 27 nådiga
512 1385 162 27 propositionen
690 1391 34 15 om
739 1392 13 14 ny
781 1386 69 27 sjölag
861 1386 33 21 för

68 1416 91 21 Finland
175 1415 48 21 med
239 1415 84 20 erinran
341 1413 54 21 blott
407 1413 81 26 derom,
499 1415 33 19 att
543 1413 53 20 sista
607 1413 114 28 meningen
732 1413 6 21 i
758 1415 59 20 första
828 1421 64 14 mom.

69 1445 23 20 af
105 1445 12 26 8
133 1445 27 20 62
177 1443 30 22 uti
223 1443 119 21 utskottets
359 1441 138 22 betänkande
514 1441 67 21 borde
597 1442 63 27 utgå;

137 1475 33 18 att
186 1471 159 28 presteständet
361 1470 86 27 antagit
461 1469 171 22 bondeständets
648 1469 126 28 inbjudning
789 1473 32 17 att
831 1470 7 20 i
849 1470 45 26 ple-

69 1506 49 15 num
135 1500 111 27 plenorum
262 1498 111 21 diskutera
389 1498 76 28 frågar
481 1504 35 15 om
532 1497 135 28 uppförande
683 1498 23 21 af
715 1500 32 19 ett
757 1498 138 27 ständerbus;

805 1539 21 16 23
