1109 1739
407 107 40 15 Den
460 107 20 15 11
494 107 48 16 Juni.
819 110 42 21 355

130 165 32 19 att
178 161 179 28 borgareståndet
373 162 83 27 antagit
472 161 157 28 lagutskottets
646 163 136 22 betänkande
799 165 4 20 i
817 167 72 20 anled-

60 194 52 27 ning
128 192 23 21 af
164 191 78 27 nådiga
262 190 161 27 propositionen
441 197 34 13 om
491 191 124 26 antagande
631 191 21 20 at
668 198 25 13 en
711 191 125 30 författning
852 202 37 13 an-

60 221 85 28 gående
169 220 122 26 underpant
314 219 6 20 i
341 219 266 27 jernvägsanläggningar
629 219 49 21 med
701 219 70 22 dertill
794 222 95 22 hörande

60 251 44 20 fast
120 248 40 21 och
177 248 31 20 lös
225 246 115 28 egendom;

130 279 32 18 att
179 275 178 28 borgareståndet
369 275 105 20 förkastat
485 275 109 20 allmänna
606 275 207 24 besvärsutskottets
824 279 65 21 fram-

62 306 107 26 ställning,
189 307 31 18 att
239 304 5 20 i
261 303 41 20 den
323 303 23 20 af
363 303 117 21 ständerna
496 303 101 21 beslutna
615 305 117 26 petitionen
749 313 32 14 om
799 307 87 22 konces-

62 335 95 25 sionslag
177 333 33 20 för
230 332 84 27 privata
327 332 262 27 jernvägsanläggningar
605 333 48 20 icke
669 333 68 21 skulle
753 335 50 27 ingå
818 337 70 26 någon

61 361 136 27 underdånig
213 360 98 21 anhållan
327 360 81 27 derom,
425 363 32 18 att
472 361 6 19 i
496 360 91 21 berörde
604 361 35 27 lag
652 361 69 21 blefve
732 363 88 28 intagna
831 365 57 21 stad-

62 391 86 28 ganden
172 397 33 13 om
229 389 39 20 och
292 389 27 26 på
339 389 56 20 hvad
416 391 42 18 sätt
478 389 83 26 privata
577 389 261 30 jernvägsanläggningar
855 395 33 20 må

63 420 73 20 kunna
152 418 111 20 intecknas
280 419 55 17 samt
351 419 55 18 reelt
421 417 97 27 hypotek
534 417 44 20 deri
597 418 84 26 vinnas;
697 421 55 18 samt

132 449 33 19 att
180 445 186 28 borgareståndet,
382 446 48 20 med
444 445 159 27 godkännande
615 445 22 21 af
646 447 172 22 statsutskottets
830 449 57 21 hem-

64 476 77 21 ställan
158 482 33 14 om
208 472 131 28 behandling
353 474 7 20 i
376 473 103 21 förstärkt
495 474 142 20 statsutskott
651 474 24 20 af
684 475 81 27 frågan,
777 478 111 26 angående

64 506 42 20 den
125 503 87 22 utöfver
233 504 12 20 3
265 501 100 27 miljoner
385 502 62 20 mark
463 502 115 27 möjligtvis
595 503 118 27 inflytande
730 504 158 24 bränvinsskat-

63 536 49 18 tens
128 531 147 24 användande,
296 530 31 26 till
343 530 119 21 ledamöter
476 530 6 20 i
499 530 36 21 det
551 530 119 22 förstärkta
686 532 106 21 utskottet
808 538 78 18 utsett:

64 562 103 20 herrarne
190 558 91 25 Kurtén,
306 558 121 28 Ohrnberg,
450 558 65 28 Frey,
537 558 108 28 Procopé,
669 560 80 27 Sjöros,
770 562 117 28 Molander,

64 589 120 27 Wallgren,
201 587 113 28 Cajander,
333 587 123 27 Björkstén,
473 587 96 21 Höckert
585 588 42 20 och
639 588 64 26 Julin,
716 592 54 18 samt
781 591 31 21 till
824 599 64 22 supp-

64 618 92 21 leanter:
173 617 100 20 herrarne
290 615 109 26 Boström,
415 616 109 20 Fabritius
540 616 39 20 och
597 616 136 28 Tengström.

133 645 58 21 Ifrån
208 644 159 21 bondeståndet
383 645 47 19 med
447 645 168 20 underrättelse:

134 677 32 18 att
188 672 157 22 bondeståndet
363 673 95 27 godkänt
474 676 155 18 sammansatta
644 676 62 18 stats-
724 675 39 21 och
779 676 109 22 ekonomi-

65 704 119 20 utskottets
201 701 135 21 betänkande
353 702 4 19 i
375 702 114 26 anledning
500 702 22 20 af
531 702 78 26 nådiga
622 703 158 26 propositionen
792 712 33 14 om
838 707 51 21 rikt-

66 732 78 27 ningen
161 730 24 21 af
199 730 124 20 stambanor
339 730 33 20 vid
386 730 261 27 jernvägsanläggningar
662 731 6 19 i
684 730 101 28 Finland;

136 761 32 19 att
184 758 157 21 bondeståndet
357 758 96 27 godkänt
469 758 108 20 allmänna
593 758 206 24 besvärsutskottets
817 762 73 22 betän-

65 789 71 21 kande
152 788 6 20 i
174 787 113 27 anledning
303 787 24 20 af
340 786 109 28 åtskilliga
465 787 67 20 under
545 787 145 21 innevarande
701 788 100 28 landtdag
813 792 77 20 väckta

65 816 185 28 petitionsförslag
270 822 33 14 om
325 816 172 26 upprensningar
518 816 23 20 af
561 816 106 20 särskilda
682 816 91 22 farleder
789 820 39 20 och
845 823 45 17 vat-

66 845 91 27 tendrag
173 845 6 20 i
195 844 36 20 det
247 844 45 20 inre
308 844 24 20 af
345 844 84 26 landet;

135 876 32 18 att
183 872 158 21 bondeståndet
357 872 48 20 med
422 872 105 20 särskilda
542 872 75 28 tillägg
632 873 95 27 godkänt
738 875 105 21 allmänna
854 876 36 21 be-

67 902 179 21 svärsutskottets
269 900 138 21 betänkande
426 901 7 20 i
452 900 115 28 anledning
587 901 22 20 af
627 902 106 20 särskilda
748 904 67 20 under
830 905 59 21 inne-

67 931 94 21 varande
185 929 102 27 landtdag
309 929 57 20 inom
390 929 158 21 bondeståndet
569 930 78 20 väckta
667 931 115 26 petitioner
800 934 90 21 rörande

68 958 211 28 omorganiseringen
295 957 24 20 af
333 957 160 20 landtmäteriet
508 957 38 20 och
557 957 160 22 forstväsendet
728 959 109 22 äfvensom
848 962 41 20 för-

67 987 125 27 valtningen
208 985 23 21 af
246 986 175 27 kronoskogarne
438 986 5 19 i
459 986 73 19 landet
548 993 27 12 m.
591 993 40 20 m.;

138 1018 31 18 att
193 1014 158 21 bondeståndet
371 1015 95 26 godkänt
487 1014 176 21 bankutskottets
683 1015 134 22 betänkande
832 1018 6 20 i
854 1025 36 14 an-

68 1044 88 27 ledning
179 1043 22 20 af
223 1042 204 28 bankfullmäktiges
450 1043 80 27 förslag
553 1042 32 21 till
603 1043 134 27 uppförande
757 1045 24 20 af
795 1048 32 18 ett
840 1041 50 34 nytt

68 1072 110 26 bankhus;

138 1103 32 18 att
185 1099 158 21 bondeståndet
359 1100 6 19 i
381 1100 65 27 öfrigt
461 1099 96 27 godkänt
573 1099 199 28 sjölagsutskottets
785 1109 107 15 samman-

67 1128 206 28 jemkningsförslag
291 1128 6 20 i
316 1128 116 27 anledning
448 1128 23 21 af
485 1128 78 27 nådiga
580 1129 159 26 propositionen
756 1137 33 14 om
805 1138 28 21 ny
850 1133 40 26 sjö-

69 1158 36 27 lag
120 1158 34 20 för
169 1157 98 25 Finland,
283 1160 60 17 utom
359 1156 56 21 hvad
432 1157 119 20 beträffade
567 1157 12 26 &
595 1157 27 20 62
640 1157 38 21 och
694 1158 151 29 förordningen
858 1167 34 14 an-

69 1187 83 27 gående
168 1185 174 28 sjömanshusen;

139 1217 32 18 att
195 1213 163 26 bondeståndet,
379 1214 68 27 jemte
467 1213 59 21 bifall
544 1213 31 21 till
591 1214 173 22 statsutskottets
780 1216 112 22 framställ-

70 1244 52 27 ning
138 1250 33 13 om
189 1242 129 27 behandling
334 1242 6 20 i
355 1242 105 20 förstärkt
476 1243 140 20 statsutskott
630 1242 23 21 af
667 1242 74 28 frågan
757 1251 34 14 om
807 1246 41 20 den
859 1249 33 18 ut-

71 1272 60 20 öfver
153 1272 13 20 3
189 1271 98 27 miljoner
309 1271 60 20 mark
391 1271 119 26 inflytande
532 1271 198 22 bränvinsskattens
746 1274 148 27 användande,

71 1300 32 21 till
118 1300 121 21 ledamöter
259 1299 6 20 i
285 1299 36 20 det
337 1299 120 20 förstärkta
472 1299 107 20 utskottet
595 1302 76 18 utsett:
689 1300 203 29 landtdagsmännen

71 1329 110 24 Heikkilä,
202 1327 107 26 Maunula,
328 1328 109 24 Duncker,
454 1327 124 24 Hentunen,
595 1327 108 28 Keränen,
720 1329 115 29 Lindberg,
851 1331 43 21 Ro-

72 1357 80 26 sendal,
174 1356 91 26 Stråhle,
286 1355 79 26 Klami,
385 1356 107 20 Andersin
514 1356 40 20 och
569 1355 106 27 Heikura,
692 1360 55 18 samt
762 1359 31 20 till
809 1360 85 27 supple-

72 1388 72 19 anter:
160 1385 207 27 landtdagsmännen
384 1384 160 27 Kumpulainen
561 1384 40 21 och
616 1384 67 27 Habl;

142 1416 31 19 att
193 1413 158 21 bondeståndet
370 1413 97 27 godkänt
482 1415 154 18 sammansatta
653 1415 62 19 stats-
731 1415 38 20 och
786 1416 109 21 ekonomi-

73 1443 118 20 utskottets
212 1441 302 28 sammanjemkningsförslag
532 1441 6 20 i
559 1441 116 28 anledning
690 1443 24 20 af
728 1443 75 28 nådiga
818 1451 78 21 propo-

74 1471 117 20 sitionerna
207 1477 32 13 om
256 1470 136 27 uppförande
408 1470 23 20 af
445 1469 106 21 särskilda
567 1469 113 27 fyrbåkar;
697 1475 54 17 samt

144 1501 32 19 att
195 1498 158 22 bondeståndet
373 1498 96 28 godkänt
485 1498 154 20 sammansatta
656 1501 61 18 stats-
735 1500 38 20 och
790 1501 108 21 ekonomi-

799 1542 35 16 23”
