1109 1739
415 100 40 15 Den
467 99 20 16 31
503 99 43 20 Maj.
831 99 37 20 141

217 154 99 28 Samma
333 155 50 33 dag
400 155 107 27 klockan
525 154 13 27 5
557 154 200 34 eftermiddagen.

140 212 123 27 Föredrogs
281 215 156 18 sammansatta
453 214 65 19 stats-
534 212 40 21 och
590 212 220 21 ekonomiutskottets
824 212 74 21 betän-

72 241 70 21 kande
152 241 7 20 i
171 241 114 27 anledning
300 241 23 20 af
331 243 32 18 ett
373 241 58 21 inom
442 241 159 21 bondeståndet
611 241 65 21 väckt
686 241 87 28 förslag,
785 241 113 28 angående

72 269 134 28 uppförande
222 269 23 21 af
258 271 32 19 ett
305 269 135 22 ständerbus.
497 288 2 2 .

142 297 57 22 Herr
213 297 121 28 Pipping,
350 297 123 28 Fredrik,
488 298 72 21 anhöll
574 305 34 14 om
625 297 62 22 ordet
702 297 39 22 och
757 298 93 27 yttrade:
864 297 34 22 Dä

72 326 60 21 detta
147 326 137 21 betänkande
300 326 35 21 vid
351 326 167 28 förrgärdagens
532 326 159 21 sammanträde
702 326 91 26 förevar,
804 327 94 27 föreslog

72 361 27 14 en
115 355 51 21 ärad
182 355 94 21 ledamot
291 355 24 21 af
328 355 93 26 ständet,
437 357 33 19 att
481 355 90 21 ärendet
581 355 68 20 mätte
660 354 143 22 öfverlemnas
813 355 32 22 till
856 355 41 21 dis-

72 383 89 22 kussion
177 383 35 21 vid
228 384 86 27 plenum
330 383 112 28 plenorum
459 383 23 21 af
495 384 102 27 samtliga
613 383 96 22 ständen.
736 383 50 21 Med
797 383 101 22 afseende

72 411 13 21 å
108 412 78 21 sakens
211 411 157 28 beskaffenhet,
391 413 71 19 såsom
493 413 93 20 rörande
612 412 42 20 alla
680 412 70 26 stånd,
775 419 65 13 anser
860 413 39 27 jag

72 439 60 22 detta
147 440 81 28 förslag
243 447 50 14 vara
309 440 48 21 fullt
372 440 137 28 motiveradt,
529 440 40 22 och
584 440 97 21 anhåller
696 447 28 14 nu
739 442 32 19 att
787 440 21 21 få
823 441 75 20 förena

72 469 44 27 mig
131 469 7 21 i
153 469 125 27 detsamma,
294 468 56 22 helst
366 469 123 28 derigenom
508 476 25 14 cn
550 468 90 29 stadgad
659 468 188 28 landtdagspraxis
864 469 34 21 be-

72 497 107 21 träffande
195 497 72 28 dylika
283 498 62 27 plena
360 500 77 26 genast
452 498 70 20 skulle
537 498 73 20 kunna
625 498 77 20 vinnas
718 498 40 20 och
773 498 123 28 landtdags-

72 526 117 28 ordningen
213 526 124 28 derigenom
355 526 47 22 icke
425 526 115 21 framdeles
565 526 142 21 underkastas
729 526 40 21 den
792 526 106 22 arbiträra

72 555 105 27 tolkning,
200 562 45 14 som
265 555 6 20 i
291 554 55 22 vissa
369 555 36 21 fall
430 554 34 22 vid
488 554 71 22 denna
580 554 103 30 landtdag
705 554 89 22 kommit
817 562 81 14 samma

72 583 107 27 grundlag
197 583 30 21 till
247 583 40 21 del.
319 583 75 21 Likväl
413 583 68 21 skulle
495 584 39 27 jag
552 583 57 21 hålla
627 584 53 26 före,
699 585 32 19 att
749 584 150 27 ridderskapet

72 612 41 20 och
128 612 62 20 adeln
213 612 55 21 först
290 612 67 21 borde
380 612 106 21 definitivt
510 614 59 26 yttra
589 612 32 28 sig
637 618 33 15 om
692 612 150 28 ridderskapet
858 612 39 22 och

72 640 62 21 adeln
150 640 43 26 vill,
209 641 26 27 pä
251 642 42 20 sätt
308 640 103 28 förslaget
427 642 30 25 är,
475 640 86 22 afträda
580 640 60 22 detta
658 640 40 21 hus
714 640 30 22 till
760 640 37 22 det
812 648 86 20 gemen-

72 675 82 15 samma
177 669 128 21 ändamälet.
335 669 48 21 Och
399 669 25 21 dä
441 669 41 21 den
506 676 90 18 summa,
614 669 32 21 till
666 669 86 21 hvilken
775 669 63 21 huset
854 670 44 20 stär

72 697 151 28 ridderskapet
241 698 40 21 och
303 698 69 25 adeln,
396 698 66 20 redan
478 697 33 21 till
528 698 52 27 följd
596 698 23 20 af
632 698 27 21 de
674 698 161 28 upplysningar,
852 705 45 14 som

73 726 36 21 vid
124 726 54 21 1864
193 726 35 21 års
241 726 101 28 landtdag
353 726 130 21 aflemnades
495 726 24 21 af
528 728 31 19 ett
570 726 27 21 dä
607 726 102 21 särskildt
721 726 75 21 tillsatt
807 726 91 27 utskott,

72 755 24 19 är
112 754 31 22 till
159 754 72 22 siffran
248 762 55 21 noga
318 755 89 25 fixerad,
427 754 107 28 nemligen
553 755 92 26 232,802
661 755 67 27 mark,
744 757 45 19 tror
801 756 39 27 jag
856 755 43 27 mig

74 789 42 21 ega
126 783 116 29 anledving
258 784 118 26 hemställa,
391 783 105 21 huruvida
510 784 48 20 icke
573 783 152 28 ridderskapet
740 783 39 21 och
792 784 61 20 adeln
870 790 27 14 nu

74 812 37 20 vill
126 812 85 21 besluta
229 812 32 28 sig
279 814 32 19 att
331 812 64 21 afläta
411 812 63 20 huset
489 812 34 20 för
539 812 70 21 denna
625 819 82 13 summa
723 812 39 21 och
777 812 123 21 sedermera

73 839 118 29 hänskjuta
206 840 74 28 frågan
296 841 31 21 till
343 840 130 28 behandling
488 840 68 28 enligt
571 841 26 20 47
614 841 11 27 8
639 840 7 21 i
659 840 239 28 landtdagsordningen.

144 868 57 22 Herr
217 869 185 28 Montgomery:
419 869 34 21 Dä
467 869 67 21 saken
546 869 145 21 behandlades
703 870 30 20 uti
744 871 154 19 sammansatta

74 898 65 20 stats-
156 898 39 20 och
212 898 215 26 ekonomiutskottet,
441 898 128 20 förutsattes
586 898 36 21 det
638 900 32 18 att
684 898 7 20 i
707 898 74 27 hvarje
797 898 102 21 händelse

74 932 27 14 en
118 926 75 20 remiss
213 926 132 22 beträffande
366 926 148 21 riddarhusets
532 926 83 21 inlösen
633 926 68 21 borde
717 926 38 21 ske
769 926 32 21 till
816 926 83 21 riddar-

74 954 155 27 husutskottet,
249 955 39 20 och
304 955 35 20 det
355 962 37 13 var
408 954 76 21 endast
499 954 35 21 för
549 957 32 18 att
596 955 96 20 förkorta
707 955 59 20 tiden
782 961 45 14 som
843 961 55 14 sam-

73 985 109 19 mansatta
197 985 64 19 stats-
277 983 40 21 och
333 983 210 21 ekonomiutskottet
562 983 67 28 ansäg
645 983 32 28 sig
693 983 52 21 böra
760 983 97 28 uppgöra
872 989 26 14 en

74 1011 58 27 plan,
147 1011 69 21 under
231 1011 154 28 förutsättning
400 1013 32 19 att
448 1011 26 21 de
491 1011 68 22 andra
574 1012 90 21 stånden
681 1011 68 21 skulle
759 1011 87 21 afvakta
857 1011 42 21 rid-

73 1039 199 22 darhusutskottets
298 1040 110 21 utlåtande
436 1040 39 21 och
497 1040 151 27 ridderskapet
670 1040 40 21 och
733 1040 72 21 adelns
828 1039 72 22 beslut

73 1068 6 20 i
96 1068 115 28 anledning
227 1068 66 27 deraf,
309 1069 133 20 beträffande
458 1069 149 21 riddarhusets
618 1068 111 21 afstäende
742 1070 57 20 emot
809 1069 91 26 inlösen,

73 1096 65 22 innan
154 1097 66 28 nägot
235 1097 82 28 slutligt
333 1097 118 27 pröfvande
467 1097 24 21 af
504 1097 68 21 saken
588 1097 69 21 skulle
673 1097 46 21 ske.

143 1125 100 22 Friherre
260 1133 46 14 von
323 1125 78 22 Born:
417 1125 42 28 Jag
475 1126 132 26 hemställer,
623 1126 106 21 huruvida
742 1125 48 22 icke
802 1125 50 22 herr
864 1125 36 22 ba-

73 1160 40 15 ron
129 1153 39 22 och
184 1154 196 21 landtmarskalken
396 1154 66 21 funne
480 1155 98 27 lämpligt
593 1156 32 19 att
640 1154 93 28 tillfråga
755 1154 93 27 ståndet,
865 1161 34 14 om

73 1183 72 27 nägon
164 1182 125 28 försäljning
310 1183 38 20 alls
368 1183 41 20 kan
429 1183 108 21 komma
525 1178 13 37 i
556 1183 67 28 fräga.
654 1183 73 21 Skulle
749 1183 151 28 ridderskapet

73 1211 42 20 och
130 1211 63 20 adeln
213 1211 120 21 bestämma
351 1212 33 27 sig
399 1211 33 21 för
448 1212 42 27 nej,
507 1212 71 27 tjenar
594 1212 37 21 det
646 1211 32 22 till
693 1211 110 28 ingenting
819 1214 33 18 att
867 1218 32 14 re-

73 1239 88 21 mittera
183 1239 90 22 ärendet
290 1240 31 21 till
340 1240 231 27 riddarhusutskottet,
593 1247 48 14 men
662 1247 63 14 anser
747 1240 152 27 ridderskapet

73 1268 41 21 och
131 1267 62 22 adeln
212 1268 126 28 försäljning
361 1269 80 28 möjlig,
460 1269 39 20 bör
524 1269 89 21 ärendet
629 1269 6 20 i
651 1268 101 21 afseende
767 1269 13 21 &
795 1268 105 28 detaljbe-

73 1296 163 28 stämningarna
251 1297 121 20 remitteras
387 1297 32 21 till
435 1297 230 22 riddarhusutskottet.

144 1324 101 22 Friherre
261 1325 82 28 Boije:
359 1325 44 28 Jag
418 1326 69 21 skulle
503 1326 34 21 för
553 1326 42 21 min
607 1325 35 22 del
658 1333 59 18 anse,
732 1327 32 20 att
779 1325 6 21 i
796 1325 42 21 alla
849 1325 51 21 hän-

73 1353 73 21 delser
160 1353 76 28 frägan
253 1355 38 20 bör
306 1355 123 20 remitteras
444 1354 32 21 till
492 1354 230 21 riddarhusutskottet.

143 1381 59 22 Herr
217 1382 196 22 landtmarskalken
430 1383 29 21 lät
475 1383 53 21 härä
543 1383 34 20 för
593 1383 86 21 ständet
693 1383 90 28 uppläsa
797 1389 26 14 en
835 1383 25 20 sä
870 1382 30 28 ly-

73 1409 71 22 dande
160 1411 142 27 proposition:

143 1455 5 10 »
152 1438 50 26 Vill
218 1439 149 28 ridderskapet
382 1439 39 22 och
439 1439 62 21 adeln
517 1440 110 21 remittera
642 1439 163 28 ifrågavarande
820 1439 81 20 ärende

72 1461 34 57 fill
122 1467 221 21 riddarhusutskottet
358 1468 6 20 i
381 1468 101 20 afseende
498 1468 14 20 å
523 1469 98 19 närmare
640 1469 115 26 utredning
770 1475 34 13 om
820 1467 81 21 riddar-

88 1495 77 21 uset?''
