1109 1739
449 91 39 18 Den
501 94 11 15 3
526 93 48 16 Jnni.
860 93 40 20 167

105 149 90 25 120,000
214 149 61 20 mark
295 148 41 21 kan
352 149 47 20 icke
415 149 144 20 substitueras
576 149 27 20 då
619 155 48 14 man
684 149 48 21 icke
748 151 36 18 vet
800 149 55 20 huru
871 156 57 20 myc-

104 177 36 20 ket
156 177 55 20 skall
228 177 71 20 kunna
319 178 86 25 återstå,
422 177 100 21 hvarföre
536 178 90 24 120,000
643 178 41 20 kan
702 185 51 13 vara
769 178 43 20 lika
829 178 37 20 bra
883 185 45 13 som

104 205 75 27 hvarje
195 212 70 13 annan
282 205 64 21 siffra.

173 233 64 21 Hvad
253 234 45 20 åter
314 234 39 20 den
363 234 70 28 tredje
447 236 76 25 posten
536 235 73 26 angår,
621 235 52 20 eller
684 235 125 20 annuiteten
822 235 32 20 för
864 235 25 20 de
903 235 25 20 10

106 262 152 27 miljoner,som
275 262 68 21 skulle
359 263 106 20 afbetalas
481 263 31 20 till
529 263 66 28 ryska
610 263 238 27 riksskattkammaren,
859 265 23 18 är
893 263 35 21 det

105 291 128 27 fullkomligt
249 291 68 20 ovisst
333 298 32 13 om
383 291 65 28 ryska
463 292 232 20 riksskattkammaren
712 299 37 13 ens
766 292 38 27 går
819 292 20 21 in
852 292 33 27 på,
897 294 32 18 att

106 321 109 25 emottaga
231 326 24 13 en
273 319 64 21 sådan
354 320 134 27 afbctalning
505 320 40 21 och
562 321 56 19 ännu
634 320 83 21 mindre
733 320 81 21 känner
830 328 48 19 man
898 320 31 20 till

107 348 102 32 vilkoren,
227 347 110 33 hvaruppå
353 355 24 14 en
395 349 39 20 slik
453 349 137 27 afbetalning
609 348 68 21 skulle
694 349 72 20 kunna
782 350 45 20 ske.
858 349 70 20 Afven

103 376 38 27 jag
157 377 32 19 för
205 377 42 19 min
264 377 34 20 del
314 377 68 20 skulle
399 377 22 20 af
435 377 85 20 fullaste
533 366 69 39 hjerta
615 377 66 20 önska
693 380 32 18 att
737 377 70 21 denna
818 379 38 20 vår
867 377 61 21 skuld

106 405 71 20 kunde
194 405 88 26 betalas,
299 412 47 14 men
361 406 38 26 jag
414 407 23 19 är
453 406 99 21 tveksam
563 413 33 13 om
609 406 54 20 hvad
675 413 46 13 som
735 413 50 14 vore
797 407 131 26 lämpligare,

106 434 101 27 antingen
231 436 32 18 att
287 434 104 26 styrelsen
412 434 47 20 ville
476 434 73 21 derom
566 435 53 27 göra
635 434 32 27 sig
683 434 138 21 underrättad
838 435 39 20 och
894 435 34 19 vid

106 463 61 19 nästa
184 462 101 28 landtdag
304 463 32 19 för
352 463 115 20 ständerna
483 462 121 28 framlägga
620 463 131 27 proposition
769 463 5 19 i
791 463 74 26 saken,
878 462 51 21 eller

106 492 32 19 att
160 491 118 20 ständerna
301 498 27 13 nu
352 491 65 20 redan
437 491 69 21 skulle
526 492 68 20 uttala
610 492 32 26 sig
658 491 83 27 derom;
757 492 60 20 detta
833 492 43 20 kan
890 492 39 27 jag

106 519 47 21 icke
171 520 47 20 med
242 520 100 20 säkerhet
359 520 99 27 bedöma;
474 527 48 13 men
540 522 31 18 att
587 521 98 26 uppgöra
701 521 69 26 någon
789 520 72 27 kalkyl
878 523 49 17 utan

107 550 31 18 att
154 548 64 20 hafva
235 548 110 20 bestämda
361 549 70 20 siffror
447 549 39 20 och
504 549 58 20 facta
578 551 31 18 att
626 549 56 20 hålla
698 549 32 27 sig
741 549 38 26 till,
791 550 22 19 är
825 549 103 27 omöjligt.

177 576 56 21 Herr
257 576 140 22 Snellman:
421 577 166 21 Vördsammast
608 578 65 26 vågar
686 578 38 26 jag
740 578 84 24 föreslå,
840 580 32 18 att
889 577 40 20 rid-

107 605 116 27 derskapet
239 606 40 20 och
295 606 60 20 adeln
372 606 66 20 måtte
455 608 79 24 antaga
550 606 118 20 utskottets
685 606 80 26 förslag
782 606 146 20 oförändradt.

106 633 43 28 Jag
172 634 37 20 har
233 634 64 20 redan
318 634 45 20 haft
379 636 50 19 äran
447 638 30 17 att
494 635 69 19 under
579 634 90 27 tidigare
691 634 120 21 diskussion
831 634 6 20 i
856 636 72 18 ämnet

107 663 101 26 åberopa,
217 664 31 18 att
264 663 27 27 på
306 663 68 27 grund
390 664 23 19 af
427 662 60 21 Hans
506 663 101 27 Majestät
624 663 118 27 Kejsarens
759 663 77 27 nådiga
852 670 77 20 propo-

107 691 62 20 sition
180 691 111 27 angående
300 692 144 27 anläggandet
453 692 22 20 af
482 691 135 27 Petersburg
628 704 9 2 --
647 691 114 21 Riihimäki
773 692 70 20 banan
854 692 33 20 vid
897 698 31 14 se-

107 722 62 18 naste
185 719 107 27 landtdag,
309 720 114 20 ständerna
436 720 47 21 icke
499 720 6 20 i
523 721 65 26 något
605 720 35 20 fall
657 720 68 20 skulle
743 720 84 20 komma
844 722 32 18 att
891 728 37 19 ga-

108 750 86 18 rantera
218 749 122 19 annuiteter
363 750 26 26 på
413 750 66 26 några
502 748 34 21 lån
554 748 85 21 utöfver
657 749 24 20 18
698 749 102 27 miljoner,
818 749 111 20 hvaremot

108 777 105 27 styrelsen
230 776 90 21 förband
337 778 31 26 sig
384 780 31 18 att
430 778 53 19 söka
499 777 100 21 anskaffa
616 777 68 27 öfriga
701 778 75 24 medel,
793 784 45 14 som
850 777 33 20 för
894 778 34 19 än-

108 805 93 21 damålet
226 812 50 14 vore
300 806 113 27 behöfliga.
443 806 71 20 Dessa
531 807 12 19 4
562 806 103 26 miljoner,
683 806 70 20 hvilka
769 806 111 27 upptagits
896 806 33 19 sä-

108 840 45 14 som
178 834 32 20 lån
234 834 33 20 för
283 834 129 28 jernvägens
429 834 121 28 byggande,
568 836 36 18 äro
621 837 111 25 upptagna
749 834 44 20 helt
809 834 39 20 och
864 834 65 20 hållet

108 863 32 19 för
156 862 139 28 regeringens
319 863 90 27 räkning
426 863 39 20 och
486 864 27 26 på
538 863 49 20 dess
611 863 50 20 risk.
693 862 175 25 Statsutskottet,
884 869 44 13 som

108 890 63 21 äfven
187 891 5 20 i
205 891 70 27 öfrigt,
296 892 23 20 så
343 892 44 20 vidt
405 892 38 27 jag
460 892 81 20 förmår
558 892 96 25 bedöma,
670 892 6 19 i
693 892 36 20 sitt
743 892 80 26 förslag
842 891 87 20 handlat

109 919 53 21 både
179 920 101 20 statslokt
296 920 39 20 och
352 920 106 20 finansielt
474 920 83 27 riktigt,
575 920 38 20 har
628 920 83 20 förfarit
728 920 86 27 mycket
826 919 103 27 välvilligt

109 948 51 26 deri,
177 951 31 17 att
224 948 46 20 inse
286 948 123 27 billigheten
427 949 26 24 af,
471 951 30 17 att
519 948 116 20 ständerna
646 948 69 20 skulle
727 949 84 19 komma
823 948 104 26 styrelsen

109 976 29 20 till
163 976 58 27 hjelp
245 977 48 20 med
310 977 101 20 afseende
429 978 12 19 å
457 977 186 27 återbetalningen
661 977 22 20 af
698 977 68 26 någon
783 977 34 20 del
833 976 23 20 af
870 976 60 20 detta

109 1004 33 21 lån
167 1005 26 26 på
216 1005 13 20 4
252 1005 97 27 miljoner
373 1006 66 25 mark,
463 1005 92 21 emedan
577 1005 36 20 det
629 1005 63 20 likväl
709 1005 33 20 för
758 1007 31 18 ett
805 1005 124 26 produktivt

109 1033 97 20 ändamål
223 1033 40 20 och
279 1034 30 19 till
326 1036 31 18 ett
372 1034 32 20 för
421 1034 71 20 landet
510 1034 111 27 gagneligt
637 1033 90 28 företag,
744 1033 68 21 blifvit
828 1033 100 20 användt.

110 1061 113 20 Utskottet
247 1062 38 20 har
300 1062 68 21 likaså
387 1069 24 14 ur
427 1063 98 20 finansiel
542 1063 109 26 synpunkt
667 1062 84 21 förfarit
767 1063 5 19 i
789 1063 37 19 sitt
844 1062 85 26 förslag,

109 1090 130 27 fullkomligt
263 1091 80 27 riktigt,
367 1091 26 20 då
416 1092 108 19 utskottet
547 1091 103 20 förklarat
674 1091 32 20 för
731 1092 62 24 orätt,
812 1093 32 18 att
860 1090 70 20 sedlar

109 1119 69 20 skulle
195 1119 92 27 utgifvas
304 1119 21 20 af
340 1121 69 26 någon
427 1127 69 13 annan
514 1121 25 19 än
557 1120 22 19 af
594 1119 69 20 dertill
689 1119 133 27 berättigade
842 1119 88 25 banker,

110 1147 46 20 icke
179 1154 38 13 ens
241 1147 22 20 af
284 1149 133 26 regeringen,
439 1149 70 19 såsom
528 1155 27 13 nu
571 1148 58 20 skett
646 1148 47 20 med
710 1148 62 20 dessa
788 1147 143 27 obligationer

111 1178 25 24 på
160 1176 13 19 4
194 1176 109 26 miljoners
327 1177 67 26 lånet;
413 1179 29 24 ty'
452 1177 41 20 alla
510 1177 81 20 sådana
609 1183 87 21 papper,
713 1183 44 14 som
773 1177 38 19 äro
828 1175 33 20 vid
878 1182 52 20 upp-

109 1204 85 27 visning
209 1204 112 24 inlösbara,
339 1207 36 18 äro
391 1205 76 20 sedlar.
499 1205 116 20 Utskottet
631 1205 38 20 har
688 1205 84 20 derföre
789 1204 82 27 ganska
888 1204 43 19 väl-

111 1233 90 20 betänkt
216 1233 113 21 framställt
345 1233 40 21 den
402 1233 89 26 önskan,
510 1235 32 19 att
559 1233 36 21 det
611 1233 136 21 återstående
759 1233 108 27 beloppet,
881 1232 51 21 eller

110 1261 34 20 må
167 1268 50 13 vara
241 1263 31 18 ett
288 1263 69 26 jemnt
376 1263 77 26 belopp
471 1262 22 20 af
507 1263 13 19 2
538 1262 105 27 miljoner,
659 1262 69 20 skulle
744 1262 140 20 konverteras
900 1261 31 20 till

111 1292 31 18 ett
165 1290 186 27 amorteringslån.
383 1291 66 20 Detta
473 1291 120 20 utskottets
617 1291 79 27 förslag
716 1291 64 25 vågar
794 1291 38 26 jag
848 1289 84 21 derföre

110 1325 52 14 anse
178 1318 92 27 förtjena
286 1321 31 18 att
333 1319 5 20 i
355 1319 40 20 alla
413 1319 137 20 bänseenden
568 1319 66 27 gillas.
666 1319 41 27 Jag
724 1320 36 19 ber
771 1321 32 18 att
814 1319 21 20 få
846 1318 87 26 tillägga

110 1349 32 18 att
166 1347 36 20 det
226 1347 37 20 har
287 1348 116 26 anmärkts,
420 1349 32 19 att
469 1347 48 21 hela
534 1347 40 20 den
593 1349 26 25 på
635 1347 90 20 Finland
741 1347 92 20 fallande
851 1347 81 20 inkom-

110 1377 47 18 sten
175 1375 45 20 från
235 1375 143 28 jernvägarne
395 1377 38 19 har
449 1376 71 21 blifvit
537 1376 108 20 öfverförd
662 1376 30 20 till
709 1376 106 20 allmänna
831 1374 102 21 statsfon-

110 1403 50 27 den,
177 1404 62 27 ingen
258 1404 32 20 del
307 1405 60 20 deraf
381 1405 32 20 till
430 1405 21 20 11
471 1405 152 25 hufvudtiteln,
640 1405 51 20 eller
706 1404 59 21 titeln
778 1404 32 20 för
823 1403 110 20 bränvins-

111 1432 93 26 skatten,
229 1433 84 20 hvilken
338 1433 66 20 likväl
427 1435 23 18 är
470 1433 75 26 påförd
563 1435 74 18 räntan
657 1433 34 20 för
718 1433 25 20 18
769 1433 109 26 miljoners
904 1431 30 20 lä-

111 1463 43 17 net.
190 1461 43 19 Det
263 1462 36 19 har
330 1462 125 25 visserligen
481 1461 91 20 sålunda
598 1462 4 19 i
629 1461 160 26 statsförslaget
815 1459 119 28 upptagits,

111 1496 47 12 men
184 1488 35 20 det
243 1490 23 19 är
282 1489 55 21 dock
353 1490 129 26 fullkomligt
499 1490 90 26 oriktigt
605 1490 38 20 och
661 1489 140 27 oberättigat;
818 1492 23 24 ty
858 1488 36 19 det
911 1488 24 18 är
