1109 1739
425 113 38 16 Den
476 113 20 15 31
511 112 37 21 Maj
845 111 40 20 155

87 168 90 27 byggas,
200 168 45 21 blef
265 168 60 21 detta
345 170 33 19 ett
401 168 45 21 skäl
462 168 31 20 till
509 168 34 20 för
559 168 76 27 bidrag
650 168 46 21 från
714 169 63 26 ryska
793 168 119 21 skattkam-

87 203 85 13 marens
189 197 55 26 sida;
261 197 36 20 det
315 204 36 13 var
366 197 89 20 sålunda
471 197 61 20 detta
551 197 75 27 bidrag
643 197 89 20 tillkom.
758 196 63 21 Hvad
838 203 27 14 nu
881 196 31 21 fö-

86 225 74 25 reslås,
177 227 31 18 att
225 225 35 20 det
275 225 68 21 första
368 233 47 12 man
433 225 54 20 hade
503 228 33 17 att
551 227 53 26 göra
623 232 51 13 vore
686 227 31 18 att
726 225 117 21 återbetala
855 225 56 20 skul-

86 253 49 26 den,
160 253 65 28 vågar
246 254 37 27 jag
307 255 32 19 för
361 254 41 20 min
423 254 33 20 del
477 261 52 13 anse
545 254 34 20 för
595 254 38 20 alls
649 254 48 20 icke
714 253 131 21 välbetänkt.
876 253 34 20 Bi-

86 281 77 27 draget
186 283 22 20 är
225 282 41 21 tills
284 283 72 20 vidare
372 285 31 18 ett
420 283 23 20 så
459 282 69 27 billigt
544 283 41 24 lån,
601 289 46 14 som
665 283 18 19 vi
701 282 63 21 hafva
781 283 71 20 kunna
868 281 43 26 det;

86 311 39 20 och
142 311 35 20 må
192 318 48 13 man
256 311 72 28 bygga
344 313 74 25 tryggt
434 311 80 20 vidare.
541 311 46 20 När
606 311 85 28 engång
707 311 147 20 inkomsterna
864 311 46 20 från

87 338 279 29 Riihimäki
212 334 13 37 —
235 338 131 29 Petersburg
383 340 91 27 jernväg
493 339 57 28 stiga
569 340 24 20 så
612 339 57 28 högt,
687 342 31 17 att
733 339 123 22 densamma
872 339 40 28 gif-

88 374 36 13 ver
141 367 12 21 5
170 367 13 21 å
193 369 12 20 6
222 370 89 25 procent
326 371 60 18 netto
397 369 26 26 på
433 368 25 20 de
470 368 46 21 deri
528 368 121 28 nedlaggda
661 368 140 27 kapitalerna,
813 368 25 21 då
850 368 61 21 torde

86 396 36 20 det
139 398 50 19 utan
205 397 74 20 tvifvel
295 397 46 20 icke
358 397 65 20 blifva
438 397 69 27 någon
524 397 111 27 svårighet
645 398 32 19 att
689 397 22 20 så
723 403 104 20 arangera
838 397 72 24 saken,

86 427 32 17 att
137 425 63 20 dessa
223 426 26 20 10
265 426 50 26 milj.
333 426 71 20 kunna
420 428 126 18 amorteras.
579 427 38 18 Att
633 432 28 13 nu
678 425 115 20 inskränka
809 425 102 20 arbetena

86 454 26 26 på
133 453 117 28 jernvägar
265 454 6 20 i
288 454 46 20 vårt
349 453 56 26 land,
422 456 31 18 att
470 454 75 20 hindra
566 454 177 27 jernvägsnätets
762 453 149 27 utsträckning

86 488 75 20 genom
187 484 31 18 att
233 483 97 26 företaga
352 482 69 20 denna
437 482 133 28 liqvidation,
587 484 23 19 är
627 482 66 27 enligt
709 482 41 20 min
767 481 144 29 öfvertygelse

86 510 47 20 icke
150 512 49 19 rätt.
231 511 88 21 Således
332 510 69 22 skulle
414 511 38 27 jag
468 513 40 23 tro,
526 513 31 19 att
574 511 47 20 med
638 510 101 21 afseende
755 511 27 27 på
797 510 26 20 de
835 510 75 21 beräk-

86 539 54 20 nade
162 539 148 21 inkomsterna
335 539 34 21 för
391 539 286 26 kommunikationsfonden,
702 538 66 21 ehuru
788 538 65 22 också
868 538 42 21 för-

87 567 164 28 hoppningarna
272 569 33 19 må
325 575 50 14 vara
391 568 70 20 alltför
477 571 65 23 stora,
560 576 34 13 om
611 575 48 13 man
676 569 75 19 väntar
767 568 32 27 sig
814 568 12 20 3
842 567 68 27 miljo-

87 602 37 14 ner
140 596 80 28 årligen
237 596 5 20 i
259 603 25 14 en
301 604 49 13 snar
369 596 91 27 framtid,
481 597 99 27 grunden
597 596 64 21 likväl
678 596 32 21 för
727 596 144 27 beräkningen
887 597 24 19 är

87 624 71 27 riktig.
190 624 55 21 Fritt
261 626 60 20 torde
337 626 84 20 derföre
439 625 71 21 kunna
528 626 94 20 beslutas
640 625 57 20 bifall
713 625 30 20 till
759 625 106 20 allmänna
874 624 36 20 be-

87 653 180 21 svärsutskottets
283 654 79 27 förslag
381 654 302 27 angäendesjernvägsnätets
700 653 154 27 utsträckning,
871 653 39 21 och

87 682 61 20 torde
170 682 37 20 här
225 682 75 21 främst
317 683 50 20 böra
384 683 85 20 komma
486 683 5 20 i
510 683 148 24 betraktande,
676 682 101 20 huruvida
791 682 118 27 jernvägen

88 710 30 20 till
136 702 49 29 Äbo
202 711 53 20 skall
272 712 77 20 räknas
367 711 61 21 bland
445 712 26 20 de
487 712 132 25 stambanor,
636 718 45 13 som
693 711 66 20 borde
770 710 101 28 anläggas
883 712 27 26 pä

87 739 142 20 statsverkets
261 740 124 20 bekostnad.
425 741 39 19 Att
495 740 70 20 banan
597 739 162 21 'avastehus—
767 734 142 37 Tammerfors

88 767 40 20 kan
152 767 79 21 räknas
255 768 76 26 dertill,
351 768 56 21 lärer
429 768 46 21 icke
497 769 25 20 af
539 770 69 26 nägon
625 770 118 26 motsägas;
759 768 72 20 derom
848 767 62 21 torde

88 796 108 27 äsigterna
213 803 50 13 vara
279 797 100 27 temligen
397 797 68 27 eniga.
496 796 44 21 För
557 798 41 20 min
616 797 32 20 del
666 796 67 21 skulle
746 797 38 27 jag
802 802 58 19 anse,
869 798 39 24 att,

88 824 67 20 ehuru
172 824 35 20 det
225 825 39 20 kan
282 825 85 21 komma
389 828 32 18 att
437 826 54 27 vålla
511 826 70 27 någon
605 827 78 19 väntan
700 825 32 20 för
747 832 25 13 en
789 824 121 28 väsendtlig

88 853 33 20 del
142 853 23 20 af
186 853 78 25 landet,
289 854 104 28 nemligen
419 854 31 20 för
474 854 149 24 Österbotten,
643 861 34 13 om
694 853 130 27 tillgängliga
842 852 67 22 medel

88 882 75 20 främst
182 882 109 20 användas
310 882 33 21 för
361 883 143 20 Abo-banans
522 882 120 28 byggande,
655 882 36 21 det
701 882 64 20 likväl
779 883 24 19 är
817 882 42 20 rätt
870 882 39 21 och

89 909 74 27 billigt,
180 912 31 18 att
225 911 118 27 jernvägen
359 912 57 20 föres
431 912 53 20 fram
497 918 79 20 genom
589 912 69 20 denna
670 912 40 19 tätt
723 909 117 26 befolkade,
853 918 56 20 myc-

88 938 36 20 ket
140 938 76 21 odlade
233 939 102 26 landsdel,
352 947 45 13 som
415 940 54 20 varit
485 947 84 20 vaggan
587 940 31 20 för
634 940 47 19 hela
701 940 36 19 vär
753 939 78 24 kultur,
855 939 55 20 både

87 966 40 21 den
146 967 85 25 andliga
248 967 39 21 och
303 968 122 27 lekamliga,
444 969 38 20 och
504 971 32 18 att
552 968 83 28 säledes
648 968 118 27 jernvägen
783 967 30 21 till
823 967 85 21 Peters-

88 995 53 28 burg
157 995 68 21 skulle
242 1003 62 14 anses
322 997 63 20 hafva
401 997 30 20 sin
449 997 76 27 början
542 997 4 20 i
562 997 55 20 Åbo.
645 997 42 20 Det
701 997 37 20 har
749 997 56 20 förut
817 998 91 24 nämnts,

87 1025 32 19 att
134 1024 147 21 kostnaderna
297 1025 89 28 troligen
404 1025 68 21 skulle
489 1026 73 21 kunna
572 1025 116 21 nedsättas.
715 1025 42 20 Det
771 1025 75 28 gläder
860 1025 49 26 mig,

87 1054 32 18 att
135 1053 51 20 våra
201 1053 122 27 ingeniörer
339 1053 62 21 hafva
419 1055 23 19 sä
457 1055 71 20 vakna
540 1056 54 25 ögon
613 1054 32 20 för
656 1053 55 22 hvad
725 1061 43 13 som
788 1053 121 21 utomlands

87 1081 56 20 sker.
175 1081 33 20 Pä
231 1081 62 21 deras
316 1085 57 17 stora
395 1083 129 28 skicklighet
547 1083 40 20 och
610 1083 90 26 insigter
724 1082 37 21 har
777 1083 39 27 jag
842 1081 68 28 aldrig

87 1109 75 21 tviflat.
201 1109 49 21 Men
273 1111 38 26 jag
342 1111 39 20 har
415 1113 42 18 sett
490 1111 99 28 exempel
616 1112 33 26 pä,
673 1113 41 23 att,
738 1111 26 20 dä
787 1111 60 27 fräga
873 1117 37 14 var

86 1145 35 13 om
138 1138 123 28 byggandet
277 1139 23 20 af
313 1139 135 21 Riihimäki-
458 1139 135 28 Petersburg
612 1140 98 27 jernväg,
735 1147 46 12 man
797 1141 67 26 antog
878 1140 32 19 att

89 1167 90 24 112,000
195 1167 60 20 mark
272 1174 37 20 per
326 1170 57 18 verst
395 1175 36 13 var
443 1168 36 21 det
499 1169 108 26 billigaste
620 1169 49 26 pris,
682 1168 83 21 hvartill
777 1175 48 13 man
838 1168 72 20 kunde

88 1195 91 26 komma,
203 1196 38 20 och
265 1203 33 13 om
323 1196 80 21 hvilket
428 1197 90 27 belopps
541 1197 88 28 möjliga
645 1197 140 20 nedsättande
801 1196 109 27 förgäfves

86 1223 150 21 diskuterades
260 1225 54 20 både
337 1225 93 20 enskildt
456 1226 39 20 och
524 1225 111 27 offentligt.
667 1225 124 21 Emellertid
807 1219 10 38 -
818 1224 92 27 nedgick

86 1259 97 13 summan
207 1253 6 20 i
237 1253 132 27 Petersburg
391 1254 56 20 inom
471 1255 12 19 3
508 1254 12 21 &
542 1256 13 18 4
575 1254 66 26 dagar
657 1254 30 20 till
703 1254 76 25 80,000
795 1253 61 20 mark
873 1259 37 21 per

87 1283 58 18 verst
170 1281 27 26 pä
213 1281 68 27 grund
305 1282 23 20 af
345 1281 39 21 den
402 1282 93 28 ledning,
516 1290 47 13 man
583 1282 67 21 erhöll
667 1282 117 25 derstädes,
802 1281 107 27 nemligen

83 1309 46 26 just
145 1309 24 20 af
182 1309 152 28 ingeniörerna
350 1310 151 28 Wasastjerna
516 1311 39 21 och
568 1311 85 20 Lekves
668 1311 110 20 utlåtande
797 1309 113 28 angående

86 1337 141 28 smalspäriga
247 1338 122 27 jernvägar.
401 1339 62 21 Dock
486 1339 70 21 skulle
580 1340 36 20 det
633 1339 82 21 kanske
731 1339 40 20 den
787 1339 59 20 tiden
864 1339 46 20 icke

86 1365 84 28 lyckats
187 1366 70 27 bygga
271 1367 92 28 jernväg
378 1368 33 20 för
426 1368 59 20 detta
501 1368 51 27 pris,
568 1375 32 14 om
613 1368 47 21 icke
673 1367 156 21 materialierna
841 1367 69 20 skulle

86 1394 62 20 hafva
166 1395 55 20 varit
237 1396 24 19 sä
276 1395 95 28 oändligt
387 1396 78 27 billiga,
481 1396 92 21 emedan
591 1397 24 20 dä
633 1403 38 14 var
687 1403 25 14 en
729 1396 78 21 allmän
823 1397 87 26 stagna-

86 1422 44 21 tion
147 1423 6 20 i
168 1423 26 20 all
212 1424 80 21 rörelse
308 1424 38 21 och
370 1425 127 26 isynnerhet
517 1425 5 20 i
536 1425 230 28 jernverksindustrin.
797 1425 41 20 Att
851 1424 59 27 jern-

86 1452 66 25 vägar
175 1458 29 13 nu
227 1452 82 27 byggas
329 1453 85 27 mycket
433 1453 105 27 billigare,
555 1453 41 21 kan
613 1460 48 14 man
677 1453 64 25 finna,
758 1460 33 13 om
809 1459 49 14 man
874 1458 36 14 en-

85 1478 49 21 dast
157 1479 62 27 följer
242 1480 48 21 med
313 1480 26 21 de
360 1481 115 27 uppgifter,
491 1488 46 14 som
554 1482 133 20 förekomma
702 1481 6 20 i
724 1481 93 21 svenska
833 1479 78 22 tidnin-

84 1513 46 21 gar.
161 1507 122 29 Jernvägar
300 1510 81 26 byggas
397 1516 28 14 nu
442 1510 70 27 billigt
528 1510 49 20 med
593 1510 127 21 stälskenor.
752 1510 45 20 Den
811 1508 99 28 jernväg,
