1109 1739
237 108 40 21 156
560 111 39 15 Den
612 111 21 16 31
647 110 43 20 Maj.

205 166 39 26 jag
260 167 43 19 sett
318 166 90 20 omtalas
424 166 5 20 i
445 165 61 22 detta
521 166 109 26 afseende,
649 167 62 20 heter
730 161 102 37 Motala--
848 166 104 28 Halsberg.
987 166 44 20 Den

207 196 24 19 är
253 195 12 20 8
289 194 34 20 mil
347 194 49 27 lång
419 195 37 20 och
481 195 54 20 skall
560 195 81 28 byggas
664 195 35 20 för
713 195 94 26 400,000
823 195 105 20 riksdaler
943 202 39 21 per
998 195 34 20 mil

208 223 53 20 eller
275 223 78 26 40,000
371 223 65 20 riksd.
454 230 37 20 per
511 227 66 22 verst,
594 225 36 20 det
647 231 18 13 v.
682 231 16 13 s.
715 223 99 28 omkring
830 224 78 24 57,000
923 223 61 21 mark
1001 224 32 19 för

210 253 91 19 versten.
332 251 47 20 Den
400 252 81 27 bygges
501 252 47 21 med
565 260 81 13 samma
666 253 67 20 bredd
754 259 44 14 som
818 253 158 25 statsbanorna,
993 252 39 20 och

209 280 179 21 breddskilnaden
401 281 88 22 emellan
501 281 26 20 de
539 282 93 20 svenska
647 281 39 21 och
703 281 52 20 våra
763 281 118 27 jernvägar
896 282 23 19 är
936 281 26 27 på
973 281 60 27 långt

209 310 38 19 när
262 309 48 20 icke
325 315 27 14 en
376 309 44 20 half
434 309 37 21 fot.
504 309 113 21 Skenorna
640 311 63 26 göras
727 310 44 20 lika
793 309 56 28 höga
872 316 45 14 som
941 309 91 21 svenska

208 337 170 23 statsbanornas,
394 337 31 21 för
436 340 37 19 ali
490 338 73 21 kuuna
579 339 82 21 lätiare
672 333 116 37 iwafikeros,
799 333 132 37 yintertiden;
946 338 24 23 de
974 338 59 27 väga

210 366 25 20 17
250 365 85 26 lispund
358 373 39 20 per
411 366 38 25 fot,
466 367 109 20 tillverkas
593 367 26 27 pä
636 367 79 20 Motala
731 367 24 20 af
768 366 156 21 Bessemerstäl
942 367 38 20 och
996 373 36 14 an-

209 401 34 14 ses
267 394 42 21 lika
332 395 72 20 starka
420 402 44 13 som
481 395 104 28 engelska
601 395 86 26 skenor,
704 395 96 28 vägande
817 396 24 20 21
860 395 90 28 lispund.
982 396 50 20 Man

209 429 34 20 ser
259 423 90 25 säledes,
366 425 31 19 att
414 424 65 20 banor
499 425 82 26 byggas
606 425 47 19 vida
674 424 97 27 billigare
787 426 26 18 än
831 424 19 20 vi
867 424 75 20 hittills
960 424 72 27 byggt.

209 450 101 28 Onskligt
333 458 51 14 vore
407 454 32 18 att
462 452 74 28 hvarje
559 453 24 20 är
603 453 66 27 några
685 453 22 20 af
723 452 51 20 våra
789 452 122 27 ingeniörer
928 452 67 20 skulle
1012 452 20 20 få

208 480 82 20 tillfälle
306 482 33 18 att
355 481 27 26 pä
397 483 34 18 ort
447 481 38 21 och
502 481 61 21 ställe
583 484 50 24 taga
649 482 56 20 notis
721 488 42 19 om,
780 481 55 20 hvad
847 481 5 20 i
861 481 171 27 jernvägsbygg-

209 508 41 21 nad
270 508 121 21 utomlands
411 509 55 21 sker.
498 510 33 27 Ty
550 510 36 20 det
605 510 72 27 förgär
696 510 19 27 ej
738 510 65 26 något
818 509 30 26 är,
865 509 26 20 dä
907 509 46 21 icke
968 509 64 21 fram-

209 539 48 25 steg
275 537 74 21 dervid
368 538 70 26 göras,
460 538 82 20 hvilkas
567 538 138 27 betydenhet,
723 538 44 28 vigt
784 538 37 20 och
840 538 64 20 värde
920 544 47 14 man
985 538 47 20 icke

209 566 61 20 torde
286 565 71 21 kunna
373 566 60 26 fatta,
451 569 49 18 utan
518 570 31 18 att
565 574 23 14 se
605 567 47 20 dem
670 568 26 25 pä
713 570 34 18 ort
763 567 39 20 och
819 567 61 20 ställe
897 566 39 21 och
952 566 80 20 erhälla

209 594 118 28 mundtliga
337 595 154 27 upplysningar
507 596 23 20 af
543 596 55 24 dem,
610 602 45 14 som
673 596 68 27 byggt
753 595 38 21 och
807 595 111 21 trafikerat
929 595 102 20 banorna.

209 622 29 21 Så
257 624 82 27 byggas
359 630 26 14 nu
407 624 64 20 också
487 624 95 20 enskilda
600 624 149 27 smalspåriga,
765 626 79 25 ytterst
861 624 71 26 billiga
946 624 85 27 jernvä-

208 658 39 20 gar
268 652 7 20 i
300 652 95 27 Sverige,
412 655 14 17 t.
450 660 33 13 ex.
507 660 25 13 en
551 652 335 28 linjesNyköping—Oxelsund.
917 652 46 20 Den
980 654 24 18 är
1020 653 12 20 6

209 680 35 20 mil
264 680 55 27 lång,
338 680 54 21 skall
410 681 62 21 kosta
489 682 92 25 200,000
601 682 104 20 riksdaler
724 688 39 20 per
782 681 35 20 mil
833 681 53 21 eller
900 682 78 23 20,000
994 688 38 20 per

208 710 65 22 verst,
293 709 19 20 d.
331 716 19 14 v.
366 717 16 12 s.
402 710 76 26 25,000
494 710 59 20 mark
570 710 33 20 för
622 712 93 18 versten.
749 710 81 20 Genom
848 710 39 20 lätt
904 709 127 28 öfverbygg-

208 737 41 21 nad
273 737 110 21 nedsättes
405 738 56 21 dock
479 745 88 14 numera
592 739 120 20 kostnaden
737 739 32 20 för
793 738 139 27 bredspåriga
946 738 85 27 jernvä-

208 773 38 20 gar
262 766 23 20 så
301 766 50 27 lågt,
369 768 31 19 att
419 767 36 20 det
472 767 31 21 väl
523 767 41 21 kan
581 768 65 20 blifva
662 767 61 27 fråga
740 774 41 18 om,
798 774 33 13 om
848 767 105 20 huruvida
969 766 62 20 smal-

207 795 86 26 spåriga
307 795 115 27 jernvägar
438 796 52 20 böra
505 796 85 20 komma
606 796 6 20 i
628 796 61 27 fråga
703 796 34 20 för
749 795 66 21 andra
825 797 26 19 än
864 795 86 21 alldeles
962 795 69 25 korta,

208 822 97 22 enskilda
325 824 200 28 jernvägsstycken.
557 825 49 20 Men
631 824 74 20 likväl:
728 824 6 20 i
759 827 31 17 ett
813 824 75 26 fattigt
911 823 47 21 land
983 823 48 21 med

208 852 61 27 ringa
289 852 63 20 trafik
375 852 40 21 och
438 853 48 20 med
509 853 102 21 afseende
635 854 26 26 på
677 853 35 20 det
729 852 46 21 skäl
791 853 37 27 jag
844 852 58 20 förut
918 852 44 20 haft
978 854 52 18 äran

207 881 82 24 anföra,
312 882 32 18 att
364 881 106 27 nemligen
491 888 25 14 en
534 882 125 26 bredspårig
675 882 56 20 bana
748 882 44 20 står
805 880 159 28 jemförelsevis
980 881 50 20 obe-

207 908 92 28 gagnad,
319 908 68 22 ehuru
404 909 44 21 deri
465 911 23 19 är
504 910 102 27 nedlagdt
622 912 31 18 ett
669 912 54 18 stort
741 910 87 26 kapital,
847 916 47 14 men
911 909 39 21 den
967 909 63 20 smal-

207 937 85 27 spåriga
308 937 42 20 kan
370 938 81 27 hastigt
471 938 85 27 bringas
573 946 43 19 upp
633 938 30 20 till
680 938 37 20 full
735 938 63 20 trafik
814 938 40 20 och
870 940 32 17 att
918 938 51 20 bära
985 938 45 25 allt,

206 965 56 21 hvad
286 965 40 21 den
345 967 24 19 är
389 967 76 20 ämnad
485 967 30 20 till
536 967 39 20 och
592 967 87 26 förmår,
699 966 72 21 kunde
787 966 36 21 det
840 965 32 21 väl
890 966 64 26 blifva
970 965 61 27 fråga

206 1001 42 20 om,
269 994 107 21 huruvida
398 995 47 20 icke
469 995 167 27 fortsättningen
653 995 45 20 från
716 995 146 20 Tammerfors
879 995 22 20 ät
917 994 113 21 Österbot-

206 1025 35 18 ten
259 1023 68 20 skulle
342 1022 73 21 kunna
430 1023 159 21 åstadkommas
606 1023 132 28 derigenom,
755 1025 31 18 att
803 1030 48 13 man
863 1023 82 27 bygger
961 1023 70 20 denna

206 1051 55 20 bana
281 1051 133 28 smalspårig,
433 1052 33 20 för
485 1052 70 21 halfva
574 1052 121 21 kostnaden
717 1052 40 20 och
776 1051 65 20 likväl
861 1053 55 19 ännu
933 1052 6 20 i
954 1051 77 27 många

205 1079 62 21 tiotal
281 1080 24 19 år
320 1079 115 28 tillräcklig
450 1080 33 21 för
498 1081 98 20 trafiken.

274 1107 101 22 Friherre
399 1116 40 13 von
463 1109 79 20 Troil.
567 1109 42 27 Jag
632 1109 38 20 har
693 1109 90 20 anhållit
801 1115 34 14 om
852 1108 62 21 ordet
928 1108 33 20 för
977 1108 54 20 att
1019 1103 15 37 i

205 1137 109 27 egenskap
337 1137 23 20 af
381 1137 94 21 ledamot
497 1137 6 20 i
520 1137 162 21 statsutskottet
705 1137 21 21 få
745 1137 49 20 med
810 1137 66 26 några
892 1137 37 20 ord
946 1137 85 20 bemöta

205 1166 26 19 de
252 1165 174 28 anmärkningar,
447 1173 45 13 som
517 1166 68 21 blifvit
608 1166 76 27 gjorda
704 1167 46 19 mot
766 1165 174 21 statsutskottets
957 1165 74 20 betän-

204 1193 71 21 kande
291 1200 34 14 n:o
345 1195 32 25 10,
396 1195 23 20 så
435 1195 45 20 vidt
496 1195 119 20 detsamma
629 1194 117 21 innefattar
754 1194 80 27 förslag
844 1193 30 20 till
884 1193 146 21 kommunika-

203 1222 148 21 tionsfondens
368 1223 99 20 bildande
484 1223 39 20 och
539 1223 174 20 statsutskottets
729 1222 73 21 derom
817 1221 123 28 uppgjorda
951 1222 79 27 kalkyl.

204 1250 87 21 Främst
309 1251 38 20 har
366 1251 36 20 det
421 1251 69 21 blifvit
508 1251 127 24 framhället,
652 1251 102 20 hurusom
771 1251 95 20 hvarken
891 1251 139 20 nettobehäll-

203 1279 79 27 ningen
298 1279 33 20 för
343 1279 144 28 jernvägarne
502 1280 52 20 eller
569 1279 190 22 bränvinsskatten
773 1281 56 18 ännu
841 1279 33 20 för
886 1279 144 20 innevarande

203 1308 24 20 år
243 1307 69 21 skulle
328 1314 51 14 vara
397 1308 120 27 disponibel
531 1309 31 20 till
579 1308 69 21 denna
664 1308 58 21 fond.
754 1307 48 21 Den
819 1307 31 21 till
866 1307 115 21 ständerna
997 1307 34 20 vid

203 1343 28 13 nu
249 1336 118 27 påstående
385 1336 103 28 landtdag
507 1337 81 27 afgifna
606 1337 118 20 relationen
742 1336 113 27 angående
872 1336 159 20 bränvinsskat-

202 1366 37 19 ten
262 1364 119 21 innehåller
404 1365 62 24 dock,
482 1367 32 19 att
532 1366 24 20 år
576 1366 52 21 1871
647 1365 41 21 alla
703 1365 12 20 å
732 1364 181 21 bränvinsfonden
929 1364 102 21 anvisade

202 1393 91 27 liqvider
309 1393 68 20 blifvit
393 1393 31 21 till
440 1393 51 21 fullo
508 1393 139 26 verkställda,
662 1393 49 21 med
727 1393 112 27 undantag
855 1393 23 20 af
892 1392 26 21 de
932 1393 23 20 af
967 1395 64 18 stats-

202 1421 76 20 verket
293 1421 123 28 förskjutna
432 1422 260 26 annuiteterna;
609 1417 13 37 —
632 1417 66 37 såväl
717 1421 119 21 relationen
856 1421 91 20 rörande
966 1421 64 20 brän-

201 1449 136 21 vinsskatten
361 1457 45 14 som
423 1450 66 21 också
511 1451 119 20 relationen
654 1450 112 27 angående
785 1450 83 21 inlösen
884 1449 23 21 af
921 1449 109 22 bränvins-

200 1478 267 28 bränningsredskaperna
490 1479 22 20 af
534 1479 83 27 koppar
644 1478 113 21 framhöllo
781 1478 36 20 det
840 1478 82 27 ganska
944 1478 86 28 tydligt.

201 1506 89 22 Säledes
309 1506 55 22 hade
382 1507 21 21 vi
421 1507 48 21 icke
491 1508 33 20 vid
543 1507 152 28 uppgörandet
710 1507 25 21 af
750 1508 51 20 vära
816 1506 99 28 kalkyler
931 1508 32 19 att
979 1507 52 27 utgä
