1109 1739
458 103 40 16 Den
512 103 8 15 4
533 102 48 16 Juni.
861 103 40 20 213

103 159 35 21 De
160 156 137 27 lingvistiska
317 156 164 29 forskningarne
502 159 38 19 äro
556 157 58 22 dock
629 158 179 27 representerade
824 158 54 21 både
893 159 35 20 vid

103 187 41 21 och
153 188 60 18 utom
221 185 234 28 universitetet
392 181 13 37 —
418 181 38 37 jag
473 185 36 21 vill
525 186 19 27 ej
565 187 60 26 säga,
641 189 33 18 att
689 186 37 21 det
741 187 21 27 ej
778 193 51 14 vore
844 187 33 20 väl
894 193 33 14 om

104 215 27 23 de
148 213 72 22 kunde
234 213 153 27 understödjas
402 220 65 20 mera,
483 221 48 13 men
547 214 36 21 vid
601 221 26 14 en
639 214 126 28 jemförelse
780 215 77 21 mellan
873 215 54 25 dem,

104 242 74 22 hvilka
193 242 114 27 ingenting
321 241 42 21 fått
379 241 40 21 och
435 241 44 26 der,
495 243 23 19 så
533 244 32 19 att
580 244 61 26 säga,
658 244 32 19 ett
705 242 29 21 lif
744 243 45 20 står
804 245 32 19 att
850 243 78 21 väckas

104 271 41 21 och
161 270 48 21 dem
225 271 38 20 der
279 270 61 20 lifvet
356 270 65 20 redan
437 270 89 27 fortgår,
550 277 67 20 synas
633 270 26 21 de
674 271 65 24 förra,
759 271 53 21 eller
831 271 38 21 här
884 278 44 14 me-

104 299 123 27 teorologin
250 298 41 20 och
313 298 107 27 geologin,
441 298 63 21 hafva
520 299 81 20 största
617 300 43 19 rätt
675 301 32 18 att
723 299 65 22 blifva
813 300 113 21 beaktade.

104 327 66 21 Hvad
183 327 102 20 beträffar
295 326 145 21 anställandet
448 327 23 20 af
479 333 26 14 en
515 326 212 28 agrikultur-kemist
740 328 36 21 vid
787 328 141 27 vetenskaps-

105 356 127 26 societeten,
248 355 24 20 så
287 354 72 21 kunde
368 355 60 20 detta
439 355 25 27 ju
480 355 62 20 äfven
559 362 54 13 vara
625 355 44 26 bra,
685 362 48 14 men
750 358 32 19 att
798 357 52 20 hans
872 357 56 20 rätta

106 384 57 27 plats
186 385 24 19 är
225 383 35 21 vid
280 389 27 14 en
326 383 229 21 landtbruksakademi
577 383 55 21 eller
655 386 31 18 ett
709 384 218 25 landtbruksinstitut,

104 419 68 21 synes
187 411 114 28 sjelffallet.
332 411 44 20 Det
392 411 42 20 kan
449 411 54 21 visst
518 419 52 13 vara
585 418 28 14 en
629 413 44 19 stor
684 412 121 27 olägenhet,
817 415 32 17 att
859 413 69 20 landt-

106 440 177 21 bruksinstitutet
298 439 7 20 i
321 438 92 22 Finland
428 440 24 20 är
467 439 87 28 beläget
569 440 24 20 så
610 440 59 27 långt
689 440 49 21 bort
753 440 47 21 från
816 440 112 21 vetenska-

106 476 54 21 pens
183 470 104 24 centrum,
310 474 48 14 men
374 467 7 21 i
397 467 42 21 alla
456 468 36 20 fall
510 468 40 20 och
568 468 65 21 äfven
649 468 36 21 vid
704 468 69 28 dylikt
795 468 133 22 förhållande

106 498 41 20 bör
162 496 71 21 denna
248 496 112 28 praktiska
376 496 132 28 vetenskaps
524 496 95 21 branche
635 496 54 21 dock
705 499 163 25 representeras
883 497 44 21 der.

106 526 92 21 Kanske
220 525 56 21 tider
299 524 92 26 inträffa,
410 524 27 20 då
452 524 21 21 vi
489 524 21 21 få
526 531 25 14 en
570 524 229 22 landtbruksakademi
821 526 107 26 öppnad
916 520 17 36 i

107 556 110 19 närmaste
232 552 77 22 närhet
324 552 23 20 af
361 552 157 21 hufvudstaden
535 565 27 3 —
578 553 29 21 då
622 560 51 14 vore
688 554 67 20 också
770 554 69 20 denne
856 556 72 18 veten-

107 583 127 26 skapsmans
250 581 56 27 plats
330 580 44 22 der,
405 580 42 28 Jag
472 581 129 21 inskränker
630 582 44 26 mig
696 581 120 27 korteligen
844 582 30 20 till
896 584 32 18 att

106 611 57 21 blott
186 610 83 21 anhålla
285 610 38 20 det
338 609 151 27 ridderskapet
505 610 39 20 och
561 609 64 21 adeln
641 611 66 19 måtte
727 610 94 27 benäget
839 610 89 20 omfatta

107 639 72 23 denna
201 638 156 27 anslagsfråga,
379 644 36 14 om
438 638 40 20 ock
501 638 55 20 blott
571 638 29 27 på
616 638 40 21 den
672 638 69 28 grund
760 640 39 24 att,
814 638 28 21 då
856 638 36 20 det
907 639 21 27 ej

106 669 25 19 är
146 669 45 19 stor
205 666 67 27 utsigt
287 667 34 20 att
336 666 81 20 erhålla
432 666 37 20 det
483 666 101 27 rikligare
601 667 106 27 anslaget,
719 666 36 21 det
765 668 24 19 är
797 674 59 13 mera
865 666 62 28 prak-

106 696 54 21 tiskt
183 697 32 19 att
237 695 74 20 förena
327 694 32 28 sig
375 701 34 13 om
428 694 37 21 det
481 694 23 20 af
517 694 50 21 herr
584 695 103 20 Lindelöf
707 694 126 22 framhållna
852 696 39 20 och
907 694 23 22 af

107 725 108 21 allmänna
236 722 199 21 besvärsutskottet
450 723 7 20 i
473 722 201 29 hufvudsakligaste
693 723 60 21 delar
775 725 94 26 antagna
891 730 37 20 pe-

106 752 194 25 titions-förslaget.
464 772 11 6 .

177 780 57 21 Herr
251 780 193 27 Montgomery:
459 779 71 21 Afven
544 780 38 27 jag
594 780 41 20 hör
654 780 31 20 till
696 780 55 27 dem,
765 787 45 13 som
821 780 48 20 icke
878 780 51 21 känt

108 810 33 27 sig
149 809 48 21 fullt
205 808 169 21 tillfredsställde
383 808 49 20 med
442 808 117 20 utskottets
571 808 86 28 förslag.
687 808 44 27 Jag
751 810 36 19 vet
803 808 124 28 visserligen

108 838 49 22 fullt
179 836 117 28 uppskatta
312 836 27 20 de
355 837 92 20 motiver
469 843 45 14 som
533 836 108 22 föranledt
656 836 41 21 den
717 836 66 21 ärade
805 837 121 27 petitionär,

108 868 65 20 hvars
196 866 80 26 förslag
298 864 108 22 utskottet
425 865 99 20 omfattat
541 865 40 20 och
601 872 46 14 som
663 865 68 21 tillika
746 866 63 26 utgör
824 866 26 19 en
866 865 23 20 af
902 865 26 21 de

108 896 118 20 förnämsta
241 892 151 29 prydnaderna
407 893 34 21 för
456 894 70 20 finska
541 893 261 28 vetenskapssocieteten,
817 895 33 19 att
867 893 61 21 ställa

108 923 177 28 pretensionerna
308 922 24 20 sä
353 921 50 28 läga
425 928 47 14 som
490 922 91 26 möjligt,
600 928 48 14 men
667 922 39 27 jag
720 924 52 22 tror,
787 923 32 19 att
834 924 31 18 ett
880 924 48 25 steg

108 953 82 25 längre,
213 952 26 19 än
262 950 41 20 han
330 950 41 19 och
390 950 116 20 allmänna
521 950 196 20 besvärsutskottet
739 952 72 18 ansett
832 950 96 27 lämpligt

108 979 94 26 förorda,
218 978 71 21 kunde
304 981 69 23 tagas,
390 984 33 14 om
441 985 48 13 man
506 978 65 20 också
585 978 21 27 ej
623 978 35 21 vill
673 978 28 27 gå
715 977 56 21 ända
787 977 80 21 derhän
882 984 45 14 som

109 1009 50 20 herr
169 1007 110 21 Mechelin.
295 1005 44 28 Jag
353 1013 64 14 anser
431 1006 34 21 för
480 1006 43 20 min
539 1006 40 25 del,
596 1007 25 20 sä
629 1007 44 20 vidt
682 1007 38 26 jag
731 1007 42 20 kan
783 1006 69 21 förstä
859 1005 69 22 denna

109 1037 47 26 sak,
179 1037 32 19 att
233 1035 54 20 skall
310 1041 49 14 man
381 1034 88 21 förorda
491 1035 74 27 anslag
579 1035 7 20 i
602 1035 42 20 den
667 1035 128 27 omfattning
814 1041 46 14 som
880 1035 48 20 herr

110 1064 117 22 Mechelins
247 1063 90 28 petition
354 1064 39 26 gör
409 1063 43 22 det,
468 1063 77 20 blifver
561 1063 36 20 det
613 1075 28 4 —
656 1063 40 20 och
711 1063 66 27 något
792 1063 76 20 sådant
883 1064 46 26 tyc-

110 1095 40 20 kes
166 1093 65 20 ocksä
246 1091 132 21 föresväfvat
393 1091 50 21 herr
459 1091 107 21 Mechelin
582 1104 25 3 —
625 1093 31 19 att
672 1091 59 21 stifta
744 1098 26 14 en
785 1091 56 20 finsk
856 1093 73 19 veten-

110 1120 173 29 skapsakademi.
313 1120 40 20 Att
370 1120 66 21 tänka
451 1119 36 21 det
504 1127 26 13 en
546 1119 67 22 sädan
629 1119 127 28 utvidgning
774 1120 22 20 af
809 1119 70 21 finska
894 1126 35 14 ve-

110 1149 223 28 tenskapssocieteten
357 1148 69 21 skulle
449 1149 132 20 sammanstä
602 1149 49 20 med
674 1148 26 21 de
723 1148 153 27 förhållanden,
899 1148 31 20 uti

110 1178 73 21 hvilka
198 1177 118 21 societeten
331 1176 134 21 fortfarande
481 1177 45 20 stär
541 1177 31 20 tiil
587 1177 157 26 universitetet,
760 1179 45 18 tror
817 1177 39 28 jag
872 1176 18 27 ej
907 1177 23 20 är

110 1207 77 26 riktigt
209 1205 33 21 väl
265 1205 151 27 genomtänkt;
440 1212 48 14 man
512 1205 61 20 torde
591 1205 28 21 dä
635 1205 52 20 böra
702 1205 66 20 tänka
783 1206 28 27 pä
826 1205 105 21 särskilda

110 1235 84 21 lokaler
215 1233 34 21 för
264 1233 125 26 societeten,
413 1233 107 21 särskilda
540 1233 115 28 samlingar
673 1233 33 21 för
722 1233 124 21 densamma
861 1241 27 13 m.
904 1240 27 13 m.

111 1263 51 22 Men
183 1263 38 27 jag
244 1269 63 14 anser
322 1262 65 21 likväl
404 1264 32 19 att
451 1263 108 20 utskottet
574 1262 49 21 bort
639 1269 25 14 ur
679 1262 49 21 herr
744 1261 118 22 Mechelins
878 1262 54 27 peti-

110 1291 139 27 tionsförslag
273 1293 96 25 upptaga
393 1293 79 18 tvenne
495 1291 100 27 punkter,
619 1291 6 20 i
645 1291 74 20 hvilka
741 1290 119 21 detsamma
882 1297 51 20 eger

112 1319 107 22 företräde
242 1319 89 20 framför
355 1319 50 21 herr
427 1319 118 26 Lindelöfs,
566 1319 128 27 nemligen
684 1315 15 36 i
713 1319 100 21 afseende
832 1320 12 19 &
860 1319 26 20 de
901 1319 33 20 för

112 1348 226 27 vetenskapsmännen
354 1347 114 21 bestämda
483 1348 158 27 aflöningarnes
657 1348 78 27 belopp
752 1348 39 20 och
806 1348 7 20 i
833 1346 101 22 afseende

112 1379 13 20 å
141 1376 140 28 möjligheten
297 1378 32 19 att
345 1376 92 21 anställa
455 1383 106 20 personer
576 1376 31 21 uti
624 1378 31 18 ett
671 1383 38 20 par
725 1376 66 21 andra
806 1376 129 25 vetenskap-

111 1406 45 27 liga
172 1407 76 18 ämnen
264 1407 26 18 än
307 1404 58 27 dem,
380 1411 46 14 som
445 1405 107 20 utskottet
570 1404 119 28 föreslagit.
717 1404 42 28 Jag
776 1404 112 26 erkänner,
904 1405 32 18 att

112 1434 109 21 utskottet
243 1433 73 21 träffat
339 1433 87 21 alldeles
449 1433 83 27 riktigt,
554 1433 27 21 dä
595 1433 108 21 utskottet
718 1433 7 20 i
740 1433 90 21 främsta
845 1433 92 20 rummet

113 1462 98 22 förordat
234 1463 75 26 anslag
331 1461 34 21 för
388 1468 27 14 en
439 1461 110 27 arkeolog,
571 1468 26 14 en
615 1461 78 28 geolog
716 1462 39 20 och
770 1468 26 14 en
812 1460 126 27 mineralog.

115 1490 45 22 Det
177 1492 23 19 är
215 1490 130 28 uppenbart,
361 1491 32 19 att
417 1490 49 21 med
482 1489 104 22 afseende
601 1490 13 20 &
630 1490 37 21 det
687 1492 59 20 stora
768 1489 105 25 material,
894 1494 47 15 som
