1109 1739
391 111 40 17 Den
444 113 21 15 10
479 113 49 15 Juni.
819 113 41 20 339

59 173 66 21 tända
142 171 27 26 på
185 171 66 26 något
267 169 46 26 hus,
335 168 38 21 och
392 168 151 27 virkesogaren
559 168 22 21 få
597 168 79 21 betala.
700 167 148 23 Redaktionen
865 170 23 20 är

60 201 84 21 således
160 198 109 27 oegentlig
285 197 41 20 och
343 196 66 21 borde
425 196 85 21 ändras.

129 227 101 21 Friherre
246 232 47 15 von
310 225 80 20 Born:
408 224 42 28 Jag
466 225 38 20 ber
519 225 31 20 att
565 224 22 21 få
601 224 60 21 fästa
674 224 162 28 ridderskapets
847 225 39 21 och

60 257 74 22 adelns
156 253 191 29 uppmärksamhet
365 254 28 27 pä
409 260 25 13 en
451 259 71 14 annan
538 253 155 27 oogontlighet,
710 260 45 13 som
771 253 62 21 äfven
849 253 38 21 fin-

60 293 38 14 nes
121 285 6 20 i
152 284 66 20 andra
241 289 72 19 mom.,
333 289 34 13 om
385 289 48 13 man
448 281 78 28 jemför
542 281 35 20 det
593 282 50 19 med
660 281 40 21 den
716 281 78 28 nådiga
809 289 77 20 propo-

60 314 99 21 sitionen.
191 312 10 20 I
223 312 11 26 $
260 311 25 20 15
303 310 23 21 af
340 309 162 28 propositionen
519 311 24 18 är
559 309 33 21 dot
609 309 58 21 klart
683 310 94 27 utsagdt,
793 311 6 20 i
815 311 72 20 hvilka

61 342 35 21 fall
112 342 119 20 inrättaren
247 339 23 20 af
283 338 112 21 flottleden
411 338 40 21 och
466 338 6 21 i
489 338 72 20 hvilka
574 337 38 21 fall
624 345 78 20 egaren
714 339 23 20 af
746 339 70 21 virket
827 339 60 20 skola

62 377 50 14 vara
135 369 31 21 till
190 367 258 27 ersättningsskyldighet
471 366 107 21 förfallne:
601 367 120 20 inrättaren
740 367 23 21 af
776 367 110 21 flottleden

62 399 66 21 borde
145 399 81 19 ersätta
242 395 115 26 fiskevork,
374 395 63 20 broar
453 395 39 20 och
509 395 66 20 andra
590 395 144 28 inrättningar
747 396 6 20 i
765 396 121 21 vattendra-

62 429 43 25 got,
122 426 32 21 till
171 425 83 21 hvilkas
272 423 128 27 skyddande
415 423 111 26 anstalter,
542 423 71 20 såsom
630 423 95 21 bommar
741 431 19 13 o.
777 431 16 13 s.
808 431 27 19 v.,
851 431 35 14 va-

62 456 27 20 rit
106 454 94 26 afsedda,
216 460 48 14 men
281 452 31 20 till
329 452 70 27 nägon
416 452 120 26 ersättning
552 452 21 20 ät
589 452 155 27 strandegaren
761 452 32 20 för
809 452 78 21 skador

62 485 28 27 pä
104 484 54 20 hans
175 484 58 19 torra
249 481 62 21 mark
327 480 69 21 skulle
412 480 47 21 icke
475 480 121 21 inrättaren
614 480 23 20 af
650 480 111 21 flottledon
777 488 51 13 vara
844 480 43 21 för-

64 512 91 28 pligtad;
179 511 97 20 deremot
295 508 70 21 skulle
384 508 138 28 virkosegare
537 515 51 13 vara
604 509 103 27 ansvarig
722 509 33 20 för
770 509 27 20 all
813 509 73 25 skada,

63 548 46 14 som
125 539 133 22 förorsakats
274 538 35 20 vid
326 537 128 21 stränderna
465 538 22 20 af
496 537 242 27 flottningsmanskapet
749 537 52 21 eller
812 537 75 28 sjelfva

64 570 77 20 virket.
172 568 11 20 I
199 568 70 20 stället
285 566 33 21 för
334 565 49 27 den,
400 566 70 20 såsom
487 566 35 20 det
538 565 84 27 tyckes,
639 566 65 27 något
719 566 119 21 utsträckta
852 573 36 14 an-

64 596 219 28 svarsskyldigheten,
301 594 38 21 har
354 595 109 20 utskottet
477 596 48 26 sagt
540 594 7 20 i
565 594 9 26 $
588 594 10 20 8
615 594 68 20 första
699 601 70 19 mom.,
781 597 32 18 att
825 595 62 26 ,,den,

64 634 46 13 som
133 626 91 20 förestår
247 624 52 20 oller
322 623 90 21 inrättat
432 623 65 20 sådan
514 622 90 26 flottled,
623 629 45 14 som
684 622 6 21 i
707 623 10 27 $
734 624 12 19 5
762 623 126 25 beskrifves,

64 662 52 14 vare
139 653 76 28 pligtig
237 655 32 18 att
292 652 107 27 godtgöra
419 651 58 21 såväl
497 651 140 27 virkosegare
653 658 44 14 som
713 651 139 21 innehafvare
868 652 22 20 af

65 682 81 27 strand,
169 680 130 22 vattenverk
318 680 52 20 eller
390 680 54 20 fisko
460 680 26 20 all
504 679 72 27 skada,
593 686 46 14 som
656 680 42 20 kan
715 680 122 21 förorsakas
853 688 35 20 ge-

66 719 48 13 nom
137 712 52 19 hans
211 708 150 22 försummelse
381 710 33 19 att
432 708 55 21 hålla
503 708 25 20 de
544 708 33 20 för
592 708 129 27 flottningen
737 708 106 28 uppförda
858 710 31 19 in-

66 740 148 26 rättningarne
229 739 7 19 i
252 737 100 27 behörigt
368 738 84 25 stånd",
469 736 39 21 och
524 736 6 20 i
546 736 68 21 andra
631 743 61 14 mom.
709 738 31 19 att
751 737 138 27 virkesegare

66 770 24 20 är
112 768 87 28 skyldig
221 768 32 20 att
275 773 92 14 ansvara
391 765 47 25 »för
458 765 27 21 all
501 765 40 20 den
558 765 67 20 skada
641 765 51 21 eller
708 766 119 26 olägenhet,
844 773 44 13 som

66 804 78 20 genom
168 796 52 20 hans
243 795 52 21 eller
318 794 253 27 flottningsmanskapets
594 794 132 20 förvållande
746 794 51 20 eller
812 801 77 21 genom

66 826 36 20 det
118 825 89 21 flottade
223 824 70 20 virket
309 823 62 20 timat
388 822 34 21 vid
439 822 126 20 stränderna
581 822 23 20 af
618 822 118 26 flottleden,
752 823 109 20 äfvensom
878 824 12 19 å

67 855 62 20 fiske-
146 854 51 20 eller
213 852 150 26 vattenverk";
381 851 83 21 således
481 851 68 20 skulle
566 858 27 13 nu
611 851 74 27 begge,
703 851 54 21 både
772 851 117 21 inrättaren

68 883 22 21 af
111 882 110 21 flottleden
244 881 40 21 och
307 880 161 27 virkesegaren,
492 887 51 13 vara
566 880 113 26 ansvarige
700 879 33 21 för
748 886 80 14 samma
844 880 45 26 sak,

68 912 68 20 ehuru
152 910 125 27 visserligen
293 909 22 20 af
331 909 65 27 något
412 908 57 20 olika
484 908 53 20 skäl.
561 908 44 20 Det
621 908 74 27 tillägg
709 908 106 21 utskottet
825 909 64 27 gjort,

68 942 32 18 att
116 940 63 20 äfven
195 939 118 20 inrättaren
330 937 23 20 af
367 936 82 21 flottled
466 936 54 21 skall
536 943 51 14 vara
603 936 85 27 skyidig
703 938 32 18 att
751 938 80 19 ersätta
842 937 48 20 ska-

69 969 45 25 dor,
131 975 45 13 som
195 966 96 21 inträffat
311 965 28 28 på
354 965 133 26 stränderna,
504 965 42 20 kan
563 964 65 21 hafva
643 965 46 20 skäl
705 964 32 21 för
753 965 32 26 sig
801 965 88 21 emedan

70 997 36 20 det
122 998 22 19 är
160 1003 26 13 en
203 994 118 28 möjlighet,
337 994 68 20 ehuru
421 993 37 20 det
473 993 75 20 endast
564 993 153 27 undantagsvis
731 993 61 20 torde
804 994 45 24 ske,
860 996 31 18 att

71 1026 96 19 bommar
187 1024 74 27 läggas
280 1025 24 18 ut
324 1023 78 20 enkom
418 1022 33 20 för
467 1023 31 19 att
514 1021 83 28 skydda
614 1022 132 25 stränderna,
763 1022 38 20 och
817 1022 36 20 det
869 1023 23 20 är

72 1054 139 27 konsegvent,
232 1053 32 19 att
282 1051 64 20 äfven
362 1051 153 26 virkesegaren
532 1052 23 19 är
571 1050 100 26 ansvarig
687 1050 32 20 för
735 1050 66 21 sådan
817 1051 74 24 skada,

72 1089 46 14 men
134 1082 37 27 jag
187 1087 62 14 anser
265 1080 36 20 det
317 1079 99 21 deremot
431 1079 48 20 icke
495 1079 136 27 konseqvent
642 1081 31 18 att
684 1079 37 20 der
732 1079 51 25 står,
795 1081 30 18 att
838 1079 54 25 ,,vir-

72 1111 105 26 kesogare
201 1116 50 14 vare
271 1108 40 21 ock
333 1107 86 28 skyldig
434 1109 31 19 att
481 1109 82 19 ersätta
579 1107 27 20 all
623 1107 67 21 skada
706 1107 51 20 eller
772 1107 120 28 olägenhet,

72 1146 45 14 som
133 1145 76 20 genom
226 1138 53 19 hans
296 1136 51 21 eller
363 1136 254 27 flottningsmanskapets
631 1135 144 21 förvällande*
792 1136 100 21 inträffat.

74 1168 41 20 Det
131 1174 50 13 vore
198 1166 123 27 lämpligare
338 1167 31 18 att
386 1166 63 26 säga:
467 1181 4 8 ,
474 1165 145 26 virkesegare
635 1171 51 14 vare
702 1165 92 20 deremot
809 1165 85 27 skyldig

73 1198 31 19 att
128 1197 81 19 orsätta
231 1195 27 20 all
282 1193 68 21 skada
370 1193 52 21 eller
439 1193 122 27 olägenhet,
577 1200 45 14 som
639 1193 95 20 inträffat
749 1200 76 20 genom
842 1193 52 21 hans

73 1225 51 20 eller
148 1225 51 19 hans
223 1223 116 26 manskaps
363 1222 153 21 förvällandet.
548 1221 64 21 Mom.
635 1222 13 20 2
669 1223 23 19 är
712 1229 26 13 en
759 1223 89 20 motsats
864 1222 30 21 till

73 1260 63 13 mom.
154 1254 19 24 1,
190 1252 38 21 och
240 1251 85 21 derförc
341 1251 96 20 förvillas
453 1251 73 25 saken,
543 1250 66 27 enligt
625 1250 42 20 min
683 1250 62 27 äsigt,
757 1250 22 21 af
788 1250 35 21 det
835 1251 61 20 ordet

73 1282 69 24 ,ock'"
163 1281 5 20 i
189 1281 66 20 andra
274 1281 126 19 momentet.
432 1279 47 20 Den
500 1279 98 20 enklaste
619 1278 147 21 omrodaktion
783 1286 62 13 anser
858 1280 39 27 jag

73 1311 73 20 kunna
161 1313 69 24 göras,
247 1315 33 14 om
297 1308 61 21 ordet
375 1308 68 25 ,,ock**
461 1308 68 20 skulle
545 1307 88 28 utbytas
645 1309 43 19 mot
701 1307 129 26 ,,deremot',
854 1308 43 20 För

74 1339 65 28 öfrigt
162 1339 38 20 bor
220 1338 38 27 jag
279 1339 31 18 att
329 1336 22 21 få
366 1336 76 21 förena
457 1337 44 26 mig
518 1343 33 13 om
568 1336 36 20 dot
621 1336 22 21 af
657 1336 49 20 herr
721 1335 117 22 Edelsköld
855 1339 42 25 ytt-

74 1368 58 25 rade,
150 1367 38 20 och
205 1369 31 18 att
253 1373 46 13 man
320 1365 32 20 för
368 1365 202 27 fullständighotens
587 1364 55 21 skull
659 1364 65 21 borde
740 1365 58 26 säga,
815 1367 31 18 att
862 1372 35 13 an-

75 1396 136 27 svarigheten
233 1395 67 27 gäller
316 1393 77 21 endast
410 1393 40 20 den
467 1393 74 25 skada,
559 1400 44 13 som
621 1393 61 20 timat
697 1393 6 20 i
719 1393 39 20 och
776 1393 31 20 för
823 1393 75 28 sjelfva

75 1425 134 26 Hottningen.
240 1423 42 28 Jag
297 1425 46 18 tror
359 1422 41 25 väl,
411 1424 32 19 att
455 1422 119 21 domstolen
585 1422 60 19 alltid
657 1421 67 20 skulle
735 1421 94 28 tillämpa
841 1422 58 20 stad-

76 1454 80 25 gandet
179 1453 4 20 i
207 1453 58 20 detta
290 1451 64 27 syfte,
371 1457 49 14 men
438 1451 71 20 bättre
526 1451 22 20 är
566 1451 4 19 i
587 1450 42 21 alla
645 1450 37 20 fall
698 1452 31 18 att
746 1451 102 26 uttrycka
864 1450 36 20 det

77 1482 133 20 korrektaro,

147 1510 55 20 Herr
218 1508 125 27 Pipping,
368 1508 75 20 Knut:
465 1507 33 20 De
519 1506 166 28 anmärkningar
701 1509 44 18 mot
760 1506 141 21 redaktionen

799 1548 34 15 22*
