1109 1739
419 84 40 17 Den
472 84 20 17 13
505 83 48 17 Juni.
832 84 43 22 389

76 144 70 27 tillagt
169 143 31 19 ett
223 141 66 21 annat
311 139 121 26 alternativ,
447 139 106 28 nemligen
574 141 36 19 att
630 139 188 28 undersökningen
839 141 63 21 äfven

76 172 68 22 borde
167 170 90 27 öfvergå
275 168 43 21 den
338 168 23 21 af
374 168 167 27 öfverstyrelsen
557 167 34 21 för
608 169 51 26 väg-
675 168 40 21 och
729 169 174 20 vattenkommu-

76 199 153 23 nikationerna
244 197 123 27 föreslagna
382 196 130 27 riktningen.
542 195 189 28 Borgareståndet
741 197 38 20 har
789 197 50 21 med
850 204 53 14 sann

76 226 191 24 tillfredsställelse
286 227 55 19 trott
360 225 33 27 sig
412 224 46 21 häri
473 224 58 21 finna
546 231 27 14 en
589 224 96 21 likartad
699 225 139 28 uppfattning
853 225 50 21 med

76 257 43 21 den
142 262 47 14 som
210 253 126 22 föranledde
358 253 190 28 borgareståndets
571 252 82 27 beslut,
675 253 41 21 och
735 253 28 22 då
783 253 36 22 det
837 261 65 20 synes

77 283 181 29 borgareståndet
273 289 46 14 som
335 288 34 15 om
385 281 50 22 dess
451 281 77 26 beslut,
543 281 86 21 hvilket
644 281 47 21 icke
702 281 113 22 inskränkt
825 282 78 21 under-

77 313 122 27 sökningen
222 311 32 21 till
275 311 72 26 någon
367 311 28 26 på
412 309 90 22 förhand
517 310 102 21 bestämd
635 310 102 28 riktning,
752 313 52 18 utan
820 311 22 21 åt
858 313 45 25 sty-

77 341 71 22 relsen
165 341 82 20 lemnar
262 339 38 21 full
315 339 65 20 frihet
395 340 32 19 att
442 338 123 21 undersöka
579 337 46 22 den
640 338 71 27 linien,
727 345 46 15 som
785 339 55 22 efter
850 340 53 27 möj-

77 370 59 27 ligen
147 371 58 19 ännu
215 367 141 28 företagande
367 367 89 20 okulära
465 366 152 28 inspektioner
628 367 71 21 kunde
709 367 116 28 företagas,
836 368 68 21 borde

78 405 64 14 anses
158 397 91 21 omfatta
263 397 27 20 de
305 395 69 28 öfriga
388 395 102 21 ståndens
507 395 75 25 beslut,
600 395 41 21 har
657 395 177 28 borgareståndet
848 397 56 27 tagit

78 427 34 27 sig
134 425 93 21 friheten
250 427 32 18 att
301 423 90 28 inbjuda
409 423 141 21 medstånden
569 425 34 19 att
619 423 74 21 förena
708 424 33 27 sig
753 431 35 13 om
804 425 100 27 borgare-

80 454 98 22 ståndets
194 454 78 26 beslut,
288 452 83 21 hvilket
386 452 87 21 ståndet
487 452 48 20 icke
550 451 46 26 har,
613 452 29 27 på
652 452 69 28 grund
731 452 24 21 af
763 452 46 22 från
820 452 84 22 utskot-

79 485 33 20 tet
133 484 124 26 emottagen
277 480 134 28 inbjudning,
430 480 82 21 kunnat
527 480 84 27 frångå.
641 480 43 28 Jag
699 480 64 22 utber
777 481 44 28 mig
836 483 32 19 att
883 482 21 20 få

79 512 91 28 tillägga
189 510 173 22 hufvudmotivet
381 509 87 21 hvarför
483 508 189 28 borgareståndet,
688 509 67 21 ehuru
771 511 83 19 ensamt
869 516 35 14 om

80 541 38 21 sitt
135 540 77 25 beslut,
227 540 40 20 har
281 540 73 19 ansett
369 538 33 27 sig
417 538 72 20 kunna
504 536 71 22 vända
589 537 36 28 sig
640 537 49 21 med
704 544 27 14 en
743 538 64 21 sådan
819 538 85 28 inbjud-

80 570 53 26 ning
147 568 34 21 till
195 566 149 26 medstånden,
359 566 38 21 det
407 568 24 19 är
445 568 39 23 att,
499 572 77 21 genom
592 568 35 18 att
637 566 48 21 icke
694 566 129 22 föreskrifva
833 567 72 27 någon

80 596 100 22 bestämd
202 596 95 27 riktning
318 595 34 21 för
373 594 196 28 undersökningen,
588 594 44 21 alla
651 594 71 21 beslut
740 601 52 15 vore
811 595 8 21 i
833 596 72 20 denna

81 625 141 27 formulering
241 624 134 28 inbegripna.
404 623 43 27 Jag
465 623 64 21 utber
544 622 43 28 mig
604 624 33 20 att
652 623 22 21 få
689 623 130 21 öfverlemna
833 626 72 25 proto-

81 654 135 27 kollsutdrag
231 653 6 21 i
253 653 67 21 saken
336 652 40 21 och
392 652 27 28 på
438 651 192 27 borgareståndets
641 653 81 26 vägnar
732 652 69 21 uttala
811 652 42 21 den
864 653 41 21 för-

81 682 147 28 hoppningen,
244 684 32 18 att
291 680 150 28 ridderskapet
457 680 40 20 och
513 680 61 20 adeln
591 680 63 21 skola
663 680 49 21 med
722 680 58 22 känd
790 681 65 28 insigt
866 681 40 21 och

81 711 88 27 välvilja
185 710 75 28 pröfva
275 708 189 28 borgareståndets
477 708 87 28 förslag,
584 710 58 19 samt
657 709 63 21 utber
735 710 44 27 mig
797 711 31 19 att
837 710 68 27 jemte

82 740 59 22 mina
156 738 184 28 meddeputerade
355 738 39 20 och
411 737 47 21 hela
474 737 180 27 borgareståndet
669 737 131 21 fortfarande
815 738 22 21 få
854 745 52 14 vara

82 768 122 22 innesluten
215 768 6 20 i
233 766 115 29 höglofliga
358 766 162 27 ridderskapets
531 765 40 21 och
582 765 77 21 adelns
671 766 87 28 välvilja
769 766 39 22 och
819 770 86 24 ynnest.

152 796 58 22 Herr
218 796 45 21 vice
274 794 197 22 landtmarskalken
482 794 91 21 tackade
583 794 14 20 å
607 794 163 27 ridderskapets
781 795 39 21 och
831 795 75 21 adelns

84 827 82 27 vägnar
188 824 154 28 deputationen
365 823 33 21 för
417 823 37 21 det
469 822 90 22 sålunda
573 823 78 27 gjorda
666 823 157 27 meddelandet,
840 824 67 22 hvarå

84 854 155 28 deputationen
255 852 104 22 afträdde.

154 910 122 28 Föredrogs
299 916 26 14 en
349 908 113 22 skrifvelse
481 909 47 21 från
549 908 244 28 bevillningsutskottet,
814 909 46 21 deri
875 911 33 19 ut-

85 941 84 20 skottet
190 938 181 27 tillkännagifver,
387 938 49 20 med
455 937 116 27 anledning
591 937 64 21 deraf
675 939 31 19 att
723 937 185 28 borgareståndet,

86 969 56 21 efter
164 967 68 22 skedd
254 966 134 28 inbjudning,
410 966 48 21 icke
480 965 58 22 velat
553 965 78 28 frångå
646 965 37 21 sitt
698 965 72 22 beslut
785 968 32 19 att
831 966 9 21 i
854 966 55 21 afse-

86 997 55 21 ende
157 996 14 21 å
185 996 37 21 det
241 996 7 20 i
264 994 247 27 bevillningsutskottets
527 994 138 21 betänkande
679 994 110 27 angående
803 1001 30 21 ny
848 996 62 20 stäm-

86 1023 267 32 pelpappers-förordning
367 1023 89 27 intagna
478 1023 81 26 förslag
576 1029 35 14 om
635 1023 112 28 kartering
757 1022 24 22 af
790 1023 121 21 helfrihets-

87 1054 41 21 och
151 1053 108 22 mätebref
279 1052 76 21 hittills
377 1051 100 28 gällande
499 1051 154 28 författningar
676 1052 67 21 måtte
767 1051 66 22 blifva
853 1052 58 21 bibe-

87 1083 72 21 hållna
182 1086 55 17 samt
257 1081 6 21 i
283 1080 110 22 anseende
412 1080 72 21 härtill
501 1079 126 22 bemställer
643 1087 34 14 om
692 1080 87 27 frågans
794 1080 118 28 afgörande

88 1118 77 21 genom
188 1110 104 22 förstärkt
315 1109 222 27 bevillningsutskott,
559 1108 7 21 i
585 1108 84 21 hvilket
689 1109 102 21 afseende
805 1109 108 21 utskottet

88 1139 86 29 afgifvit
193 1139 82 28 förslag
297 1138 32 21 till
349 1138 38 21 det
407 1137 119 22 förstärkta
548 1136 120 22 utskottets
691 1137 223 29 omröstningspropo-

89 1169 97 21 sitioner.

158 1197 66 28 Uppå
242 1196 74 21 derom
335 1195 64 28 gjord
415 1194 99 22 anhållan
528 1193 117 22 bordlades
660 1194 127 21 skrifvelsen
803 1194 31 22 till
850 1194 66 22 efter-

90 1224 268 29 middagssammanträdet
380 1230 83 15 samma
485 1223 53 28 dag,
561 1223 68 21 hvarå
655 1223 98 22 ståndets
776 1223 139 22 medlemmar

91 1254 104 22 åtskildes
211 1253 92 22 klockan
318 1253 13 21 3
348 1252 180 28 eftermiddagen.

273 1379 100 28 Samma
391 1379 50 33 dag
457 1379 36 26 kl.
511 1378 14 27 6
543 1378 201 34 eftermiddagen.

162 1427 43 21 Till
221 1426 107 29 justering
348 1425 112 28 upplästes
479 1424 201 29 protokollsutdrag
695 1424 60 22 öfver
770 1424 98 23 ståndets
884 1423 36 22 vid

94 1455 170 23 sammanträdet
279 1454 42 22 den
338 1454 26 21 12
379 1453 53 22 Juni
447 1453 83 21 fattade
546 1453 80 22 beslut.
