<?xml version="1.0" encoding="UTF-8"?>
<alto xmlns="http://www.loc.gov/standards/alto/ns-v3#" xmlns:xlink="http://www.w3.org/1999/xlink" xmlns:xsi="http://www.w3.org/2001/XMLSchema-instance" xsi:schemaLocation="http://www.loc.gov/standards/alto/ns-v3# http://www.loc.gov/alto/v3/alto-3-0.xsd">
	<Description>
		<MeasurementUnit>pixel</MeasurementUnit>
		<sourceImageInformation>
			<fileName>/tmp/tess_sq0th7l6_input.PNG</fileName>
		</sourceImageInformation>
		<OCRProcessing ID="OCR_0">
			<ocrProcessingStep>
				<processingSoftware>
					<softwareName>tesseract 5.3.4</softwareName>
				</processingSoftware>
			</ocrProcessingStep>
		</OCRProcessing>
	</Description>
	<Layout>
		<Page WIDTH="1109" HEIGHT="1739" PHYSICAL_IMG_NR="0" ID="page_0">
			<PrintSpace HPOS="0" VPOS="0" WIDTH="1109" HEIGHT="1739">
				<ComposedBlock ID="cblock_0" HPOS="258" VPOS="95" WIDTH="451" HEIGHT="23">
					<TextBlock ID="block_0" HPOS="258" VPOS="95" WIDTH="451" HEIGHT="23">
						<TextLine ID="line_0" HPOS="258" VPOS="95" WIDTH="451" HEIGHT="23">
							<String ID="string_0" HPOS="258" VPOS="95" WIDTH="24" HEIGHT="20" WC="0.96" CONTENT="14"/><SP WIDTH="297" VPOS="95" HPOS="282"/>
							<String ID="string_1" HPOS="579" VPOS="98" WIDTH="40" HEIGHT="15" WC="0.95" CONTENT="Den"/><SP WIDTH="13" VPOS="98" HPOS="619"/>
							<String ID="string_2" HPOS="632" VPOS="99" WIDTH="21" HEIGHT="15" WC="0.96" CONTENT="25"/><SP WIDTH="13" VPOS="99" HPOS="653"/>
							<String ID="string_3" HPOS="666" VPOS="97" WIDTH="43" HEIGHT="21" WC="0.96" CONTENT="Maj."/>
						</TextLine>
					</TextBlock>
				</ComposedBlock>
				<ComposedBlock ID="cblock_1" HPOS="220" VPOS="152" WIDTH="830" HEIGHT="1364">
					<TextBlock ID="block_1" HPOS="229" VPOS="152" WIDTH="820" HEIGHT="113">
						<TextLine ID="line_1" HPOS="229" VPOS="152" WIDTH="819" HEIGHT="28">
							<String ID="string_4" HPOS="229" VPOS="152" WIDTH="70" HEIGHT="21" WC="0.96" CONTENT="denna"/><SP WIDTH="22" VPOS="152" HPOS="299"/>
							<String ID="string_5" HPOS="321" VPOS="159" WIDTH="51" HEIGHT="14" WC="0.96" CONTENT="vara"/><SP WIDTH="18" VPOS="159" HPOS="372"/>
							<String ID="string_6" HPOS="390" VPOS="153" WIDTH="74" HEIGHT="27" WC="0.96" CONTENT="ligger,"/><SP WIDTH="17" VPOS="153" HPOS="464"/>
							<String ID="string_7" HPOS="481" VPOS="153" WIDTH="61" HEIGHT="20" WC="0.96" CONTENT="desto"/><SP WIDTH="17" VPOS="153" HPOS="542"/>
							<String ID="string_8" HPOS="559" VPOS="153" WIDTH="70" HEIGHT="21" WC="0.96" CONTENT="bättre"/><SP WIDTH="19" VPOS="153" HPOS="629"/>
							<String ID="string_9" HPOS="648" VPOS="154" WIDTH="40" HEIGHT="20" WC="0.96" CONTENT="blir"/><SP WIDTH="19" VPOS="154" HPOS="688"/>
							<String ID="string_10" HPOS="707" VPOS="155" WIDTH="47" HEIGHT="25" WC="0.96" CONTENT="den,"/><SP WIDTH="18" VPOS="155" HPOS="754"/>
							<String ID="string_11" HPOS="772" VPOS="154" WIDTH="39" HEIGHT="21" WC="0.96" CONTENT="och"/><SP WIDTH="16" VPOS="154" HPOS="811"/>
							<String ID="string_12" HPOS="827" VPOS="154" WIDTH="35" HEIGHT="20" WC="0.96" CONTENT="det"/><SP WIDTH="16" VPOS="154" HPOS="862"/>
							<String ID="string_13" HPOS="878" VPOS="153" WIDTH="41" HEIGHT="21" WC="0.96" CONTENT="kan"/><SP WIDTH="16" VPOS="153" HPOS="919"/>
							<String ID="string_14" HPOS="935" VPOS="153" WIDTH="67" HEIGHT="21" WC="0.93" CONTENT="finnas"/><SP WIDTH="16" VPOS="153" HPOS="1002"/>
							<String ID="string_15" HPOS="1018" VPOS="153" WIDTH="30" HEIGHT="21" WC="0.92" CONTENT="fa-"/>
						</TextLine>
						<TextLine ID="line_2" HPOS="229" VPOS="180" WIDTH="819" HEIGHT="29">
							<String ID="string_16" HPOS="229" VPOS="180" WIDTH="117" HEIGHT="27" WC="0.91" CONTENT="brikanter,"/><SP WIDTH="12" VPOS="180" HPOS="346"/>
							<String ID="string_17" HPOS="358" VPOS="188" WIDTH="45" HEIGHT="13" WC="0.96" CONTENT="som"/><SP WIDTH="16" VPOS="188" HPOS="403"/>
							<String ID="string_18" HPOS="419" VPOS="182" WIDTH="56" HEIGHT="19" WC="0.95" CONTENT="finna"/><SP WIDTH="17" VPOS="182" HPOS="475"/>
							<String ID="string_19" HPOS="492" VPOS="182" WIDTH="31" HEIGHT="20" WC="0.96" CONTENT="sin"/><SP WIDTH="17" VPOS="182" HPOS="523"/>
							<String ID="string_20" HPOS="540" VPOS="182" WIDTH="68" HEIGHT="21" WC="0.96" CONTENT="fördel"/><SP WIDTH="17" VPOS="182" HPOS="608"/>
							<String ID="string_21" HPOS="625" VPOS="182" WIDTH="34" HEIGHT="20" WC="0.96" CONTENT="vid"/><SP WIDTH="17" VPOS="182" HPOS="659"/>
							<String ID="string_22" HPOS="676" VPOS="185" WIDTH="31" HEIGHT="18" WC="0.96" CONTENT="att"/><SP WIDTH="17" VPOS="185" HPOS="707"/>
							<String ID="string_23" HPOS="724" VPOS="183" WIDTH="43" HEIGHT="20" WC="0.96" CONTENT="låta"/><SP WIDTH="11" VPOS="183" HPOS="767"/>
							<String ID="string_24" HPOS="778" VPOS="183" WIDTH="40" HEIGHT="20" WC="0.96" CONTENT="den"/><SP WIDTH="12" VPOS="183" HPOS="818"/>
							<String ID="string_25" HPOS="830" VPOS="183" WIDTH="62" HEIGHT="26" WC="0.95" CONTENT="ligga."/><SP WIDTH="24" VPOS="183" HPOS="892"/>
							<String ID="string_26" HPOS="916" VPOS="182" WIDTH="65" HEIGHT="20" WC="0.93" CONTENT="Detta"/><SP WIDTH="11" VPOS="182" HPOS="981"/>
							<String ID="string_27" HPOS="992" VPOS="182" WIDTH="56" HEIGHT="20" WC="0.91" CONTENT="stad-"/>
						</TextLine>
						<TextLine ID="line_3" HPOS="229" VPOS="209" WIDTH="820" HEIGHT="29">
							<String ID="string_28" HPOS="229" VPOS="209" WIDTH="70" HEIGHT="27" WC="0.96" CONTENT="gande"/><SP WIDTH="22" VPOS="209" HPOS="299"/>
							<String ID="string_29" HPOS="321" VPOS="211" WIDTH="24" HEIGHT="19" WC="0.96" CONTENT="är"/><SP WIDTH="22" VPOS="211" HPOS="345"/>
							<String ID="string_30" HPOS="367" VPOS="209" WIDTH="82" HEIGHT="21" WC="0.96" CONTENT="således"/><SP WIDTH="20" VPOS="209" HPOS="449"/>
							<String ID="string_31" HPOS="469" VPOS="212" WIDTH="30" HEIGHT="19" WC="0.96" CONTENT="ett"/><SP WIDTH="16" VPOS="212" HPOS="499"/>
							<String ID="string_32" HPOS="515" VPOS="210" WIDTH="57" HEIGHT="21" WC="0.96" CONTENT="band"/><SP WIDTH="17" VPOS="210" HPOS="572"/>
							<String ID="string_33" HPOS="589" VPOS="211" WIDTH="26" HEIGHT="26" WC="0.93" CONTENT="på"/><SP WIDTH="16" VPOS="211" HPOS="615"/>
							<String ID="string_34" HPOS="631" VPOS="211" WIDTH="157" HEIGHT="21" WC="0.90" CONTENT="fabrikationen"/><SP WIDTH="20" VPOS="211" HPOS="788"/>
							<String ID="string_35" HPOS="808" VPOS="218" WIDTH="52" HEIGHT="19" WC="0.96" CONTENT="som,"/><SP WIDTH="18" VPOS="218" HPOS="860"/>
							<String ID="string_36" HPOS="878" VPOS="211" WIDTH="74" HEIGHT="27" WC="0.95" CONTENT="tycker"/><SP WIDTH="14" VPOS="211" HPOS="952"/>
							<String ID="string_37" HPOS="966" VPOS="211" WIDTH="44" HEIGHT="27" WC="0.95" CONTENT="jag,"/><SP WIDTH="16" VPOS="211" HPOS="1010"/>
							<String ID="string_38" HPOS="1026" VPOS="212" WIDTH="23" HEIGHT="18" WC="0.96" CONTENT="är"/>
						</TextLine>
						<TextLine ID="line_4" HPOS="229" VPOS="237" WIDTH="196" HEIGHT="28">
							<String ID="string_39" HPOS="229" VPOS="237" WIDTH="87" HEIGHT="21" WC="0.96" CONTENT="alldeles"/><SP WIDTH="16" VPOS="237" HPOS="316"/>
							<String ID="string_40" HPOS="332" VPOS="238" WIDTH="93" HEIGHT="27" WC="0.96" CONTENT="onödigt."/>
						</TextLine>
					</TextBlock>
					<TextBlock ID="block_2" HPOS="227" VPOS="265" WIDTH="822" HEIGHT="513">
						<TextLine ID="line_5" HPOS="297" VPOS="265" WIDTH="752" HEIGHT="30">
							<String ID="string_41" HPOS="297" VPOS="265" WIDTH="57" HEIGHT="22" WC="0.96" CONTENT="Herr"/><SP WIDTH="16" VPOS="265" HPOS="354"/>
							<String ID="string_42" HPOS="370" VPOS="266" WIDTH="156" HEIGHT="25" WC="0.96" CONTENT="Ehrnrooth,"/><SP WIDTH="18" VPOS="266" HPOS="526"/>
							<String ID="string_43" HPOS="544" VPOS="267" WIDTH="69" HEIGHT="21" WC="0.96" CONTENT="Carl:"/><SP WIDTH="16" VPOS="267" HPOS="613"/>
							<String ID="string_44" HPOS="629" VPOS="267" WIDTH="43" HEIGHT="21" WC="0.96" CONTENT="Det"/><SP WIDTH="16" VPOS="267" HPOS="672"/>
							<String ID="string_45" HPOS="688" VPOS="269" WIDTH="23" HEIGHT="19" WC="0.96" CONTENT="är"/><SP WIDTH="16" VPOS="269" HPOS="711"/>
							<String ID="string_46" HPOS="727" VPOS="268" WIDTH="48" HEIGHT="21" WC="0.96" CONTENT="icke"/><SP WIDTH="16" VPOS="268" HPOS="775"/>
							<String ID="string_47" HPOS="791" VPOS="268" WIDTH="48" HEIGHT="20" WC="0.96" CONTENT="med"/><SP WIDTH="15" VPOS="268" HPOS="839"/>
							<String ID="string_48" HPOS="854" VPOS="267" WIDTH="41" HEIGHT="28" WC="0.96" CONTENT="god"/><SP WIDTH="12" VPOS="267" HPOS="895"/>
							<String ID="string_49" HPOS="907" VPOS="267" WIDTH="89" HEIGHT="27" WC="0.93" CONTENT="ordning"/><SP WIDTH="11" VPOS="267" HPOS="996"/>
							<String ID="string_50" HPOS="1007" VPOS="267" WIDTH="42" HEIGHT="20" WC="0.92" CONTENT="för-"/>
						</TextLine>
						<TextLine ID="line_6" HPOS="229" VPOS="294" WIDTH="820" HEIGHT="29">
							<String ID="string_51" HPOS="229" VPOS="294" WIDTH="67" HEIGHT="27" WC="0.96" CONTENT="enligt"/><SP WIDTH="15" VPOS="294" HPOS="296"/>
							<String ID="string_52" HPOS="311" VPOS="297" WIDTH="31" HEIGHT="18" WC="0.96" CONTENT="att"/><SP WIDTH="16" VPOS="297" HPOS="342"/>
							<String ID="string_53" HPOS="358" VPOS="301" WIDTH="25" HEIGHT="14" WC="0.93" CONTENT="en"/><SP WIDTH="17" VPOS="301" HPOS="383"/>
							<String ID="string_54" HPOS="400" VPOS="295" WIDTH="198" HEIGHT="28" WC="0.83" CONTENT="nederlagsjournal"/><SP WIDTH="23" VPOS="295" HPOS="598"/>
							<String ID="string_55" HPOS="621" VPOS="296" WIDTH="54" HEIGHT="20" WC="0.93" CONTENT="skall"/><SP WIDTH="20" VPOS="296" HPOS="675"/>
							<String ID="string_56" HPOS="695" VPOS="296" WIDTH="21" HEIGHT="21" WC="0.93" CONTENT="få"/><SP WIDTH="20" VPOS="296" HPOS="716"/>
							<String ID="string_57" HPOS="736" VPOS="297" WIDTH="93" HEIGHT="25" WC="0.92" CONTENT="fortlöpa"/><SP WIDTH="19" VPOS="297" HPOS="829"/>
							<String ID="string_58" HPOS="848" VPOS="297" WIDTH="27" HEIGHT="26" WC="0.96" CONTENT="pä"/><SP WIDTH="15" VPOS="297" HPOS="875"/>
							<String ID="string_59" HPOS="890" VPOS="296" WIDTH="36" HEIGHT="20" WC="0.96" CONTENT="det"/><SP WIDTH="16" VPOS="296" HPOS="926"/>
							<String ID="string_60" HPOS="942" VPOS="295" WIDTH="36" HEIGHT="21" WC="0.93" CONTENT="der"/><SP WIDTH="17" VPOS="295" HPOS="978"/>
							<String ID="string_61" HPOS="995" VPOS="296" WIDTH="54" HEIGHT="20" WC="0.96" CONTENT="viset"/>
						</TextLine>
						<TextLine ID="line_7" HPOS="228" VPOS="323" WIDTH="821" HEIGHT="29">
							<String ID="string_62" HPOS="228" VPOS="325" WIDTH="45" HEIGHT="18" WC="0.77" CONTENT="och&quot;"/><SP WIDTH="17" VPOS="325" HPOS="273"/>
							<String ID="string_63" HPOS="290" VPOS="326" WIDTH="69" HEIGHT="23" WC="0.93" CONTENT="aldrig"/><SP WIDTH="22" VPOS="326" HPOS="359"/>
							<String ID="string_64" HPOS="381" VPOS="323" WIDTH="65" HEIGHT="22" WC="0.71" CONTENT="biifva"/><SP WIDTH="21" VPOS="323" HPOS="446"/>
							<String ID="string_65" HPOS="467" VPOS="323" WIDTH="101" HEIGHT="28" WC="0.85" CONTENT="afsiutad,"/><SP WIDTH="19" VPOS="323" HPOS="568"/>
							<String ID="string_66" HPOS="587" VPOS="325" WIDTH="35" HEIGHT="20" WC="0.55" CONTENT="ii"/><SP WIDTH="23" VPOS="325" HPOS="622"/>
							<String ID="string_67" HPOS="645" VPOS="324" WIDTH="53" HEIGHT="28" WC="0.64" CONTENT="iöijä"/><SP WIDTH="19" VPOS="324" HPOS="698"/>
							<String ID="string_68" HPOS="717" VPOS="325" WIDTH="82" HEIGHT="26" WC="0.66" CONTENT="hvaraf,"/><SP WIDTH="18" VPOS="325" HPOS="799"/>
							<String ID="string_69" HPOS="817" VPOS="325" WIDTH="70" HEIGHT="20" WC="0.81" CONTENT="såsom"/><SP WIDTH="13" VPOS="325" HPOS="887"/>
							<String ID="string_70" HPOS="900" VPOS="325" WIDTH="38" HEIGHT="27" WC="0.96" CONTENT="jag"/><SP WIDTH="14" VPOS="325" HPOS="938"/>
							<String ID="string_71" HPOS="952" VPOS="325" WIDTH="39" HEIGHT="20" WC="0.94" CONTENT="har"/><SP WIDTH="15" VPOS="325" HPOS="991"/>
							<String ID="string_72" HPOS="1006" VPOS="324" WIDTH="43" HEIGHT="27" WC="0.95" CONTENT="mig"/>
						</TextLine>
						<TextLine ID="line_8" HPOS="229" VPOS="351" WIDTH="820" HEIGHT="29">
							<String ID="string_73" HPOS="229" VPOS="351" WIDTH="86" HEIGHT="27" WC="0.96" CONTENT="bekant,"/><SP WIDTH="24" VPOS="351" HPOS="315"/>
							<String ID="string_74" HPOS="339" VPOS="351" WIDTH="64" HEIGHT="21" WC="0.92" CONTENT="också"/><SP WIDTH="22" VPOS="351" HPOS="403"/>
							<String ID="string_75" HPOS="425" VPOS="353" WIDTH="170" HEIGHT="20" WC="0.92" CONTENT="kontrollörerne"/><SP WIDTH="23" VPOS="353" HPOS="595"/>
							<String ID="string_76" HPOS="618" VPOS="352" WIDTH="63" HEIGHT="21" WC="0.96" CONTENT="hafva"/><SP WIDTH="23" VPOS="352" HPOS="681"/>
							<String ID="string_77" HPOS="704" VPOS="353" WIDTH="41" HEIGHT="21" WC="0.96" CONTENT="fått"/><SP WIDTH="19" VPOS="353" HPOS="745"/>
							<String ID="string_78" HPOS="764" VPOS="353" WIDTH="116" HEIGHT="27" WC="0.96" CONTENT="befallning"/><SP WIDTH="18" VPOS="353" HPOS="880"/>
							<String ID="string_79" HPOS="898" VPOS="354" WIDTH="30" HEIGHT="19" WC="0.93" CONTENT="att"/><SP WIDTH="15" VPOS="354" HPOS="928"/>
							<String ID="string_80" HPOS="943" VPOS="352" WIDTH="47" HEIGHT="21" WC="0.96" CONTENT="icke"/><SP WIDTH="16" VPOS="352" HPOS="990"/>
							<String ID="string_81" HPOS="1006" VPOS="352" WIDTH="43" HEIGHT="21" WC="0.95" CONTENT="låta"/>
						</TextLine>
						<TextLine ID="line_9" HPOS="228" VPOS="379" WIDTH="820" HEIGHT="30">
							<String ID="string_82" HPOS="228" VPOS="379" WIDTH="59" HEIGHT="27" WC="0.96" CONTENT="gifva"/><SP WIDTH="23" VPOS="379" HPOS="287"/>
							<String ID="string_83" HPOS="310" VPOS="382" WIDTH="22" HEIGHT="18" WC="0.94" CONTENT="ut"/><SP WIDTH="23" VPOS="382" HPOS="332"/>
							<String ID="string_84" HPOS="355" VPOS="380" WIDTH="22" HEIGHT="21" WC="0.96" CONTENT="af"/><SP WIDTH="15" VPOS="380" HPOS="377"/>
							<String ID="string_85" HPOS="392" VPOS="387" WIDTH="24" HEIGHT="14" WC="0.96" CONTENT="en"/><SP WIDTH="25" VPOS="387" HPOS="416"/>
							<String ID="string_86" HPOS="441" VPOS="388" WIDTH="56" HEIGHT="19" WC="0.96" CONTENT="vara,"/><SP WIDTH="20" VPOS="388" HPOS="497"/>
							<String ID="string_87" HPOS="517" VPOS="388" WIDTH="45" HEIGHT="13" WC="0.96" CONTENT="som"/><SP WIDTH="17" VPOS="388" HPOS="562"/>
							<String ID="string_88" HPOS="579" VPOS="383" WIDTH="23" HEIGHT="18" WC="0.96" CONTENT="är"/><SP WIDTH="15" VPOS="383" HPOS="602"/>
							<String ID="string_89" HPOS="617" VPOS="381" WIDTH="64" HEIGHT="21" WC="0.96" CONTENT="insatt"/><SP WIDTH="17" VPOS="381" HPOS="681"/>
							<String ID="string_90" HPOS="698" VPOS="382" WIDTH="5" HEIGHT="20" WC="0.96" CONTENT="i"/><SP WIDTH="16" VPOS="382" HPOS="703"/>
							<String ID="string_91" HPOS="719" VPOS="382" WIDTH="69" HEIGHT="27" WC="0.96" CONTENT="grund"/><SP WIDTH="17" VPOS="382" HPOS="788"/>
							<String ID="string_92" HPOS="805" VPOS="382" WIDTH="22" HEIGHT="20" WC="0.96" CONTENT="af"/><SP WIDTH="15" VPOS="382" HPOS="827"/>
							<String ID="string_93" HPOS="842" VPOS="389" WIDTH="24" HEIGHT="12" WC="0.96" CONTENT="en"/><SP WIDTH="17" VPOS="389" HPOS="866"/>
							<String ID="string_94" HPOS="883" VPOS="388" WIDTH="75" HEIGHT="14" WC="0.93" CONTENT="senare"/><SP WIDTH="16" VPOS="388" HPOS="958"/>
							<String ID="string_95" HPOS="974" VPOS="381" WIDTH="74" HEIGHT="20" WC="0.92" CONTENT="neder-"/>
						</TextLine>
						<TextLine ID="line_10" HPOS="228" VPOS="408" WIDTH="820" HEIGHT="29">
							<String ID="string_96" HPOS="228" VPOS="408" WIDTH="137" HEIGHT="27" WC="0.91" CONTENT="lagsjournal,"/><SP WIDTH="16" VPOS="408" HPOS="365"/>
							<String ID="string_97" HPOS="381" VPOS="409" WIDTH="63" HEIGHT="21" WC="0.96" CONTENT="innan"/><SP WIDTH="23" VPOS="409" HPOS="444"/>
							<String ID="string_98" HPOS="467" VPOS="410" WIDTH="43" HEIGHT="25" WC="0.96" CONTENT="det,"/><SP WIDTH="19" VPOS="410" HPOS="510"/>
							<String ID="string_99" HPOS="529" VPOS="416" WIDTH="44" HEIGHT="14" WC="0.96" CONTENT="som"/><SP WIDTH="17" VPOS="416" HPOS="573"/>
							<String ID="string_100" HPOS="590" VPOS="411" WIDTH="23" HEIGHT="19" WC="0.95" CONTENT="är"/><SP WIDTH="16" VPOS="411" HPOS="613"/>
							<String ID="string_101" HPOS="629" VPOS="410" WIDTH="6" HEIGHT="20" WC="0.95" CONTENT="i"/><SP WIDTH="16" VPOS="410" HPOS="635"/>
							<String ID="string_102" HPOS="651" VPOS="417" WIDTH="26" HEIGHT="14" WC="0.96" CONTENT="en"/><SP WIDTH="16" VPOS="417" HPOS="677"/>
							<String ID="string_103" HPOS="693" VPOS="410" WIDTH="130" HEIGHT="27" WC="0.96" CONTENT="föregående"/><SP WIDTH="14" VPOS="410" HPOS="823"/>
							<String ID="string_104" HPOS="837" VPOS="409" WIDTH="85" HEIGHT="28" WC="0.96" CONTENT="journal"/><SP WIDTH="16" VPOS="409" HPOS="922"/>
							<String ID="string_105" HPOS="938" VPOS="411" WIDTH="110" HEIGHT="25" WC="0.96" CONTENT="upptaget,"/>
						</TextLine>
						<TextLine ID="line_11" HPOS="230" VPOS="436" WIDTH="819" HEIGHT="29">
							<String ID="string_106" HPOS="230" VPOS="436" WIDTH="69" HEIGHT="21" WC="0.95" CONTENT="blifvit"/><SP WIDTH="22" VPOS="436" HPOS="299"/>
							<String ID="string_107" HPOS="321" VPOS="436" WIDTH="48" HEIGHT="22" WC="0.93" CONTENT="löst."/><SP WIDTH="31" VPOS="436" HPOS="369"/>
							<String ID="string_108" HPOS="400" VPOS="437" WIDTH="37" HEIGHT="21" WC="0.94" CONTENT="Ett"/><SP WIDTH="24" VPOS="437" HPOS="437"/>
							<String ID="string_109" HPOS="461" VPOS="438" WIDTH="75" HEIGHT="20" WC="0.96" CONTENT="sådant"/><SP WIDTH="23" VPOS="438" HPOS="536"/>
							<String ID="string_110" HPOS="559" VPOS="438" WIDTH="119" HEIGHT="27" WC="0.96" CONTENT="stadgande"/><SP WIDTH="16" VPOS="438" HPOS="678"/>
							<String ID="string_111" HPOS="694" VPOS="438" WIDTH="54" HEIGHT="21" WC="0.96" CONTENT="skall"/><SP WIDTH="17" VPOS="438" HPOS="748"/>
							<String ID="string_112" HPOS="765" VPOS="446" WIDTH="46" HEIGHT="13" WC="0.96" CONTENT="man"/><SP WIDTH="17" VPOS="446" HPOS="811"/>
							<String ID="string_113" HPOS="828" VPOS="438" WIDTH="48" HEIGHT="20" WC="0.95" CONTENT="icke"/><SP WIDTH="16" VPOS="438" HPOS="876"/>
							<String ID="string_114" HPOS="892" VPOS="438" WIDTH="70" HEIGHT="20" WC="0.92" CONTENT="kunna"/><SP WIDTH="16" VPOS="438" HPOS="962"/>
							<String ID="string_115" HPOS="978" VPOS="437" WIDTH="71" HEIGHT="21" WC="0.90" CONTENT="hemta"/>
						</TextLine>
						<TextLine ID="line_12" HPOS="230" VPOS="465" WIDTH="818" HEIGHT="29">
							<String ID="string_116" HPOS="230" VPOS="472" WIDTH="24" HEIGHT="13" WC="0.96" CONTENT="ur"/><SP WIDTH="16" VPOS="472" HPOS="254"/>
							<String ID="string_117" HPOS="270" VPOS="465" WIDTH="40" HEIGHT="20" WC="0.96" CONTENT="den"/><SP WIDTH="17" VPOS="465" HPOS="310"/>
							<String ID="string_118" HPOS="327" VPOS="466" WIDTH="123" HEIGHT="20" WC="0.96" CONTENT="nuvarande"/><SP WIDTH="16" VPOS="466" HPOS="450"/>
							<String ID="string_119" HPOS="466" VPOS="466" WIDTH="102" HEIGHT="27" WC="0.94" CONTENT="lydelsen."/><SP WIDTH="32" VPOS="466" HPOS="568"/>
							<String ID="string_120" HPOS="600" VPOS="466" WIDTH="48" HEIGHT="21" WC="0.96" CONTENT="Med"/><SP WIDTH="17" VPOS="466" HPOS="648"/>
							<String ID="string_121" HPOS="665" VPOS="467" WIDTH="42" HEIGHT="27" WC="0.96" CONTENT="god"/><SP WIDTH="18" VPOS="467" HPOS="707"/>
							<String ID="string_122" HPOS="725" VPOS="467" WIDTH="91" HEIGHT="27" WC="0.96" CONTENT="ordning"/><SP WIDTH="16" VPOS="467" HPOS="816"/>
							<String ID="string_123" HPOS="832" VPOS="468" WIDTH="23" HEIGHT="19" WC="0.96" CONTENT="är"/><SP WIDTH="15" VPOS="468" HPOS="855"/>
							<String ID="string_124" HPOS="870" VPOS="466" WIDTH="54" HEIGHT="21" WC="0.93" CONTENT="dock"/><SP WIDTH="16" VPOS="466" HPOS="924"/>
							<String ID="string_125" HPOS="940" VPOS="466" WIDTH="108" HEIGHT="20" WC="0.89" CONTENT="öfverens-"/>
						</TextLine>
						<TextLine ID="line_13" HPOS="229" VPOS="494" WIDTH="819" HEIGHT="29">
							<String ID="string_126" HPOS="229" VPOS="494" WIDTH="134" HEIGHT="20" WC="0.91" CONTENT="stämmande"/><SP WIDTH="16" VPOS="494" HPOS="363"/>
							<String ID="string_127" HPOS="379" VPOS="496" WIDTH="32" HEIGHT="18" WC="0.96" CONTENT="att"/><SP WIDTH="16" VPOS="496" HPOS="411"/>
							<String ID="string_128" HPOS="427" VPOS="495" WIDTH="62" HEIGHT="20" WC="0.93" CONTENT="dessa"/><SP WIDTH="16" VPOS="495" HPOS="489"/>
							<String ID="string_129" HPOS="505" VPOS="494" WIDTH="224" HEIGHT="28" WC="0.91" CONTENT="nederlagsjournaler"/><SP WIDTH="16" VPOS="494" HPOS="729"/>
							<String ID="string_130" HPOS="745" VPOS="502" WIDTH="26" HEIGHT="14" WC="0.96" CONTENT="en"/><SP WIDTH="16" VPOS="502" HPOS="771"/>
							<String ID="string_131" HPOS="787" VPOS="496" WIDTH="57" HEIGHT="27" WC="0.93" CONTENT="gång"/><SP WIDTH="16" VPOS="496" HPOS="844"/>
							<String ID="string_132" HPOS="860" VPOS="495" WIDTH="94" HEIGHT="25" WC="0.92" CONTENT="afslutas,"/><SP WIDTH="17" VPOS="495" HPOS="954"/>
							<String ID="string_133" HPOS="971" VPOS="494" WIDTH="38" HEIGHT="20" WC="0.96" CONTENT="och"/><SP WIDTH="13" VPOS="494" HPOS="1009"/>
							<String ID="string_134" HPOS="1022" VPOS="501" WIDTH="26" HEIGHT="13" WC="0.96" CONTENT="en"/>
						</TextLine>
						<TextLine ID="line_14" HPOS="229" VPOS="522" WIDTH="820" HEIGHT="29">
							<String ID="string_135" HPOS="229" VPOS="522" WIDTH="30" HEIGHT="20" WC="0.96" CONTENT="tid"/><SP WIDTH="17" VPOS="522" HPOS="259"/>
							<String ID="string_136" HPOS="276" VPOS="522" WIDTH="23" HEIGHT="20" WC="0.96" CONTENT="af"/><SP WIDTH="14" VPOS="522" HPOS="299"/>
							<String ID="string_137" HPOS="313" VPOS="523" WIDTH="36" HEIGHT="20" WC="0.96" CONTENT="två"/><SP WIDTH="16" VPOS="523" HPOS="349"/>
							<String ID="string_138" HPOS="365" VPOS="523" WIDTH="22" HEIGHT="20" WC="0.96" CONTENT="år"/><SP WIDTH="18" VPOS="523" HPOS="387"/>
							<String ID="string_139" HPOS="405" VPOS="523" WIDTH="61" HEIGHT="21" WC="0.93" CONTENT="torde"/><SP WIDTH="21" VPOS="523" HPOS="466"/>
							<String ID="string_140" HPOS="487" VPOS="523" WIDTH="70" HEIGHT="20" WC="0.92" CONTENT="dertill"/><SP WIDTH="24" VPOS="523" HPOS="557"/>
							<String ID="string_141" HPOS="581" VPOS="530" WIDTH="50" HEIGHT="14" WC="0.96" CONTENT="vara"/><SP WIDTH="22" VPOS="530" HPOS="631"/>
							<String ID="string_142" HPOS="653" VPOS="524" WIDTH="120" HEIGHT="27" WC="0.95" CONTENT="tillräcklig."/><SP WIDTH="31" VPOS="524" HPOS="773"/>
							<String ID="string_143" HPOS="804" VPOS="524" WIDTH="43" HEIGHT="20" WC="0.86" CONTENT="Vill"/><SP WIDTH="19" VPOS="524" HPOS="847"/>
							<String ID="string_144" HPOS="866" VPOS="523" WIDTH="134" HEIGHT="21" WC="0.96" CONTENT="fabrikanten"/><SP WIDTH="16" VPOS="523" HPOS="1000"/>
							<String ID="string_145" HPOS="1016" VPOS="523" WIDTH="33" HEIGHT="20" WC="0.95" CONTENT="för"/>
						</TextLine>
						<TextLine ID="line_15" HPOS="228" VPOS="550" WIDTH="820" HEIGHT="30">
							<String ID="string_146" HPOS="228" VPOS="550" WIDTH="91" HEIGHT="21" WC="0.96" CONTENT="särskild"/><SP WIDTH="17" VPOS="550" HPOS="319"/>
							<String ID="string_147" HPOS="336" VPOS="551" WIDTH="63" HEIGHT="21" WC="0.96" CONTENT="orsak"/><SP WIDTH="17" VPOS="551" HPOS="399"/>
							<String ID="string_148" HPOS="416" VPOS="552" WIDTH="54" HEIGHT="20" WC="0.96" CONTENT="hålla"/><SP WIDTH="17" VPOS="552" HPOS="470"/>
							<String ID="string_149" HPOS="487" VPOS="558" WIDTH="64" HEIGHT="14" WC="0.96" CONTENT="varan"/><SP WIDTH="16" VPOS="558" HPOS="551"/>
							<String ID="string_150" HPOS="567" VPOS="552" WIDTH="74" HEIGHT="27" WC="0.96" CONTENT="längre"/><SP WIDTH="17" VPOS="552" HPOS="641"/>
							<String ID="string_151" HPOS="658" VPOS="554" WIDTH="27" HEIGHT="25" WC="0.96" CONTENT="på"/><SP WIDTH="16" VPOS="554" HPOS="685"/>
							<String ID="string_152" HPOS="701" VPOS="553" WIDTH="85" HEIGHT="27" WC="0.96" CONTENT="upplag,"/><SP WIDTH="17" VPOS="553" HPOS="786"/>
							<String ID="string_153" HPOS="803" VPOS="553" WIDTH="24" HEIGHT="20" WC="0.96" CONTENT="så"/><SP WIDTH="16" VPOS="553" HPOS="827"/>
							<String ID="string_154" HPOS="843" VPOS="552" WIDTH="81" HEIGHT="20" WC="0.96" CONTENT="betalar"/><SP WIDTH="14" VPOS="552" HPOS="924"/>
							<String ID="string_155" HPOS="938" VPOS="552" WIDTH="39" HEIGHT="19" WC="0.96" CONTENT="han"/><SP WIDTH="14" VPOS="552" HPOS="977"/>
							<String ID="string_156" HPOS="991" VPOS="552" WIDTH="57" HEIGHT="20" WC="0.96" CONTENT="skatt"/>
						</TextLine>
						<TextLine ID="line_16" HPOS="229" VPOS="578" WIDTH="819" HEIGHT="30">
							<String ID="string_157" HPOS="229" VPOS="578" WIDTH="39" HEIGHT="22" WC="0.96" CONTENT="och"/><SP WIDTH="26" VPOS="578" HPOS="268"/>
							<String ID="string_158" HPOS="294" VPOS="579" WIDTH="85" HEIGHT="21" WC="0.96" CONTENT="dermed"/><SP WIDTH="24" VPOS="579" HPOS="379"/>
							<String ID="string_159" HPOS="403" VPOS="582" WIDTH="24" HEIGHT="18" WC="0.96" CONTENT="är"/><SP WIDTH="21" VPOS="582" HPOS="427"/>
							<String ID="string_160" HPOS="448" VPOS="580" WIDTH="39" HEIGHT="20" WC="0.93" CONTENT="han"/><SP WIDTH="19" VPOS="580" HPOS="487"/>
							<String ID="string_161" HPOS="506" VPOS="580" WIDTH="62" HEIGHT="28" WC="0.88" CONTENT="qvitt."/><SP WIDTH="31" VPOS="580" HPOS="568"/>
							<String ID="string_162" HPOS="599" VPOS="581" WIDTH="43" HEIGHT="20" WC="0.96" CONTENT="Det"/><SP WIDTH="17" VPOS="581" HPOS="642"/>
							<String ID="string_163" HPOS="659" VPOS="583" WIDTH="22" HEIGHT="18" WC="0.96" CONTENT="är"/><SP WIDTH="18" VPOS="583" HPOS="681"/>
							<String ID="string_164" HPOS="699" VPOS="581" WIDTH="53" HEIGHT="21" WC="0.96" CONTENT="blott"/><SP WIDTH="16" VPOS="581" HPOS="752"/>
							<String ID="string_165" HPOS="768" VPOS="583" WIDTH="74" HEIGHT="19" WC="0.96" CONTENT="räntan"/><SP WIDTH="18" VPOS="583" HPOS="842"/>
							<String ID="string_166" HPOS="860" VPOS="582" WIDTH="26" HEIGHT="26" WC="0.96" CONTENT="på"/><SP WIDTH="16" VPOS="582" HPOS="886"/>
							<String ID="string_167" HPOS="902" VPOS="580" WIDTH="84" HEIGHT="20" WC="0.96" CONTENT="skatten"/><SP WIDTH="17" VPOS="580" HPOS="986"/>
							<String ID="string_168" HPOS="1003" VPOS="587" WIDTH="45" HEIGHT="13" WC="0.96" CONTENT="som"/>
						</TextLine>
						<TextLine ID="line_17" HPOS="228" VPOS="607" WIDTH="820" HEIGHT="29">
							<String ID="string_169" HPOS="228" VPOS="607" WIDTH="41" HEIGHT="21" WC="0.96" CONTENT="han"/><SP WIDTH="17" VPOS="607" HPOS="269"/>
							<String ID="string_170" HPOS="286" VPOS="608" WIDTH="95" HEIGHT="21" WC="0.93" CONTENT="förlorar."/><SP WIDTH="24" VPOS="608" HPOS="381"/>
							<String ID="string_171" HPOS="405" VPOS="608" WIDTH="40" HEIGHT="21" WC="0.94" CONTENT="Att"/><SP WIDTH="16" VPOS="608" HPOS="445"/>
							<String ID="string_172" HPOS="461" VPOS="608" WIDTH="63" HEIGHT="21" WC="0.96" CONTENT="hafva"/><SP WIDTH="16" VPOS="608" HPOS="524"/>
							<String ID="string_173" HPOS="540" VPOS="609" WIDTH="37" HEIGHT="20" WC="0.96" CONTENT="sitt"/><SP WIDTH="16" VPOS="609" HPOS="577"/>
							<String ID="string_174" HPOS="593" VPOS="610" WIDTH="94" HEIGHT="26" WC="0.96" CONTENT="magasin"/><SP WIDTH="18" VPOS="610" HPOS="687"/>
							<String ID="string_175" HPOS="705" VPOS="610" WIDTH="23" HEIGHT="20" WC="0.93" CONTENT="så"/><SP WIDTH="16" VPOS="610" HPOS="728"/>
							<String ID="string_176" HPOS="744" VPOS="610" WIDTH="111" HEIGHT="26" WC="0.93" CONTENT="inrättadt,"/><SP WIDTH="17" VPOS="610" HPOS="855"/>
							<String ID="string_177" HPOS="872" VPOS="611" WIDTH="30" HEIGHT="19" WC="0.96" CONTENT="att"/><SP WIDTH="14" VPOS="611" HPOS="902"/>
							<String ID="string_178" HPOS="916" VPOS="608" WIDTH="72" HEIGHT="21" WC="0.96" CONTENT="kärlen"/><SP WIDTH="13" VPOS="608" HPOS="988"/>
							<String ID="string_179" HPOS="1001" VPOS="608" WIDTH="47" HEIGHT="21" WC="0.96" CONTENT="icke"/>
						</TextLine>
						<TextLine ID="line_18" HPOS="227" VPOS="636" WIDTH="821" HEIGHT="29">
							<String ID="string_180" HPOS="227" VPOS="642" WIDTH="52" HEIGHT="14" WC="0.96" CONTENT="vore"/><SP WIDTH="16" VPOS="642" HPOS="279"/>
							<String ID="string_181" HPOS="295" VPOS="636" WIDTH="117" HEIGHT="28" WC="0.96" CONTENT="åtkomliga"/><SP WIDTH="15" VPOS="636" HPOS="412"/>
							<String ID="string_182" HPOS="427" VPOS="644" WIDTH="79" HEIGHT="14" WC="0.96" CONTENT="annars"/><SP WIDTH="16" VPOS="644" HPOS="506"/>
							<String ID="string_183" HPOS="522" VPOS="638" WIDTH="25" HEIGHT="19" WC="0.96" CONTENT="än"/><SP WIDTH="17" VPOS="638" HPOS="547"/>
							<String ID="string_184" HPOS="564" VPOS="638" WIDTH="7" HEIGHT="20" WC="0.96" CONTENT="i"/><SP WIDTH="15" VPOS="638" HPOS="571"/>
							<String ID="string_185" HPOS="586" VPOS="637" WIDTH="39" HEIGHT="21" WC="0.97" CONTENT="den"/><SP WIDTH="18" VPOS="637" HPOS="625"/>
							<String ID="string_186" HPOS="643" VPOS="644" WIDTH="48" HEIGHT="14" WC="0.96" CONTENT="mon"/><SP WIDTH="17" VPOS="644" HPOS="691"/>
							<String ID="string_187" HPOS="708" VPOS="645" WIDTH="45" HEIGHT="13" WC="0.96" CONTENT="som"/><SP WIDTH="17" VPOS="645" HPOS="753"/>
							<String ID="string_188" HPOS="770" VPOS="638" WIDTH="26" HEIGHT="20" WC="0.95" CONTENT="de"/><SP WIDTH="12" VPOS="638" HPOS="796"/>
							<String ID="string_189" HPOS="808" VPOS="638" WIDTH="56" HEIGHT="27" WC="0.96" CONTENT="ligga"/><SP WIDTH="11" VPOS="638" HPOS="864"/>
							<String ID="string_190" HPOS="875" VPOS="637" WIDTH="38" HEIGHT="26" WC="0.96" CONTENT="till,"/><SP WIDTH="11" VPOS="637" HPOS="913"/>
							<String ID="string_191" HPOS="924" VPOS="637" WIDTH="61" HEIGHT="21" WC="0.96" CONTENT="torde"/><SP WIDTH="11" VPOS="637" HPOS="985"/>
							<String ID="string_192" HPOS="996" VPOS="644" WIDTH="52" HEIGHT="13" WC="0.96" CONTENT="vara"/>
						</TextLine>
						<TextLine ID="line_19" HPOS="228" VPOS="664" WIDTH="819" HEIGHT="29">
							<String ID="string_193" HPOS="228" VPOS="671" WIDTH="26" HEIGHT="13" WC="0.96" CONTENT="en"/><SP WIDTH="17" VPOS="671" HPOS="254"/>
							<String ID="string_194" HPOS="271" VPOS="664" WIDTH="89" HEIGHT="28" WC="0.96" CONTENT="felaktig"/><SP WIDTH="15" VPOS="664" HPOS="360"/>
							<String ID="string_195" HPOS="375" VPOS="665" WIDTH="150" HEIGHT="21" WC="0.89" CONTENT="konstruktion"/><SP WIDTH="20" VPOS="665" HPOS="525"/>
							<String ID="string_196" HPOS="545" VPOS="673" WIDTH="44" HEIGHT="13" WC="0.96" CONTENT="som"/><SP WIDTH="21" VPOS="673" HPOS="589"/>
							<String ID="string_197" HPOS="610" VPOS="674" WIDTH="47" HEIGHT="12" WC="0.96" CONTENT="man"/><SP WIDTH="21" VPOS="674" HPOS="657"/>
							<String ID="string_198" HPOS="678" VPOS="666" WIDTH="39" HEIGHT="21" WC="0.96" CONTENT="bör"/><SP WIDTH="16" VPOS="666" HPOS="717"/>
							<String ID="string_199" HPOS="733" VPOS="666" WIDTH="100" HEIGHT="21" WC="0.93" CONTENT="undvika."/><SP WIDTH="32" VPOS="666" HPOS="833"/>
							<String ID="string_200" HPOS="865" VPOS="666" WIDTH="43" HEIGHT="27" WC="0.96" CONTENT="Mig"/><SP WIDTH="16" VPOS="666" HPOS="908"/>
							<String ID="string_201" HPOS="924" VPOS="666" WIDTH="75" HEIGHT="26" WC="0.93" CONTENT="tyckes"/><SP WIDTH="17" VPOS="666" HPOS="999"/>
							<String ID="string_202" HPOS="1016" VPOS="666" WIDTH="31" HEIGHT="20" WC="0.93" CONTENT="så-"/>
						</TextLine>
						<TextLine ID="line_20" HPOS="228" VPOS="692" WIDTH="820" HEIGHT="30">
							<String ID="string_203" HPOS="228" VPOS="692" WIDTH="59" HEIGHT="21" WC="0.92" CONTENT="ledes"/><SP WIDTH="16" VPOS="692" HPOS="287"/>
							<String ID="string_204" HPOS="303" VPOS="695" WIDTH="32" HEIGHT="18" WC="0.96" CONTENT="att"/><SP WIDTH="16" VPOS="695" HPOS="335"/>
							<String ID="string_205" HPOS="351" VPOS="694" WIDTH="92" HEIGHT="20" WC="0.96" CONTENT="kronans"/><SP WIDTH="16" VPOS="694" HPOS="443"/>
							<String ID="string_206" HPOS="459" VPOS="694" WIDTH="102" HEIGHT="20" WC="0.96" CONTENT="säkerhet"/><SP WIDTH="16" VPOS="694" HPOS="561"/>
							<String ID="string_207" HPOS="577" VPOS="695" WIDTH="38" HEIGHT="20" WC="0.96" CONTENT="och"/><SP WIDTH="16" VPOS="695" HPOS="615"/>
							<String ID="string_208" HPOS="631" VPOS="695" WIDTH="42" HEIGHT="27" WC="0.96" CONTENT="god"/><SP WIDTH="16" VPOS="695" HPOS="673"/>
							<String ID="string_209" HPOS="689" VPOS="695" WIDTH="92" HEIGHT="27" WC="0.96" CONTENT="ordning"/><SP WIDTH="11" VPOS="695" HPOS="781"/>
							<String ID="string_210" HPOS="792" VPOS="695" WIDTH="78" HEIGHT="26" WC="0.96" CONTENT="fordra,"/><SP WIDTH="17" VPOS="695" HPOS="870"/>
							<String ID="string_211" HPOS="887" VPOS="696" WIDTH="31" HEIGHT="18" WC="0.96" CONTENT="att"/><SP WIDTH="15" VPOS="696" HPOS="918"/>
							<String ID="string_212" HPOS="933" VPOS="694" WIDTH="47" HEIGHT="20" WC="0.93" CONTENT="icke"/><SP WIDTH="16" VPOS="694" HPOS="980"/>
							<String ID="string_213" HPOS="996" VPOS="694" WIDTH="52" HEIGHT="20" WC="0.92" CONTENT="kon-"/>
						</TextLine>
						<TextLine ID="line_21" HPOS="228" VPOS="722" WIDTH="819" HEIGHT="29">
							<String ID="string_214" HPOS="228" VPOS="722" WIDTH="125" HEIGHT="20" WC="0.90" CONTENT="trollörerne"/><SP WIDTH="25" VPOS="722" HPOS="353"/>
							<String ID="string_215" HPOS="378" VPOS="722" WIDTH="63" HEIGHT="21" WC="0.96" CONTENT="blifva"/><SP WIDTH="23" VPOS="722" HPOS="441"/>
							<String ID="string_216" HPOS="464" VPOS="722" WIDTH="100" HEIGHT="28" WC="0.96" CONTENT="liggande"/><SP WIDTH="23" VPOS="722" HPOS="564"/>
							<String ID="string_217" HPOS="587" VPOS="724" WIDTH="48" HEIGHT="20" WC="0.96" CONTENT="med"/><SP WIDTH="18" VPOS="724" HPOS="635"/>
							<String ID="string_218" HPOS="653" VPOS="725" WIDTH="20" HEIGHT="25" WC="0.95" CONTENT="6,"/><SP WIDTH="21" VPOS="725" HPOS="673"/>
							<String ID="string_219" HPOS="694" VPOS="726" WIDTH="19" HEIGHT="22" WC="0.95" CONTENT="7,"/><SP WIDTH="16" VPOS="726" HPOS="713"/>
							<String ID="string_220" HPOS="729" VPOS="724" WIDTH="13" HEIGHT="20" WC="0.93" CONTENT="8"/><SP WIDTH="17" VPOS="724" HPOS="742"/>
							<String ID="string_221" HPOS="759" VPOS="722" WIDTH="221" HEIGHT="29" WC="0.91" CONTENT="nederlagsjournaler"/><SP WIDTH="18" VPOS="722" HPOS="980"/>
							<String ID="string_222" HPOS="998" VPOS="724" WIDTH="49" HEIGHT="18" WC="0.96" CONTENT="utan"/>
						</TextLine>
						<TextLine ID="line_22" HPOS="227" VPOS="750" WIDTH="364" HEIGHT="28">
							<String ID="string_223" HPOS="227" VPOS="751" WIDTH="32" HEIGHT="19" WC="0.96" CONTENT="att"/><SP WIDTH="16" VPOS="751" HPOS="259"/>
							<String ID="string_224" HPOS="275" VPOS="750" WIDTH="62" HEIGHT="20" WC="0.93" CONTENT="dessa"/><SP WIDTH="16" VPOS="750" HPOS="337"/>
							<String ID="string_225" HPOS="353" VPOS="751" WIDTH="88" HEIGHT="20" WC="0.91" CONTENT="afslutas"/><SP WIDTH="16" VPOS="751" HPOS="441"/>
							<String ID="string_226" HPOS="457" VPOS="752" WIDTH="134" HEIGHT="26" WC="0.96" CONTENT="någongång."/>
						</TextLine>
					</TextBlock>
					<TextBlock ID="block_3" HPOS="227" VPOS="778" WIDTH="823" HEIGHT="134">
						<TextLine ID="line_23" HPOS="297" VPOS="778" WIDTH="749" HEIGHT="29">
							<String ID="string_227" HPOS="297" VPOS="778" WIDTH="78" HEIGHT="21" WC="0.91" CONTENT="Grefve"/><SP WIDTH="18" VPOS="778" HPOS="375"/>
							<String ID="string_228" HPOS="393" VPOS="779" WIDTH="118" HEIGHT="25" WC="0.93" CONTENT="Armfelt,"/><SP WIDTH="16" VPOS="779" HPOS="511"/>
							<String ID="string_229" HPOS="527" VPOS="779" WIDTH="67" HEIGHT="28" WC="0.84" CONTENT="Åug.:"/><SP WIDTH="17" VPOS="779" HPOS="594"/>
							<String ID="string_230" HPOS="611" VPOS="781" WIDTH="39" HEIGHT="19" WC="0.96" CONTENT="Att"/><SP WIDTH="17" VPOS="781" HPOS="650"/>
							<String ID="string_231" HPOS="667" VPOS="780" WIDTH="84" HEIGHT="21" WC="0.96" CONTENT="dömma"/><SP WIDTH="10" VPOS="780" HPOS="751"/>
							<String ID="string_232" HPOS="761" VPOS="780" WIDTH="54" HEIGHT="21" WC="0.96" CONTENT="efter"/><SP WIDTH="8" VPOS="780" HPOS="815"/>
							<String ID="string_233" HPOS="823" VPOS="780" WIDTH="27" HEIGHT="20" WC="0.96" CONTENT="de"/><SP WIDTH="9" VPOS="780" HPOS="850"/>
							<String ID="string_234" HPOS="859" VPOS="779" WIDTH="141" HEIGHT="27" WC="0.95" CONTENT="förklaringar"/><SP WIDTH="9" VPOS="779" HPOS="1000"/>
							<String ID="string_235" HPOS="1009" VPOS="780" WIDTH="37" HEIGHT="26" WC="0.97" CONTENT="jag"/>
						</TextLine>
						<TextLine ID="line_24" HPOS="228" VPOS="808" WIDTH="819" HEIGHT="28">
							<String ID="string_236" HPOS="228" VPOS="814" WIDTH="27" HEIGHT="13" WC="0.96" CONTENT="nu"/><SP WIDTH="17" VPOS="814" HPOS="255"/>
							<String ID="string_237" HPOS="272" VPOS="808" WIDTH="47" HEIGHT="25" WC="0.96" CONTENT="fått,"/><SP WIDTH="16" VPOS="808" HPOS="319"/>
							<String ID="string_238" HPOS="335" VPOS="808" WIDTH="66" HEIGHT="26" WC="0.96" CONTENT="gäller"/><SP WIDTH="16" VPOS="808" HPOS="401"/>
							<String ID="string_239" HPOS="417" VPOS="808" WIDTH="36" HEIGHT="20" WC="0.96" CONTENT="det"/><SP WIDTH="16" VPOS="808" HPOS="453"/>
							<String ID="string_240" HPOS="469" VPOS="808" WIDTH="37" HEIGHT="20" WC="0.96" CONTENT="här"/><SP WIDTH="16" VPOS="808" HPOS="506"/>
							<String ID="string_241" HPOS="522" VPOS="809" WIDTH="121" HEIGHT="27" WC="0.96" CONTENT="egentligen"/><SP WIDTH="16" VPOS="809" HPOS="643"/>
							<String ID="string_242" HPOS="659" VPOS="809" WIDTH="76" HEIGHT="20" WC="0.96" CONTENT="endast"/><SP WIDTH="11" VPOS="809" HPOS="735"/>
							<String ID="string_243" HPOS="746" VPOS="816" WIDTH="26" HEIGHT="13" WC="0.93" CONTENT="en"/><SP WIDTH="13" VPOS="816" HPOS="772"/>
							<String ID="string_244" HPOS="785" VPOS="808" WIDTH="191" HEIGHT="27" WC="0.90" CONTENT="bokföringsfråga."/><SP WIDTH="28" VPOS="808" HPOS="976"/>
							<String ID="string_245" HPOS="1004" VPOS="808" WIDTH="43" HEIGHT="26" WC="0.96" CONTENT="Mig"/>
						</TextLine>
						<TextLine ID="line_25" HPOS="229" VPOS="836" WIDTH="821" HEIGHT="28">
							<String ID="string_246" HPOS="229" VPOS="836" WIDTH="38" HEIGHT="20" WC="0.96" CONTENT="har"/><SP WIDTH="16" VPOS="836" HPOS="267"/>
							<String ID="string_247" HPOS="283" VPOS="839" WIDTH="68" HEIGHT="24" WC="0.96" CONTENT="synts,"/><SP WIDTH="21" VPOS="839" HPOS="351"/>
							<String ID="string_248" HPOS="372" VPOS="838" WIDTH="31" HEIGHT="18" WC="0.93" CONTENT="att"/><SP WIDTH="16" VPOS="838" HPOS="403"/>
							<String ID="string_249" HPOS="419" VPOS="836" WIDTH="199" HEIGHT="28" WC="0.92" CONTENT="bokföringsfrågor"/><SP WIDTH="16" VPOS="836" HPOS="618"/>
							<String ID="string_250" HPOS="634" VPOS="838" WIDTH="56" HEIGHT="20" WC="0.96" CONTENT="inom"/><SP WIDTH="17" VPOS="838" HPOS="690"/>
							<String ID="string_251" HPOS="707" VPOS="837" WIDTH="60" HEIGHT="21" WC="0.96" CONTENT="detta"/><SP WIDTH="16" VPOS="837" HPOS="767"/>
							<String ID="string_252" HPOS="783" VPOS="837" WIDTH="62" HEIGHT="21" WC="0.96" CONTENT="stånd"/><SP WIDTH="16" VPOS="837" HPOS="845"/>
							<String ID="string_253" HPOS="861" VPOS="839" WIDTH="81" HEIGHT="18" WC="0.96" CONTENT="ansetts"/><SP WIDTH="17" VPOS="839" HPOS="942"/>
							<String ID="string_254" HPOS="959" VPOS="843" WIDTH="51" HEIGHT="13" WC="0.96" CONTENT="vara"/><SP WIDTH="16" VPOS="843" HPOS="1010"/>
							<String ID="string_255" HPOS="1026" VPOS="836" WIDTH="24" HEIGHT="20" WC="0.96" CONTENT="af"/>
						</TextLine>
						<TextLine ID="line_26" HPOS="227" VPOS="864" WIDTH="821" HEIGHT="48">
							<String ID="string_256" HPOS="227" VPOS="864" WIDTH="62" HEIGHT="48" WC="0.16" CONTENT="m"/><SP WIDTH="15" VPOS="864" HPOS="289"/>
							<String ID="string_257" HPOS="304" VPOS="864" WIDTH="51" HEIGHT="27" WC="0.96" CONTENT="vigt,"/><SP WIDTH="16" VPOS="864" HPOS="355"/>
							<String ID="string_258" HPOS="371" VPOS="866" WIDTH="39" HEIGHT="19" WC="0.96" CONTENT="och"/><SP WIDTH="17" VPOS="866" HPOS="410"/>
							<String ID="string_259" HPOS="427" VPOS="864" WIDTH="74" HEIGHT="28" WC="0.76" CONTENT="tycker"/><SP WIDTH="14" VPOS="864" HPOS="501"/>
							<String ID="string_260" HPOS="515" VPOS="867" WIDTH="38" HEIGHT="26" WC="0.93" CONTENT="jag"/><SP WIDTH="16" VPOS="867" HPOS="553"/>
							<String ID="string_261" HPOS="569" VPOS="866" WIDTH="84" HEIGHT="20" WC="0.92" CONTENT="derföre"/><SP WIDTH="16" VPOS="866" HPOS="653"/>
							<String ID="string_262" HPOS="669" VPOS="866" WIDTH="46" HEIGHT="20" WC="0.93" CONTENT="skäl"/><SP WIDTH="16" VPOS="866" HPOS="715"/>
							<String ID="string_263" HPOS="731" VPOS="866" WIDTH="48" HEIGHT="20" WC="0.96" CONTENT="icke"/><SP WIDTH="17" VPOS="866" HPOS="779"/>
							<String ID="string_264" HPOS="796" VPOS="873" WIDTH="50" HEIGHT="13" WC="0.96" CONTENT="vara"/><SP WIDTH="17" VPOS="873" HPOS="846"/>
							<String ID="string_265" HPOS="863" VPOS="868" WIDTH="31" HEIGHT="18" WC="0.96" CONTENT="att"/><SP WIDTH="16" VPOS="868" HPOS="894"/>
							<String ID="string_266" HPOS="910" VPOS="872" WIDTH="26" HEIGHT="13" WC="0.93" CONTENT="nu"/><SP WIDTH="13" VPOS="872" HPOS="936"/>
							<String ID="string_267" HPOS="949" VPOS="864" WIDTH="55" HEIGHT="21" WC="0.96" CONTENT="fästa"/><SP WIDTH="11" VPOS="864" HPOS="1004"/>
							<String ID="string_268" HPOS="1015" VPOS="865" WIDTH="33" HEIGHT="26" WC="0.96" CONTENT="sig"/>
						</TextLine>
					</TextBlock>
					<TextBlock ID="block_4" HPOS="242" VPOS="892" WIDTH="66" HEIGHT="20">
						<TextLine ID="line_27" HPOS="242" VPOS="892" WIDTH="66" HEIGHT="20">
							<String ID="string_269" HPOS="242" VPOS="892" WIDTH="66" HEIGHT="20" WC="0.92" CONTENT="ervid."/>
						</TextLine>
					</TextBlock>
					<TextBlock ID="block_5" HPOS="226" VPOS="920" WIDTH="821" HEIGHT="58">
						<TextLine ID="line_28" HPOS="297" VPOS="920" WIDTH="750" HEIGHT="30">
							<String ID="string_270" HPOS="297" VPOS="920" WIDTH="56" HEIGHT="22" WC="0.96" CONTENT="Herr"/><SP WIDTH="16" VPOS="920" HPOS="353"/>
							<String ID="string_271" HPOS="369" VPOS="921" WIDTH="198" HEIGHT="27" WC="0.95" CONTENT="Nordenskiöld,"/><SP WIDTH="26" VPOS="921" HPOS="567"/>
							<String ID="string_272" HPOS="593" VPOS="922" WIDTH="56" HEIGHT="21" WC="0.95" CONTENT="Carl"/><SP WIDTH="24" VPOS="922" HPOS="649"/>
							<String ID="string_273" HPOS="673" VPOS="922" WIDTH="88" HEIGHT="20" WC="0.96" CONTENT="Adolf:"/><SP WIDTH="25" VPOS="922" HPOS="761"/>
							<String ID="string_274" HPOS="786" VPOS="922" WIDTH="41" HEIGHT="28" WC="0.93" CONTENT="Jag"/><SP WIDTH="23" VPOS="922" HPOS="827"/>
							<String ID="string_275" HPOS="850" VPOS="922" WIDTH="85" HEIGHT="20" WC="0.93" CONTENT="förenar"/><SP WIDTH="20" VPOS="922" HPOS="935"/>
							<String ID="string_276" HPOS="955" VPOS="921" WIDTH="92" HEIGHT="27" WC="0.92" CONTENT="migmed"/>
						</TextLine>
						<TextLine ID="line_29" HPOS="226" VPOS="949" WIDTH="821" HEIGHT="29">
							<String ID="string_277" HPOS="226" VPOS="949" WIDTH="75" HEIGHT="26" WC="0.92" CONTENT="grefve"/><SP WIDTH="16" VPOS="949" HPOS="301"/>
							<String ID="string_278" HPOS="317" VPOS="949" WIDTH="93" HEIGHT="20" WC="0.96" CONTENT="Armfelt"/><SP WIDTH="15" VPOS="949" HPOS="410"/>
							<String ID="string_279" HPOS="425" VPOS="950" WIDTH="38" HEIGHT="20" WC="0.93" CONTENT="och"/><SP WIDTH="16" VPOS="950" HPOS="463"/>
							<String ID="string_280" HPOS="479" VPOS="950" WIDTH="96" HEIGHT="26" WC="0.92" CONTENT="föreslär,"/><SP WIDTH="17" VPOS="950" HPOS="575"/>
							<String ID="string_281" HPOS="592" VPOS="953" WIDTH="31" HEIGHT="18" WC="0.96" CONTENT="att"/><SP WIDTH="17" VPOS="953" HPOS="623"/>
							<String ID="string_282" HPOS="640" VPOS="950" WIDTH="39" HEIGHT="20" WC="0.93" CONTENT="den"/><SP WIDTH="12" VPOS="950" HPOS="679"/>
							<String ID="string_283" HPOS="691" VPOS="951" WIDTH="78" HEIGHT="26" WC="0.93" CONTENT="nädiga"/><SP WIDTH="12" VPOS="951" HPOS="769"/>
							<String ID="string_284" HPOS="781" VPOS="951" WIDTH="159" HEIGHT="27" WC="0.93" CONTENT="propositionen"/><SP WIDTH="13" VPOS="951" HPOS="940"/>
							<String ID="string_285" HPOS="953" VPOS="952" WIDTH="94" HEIGHT="24" WC="0.93" CONTENT="antages."/>
						</TextLine>
					</TextBlock>
					<TextBlock ID="block_6" HPOS="226" VPOS="977" WIDTH="821" HEIGHT="141">
						<TextLine ID="line_30" HPOS="296" VPOS="977" WIDTH="751" HEIGHT="28">
							<String ID="string_286" HPOS="296" VPOS="977" WIDTH="57" HEIGHT="21" WC="0.96" CONTENT="Herr"/><SP WIDTH="9" VPOS="977" HPOS="353"/>
							<String ID="string_287" HPOS="362" VPOS="985" WIDTH="48" HEIGHT="13" WC="0.93" CONTENT="von"/><SP WIDTH="11" VPOS="985" HPOS="410"/>
							<String ID="string_288" HPOS="421" VPOS="977" WIDTH="123" HEIGHT="22" WC="0.88" CONTENT="Kremer:"/><SP WIDTH="9" VPOS="977" HPOS="544"/>
							<String ID="string_289" HPOS="553" VPOS="978" WIDTH="42" HEIGHT="27" WC="0.96" CONTENT="Jag"/><SP WIDTH="10" VPOS="978" HPOS="595"/>
							<String ID="string_290" HPOS="605" VPOS="979" WIDTH="37" HEIGHT="20" WC="0.95" CONTENT="ber"/><SP WIDTH="9" VPOS="979" HPOS="642"/>
							<String ID="string_291" HPOS="651" VPOS="981" WIDTH="32" HEIGHT="18" WC="0.93" CONTENT="att"/><SP WIDTH="11" VPOS="981" HPOS="683"/>
							<String ID="string_292" HPOS="694" VPOS="979" WIDTH="20" HEIGHT="20" WC="0.96" CONTENT="få"/><SP WIDTH="9" VPOS="979" HPOS="714"/>
							<String ID="string_293" HPOS="723" VPOS="979" WIDTH="71" HEIGHT="20" WC="0.96" CONTENT="erinra"/><SP WIDTH="12" VPOS="979" HPOS="794"/>
							<String ID="string_294" HPOS="806" VPOS="986" WIDTH="33" HEIGHT="13" WC="0.93" CONTENT="om"/><SP WIDTH="13" VPOS="986" HPOS="839"/>
							<String ID="string_295" HPOS="852" VPOS="979" WIDTH="56" HEIGHT="20" WC="0.96" CONTENT="hvad"/><SP WIDTH="11" VPOS="979" HPOS="908"/>
							<String ID="string_296" HPOS="919" VPOS="978" WIDTH="48" HEIGHT="20" WC="0.92" CONTENT="herr"/><SP WIDTH="13" VPOS="978" HPOS="967"/>
							<String ID="string_297" HPOS="980" VPOS="977" WIDTH="67" HEIGHT="21" WC="0.77" CONTENT="Ehrn-"/>
						</TextLine>
						<TextLine ID="line_31" HPOS="227" VPOS="1005" WIDTH="820" HEIGHT="29">
							<String ID="string_298" HPOS="227" VPOS="1005" WIDTH="62" HEIGHT="21" WC="0.92" CONTENT="rooth"/><SP WIDTH="22" VPOS="1005" HPOS="289"/>
							<String ID="string_299" HPOS="311" VPOS="1008" WIDTH="54" HEIGHT="25" WC="0.89" CONTENT="sagt,"/><SP WIDTH="24" VPOS="1008" HPOS="365"/>
							<String ID="string_300" HPOS="389" VPOS="1008" WIDTH="31" HEIGHT="18" WC="0.96" CONTENT="att"/><SP WIDTH="19" VPOS="1008" HPOS="420"/>
							<String ID="string_301" HPOS="439" VPOS="1007" WIDTH="35" HEIGHT="20" WC="0.93" CONTENT="det"/><SP WIDTH="16" VPOS="1007" HPOS="474"/>
							<String ID="string_302" HPOS="490" VPOS="1007" WIDTH="46" HEIGHT="20" WC="0.93" CONTENT="icke"/><SP WIDTH="17" VPOS="1007" HPOS="536"/>
							<String ID="string_303" HPOS="553" VPOS="1007" WIDTH="54" HEIGHT="20" WC="0.93" CONTENT="blott"/><SP WIDTH="16" VPOS="1007" HPOS="607"/>
							<String ID="string_304" HPOS="623" VPOS="1009" WIDTH="23" HEIGHT="19" WC="0.95" CONTENT="är"/><SP WIDTH="16" VPOS="1009" HPOS="646"/>
							<String ID="string_305" HPOS="662" VPOS="1014" WIDTH="25" HEIGHT="13" WC="0.93" CONTENT="en"/><SP WIDTH="18" VPOS="1014" HPOS="687"/>
							<String ID="string_306" HPOS="705" VPOS="1007" WIDTH="195" HEIGHT="27" WC="0.92" CONTENT="bokföringsfräga,"/><SP WIDTH="17" VPOS="1007" HPOS="900"/>
							<String ID="string_307" HPOS="917" VPOS="1013" WIDTH="32" HEIGHT="14" WC="0.93" CONTENT="om"/><SP WIDTH="18" VPOS="1013" HPOS="949"/>
							<String ID="string_308" HPOS="967" VPOS="1007" WIDTH="80" HEIGHT="19" WC="0.92" CONTENT="kronan"/>
						</TextLine>
						<TextLine ID="line_32" HPOS="226" VPOS="1034" WIDTH="821" HEIGHT="29">
							<String ID="string_309" HPOS="226" VPOS="1035" WIDTH="39" HEIGHT="26" WC="0.92" CONTENT="gär"/><SP WIDTH="16" VPOS="1035" HPOS="265"/>
							<String ID="string_310" HPOS="281" VPOS="1034" WIDTH="98" HEIGHT="27" WC="0.93" CONTENT="förlustig"/><SP WIDTH="18" VPOS="1034" HPOS="379"/>
							<String ID="string_311" HPOS="397" VPOS="1035" WIDTH="30" HEIGHT="20" WC="0.93" CONTENT="sin"/><SP WIDTH="22" VPOS="1035" HPOS="427"/>
							<String ID="string_312" HPOS="449" VPOS="1036" WIDTH="57" HEIGHT="19" WC="0.92" CONTENT="skatt"/><SP WIDTH="16" VPOS="1036" HPOS="506"/>
							<String ID="string_313" HPOS="522" VPOS="1036" WIDTH="28" HEIGHT="27" WC="0.93" CONTENT="pä"/><SP WIDTH="15" VPOS="1036" HPOS="550"/>
							<String ID="string_314" HPOS="565" VPOS="1035" WIDTH="88" HEIGHT="21" WC="0.92" CONTENT="bränvin"/><SP WIDTH="21" VPOS="1035" HPOS="653"/>
							<String ID="string_315" HPOS="674" VPOS="1036" WIDTH="22" HEIGHT="19" WC="0.96" CONTENT="sä"/><SP WIDTH="16" VPOS="1036" HPOS="696"/>
							<String ID="string_316" HPOS="712" VPOS="1035" WIDTH="64" HEIGHT="28" WC="0.96" CONTENT="länge"/><SP WIDTH="20" VPOS="1035" HPOS="776"/>
							<String ID="string_317" HPOS="796" VPOS="1036" WIDTH="35" HEIGHT="20" WC="0.95" CONTENT="det"/><SP WIDTH="15" VPOS="1036" HPOS="831"/>
							<String ID="string_318" HPOS="846" VPOS="1035" WIDTH="68" HEIGHT="28" WC="0.96" CONTENT="ligger"/><SP WIDTH="16" VPOS="1035" HPOS="914"/>
							<String ID="string_319" HPOS="930" VPOS="1035" WIDTH="26" HEIGHT="27" WC="0.92" CONTENT="pä"/><SP WIDTH="17" VPOS="1035" HPOS="956"/>
							<String ID="string_320" HPOS="973" VPOS="1035" WIDTH="74" HEIGHT="20" WC="0.92" CONTENT="neder-"/>
						</TextLine>
						<TextLine ID="line_33" HPOS="226" VPOS="1062" WIDTH="821" HEIGHT="29">
							<String ID="string_321" HPOS="226" VPOS="1062" WIDTH="41" HEIGHT="27" WC="0.94" CONTENT="lag."/><SP WIDTH="32" VPOS="1062" HPOS="267"/>
							<String ID="string_322" HPOS="299" VPOS="1063" WIDTH="66" HEIGHT="20" WC="0.94" CONTENT="Detta"/><SP WIDTH="23" VPOS="1063" HPOS="365"/>
							<String ID="string_323" HPOS="388" VPOS="1063" WIDTH="40" HEIGHT="20" WC="0.93" CONTENT="kan"/><SP WIDTH="24" VPOS="1063" HPOS="428"/>
							<String ID="string_324" HPOS="452" VPOS="1064" WIDTH="63" HEIGHT="20" WC="0.89" CONTENT="räcka"/><SP WIDTH="19" VPOS="1064" HPOS="515"/>
							<String ID="string_325" HPOS="534" VPOS="1065" WIDTH="87" HEIGHT="26" WC="0.96" CONTENT="mycket"/><SP WIDTH="16" VPOS="1065" HPOS="621"/>
							<String ID="string_326" HPOS="637" VPOS="1064" WIDTH="68" HEIGHT="27" WC="0.96" CONTENT="länge,"/><SP WIDTH="18" VPOS="1064" HPOS="705"/>
							<String ID="string_327" HPOS="723" VPOS="1065" WIDTH="24" HEIGHT="19" WC="0.96" CONTENT="är"/><SP WIDTH="16" VPOS="1065" HPOS="747"/>
							<String ID="string_328" HPOS="763" VPOS="1071" WIDTH="26" HEIGHT="13" WC="0.93" CONTENT="en"/><SP WIDTH="16" VPOS="1071" HPOS="789"/>
							<String ID="string_329" HPOS="805" VPOS="1064" WIDTH="105" HEIGHT="26" WC="0.92" CONTENT="oordning"/><SP WIDTH="16" VPOS="1064" HPOS="910"/>
							<String ID="string_330" HPOS="926" VPOS="1063" WIDTH="37" HEIGHT="20" WC="0.93" CONTENT="och"/><SP WIDTH="17" VPOS="1063" HPOS="963"/>
							<String ID="string_331" HPOS="980" VPOS="1063" WIDTH="67" HEIGHT="20" WC="0.93" CONTENT="föror-"/>
						</TextLine>
						<TextLine ID="line_34" HPOS="226" VPOS="1091" WIDTH="533" HEIGHT="27">
							<String ID="string_332" HPOS="226" VPOS="1091" WIDTH="64" HEIGHT="20" WC="0.91" CONTENT="sakar"/><SP WIDTH="16" VPOS="1091" HPOS="290"/>
							<String ID="string_333" HPOS="306" VPOS="1091" WIDTH="5" HEIGHT="20" WC="0.93" CONTENT="i"/><SP WIDTH="17" VPOS="1091" HPOS="311"/>
							<String ID="string_334" HPOS="328" VPOS="1091" WIDTH="72" HEIGHT="27" WC="0.92" CONTENT="hvarje"/><SP WIDTH="17" VPOS="1091" HPOS="400"/>
							<String ID="string_335" HPOS="417" VPOS="1091" WIDTH="101" HEIGHT="21" WC="0.91" CONTENT="händelse"/><SP WIDTH="16" VPOS="1091" HPOS="518"/>
							<String ID="string_336" HPOS="534" VPOS="1091" WIDTH="81" HEIGHT="21" WC="0.93" CONTENT="kronan"/><SP WIDTH="17" VPOS="1091" HPOS="615"/>
							<String ID="string_337" HPOS="632" VPOS="1099" WIDTH="25" HEIGHT="14" WC="0.93" CONTENT="en"/><SP WIDTH="19" VPOS="1099" HPOS="657"/>
							<String ID="string_338" HPOS="676" VPOS="1092" WIDTH="83" HEIGHT="20" WC="0.92" CONTENT="förlust."/>
						</TextLine>
					</TextBlock>
					<TextBlock ID="block_7" HPOS="225" VPOS="1119" WIDTH="822" HEIGHT="50">
						<TextLine ID="line_35" HPOS="295" VPOS="1119" WIDTH="752" HEIGHT="29">
							<String ID="string_339" HPOS="295" VPOS="1119" WIDTH="40" HEIGHT="20" WC="0.92" CONTENT="Till"/><SP WIDTH="18" VPOS="1119" HPOS="335"/>
							<String ID="string_340" HPOS="353" VPOS="1120" WIDTH="97" HEIGHT="20" WC="0.92" CONTENT="ständets"/><SP WIDTH="17" VPOS="1120" HPOS="450"/>
							<String ID="string_341" HPOS="467" VPOS="1120" WIDTH="133" HEIGHT="21" WC="0.92" CONTENT="besvarande"/><SP WIDTH="16" VPOS="1120" HPOS="600"/>
							<String ID="string_342" HPOS="616" VPOS="1121" WIDTH="112" HEIGHT="27" WC="0.91" CONTENT="upplästes"/><SP WIDTH="17" VPOS="1121" HPOS="728"/>
							<String ID="string_343" HPOS="745" VPOS="1127" WIDTH="27" HEIGHT="14" WC="0.96" CONTENT="nu"/><SP WIDTH="17" VPOS="1127" HPOS="772"/>
							<String ID="string_344" HPOS="789" VPOS="1127" WIDTH="24" HEIGHT="14" WC="0.96" CONTENT="en"/><SP WIDTH="18" VPOS="1127" HPOS="813"/>
							<String ID="string_345" HPOS="831" VPOS="1121" WIDTH="24" HEIGHT="20" WC="0.93" CONTENT="sä"/><SP WIDTH="11" VPOS="1121" HPOS="855"/>
							<String ID="string_346" HPOS="866" VPOS="1120" WIDTH="92" HEIGHT="27" WC="0.91" CONTENT="lydande"/><SP WIDTH="13" VPOS="1120" HPOS="958"/>
							<String ID="string_347" HPOS="971" VPOS="1127" WIDTH="76" HEIGHT="20" WC="0.92" CONTENT="propo-"/>
						</TextLine>
						<TextLine ID="line_36" HPOS="225" VPOS="1147" WIDTH="74" HEIGHT="22">
							<String ID="string_348" HPOS="225" VPOS="1147" WIDTH="74" HEIGHT="22" WC="0.93" CONTENT="sition:"/>
						</TextLine>
					</TextBlock>
					<TextBlock ID="block_8" HPOS="226" VPOS="1176" WIDTH="821" HEIGHT="55">
						<TextLine ID="line_37" HPOS="295" VPOS="1176" WIDTH="752" HEIGHT="29">
							<String ID="string_349" HPOS="295" VPOS="1177" WIDTH="111" HEIGHT="26" WC="0.52" CONTENT="»Antager"/><SP WIDTH="16" VPOS="1177" HPOS="406"/>
							<String ID="string_350" HPOS="422" VPOS="1177" WIDTH="149" HEIGHT="28" WC="0.96" CONTENT="ridderskapet"/><SP WIDTH="16" VPOS="1177" HPOS="571"/>
							<String ID="string_351" HPOS="587" VPOS="1177" WIDTH="38" HEIGHT="21" WC="0.93" CONTENT="och"/><SP WIDTH="17" VPOS="1177" HPOS="625"/>
							<String ID="string_352" HPOS="642" VPOS="1177" WIDTH="61" HEIGHT="20" WC="0.96" CONTENT="adeln"/><SP WIDTH="17" VPOS="1177" HPOS="703"/>
							<String ID="string_353" HPOS="720" VPOS="1178" WIDTH="12" HEIGHT="26" WC="0.68" CONTENT="&amp;"/><SP WIDTH="19" VPOS="1178" HPOS="732"/>
							<String ID="string_354" HPOS="751" VPOS="1178" WIDTH="22" HEIGHT="19" WC="0.93" CONTENT="11"/><SP WIDTH="20" VPOS="1178" HPOS="773"/>
							<String ID="string_355" HPOS="793" VPOS="1177" WIDTH="69" HEIGHT="20" WC="0.96" CONTENT="såsom"/><SP WIDTH="13" VPOS="1177" HPOS="862"/>
							<String ID="string_356" HPOS="875" VPOS="1177" WIDTH="107" HEIGHT="20" WC="0.96" CONTENT="utskottet"/><SP WIDTH="2" VPOS="1177" HPOS="982"/>
							<String ID="string_357" HPOS="984" VPOS="1172" WIDTH="10" HEIGHT="37" WC="0.96" CONTENT="i"/><SP WIDTH="16" VPOS="1172" HPOS="994"/>
							<String ID="string_358" HPOS="1010" VPOS="1176" WIDTH="37" HEIGHT="20" WC="0.96" CONTENT="sitt"/>
						</TextLine>
						<TextLine ID="line_38" HPOS="226" VPOS="1204" WIDTH="290" HEIGHT="27">
							<String ID="string_359" HPOS="226" VPOS="1204" WIDTH="136" HEIGHT="21" WC="0.94" CONTENT="betänkande"/><SP WIDTH="16" VPOS="1204" HPOS="362"/>
							<String ID="string_360" HPOS="378" VPOS="1205" WIDTH="138" HEIGHT="26" WC="0.56" CONTENT="föreslagit?&#39;*"/>
						</TextLine>
					</TextBlock>
					<TextBlock ID="block_9" HPOS="224" VPOS="1233" WIDTH="823" HEIGHT="49">
						<TextLine ID="line_39" HPOS="295" VPOS="1233" WIDTH="752" HEIGHT="28">
							<String ID="string_361" HPOS="295" VPOS="1249" WIDTH="11" HEIGHT="9" WC="0.76" CONTENT="»"/><SP WIDTH="3" VPOS="1249" HPOS="306"/>
							<String ID="string_362" HPOS="309" VPOS="1233" WIDTH="82" HEIGHT="21" WC="0.76" CONTENT="Vinner"/><SP WIDTH="22" VPOS="1233" HPOS="391"/>
							<String ID="string_363" HPOS="413" VPOS="1234" WIDTH="42" HEIGHT="27" WC="0.93" CONTENT="nej,"/><SP WIDTH="20" VPOS="1234" HPOS="455"/>
							<String ID="string_364" HPOS="475" VPOS="1236" WIDTH="90" HEIGHT="25" WC="0.95" CONTENT="antages"/><SP WIDTH="20" VPOS="1236" HPOS="565"/>
							<String ID="string_365" HPOS="585" VPOS="1241" WIDTH="80" HEIGHT="13" WC="0.93" CONTENT="samma"/><SP WIDTH="16" VPOS="1241" HPOS="665"/>
							<String ID="string_366" HPOS="681" VPOS="1233" WIDTH="122" HEIGHT="28" WC="0.96" CONTENT="paragraf"/><SP WIDTH="-5" VPOS="1233" HPOS="803"/>
							<String ID="string_367" HPOS="798" VPOS="1229" WIDTH="12" HEIGHT="36" WC="0.96" CONTENT="i"/><SP WIDTH="11" VPOS="1229" HPOS="810"/>
							<String ID="string_368" HPOS="821" VPOS="1234" WIDTH="39" HEIGHT="20" WC="0.93" CONTENT="den"/><SP WIDTH="18" VPOS="1234" HPOS="860"/>
							<String ID="string_369" HPOS="878" VPOS="1233" WIDTH="76" HEIGHT="28" WC="0.93" CONTENT="nådiga"/><SP WIDTH="16" VPOS="1233" HPOS="954"/>
							<String ID="string_370" HPOS="970" VPOS="1240" WIDTH="77" HEIGHT="21" WC="0.91" CONTENT="propo-"/>
						</TextLine>
						<TextLine ID="line_40" HPOS="224" VPOS="1261" WIDTH="113" HEIGHT="21">
							<String ID="string_371" HPOS="224" VPOS="1261" WIDTH="113" HEIGHT="21" WC="0.32" CONTENT="sitionen*&#39;."/>
						</TextLine>
					</TextBlock>
					<TextBlock ID="block_10" HPOS="223" VPOS="1289" WIDTH="824" HEIGHT="84">
						<TextLine ID="line_41" HPOS="294" VPOS="1289" WIDTH="753" HEIGHT="29">
							<String ID="string_372" HPOS="294" VPOS="1289" WIDTH="43" HEIGHT="21" WC="0.93" CONTENT="Vid"/><SP WIDTH="23" VPOS="1289" HPOS="337"/>
							<String ID="string_373" HPOS="360" VPOS="1290" WIDTH="100" HEIGHT="21" WC="0.92" CONTENT="häröfver"/><SP WIDTH="23" VPOS="1290" HPOS="460"/>
							<String ID="string_374" HPOS="483" VPOS="1290" WIDTH="90" HEIGHT="21" WC="0.88" CONTENT="anställd"/><SP WIDTH="24" VPOS="1290" HPOS="573"/>
							<String ID="string_375" HPOS="597" VPOS="1291" WIDTH="97" HEIGHT="27" WC="0.91" CONTENT="votering"/><SP WIDTH="20" VPOS="1291" HPOS="694"/>
							<String ID="string_376" HPOS="714" VPOS="1290" WIDTH="76" HEIGHT="21" WC="0.91" CONTENT="utföllo"/><SP WIDTH="17" VPOS="1290" HPOS="790"/>
							<String ID="string_377" HPOS="807" VPOS="1292" WIDTH="98" HEIGHT="19" WC="0.92" CONTENT="rösterna"/><SP WIDTH="15" VPOS="1292" HPOS="905"/>
							<String ID="string_378" HPOS="920" VPOS="1291" WIDTH="47" HEIGHT="19" WC="0.96" CONTENT="med"/><SP WIDTH="17" VPOS="1291" HPOS="967"/>
							<String ID="string_379" HPOS="984" VPOS="1291" WIDTH="27" HEIGHT="20" WC="0.96" CONTENT="20"/><SP WIDTH="13" VPOS="1291" HPOS="1011"/>
							<String ID="string_380" HPOS="1024" VPOS="1290" WIDTH="23" HEIGHT="27" WC="0.96" CONTENT="ja"/>
						</TextLine>
						<TextLine ID="line_42" HPOS="224" VPOS="1317" WIDTH="823" HEIGHT="29">
							<String ID="string_381" HPOS="224" VPOS="1317" WIDTH="41" HEIGHT="20" WC="0.95" CONTENT="och"/><SP WIDTH="18" VPOS="1317" HPOS="265"/>
							<String ID="string_382" HPOS="283" VPOS="1319" WIDTH="25" HEIGHT="19" WC="0.96" CONTENT="14"/><SP WIDTH="16" VPOS="1319" HPOS="308"/>
							<String ID="string_383" HPOS="324" VPOS="1319" WIDTH="42" HEIGHT="26" WC="0.93" CONTENT="nej,"/><SP WIDTH="25" VPOS="1319" HPOS="366"/>
							<String ID="string_384" HPOS="391" VPOS="1319" WIDTH="136" HEIGHT="27" WC="0.96" CONTENT="hvarigenom"/><SP WIDTH="19" VPOS="1319" HPOS="527"/>
							<String ID="string_385" HPOS="546" VPOS="1319" WIDTH="87" HEIGHT="20" WC="0.96" CONTENT="ståndet"/><SP WIDTH="20" VPOS="1319" HPOS="633"/>
							<String ID="string_386" HPOS="653" VPOS="1319" WIDTH="84" HEIGHT="21" WC="0.96" CONTENT="således"/><SP WIDTH="24" VPOS="1319" HPOS="737"/>
							<String ID="string_387" HPOS="761" VPOS="1319" WIDTH="83" HEIGHT="27" WC="0.92" CONTENT="antagit"/><SP WIDTH="17" VPOS="1319" HPOS="844"/>
							<String ID="string_388" HPOS="861" VPOS="1319" WIDTH="11" HEIGHT="26" WC="0.89" CONTENT="&amp;"/><SP WIDTH="20" VPOS="1319" HPOS="872"/>
							<String ID="string_389" HPOS="892" VPOS="1319" WIDTH="22" HEIGHT="20" WC="0.96" CONTENT="11"/><SP WIDTH="18" VPOS="1319" HPOS="914"/>
							<String ID="string_390" HPOS="932" VPOS="1319" WIDTH="66" HEIGHT="26" WC="0.93" CONTENT="enligt"/><SP WIDTH="17" VPOS="1319" HPOS="998"/>
							<String ID="string_391" HPOS="1015" VPOS="1321" WIDTH="32" HEIGHT="17" WC="0.92" CONTENT="ut-"/>
						</TextLine>
						<TextLine ID="line_43" HPOS="223" VPOS="1346" WIDTH="197" HEIGHT="27">
							<String ID="string_392" HPOS="223" VPOS="1346" WIDTH="95" HEIGHT="21" WC="0.92" CONTENT="skottets"/><SP WIDTH="17" VPOS="1346" HPOS="318"/>
							<String ID="string_393" HPOS="335" VPOS="1347" WIDTH="85" HEIGHT="26" WC="0.96" CONTENT="förslag."/>
						</TextLine>
					</TextBlock>
					<TextBlock ID="block_11" HPOS="295" VPOS="1375" WIDTH="452" HEIGHT="28">
						<TextLine ID="line_44" HPOS="295" VPOS="1375" WIDTH="452" HEIGHT="28">
							<String ID="string_394" HPOS="295" VPOS="1375" WIDTH="25" HEIGHT="26" WC="0.43" CONTENT="88"/><SP WIDTH="18" VPOS="1375" HPOS="320"/>
							<String ID="string_395" HPOS="338" VPOS="1376" WIDTH="24" HEIGHT="19" WC="0.96" CONTENT="12"/><SP WIDTH="17" VPOS="1376" HPOS="362"/>
							<String ID="string_396" HPOS="379" VPOS="1375" WIDTH="38" HEIGHT="20" WC="0.95" CONTENT="och"/><SP WIDTH="19" VPOS="1375" HPOS="417"/>
							<String ID="string_397" HPOS="436" VPOS="1376" WIDTH="24" HEIGHT="19" WC="0.93" CONTENT="13"/><SP WIDTH="16" VPOS="1376" HPOS="460"/>
							<String ID="string_398" HPOS="476" VPOS="1378" WIDTH="90" HEIGHT="25" WC="0.91" CONTENT="antogos"/><SP WIDTH="17" VPOS="1378" HPOS="566"/>
							<String ID="string_399" HPOS="583" VPOS="1378" WIDTH="50" HEIGHT="18" WC="0.96" CONTENT="utan"/><SP WIDTH="18" VPOS="1378" HPOS="633"/>
							<String ID="string_400" HPOS="651" VPOS="1376" WIDTH="96" HEIGHT="27" WC="0.96" CONTENT="ändring."/>
						</TextLine>
					</TextBlock>
					<TextBlock ID="block_12" HPOS="293" VPOS="1403" WIDTH="244" HEIGHT="27">
						<TextLine ID="line_45" HPOS="293" VPOS="1403" WIDTH="244" HEIGHT="27">
							<String ID="string_401" HPOS="293" VPOS="1403" WIDTH="46" HEIGHT="21" WC="0.93" CONTENT="Mot"/><SP WIDTH="15" VPOS="1403" HPOS="339"/>
							<String ID="string_402" HPOS="354" VPOS="1404" WIDTH="11" HEIGHT="26" WC="0.83" CONTENT="&amp;"/><SP WIDTH="20" VPOS="1404" HPOS="365"/>
							<String ID="string_403" HPOS="385" VPOS="1404" WIDTH="24" HEIGHT="20" WC="0.93" CONTENT="14"/><SP WIDTH="16" VPOS="1404" HPOS="409"/>
							<String ID="string_404" HPOS="425" VPOS="1404" WIDTH="112" HEIGHT="20" WC="0.95" CONTENT="anmärkte"/>
						</TextLine>
					</TextBlock>
					<TextBlock ID="block_13" HPOS="220" VPOS="1431" WIDTH="829" HEIGHT="85">
						<TextLine ID="line_46" HPOS="293" VPOS="1431" WIDTH="755" HEIGHT="29">
							<String ID="string_405" HPOS="293" VPOS="1431" WIDTH="81" HEIGHT="21" WC="0.92" CONTENT="Grefve"/><SP WIDTH="16" VPOS="1431" HPOS="374"/>
							<String ID="string_406" HPOS="390" VPOS="1432" WIDTH="120" HEIGHT="26" WC="0.96" CONTENT="Armfelt,"/><SP WIDTH="25" VPOS="1432" HPOS="510"/>
							<String ID="string_407" HPOS="535" VPOS="1433" WIDTH="112" HEIGHT="26" WC="0.96" CONTENT="August:"/><SP WIDTH="26" VPOS="1433" HPOS="647"/>
							<String ID="string_408" HPOS="673" VPOS="1433" WIDTH="10" HEIGHT="20" WC="0.93" CONTENT="I"/><SP WIDTH="16" VPOS="1433" HPOS="683"/>
							<String ID="string_409" HPOS="699" VPOS="1433" WIDTH="11" HEIGHT="26" WC="0.91" CONTENT="8"/><SP WIDTH="19" VPOS="1433" HPOS="710"/>
							<String ID="string_410" HPOS="729" VPOS="1433" WIDTH="26" HEIGHT="20" WC="0.96" CONTENT="14"/><SP WIDTH="16" VPOS="1433" HPOS="755"/>
							<String ID="string_411" HPOS="771" VPOS="1434" WIDTH="63" HEIGHT="26" WC="0.96" CONTENT="säger"/><SP WIDTH="16" VPOS="1434" HPOS="834"/>
							<String ID="string_412" HPOS="850" VPOS="1432" WIDTH="40" HEIGHT="20" WC="0.93" CONTENT="den"/><SP WIDTH="18" VPOS="1432" HPOS="890"/>
							<String ID="string_413" HPOS="908" VPOS="1432" WIDTH="76" HEIGHT="27" WC="0.93" CONTENT="nådiga"/><SP WIDTH="16" VPOS="1432" HPOS="984"/>
							<String ID="string_414" HPOS="1000" VPOS="1439" WIDTH="48" HEIGHT="20" WC="0.93" CONTENT="pro-"/>
						</TextLine>
						<TextLine ID="line_47" HPOS="222" VPOS="1460" WIDTH="826" HEIGHT="28">
							<String ID="string_415" HPOS="222" VPOS="1460" WIDTH="122" HEIGHT="26" WC="0.96" CONTENT="positionen"/><SP WIDTH="26" VPOS="1460" HPOS="344"/>
							<String ID="string_416" HPOS="370" VPOS="1462" WIDTH="31" HEIGHT="18" WC="0.92" CONTENT="att"/><SP WIDTH="26" VPOS="1462" HPOS="401"/>
							<String ID="string_417" HPOS="427" VPOS="1461" WIDTH="66" HEIGHT="19" WC="0.96" CONTENT="vittne"/><SP WIDTH="19" VPOS="1461" HPOS="493"/>
							<String ID="string_418" HPOS="512" VPOS="1461" WIDTH="52" HEIGHT="19" WC="0.93" CONTENT="skall"/><SP WIDTH="17" VPOS="1461" HPOS="564"/>
							<String ID="string_419" HPOS="581" VPOS="1464" WIDTH="59" HEIGHT="17" WC="0.96" CONTENT="utses"/><SP WIDTH="17" VPOS="1464" HPOS="640"/>
							<String ID="string_420" HPOS="657" VPOS="1462" WIDTH="23" HEIGHT="19" WC="0.93" CONTENT="af"/><SP WIDTH="11" VPOS="1462" HPOS="680"/>
							<String ID="string_421" HPOS="691" VPOS="1461" WIDTH="163" HEIGHT="27" WC="0.90" CONTENT="länestyrelsen."/><SP WIDTH="32" VPOS="1461" HPOS="854"/>
							<String ID="string_422" HPOS="886" VPOS="1460" WIDTH="11" HEIGHT="20" WC="0.62" CONTENT="I"/><SP WIDTH="16" VPOS="1460" HPOS="897"/>
							<String ID="string_423" HPOS="913" VPOS="1467" WIDTH="24" HEIGHT="13" WC="0.95" CONTENT="en"/><SP WIDTH="17" VPOS="1467" HPOS="937"/>
							<String ID="string_424" HPOS="954" VPOS="1460" WIDTH="94" HEIGHT="27" WC="0.96" CONTENT="följande"/>
						</TextLine>
						<TextLine ID="line_48" HPOS="220" VPOS="1488" WIDTH="829" HEIGHT="28">
							<String ID="string_425" HPOS="220" VPOS="1488" WIDTH="108" HEIGHT="28" WC="0.92" CONTENT="paragraf,"/><SP WIDTH="17" VPOS="1488" HPOS="328"/>
							<String ID="string_426" HPOS="345" VPOS="1488" WIDTH="39" HEIGHT="21" WC="0.93" CONTENT="den"/><SP WIDTH="18" VPOS="1488" HPOS="384"/>
							<String ID="string_427" HPOS="402" VPOS="1489" WIDTH="68" HEIGHT="25" WC="0.92" CONTENT="30:de,"/><SP WIDTH="17" VPOS="1489" HPOS="470"/>
							<String ID="string_428" HPOS="487" VPOS="1491" WIDTH="59" HEIGHT="19" WC="0.92" CONTENT="utses"/><SP WIDTH="13" VPOS="1491" HPOS="546"/>
							<String ID="string_429" HPOS="559" VPOS="1490" WIDTH="77" HEIGHT="19" WC="0.93" CONTENT="vittnet"/><SP WIDTH="9" VPOS="1490" HPOS="636"/>
							<String ID="string_430" HPOS="645" VPOS="1490" WIDTH="23" HEIGHT="20" WC="0.93" CONTENT="af"/><SP WIDTH="9" VPOS="1490" HPOS="668"/>
							<String ID="string_431" HPOS="677" VPOS="1489" WIDTH="137" HEIGHT="21" WC="0.90" CONTENT="kommunen."/><SP WIDTH="16" VPOS="1489" HPOS="814"/>
							<String ID="string_432" HPOS="830" VPOS="1488" WIDTH="43" HEIGHT="28" WC="0.96" CONTENT="Jag"/><SP WIDTH="12" VPOS="1488" HPOS="873"/>
							<String ID="string_433" HPOS="885" VPOS="1491" WIDTH="35" HEIGHT="17" WC="0.93" CONTENT="vet"/><SP WIDTH="10" VPOS="1491" HPOS="920"/>
							<String ID="string_434" HPOS="930" VPOS="1488" WIDTH="46" HEIGHT="20" WC="0.91" CONTENT="icke"/><SP WIDTH="12" VPOS="1488" HPOS="976"/>
							<String ID="string_435" HPOS="988" VPOS="1489" WIDTH="61" HEIGHT="20" WC="0.92" CONTENT="hvar-"/>
						</TextLine>
					</TextBlock>
				</ComposedBlock>
			</PrintSpace>
		</Page>
	</Layout>
</alto>
