1109 1739
226 90 27 21 62
544 93 40 16 Den
597 93 22 16 29
633 92 42 21 Maj.

265 147 59 22 Ifrån
337 147 156 22 bondeståndet
505 149 55 21 hade
571 149 120 21 ankommit
703 151 31 19 ett
745 148 205 28 protokollsutdrag,
962 147 59 22 med-

197 176 92 21 delande
305 179 31 18 att
352 176 160 22 bondeståndet
528 177 30 21 till
575 178 42 21 alla
635 178 59 21 delar
709 177 97 28 godkänt
823 177 198 21 ekonomieutskot-

197 206 44 19 tets
264 205 135 21 betänkande
418 206 7 20 i
441 206 116 28 anledning
581 206 23 21 af
621 206 78 27 nådiga
722 205 162 29 propositionen
910 205 111 28 angående

198 233 137 28 tillverkning
351 235 39 20 och
406 234 128 28 försäljning
549 235 24 20 af
587 235 26 24 öl,
631 237 74 25 porter
721 235 39 20 och
777 234 67 21 andra
853 235 57 25 jästa
922 234 98 28 drycker,

198 261 82 21 hvilket
291 263 203 28 protokollsutdrag,
506 264 70 20 såsom
588 263 48 21 icke
648 263 153 21 föranledande
812 263 31 20 till
854 263 70 27 någon
936 263 84 27 åtgärd,

198 289 59 22 lades
273 291 26 20 ad
315 293 54 18 acta.

266 347 123 28 Föredrogs
411 350 175 20 statsutskottets
601 351 32 19 till
649 352 61 18 detta
725 348 159 22 sammanträde
901 347 118 29 vordiagda

198 375 135 22 betänkande
349 376 6 21 i
371 377 116 28 anledning
502 377 23 21 af
539 377 78 28 nådiga
633 377 162 28 propositionen
816 376 111 27 angående
946 376 74 21 bevill-

197 405 52 27 ning
264 404 33 21 för
311 405 213 27 fängelseväsendets
540 406 117 21 ordnande.

266 432 58 22 Herr
339 433 185 29 Montgomery
540 434 72 21 anhöll
629 441 33 14 om
679 434 62 21 ordet
757 434 40 21 och
812 433 97 28 yttrade:
929 433 42 27 Jag
982 433 39 21 ber

198 464 32 18 att
246 461 54 21 blott
316 462 21 20 få
351 462 57 20 fästa
418 462 115 28 höglofliga
545 462 164 29 ridderskapets
721 462 39 22 och
772 462 74 21 adelns
857 462 163 28 uppmärksam-

197 490 37 20 het
249 489 36 21 vid
301 492 31 19 ett
347 490 122 28 skiljaktigt
485 491 122 27 utlåtande,
624 498 45 14 som
683 492 39 28 jag
737 491 39 21 har
787 490 81 28 bifogat
882 490 138 21 statsutskot-

197 520 43 19 tets
255 518 165 28 ifrågavarande
436 520 144 26 betänkande,
597 520 39 21 och
653 520 31 21 till
700 520 64 21 hvars
783 519 93 21 innehåll
886 519 38 28 jag
935 518 37 21 ber
989 521 32 18 att

197 547 20 21 få
233 547 101 21 referera.
365 547 34 21 Då
414 548 118 21 emellertid
549 548 36 21 det
602 549 23 21 af
639 549 43 27 mig
700 548 146 21 formulerade
869 548 103 26 förslaget
988 548 31 20 till

197 576 127 21 ständernas
347 576 70 21 beslut
433 577 6 21 i
455 578 72 20 ämnet
549 577 69 21 skulle
635 577 72 21 kunna
725 576 58 28 gifva
799 576 117 28 anledning
931 576 31 20 till
978 576 41 20 den

197 604 196 29 missuppfattning,
410 607 31 19 att
454 606 38 27 jag
509 612 27 14 nu
551 606 70 20 skulle
639 606 82 28 påyrka
736 606 70 26 någon
830 604 126 28 förändring
970 604 7 21 i
994 604 26 21 de

196 633 101 27 grunder,
313 640 46 14 som
375 634 110 26 angående
501 634 164 28 verkställighet
682 634 23 21 af
719 633 141 22 frihetsstraff
874 633 103 21 bestämts
989 633 30 21 uti

197 661 152 29 förordningen
365 663 23 20 af
402 662 40 21 den
459 663 27 21 26
502 662 125 22 November
643 663 61 26 1866,
725 662 70 21 skulle
811 662 38 27 jag
864 661 155 21 vördsammast

197 690 83 20 anhålla
296 693 32 18 att
343 691 21 20 få
378 691 57 27 gifva
451 691 40 21 den
508 692 182 27 omformulering,
707 693 32 19 att
755 691 36 21 det
807 691 24 20 af
846 690 44 28 mig
904 690 114 20 förordade

197 718 105 27 anslaget,
318 726 45 13 som
381 720 48 20 med
445 720 77 26 50,000
539 720 61 21 mark
617 720 130 28 öfverstiger
763 719 37 21 det
817 719 23 21 af
854 719 106 20 utskottet
976 718 41 21 för-

197 747 86 26 ordade,
307 747 68 21 skulle
398 748 108 21 användas
529 749 48 21 icke
597 749 54 21 blott
667 749 31 20 till
714 749 27 20 de
757 748 75 20 främst
849 747 107 27 behöfliga
972 747 44 21 fän-

196 775 112 27 gelsernas
330 777 159 27 uppbyggande
511 778 39 20 och
575 777 31 21 till
622 777 41 21 den
680 777 68 21 första
763 776 169 28 uppsättningen
948 775 23 21 af
984 783 34 13 ar-

197 804 176 21 betsverkstäder
396 805 38 21 och
452 805 78 27 skolor,
546 808 51 18 utan
615 806 70 26 äfven,
701 806 24 20 så
740 805 64 20 framt
823 804 143 21 statsverkets
985 811 33 13 or-

197 832 81 21 dinarie
300 833 121 21 inkomster
443 834 69 20 dertill
534 834 49 21 icke
601 834 101 27 försloge,
721 834 33 20 för
774 832 122 22 ordnandet
911 832 23 20 af
948 832 70 20 öfver-

196 861 123 27 uppsigten,
338 862 180 28 undervisningen
538 862 39 22 och
596 862 136 28 själavården
754 862 35 20 vid
807 861 159 27 fängelserna
955 857 14 37 i
988 861 29 20 öf-

197 890 201 21 verensstämmelse
419 890 48 21 med
491 890 25 21 de
539 891 7 20 i
570 891 116 27 kejserliga
709 890 153 27 förordningen
886 889 22 21 af
930 889 40 21 den
991 890 27 20 26

196 918 124 20 November
344 919 53 21 1866
421 919 103 27 stadgade
545 920 100 26 grunder.
676 920 43 20 Min
738 919 86 27 mening
848 925 37 13 var
903 917 115 27 nemligen,

196 946 67 21 ehuru
277 947 38 26 jag
331 947 105 21 erkänner
458 950 31 17 att
508 948 117 27 ordalagen
644 948 48 20 icke
709 954 52 14 voro
777 947 91 27 lyckligt
883 946 71 26 valda,
969 946 48 26 den,

196 977 31 18 att
243 974 40 21 den
303 975 46 20 inre
365 976 171 26 organisationen
557 976 68 21 skulle
644 976 73 21 ställas
733 976 5 20 i
755 975 142 21 konformitet
913 975 47 20 med
977 974 39 21 den

195 1003 154 27 organisation,
365 1011 45 13 som
425 1004 8 21 i
448 1004 70 21 denna
533 1004 126 28 förordning
673 1005 69 27 gifves
759 1003 209 27 fängelseväsendet.

265 1031 58 21 Herr
338 1039 41 14 von
395 1032 129 28 Knorring
544 1033 100 27 uppläste
659 1035 32 19 ett
707 1033 24 20 så
747 1032 92 27 lydande
858 1031 102 28 skriftligt
980 1038 36 13 an-

195 1060 120 27 dragande:

263 1088 36 21 Då
311 1089 39 27 jag
365 1095 28 14 nu
409 1089 39 28 går
463 1092 31 18 att
510 1089 55 21 inför
583 1089 116 28 höglofliga
721 1088 153 28 ridderskapet
896 1088 39 21 och
954 1087 62 22 adeln

195 1119 58 25 yttra
276 1117 44 28 mig
335 1117 6 20 i
357 1117 116 28 anledning
490 1118 24 21 af
530 1118 174 21 statsutskottets
728 1117 138 21 betänkande
882 1117 7 20 i
908 1123 25 14 en
950 1116 67 27 fråga,

194 1145 65 21 hvars
276 1145 83 28 lösning
375 1146 97 21 kommer
486 1149 32 18 att
534 1147 27 26 på
577 1147 36 20 det
626 1146 69 21 finska
706 1146 81 21 folkets
797 1145 117 21 moraliska
922 1145 94 20 tillstånd

195 1173 38 21 och
256 1174 102 27 antingen
381 1173 111 22 förkofran
516 1175 51 20 eller
585 1174 174 28 tillbakagående
776 1174 6 20 i
799 1173 78 28 sedligt
895 1173 123 20 hänseende

195 1202 75 21 utöfva
293 1204 31 19 ett
347 1203 92 27 mäktigt
462 1203 123 28 inflytande,
609 1203 69 21 måste
694 1203 39 27 jag
752 1203 34 20 väl
804 1202 78 21 främst
897 1201 120 26 framhålla,

195 1230 116 21 huruledes
331 1231 38 28 jag
392 1231 48 21 med
461 1239 51 13 sann
530 1231 187 21 tillfredsställelse
736 1231 23 21 af
778 1229 146 22 betänkandet
940 1229 76 26 funnit,

193 1261 34 18 att
242 1259 109 21 utskottet
365 1259 48 21 med
430 1259 137 22 bestämdhet
578 1260 104 21 förklarat
693 1260 33 27 sig
736 1266 52 14 anse
805 1259 36 20 det
858 1265 51 14 vara
921 1265 39 18 ,,en
973 1258 44 21 oaf-

195 1287 61 27 vislig
269 1287 160 28 nödvändighet
445 1290 32 19 att
488 1295 28 14 nu
527 1288 129 21 församlade
667 1288 89 21 ständer
766 1287 33 21 för
810 1287 206 27 fängelsereformen

193 1315 75 21 anvisa
290 1315 77 27 medel,
391 1316 72 21 hvilka
479 1317 47 20 med
542 1317 38 20 full
601 1317 102 20 säkerhet
725 1317 88 19 komma
829 1318 33 18 att
880 1315 66 27 utgå"
962 1317 56 18 samt

193 1343 71 21 denna
280 1344 85 26 reform,
382 1351 44 14 som
443 1346 65 19 redan
525 1345 34 20 vid
571 1345 131 27 landtdagen
716 1344 141 21 1863—1864
870 1343 23 21 af
902 1343 116 20 ständerna

193 1374 84 19 ansetts
300 1373 71 27 nödig,
391 1373 62 26 ,icke
472 1373 72 21 vidare
560 1373 73 20 kunna
648 1373 154 28 uppskjutas,'*
818 1372 49 21 med
883 1371 81 21 hvilket
981 1371 36 20 be-

192 1400 84 21 stämda
299 1401 101 27 yttrande
421 1402 38 27 jag
481 1402 145 27 naturligtvis,
646 1402 27 27 på
688 1401 71 28 grund
775 1401 22 20 af
812 1399 58 22 hvad
887 1399 107 21 utskottet
1010 1399 6 20 i

193 1428 37 21 det
252 1428 95 28 följande
366 1429 73 21 vidare
455 1432 74 25 yttrat,
546 1432 71 18 ansett
633 1433 67 17 annat
716 1430 21 27 ej
754 1429 73 20 kunna
843 1435 81 19 menas,
941 1429 26 19 än
985 1429 31 19 att

191 1457 136 27 fängelserna
344 1458 61 20 skola
421 1461 51 17 utan
489 1459 96 26 uppskof
599 1458 86 27 bringas
702 1459 4 19 i
725 1458 36 20 det
777 1457 69 25 skick,
858 1460 32 16 att
901 1456 45 20 dels
958 1457 59 19 tukt-

191 1485 132 28 husstraffet,
340 1486 38 20 der
394 1486 36 20 det
447 1487 66 27 enligt
529 1486 65 20 redan
614 1487 103 20 utkomna
737 1484 279 28 brottmåls-författningar
