1109 1739
234 111 41 20 366
561 108 40 16 Den
615 109 18 14 11
648 107 47 17 Juni.

207 166 114 22 framställt
342 165 69 22 andra
431 164 47 21 skäl
493 165 33 20 för
542 164 165 27 olämpligheten
725 163 23 21 af
761 166 32 19 att
808 164 80 22 föreslå
904 165 67 27 några
987 173 48 20 spe-

207 196 54 21 ciela
283 195 124 26 lagförslag.
439 193 43 20 För
505 193 65 27 öfrigt
593 193 69 20 skulle
681 193 40 27 jag
745 193 48 20 icke
813 193 75 22 vidare
906 195 26 20 än
949 195 87 20 förorda

207 224 57 21 hvad
287 223 145 28 lagutskottet
454 221 111 27 föreslagit
589 221 38 20 och
648 221 77 20 endast
745 222 111 26 anmärka,
876 225 32 18 att
927 222 37 21 det
980 223 55 20 före-

208 253 98 20 kommer
321 251 104 24 sällsamt,
441 250 27 21 då
483 250 37 20 det
536 250 67 24 heter,
619 251 46 23 ,,att
680 249 29 20 H.
726 249 27 20 K.
771 250 60 27 Maj:t
842 251 6 20 i
860 251 67 20 nåder
937 251 49 20 ville
998 258 37 14 un-

209 281 102 21 derkasta
334 280 75 27 lagens
433 278 142 27 stadganden,
599 277 111 28 angående
733 279 107 26 naturliga
864 279 64 20 barns
948 279 88 21 arfsrätt

208 309 48 21 med
273 308 56 21 hvad
345 307 71 21 dertill
432 307 70 25 hörer,
519 313 26 14 en
561 305 133 22 omfattande
710 307 93 20 revision
819 312 56 16 samt
887 308 95 20 derefter
992 308 44 21 låta

209 337 100 21 utarbeta
325 337 39 20 och
383 335 37 20 vid
437 335 178 20 nästkommande
630 334 103 27 landtdag
749 335 111 28 förelägga
876 336 84 21 landets
977 338 58 19 stän-

209 366 44 25 der,
267 366 68 27 jemte
351 364 66 27 nådig
433 363 139 28 proposition,
588 363 81 27 förslag
685 363 32 20 till
733 363 90 28 ändring
840 365 6 19 i
862 366 94 19 ämnet",
981 364 53 21 För-

209 395 69 26 slaget
300 393 31 21 till
351 392 127 27 förordning
497 392 7 20 i
524 393 72 20 ämnet
611 391 118 21 innefattar
744 392 34 20 väl
794 392 67 21 också
876 393 65 27 nådig
956 400 78 21 propo-

209 423 64 20 sition
288 422 6 20 i
310 423 79 19 ämnet.

279 450 57 20 Herr
352 448 123 28 Pipping,
491 448 120 21 Fredrik:
627 447 43 29 Jag
686 448 69 20 skulle
766 448 7 21 i
783 448 41 21 allo
836 448 132 22 instämma
959 443 13 37 i
979 450 56 21 hvad

210 480 41 20 den
267 478 132 27 föregående
415 477 81 21 talaren
514 479 75 25 yttrat.

279 506 57 21 Herr
359 506 191 27 Montgomery:
574 505 65 21 Hvad
662 504 41 21 den
722 504 23 22 af
759 505 49 21 herr
824 505 119 21 Edelsköld
958 506 77 28 gjorda

209 535 170 26 anmärkningen
398 534 132 20 beträffande
546 534 36 20 det
597 534 28 27 på
641 533 78 28 pagina
734 534 13 20 3
759 534 90 20 anförda
860 534 90 21 motivet
961 536 73 26 angår,

210 566 24 19 är
251 564 38 28 jag
308 562 131 28 fullkomligt
457 569 51 14 ense
528 562 48 20 med
593 562 84 21 honom.
709 561 64 22 Hvad
789 562 104 21 beträffar
908 562 125 22 lokutionen

211 594 29 26 på
261 592 67 21 andra
350 591 69 25 sidan,
439 593 46 23 ,att
505 591 55 21 1734
579 592 34 19 ärs
629 590 126 28 lagstiftare,
773 590 26 21 dä
814 591 49 25 han,
879 591 7 20 i
901 591 68 21 likhet
984 592 50 21 med

210 622 41 20 den
267 620 58 22 äldre
340 619 170 27 lagstiftningen,
526 620 47 20 icke
589 618 122 28 uppställde
726 619 52 20 äkta
794 619 53 21 börd
863 620 71 20 såsom
950 622 31 19 ett
996 622 37 19 vä-

210 650 102 26 sendtligt
327 648 70 20 vilkor
412 648 33 20 för
462 648 86 20 barnets
565 648 94 26 arfsrätt,
675 647 60 27 intog
751 654 26 14 en
793 648 135 26 ståndpunkt
943 648 89 21 framom

210 679 27 20 då
253 678 6 20 i
275 678 36 20 det
325 677 107 21 allmänna
447 676 60 20 lifvet
524 676 93 20 rådande
631 676 102 27 åsigter',
749 676 24 20 så
789 683 38 13 var
843 676 35 20 det
895 677 83 21 kanske
988 677 45 27 lag-

210 707 117 21 utskottets
347 704 89 27 mening
455 706 32 19 att
507 704 100 28 hänsyfta
625 705 28 27 på
669 704 26 20 de
709 704 43 25 fall,
769 704 26 21 då
811 704 107 28 naturliga
934 705 51 21 barn
1002 706 31 20 till

210 735 53 28 följd
287 734 65 25 deraf,
374 735 31 18 att
424 733 132 21 föräldrarne
575 734 36 20 äro
628 732 85 21 fästade
729 733 51 20 eller
796 733 184 27 äktenskapslöfte
996 736 37 25 egt

210 771 53 17 rum,
287 762 113 21 betraktas
419 762 69 20 såsom
508 762 59 24 äkta,
587 761 68 21 ehuru
673 761 38 27 jag
727 761 113 27 erkänner,
857 764 31 18 att
904 762 50 20 herr
970 762 62 21 Edel-

211 792 72 20 skölds
303 790 142 27 anmärkning
463 790 63 20 äfven
546 790 74 20 härvid
637 797 38 13 var
690 790 24 20 så
729 790 32 20 till
776 790 49 20 vida
842 790 128 28 berättigad,
986 797 47 14 som

210 821 26 21 de
260 820 106 26 naturliga
388 818 79 20 barnen
487 818 7 20 i
511 818 62 20 dessa
588 818 36 21 fall
641 818 110 20 betraktas
767 819 71 20 såsom
854 818 58 21 äkta.
943 819 43 21 För
1002 820 30 20 öf-

210 850 42 27 rigt
273 849 31 20 får
326 848 38 27 jag
389 847 76 20 endast
485 847 85 20 biträda
590 846 118 21 utskottets
729 846 135 21 betänkande
880 847 6 20 i
902 847 130 21 hufvudsak.

211 878 43 20 Det
270 879 23 19 är
309 876 128 27 uppenbart,
453 877 32 19 att
501 875 74 28 frågan
593 882 34 14 om
643 875 108 27 naturliga
767 875 63 21 barns
842 875 88 21 arfsrätt
940 876 92 20 ovilkor-

210 907 56 27 ligen
290 906 37 20 bör
346 904 144 20 underkastas
511 904 99 26 revision,
627 904 89 20 emedan
733 904 40 20 den
790 904 98 26 hårdhet,
906 911 45 13 som
967 904 65 21 vidlå-

211 936 38 19 der
273 934 53 21 1734
349 934 35 20 års
407 932 34 27 lag
464 932 134 21 beträffande
617 932 55 25 dem,
691 932 47 20 icke
755 939 58 13 mera
828 932 205 21 öfverensstämmer

210 963 49 21 med
275 960 214 25 rättsmedvetandet,
506 961 81 20 hvilket
603 961 62 20 äfven
683 960 108 21 bekräftas
807 960 63 21 deraf
883 963 31 18 att
931 968 25 13 en
975 961 58 20 med-

210 993 42 20 lem
269 991 22 21 af
305 989 158 22 bondeståndet
478 989 147 20 framkommit
641 989 48 20 med
705 989 96 27 yrkande
817 989 27 26 på
855 989 74 27 lagens
941 989 93 21 revision

211 1021 6 20 i
237 1021 60 20 detta
318 1021 69 20 ämne,
408 1017 67 20 ehuru
496 1024 49 13 man
564 1017 47 20 icke
628 1017 41 20 kan
686 1017 134 27 fullständigt
836 1017 84 21 biträda
937 1017 25 21 de
978 1018 56 27 åsig-

211 1052 40 23 ter,
267 1055 45 14 som
327 1047 6 21 i
351 1046 118 28 petitionen
486 1047 37 19 äro
539 1045 102 21 uttalade.
673 1045 32 21 En
722 1046 92 20 revision
831 1045 23 21 af
868 1046 166 27 stadgandena
1021 1041 18 38 i

213 1078 54 21 1734
282 1077 34 20 års
332 1076 36 27 lag
383 1074 92 21 rörande
493 1075 65 20 oäkta
574 1074 64 21 barns
655 1075 88 20 arfsrätt
759 1075 22 20 är
797 1074 88 21 alldeles
901 1075 133 27 nödvändig;

209 1107 39 27 jag
263 1106 38 21 ber
317 1107 31 18 att
364 1103 21 21 få
401 1103 76 26 erinra,
493 1105 32 18 att
542 1103 41 20 den
599 1103 60 20 äldre
671 1103 161 27 lagstiftningen
845 1103 39 20 och
896 1105 56 18 ännu
963 1103 71 21 lands-

211 1135 40 21 och
268 1133 122 26 stadslagen
407 1134 43 18 mot
465 1131 108 28 naturliga
590 1132 52 20 barn
659 1131 47 21 icke
724 1131 75 28 begick
815 1131 40 21 den
866 1131 111 28 obillighet
988 1138 46 15 som

213 1164 54 21 1734
283 1163 34 20 års
332 1161 42 28 lag.

280 1191 57 20 Herr
361 1189 141 20 Molander:
525 1188 58 21 Herr
602 1188 119 21 Edelsköld
739 1188 40 21 har
797 1189 66 20 redan
880 1188 98 21 anmärkt
994 1189 42 21 den

212 1221 27 27 på
254 1220 79 27 pagina
351 1219 14 20 2
383 1217 176 21 förekommande
577 1217 127 21 lokutionen
725 1224 33 14 om
779 1218 54 20 1734
850 1217 34 21 års
900 1217 136 28 lagstiftning

211 1248 90 22 rörande
320 1247 66 21 oäkta
405 1247 63 20 barns
484 1246 88 20 arfsrätt
588 1248 56 18 samt
660 1245 115 22 framhållit
791 1246 40 21 den
848 1246 124 27 oriktighet,
989 1253 47 14 som

212 1278 38 21 här
264 1277 81 20 företer
361 1275 33 27 sig
409 1275 6 20 i
431 1275 119 20 utskottets
566 1274 143 21 betänkande.

281 1305 56 20 Herr
354 1303 190 20 Wallensköld:
561 1303 44 20 För
621 1303 42 20 min
680 1303 33 20 del
730 1303 40 20 kan
785 1303 38 28 jag
838 1303 48 20 icke
901 1303 7 20 i
924 1303 41 20 alla
976 1303 60 21 delar

211 1334 84 22 biträda
311 1333 36 20 det
363 1339 78 20 genom
457 1331 134 21 hedervärda
609 1331 156 21 bondeståndet
779 1332 79 20 väckta
872 1337 40 15 ocn
923 1331 113 21 derstädes

211 1361 114 30 godkända
336 1360 146 28 lagförslaget,
491 1362 32 18 att
534 1360 66 20 oäkta
611 1359 52 21 barn
676 1360 69 21 skulle
755 1360 80 21 tillåtas
846 1360 88 21 arfsrätt
942 1360 47 21 icke
1001 1367 35 14 en-

213 1392 48 21 dast
276 1391 53 20 efter
346 1389 113 21 mödrarne
475 1388 39 21 och
531 1388 233 27 möderne-fränderna,
776 1390 51 19 utan
838 1389 65 20 också
913 1389 7 20 i
932 1389 56 20 vissa
1000 1388 36 21 fall

213 1420 54 22 efter
277 1419 95 20 fäderne.
389 1417 43 21 För
443 1417 42 20 min
498 1417 33 20 del
544 1423 64 14 anser
614 1417 39 27 jag
662 1417 123 27 visserligen
795 1419 32 18 att
840 1417 64 20 oäkta
914 1417 63 20 barns
986 1418 50 23 rätt,

213 1450 24 20 så
250 1447 44 22 vidt
307 1447 84 27 möjligt
401 1448 30 24 är,
448 1447 38 20 bör
500 1445 132 27 tillgodoses,
648 1452 47 14 men
708 1445 61 21 deras
781 1447 43 19 rätt
835 1445 31 21 till
878 1446 80 27 arftägt
969 1445 68 22 borde

212 1476 128 22 inskränkas
348 1475 31 20 till
389 1475 103 26 rättighet
501 1476 33 18 att
542 1476 51 25 taga
603 1474 34 20 arf
644 1474 55 20 efter
707 1474 120 20 mödrarne.
843 1473 33 21 På
884 1473 80 21 sådana
972 1480 65 21 grun-

213 1506 44 26 der,
273 1504 38 22 och
327 1503 28 21 då
369 1502 144 28 lagutskottet
528 1502 113 27 föreslagit
656 1505 32 19 att
703 1502 41 22 den
759 1502 147 28 underdåniga
917 1502 120 28 petitionen
