1109 1739
238 103 42 20 334
560 103 39 16 Den
613 102 21 17 10
646 102 49 17 Juni.

211 159 48 21 dast
273 161 33 20 att
321 159 36 21 det
373 158 80 28 utslag,
469 165 46 14 som
532 159 35 20 rör
581 159 37 20 det
629 158 172 28 nedaniiggande
812 159 160 29 vattendraget,
986 161 54 21 skall

212 188 63 21 vinna
290 188 49 28 laga
354 187 66 25 kraft,
437 187 40 21 och
493 187 119 21 emellertid
628 187 41 20 kan
687 187 49 25 han,
752 194 77 21 genom
846 191 33 18 att
895 189 51 20 hans
958 189 81 22 virkes-

211 223 77 20 massa,
304 223 45 14 som
366 218 25 19 är
408 218 27 25 på
450 217 47 26 väg,
514 216 131 27 uppehålles,
662 215 43 21 lida
722 216 104 27 ofantliga
842 217 108 21 förluster.

279 245 58 21 Herr
349 245 29 21 af
393 243 142 27 Forselles,
551 244 126 21 Lennart:
693 244 44 27 Jag
753 245 24 20 är
791 244 149 23 förekommen
958 246 23 21 af
990 247 49 20 herr

210 273 105 28 Pipping;
329 274 38 27 jag
384 273 49 20 ville
449 273 109 24 anmärka,
575 275 32 18 att
620 273 131 27 jordegaren
768 273 41 20 kan
826 277 53 24 göra
895 275 143 27 stockegaren

211 302 109 28 betydliga
335 301 87 22 skador.
453 301 42 28 Jag
511 301 40 20 kan
569 303 114 18 omnämna
699 303 32 18 ett
747 302 107 27 exempel,
870 302 38 21 der
922 310 25 14 en
960 311 77 20 person

210 331 5 20 i
235 331 62 20 dessa
321 331 68 27 dagar
412 329 80 22 betalat
515 331 64 24 4,000
601 330 60 20 mark
686 329 54 21 blott
756 330 33 21 för
804 333 32 18 att
852 331 70 27 slippa
938 339 24 14 en
981 332 57 21 tred-

211 359 80 21 skande
304 359 125 28 jordegare,
445 358 89 21 oaktadt
550 358 40 21 han
607 358 49 21 bort
673 358 64 21 hafva
753 360 42 19 rätt
811 361 33 18 att
854 360 28 27 gå
895 361 142 26 ouppehållen

210 387 129 28 derigenom.
372 387 50 20 Men
439 387 40 20 han
495 387 68 26 insåg,
584 389 32 18 att
631 387 83 20 skadan
731 387 68 20 skulle
816 387 67 22 blifva
899 389 23 20 så
938 391 51 24 stor,
1006 391 32 19 att

211 416 40 20 han
267 416 101 28 föredrog
385 417 32 19 att
434 415 70 21 betala
518 416 65 24 4,000
597 415 62 20 mark
675 416 26 19 än
718 417 31 18 att
766 415 64 21 blifva
847 417 135 27 uppehållen,
998 418 39 20 och

207 444 38 28 jag
261 444 49 21 ville
326 444 92 28 påpeka,
434 445 32 19 att
481 443 44 21 ifall
542 443 60 21 detta
619 450 63 14 mom.
699 443 69 21 skulle
783 444 59 27 utgå,
858 445 69 21 skulle
938 445 36 21 det
986 453 51 14 vara

211 472 88 28 onödigt
314 475 32 19 att
362 472 113 22 diskutera
490 472 49 20 hela
554 472 213 28 flottningsstadgan,
783 474 40 20 och
840 473 72 21 kunde
928 474 20 20 vi
964 476 74 26 tryggt

211 502 65 20 vänta
292 502 41 20 fem
347 502 25 20 år
389 500 37 26 till,
443 501 30 20 till
490 502 61 19 nästa
568 500 108 28 landtdag.

277 530 58 21 Herr
357 529 164 26 Ehrnrooth,
545 529 72 20 Carl:
637 528 42 28 Jag
695 531 24 19 är
734 529 48 21 icke
799 530 76 20 sinnad
891 532 33 19 att
939 531 97 27 förlänga

209 558 156 27 diskussionen,
391 565 48 13 men
459 558 96 21 anhåller
571 560 32 18 att
617 557 22 21 få
655 560 50 25 taga
721 565 50 13 vara
787 559 28 25 på
831 560 67 26 några
913 559 122 27 yttranden,

209 594 44 14 som
270 589 36 19 äro
323 587 65 21 fällda
405 587 22 20 af
441 586 26 21 de
479 588 87 19 senaste
577 586 102 26 talarene,
691 587 102 21 särskildt
804 589 32 19 att
848 588 75 20 värdet
934 588 22 20 af
966 588 70 21 denna

209 615 126 28 författning
357 616 65 27 ginge
445 615 111 26 förloradt,
580 622 34 13 om
638 615 47 20 icke
705 615 26 21 de
749 616 77 27 utslag,
847 623 45 14 som
912 616 34 21 vid
962 617 74 27 dylika

209 644 71 28 frågor
295 644 117 26 meddelas,
429 644 68 20 skulle
510 644 22 20 få
548 643 136 27 verkställas,
700 644 64 21 innan
781 644 26 21 de
818 645 77 20 vunnit
908 645 49 27 laga
968 645 67 27 kraft;

208 673 37 21 allt
261 675 31 19 ett
308 673 127 27 ytterligare
452 672 60 21 bevis
529 672 56 21 hvad
602 672 48 20 med
667 672 60 20 detta
742 672 221 29 författningsförslag
978 674 56 28 åsyf-

208 704 39 24 tas,
271 702 107 28 nemligen
402 704 31 18 att
457 708 33 14 om
511 701 83 27 möjligt
617 701 57 20 inom
694 700 42 21 fem
753 702 24 20 år
791 701 73 28 hugga
880 704 23 18 ut
919 702 37 21 allt
978 702 56 21 hvad

209 730 18 20 vi
253 730 67 21 hafva.
351 731 47 20 Mot
414 730 55 21 hvad
490 731 48 19 herr
554 729 95 28 Pipping
665 731 68 25 yttrat
749 730 36 20 vill
798 731 40 27 jag
854 730 54 21 blott
924 731 110 25 anmärka,

207 760 32 19 att
262 759 35 21 det
321 760 23 20 är
364 761 33 19 att
414 759 27 27 gå
458 760 74 19 nästan
555 758 32 20 för
608 759 59 26 långt
683 758 5 20 i
705 758 102 27 naivetet,
823 759 28 21 då
867 766 48 14 man
932 760 102 27 beklagar

207 789 32 19 att
261 787 48 26 den,
331 794 46 14 som
401 788 24 20 är
447 787 41 21 den
512 787 142 27 uppoffrande
678 789 83 25 parten,
780 788 64 20 hvars
860 788 172 21 välförvärfvade

207 816 105 27 egendom
329 818 62 26 tages
407 816 52 20 ifrån
477 816 77 20 honom
571 816 131 20 åtminstone
719 816 30 20 till
766 816 218 26 dispositionsrätten,
1000 819 32 19 att

209 844 91 28 beklaga
315 845 32 27 sig
364 844 68 26 öfver,
447 846 32 19 att
495 844 41 21 han
548 844 47 21 icke
607 844 73 21 ställer
691 844 108 27 säkerhet,
811 844 27 22 då
850 845 41 21 han
902 845 35 21 vill
949 846 83 27 skydda

207 873 32 21 sin
255 875 54 25 rätt;
325 874 36 20 det
377 875 24 19 är
417 875 32 19 att
464 873 27 27 gå
508 874 65 26 något
589 874 32 20 för
638 874 65 26 långt.

276 902 100 21 Friherre
393 902 111 20 Linder:
521 902 43 20 Det
580 904 23 18 är
619 901 56 21 blott
691 902 47 20 med
756 902 115 28 anledning
884 902 23 21 af
916 902 56 21 hvad
984 903 48 20 herr

207 930 96 28 Pipping
321 932 78 23 anfört,
418 933 32 18 att
465 930 37 21 det
519 937 51 14 vore
587 930 88 27 onödigt
691 932 32 18 att
739 930 35 21 vid
790 930 41 21 alla
849 931 89 21 bäckars
954 931 78 21 under-

207 959 92 28 sökning
322 959 212 26 fiskeriinspektören
559 959 69 20 skulle
652 965 52 14 vara
727 959 140 26 närvarande,
884 966 44 14 som
942 960 38 27 jag
996 959 35 21 vill

207 988 81 26 anföra,
311 990 31 18 att
363 988 39 27 jag
420 987 47 21 icke
484 987 64 28 yrkat
565 987 72 27 derpä,
655 989 51 19 utan
723 989 32 18 att
767 988 38 27 jag
821 988 75 27 ansåg,
913 990 31 18 att
960 988 5 20 i
982 988 49 21 stäl-

207 1016 29 20 let
259 1017 32 20 för
312 1017 65 20 orden
395 1033 4 8 ,
403 1016 142 27 betydligare
562 1016 68 21 fiske"
647 1016 69 20 skulle
732 1017 33 20 stä
781 1032 4 9 ,
789 1017 77 24 större
882 1016 149 28 vattendrag',

206 1045 38 20 och
268 1045 54 20 hvad
346 1045 70 27 tredje
439 1051 63 14 mom.
526 1044 110 26 beträffar,
661 1051 64 14 anser
745 1045 38 27 jag
798 1045 134 21 fortfarande
948 1048 30 18 att
995 1045 37 21 det

206 1073 139 28 ovilkorligen
363 1074 38 21 bör
417 1074 113 25 uteslutas,
547 1073 90 21 emedan
654 1073 37 20 det
707 1073 69 21 blefve
792 1080 25 14 en
835 1073 163 28 undantagslag.

275 1101 34 22 Dä
324 1103 64 27 ingen
412 1102 73 21 vidare
504 1102 71 21 anhöll
596 1109 33 14 om
647 1102 68 25 ordet,
730 1102 136 21 förklarades
882 1102 148 21 diskussionen

205 1131 92 20 afslutad
313 1131 38 21 och
369 1131 109 28 upplästes
495 1138 26 13 en
538 1131 23 20 sä
576 1131 93 28 lydande
686 1131 145 28 proposition:

275 1161 111 26 »Antager
397 1160 151 27 ridderskapet
559 1160 40 21 och
611 1159 61 22 adeln
685 1160 13 21 4
708 1160 11 26 8
731 1159 23 21 af
762 1159 120 22 utskottets
894 1160 137 21 betänkande

205 1188 156 22 oförändrad"?

273 1234 4 9 »
281 1217 89 25 Vinner
386 1217 41 27 nej,
443 1217 107 21 uteslutes
566 1217 70 28 tredje
653 1224 63 14 mom.
733 1223 25 14 ur
774 1217 152 28 paragrafen."

273 1246 47 21 Den
337 1247 60 20 öfver
411 1246 70 21 denna
498 1245 133 28 proposition
650 1245 103 21 anställda
770 1247 128 26 voteringen
910 1246 60 21 utföll
982 1246 48 21 med

204 1275 12 20 9
230 1275 24 27 ja
269 1275 39 21 och
327 1276 24 20 14
369 1275 42 27 nej,
426 1275 102 20 hvarföre
544 1274 71 28 tredje
631 1281 64 14 mom.
712 1275 82 20 således
812 1275 45 20 blef
866 1281 24 14 ur
902 1275 127 27 paragrafen

204 1303 114 22 utesluten.

272 1332 49 21 Som
345 1332 59 21 tiden
420 1332 141 25 framskridit,
579 1332 100 27 upplöste
696 1332 49 20 herr
761 1332 195 21 landtmarskalken
974 1339 55 13 sam-

204 1361 121 21 manträdet
348 1361 48 21 med
419 1361 105 20 anmodan
542 1360 31 21 till
590 1360 88 21 ståndet
694 1363 31 18 att
742 1361 27 20 kl.
786 1361 12 20 6
815 1361 36 20 eft.
868 1368 26 13 m.
911 1361 47 20 åter
974 1368 54 13 sam-

203 1390 37 25 las,
264 1390 108 21 hvarefter
395 1389 162 28 ridderskapets
578 1389 39 20 och
637 1389 74 20 adelns
728 1389 138 21 medlemmar
883 1389 101 21 åtskildes
1001 1389 27 20 kl.

203 1420 12 19 3
231 1419 36 20 eft.
284 1426 26 13 m.
