1109 1739
232 93 27 21 26
556 95 39 16 Den
609 95 20 16 27
643 95 43 20 Maj.

203 149 48 22 icke
266 149 68 22 första
349 151 90 26 gången.
470 151 40 20 Att
526 151 113 21 bränvinet
655 158 27 13 nu
699 151 32 20 för
747 151 57 21 tiden
821 153 24 18 är
860 151 72 21 alltför
948 150 75 28 billigt,

204 179 37 20 det
264 179 23 20 är
305 179 6 20 i
330 179 77 27 nådiga
425 179 160 28 propositionen
605 179 101 28 angifvet.
738 180 43 21 För
800 180 42 20 min
862 179 32 21 del
915 179 53 21 hade
985 179 39 27 jag

203 207 79 21 önskat
305 209 32 19 att
358 207 236 28 tillverkningsskatten
615 208 54 21 hade
689 209 69 20 blifvit
773 208 60 28 höjd;
851 208 69 21 dertill
937 208 38 21 har
991 210 32 18 ut-

203 236 82 21 skottet
300 236 47 21 Icke
364 236 81 21 bifallit.
476 236 74 21 Skulle
565 237 64 28 ingen
648 237 199 28 försäljningsskatt
863 239 74 23 sättas,
954 237 68 20 skulle

203 264 38 21 allt
264 264 65 22 blifva
352 265 34 20 vid
407 265 36 20 det
457 265 79 27 gamla;
556 272 33 14 om
610 265 175 28 utminuterings-
801 266 40 21 och
857 265 165 27 utskänknings-

203 293 75 20 ställen
295 293 21 21 få
330 294 97 25 inrättas,
443 294 24 20 så
483 294 68 21 skulle
567 294 73 27 dylika
656 294 165 28 näringsgrenar
833 294 40 21 och
885 294 138 27 näringsfång

202 321 15 23 i
221 321 133 27 jemnbredd
377 321 88 28 kanske,
485 329 33 14 om
532 323 39 28 jag
591 323 20 27 ei
631 323 113 28 misstager
760 323 49 28 mig,
827 323 47 20 med
890 322 75 28 sielfva
981 321 40 21 till-

203 349 132 28 verkningen
351 352 23 19 af
388 353 64 18 varan
476 351 72 21 kunna
563 351 86 28 uppstå:
680 351 33 21 De
728 351 179 28 som-sletligen:
972 351 52 25 Hva,

201 381 33 18 att
249 379 60 21 skatt
324 379 34 21 må
373 379 73 28 läggas
463 380 27 27 på
509 380 70 21 denna
598 380 97 26 industri,
712 381 69 26 påstå,
794 381 80 27 jagade
890 379 34 22 till
942 379 40 21 sist
997 385 25 14 ur

202 408 45 20 sina
262 407 182 28 förskansningar,
461 410 32 19 att
508 415 34 14 om
559 415 26 14 en
601 408 34 21 del
651 409 22 20 af
687 408 86 21 skatten
789 409 69 20 skulle
870 408 82 21 tillfalla
963 408 59 20 kom-

201 442 87 19 munen,
303 436 60 20 detta
379 436 68 21 skulle
462 436 112 21 framkalla
589 443 25 14 en
631 436 112 28 syndaflod
759 437 23 20 af
797 437 89 21 bränvin
902 436 60 20 öfver
978 436 43 20 lan-

201 464 42 20 det.
275 464 64 20 Först
355 464 39 21 och
409 465 76 21 främst
500 465 85 21 bevisar
600 465 60 21 detta
676 472 27 14 en
720 465 139 28 ringaktning
874 465 22 21 af
905 464 37 21 det
953 464 68 21 finska

201 492 74 27 folket,
298 500 45 14 som
364 493 38 28 jag
421 493 48 21 icke
489 494 40 20 kan
548 494 59 27 gilla;
625 494 37 27 jag
682 494 38 20 har
736 494 45 20 haft
797 500 43 21 nog
856 496 32 18 att
903 494 52 26 göra
972 492 47 21 med

201 521 60 21 detta
283 521 69 21 finska
371 522 44 20 folk
435 522 39 21 och
493 522 38 28 jag
550 522 38 20 har
605 522 54 20 varit
675 522 80 28 otaliga
769 523 83 27 gånger
867 522 5 21 i
889 521 82 21 tillfälle
987 522 33 19 att

200 550 44 20 tala
260 557 34 13 orm
311 550 112 21 bränvinet
439 550 39 22 och
491 557 33 14 om
536 550 67 22 andra
613 551 79 21 sådana
703 551 64 21 saker
778 551 47 21 med
837 550 184 28 församlingarne,

197 579 40 27 jag
259 581 45 19 tror
325 578 26 22 de
369 579 48 21 icke
437 580 36 20 äro
490 580 22 20 så
528 579 72 27 fasligt
616 579 71 27 lystna
703 580 55 20 efter
773 580 126 24 inkomster,
915 579 25 21 de
957 578 63 21 kasta

199 608 34 27 sig
254 605 48 23 icke
327 608 27 27 på
373 607 80 21 sådana
471 608 70 26 saker,
561 608 66 27 derpå
643 610 23 18 är
679 608 39 28 jag
734 608 100 28 temligen
852 608 72 26 säker;
940 608 26 20 de
983 607 37 20 be-

199 638 52 25 gära
264 635 57 22 -icke
343 642 46 15 mer
411 638 26 19 än
461 636 26 21 de
506 636 70 26 hafva,
597 636 87 22 dermed
703 639 38 19 äro
761 636 26 21 de
807 636 71 28 nöjda.
908 636 44 21 Det
969 642 51 14 vore

199 664 94 28 önskligt
310 667 31 18 att
357 664 26 21 de
397 664 68 22 skulle
481 665 79 27 begära
572 666 68 20 större
652 665 125 27 inkomster,
789 667 31 19 att
831 665 27 21 de
870 664 67 22 skulle
949 664 71 20 känna

199 695 31 19 ett
254 693 67 21 behof
341 693 22 21 af
380 694 68 20 större
468 694 126 26 inkomster,
610 694 32 20 för
658 696 33 18 att
707 693 98 21 använda
820 694 48 20 dem
885 694 30 20 till
931 692 89 22 allmänt

199 722 84 27 nyttiga
303 722 110 27 ändamål;
433 722 37 20 det
485 729 51 14 vore
552 722 121 21 ändamålet
687 722 48 21 med
752 722 40 21 den
809 722 66 26 skatt,
892 728 44 14 som
953 721 67 27 enligt

199 750 118 21 utskottets
333 750 80 28 förslag
428 750 69 21 skulle
513 750 83 22 tillfalla
611 751 136 20 kommunen.
772 750 10 21 I
798 750 68 21 första
881 752 91 19 rummet
984 750 36 20 be-

198 778 76 21 höfver
290 778 128 22 kommunen
435 779 68 21 medel
519 779 31 21 till
567 782 31 18 att
617 780 118 20 öfvervaka
750 779 153 27 försäljningen
921 778 23 21 af
957 778 61 20 brän-

197 807 42 21 vin.
263 807 50 21 Man
329 807 54 21 skall
399 809 50 26 säga
466 808 82 20 kanske
564 810 32 18 att
611 808 40 20 den
668 808 47 20 icke
731 809 39 26 gör
785 808 30 24 så,
832 810 32 18 att
879 807 39 21 den
931 810 89 24 stoppar

197 836 148 27 penningarne
365 836 5 20 i
390 836 70 21 fickan
483 836 38 20 och
546 836 59 21 delar
629 839 23 18 ut
675 836 48 21 dem
747 836 142 26 sinsemellan,
906 842 47 14 men
970 842 48 14 man

196 864 112 27 glömmer,
324 866 31 19 att
372 871 33 14 om
422 864 35 21 det
473 865 86 27 engång
574 866 23 19 är
613 864 108 21 bestämdt
737 865 32 20 för
784 864 88 21 allmänt
888 864 83 28 nyttiga
982 866 36 18 än-

197 892 69 21 damål
287 900 45 14 som
352 892 85 22 skatten
454 893 53 21 skall
524 893 116 27 användas,
657 895 31 19 att
704 893 36 21 det
756 893 68 21 finnes
841 900 26 14 en
884 892 134 22 administra-

196 920 52 26 tion,
265 928 45 14 som
327 922 38 20 har
382 922 55 20 kraft
453 922 39 20 och
508 922 41 27 god
567 922 49 27 vilja
632 924 32 18 att
679 928 24 14 se
719 922 30 20 till
767 924 32 18 att
815 922 23 20 så
854 921 60 27 sker;
930 920 40 22 och
985 922 33 19 för

196 949 37 20 det
248 949 66 21 andra
330 952 24 18 är
369 950 36 20 det
421 952 32 19 ett
470 951 52 20 visst
538 950 97 21 ändamål
652 950 48 21 med
717 950 70 21 denna
803 950 65 26 skatt,
884 949 48 21 med
948 949 70 20 denna

195 977 95 21 inkomst
306 978 21 21 åt
339 979 136 26 kommunen,
485 979 106 27 nemligen
613 978 31 21 till
659 979 78 20 folkets
749 978 138 28 upplysning,
900 985 44 14 som
956 977 63 21 dessa

195 1007 121 26 penningar
333 1007 51 20 böra
399 1007 116 26 användas,
530 1007 32 20 till
573 1007 133 20 inrättandet
717 1007 23 20 af
749 1007 52 20 flera
813 1006 124 21 folkskolor.
964 1006 54 21 Der-

195 1034 48 21 med
267 1035 42 20 kan
333 1042 48 14 man
405 1035 99 28 möjligen
529 1035 86 21 komma
633 1035 60 21 detta
714 1035 97 21 ändamål
829 1037 103 22 närmare,
950 1035 68 20 ehuru

194 1063 59 20 svårt
277 1063 36 21 det
336 1063 65 22 också
423 1065 30 20 är.
482 1063 33 22 En
539 1064 142 27 anmärkning
698 1064 37 21 har
752 1064 66 21 också
835 1063 69 21 blifvit
919 1063 62 28 gjord
997 1063 23 20 af

194 1098 26 14 en
244 1092 23 20 af
287 1092 28 21 de
333 1092 64 21 ärade
415 1095 170 22 reservanterne,
605 1093 38 20 och
660 1094 64 26 göres
740 1092 83 21 kanske
839 1092 23 20 af
875 1092 52 20 flere
943 1091 73 26 andra,

194 1122 32 18 att
245 1121 36 20 det
300 1121 121 27 föreslagna
441 1122 72 25 sättet,
534 1121 106 27 nemligen
656 1127 77 21 genom
751 1119 230 22 bortauktionerandet
996 1120 24 20 af

194 1148 138 28 rättigheten,
355 1149 69 21 skulle
444 1156 51 14 vara
515 1151 25 25 på
555 1150 66 27 något
637 1151 42 19 sätt
695 1149 156 28 motbjudande
867 1148 52 21 eller
934 1147 83 22 mindre

193 1177 104 27 lämpligt.
328 1177 43 21 För
395 1177 41 22 min
455 1177 34 21 del
507 1178 79 21 förstår
603 1178 38 27 jag
659 1178 48 21 icke
723 1177 60 22 hvari
799 1177 120 20 skillnaden
936 1176 80 27 består,

193 1212 33 13 om
243 1206 99 21 anmälan
359 1205 49 22 sker
426 1206 39 21 hos
485 1206 238 27 kommunalstyrelsen,
743 1206 38 21 och
798 1205 41 21 den
856 1205 68 27 väljer
940 1206 77 27 någon,

193 1233 52 21 eller
264 1241 34 14 om
317 1234 36 21 det
373 1234 50 21 sker
443 1235 85 27 publikt
543 1235 35 20 vid
595 1234 94 21 auktion.
720 1235 43 27 Jag
779 1236 46 19 tror
841 1236 32 18 att
888 1234 36 20 det
940 1241 77 14 senare

192 1262 131 21 åtminstone
346 1263 81 21 afleder
446 1263 36 20 det
505 1263 149 26 misstroende,
678 1269 45 14 som
743 1263 106 27 allmogen
870 1261 59 22 alltid
946 1263 71 26 hyser,

191 1297 46 14 mer
260 1291 52 20 eller
335 1291 88 27 mindre,
443 1291 31 21 till
494 1291 47 21 sina
561 1293 129 25 styresmän,
707 1291 39 21 och
763 1292 24 20 så
803 1291 89 27 mycket
908 1297 65 19 mera,
991 1290 27 21 då

191 1319 113 28 ingenting
327 1320 56 26 sker,
406 1320 47 21 icke
474 1321 23 20 så
516 1322 32 19 att
563 1320 42 21 alla
621 1321 72 20 kunna
708 1327 23 14 se
748 1319 55 21 hvad
820 1327 45 13 som
882 1320 69 25 göres.
983 1318 34 21 De

191 1347 61 21 skola
269 1347 98 28 beskylla
383 1348 46 21 sina
445 1350 121 26 styresmän
583 1348 39 21 och
639 1349 96 20 närmast
750 1349 32 20 sin
799 1347 217 28 kommunalstyrelse

190 1375 33 20 för
238 1377 107 20 orättvisa
361 1377 52 20 eller
429 1377 128 27 partiskhet.
587 1377 68 20 Detta
671 1377 68 20 skulle
753 1377 39 28 jag
807 1379 35 18 tro
859 1383 51 14 vara
925 1375 92 28 ungefär

190 1404 119 22 utskottets
326 1405 90 21 ledande
432 1405 84 26 tankar,
532 1405 52 20 eller
599 1405 26 20 de
642 1405 148 27 grundsatser,
814 1405 58 27 uppå
896 1404 72 21 hvilka
984 1406 34 19 ut-

189 1432 84 21 skottet
296 1433 67 28 byggt
381 1433 38 21 sitt
438 1433 79 28 förslag
536 1433 39 22 och
595 1433 73 21 hvilka
686 1435 83 20 ansetts
785 1434 26 20 så
825 1433 99 27 skadliga
937 1433 40 20 och
992 1434 25 19 så

189 1461 140 28 obegripliga.
353 1461 42 28 Jag
411 1462 126 27 hänskjuter
552 1462 74 27 frågan
643 1469 28 13 nu
687 1462 32 20 till
735 1462 58 20 mina
803 1461 65 21 ärade
879 1460 137 22 ståndsmed-

188 1488 103 22 lemmars
306 1489 124 29 afgörande,
442 1490 39 22 och
492 1490 40 21 har
542 1490 33 21 för
586 1496 54 22 egen
651 1490 34 21 del
693 1490 47 28 just
749 1490 114 28 ingenting
873 1491 32 19 att
917 1488 98 29 tillägga.
