1109 1739
251 97 42 21 266
572 95 39 16 Den
625 96 10 16 5
647 95 49 18 Juni,

224 153 37 21 het
276 153 40 21 och
331 159 26 14 en
373 150 86 30 ganska
474 150 130 28 väsendtlig;
620 151 49 21 icke
681 153 46 19 tror
735 151 46 27 jag,
791 152 34 19 att
839 150 37 22 det
887 151 127 22 ankommer
1024 151 28 28 på

223 181 136 22 direktionen
382 182 36 19 att
440 181 50 25 taga
512 179 93 21 initiativ
628 179 32 21 till
679 179 92 28 ändring
785 179 7 21 i
808 179 133 22 densamma.
972 180 80 21 Derför

223 211 90 21 föreslår
325 211 38 27 jag
378 210 36 19 att
429 207 60 21 ordet
505 223 12 10 ,,
519 207 156 22 ekonomiska"
691 207 100 28 tillägges
807 208 90 21 framför
912 208 62 22 ordet
984 215 67 22 ange-

224 239 135 28 lägenheter;
375 237 40 20 det
430 236 61 21 torde
508 243 51 14 vara
574 236 122 27 meningen.

292 266 83 23 Jemväl
393 265 62 21 detta
476 264 81 28 förslag
579 264 46 21 blef
645 266 52 19 utan
717 264 128 28 gensägelse
860 264 25 22 af
898 265 153 28 ridderskapet

224 296 40 22 och
279 296 63 21 adeln
358 292 120 30 godkändt.

291 323 121 27 Angående
428 321 11 27 8
455 321 27 20 69
497 321 55 20 utlät
568 320 33 28 sig

292 352 100 21 Friherre
417 355 48 15 von
489 349 77 21 Born:
590 348 43 21 Vid
658 348 71 21 denna
747 349 103 27 paragraf
864 349 40 21 har
916 349 40 28 jag
970 356 28 15 en
1013 356 37 15 an-

223 381 114 26 märkning
351 381 34 20 att
401 379 59 26 göra.
490 377 11 21 I
517 377 102 28 kapitlets
642 377 125 21 öfverskrift
787 379 63 26 säges
866 380 32 19 att
914 385 26 14 en
956 378 94 21 revision

223 410 24 21 af
267 406 262 24 riddarhusdirektionens
544 405 97 27 göromål
661 405 55 21 skall
732 413 41 19 ega
788 413 55 19 rum,
858 413 50 14 men
924 406 54 21 huru
994 406 55 21 revi-

223 438 76 21 sionen
314 436 54 22 skall
385 434 61 27 tillgå
461 436 24 18 är
499 434 49 20 icke
563 434 7 20 i
587 433 91 27 kapitlet
699 433 69 28 sagdt.
798 433 43 29 Jag
857 434 39 20 har
912 434 85 21 derföre
1012 441 38 14 an-

225 468 44 19 sett
291 465 36 21 det
350 470 54 15 vara
424 462 46 21 skäl
485 464 33 18 att
533 462 7 20 i
563 462 4 27 8
584 462 27 20 69
627 462 90 20 hänvisa
733 462 31 20 till
779 462 37 21 det
831 462 120 28 stadgande
966 462 7 21 i
989 462 61 22 detta

224 494 64 28 syfte,
304 500 45 14 som
365 492 70 21 finnes
450 490 6 21 i
473 491 12 26 $
500 491 28 20 40
544 490 23 21 af
581 490 243 27 riddarbusordningen,
840 493 52 18 utan
901 492 32 19 att
944 490 56 21 dock
1010 491 40 21 här

224 524 75 26 intaga
313 522 50 20 dess
379 519 119 22 föreskrift.
515 518 44 28 Jag
574 518 97 21 önskade
687 518 84 21 således
780 520 32 20 att
823 518 80 22 orden:
914 518 20 26 ,,i
946 518 103 22 afseende

225 552 13 20 å
253 550 160 29 granskningen
429 547 22 21 af
465 546 266 22 riddarhusdirektionens
745 547 103 27 åtgärder
862 547 69 27 gäller
946 546 57 22 hvad
1018 547 7 21 i
1036 548 12 27 8

223 580 28 21 40
267 579 23 21 af
303 575 233 28 riddarhusordningen
552 575 109 27 stadgas'',
678 575 69 21 skulle
762 575 100 28 tilläggas
878 576 6 20 i
900 575 73 21 slutet.

291 607 33 21 På
339 606 50 21 herr
404 604 209 21 landtmarskalkens
629 604 68 26 fråga,
720 603 105 21 huruvida
844 604 87 21 ståndet
946 604 50 20 ville
1010 610 38 14 an-

223 639 51 26 taga
289 636 36 20 det
342 634 24 22 af
380 634 42 20 den
438 635 86 18 senaste
544 632 84 21 talaren
644 632 115 21 förordade
774 632 106 28 tillägget,
898 632 90 21 svarade
1004 632 44 21 rid-

223 665 117 27 derskapet
355 662 42 22 och
413 660 62 22 adeln
488 660 104 28 jakande,
608 660 101 21 hvarföre
725 660 26 22 de
767 660 123 28 föreslagna
900 660 67 22 orden
978 660 70 22 skulle

223 694 80 21 införas
319 692 6 20 i
339 690 136 29 paragrafen.

292 721 11 27 8
320 721 26 20 70
361 717 127 29 godkändes
504 719 51 19 utan
572 717 91 27 ändring
679 717 40 21 och
735 718 12 26 $
764 718 24 20 71
806 717 50 21 med
873 717 89 27 ändring
977 717 25 21 af
1014 719 33 19 ut-

223 750 85 28 trycket
324 748 49 26 ,,vid
389 746 116 27 landtdag*
521 746 31 20 till
569 746 53 24 ,,hos
639 745 150 28 ridderskapet
804 746 40 20 och
856 746 63 21 adeln
930 746 36 20 vid
977 746 70 20 landt-

223 779 116 27 dagarne'',
355 776 68 27 enligt
438 774 98 28 yrkande
552 774 23 21 af
581 774 50 21 herr
640 774 128 27 Schauman,
781 774 109 28 August,
885 769 11 41 i
902 774 84 28 analogi
997 773 49 22 med

225 806 57 22 hvad
296 805 93 22 rörande
405 804 11 27 8
432 804 27 20 65
475 802 71 22 blifvit
561 802 23 21 af
598 802 153 28 ridderskapet
767 802 39 22 och
821 802 64 22 adeln
901 802 102 22 beslutet.

291 861 122 27 Föredrogs
429 859 40 22 och
484 860 116 21 bordlades
617 859 31 21 till
664 859 131 27 måndagens
809 859 159 21 sammanträde
978 858 68 22 bank-

223 892 117 21 utskottets
357 888 137 23 betänkande
510 888 6 21 i
532 888 117 27 anledning
665 888 24 20 af
702 888 206 28 bankfullmäktiges
923 888 81 28 förslag
1014 887 32 21 till

222 919 135 29 uppförande
373 918 23 20 af
409 920 32 18 ett
456 918 49 26 nytt
521 916 108 21 bankhus.

291 945 174 24 Sammanträdet
481 945 112 28 upplöstes
609 944 94 21 klockan
719 945 12 20 2
747 944 40 21 och
803 945 27 20 50
846 944 100 21 minuter.

845 985 21 16 In
879 985 63 16 fidem:

746 1013 73 21 Vietor
834 1013 27 21 de
875 1013 21 20 la
911 1013 105 28 Chapelle.

374 1127 156 34 Thorsdagen
548 1121 47 33 den
613 1126 14 27 6
645 1125 59 29 Juni
721 1127 34 27 kl.
773 1126 28 27 11
817 1126 18 27 f.
852 1133 34 20 m.

289 1176 118 28 Upplästes
430 1174 31 21 till
474 1173 110 28 justering
599 1173 40 20 och
656 1172 127 28 godkändes
798 1172 200 29 protokollsutdrag
1012 1173 32 21 öf-

221 1213 38 14 ver
274 1205 27 22 de
317 1205 35 20 vid
368 1202 170 23 sammanträdet
554 1202 42 21 den
613 1202 13 20 5
641 1201 53 22 Juni
709 1201 83 21 fattade
808 1202 78 21 beslut.

289 1233 58 22 Från
362 1231 162 29 presteståndet
539 1230 56 21 hade
609 1230 114 21 inkommit
739 1231 13 20 2
768 1229 198 29 protokollsutdrag
981 1231 23 21 af
1012 1230 32 22 in-

221 1262 81 23 nehäll:

288 1292 33 20 att
337 1288 86 23 ständet
437 1287 56 22 hade
510 1287 83 28 antagit
609 1293 26 15 en
647 1287 128 28 inbjudning
785 1287 46 21 frän
842 1287 159 22 bondeständet
1011 1289 33 20 att

219 1320 76 21 förena
317 1319 33 27 sig
373 1324 34 15 om
429 1317 51 21 dess
504 1316 71 21 beslut
598 1315 93 22 rörande
713 1315 120 28 petitionen
856 1322 34 15 om
916 1315 128 22 förändrade

219 1347 96 29 grunder
328 1347 35 21 för
377 1344 337 29 räntepersedleomsättningen;
730 1346 57 19 samt

288 1377 32 20 att
349 1374 92 27 ståndet,
470 1373 58 22 efter
556 1372 128 22 hemställan
714 1373 47 20 från
786 1373 109 21 allmänna
919 1372 125 23 besvärsut-

221 1405 91 26 skottet,
327 1403 94 22 beslutat
436 1404 40 25 att,
493 1401 49 22 med
558 1401 133 28 frängäende
707 1401 24 21 af
744 1401 38 21 sitt
796 1401 58 22 förut
864 1401 7 22 i
882 1401 66 22 saken
960 1401 83 22 fattade

218 1433 78 26 beslut,
311 1433 98 21 förkasta
419 1430 99 23 bemälda
528 1430 98 21 utskotts
637 1429 82 28 afgifna
731 1430 136 21 betänkande
878 1431 92 21 rörande
985 1430 57 22 före-

219 1463 73 27 slagen
315 1460 91 29 petition
428 1466 35 15 om
491 1458 136 26 inrättande,
650 1458 114 28 utvidning
788 1458 40 22 och
850 1458 149 22 bibehållande
1019 1459 26 21 af

218 1491 58 23 vissa
297 1488 152 23 läroanstalter
470 1488 14 21 &
507 1486 108 24 särskilda
637 1488 60 20 orter
719 1486 7 22 i
748 1486 80 29 landet,
851 1487 32 21 till
897 1487 54 29 följd
966 1487 78 23 hvaraf
