<?xml version="1.0" encoding="UTF-8"?>
<alto xmlns="http://www.loc.gov/standards/alto/ns-v3#" xmlns:xlink="http://www.w3.org/1999/xlink" xmlns:xsi="http://www.w3.org/2001/XMLSchema-instance" xsi:schemaLocation="http://www.loc.gov/standards/alto/ns-v3# http://www.loc.gov/alto/v3/alto-3-0.xsd">
	<Description>
		<MeasurementUnit>pixel</MeasurementUnit>
		<sourceImageInformation>
			<fileName>/tmp/tess_nlxge5og_input.PNG</fileName>
		</sourceImageInformation>
		<OCRProcessing ID="OCR_0">
			<ocrProcessingStep>
				<processingSoftware>
					<softwareName>tesseract 5.3.4</softwareName>
				</processingSoftware>
			</ocrProcessingStep>
		</OCRProcessing>
	</Description>
	<Layout>
		<Page WIDTH="1109" HEIGHT="1739" PHYSICAL_IMG_NR="0" ID="page_0">
			<PrintSpace HPOS="0" VPOS="0" WIDTH="1109" HEIGHT="1739">
				<ComposedBlock ID="cblock_0" HPOS="417" VPOS="68" WIDTH="453" HEIGHT="21">
					<TextBlock ID="block_0" HPOS="417" VPOS="68" WIDTH="453" HEIGHT="21">
						<TextLine ID="line_0" HPOS="417" VPOS="68" WIDTH="453" HEIGHT="21">
							<String ID="string_0" HPOS="417" VPOS="69" WIDTH="40" HEIGHT="16" WC="0.96" CONTENT="Den"/><SP WIDTH="13" VPOS="69" HPOS="457"/>
							<String ID="string_1" HPOS="470" VPOS="69" WIDTH="20" HEIGHT="16" WC="0.96" CONTENT="13"/><SP WIDTH="14" VPOS="69" HPOS="490"/>
							<String ID="string_2" HPOS="504" VPOS="68" WIDTH="47" HEIGHT="17" WC="0.92" CONTENT="Juni."/><SP WIDTH="279" VPOS="68" HPOS="551"/>
							<String ID="string_3" HPOS="830" VPOS="69" WIDTH="40" HEIGHT="20" WC="0.96" CONTENT="391"/>
						</TextLine>
					</TextBlock>
				</ComposedBlock>
				<ComposedBlock ID="cblock_1" HPOS="71" VPOS="124" WIDTH="833" HEIGHT="1371">
					<TextBlock ID="block_1" HPOS="71" VPOS="124" WIDTH="829" HEIGHT="511">
						<TextLine ID="line_1" HPOS="71" VPOS="124" WIDTH="828" HEIGHT="33">
							<String ID="string_4" HPOS="71" VPOS="129" WIDTH="47" HEIGHT="28" WC="0.96" CONTENT="slag"/><SP WIDTH="22" VPOS="129" HPOS="118"/>
							<String ID="string_5" HPOS="140" VPOS="127" WIDTH="24" HEIGHT="22" WC="0.96" CONTENT="af"/><SP WIDTH="17" VPOS="127" HPOS="164"/>
							<String ID="string_6" HPOS="181" VPOS="125" WIDTH="142" HEIGHT="27" WC="0.96" CONTENT="fullmäktige,"/><SP WIDTH="22" VPOS="125" HPOS="323"/>
							<String ID="string_7" HPOS="345" VPOS="131" WIDTH="46" HEIGHT="14" WC="0.95" CONTENT="men"/><SP WIDTH="20" VPOS="131" HPOS="391"/>
							<String ID="string_8" HPOS="411" VPOS="125" WIDTH="69" HEIGHT="26" WC="0.93" CONTENT="någon"/><SP WIDTH="17" VPOS="125" HPOS="480"/>
							<String ID="string_9" HPOS="497" VPOS="124" WIDTH="163" HEIGHT="27" WC="0.91" CONTENT="väsendtligare"/><SP WIDTH="15" VPOS="124" HPOS="660"/>
							<String ID="string_10" HPOS="675" VPOS="125" WIDTH="114" HEIGHT="27" WC="0.96" CONTENT="olägenhet"/><SP WIDTH="15" VPOS="125" HPOS="789"/>
							<String ID="string_11" HPOS="804" VPOS="125" WIDTH="43" HEIGHT="21" WC="0.96" CONTENT="kan"/><SP WIDTH="13" VPOS="125" HPOS="847"/>
							<String ID="string_12" HPOS="860" VPOS="125" WIDTH="39" HEIGHT="28" WC="0.96" CONTENT="jag"/>
						</TextLine>
						<TextLine ID="line_2" HPOS="71" VPOS="152" WIDTH="827" HEIGHT="29">
							<String ID="string_13" HPOS="71" VPOS="158" WIDTH="48" HEIGHT="20" WC="0.96" CONTENT="icke"/><SP WIDTH="15" VPOS="158" HPOS="119"/>
							<String ID="string_14" HPOS="134" VPOS="157" WIDTH="59" HEIGHT="20" WC="0.96" CONTENT="finna"/><SP WIDTH="15" VPOS="157" HPOS="193"/>
							<String ID="string_15" HPOS="208" VPOS="156" WIDTH="33" HEIGHT="20" WC="0.96" CONTENT="att"/><SP WIDTH="16" VPOS="156" HPOS="241"/>
							<String ID="string_16" HPOS="257" VPOS="152" WIDTH="89" HEIGHT="22" WC="0.96" CONTENT="dermed"/><SP WIDTH="16" VPOS="152" HPOS="346"/>
							<String ID="string_17" HPOS="362" VPOS="154" WIDTH="23" HEIGHT="19" WC="0.96" CONTENT="är"/><SP WIDTH="13" VPOS="154" HPOS="385"/>
							<String ID="string_18" HPOS="398" VPOS="152" WIDTH="97" HEIGHT="27" WC="0.96" CONTENT="förenad,"/><SP WIDTH="17" VPOS="152" HPOS="495"/>
							<String ID="string_19" HPOS="512" VPOS="153" WIDTH="26" HEIGHT="20" WC="0.96" CONTENT="än"/><SP WIDTH="16" VPOS="153" HPOS="538"/>
							<String ID="string_20" HPOS="554" VPOS="154" WIDTH="32" HEIGHT="19" WC="0.95" CONTENT="att"/><SP WIDTH="16" VPOS="154" HPOS="586"/>
							<String ID="string_21" HPOS="602" VPOS="153" WIDTH="40" HEIGHT="21" WC="0.96" CONTENT="det"/><SP WIDTH="15" VPOS="153" HPOS="642"/>
							<String ID="string_22" HPOS="657" VPOS="153" WIDTH="100" HEIGHT="28" WC="0.96" CONTENT="möjligen"/><SP WIDTH="16" VPOS="153" HPOS="757"/>
							<String ID="string_23" HPOS="773" VPOS="153" WIDTH="7" HEIGHT="20" WC="0.96" CONTENT="i"/><SP WIDTH="13" VPOS="153" HPOS="780"/>
							<String ID="string_24" HPOS="793" VPOS="153" WIDTH="58" HEIGHT="21" WC="0.93" CONTENT="vissa"/><SP WIDTH="11" VPOS="153" HPOS="851"/>
							<String ID="string_25" HPOS="862" VPOS="153" WIDTH="36" HEIGHT="20" WC="0.92" CONTENT="de-"/>
						</TextLine>
						<TextLine ID="line_3" HPOS="72" VPOS="181" WIDTH="828" HEIGHT="27">
							<String ID="string_26" HPOS="72" VPOS="186" WIDTH="32" HEIGHT="21" WC="0.96" CONTENT="lar"/><SP WIDTH="16" VPOS="186" HPOS="104"/>
							<String ID="string_27" HPOS="120" VPOS="186" WIDTH="42" HEIGHT="19" WC="0.96" CONTENT="kan"/><SP WIDTH="16" VPOS="186" HPOS="162"/>
							<String ID="string_28" HPOS="178" VPOS="183" WIDTH="49" HEIGHT="20" WC="0.96" CONTENT="leda"/><SP WIDTH="18" VPOS="183" HPOS="227"/>
							<String ID="string_29" HPOS="245" VPOS="182" WIDTH="31" HEIGHT="21" WC="0.96" CONTENT="till"/><SP WIDTH="20" VPOS="182" HPOS="276"/>
							<String ID="string_30" HPOS="296" VPOS="181" WIDTH="129" HEIGHT="26" WC="0.96" CONTENT="kollisioner,"/><SP WIDTH="19" VPOS="181" HPOS="425"/>
							<String ID="string_31" HPOS="444" VPOS="188" WIDTH="45" HEIGHT="13" WC="0.92" CONTENT="som"/><SP WIDTH="22" VPOS="188" HPOS="489"/>
							<String ID="string_32" HPOS="511" VPOS="187" WIDTH="48" HEIGHT="14" WC="0.96" CONTENT="man"/><SP WIDTH="16" VPOS="187" HPOS="559"/>
							<String ID="string_33" HPOS="575" VPOS="181" WIDTH="44" HEIGHT="20" WC="0.96" CONTENT="kan"/><SP WIDTH="17" VPOS="181" HPOS="619"/>
							<String ID="string_34" HPOS="636" VPOS="181" WIDTH="81" HEIGHT="27" WC="0.96" CONTENT="hoppas"/><SP WIDTH="16" VPOS="181" HPOS="717"/>
							<String ID="string_35" HPOS="733" VPOS="181" WIDTH="48" HEIGHT="21" WC="0.96" CONTENT="icke"/><SP WIDTH="15" VPOS="181" HPOS="781"/>
							<String ID="string_36" HPOS="796" VPOS="181" WIDTH="66" HEIGHT="21" WC="0.96" CONTENT="blifva"/><SP WIDTH="14" VPOS="181" HPOS="862"/>
							<String ID="string_37" HPOS="876" VPOS="181" WIDTH="24" HEIGHT="20" WC="0.96" CONTENT="af"/>
						</TextLine>
						<TextLine ID="line_4" HPOS="72" VPOS="209" WIDTH="826" HEIGHT="27">
							<String ID="string_38" HPOS="72" VPOS="214" WIDTH="88" HEIGHT="21" WC="0.96" CONTENT="svårare"/><SP WIDTH="21" VPOS="214" HPOS="160"/>
							<String ID="string_39" HPOS="181" VPOS="209" WIDTH="157" HEIGHT="23" WC="0.95" CONTENT="beskaffenhet."/><SP WIDTH="30" VPOS="209" HPOS="338"/>
							<String ID="string_40" HPOS="368" VPOS="209" WIDTH="43" HEIGHT="27" WC="0.96" CONTENT="Jag"/><SP WIDTH="15" VPOS="209" HPOS="411"/>
							<String ID="string_41" HPOS="426" VPOS="209" WIDTH="68" HEIGHT="21" WC="0.96" CONTENT="skulle"/><SP WIDTH="16" VPOS="209" HPOS="494"/>
							<String ID="string_42" HPOS="510" VPOS="209" WIDTH="6" HEIGHT="20" WC="0.96" CONTENT="i"/><SP WIDTH="16" VPOS="209" HPOS="516"/>
							<String ID="string_43" HPOS="532" VPOS="209" WIDTH="121" HEIGHT="27" WC="0.96" CONTENT="synnerhet"/><SP WIDTH="16" VPOS="209" HPOS="653"/>
							<String ID="string_44" HPOS="669" VPOS="209" WIDTH="62" HEIGHT="21" WC="0.96" CONTENT="hafva"/><SP WIDTH="15" VPOS="209" HPOS="731"/>
							<String ID="string_45" HPOS="746" VPOS="209" WIDTH="63" HEIGHT="26" WC="0.96" CONTENT="velat,"/><SP WIDTH="14" VPOS="209" HPOS="809"/>
							<String ID="string_46" HPOS="823" VPOS="211" WIDTH="32" HEIGHT="19" WC="0.96" CONTENT="att"/><SP WIDTH="15" VPOS="211" HPOS="855"/>
							<String ID="string_47" HPOS="870" VPOS="209" WIDTH="28" HEIGHT="20" WC="0.96" CONTENT="då"/>
						</TextLine>
						<TextLine ID="line_5" HPOS="72" VPOS="237" WIDTH="828" HEIGHT="30">
							<String ID="string_48" HPOS="72" VPOS="243" WIDTH="38" HEIGHT="20" WC="0.96" CONTENT="här"/><SP WIDTH="23" VPOS="243" HPOS="110"/>
							<String ID="string_49" HPOS="133" VPOS="242" WIDTH="24" HEIGHT="19" WC="0.93" CONTENT="är"/><SP WIDTH="20" VPOS="242" HPOS="157"/>
							<String ID="string_50" HPOS="177" VPOS="239" WIDTH="63" HEIGHT="28" WC="0.90" CONTENT="sagdt"/><SP WIDTH="20" VPOS="239" HPOS="240"/>
							<String ID="string_51" HPOS="260" VPOS="245" WIDTH="34" HEIGHT="14" WC="0.96" CONTENT="om"/><SP WIDTH="21" VPOS="245" HPOS="294"/>
							<String ID="string_52" HPOS="315" VPOS="237" WIDTH="158" HEIGHT="28" WC="0.96" CONTENT="förvaltningen"/><SP WIDTH="16" VPOS="237" HPOS="473"/>
							<String ID="string_53" HPOS="489" VPOS="237" WIDTH="23" HEIGHT="21" WC="0.96" CONTENT="af"/><SP WIDTH="14" VPOS="237" HPOS="512"/>
							<String ID="string_54" HPOS="526" VPOS="237" WIDTH="100" HEIGHT="21" WC="0.93" CONTENT="bankens"/><SP WIDTH="16" VPOS="237" HPOS="626"/>
							<String ID="string_55" HPOS="642" VPOS="238" WIDTH="128" HEIGHT="26" WC="0.91" CONTENT="kassahvalf,"/><SP WIDTH="17" VPOS="238" HPOS="770"/>
							<String ID="string_56" HPOS="787" VPOS="240" WIDTH="32" HEIGHT="18" WC="0.96" CONTENT="att"/><SP WIDTH="16" VPOS="240" HPOS="819"/>
							<String ID="string_57" HPOS="835" VPOS="245" WIDTH="25" HEIGHT="13" WC="0.96" CONTENT="en"/><SP WIDTH="16" VPOS="245" HPOS="860"/>
							<String ID="string_58" HPOS="876" VPOS="237" WIDTH="24" HEIGHT="21" WC="0.96" CONTENT="af"/>
						</TextLine>
						<TextLine ID="line_6" HPOS="73" VPOS="265" WIDTH="825" HEIGHT="28">
							<String ID="string_59" HPOS="73" VPOS="269" WIDTH="148" HEIGHT="22" WC="0.91" CONTENT="direktionens"/><SP WIDTH="23" VPOS="269" HPOS="221"/>
							<String ID="string_60" HPOS="244" VPOS="267" WIDTH="119" HEIGHT="21" WC="0.96" CONTENT="ledamöter"/><SP WIDTH="20" VPOS="267" HPOS="363"/>
							<String ID="string_61" HPOS="383" VPOS="266" WIDTH="60" HEIGHT="21" WC="0.96" CONTENT="alltid"/><SP WIDTH="18" VPOS="266" HPOS="443"/>
							<String ID="string_62" HPOS="461" VPOS="265" WIDTH="67" HEIGHT="22" WC="0.93" CONTENT="borde"/><SP WIDTH="15" VPOS="265" HPOS="528"/>
							<String ID="string_63" HPOS="543" VPOS="266" WIDTH="125" HEIGHT="21" WC="0.92" CONTENT="handhafva"/><SP WIDTH="15" VPOS="266" HPOS="668"/>
							<String ID="string_64" HPOS="683" VPOS="267" WIDTH="70" HEIGHT="20" WC="0.96" CONTENT="denna"/><SP WIDTH="14" VPOS="267" HPOS="753"/>
							<String ID="string_65" HPOS="767" VPOS="266" WIDTH="131" HEIGHT="27" WC="0.96" CONTENT="förvaltning"/>
						</TextLine>
						<TextLine ID="line_7" HPOS="73" VPOS="294" WIDTH="825" HEIGHT="28">
							<String ID="string_66" HPOS="73" VPOS="298" WIDTH="41" HEIGHT="21" WC="0.96" CONTENT="och"/><SP WIDTH="22" VPOS="298" HPOS="114"/>
							<String ID="string_67" HPOS="136" VPOS="297" WIDTH="66" HEIGHT="21" WC="0.91" CONTENT="hafva"/><SP WIDTH="23" VPOS="297" HPOS="202"/>
							<String ID="string_68" HPOS="225" VPOS="295" WIDTH="138" HEIGHT="26" WC="0.91" CONTENT="ansvarighet"/><SP WIDTH="20" VPOS="295" HPOS="363"/>
							<String ID="string_69" HPOS="383" VPOS="295" WIDTH="78" HEIGHT="20" WC="0.96" CONTENT="derför."/><SP WIDTH="30" VPOS="295" HPOS="461"/>
							<String ID="string_70" HPOS="491" VPOS="295" WIDTH="44" HEIGHT="20" WC="0.96" CONTENT="Det"/><SP WIDTH="22" VPOS="295" HPOS="535"/>
							<String ID="string_71" HPOS="557" VPOS="294" WIDTH="57" HEIGHT="21" WC="0.96" CONTENT="hade"/><SP WIDTH="25" VPOS="294" HPOS="614"/>
							<String ID="string_72" HPOS="639" VPOS="295" WIDTH="61" HEIGHT="20" WC="0.96" CONTENT="äfven"/><SP WIDTH="16" VPOS="295" HPOS="700"/>
							<String ID="string_73" HPOS="716" VPOS="295" WIDTH="49" HEIGHT="20" WC="0.96" CONTENT="bort"/><SP WIDTH="16" VPOS="295" HPOS="765"/>
							<String ID="string_74" HPOS="781" VPOS="297" WIDTH="69" HEIGHT="25" WC="0.96" CONTENT="sägas,"/><SP WIDTH="16" VPOS="297" HPOS="850"/>
							<String ID="string_75" HPOS="866" VPOS="296" WIDTH="32" HEIGHT="19" WC="0.96" CONTENT="att"/>
						</TextLine>
						<TextLine ID="line_8" HPOS="73" VPOS="323" WIDTH="824" HEIGHT="30">
							<String ID="string_76" HPOS="73" VPOS="327" WIDTH="42" HEIGHT="20" WC="0.96" CONTENT="den"/><SP WIDTH="21" VPOS="327" HPOS="115"/>
							<String ID="string_77" HPOS="136" VPOS="325" WIDTH="108" HEIGHT="28" WC="0.95" CONTENT="juridiska"/><SP WIDTH="23" VPOS="325" HPOS="244"/>
							<String ID="string_78" HPOS="267" VPOS="323" WIDTH="93" HEIGHT="27" WC="0.95" CONTENT="detaljen"/><SP WIDTH="20" VPOS="323" HPOS="360"/>
							<String ID="string_79" HPOS="380" VPOS="323" WIDTH="39" HEIGHT="20" WC="0.96" CONTENT="bör"/><SP WIDTH="19" VPOS="323" HPOS="419"/>
							<String ID="string_80" HPOS="438" VPOS="323" WIDTH="119" HEIGHT="20" WC="0.96" CONTENT="tillkomma"/><SP WIDTH="19" VPOS="323" HPOS="557"/>
							<String ID="string_81" HPOS="576" VPOS="323" WIDTH="43" HEIGHT="20" WC="0.93" CONTENT="den"/><SP WIDTH="14" VPOS="323" HPOS="619"/>
							<String ID="string_82" HPOS="633" VPOS="323" WIDTH="106" HEIGHT="28" WC="0.91" CONTENT="juridiske"/><SP WIDTH="16" VPOS="323" HPOS="739"/>
							<String ID="string_83" HPOS="755" VPOS="323" WIDTH="142" HEIGHT="21" WC="0.96" CONTENT="ledamoten"/><SP WIDTH="-11" VPOS="323" HPOS="897"/>
							<String ID="string_84" HPOS="886" VPOS="319" WIDTH="15" HEIGHT="38" WC="0.97" CONTENT="i"/>
						</TextLine>
						<TextLine ID="line_9" HPOS="74" VPOS="351" WIDTH="824" HEIGHT="28">
							<String ID="string_85" HPOS="74" VPOS="355" WIDTH="143" HEIGHT="20" WC="0.93" CONTENT="direktionen."/><SP WIDTH="32" VPOS="355" HPOS="217"/>
							<String ID="string_86" HPOS="249" VPOS="353" WIDTH="43" HEIGHT="20" WC="0.95" CONTENT="Det"/><SP WIDTH="21" VPOS="353" HPOS="292"/>
							<String ID="string_87" HPOS="313" VPOS="352" WIDTH="41" HEIGHT="20" WC="0.95" CONTENT="kan"/><SP WIDTH="21" VPOS="352" HPOS="354"/>
							<String ID="string_88" HPOS="375" VPOS="352" WIDTH="115" HEIGHT="27" WC="0.96" CONTENT="möjligtvis"/><SP WIDTH="16" VPOS="352" HPOS="490"/>
							<String ID="string_89" HPOS="506" VPOS="351" WIDTH="78" HEIGHT="21" WC="0.96" CONTENT="förstås"/><SP WIDTH="17" VPOS="351" HPOS="584"/>
							<String ID="string_90" HPOS="601" VPOS="351" WIDTH="26" HEIGHT="21" WC="0.96" CONTENT="af"/><SP WIDTH="14" VPOS="351" HPOS="627"/>
							<String ID="string_91" HPOS="641" VPOS="351" WIDTH="31" HEIGHT="27" WC="0.96" CONTENT="sig"/><SP WIDTH="15" VPOS="351" HPOS="672"/>
							<String ID="string_92" HPOS="687" VPOS="351" WIDTH="55" HEIGHT="28" WC="0.91" CONTENT="sjelf,"/><SP WIDTH="17" VPOS="351" HPOS="742"/>
							<String ID="string_93" HPOS="759" VPOS="359" WIDTH="47" HEIGHT="14" WC="0.96" CONTENT="men"/><SP WIDTH="16" VPOS="359" HPOS="806"/>
							<String ID="string_94" HPOS="822" VPOS="358" WIDTH="27" HEIGHT="15" WC="0.92" CONTENT="en"/><SP WIDTH="16" VPOS="358" HPOS="849"/>
							<String ID="string_95" HPOS="865" VPOS="352" WIDTH="33" HEIGHT="21" WC="0.92" CONTENT="så-"/>
						</TextLine>
						<TextLine ID="line_10" HPOS="74" VPOS="379" WIDTH="824" HEIGHT="29">
							<String ID="string_96" HPOS="74" VPOS="383" WIDTH="41" HEIGHT="21" WC="0.96" CONTENT="dan"/><SP WIDTH="24" VPOS="383" HPOS="115"/>
							<String ID="string_97" HPOS="139" VPOS="382" WIDTH="137" HEIGHT="26" WC="0.96" CONTENT="bestämning"/><SP WIDTH="19" VPOS="382" HPOS="276"/>
							<String ID="string_98" HPOS="295" VPOS="380" WIDTH="56" HEIGHT="21" WC="0.96" CONTENT="hade"/><SP WIDTH="20" VPOS="380" HPOS="351"/>
							<String ID="string_99" HPOS="371" VPOS="380" WIDTH="64" HEIGHT="21" WC="0.96" CONTENT="likväl"/><SP WIDTH="24" VPOS="380" HPOS="435"/>
							<String ID="string_100" HPOS="459" VPOS="380" WIDTH="49" HEIGHT="20" WC="0.96" CONTENT="bort"/><SP WIDTH="23" VPOS="380" HPOS="508"/>
							<String ID="string_101" HPOS="531" VPOS="379" WIDTH="86" HEIGHT="21" WC="0.95" CONTENT="uttalas."/><SP WIDTH="32" VPOS="379" HPOS="617"/>
							<String ID="string_102" HPOS="649" VPOS="379" WIDTH="48" HEIGHT="21" WC="0.96" CONTENT="Men"/><SP WIDTH="17" VPOS="379" HPOS="697"/>
							<String ID="string_103" HPOS="714" VPOS="387" WIDTH="46" HEIGHT="14" WC="0.91" CONTENT="som"/><SP WIDTH="15" VPOS="387" HPOS="760"/>
							<String ID="string_104" HPOS="775" VPOS="381" WIDTH="70" HEIGHT="26" WC="0.91" CONTENT="sagdt,"/><SP WIDTH="17" VPOS="381" HPOS="845"/>
							<String ID="string_105" HPOS="862" VPOS="380" WIDTH="36" HEIGHT="21" WC="0.96" CONTENT="det"/>
						</TextLine>
						<TextLine ID="line_11" HPOS="74" VPOS="408" WIDTH="824" HEIGHT="30">
							<String ID="string_106" HPOS="74" VPOS="413" WIDTH="24" HEIGHT="19" WC="0.96" CONTENT="är"/><SP WIDTH="15" VPOS="413" HPOS="98"/>
							<String ID="string_107" HPOS="113" VPOS="413" WIDTH="33" HEIGHT="19" WC="0.96" CONTENT="att"/><SP WIDTH="19" VPOS="413" HPOS="146"/>
							<String ID="string_108" HPOS="165" VPOS="411" WIDTH="90" HEIGHT="27" WC="0.96" CONTENT="hoppas,"/><SP WIDTH="21" VPOS="411" HPOS="255"/>
							<String ID="string_109" HPOS="276" VPOS="410" WIDTH="32" HEIGHT="19" WC="0.96" CONTENT="att"/><SP WIDTH="20" VPOS="410" HPOS="308"/>
							<String ID="string_110" HPOS="328" VPOS="408" WIDTH="59" HEIGHT="21" WC="0.96" CONTENT="detta"/><SP WIDTH="16" VPOS="408" HPOS="387"/>
							<String ID="string_111" HPOS="403" VPOS="409" WIDTH="114" HEIGHT="20" WC="0.96" CONTENT="alternativ"/><SP WIDTH="15" VPOS="409" HPOS="517"/>
							<String ID="string_112" HPOS="532" VPOS="408" WIDTH="48" HEIGHT="21" WC="0.96" CONTENT="icke"/><SP WIDTH="15" VPOS="408" HPOS="580"/>
							<String ID="string_113" HPOS="595" VPOS="408" WIDTH="57" HEIGHT="21" WC="0.93" CONTENT="skall"/><SP WIDTH="17" VPOS="408" HPOS="652"/>
							<String ID="string_114" HPOS="669" VPOS="409" WIDTH="90" HEIGHT="20" WC="0.92" CONTENT="behöfva"/><SP WIDTH="16" VPOS="409" HPOS="759"/>
							<String ID="string_115" HPOS="775" VPOS="409" WIDTH="66" HEIGHT="20" WC="0.95" CONTENT="blifva"/><SP WIDTH="15" VPOS="409" HPOS="841"/>
							<String ID="string_116" HPOS="856" VPOS="409" WIDTH="42" HEIGHT="27" WC="0.96" CONTENT="lag,"/>
						</TextLine>
						<TextLine ID="line_12" HPOS="74" VPOS="436" WIDTH="824" HEIGHT="28">
							<String ID="string_117" HPOS="74" VPOS="442" WIDTH="52" HEIGHT="19" WC="0.96" CONTENT="utan"/><SP WIDTH="17" VPOS="442" HPOS="126"/>
							<String ID="string_118" HPOS="143" VPOS="441" WIDTH="32" HEIGHT="19" WC="0.96" CONTENT="att"/><SP WIDTH="16" VPOS="441" HPOS="175"/>
							<String ID="string_119" HPOS="191" VPOS="438" WIDTH="61" HEIGHT="21" WC="0.96" CONTENT="Hans"/><SP WIDTH="17" VPOS="438" HPOS="252"/>
							<String ID="string_120" HPOS="269" VPOS="437" WIDTH="102" HEIGHT="27" WC="0.96" CONTENT="Majestät"/><SP WIDTH="16" VPOS="437" HPOS="371"/>
							<String ID="string_121" HPOS="387" VPOS="436" WIDTH="53" HEIGHT="22" WC="0.96" CONTENT="skall"/><SP WIDTH="17" VPOS="436" HPOS="440"/>
							<String ID="string_122" HPOS="457" VPOS="436" WIDTH="71" HEIGHT="21" WC="0.96" CONTENT="bifalla"/><SP WIDTH="16" VPOS="436" HPOS="528"/>
							<String ID="string_123" HPOS="544" VPOS="436" WIDTH="30" HEIGHT="21" WC="0.96" CONTENT="till"/><SP WIDTH="16" VPOS="436" HPOS="574"/>
							<String ID="string_124" HPOS="590" VPOS="437" WIDTH="153" HEIGHT="27" WC="0.96" CONTENT="separationen"/><SP WIDTH="17" VPOS="437" HPOS="743"/>
							<String ID="string_125" HPOS="760" VPOS="436" WIDTH="23" HEIGHT="22" WC="0.90" CONTENT="af"/><SP WIDTH="12" VPOS="436" HPOS="783"/>
							<String ID="string_126" HPOS="795" VPOS="439" WIDTH="103" HEIGHT="19" WC="0.90" CONTENT="statsver-"/>
						</TextLine>
						<TextLine ID="line_13" HPOS="74" VPOS="464" WIDTH="824" HEIGHT="29">
							<String ID="string_127" HPOS="74" VPOS="470" WIDTH="48" HEIGHT="20" WC="0.92" CONTENT="kets"/><SP WIDTH="20" VPOS="470" HPOS="122"/>
							<String ID="string_128" HPOS="142" VPOS="467" WIDTH="77" HEIGHT="21" WC="0.96" CONTENT="fonder"/><SP WIDTH="19" VPOS="467" HPOS="219"/>
							<String ID="string_129" HPOS="238" VPOS="466" WIDTH="46" HEIGHT="22" WC="0.82" CONTENT="Från"/><SP WIDTH="17" VPOS="466" HPOS="284"/>
							<String ID="string_130" HPOS="301" VPOS="465" WIDTH="103" HEIGHT="26" WC="0.95" CONTENT="bankens,"/><SP WIDTH="16" VPOS="465" HPOS="404"/>
							<String ID="string_131" HPOS="420" VPOS="465" WIDTH="7" HEIGHT="21" WC="0.96" CONTENT="i"/><SP WIDTH="15" VPOS="465" HPOS="427"/>
							<String ID="string_132" HPOS="442" VPOS="465" WIDTH="82" HEIGHT="21" WC="0.96" CONTENT="hvilket"/><SP WIDTH="15" VPOS="465" HPOS="524"/>
							<String ID="string_133" HPOS="539" VPOS="464" WIDTH="37" HEIGHT="21" WC="0.96" CONTENT="fall"/><SP WIDTH="15" VPOS="464" HPOS="576"/>
							<String ID="string_134" HPOS="591" VPOS="464" WIDTH="40" HEIGHT="22" WC="0.96" CONTENT="det"/><SP WIDTH="16" VPOS="464" HPOS="631"/>
							<String ID="string_135" HPOS="647" VPOS="465" WIDTH="137" HEIGHT="28" WC="0.96" CONTENT="reglemente,"/><SP WIDTH="15" VPOS="465" HPOS="784"/>
							<String ID="string_136" HPOS="799" VPOS="472" WIDTH="46" HEIGHT="14" WC="0.93" CONTENT="som"/><SP WIDTH="15" VPOS="472" HPOS="845"/>
							<String ID="string_137" HPOS="860" VPOS="472" WIDTH="38" HEIGHT="14" WC="0.92" CONTENT="un-"/>
						</TextLine>
						<TextLine ID="line_14" HPOS="74" VPOS="493" WIDTH="824" HEIGHT="28">
							<String ID="string_138" HPOS="74" VPOS="498" WIDTH="39" HEIGHT="20" WC="0.95" CONTENT="der"/><SP WIDTH="23" VPOS="498" HPOS="113"/>
							<String ID="string_139" HPOS="136" VPOS="496" WIDTH="71" HEIGHT="21" WC="0.95" CONTENT="denna"/><SP WIDTH="21" VPOS="496" HPOS="207"/>
							<String ID="string_140" HPOS="228" VPOS="494" WIDTH="155" HEIGHT="27" WC="0.96" CONTENT="förutsättning"/><SP WIDTH="19" VPOS="494" HPOS="383"/>
							<String ID="string_141" HPOS="402" VPOS="495" WIDTH="24" HEIGHT="19" WC="0.96" CONTENT="är"/><SP WIDTH="15" VPOS="495" HPOS="426"/>
							<String ID="string_142" HPOS="441" VPOS="494" WIDTH="23" HEIGHT="20" WC="0.96" CONTENT="af"/><SP WIDTH="14" VPOS="494" HPOS="464"/>
							<String ID="string_143" HPOS="478" VPOS="493" WIDTH="85" HEIGHT="21" WC="0.95" CONTENT="ståndet"/><SP WIDTH="16" VPOS="493" HPOS="563"/>
							<String ID="string_144" HPOS="579" VPOS="496" WIDTH="90" HEIGHT="25" WC="0.96" CONTENT="antaget"/><SP WIDTH="16" VPOS="496" HPOS="669"/>
							<String ID="string_145" HPOS="685" VPOS="494" WIDTH="51" HEIGHT="20" WC="0.96" CONTENT="eller"/><SP WIDTH="15" VPOS="494" HPOS="736"/>
							<String ID="string_146" HPOS="751" VPOS="500" WIDTH="77" HEIGHT="21" WC="0.92" CONTENT="genom"/><SP WIDTH="16" VPOS="500" HPOS="828"/>
							<String ID="string_147" HPOS="844" VPOS="500" WIDTH="54" HEIGHT="14" WC="0.90" CONTENT="sam-"/>
						</TextLine>
						<TextLine ID="line_15" HPOS="75" VPOS="522" WIDTH="823" HEIGHT="31">
							<String ID="string_148" HPOS="75" VPOS="523" WIDTH="254" HEIGHT="30" WC="0.91" CONTENT="manjemkningsförslag"/><SP WIDTH="16" VPOS="523" HPOS="329"/>
							<String ID="string_149" HPOS="345" VPOS="522" WIDTH="40" HEIGHT="20" WC="0.96" CONTENT="blir"/><SP WIDTH="14" VPOS="522" HPOS="385"/>
							<String ID="string_150" HPOS="399" VPOS="524" WIDTH="96" HEIGHT="26" WC="0.95" CONTENT="antaget,"/><SP WIDTH="16" VPOS="524" HPOS="495"/>
							<String ID="string_151" HPOS="511" VPOS="522" WIDTH="98" HEIGHT="20" WC="0.96" CONTENT="kommer"/><SP WIDTH="18" VPOS="522" HPOS="609"/>
							<String ID="string_152" HPOS="627" VPOS="524" WIDTH="32" HEIGHT="19" WC="0.96" CONTENT="att"/><SP WIDTH="16" VPOS="524" HPOS="659"/>
							<String ID="string_153" HPOS="675" VPOS="522" WIDTH="64" HEIGHT="21" WC="0.96" CONTENT="blifva"/><SP WIDTH="10" VPOS="522" HPOS="739"/>
							<String ID="string_154" HPOS="749" VPOS="522" WIDTH="42" HEIGHT="28" WC="0.93" CONTENT="lag."/><SP WIDTH="29" VPOS="522" HPOS="791"/>
							<String ID="string_155" HPOS="820" VPOS="522" WIDTH="78" HEIGHT="28" WC="0.93" CONTENT="Någon"/>
						</TextLine>
						<TextLine ID="line_16" HPOS="76" VPOS="550" WIDTH="823" HEIGHT="30">
							<String ID="string_156" HPOS="76" VPOS="555" WIDTH="24" HEIGHT="20" WC="0.92" CONTENT="så"/><SP WIDTH="23" VPOS="555" HPOS="100"/>
							<String ID="string_157" HPOS="123" VPOS="553" WIDTH="123" HEIGHT="27" WC="0.91" CONTENT="väsendtlig"/><SP WIDTH="22" VPOS="553" HPOS="246"/>
							<String ID="string_158" HPOS="268" VPOS="551" WIDTH="109" HEIGHT="27" WC="0.96" CONTENT="svårighet"/><SP WIDTH="22" VPOS="551" HPOS="377"/>
							<String ID="string_159" HPOS="399" VPOS="550" WIDTH="69" HEIGHT="22" WC="0.96" CONTENT="finner"/><SP WIDTH="18" VPOS="550" HPOS="468"/>
							<String ID="string_160" HPOS="486" VPOS="551" WIDTH="38" HEIGHT="27" WC="0.93" CONTENT="jag"/><SP WIDTH="23" VPOS="551" HPOS="524"/>
							<String ID="string_161" HPOS="547" VPOS="550" WIDTH="87" HEIGHT="22" WC="0.90" CONTENT="derföre"/><SP WIDTH="15" VPOS="550" HPOS="634"/>
							<String ID="string_162" HPOS="649" VPOS="550" WIDTH="48" HEIGHT="22" WC="0.96" CONTENT="icke"/><SP WIDTH="15" VPOS="550" HPOS="697"/>
							<String ID="string_163" HPOS="712" VPOS="552" WIDTH="32" HEIGHT="19" WC="0.96" CONTENT="att"/><SP WIDTH="16" VPOS="552" HPOS="744"/>
							<String ID="string_164" HPOS="760" VPOS="551" WIDTH="69" HEIGHT="21" WC="0.96" CONTENT="denna"/><SP WIDTH="15" VPOS="551" HPOS="829"/>
							<String ID="string_165" HPOS="844" VPOS="551" WIDTH="55" HEIGHT="20" WC="0.96" CONTENT="brist"/>
						</TextLine>
						<TextLine ID="line_17" HPOS="75" VPOS="579" WIDTH="824" HEIGHT="28">
							<String ID="string_166" HPOS="75" VPOS="582" WIDTH="122" HEIGHT="21" WC="0.95" CONTENT="föranleder"/><SP WIDTH="16" VPOS="582" HPOS="197"/>
							<String ID="string_167" HPOS="213" VPOS="582" WIDTH="38" HEIGHT="24" WC="0.96" CONTENT="till,"/><SP WIDTH="16" VPOS="582" HPOS="251"/>
							<String ID="string_168" HPOS="267" VPOS="582" WIDTH="31" HEIGHT="19" WC="0.96" CONTENT="att"/><SP WIDTH="13" VPOS="582" HPOS="298"/>
							<String ID="string_169" HPOS="311" VPOS="580" WIDTH="38" HEIGHT="27" WC="0.96" CONTENT="jag"/><SP WIDTH="16" VPOS="580" HPOS="349"/>
							<String ID="string_170" HPOS="365" VPOS="580" WIDTH="68" HEIGHT="20" WC="0.96" CONTENT="skulle"/><SP WIDTH="16" VPOS="580" HPOS="433"/>
							<String ID="string_171" HPOS="449" VPOS="580" WIDTH="53" HEIGHT="26" WC="0.96" CONTENT="yrka"/><SP WIDTH="17" VPOS="580" HPOS="502"/>
							<String ID="string_172" HPOS="519" VPOS="580" WIDTH="26" HEIGHT="26" WC="0.92" CONTENT="på"/><SP WIDTH="15" VPOS="580" HPOS="545"/>
							<String ID="string_173" HPOS="560" VPOS="579" WIDTH="141" HEIGHT="21" WC="0.92" CONTENT="förkastande"/><SP WIDTH="16" VPOS="579" HPOS="701"/>
							<String ID="string_174" HPOS="717" VPOS="580" WIDTH="23" HEIGHT="20" WC="0.95" CONTENT="af"/><SP WIDTH="13" VPOS="580" HPOS="740"/>
							<String ID="string_175" HPOS="753" VPOS="579" WIDTH="146" HEIGHT="21" WC="0.96" CONTENT="betänkandet"/>
						</TextLine>
						<TextLine ID="line_18" HPOS="74" VPOS="608" WIDTH="688" HEIGHT="27">
							<String ID="string_176" HPOS="74" VPOS="612" WIDTH="8" HEIGHT="20" WC="0.96" CONTENT="i"/><SP WIDTH="16" VPOS="612" HPOS="82"/>
							<String ID="string_177" HPOS="98" VPOS="611" WIDTH="71" HEIGHT="21" WC="0.96" CONTENT="denna"/><SP WIDTH="15" VPOS="611" HPOS="169"/>
							<String ID="string_178" HPOS="184" VPOS="610" WIDTH="41" HEIGHT="25" WC="0.95" CONTENT="del,"/><SP WIDTH="16" VPOS="610" HPOS="225"/>
							<String ID="string_179" HPOS="241" VPOS="611" WIDTH="51" HEIGHT="19" WC="0.96" CONTENT="utan"/><SP WIDTH="17" VPOS="611" HPOS="292"/>
							<String ID="string_180" HPOS="309" VPOS="608" WIDTH="68" HEIGHT="20" WC="0.96" CONTENT="skulle"/><SP WIDTH="14" VPOS="608" HPOS="377"/>
							<String ID="string_181" HPOS="391" VPOS="608" WIDTH="38" HEIGHT="27" WC="0.96" CONTENT="jag"/><SP WIDTH="15" VPOS="608" HPOS="429"/>
							<String ID="string_182" HPOS="444" VPOS="608" WIDTH="108" HEIGHT="26" WC="0.96" CONTENT="tillstyrka"/><SP WIDTH="15" VPOS="608" HPOS="552"/>
							<String ID="string_183" HPOS="567" VPOS="608" WIDTH="50" HEIGHT="20" WC="0.96" CONTENT="dess"/><SP WIDTH="18" VPOS="608" HPOS="617"/>
							<String ID="string_184" HPOS="635" VPOS="608" WIDTH="127" HEIGHT="27" WC="0.95" CONTENT="antagande."/>
						</TextLine>
					</TextBlock>
					<TextBlock ID="block_2" HPOS="76" VPOS="636" WIDTH="828" HEIGHT="859">
						<TextLine ID="line_19" HPOS="146" VPOS="636" WIDTH="752" HEIGHT="24">
							<String ID="string_185" HPOS="146" VPOS="638" WIDTH="57" HEIGHT="22" WC="0.96" CONTENT="Herr"/><SP WIDTH="15" VPOS="638" HPOS="203"/>
							<String ID="string_186" HPOS="218" VPOS="637" WIDTH="140" HEIGHT="21" WC="0.96" CONTENT="Molander:"/><SP WIDTH="19" VPOS="637" HPOS="358"/>
							<String ID="string_187" HPOS="377" VPOS="636" WIDTH="34" HEIGHT="21" WC="0.96" CONTENT="Då"/><SP WIDTH="16" VPOS="636" HPOS="411"/>
							<String ID="string_188" HPOS="427" VPOS="636" WIDTH="89" HEIGHT="21" WC="0.95" CONTENT="ärendet"/><SP WIDTH="16" VPOS="636" HPOS="516"/>
							<String ID="string_189" HPOS="532" VPOS="638" WIDTH="73" HEIGHT="19" WC="0.93" CONTENT="senast"/><SP WIDTH="16" VPOS="638" HPOS="605"/>
							<String ID="string_190" HPOS="621" VPOS="636" WIDTH="87" HEIGHT="21" WC="0.93" CONTENT="förevar"/><SP WIDTH="15" VPOS="636" HPOS="708"/>
							<String ID="string_191" HPOS="723" VPOS="636" WIDTH="39" HEIGHT="21" WC="0.93" CONTENT="hos"/><SP WIDTH="15" VPOS="636" HPOS="762"/>
							<String ID="string_192" HPOS="777" VPOS="636" WIDTH="121" HEIGHT="21" WC="0.92" CONTENT="ridderska-"/>
						</TextLine>
						<TextLine ID="line_20" HPOS="76" VPOS="665" WIDTH="823" HEIGHT="31">
							<String ID="string_193" HPOS="76" VPOS="670" WIDTH="38" HEIGHT="26" WC="0.96" CONTENT="pet"/><SP WIDTH="22" VPOS="670" HPOS="114"/>
							<String ID="string_194" HPOS="136" VPOS="668" WIDTH="41" HEIGHT="20" WC="0.97" CONTENT="och"/><SP WIDTH="20" VPOS="668" HPOS="177"/>
							<String ID="string_195" HPOS="197" VPOS="667" WIDTH="68" HEIGHT="26" WC="0.96" CONTENT="adeln,"/><SP WIDTH="21" VPOS="667" HPOS="265"/>
							<String ID="string_196" HPOS="286" VPOS="667" WIDTH="23" HEIGHT="19" WC="0.96" CONTENT="så"/><SP WIDTH="16" VPOS="667" HPOS="309"/>
							<String ID="string_197" HPOS="325" VPOS="665" WIDTH="71" HEIGHT="21" WC="0.96" CONTENT="beslöt"/><SP WIDTH="20" VPOS="665" HPOS="396"/>
							<String ID="string_198" HPOS="416" VPOS="665" WIDTH="150" HEIGHT="27" WC="0.96" CONTENT="ridderskapet"/><SP WIDTH="20" VPOS="665" HPOS="566"/>
							<String ID="string_199" HPOS="586" VPOS="665" WIDTH="42" HEIGHT="21" WC="0.96" CONTENT="och"/><SP WIDTH="16" VPOS="665" HPOS="628"/>
							<String ID="string_200" HPOS="644" VPOS="665" WIDTH="61" HEIGHT="21" WC="0.96" CONTENT="adeln"/><SP WIDTH="16" VPOS="665" HPOS="705"/>
							<String ID="string_201" HPOS="721" VPOS="665" WIDTH="34" HEIGHT="21" WC="0.96" CONTENT="för"/><SP WIDTH="15" VPOS="665" HPOS="755"/>
							<String ID="string_202" HPOS="770" VPOS="665" WIDTH="31" HEIGHT="21" WC="0.96" CONTENT="sin"/><SP WIDTH="16" VPOS="665" HPOS="801"/>
							<String ID="string_203" HPOS="817" VPOS="665" WIDTH="34" HEIGHT="21" WC="0.96" CONTENT="del"/><SP WIDTH="16" VPOS="665" HPOS="851"/>
							<String ID="string_204" HPOS="867" VPOS="667" WIDTH="32" HEIGHT="19" WC="0.96" CONTENT="att"/>
						</TextLine>
						<TextLine ID="line_21" HPOS="77" VPOS="694" WIDTH="821" HEIGHT="27">
							<String ID="string_205" HPOS="77" VPOS="696" WIDTH="72" HEIGHT="22" WC="0.96" CONTENT="bifalla"/><SP WIDTH="16" VPOS="696" HPOS="149"/>
							<String ID="string_206" HPOS="165" VPOS="696" WIDTH="32" HEIGHT="20" WC="0.96" CONTENT="till"/><SP WIDTH="19" VPOS="696" HPOS="197"/>
							<String ID="string_207" HPOS="216" VPOS="695" WIDTH="41" HEIGHT="21" WC="0.96" CONTENT="den"/><SP WIDTH="15" VPOS="695" HPOS="257"/>
							<String ID="string_208" HPOS="272" VPOS="694" WIDTH="121" HEIGHT="27" WC="0.96" CONTENT="föreslagna"/><SP WIDTH="16" VPOS="694" HPOS="393"/>
							<String ID="string_209" HPOS="409" VPOS="694" WIDTH="151" HEIGHT="27" WC="0.96" CONTENT="separationen"/><SP WIDTH="16" VPOS="694" HPOS="560"/>
							<String ID="string_210" HPOS="576" VPOS="694" WIDTH="48" HEIGHT="20" WC="0.95" CONTENT="utaf"/><SP WIDTH="15" VPOS="694" HPOS="624"/>
							<String ID="string_211" HPOS="639" VPOS="694" WIDTH="155" HEIGHT="27" WC="0.95" CONTENT="förvaltningen"/><SP WIDTH="17" VPOS="694" HPOS="794"/>
							<String ID="string_212" HPOS="811" VPOS="694" WIDTH="22" HEIGHT="20" WC="0.93" CONTENT="af"/><SP WIDTH="15" VPOS="694" HPOS="833"/>
							<String ID="string_213" HPOS="848" VPOS="694" WIDTH="50" HEIGHT="20" WC="0.91" CONTENT="ban-"/>
						</TextLine>
						<TextLine ID="line_22" HPOS="77" VPOS="722" WIDTH="821" HEIGHT="24">
							<String ID="string_214" HPOS="77" VPOS="726" WIDTH="54" HEIGHT="20" WC="0.96" CONTENT="kens"/><SP WIDTH="17" VPOS="726" HPOS="131"/>
							<String ID="string_215" HPOS="148" VPOS="724" WIDTH="39" HEIGHT="21" WC="0.93" CONTENT="och"/><SP WIDTH="16" VPOS="724" HPOS="187"/>
							<String ID="string_216" HPOS="203" VPOS="723" WIDTH="144" HEIGHT="21" WC="0.90" CONTENT="statsverkets"/><SP WIDTH="15" VPOS="723" HPOS="347"/>
							<String ID="string_217" HPOS="362" VPOS="722" WIDTH="83" HEIGHT="21" WC="0.96" CONTENT="fonder."/><SP WIDTH="32" VPOS="722" HPOS="445"/>
							<String ID="string_218" HPOS="477" VPOS="722" WIDTH="69" HEIGHT="20" WC="0.96" CONTENT="Bland"/><SP WIDTH="17" VPOS="722" HPOS="546"/>
							<String ID="string_219" HPOS="563" VPOS="722" WIDTH="26" HEIGHT="20" WC="0.96" CONTENT="de"/><SP WIDTH="17" VPOS="722" HPOS="589"/>
							<String ID="string_220" HPOS="606" VPOS="722" WIDTH="71" HEIGHT="21" WC="0.96" CONTENT="vilkor"/><SP WIDTH="16" VPOS="722" HPOS="677"/>
							<String ID="string_221" HPOS="693" VPOS="729" WIDTH="44" HEIGHT="14" WC="0.93" CONTENT="som"/><SP WIDTH="17" VPOS="729" HPOS="737"/>
							<String ID="string_222" HPOS="754" VPOS="722" WIDTH="73" HEIGHT="21" WC="0.92" CONTENT="dervid"/><SP WIDTH="12" VPOS="722" HPOS="827"/>
							<String ID="string_223" HPOS="839" VPOS="725" WIDTH="59" HEIGHT="18" WC="0.92" CONTENT="anto-"/>
						</TextLine>
						<TextLine ID="line_23" HPOS="76" VPOS="750" WIDTH="823" HEIGHT="31">
							<String ID="string_224" HPOS="76" VPOS="760" WIDTH="40" HEIGHT="21" WC="0.90" CONTENT="gos"/><SP WIDTH="15" VPOS="760" HPOS="116"/>
							<String ID="string_225" HPOS="131" VPOS="760" WIDTH="39" HEIGHT="14" WC="0.96" CONTENT="var"/><SP WIDTH="15" VPOS="760" HPOS="170"/>
							<String ID="string_226" HPOS="185" VPOS="752" WIDTH="62" HEIGHT="21" WC="0.96" CONTENT="äfven"/><SP WIDTH="17" VPOS="752" HPOS="247"/>
							<String ID="string_227" HPOS="264" VPOS="754" WIDTH="37" HEIGHT="22" WC="0.96" CONTENT="ett,"/><SP WIDTH="17" VPOS="754" HPOS="301"/>
							<String ID="string_228" HPOS="318" VPOS="758" WIDTH="45" HEIGHT="13" WC="0.93" CONTENT="som"/><SP WIDTH="16" VPOS="758" HPOS="363"/>
							<String ID="string_229" HPOS="379" VPOS="751" WIDTH="115" HEIGHT="21" WC="0.92" CONTENT="förefinnes"/><SP WIDTH="15" VPOS="751" HPOS="494"/>
							<String ID="string_230" HPOS="509" VPOS="751" WIDTH="7" HEIGHT="20" WC="0.96" CONTENT="i"/><SP WIDTH="16" VPOS="751" HPOS="516"/>
							<String ID="string_231" HPOS="532" VPOS="750" WIDTH="67" HEIGHT="21" WC="0.96" CONTENT="andra"/><SP WIDTH="16" VPOS="750" HPOS="599"/>
							<String ID="string_232" HPOS="615" VPOS="751" WIDTH="86" HEIGHT="27" WC="0.96" CONTENT="stycket"/><SP WIDTH="15" VPOS="751" HPOS="701"/>
							<String ID="string_233" HPOS="716" VPOS="751" WIDTH="78" HEIGHT="27" WC="0.96" CONTENT="pagina"/><SP WIDTH="15" VPOS="751" HPOS="794"/>
							<String ID="string_234" HPOS="809" VPOS="752" WIDTH="13" HEIGHT="20" WC="0.96" CONTENT="2"/><SP WIDTH="16" VPOS="752" HPOS="822"/>
							<String ID="string_235" HPOS="838" VPOS="751" WIDTH="6" HEIGHT="21" WC="0.93" CONTENT="i"/><SP WIDTH="19" VPOS="751" HPOS="844"/>
							<String ID="string_236" HPOS="863" VPOS="751" WIDTH="36" HEIGHT="21" WC="0.92" CONTENT="be-"/>
						</TextLine>
						<TextLine ID="line_24" HPOS="76" VPOS="779" WIDTH="824" HEIGHT="27">
							<String ID="string_237" HPOS="76" VPOS="782" WIDTH="127" HEIGHT="21" WC="0.96" CONTENT="tänkandet."/><SP WIDTH="30" VPOS="782" HPOS="203"/>
							<String ID="string_238" HPOS="233" VPOS="780" WIDTH="34" HEIGHT="22" WC="0.96" CONTENT="Nu"/><SP WIDTH="22" VPOS="780" HPOS="267"/>
							<String ID="string_239" HPOS="289" VPOS="780" WIDTH="40" HEIGHT="20" WC="0.93" CONTENT="har"/><SP WIDTH="23" VPOS="780" HPOS="329"/>
							<String ID="string_240" HPOS="352" VPOS="779" WIDTH="165" HEIGHT="21" WC="0.92" CONTENT="bankutskottet"/><SP WIDTH="20" VPOS="779" HPOS="517"/>
							<String ID="string_241" HPOS="537" VPOS="779" WIDTH="7" HEIGHT="21" WC="0.96" CONTENT="i"/><SP WIDTH="21" VPOS="779" HPOS="544"/>
							<String ID="string_242" HPOS="565" VPOS="779" WIDTH="36" HEIGHT="21" WC="0.96" CONTENT="det"/><SP WIDTH="16" VPOS="779" HPOS="601"/>
							<String ID="string_243" HPOS="617" VPOS="779" WIDTH="88" HEIGHT="27" WC="0.96" CONTENT="förslag,"/><SP WIDTH="16" VPOS="779" HPOS="705"/>
							<String ID="string_244" HPOS="721" VPOS="786" WIDTH="44" HEIGHT="14" WC="0.97" CONTENT="som"/><SP WIDTH="16" VPOS="786" HPOS="765"/>
							<String ID="string_245" HPOS="781" VPOS="780" WIDTH="31" HEIGHT="20" WC="0.93" CONTENT="uti"/><SP WIDTH="13" VPOS="780" HPOS="812"/>
							<String ID="string_246" HPOS="825" VPOS="779" WIDTH="75" HEIGHT="21" WC="0.92" CONTENT="betän-"/>
						</TextLine>
						<TextLine ID="line_25" HPOS="77" VPOS="808" WIDTH="822" HEIGHT="28">
							<String ID="string_247" HPOS="77" VPOS="811" WIDTH="81" HEIGHT="21" WC="0.92" CONTENT="kandet"/><SP WIDTH="23" VPOS="811" HPOS="158"/>
							<String ID="string_248" HPOS="181" VPOS="816" WIDTH="33" HEIGHT="14" WC="0.95" CONTENT="n:o"/><SP WIDTH="21" VPOS="816" HPOS="214"/>
							<String ID="string_249" HPOS="235" VPOS="810" WIDTH="12" HEIGHT="20" WC="0.95" CONTENT="9"/><SP WIDTH="18" VPOS="810" HPOS="247"/>
							<String ID="string_250" HPOS="265" VPOS="808" WIDTH="130" HEIGHT="22" WC="0.96" CONTENT="framställes"/><SP WIDTH="19" VPOS="808" HPOS="395"/>
							<String ID="string_251" HPOS="414" VPOS="808" WIDTH="31" HEIGHT="21" WC="0.96" CONTENT="till"/><SP WIDTH="16" VPOS="808" HPOS="445"/>
							<String ID="string_252" HPOS="461" VPOS="808" WIDTH="127" HEIGHT="27" WC="0.95" CONTENT="antagande,"/><SP WIDTH="17" VPOS="808" HPOS="588"/>
							<String ID="string_253" HPOS="605" VPOS="808" WIDTH="36" HEIGHT="20" WC="0.96" CONTENT="väl"/><SP WIDTH="16" VPOS="808" HPOS="641"/>
							<String ID="string_254" HPOS="657" VPOS="808" WIDTH="178" HEIGHT="28" WC="0.95" CONTENT="hufvudsakligen"/><SP WIDTH="15" VPOS="808" HPOS="835"/>
							<String ID="string_255" HPOS="850" VPOS="808" WIDTH="49" HEIGHT="28" WC="0.96" CONTENT="följt"/>
						</TextLine>
						<TextLine ID="line_26" HPOS="78" VPOS="836" WIDTH="821" HEIGHT="31">
							<String ID="string_256" HPOS="78" VPOS="840" WIDTH="26" HEIGHT="20" WC="0.96" CONTENT="de"/><SP WIDTH="16" VPOS="840" HPOS="104"/>
							<String ID="string_257" HPOS="120" VPOS="838" WIDTH="100" HEIGHT="29" WC="0.96" CONTENT="grunder,"/><SP WIDTH="20" VPOS="838" HPOS="220"/>
							<String ID="string_258" HPOS="240" VPOS="844" WIDTH="45" HEIGHT="14" WC="0.96" CONTENT="som"/><SP WIDTH="16" VPOS="844" HPOS="285"/>
							<String ID="string_259" HPOS="301" VPOS="837" WIDTH="27" HEIGHT="20" WC="0.93" CONTENT="då"/><SP WIDTH="16" VPOS="837" HPOS="328"/>
							<String ID="string_260" HPOS="344" VPOS="839" WIDTH="91" HEIGHT="25" WC="0.91" CONTENT="antogos"/><SP WIDTH="16" VPOS="839" HPOS="435"/>
							<String ID="string_261" HPOS="451" VPOS="836" WIDTH="22" HEIGHT="21" WC="0.96" CONTENT="af"/><SP WIDTH="13" VPOS="836" HPOS="473"/>
							<String ID="string_262" HPOS="486" VPOS="836" WIDTH="153" HEIGHT="28" WC="0.96" CONTENT="ridderskapet"/><SP WIDTH="16" VPOS="836" HPOS="639"/>
							<String ID="string_263" HPOS="655" VPOS="836" WIDTH="39" HEIGHT="22" WC="0.96" CONTENT="och"/><SP WIDTH="16" VPOS="836" HPOS="694"/>
							<String ID="string_264" HPOS="710" VPOS="836" WIDTH="69" HEIGHT="21" WC="0.88" CONTENT="adeln."/><SP WIDTH="29" VPOS="836" HPOS="779"/>
							<String ID="string_265" HPOS="808" VPOS="836" WIDTH="91" HEIGHT="22" WC="0.88" CONTENT="Utskot-"/>
						</TextLine>
						<TextLine ID="line_27" HPOS="78" VPOS="865" WIDTH="821" HEIGHT="29">
							<String ID="string_266" HPOS="78" VPOS="870" WIDTH="32" HEIGHT="19" WC="0.96" CONTENT="tet"/><SP WIDTH="17" VPOS="870" HPOS="110"/>
							<String ID="string_267" HPOS="127" VPOS="868" WIDTH="38" HEIGHT="20" WC="0.93" CONTENT="har"/><SP WIDTH="16" VPOS="868" HPOS="165"/>
							<String ID="string_268" HPOS="181" VPOS="867" WIDTH="106" HEIGHT="27" WC="0.90" CONTENT="nemligen"/><SP WIDTH="17" VPOS="867" HPOS="287"/>
							<String ID="string_269" HPOS="304" VPOS="866" WIDTH="84" HEIGHT="24" WC="0.95" CONTENT="uttalat,"/><SP WIDTH="17" VPOS="866" HPOS="388"/>
							<String ID="string_270" HPOS="405" VPOS="868" WIDTH="31" HEIGHT="18" WC="0.96" CONTENT="att"/><SP WIDTH="16" VPOS="868" HPOS="436"/>
							<String ID="string_271" HPOS="452" VPOS="865" WIDTH="36" HEIGHT="21" WC="0.96" CONTENT="det"/><SP WIDTH="16" VPOS="865" HPOS="488"/>
							<String ID="string_272" HPOS="504" VPOS="865" WIDTH="47" HEIGHT="21" WC="0.96" CONTENT="icke"/><SP WIDTH="15" VPOS="865" HPOS="551"/>
							<String ID="string_273" HPOS="566" VPOS="865" WIDTH="69" HEIGHT="21" WC="0.91" CONTENT="borde"/><SP WIDTH="11" VPOS="865" HPOS="635"/>
							<String ID="string_274" HPOS="646" VPOS="865" WIDTH="97" HEIGHT="27" WC="0.91" CONTENT="förbises,"/><SP WIDTH="11" VPOS="865" HPOS="743"/>
							<String ID="string_275" HPOS="754" VPOS="867" WIDTH="32" HEIGHT="19" WC="0.96" CONTENT="att"/><SP WIDTH="10" VPOS="867" HPOS="786"/>
							<String ID="string_276" HPOS="796" VPOS="865" WIDTH="103" HEIGHT="21" WC="0.96" CONTENT="Finlands"/>
						</TextLine>
						<TextLine ID="line_28" HPOS="77" VPOS="894" WIDTH="822" HEIGHT="27">
							<String ID="string_277" HPOS="77" VPOS="896" WIDTH="59" HEIGHT="22" WC="0.96" CONTENT="bank"/><SP WIDTH="22" VPOS="896" HPOS="136"/>
							<String ID="string_278" HPOS="158" VPOS="897" WIDTH="70" HEIGHT="19" WC="0.96" CONTENT="såsom"/><SP WIDTH="24" VPOS="897" HPOS="228"/>
							<String ID="string_279" HPOS="252" VPOS="894" WIDTH="65" HEIGHT="22" WC="0.96" CONTENT="sådan"/><SP WIDTH="23" VPOS="894" HPOS="317"/>
							<String ID="string_280" HPOS="340" VPOS="894" WIDTH="113" HEIGHT="20" WC="0.93" CONTENT="förmedlat"/><SP WIDTH="23" VPOS="894" HPOS="453"/>
							<String ID="string_281" HPOS="476" VPOS="894" WIDTH="144" HEIGHT="20" WC="0.91" CONTENT="statsverkets"/><SP WIDTH="24" VPOS="894" HPOS="620"/>
							<String ID="string_282" HPOS="644" VPOS="894" WIDTH="84" HEIGHT="27" WC="0.93" CONTENT="affärer;"/><SP WIDTH="21" VPOS="894" HPOS="728"/>
							<String ID="string_283" HPOS="749" VPOS="894" WIDTH="95" HEIGHT="21" WC="0.92" CONTENT="deremot"/><SP WIDTH="16" VPOS="894" HPOS="844"/>
							<String ID="string_284" HPOS="860" VPOS="894" WIDTH="39" HEIGHT="21" WC="0.96" CONTENT="har"/>
						</TextLine>
						<TextLine ID="line_29" HPOS="79" VPOS="922" WIDTH="820" HEIGHT="28">
							<String ID="string_285" HPOS="79" VPOS="925" WIDTH="165" HEIGHT="21" WC="0.91" CONTENT="bankutskottet"/><SP WIDTH="15" VPOS="925" HPOS="244"/>
							<String ID="string_286" HPOS="259" VPOS="924" WIDTH="80" HEIGHT="20" WC="0.91" CONTENT="lemnat"/><SP WIDTH="17" VPOS="924" HPOS="339"/>
							<String ID="string_287" HPOS="356" VPOS="923" WIDTH="47" HEIGHT="20" WC="0.95" CONTENT="bort"/><SP WIDTH="16" VPOS="923" HPOS="403"/>
							<String ID="string_288" HPOS="419" VPOS="922" WIDTH="26" HEIGHT="21" WC="0.96" CONTENT="de"/><SP WIDTH="15" VPOS="922" HPOS="445"/>
							<String ID="string_289" HPOS="460" VPOS="922" WIDTH="123" HEIGHT="28" WC="0.93" CONTENT="föreslagna"/><SP WIDTH="20" VPOS="922" HPOS="583"/>
							<String ID="string_290" HPOS="603" VPOS="922" WIDTH="190" HEIGHT="28" WC="0.91" CONTENT="bestämningarne"/><SP WIDTH="14" VPOS="922" HPOS="793"/>
							<String ID="string_291" HPOS="807" VPOS="923" WIDTH="92" HEIGHT="21" WC="0.96" CONTENT="rörande"/>
						</TextLine>
						<TextLine ID="line_30" HPOS="78" VPOS="950" WIDTH="821" HEIGHT="29">
							<String ID="string_292" HPOS="78" VPOS="953" WIDTH="155" HEIGHT="26" WC="0.96" CONTENT="förmedlingen"/><SP WIDTH="24" VPOS="953" HPOS="233"/>
							<String ID="string_293" HPOS="257" VPOS="952" WIDTH="23" HEIGHT="20" WC="0.93" CONTENT="af"/><SP WIDTH="20" VPOS="952" HPOS="280"/>
							<String ID="string_294" HPOS="300" VPOS="951" WIDTH="142" HEIGHT="20" WC="0.92" CONTENT="statsverkets"/><SP WIDTH="24" VPOS="951" HPOS="442"/>
							<String ID="string_295" HPOS="466" VPOS="951" WIDTH="200" HEIGHT="28" WC="0.91" CONTENT="penningeliqvider"/><SP WIDTH="19" VPOS="951" HPOS="666"/>
							<String ID="string_296" HPOS="685" VPOS="952" WIDTH="57" HEIGHT="19" WC="0.96" CONTENT="inom"/><SP WIDTH="15" VPOS="952" HPOS="742"/>
							<String ID="string_297" HPOS="757" VPOS="950" WIDTH="79" HEIGHT="21" WC="0.94" CONTENT="landet."/><SP WIDTH="30" VPOS="950" HPOS="836"/>
							<String ID="string_298" HPOS="866" VPOS="951" WIDTH="33" HEIGHT="21" WC="0.96" CONTENT="På"/>
						</TextLine>
						<TextLine ID="line_31" HPOS="78" VPOS="979" WIDTH="821" HEIGHT="30">
							<String ID="string_299" HPOS="78" VPOS="982" WIDTH="79" HEIGHT="27" WC="0.95" CONTENT="pagina"/><SP WIDTH="24" VPOS="982" HPOS="157"/>
							<String ID="string_300" HPOS="181" VPOS="982" WIDTH="12" HEIGHT="19" WC="0.95" CONTENT="6"/><SP WIDTH="23" VPOS="982" HPOS="193"/>
							<String ID="string_301" HPOS="216" VPOS="980" WIDTH="66" HEIGHT="21" WC="0.96" CONTENT="andra"/><SP WIDTH="19" VPOS="980" HPOS="282"/>
							<String ID="string_302" HPOS="301" VPOS="979" WIDTH="92" HEIGHT="28" WC="0.96" CONTENT="stycket,"/><SP WIDTH="16" VPOS="979" HPOS="393"/>
							<String ID="string_303" HPOS="409" VPOS="979" WIDTH="38" HEIGHT="21" WC="0.96" CONTENT="der"/><SP WIDTH="18" VPOS="979" HPOS="447"/>
							<String ID="string_304" HPOS="465" VPOS="979" WIDTH="173" HEIGHT="21" WC="0.96" CONTENT="bestämmandet"/><SP WIDTH="18" VPOS="979" HPOS="638"/>
							<String ID="string_305" HPOS="656" VPOS="979" WIDTH="74" HEIGHT="21" WC="0.96" CONTENT="härom"/><SP WIDTH="23" VPOS="979" HPOS="730"/>
							<String ID="string_306" HPOS="753" VPOS="979" WIDTH="48" HEIGHT="20" WC="0.93" CONTENT="bort"/><SP WIDTH="15" VPOS="979" HPOS="801"/>
							<String ID="string_307" HPOS="816" VPOS="979" WIDTH="83" HEIGHT="28" WC="0.91" CONTENT="inflyta,"/>
						</TextLine>
						<TextLine ID="line_32" HPOS="78" VPOS="1007" WIDTH="821" HEIGHT="28">
							<String ID="string_308" HPOS="78" VPOS="1011" WIDTH="91" HEIGHT="20" WC="0.96" CONTENT="föreslår"/><SP WIDTH="15" VPOS="1011" HPOS="169"/>
							<String ID="string_309" HPOS="184" VPOS="1009" WIDTH="105" HEIGHT="21" WC="0.96" CONTENT="utskottet"/><SP WIDTH="15" VPOS="1009" HPOS="289"/>
							<String ID="string_310" HPOS="304" VPOS="1010" WIDTH="33" HEIGHT="19" WC="0.96" CONTENT="att"/><SP WIDTH="16" VPOS="1010" HPOS="337"/>
							<String ID="string_311" HPOS="353" VPOS="1008" WIDTH="116" HEIGHT="21" WC="0.96" CONTENT="ständerna"/><SP WIDTH="15" VPOS="1008" HPOS="469"/>
							<String ID="string_312" HPOS="484" VPOS="1008" WIDTH="66" HEIGHT="21" WC="0.96" CONTENT="måtte"/><SP WIDTH="15" VPOS="1008" HPOS="550"/>
							<String ID="string_313" HPOS="565" VPOS="1008" WIDTH="120" HEIGHT="27" WC="0.96" CONTENT="framlägga"/><SP WIDTH="14" VPOS="1008" HPOS="685"/>
							<String ID="string_314" HPOS="699" VPOS="1007" WIDTH="143" HEIGHT="28" WC="0.93" CONTENT="underdånigt"/><SP WIDTH="15" VPOS="1007" HPOS="842"/>
							<String ID="string_315" HPOS="857" VPOS="1008" WIDTH="42" HEIGHT="21" WC="0.92" CONTENT="för-"/>
						</TextLine>
						<TextLine ID="line_33" HPOS="79" VPOS="1036" WIDTH="820" HEIGHT="30">
							<String ID="string_316" HPOS="79" VPOS="1039" WIDTH="46" HEIGHT="27" WC="0.96" CONTENT="slag"/><SP WIDTH="17" VPOS="1039" HPOS="125"/>
							<String ID="string_317" HPOS="142" VPOS="1038" WIDTH="80" HEIGHT="26" WC="0.96" CONTENT="derom,"/><SP WIDTH="17" VPOS="1038" HPOS="222"/>
							<String ID="string_318" HPOS="239" VPOS="1039" WIDTH="30" HEIGHT="19" WC="0.96" CONTENT="att"/><SP WIDTH="16" VPOS="1039" HPOS="269"/>
							<String ID="string_319" HPOS="285" VPOS="1037" WIDTH="102" HEIGHT="20" WC="0.96" CONTENT="Finlands"/><SP WIDTH="15" VPOS="1037" HPOS="387"/>
							<String ID="string_320" HPOS="402" VPOS="1036" WIDTH="59" HEIGHT="21" WC="0.96" CONTENT="bank"/><SP WIDTH="15" VPOS="1036" HPOS="461"/>
							<String ID="string_321" HPOS="476" VPOS="1037" WIDTH="27" HEIGHT="27" WC="0.97" CONTENT="på"/><SP WIDTH="16" VPOS="1037" HPOS="503"/>
							<String ID="string_322" HPOS="519" VPOS="1036" WIDTH="26" HEIGHT="21" WC="0.96" CONTENT="de"/><SP WIDTH="16" VPOS="1036" HPOS="545"/>
							<String ID="string_323" HPOS="561" VPOS="1038" WIDTH="59" HEIGHT="19" WC="0.96" CONTENT="orter"/><SP WIDTH="15" VPOS="1038" HPOS="620"/>
							<String ID="string_324" HPOS="635" VPOS="1037" WIDTH="7" HEIGHT="20" WC="0.96" CONTENT="i"/><SP WIDTH="15" VPOS="1037" HPOS="642"/>
							<String ID="string_325" HPOS="657" VPOS="1036" WIDTH="107" HEIGHT="28" WC="0.96" CONTENT="Ryssland"/><SP WIDTH="16" VPOS="1036" HPOS="764"/>
							<String ID="string_326" HPOS="780" VPOS="1036" WIDTH="39" HEIGHT="21" WC="0.93" CONTENT="och"/><SP WIDTH="10" VPOS="1036" HPOS="819"/>
							<String ID="string_327" HPOS="829" VPOS="1037" WIDTH="70" HEIGHT="20" WC="0.92" CONTENT="utlan-"/>
						</TextLine>
						<TextLine ID="line_34" HPOS="78" VPOS="1065" WIDTH="822" HEIGHT="28">
							<String ID="string_328" HPOS="78" VPOS="1067" WIDTH="44" HEIGHT="26" WC="0.96" CONTENT="det,"/><SP WIDTH="18" VPOS="1067" HPOS="122"/>
							<String ID="string_329" HPOS="140" VPOS="1067" WIDTH="86" HEIGHT="21" WC="0.96" CONTENT="hvarest"/><SP WIDTH="16" VPOS="1067" HPOS="226"/>
							<String ID="string_330" HPOS="242" VPOS="1065" WIDTH="84" HEIGHT="22" WC="0.96" CONTENT="banken"/><SP WIDTH="17" VPOS="1065" HPOS="326"/>
							<String ID="string_331" HPOS="343" VPOS="1065" WIDTH="39" HEIGHT="20" WC="0.96" CONTENT="har"/><SP WIDTH="15" VPOS="1065" HPOS="382"/>
							<String ID="string_332" HPOS="397" VPOS="1065" WIDTH="79" HEIGHT="20" WC="0.96" CONTENT="kontor"/><SP WIDTH="16" VPOS="1065" HPOS="476"/>
							<String ID="string_333" HPOS="492" VPOS="1065" WIDTH="52" HEIGHT="21" WC="0.96" CONTENT="eller"/><SP WIDTH="16" VPOS="1065" HPOS="544"/>
							<String ID="string_334" HPOS="560" VPOS="1065" WIDTH="86" HEIGHT="26" WC="0.96" CONTENT="ombud,"/><SP WIDTH="16" VPOS="1065" HPOS="646"/>
							<String ID="string_335" HPOS="662" VPOS="1065" WIDTH="69" HEIGHT="20" WC="0.96" CONTENT="skulle"/><SP WIDTH="15" VPOS="1065" HPOS="731"/>
							<String ID="string_336" HPOS="746" VPOS="1067" WIDTH="51" HEIGHT="18" WC="0.96" CONTENT="utan"/><SP WIDTH="11" VPOS="1067" HPOS="797"/>
							<String ID="string_337" HPOS="808" VPOS="1065" WIDTH="92" HEIGHT="21" WC="0.96" CONTENT="särskild"/>
						</TextLine>
						<TextLine ID="line_35" HPOS="78" VPOS="1093" WIDTH="822" HEIGHT="31">
							<String ID="string_338" HPOS="78" VPOS="1096" WIDTH="109" HEIGHT="28" WC="0.96" CONTENT="provision"/><SP WIDTH="16" VPOS="1096" HPOS="187"/>
							<String ID="string_339" HPOS="203" VPOS="1095" WIDTH="103" HEIGHT="20" WC="0.96" CONTENT="förmedla"/><SP WIDTH="16" VPOS="1095" HPOS="306"/>
							<String ID="string_340" HPOS="322" VPOS="1094" WIDTH="26" HEIGHT="20" WC="0.93" CONTENT="de"/><SP WIDTH="16" VPOS="1094" HPOS="348"/>
							<String ID="string_341" HPOS="364" VPOS="1093" WIDTH="205" HEIGHT="28" WC="0.89" CONTENT="penningeliqvider,"/><SP WIDTH="16" VPOS="1093" HPOS="569"/>
							<String ID="string_342" HPOS="585" VPOS="1093" WIDTH="74" HEIGHT="22" WC="0.90" CONTENT="bvilka"/><SP WIDTH="15" VPOS="1093" HPOS="659"/>
							<String ID="string_343" HPOS="674" VPOS="1093" WIDTH="105" HEIGHT="28" WC="0.96" CONTENT="styrelsen"/><SP WIDTH="11" VPOS="1093" HPOS="779"/>
							<String ID="string_344" HPOS="790" VPOS="1093" WIDTH="41" HEIGHT="21" WC="0.96" CONTENT="kan"/><SP WIDTH="12" VPOS="1093" HPOS="831"/>
							<String ID="string_345" HPOS="843" VPOS="1094" WIDTH="57" HEIGHT="21" WC="0.96" CONTENT="finna"/>
						</TextLine>
						<TextLine ID="line_36" HPOS="79" VPOS="1122" WIDTH="821" HEIGHT="29">
							<String ID="string_346" HPOS="79" VPOS="1125" WIDTH="75" HEIGHT="26" WC="0.90" CONTENT="nödigt"/><SP WIDTH="23" VPOS="1125" HPOS="154"/>
							<String ID="string_347" HPOS="177" VPOS="1123" WIDTH="110" HEIGHT="28" WC="0.90" CONTENT="uppdraga"/><SP WIDTH="21" VPOS="1123" HPOS="287"/>
							<String ID="string_348" HPOS="308" VPOS="1122" WIDTH="93" HEIGHT="26" WC="0.96" CONTENT="banken,"/><SP WIDTH="18" VPOS="1122" HPOS="401"/>
							<String ID="string_349" HPOS="419" VPOS="1123" WIDTH="68" HEIGHT="26" WC="0.96" CONTENT="jemte"/><SP WIDTH="20" VPOS="1123" HPOS="487"/>
							<String ID="string_350" HPOS="507" VPOS="1122" WIDTH="36" HEIGHT="21" WC="0.96" CONTENT="det"/><SP WIDTH="16" VPOS="1122" HPOS="543"/>
							<String ID="string_351" HPOS="559" VPOS="1122" WIDTH="86" HEIGHT="21" WC="0.96" CONTENT="banken"/><SP WIDTH="15" VPOS="1122" HPOS="645"/>
							<String ID="string_352" HPOS="660" VPOS="1122" WIDTH="132" HEIGHT="21" WC="0.96" CONTENT="fortfarande"/><SP WIDTH="15" VPOS="1122" HPOS="792"/>
							<String ID="string_353" HPOS="807" VPOS="1123" WIDTH="26" HEIGHT="26" WC="0.93" CONTENT="på"/><SP WIDTH="17" VPOS="1123" HPOS="833"/>
							<String ID="string_354" HPOS="850" VPOS="1129" WIDTH="50" HEIGHT="14" WC="0.92" CONTENT="ena-"/>
						</TextLine>
						<TextLine ID="line_37" HPOS="80" VPOS="1151" WIDTH="820" HEIGHT="28">
							<String ID="string_355" HPOS="80" VPOS="1153" WIDTH="70" HEIGHT="21" WC="0.95" CONTENT="handa"/><SP WIDTH="23" VPOS="1153" HPOS="150"/>
							<String ID="string_356" HPOS="173" VPOS="1152" WIDTH="69" HEIGHT="21" WC="0.95" CONTENT="vilkor"/><SP WIDTH="19" VPOS="1152" HPOS="242"/>
							<String ID="string_357" HPOS="261" VPOS="1151" WIDTH="68" HEIGHT="21" WC="0.96" CONTENT="skulle"/><SP WIDTH="20" VPOS="1151" HPOS="329"/>
							<String ID="string_358" HPOS="349" VPOS="1151" WIDTH="122" HEIGHT="28" WC="0.96" CONTENT="ombesörja"/><SP WIDTH="20" VPOS="1151" HPOS="471"/>
							<String ID="string_359" HPOS="491" VPOS="1151" WIDTH="42" HEIGHT="20" WC="0.96" CONTENT="alla"/><SP WIDTH="15" VPOS="1151" HPOS="533"/>
							<String ID="string_360" HPOS="548" VPOS="1151" WIDTH="27" HEIGHT="20" WC="0.96" CONTENT="de"/><SP WIDTH="14" VPOS="1151" HPOS="575"/>
							<String ID="string_361" HPOS="589" VPOS="1151" WIDTH="163" HEIGHT="27" WC="0.96" CONTENT="förrättningar,"/><SP WIDTH="16" VPOS="1151" HPOS="752"/>
							<String ID="string_362" HPOS="768" VPOS="1157" WIDTH="45" HEIGHT="14" WC="0.93" CONTENT="som"/><SP WIDTH="16" VPOS="1157" HPOS="813"/>
							<String ID="string_363" HPOS="829" VPOS="1151" WIDTH="71" HEIGHT="28" WC="0.96" CONTENT="åligga"/>
						</TextLine>
						<TextLine ID="line_38" HPOS="80" VPOS="1179" WIDTH="820" HEIGHT="29">
							<String ID="string_364" HPOS="80" VPOS="1182" WIDTH="86" HEIGHT="21" WC="0.95" CONTENT="banken"/><SP WIDTH="23" VPOS="1182" HPOS="166"/>
							<String ID="string_365" HPOS="189" VPOS="1181" WIDTH="67" HEIGHT="27" WC="0.92" CONTENT="enligt"/><SP WIDTH="22" VPOS="1181" HPOS="256"/>
							<String ID="string_366" HPOS="278" VPOS="1179" WIDTH="95" HEIGHT="22" WC="0.96" CONTENT="citerade"/><SP WIDTH="20" VPOS="1179" HPOS="373"/>
							<String ID="string_367" HPOS="393" VPOS="1179" WIDTH="156" HEIGHT="28" WC="0.95" CONTENT="förordningar,"/><SP WIDTH="17" VPOS="1179" HPOS="549"/>
							<String ID="string_368" HPOS="566" VPOS="1179" WIDTH="74" HEIGHT="22" WC="0.92" CONTENT="hvilka"/><SP WIDTH="15" VPOS="1179" HPOS="640"/>
							<String ID="string_369" HPOS="655" VPOS="1179" WIDTH="45" HEIGHT="21" WC="0.91" CONTENT="afse"/><SP WIDTH="15" VPOS="1179" HPOS="700"/>
							<String ID="string_370" HPOS="715" VPOS="1179" WIDTH="7" HEIGHT="20" WC="0.96" CONTENT="i"/><SP WIDTH="15" VPOS="1179" HPOS="722"/>
							<String ID="string_371" HPOS="737" VPOS="1179" WIDTH="107" HEIGHT="28" WC="0.96" CONTENT="Ryssland"/><SP WIDTH="16" VPOS="1179" HPOS="844"/>
							<String ID="string_372" HPOS="860" VPOS="1180" WIDTH="40" HEIGHT="21" WC="0.96" CONTENT="och"/>
						</TextLine>
						<TextLine ID="line_39" HPOS="80" VPOS="1207" WIDTH="820" HEIGHT="30">
							<String ID="string_373" HPOS="80" VPOS="1210" WIDTH="97" HEIGHT="21" WC="0.96" CONTENT="utlandet"/><SP WIDTH="16" VPOS="1210" HPOS="177"/>
							<String ID="string_374" HPOS="193" VPOS="1212" WIDTH="110" HEIGHT="25" WC="0.96" CONTENT="upptagna"/><SP WIDTH="15" VPOS="1212" HPOS="303"/>
							<String ID="string_375" HPOS="318" VPOS="1208" WIDTH="41" HEIGHT="21" WC="0.96" CONTENT="lån."/><SP WIDTH="28" VPOS="1208" HPOS="359"/>
							<String ID="string_376" HPOS="387" VPOS="1209" WIDTH="49" HEIGHT="20" WC="0.96" CONTENT="Men"/><SP WIDTH="17" VPOS="1209" HPOS="436"/>
							<String ID="string_377" HPOS="453" VPOS="1208" WIDTH="38" HEIGHT="21" WC="0.96" CONTENT="här"/><SP WIDTH="15" VPOS="1208" HPOS="491"/>
							<String ID="string_378" HPOS="506" VPOS="1208" WIDTH="69" HEIGHT="21" WC="0.96" CONTENT="finnes"/><SP WIDTH="10" VPOS="1208" HPOS="575"/>
							<String ID="string_379" HPOS="585" VPOS="1208" WIDTH="113" HEIGHT="27" WC="0.96" CONTENT="ingenting"/><SP WIDTH="10" VPOS="1208" HPOS="698"/>
							<String ID="string_380" HPOS="708" VPOS="1207" WIDTH="73" HEIGHT="21" WC="0.93" CONTENT="derom"/><SP WIDTH="12" VPOS="1207" HPOS="781"/>
							<String ID="string_381" HPOS="793" VPOS="1208" WIDTH="107" HEIGHT="28" WC="0.91" CONTENT="stadgadt,"/>
						</TextLine>
						<TextLine ID="line_40" HPOS="80" VPOS="1236" WIDTH="821" HEIGHT="28">
							<String ID="string_382" HPOS="80" VPOS="1241" WIDTH="32" HEIGHT="19" WC="0.96" CONTENT="att"/><SP WIDTH="16" VPOS="1241" HPOS="112"/>
							<String ID="string_383" HPOS="128" VPOS="1238" WIDTH="84" HEIGHT="21" WC="0.95" CONTENT="banken"/><SP WIDTH="17" VPOS="1238" HPOS="212"/>
							<String ID="string_384" HPOS="229" VPOS="1238" WIDTH="67" HEIGHT="20" WC="0.96" CONTENT="skulle"/><SP WIDTH="16" VPOS="1238" HPOS="296"/>
							<String ID="string_385" HPOS="312" VPOS="1237" WIDTH="133" HEIGHT="21" WC="0.96" CONTENT="fortfarande"/><SP WIDTH="16" VPOS="1237" HPOS="445"/>
							<String ID="string_386" HPOS="461" VPOS="1237" WIDTH="28" HEIGHT="27" WC="0.96" CONTENT="på"/><SP WIDTH="15" VPOS="1237" HPOS="489"/>
							<String ID="string_387" HPOS="504" VPOS="1244" WIDTH="81" HEIGHT="13" WC="0.95" CONTENT="samma"/><SP WIDTH="16" VPOS="1244" HPOS="585"/>
							<String ID="string_388" HPOS="601" VPOS="1237" WIDTH="70" HEIGHT="20" WC="0.96" CONTENT="vilkor"/><SP WIDTH="15" VPOS="1237" HPOS="671"/>
							<String ID="string_389" HPOS="686" VPOS="1236" WIDTH="52" HEIGHT="21" WC="0.96" CONTENT="eller"/><SP WIDTH="11" VPOS="1236" HPOS="738"/>
							<String ID="string_390" HPOS="749" VPOS="1238" WIDTH="49" HEIGHT="19" WC="0.96" CONTENT="utan"/><SP WIDTH="12" VPOS="1238" HPOS="798"/>
							<String ID="string_391" HPOS="810" VPOS="1237" WIDTH="91" HEIGHT="21" WC="0.96" CONTENT="särskild"/>
						</TextLine>
						<TextLine ID="line_41" HPOS="80" VPOS="1265" WIDTH="822" HEIGHT="30">
							<String ID="string_392" HPOS="80" VPOS="1267" WIDTH="138" HEIGHT="28" WC="0.90" CONTENT="godtgörelse"/><SP WIDTH="23" VPOS="1267" HPOS="218"/>
							<String ID="string_393" HPOS="241" VPOS="1266" WIDTH="56" HEIGHT="21" WC="0.95" CONTENT="inom"/><SP WIDTH="23" VPOS="1266" HPOS="297"/>
							<String ID="string_394" HPOS="320" VPOS="1265" WIDTH="73" HEIGHT="21" WC="0.95" CONTENT="landet"/><SP WIDTH="23" VPOS="1265" HPOS="393"/>
							<String ID="string_395" HPOS="416" VPOS="1265" WIDTH="122" HEIGHT="28" WC="0.96" CONTENT="ombesörja"/><SP WIDTH="21" VPOS="1265" HPOS="538"/>
							<String ID="string_396" HPOS="559" VPOS="1265" WIDTH="31" HEIGHT="21" WC="0.93" CONTENT="för"/><SP WIDTH="19" VPOS="1265" HPOS="590"/>
							<String ID="string_397" HPOS="609" VPOS="1265" WIDTH="133" HEIGHT="21" WC="0.92" CONTENT="statsverket"/><SP WIDTH="15" VPOS="1265" HPOS="742"/>
							<String ID="string_398" HPOS="757" VPOS="1265" WIDTH="89" HEIGHT="28" WC="0.92" CONTENT="liqvider"/><SP WIDTH="15" VPOS="1265" HPOS="846"/>
							<String ID="string_399" HPOS="861" VPOS="1265" WIDTH="41" HEIGHT="22" WC="0.96" CONTENT="och"/>
						</TextLine>
						<TextLine ID="line_42" HPOS="80" VPOS="1293" WIDTH="822" HEIGHT="29">
							<String ID="string_400" HPOS="80" VPOS="1296" WIDTH="167" HEIGHT="25" WC="0.95" CONTENT="transaktioner,"/><SP WIDTH="23" VPOS="1296" HPOS="247"/>
							<String ID="string_401" HPOS="270" VPOS="1294" WIDTH="71" HEIGHT="22" WC="0.95" CONTENT="hvilka"/><SP WIDTH="20" VPOS="1294" HPOS="341"/>
							<String ID="string_402" HPOS="361" VPOS="1294" WIDTH="83" HEIGHT="27" WC="0.96" CONTENT="grunda"/><SP WIDTH="20" VPOS="1294" HPOS="444"/>
							<String ID="string_403" HPOS="464" VPOS="1295" WIDTH="33" HEIGHT="26" WC="0.95" CONTENT="sig"/><SP WIDTH="15" VPOS="1295" HPOS="497"/>
							<String ID="string_404" HPOS="512" VPOS="1294" WIDTH="102" HEIGHT="27" WC="0.95" CONTENT="antingen"/><SP WIDTH="16" VPOS="1294" HPOS="614"/>
							<String ID="string_405" HPOS="630" VPOS="1295" WIDTH="27" HEIGHT="27" WC="0.96" CONTENT="på"/><SP WIDTH="15" VPOS="1295" HPOS="657"/>
							<String ID="string_406" HPOS="672" VPOS="1294" WIDTH="41" HEIGHT="25" WC="0.96" CONTENT="lån,"/><SP WIDTH="16" VPOS="1294" HPOS="713"/>
							<String ID="string_407" HPOS="729" VPOS="1301" WIDTH="45" HEIGHT="13" WC="0.96" CONTENT="som"/><SP WIDTH="15" VPOS="1301" HPOS="774"/>
							<String ID="string_408" HPOS="789" VPOS="1293" WIDTH="33" HEIGHT="21" WC="0.93" CONTENT="för"/><SP WIDTH="16" VPOS="1293" HPOS="822"/>
							<String ID="string_409" HPOS="838" VPOS="1296" WIDTH="64" HEIGHT="19" WC="0.93" CONTENT="stats-"/>
						</TextLine>
						<TextLine ID="line_43" HPOS="80" VPOS="1322" WIDTH="822" HEIGHT="29">
							<String ID="string_410" HPOS="80" VPOS="1325" WIDTH="89" HEIGHT="21" WC="0.96" CONTENT="verkets"/><SP WIDTH="16" VPOS="1325" HPOS="169"/>
							<String ID="string_411" HPOS="185" VPOS="1323" WIDTH="90" HEIGHT="28" WC="0.96" CONTENT="räkning"/><SP WIDTH="15" VPOS="1323" HPOS="275"/>
							<String ID="string_412" HPOS="290" VPOS="1323" WIDTH="111" HEIGHT="28" WC="0.96" CONTENT="upptagits"/><SP WIDTH="16" VPOS="1323" HPOS="401"/>
							<String ID="string_413" HPOS="417" VPOS="1323" WIDTH="52" HEIGHT="20" WC="0.95" CONTENT="eller"/><SP WIDTH="16" VPOS="1323" HPOS="469"/>
							<String ID="string_414" HPOS="485" VPOS="1323" WIDTH="86" HEIGHT="20" WC="0.96" CONTENT="komma"/><SP WIDTH="16" VPOS="1323" HPOS="571"/>
							<String ID="string_415" HPOS="587" VPOS="1325" WIDTH="32" HEIGHT="19" WC="0.95" CONTENT="att"/><SP WIDTH="16" VPOS="1325" HPOS="619"/>
							<String ID="string_416" HPOS="635" VPOS="1325" WIDTH="112" HEIGHT="25" WC="0.96" CONTENT="upptagas,"/><SP WIDTH="16" VPOS="1325" HPOS="747"/>
							<String ID="string_417" HPOS="763" VPOS="1322" WIDTH="52" HEIGHT="21" WC="0.96" CONTENT="eller"/><SP WIDTH="14" VPOS="1322" HPOS="815"/>
							<String ID="string_418" HPOS="829" VPOS="1323" WIDTH="29" HEIGHT="28" WC="0.93" CONTENT="på"/><SP WIDTH="9" VPOS="1323" HPOS="858"/>
							<String ID="string_419" HPOS="867" VPOS="1324" WIDTH="35" HEIGHT="19" WC="0.92" CONTENT="ut-"/>
						</TextLine>
						<TextLine ID="line_44" HPOS="81" VPOS="1351" WIDTH="821" HEIGHT="30">
							<String ID="string_420" HPOS="81" VPOS="1353" WIDTH="73" HEIGHT="28" WC="0.92" CONTENT="låning"/><SP WIDTH="15" VPOS="1353" HPOS="154"/>
							<String ID="string_421" HPOS="169" VPOS="1353" WIDTH="23" HEIGHT="20" WC="0.92" CONTENT="af"/><SP WIDTH="13" VPOS="1353" HPOS="192"/>
							<String ID="string_422" HPOS="205" VPOS="1352" WIDTH="143" HEIGHT="21" WC="0.92" CONTENT="statsverkets"/><SP WIDTH="17" VPOS="1352" HPOS="348"/>
							<String ID="string_423" HPOS="365" VPOS="1351" WIDTH="76" HEIGHT="21" WC="0.96" CONTENT="medel."/><SP WIDTH="32" VPOS="1351" HPOS="441"/>
							<String ID="string_424" HPOS="473" VPOS="1352" WIDTH="41" HEIGHT="20" WC="0.96" CONTENT="Det"/><SP WIDTH="16" VPOS="1352" HPOS="514"/>
							<String ID="string_425" HPOS="530" VPOS="1351" WIDTH="46" HEIGHT="21" WC="0.95" CONTENT="blef"/><SP WIDTH="12" VPOS="1351" HPOS="576"/>
							<String ID="string_426" HPOS="588" VPOS="1351" WIDTH="117" HEIGHT="28" WC="0.95" CONTENT="föreslaget"/><SP WIDTH="11" VPOS="1351" HPOS="705"/>
							<String ID="string_427" HPOS="716" VPOS="1351" WIDTH="23" HEIGHT="20" WC="0.96" CONTENT="af"/><SP WIDTH="8" VPOS="1351" HPOS="739"/>
							<String ID="string_428" HPOS="747" VPOS="1351" WIDTH="50" HEIGHT="27" WC="0.96" CONTENT="mig,"/><SP WIDTH="11" VPOS="1351" HPOS="797"/>
							<String ID="string_429" HPOS="808" VPOS="1353" WIDTH="32" HEIGHT="19" WC="0.93" CONTENT="att"/><SP WIDTH="10" VPOS="1353" HPOS="840"/>
							<String ID="string_430" HPOS="850" VPOS="1351" WIDTH="52" HEIGHT="21" WC="0.92" CONTENT="ban-"/>
						</TextLine>
						<TextLine ID="line_45" HPOS="80" VPOS="1379" WIDTH="822" HEIGHT="26">
							<String ID="string_431" HPOS="80" VPOS="1382" WIDTH="43" HEIGHT="21" WC="0.96" CONTENT="ken"/><SP WIDTH="23" VPOS="1382" HPOS="123"/>
							<String ID="string_432" HPOS="146" VPOS="1381" WIDTH="88" HEIGHT="22" WC="0.96" CONTENT="dermed"/><SP WIDTH="23" VPOS="1381" HPOS="234"/>
							<String ID="string_433" HPOS="257" VPOS="1380" WIDTH="68" HEIGHT="21" WC="0.93" CONTENT="skulle"/><SP WIDTH="23" VPOS="1380" HPOS="325"/>
							<String ID="string_434" HPOS="348" VPOS="1380" WIDTH="97" HEIGHT="25" WC="0.91" CONTENT="fortfara,"/><SP WIDTH="20" VPOS="1380" HPOS="445"/>
							<String ID="string_435" HPOS="465" VPOS="1379" WIDTH="34" HEIGHT="21" WC="0.96" CONTENT="för"/><SP WIDTH="20" VPOS="1379" HPOS="499"/>
							<String ID="string_436" HPOS="519" VPOS="1382" WIDTH="31" HEIGHT="19" WC="0.96" CONTENT="att"/><SP WIDTH="20" VPOS="1382" HPOS="550"/>
							<String ID="string_437" HPOS="570" VPOS="1380" WIDTH="33" HEIGHT="21" WC="0.96" CONTENT="för"/><SP WIDTH="18" VPOS="1380" HPOS="603"/>
							<String ID="string_438" HPOS="621" VPOS="1379" WIDTH="143" HEIGHT="22" WC="0.96" CONTENT="allmänheten"/><SP WIDTH="16" VPOS="1379" HPOS="764"/>
							<String ID="string_439" HPOS="780" VPOS="1380" WIDTH="122" HEIGHT="21" WC="0.96" CONTENT="underlätta"/>
						</TextLine>
						<TextLine ID="line_46" HPOS="80" VPOS="1408" WIDTH="822" HEIGHT="30">
							<String ID="string_440" HPOS="80" VPOS="1410" WIDTH="50" HEIGHT="21" WC="0.95" CONTENT="med"/><SP WIDTH="20" VPOS="1410" HPOS="130"/>
							<String ID="string_441" HPOS="150" VPOS="1410" WIDTH="73" HEIGHT="28" WC="0.96" CONTENT="dylika"/><SP WIDTH="18" VPOS="1410" HPOS="223"/>
							<String ID="string_442" HPOS="241" VPOS="1409" WIDTH="34" HEIGHT="21" WC="0.96" CONTENT="lån"/><SP WIDTH="22" VPOS="1409" HPOS="275"/>
							<String ID="string_443" HPOS="297" VPOS="1409" WIDTH="103" HEIGHT="21" WC="0.93" CONTENT="förenade"/><SP WIDTH="16" VPOS="1409" HPOS="400"/>
							<String ID="string_444" HPOS="416" VPOS="1408" WIDTH="97" HEIGHT="29" WC="0.87" CONTENT="liqvider."/><SP WIDTH="31" VPOS="1408" HPOS="513"/>
							<String ID="string_445" HPOS="544" VPOS="1408" WIDTH="42" HEIGHT="28" WC="0.96" CONTENT="Jag"/><SP WIDTH="15" VPOS="1408" HPOS="586"/>
							<String ID="string_446" HPOS="601" VPOS="1411" WIDTH="46" HEIGHT="19" WC="0.96" CONTENT="tror"/><SP WIDTH="15" VPOS="1411" HPOS="647"/>
							<String ID="string_447" HPOS="662" VPOS="1410" WIDTH="32" HEIGHT="19" WC="0.96" CONTENT="att"/><SP WIDTH="15" VPOS="1410" HPOS="694"/>
							<String ID="string_448" HPOS="709" VPOS="1408" WIDTH="107" HEIGHT="21" WC="0.96" CONTENT="utskottet"/><SP WIDTH="15" VPOS="1408" HPOS="816"/>
							<String ID="string_449" HPOS="831" VPOS="1409" WIDTH="71" HEIGHT="26" WC="0.96" CONTENT="utgått"/>
						</TextLine>
						<TextLine ID="line_47" HPOS="81" VPOS="1437" WIDTH="823" HEIGHT="30">
							<String ID="string_450" HPOS="81" VPOS="1439" WIDTH="47" HEIGHT="21" WC="0.96" CONTENT="från"/><SP WIDTH="20" VPOS="1439" HPOS="128"/>
							<String ID="string_451" HPOS="148" VPOS="1439" WIDTH="41" HEIGHT="21" WC="0.93" CONTENT="den"/><SP WIDTH="21" VPOS="1439" HPOS="189"/>
							<String ID="string_452" HPOS="210" VPOS="1437" WIDTH="145" HEIGHT="30" WC="0.84" CONTENT="synpunkten,"/><SP WIDTH="24" VPOS="1437" HPOS="355"/>
							<String ID="string_453" HPOS="379" VPOS="1439" WIDTH="32" HEIGHT="19" WC="0.96" CONTENT="att"/><SP WIDTH="16" VPOS="1439" HPOS="411"/>
							<String ID="string_454" HPOS="427" VPOS="1437" WIDTH="81" HEIGHT="21" WC="0.92" CONTENT="sådana"/><SP WIDTH="16" VPOS="1437" HPOS="508"/>
							<String ID="string_455" HPOS="524" VPOS="1437" WIDTH="91" HEIGHT="28" WC="0.93" CONTENT="ligvider"/><SP WIDTH="16" VPOS="1437" HPOS="615"/>
							<String ID="string_456" HPOS="631" VPOS="1437" WIDTH="72" HEIGHT="21" WC="0.96" CONTENT="kunde"/><SP WIDTH="15" VPOS="1437" HPOS="703"/>
							<String ID="string_457" HPOS="718" VPOS="1437" WIDTH="36" HEIGHT="21" WC="0.93" CONTENT="vid"/><SP WIDTH="15" VPOS="1437" HPOS="754"/>
							<String ID="string_458" HPOS="769" VPOS="1437" WIDTH="135" HEIGHT="21" WC="0.93" CONTENT="ränterierna"/>
						</TextLine>
						<TextLine ID="line_48" HPOS="80" VPOS="1465" WIDTH="822" HEIGHT="30">
							<String ID="string_459" HPOS="80" VPOS="1467" WIDTH="135" HEIGHT="27" WC="0.95" CONTENT="verkställas,"/><SP WIDTH="16" VPOS="1467" HPOS="215"/>
							<String ID="string_460" HPOS="231" VPOS="1473" WIDTH="48" HEIGHT="15" WC="0.96" CONTENT="men"/><SP WIDTH="16" VPOS="1473" HPOS="279"/>
							<String ID="string_461" HPOS="295" VPOS="1466" WIDTH="33" HEIGHT="29" WC="0.96" CONTENT="för"/><SP WIDTH="16" VPOS="1466" HPOS="328"/>
							<String ID="string_462" HPOS="344" VPOS="1466" WIDTH="36" HEIGHT="21" WC="0.96" CONTENT="det"/><SP WIDTH="16" VPOS="1466" HPOS="380"/>
							<String ID="string_463" HPOS="396" VPOS="1466" WIDTH="68" HEIGHT="21" WC="0.93" CONTENT="första"/><SP WIDTH="15" VPOS="1466" HPOS="464"/>
							<String ID="string_464" HPOS="479" VPOS="1466" WIDTH="65" HEIGHT="21" WC="0.93" CONTENT="hafva"/><SP WIDTH="15" VPOS="1466" HPOS="544"/>
							<String ID="string_465" HPOS="559" VPOS="1466" WIDTH="134" HEIGHT="21" WC="0.92" CONTENT="ränterierna"/><SP WIDTH="16" VPOS="1466" HPOS="693"/>
							<String ID="string_466" HPOS="709" VPOS="1466" WIDTH="74" HEIGHT="20" WC="0.96" CONTENT="hittills"/><SP WIDTH="16" VPOS="1466" HPOS="783"/>
							<String ID="string_467" HPOS="799" VPOS="1465" WIDTH="47" HEIGHT="21" WC="0.96" CONTENT="icke"/><SP WIDTH="12" VPOS="1465" HPOS="846"/>
							<String ID="string_468" HPOS="858" VPOS="1465" WIDTH="44" HEIGHT="21" WC="0.96" CONTENT="haft"/>
						</TextLine>
					</TextBlock>
				</ComposedBlock>
			</PrintSpace>
		</Page>
	</Layout>
</alto>
