1109 1739
411 99 40 16 Den
464 99 10 16 5
487 99 48 17 Juni.
624 124 3 3 .
812 100 42 21 237

54 157 76 26 måste,
154 155 71 21 såsom
249 153 41 22 den
313 153 80 28 nådigå
411 154 162 27 propositionen
593 153 126 27 innehåller,
739 154 103 23 bedömas
856 163 26 14 ur

55 184 140 30 synpunkten
210 183 23 20 af
249 182 87 21 landets
352 182 107 21 allmänna
473 183 100 26 intresse,
589 183 43 20 och
647 189 25 15 ur
687 183 70 22 denna
771 185 111 27 synpunkt

55 221 63 15 anser
134 213 39 27 jag
188 211 37 21 det
241 217 52 14 vara
307 210 48 21 fullt
371 210 109 28 befogadt.
489 213 33 19 att
538 211 108 21 benämna
661 217 26 15 en
704 211 62 27 bana,
780 219 46 14 som
842 213 40 28 går

55 243 46 21 från
125 239 148 22 Tammerfors
295 238 33 21 till
373 239 34 25 Åbo,
427 239 71 20 såsom
518 239 122 21 stambana.
669 239 44 28 Jag
731 241 51 25 tror,
798 243 32 19 att
846 248 34 14 om

56 277 49 15 man
120 269 8 20 i
144 268 60 21 detta
226 267 105 29 afseende
355 267 121 27 tillfrågade
497 267 134 21 invånarene
653 267 6 21 i
675 267 206 23 Tammerforstrak-

55 301 43 23 ten,
115 295 171 24 vest-nordvest,
302 295 90 27 sydvest
403 295 40 21 och
455 295 75 28 sydost
541 295 102 30 omkring
653 295 151 30 Tammerfors,
816 298 65 21 huru-

56 326 49 22 vida
120 325 27 21 de
163 331 52 14 anse
231 331 26 14 en
274 323 67 21 sådan
358 323 55 21 bana
429 323 77 21 beröra
521 323 64 21 deras
601 323 114 27 intressen,
731 327 46 19 tror
784 326 39 28 jag
832 327 49 21 icke

56 355 74 21 svaret
145 353 70 21 skulle
230 351 75 22 utfalla
321 351 135 22 annorlunda
472 353 26 19 än
514 351 105 28 enhälligt
627 352 101 27 jakande,
740 353 81 22 känske
831 355 50 21 med

56 383 112 26 undantag
190 380 24 22 af
234 380 148 21 Tammerfors
405 380 49 21 stad
478 381 40 20 och
539 380 38 21 der
597 380 110 28 befintlige
725 381 154 30 fabriksegare,

57 411 71 21 hvilka
151 410 64 21 hafva
236 409 32 21 sin
290 408 165 28 afsättningsort
470 409 27 27 på
513 408 135 28 Petersburg
663 409 39 21 och
718 411 33 20 för
765 410 73 22 hvilka
852 418 28 14 en

57 439 66 21 sådan
146 438 57 21 bana
223 444 46 14 som
285 436 31 21 till
355 437 26 20 Åbo
397 438 24 19 är
437 443 58 14 mera
510 436 101 28 likgiltig.
642 437 49 21 Men
707 438 33 20 för
755 438 64 29 öfrigt
834 441 46 19 tror

55 468 44 28 jag,
123 468 33 20 att
179 466 84 21 landets
285 464 108 22 allmänna
415 465 93 21 intresse
531 465 38 21 bör
588 472 53 14 anse
657 465 41 21 den
713 466 34 21 för
761 468 119 26 stambana,

58 503 45 14 som
116 496 26 27 ju
157 495 46 21 förr
218 494 49 21 dess
282 493 69 21 hellre
365 493 110 29 samtidigt
490 493 49 21 med
554 493 71 21 banan
641 494 32 20 till
686 494 144 23 Tammerfors
841 496 40 22 bör

58 525 88 20 komma
160 523 33 21 till
208 522 71 22 stånd.

127 552 58 21 Herr
199 550 127 29 Pipping,
349 549 81 22 Knut:
453 550 49 21 Den
518 550 131 28 föregående
665 551 64 21 ärade
744 551 81 22 talaren
841 552 40 22 har

58 583 75 23 yttrat,
156 582 34 19 att
212 586 35 14 om
269 585 49 15 man
337 578 70 22 skulle
429 579 61 27 fråga
512 579 119 21 invånarhe
653 580 6 20 i
675 579 84 21 trakten
782 580 99 29 omkring

58 604 155 28 Tammerfors,
229 614 34 21 om
279 607 27 21 de
323 606 69 22 skulle
411 614 52 14 anse
479 608 33 20 sin
527 607 80 21 handel
626 608 76 28 dragas
718 608 30 20 till
786 609 27 21 Åbo
828 610 53 21 eller

58 638 56 26 icke,
130 638 24 20 så
171 636 70 21 skulle
257 636 26 20 de
297 635 127 28 obetingadt
440 642 62 14 svara
515 636 30 28 ja.
574 635 45 22 Det
634 638 44 19 tror
690 636 39 28 jag
743 637 72 27 också,
823 644 57 15 eme-

60 666 40 21 dan
117 666 27 20 de
160 664 69 22 skulle
243 664 36 21 vid
295 664 60 21 detta
371 670 61 14 svars
455 664 123 28 afgifvande
601 667 52 25 taga
674 665 76 21 endast
768 665 27 21 de
813 673 67 15 nuva-

59 694 67 22 rande
147 693 163 21 förhållandena
332 692 8 20 i
361 692 155 28 betraktande;
539 700 48 14 men
610 693 39 28 jag
668 695 51 24 tror,
735 695 32 19 att
782 701 34 14 om
831 702 49 14 man

60 723 68 21 skulle
144 722 95 26 tillfråga
253 721 50 21 dem
318 727 35 15 om
365 721 67 21 saken
443 721 68 27 några
522 722 24 20 år
557 721 55 21 efter
620 722 130 28 jernvägens
761 723 120 27 öppnande,

60 751 60 21 skola
136 750 27 22 de
179 750 42 21 alla
239 749 104 25 erkänna,
359 751 32 19 att
406 749 63 21 deras
485 749 88 50 handel
581 750 40 21 allt
635 757 46 14 mer
695 751 39 21 och
749 757 46 15 mer
810 751 72 29 dragit

60 780 33 27 sig
108 780 23 21 åt
146 778 136 28 Petersburg
297 778 40 21 och
353 779 32 19 att
401 777 92 21 handeln
509 778 29 27 pä
574 778 27 21 Åbo
621 778 70 22 blifvit
713 779 58 21 dem”
782 779 99 29 likgiltig.

59 808 45 21 Det
119 809 24 19 är
158 808 64 20 dessa
237 806 82 28 åsigter
341 813 46 14 som
403 806 65 28 gjort,
484 808 33 19 att
529 806 39 28 jag
582 807 79 21 uttalat
676 807 43 21 min
739 809 142 27 reservation;

60 837 39 28 jag
114 838 52 24 tror,
182 837 31 19 att
227 835 119 28 jernvägen
363 835 116 27 omskapar
489 835 252 22 handelsförhållandena
751 836 28 28 på
789 838 31 19 ett
831 838 50 26 sätt,

63 872 33 14 om
112 865 83 21 hvilket
213 870 50 14 man
278 870 29 14 nu
321 863 41 21 har
377 863 61 21 svårt
451 865 32 19 att
499 864 53 26 göra
567 863 33 28 sig
615 871 24 14 en
645 864 164 28 föreställning.
840 865 41 22 Om

62 900 49 14 man
126 894 69 20 rättar
210 892 33 28 sig
258 892 55 20 efter
332 891 118 21 bestäende
471 891 150 22 förhällanden
636 892 7 21 i
658 892 41 22 alla
717 893 80 25 länder,
813 893 69 23 finner

62 929 56 19 man,
141 923 33 19 att
196 921 24 21 sä
242 922 60 19 snart
325 926 26 15 en
372 920 93 27 jernväg
482 920 91 28 bygges,
589 920 78 28 drager
682 921 33 27 sig
729 920 92 22 handeln
836 929 46 15 mer

62 950 40 21 och
117 957 47 14 mer
179 949 30 21 till
225 948 27 21 de
271 951 60 18 stora
353 948 214 28 centralpunkterna,
589 950 41 20 och
653 955 26 15 en
701 949 68 21 sädan
790 951 92 20 central-

62 978 70 29 punkt
147 980 46 19 tror
206 977 39 28 jag
259 976 48 21 icke
322 976 106 28 någonsin
443 969 49 28 Åbo
508 977 43 20 kan
567 977 66 21 blifva
643 977 48 22 med
702 977 53 22 eller
764 979 51 20 utan
823 979 59 27 jern-

62 1009 49 26 väg,
126 1013 50 14 men
191 1012 28 15 en
234 1005 65 21 sädan
315 1005 154 28 centralpunkt
484 1006 25 20 är
523 1007 52 19 utan
590 1005 90 27 tvilfvel,
695 1006 70 21 säsom
773 1007 55 27 jag
821 1001 13 38 i
839 1007 43 22 min

62 1035 136 22 reservation
206 1029 10 37 -
219 1033 124 28 framhållit,
359 1033 141 28 Petersburg,
516 1034 40 21 och
572 1034 39 21 vär
627 1034 112 21 stambana
754 1035 65 21 borde
834 1035 49 22 leda

62 1064 31 21 dit
108 1063 40 22 och
163 1062 48 22 icko
225 1062 33 21 till
271 1054 58 29 Äbo.

131 1091 102 22 Friherre
248 1097 48 15 von
312 1090 80 22 Born:
408 1090 44 29 Jag
467 1091 69 21 mäste
551 1091 58 21 ännu
619 1091 27 21 be
657 1093 31 19 att
698 1091 33 22 för
741 1092 66 27 nägra
817 1093 66 27 ögon-

63 1120 57 22 blick
134 1120 22 21 få
171 1121 96 26 upptaga
281 1119 164 28 ridderskapets
464 1119 40 22 och
520 1119 74 22 adelns
610 1119 38 22 tid.
670 1119 47 22 Här
732 1121 24 20 är
765 1120 48 21 icke
822 1121 62 28 fråga

62 1155 35 16 om
108 1148 57 21 hvad
181 1148 37 21 det
233 1149 24 20 är
271 1147 34 22 för
321 1147 57 29 slags
391 1155 127 18 varor,som
536 1148 67 21 blifva
621 1149 129 20 föremälför
765 1152 117 25 exporten;

63 1178 26 21 de
105 1177 107 21 allmänna
226 1176 139 29 principerna
380 1178 37 19 äro
433 1176 127 28 visserligen
576 1176 33 26 de,
626 1183 45 14 som
687 1177 49 20 herr
745 1176 94 29 Pipping
849 1180 34 19 ut-

62 1206 60 25 talat,
138 1212 50 14 men
203 1205 22 21 vi
240 1205 53 21 böra
307 1206 52 27 taga
373 1205 7 20 i
397 1205 166 28 öfvervägande,
579 1207 33 19 att
627 1205 114 21 decennier
755 1205 71 22 kunna
840 1206 43 21 för-

66 1235 54 27 flyta
143 1234 64 21 innan
224 1234 39 21 vär
284 1235 80 26 export
383 1233 32 21 till
438 1234 33 20 sin
495 1233 151 22 beskaffenhet
669 1234 24 21 sä
714 1233 111 22 förändrat
850 1235 33 20 sin

61 1263 103 27 riktning,
180 1263 32 20 att
227 1262 40 21 den
283 1262 43 21 kan
343 1262 39 21 ske
397 1269 78 20 genom
491 1261 141 29 Petersburg.
650 1262 52 21 Icke
717 1262 22 21 få
754 1263 21 20 vi
789 1263 95 27 tillgripa

61 1291 80 21 teorier
164 1291 209 27 annorstädesifrän;
395 1291 52 20 våra
462 1290 72 21 lokala
550 1290 39 21 och
607 1291 111 27 praktiska
735 1291 147 21 förhållanden

62 1320 61 21 skola
145 1319 62 22 äfven
231 1319 157 29 konsidereras.
419 1319 45 21 Min
480 1319 56 27 åsigt
552 1320 30 25 är,
599 1321 32 19 att
646 1319 96 21 hvarken
782 1319 27 22 Åbo
827 1319 57 22 skall

61 1348 66 21 blifva
150 1355 27 14 en
199 1347 152 28 centralpunkt
369 1347 54 22 eller
437 1349 32 19 att
485 1347 138 28 Helsingfors
641 1347 55 21 skall
712 1347 65 21 blifva
791 1355 27 14 en
833 1355 51 14 cen-

60 1377 118 27 tralpunkt,
194 1378 51 19 utan
260 1375 139 28 Helsingfors
415 1376 40 21 och
493 1376 35 25 Åbo,
539 1376 71 21 såsom
622 1376 118 28 utgörande
751 1376 133 27 kuststäder,

61 1405 60 21 skola
144 1405 65 21 blifva
231 1404 138 28 ändpunkter
384 1405 34 20 för
434 1404 27 21 de
476 1404 165 28 ifrågavarande
662 1404 95 21 banorna
775 1405 39 21 och
831 1405 53 20 böra

61 1433 72 22 kunna
156 1433 133 22 konkurrera
309 1433 136 21 beträffande
461 1433 90 27 inköpet
567 1433 23 20 af
603 1433 168 27 exportarliklar
785 1433 55 21 ifrån
856 1433 28 20 de

60 1462 47 21 inre
129 1462 88 21 delarne
232 1461 23 21 af
268 1461 74 21 landet
355 1461 48 21 'och
421 1461 137 21 konkurrera
583 1461 132 21 beträffande
738 1461 144 27 afsättningen

62 1490 31 20 till
108 1497 82 15 samma
205 1491 58 20 orter
278 1490 23 22 af
315 1489 116 21 utländska
450 1489 247 22 konsumtionsartiklar.
728 1489 44 22 Det
787 1491 24 19 är
825 1488 58 28 sjelf-
