1109 1739
247 108 41 19 284
571 107 40 14 Den
625 107 10 15 8
647 106 48 16 Juni.

220 164 55 20 klart
292 163 53 21 buru
361 163 42 20 den
421 162 138 20 förmonsrätt
575 161 69 21 skulle
660 161 161 27 tillgodogöras,
838 162 86 21 hvilken
939 164 23 18 är
972 161 75 21 afsedd

221 195 32 18 att
276 192 119 20 tillkomma
418 189 269 28 obligationsinnehafvare
711 190 38 20 och
773 190 61 21 äfven
856 191 66 20 andra
938 197 109 20 personer,

221 227 44 14 som
286 220 89 21 framför
396 219 46 20 dem
463 219 68 20 skulle
547 218 64 20 hafva
625 218 172 21 företrädesrätt.
829 219 43 27 Jag
888 221 44 18 tror
949 219 35 20 det
1000 219 48 20 icke

221 250 54 19 varit
298 249 40 20 den
361 247 78 26 nådiga
461 247 172 26 propositionens
649 247 71 26 afsigt,
737 247 40 20 och
793 249 32 18 att
842 247 37 20 det
894 247 47 20 icke
958 254 37 14 ens
1012 247 34 20 be-

221 277 47 20 höfs
284 278 5 19 i
306 284 25 13 en
349 275 134 28 proposition
500 275 23 20 af
537 275 70 20 denna
622 274 150 21 beskaffenhet
795 277 32 18 att
843 275 112 21 framhålla
971 275 77 28 sjelfva

221 305 40 21 den
279 304 258 27 verkställighetsåtgärd,
554 303 139 27 hvarigenom
709 303 154 21 innehafvaren
881 304 52 20 skall
950 304 97 27 tillgodo-

221 335 52 24 göra
289 334 31 26 sig
335 333 31 20 sin
386 332 144 20 förmonsrätt.
563 331 66 20 Detta
645 331 72 20 tillhör
733 331 26 21 de
775 332 108 21 allmänna
899 333 149 26 stadgandena

222 362 53 20 huru
295 362 140 20 förmonsrätt
455 361 5 19 i
477 360 42 20 fast
535 360 39 21 och
591 360 30 20 lös
638 359 105 28 egendom
761 360 53 21 skall
831 360 164 27 tillgodogöras;
1012 361 36 20 det

222 390 38 20 bör
280 390 47 21 icke
345 389 66 21 blifva
427 389 60 26 fråga
503 395 33 14 om
553 390 31 19 att
600 388 81 21 sådana
697 388 201 28 detaljstadganden
916 389 67 20 skulle
999 389 49 27 ingå

221 418 7 20 i
250 425 26 14 en
297 419 34 27 lag
350 425 47 13 som
415 417 137 20 tillerkänner
568 423 25 13 en
610 416 140 20 förmonsrätt
766 417 70 20 såsom
854 417 79 26 denna;
950 419 49 18 utan
1015 419 33 18 ut-

222 448 51 26 göra
290 448 25 19 de
331 446 89 21 föremil
437 445 32 20 för
485 445 41 20 den
543 445 106 20 allmänna
666 444 242 28 kreditlagstiftningen,
924 445 87 21 hvarom
1028 446 19 19 vi

223 476 63 20 hafva
301 476 5 20 i
323 475 25 20 de
365 475 24 20 år
407 474 52 21 1868
477 473 112 21 utfärdade
605 472 158 28 författningar,
783 473 38 20 och
836 474 39 26 jag
891 474 40 20 kan
948 474 47 20 icke
1006 474 42 20 för-

224 506 54 24 utse,
294 506 31 18 att
345 504 38 19 det
400 502 67 20 skulle
483 503 58 19 möta
557 502 69 26 någon
643 502 70 19 större
729 502 110 26 svårighet
850 502 33 20 för
894 501 154 21 innehafvaren

223 533 22 19 af
260 540 27 12 nu
303 530 163 29 ifrågavarande
482 530 147 24 förmonsrätt,
645 530 26 19 än
688 529 33 21 för
731 529 139 21 innehafvare
882 530 24 20 af
914 530 66 20 andra
991 530 57 27 slags

223 560 230 26 förmonsrättigheter,
470 560 31 19 att
518 558 143 28 tillgodogöra
677 558 32 26 sig
725 558 30 20 sin
773 559 49 19 rätt.
848 558 43 20 Det
905 558 143 21 förekommer

223 590 44 26 mig
282 592 32 18 att
330 588 73 28 praxis
420 587 65 20 borde
502 586 65 21 blifva
583 586 73 26 sådan,
673 588 31 18 att
720 593 33 13 om
770 587 70 26 någon
858 594 51 20 eger
925 594 25 14 en
962 587 85 20 fordran

223 618 38 20 hos
285 624 25 14 en
332 617 170 27 jernvägsegare
526 615 97 27 grundad
643 614 27 27 på
688 614 148 28 obligationer,
858 615 123 21 leveranser
997 616 51 20 eller

223 648 72 23 annat,
315 647 23 19 så
358 645 65 20 söker
439 644 40 20 han
497 646 23 18 ut
536 643 48 21 den.
616 642 90 28 Uppgår
722 643 85 20 fordran
825 644 77 20 endast
919 644 30 20 till
966 644 82 20 mindre

224 675 84 27 belopp,
332 674 101 26 belägges
450 680 31 22 en
500 672 52 20 eller
571 678 69 14 annan
657 671 108 27 godsvagn
783 678 44 14 som
846 672 70 20 tillhör
930 672 117 28 jernvägen

224 703 47 21 med
295 704 111 26 seqvester
422 707 39 14 och
481 700 106 28 försäljes,
603 700 42 20 ifall
662 700 47 20 icke
725 700 154 21 innehafvaren
896 700 23 21 af
930 702 118 25 jernvägen

224 732 93 26 reglerar
333 731 74 25 saken;
423 731 22 18 är
461 729 86 21 fordran
565 729 45 21 åter
626 729 77 25 större,
720 728 101 28 beläggas
837 729 5 20 i
857 729 132 21 förhållande
1001 729 46 20 der-

224 760 30 20 till
278 760 51 20 flere
352 759 23 20 af
395 758 129 27 jernvägens
543 757 158 27 tillhörigheter
721 756 48 21 med
785 758 110 26 qvarstad.
926 757 86 28 Egaren
1028 758 22 20 af

224 796 26 13 en
272 788 90 28 jernväg
387 786 60 20 torde
467 793 43 20 nog
528 793 23 13 se
568 786 33 27 sig
616 786 45 20 före
678 787 31 18 att
725 784 52 22 hans
793 786 79 27 rörliga
888 786 97 20 materiel
1001 786 47 20 icke

224 817 40 20 blir
280 815 145 29 seqvesterad,
441 815 22 20 så
480 817 31 17 att
528 814 91 20 trafiken
635 814 27 27 på
678 814 68 26 vägen
763 814 68 20 måste
847 814 104 27 upphöra,
967 816 23 26 ty
1007 814 41 20 han

224 848 36 18 vet
280 852 42 20 nog
341 843 56 21 hvad
415 843 76 25 honom
509 843 98 25 förestår,
623 842 107 26 nemligen
748 844 31 18 att
796 843 155 20 koncessionen
967 843 81 20 förver-

225 874 45 26 kas,
294 880 33 13 om
350 872 48 21 icke
421 871 91 21 trafiken
532 870 133 28 uppehålles.
696 870 66 20 Detta
778 872 23 19 är
817 870 40 21 den
874 871 120 28 vådligaste
1010 871 38 21 sak

225 909 45 13 som
286 902 32 20 för
338 901 78 20 honom
437 900 39 20 kan
497 900 93 26 inträffa,
607 899 39 20 och
664 906 42 20 nog
722 899 96 27 vidtager
835 899 47 25 han,
899 900 33 20 för
947 901 31 19 att
994 900 54 20 före-

225 931 84 20 komma
331 932 30 18 ett
377 928 76 21 sådant
469 928 97 26 resultat,
583 928 40 20 alla
639 927 87 27 möjliga
741 927 107 27 åtgärder.
880 928 42 27 Jag
938 928 40 20 kan
996 928 52 21 såle-

225 959 38 21 des
280 959 45 20 icke
341 958 57 20 finna
415 959 30 18 att
461 957 40 20 den
519 956 113 21 anmärkta
646 955 186 27 omständigheten
846 956 69 21 skulle
926 957 76 26 utgöra
1013 957 35 20 nå-

225 994 41 21 gon
283 987 62 20 lucka
360 986 5 20 i
383 985 39 20 den
439 985 76 27 nådiga
533 984 168 28 propositionen,
717 986 51 18 utan
785 984 38 21 bör
840 991 48 14 man
904 985 6 20 i
925 985 101 20 afseende
1037 985 13 20 å

225 1015 190 27 verkställigheten
443 1013 54 21 hålla
525 1013 32 28 sig
584 1013 30 20 till
645 1012 106 21 allmänna
780 1013 152 27 författningar
958 1013 90 21 rörande

225 1044 131 27 fordringars
374 1042 192 27 tillgodogörande.
596 1041 82 20 Vidare
694 1041 38 20 har
748 1041 49 20 herr
813 1041 151 28 Montgomery
974 1043 75 26 yttrat,

225 1075 32 18 att
279 1073 36 19 det
338 1072 47 21 icke
405 1073 23 18 är
444 1071 57 20 klart
517 1071 55 20 huru
588 1076 25 14 en
632 1069 91 27 tidigare
739 1069 132 28 inteckning,
888 1077 44 13 som
950 1070 6 20 1
972 1077 77 20 propo-

225 1101 90 21 sitionen
332 1102 23 19 är
371 1099 115 26 åberopad,
503 1099 68 20 skulle
587 1099 72 20 kunna
675 1098 100 26 existera,
793 1098 38 21 och
848 1099 87 20 hvarför
952 1105 47 14 man
1014 1100 34 19 be-

227 1129 74 22 höfver
317 1129 76 27 stadga
409 1130 30 18 att
456 1127 36 22 det
509 1127 104 28 hypotek,
624 1127 89 20 hvarom
725 1126 38 21 här
775 1127 22 20 är
807 1126 69 28 fråga,
889 1127 67 20 skulle
967 1127 83 28 grunda

225 1159 138 20 förmonsrätt
379 1157 89 20 framför
483 1156 93 27 tidigare
592 1155 156 27 inteckningar.
779 1155 57 20 Herr
851 1156 150 27 Montgomery
1012 1156 38 21 har

225 1187 82 28 ganska
324 1186 75 27 riktigt
415 1185 76 20 dervid
507 1185 102 27 påpekat,
625 1185 32 20 att
673 1183 238 28 inteckningshafvaren
928 1185 23 20 är
962 1185 87 20 berätti-

225 1215 41 28 gad
283 1217 37 24 att,
336 1215 63 20 innan
416 1214 88 20 marken
521 1215 23 19 är
561 1212 161 29 exproprierad,
738 1212 55 27 yrka
808 1215 32 18 att
852 1213 52 20 hans
915 1213 86 20 fordran
1013 1213 37 21 ho-

226 1251 48 14 nom
297 1243 153 28 tillgodogöres
474 1242 52 21 eller
547 1241 147 28 penningarne
714 1241 137 21 säkerställas
867 1241 78 21 honom
960 1241 34 21 för
1010 1241 40 22 den

225 1272 128 21 intecknade
370 1278 108 19 summan;
495 1277 48 14 men
560 1277 33 14 om
611 1276 79 20 egaren
706 1269 30 20 till
753 1269 88 21 marken
857 1270 47 21 icke
920 1270 38 21 har
973 1277 77 20 genom

226 1301 96 28 yrkande
345 1302 32 19 att
400 1300 20 20 få
440 1299 54 28 lyfta
518 1299 40 20 den
575 1297 130 22 intecknade
720 1298 97 21 fordrans
834 1298 78 27 belopp
928 1299 123 20 säkerställt

226 1330 70 21 denna
319 1329 92 24 fordran,
435 1335 34 13 om
493 1328 41 20 han
555 1327 48 20 låtit
623 1327 32 20 sin
675 1326 179 27 inteckningsrätt
870 1328 23 19 så
909 1329 31 18 att
956 1328 52 27 säga
1024 1327 26 21 dö

225 1361 30 23 ut,
279 1358 47 21 icke
351 1358 108 26 begagnat
482 1357 33 26 sig
535 1356 24 20 af
572 1355 31 21 sin
621 1355 180 28 inteckningsrätt
816 1355 33 20 för
865 1357 32 19 att
912 1355 53 28 lyfta
981 1357 69 26 någon

227 1387 40 26 del,
284 1387 51 20 eller
355 1386 47 21 hela
419 1385 101 27 beloppet
536 1385 23 20 af
573 1384 279 27 expropriationssumman,
869 1384 38 21 har
923 1384 129 27 stadgandet

227 1416 66 21 afsett
309 1417 32 19 att
356 1414 101 25 förklara,
473 1415 33 19 att
521 1413 41 20 han
579 1413 6 20 i
602 1412 71 28 dylika
690 1412 34 20 fall
741 1412 88 21 förlorat
846 1412 30 21 sin
890 1413 26 26 pä
927 1412 125 29 inteckning

226 1444 110 29 grundade
352 1442 166 22 företrädesrätt
533 1441 90 21 framför
639 1441 152 20 innehafvaren
808 1441 23 20 af
845 1441 148 28 obligationer.
1017 1441 35 21 In-

226 1473 130 22 nehafvaren
374 1471 23 20 af
410 1477 25 14 en
452 1470 59 21 äldre
527 1470 126 26 inteckning
668 1469 39 20 har
722 1469 47 21 icke
785 1469 163 21 företrädesrätt
963 1469 89 21 framför

223 1495 293 39 obligationsinnehafvaren,
540 1498 23 22 så
579 1498 65 20 framt
664 1498 48 20 icke
729 1497 240 29 inteckningshafvaren
985 1498 67 22 redan
