1109 1739
225 108 42 20 338
555 105 39 16 Den
609 106 20 15 10
642 105 48 16 Juni.

197 163 70 28 gande
290 163 88 26 derom;
401 162 37 20 det
461 161 68 20 finnes
550 161 74 27 mångt
641 160 40 21 och
697 161 87 26 mycket
800 167 47 14 som
864 161 28 20 de
908 161 72 20 kunna
995 167 36 14 en-

196 192 66 21 skildt
285 191 190 22 öfveronskomma
499 196 41 19 om,
564 191 51 18 utan
640 191 32 18 att
695 189 36 20 det
752 189 105 21 behöfver
874 190 94 27 stadgas.
1000 189 30 21 På

197 221 41 20 den
254 221 69 27 grund
340 219 71 21 skulle
425 219 38 26 jag
479 225 52 14 anse
547 225 63 13 mom.
628 217 145 28 öfverflödigt.

266 249 103 20 Friherre
386 247 105 20 Linder:
508 246 41 27 Jag
565 253 64 14 anser
641 246 44 27 mig
703 246 52 20 böra
771 246 142 28 understödja
928 247 38 20 den
980 247 51 20 siste

200 277 65 22 ärade
282 277 97 21 talarens
397 275 123 27 påstående,
537 281 48 14 men
603 281 69 18 anser,
689 275 111 26 angående
817 275 69 20 första
903 282 70 19 mom.,
988 275 43 26 mig

198 307 52 20 böra
261 305 116 22 hemställa
388 304 30 20 till
431 303 152 28 bepröfvande,
596 302 106 21 huruvida
713 303 48 20 icke
772 303 66 20 orden
852 303 178 25 ,,yederbörande

201 333 185 29 polismyndighet
401 339 40 20 ege
457 332 40 21 ock
514 333 26 26 på
557 331 112 20 anmälan"
686 331 67 20 borde
764 332 78 20 ändras
855 332 30 20 till
898 339 64 18 ,,vare
974 332 56 27 skyl-

199 363 36 27 dig
256 365 31 18 att
307 363 28 26 på
350 361 114 21 anmälan"
481 367 19 14 o.
517 367 16 13 s.
550 367 28 18 v.,
595 359 88 21 emedan
699 359 38 28 jag
753 362 42 18 sott
810 360 44 25 fall,
872 360 26 21 dä
914 361 116 26 polismyn-

200 391 101 27 digheten
324 390 49 21 icke
395 389 57 20 velat
473 389 84 27 ingripa
572 389 7 19 i
595 388 75 25 saken,
687 390 51 18 utan
755 390 71 19 ansett
842 389 34 26 sig
892 389 72 20 kunna
980 396 50 13 vara

199 419 54 21 ifrån
279 419 65 21 sakon
367 418 76 26 totalt;
464 417 66 21 också
546 418 23 18 är
585 417 36 19 dot
637 417 142 27 angenämast
795 419 32 18 att
844 417 45 20 helt
904 417 72 20 enkelt
992 424 37 13 un-

200 448 82 20 derläta
305 448 32 20 att
361 446 92 27 fullgöra
476 446 32 20 sin
530 444 133 28 skyldighet;
682 444 47 27 just
745 445 26 27 pä
787 446 71 19 denna
874 446 70 26 grund
961 446 69 20 skulle

197 476 38 28 jag
250 478 40 22 tro,
307 477 31 19 att
354 475 43 20 den
413 474 23 20 af
450 474 44 27 mig
509 474 122 26 föreslagna
647 473 119 27 ändringen
783 480 51 14 vore
851 474 23 20 af
888 474 53 26 vigt.

266 504 58 20 Herr
340 502 210 28 Langenskiöld:
567 501 43 27 Jag
625 502 126 20 instämmer
768 502 6 20 i
787 502 92 20 friherre
891 502 91 20 Linders
994 509 35 14 an-

199 533 124 27 märkning.

267 561 56 21 Herr
334 560 125 27 Pipping,
471 559 81 21 Knut:
566 559 33 20 Då
609 558 163 21 vederbörande
785 558 183 28 polismyndighet
978 566 52 20 eger

199 592 31 18 att
246 590 26 27 på
288 589 99 21 anmälan
406 588 69 20 lemna
491 587 170 27 handräckning,
679 587 61 21 torde
757 587 40 20 han
814 588 48 20 icke
874 587 112 21 underlåta
998 590 32 18 att

198 620 53 26 göra
274 618 42 26 det,
341 619 39 19 när
403 616 45 20 skäl
471 616 129 26 förefinnas;
625 615 49 21 icke
695 616 41 20 kan
753 623 47 13 man
818 617 52 25 säga
886 618 31 18 att
933 617 41 19 han
992 617 37 19 bör

199 647 90 27 ingripa,
305 646 26 20 då
347 645 110 21 sökanden
474 645 47 20 icke
538 644 111 27 förebragt
665 644 128 26 tillräckliga
809 644 50 20 skäl
876 644 33 20 för
925 651 25 14 en
962 644 66 21 sådan

199 676 81 26 åtgärd,
303 675 24 20 så
349 676 34 19 att
406 680 41 20 nog
470 673 61 21 torde
556 673 40 20 den
621 672 120 27 redaktion,
765 673 37 20 här
818 680 24 13 är
859 673 55 23 vald,
931 674 98 26 uppfylla

199 703 126 21 ändamålet.

267 732 101 20 Friherre
392 730 105 20 Linder:
521 730 42 27 Jag
584 736 64 14 anser
672 729 36 21 det
731 729 111 27 uttrycket
867 730 89 27 mycket
972 730 55 20 sväf-

200 760 68 21 vande
285 760 39 20 och
340 760 71 20 lemna
426 759 92 27 mycken
535 758 77 20 latitud
628 759 22 19 ät
666 765 25 13 en
710 758 139 27 kronofogde,
866 765 46 13 som
929 758 45 20 ofta
990 759 38 23 gif-

200 796 37 13 ver
253 789 33 27 sig
302 788 30 20 till
349 787 79 21 ombud
444 788 21 19 ät
481 787 122 20 flottarene.
622 786 42 27 Jag
682 786 36 20 har
735 788 42 18 sett
793 786 100 28 exempel
905 787 72 27 derpä,
989 787 39 20 och

201 818 26 20 dä
243 818 72 20 kunna
331 816 26 21 de
374 815 101 27 möjligen
493 816 69 27 skylla
578 815 190 20 uraktlätenheten
786 815 26 27 pä
825 817 33 18 att
873 815 26 21 de
918 816 47 20 icke
977 822 51 14 anse

202 853 46 13 som
265 846 31 20 sin
313 844 124 28 skyldighet
454 846 31 18 att
501 844 91 27 ingripa.

268 874 62 20 Efter
346 874 37 20 det
399 872 149 21 diskussionen
565 871 89 21 härmed
671 872 105 24 afslutats,
789 872 135 28 uppställdes
936 872 54 20 först
1002 880 24 12 on

201 902 131 28 proposition
349 901 112 27 angående
476 900 68 21 första
561 907 62 13 mom.
641 900 23 20 af
679 901 11 19 7
707 901 11 26 $
735 901 23 19 sä
775 901 105 26 lydande:

269 947 11 8 ,
284 930 131 21 Godkännor
438 929 151 27 ridderskapet
613 928 39 21 och
676 928 61 21 adeln
763 929 67 21 första
847 936 63 14 mom.
927 930 23 20 af
966 930 12 27 8
995 930 11 20 7
1022 930 5 20 i

201 960 118 19 utskottets
336 958 137 21 betänkande
489 957 170 21 oförändradt?'

268 1004 11 8 »
282 987 81 20 Vinner
380 986 41 27 noj,
439 986 146 27 omredigeras
602 992 63 14 mom.
683 985 70 21 såsom
769 986 92 21 friherre
877 986 80 21 Linder
973 987 54 20 föro-

202 1017 85 20 slagit'*.
788 1023 5 5 =

236 1034 11 9 N
271 1043 166 28 Propositionen
454 1043 130 20 besvarades
602 1043 48 20 med
667 1043 158 27 öfvorvägande
840 1043 30 28 ja,
882 1043 109 21 hvarefter
1002 1051 25 13 en

203 1073 131 28 proposition
351 1071 119 28 upplästes,
488 1072 86 20 hvilken
591 1071 64 27 lydde
672 1078 44 14 som
733 1071 74 28 följer:

269 1118 11 9 v
284 1101 97 27 Antager
404 1101 151 27 ridderskapet
579 1099 39 21 och
638 1100 63 20 adeln
717 1100 66 21 andra
799 1107 64 14 mom.
880 1101 22 20 af
917 1101 11 20 7
946 1101 11 26 S
974 1101 4 20 i
996 1103 32 18 ut-

202 1131 93 20 skottets
312 1129 136 21 betänkande
463 1128 168 21 oförändradt?'*

270 1175 4 9 »
277 1158 88 26 Vinner
382 1158 41 27 nej,
440 1158 105 20 uteslutes
561 1164 64 13 mom.
641 1163 26 14 ur
683 1157 151 27 paragrafen'.

271 1188 50 20 Som
342 1187 70 20 denna
435 1186 133 27 proposition
594 1185 129 21 bosvarades
748 1186 47 20 med
812 1186 160 27 öfvervägande
988 1187 38 20 och

203 1216 104 21 obestridt
324 1216 41 27 nej,
383 1215 65 20 borde
465 1221 63 14 mom.
545 1221 26 13 ur
587 1213 40 21 den
644 1214 163 27 ifrägavarande
824 1216 128 26 paragrafen
969 1217 58 26 utgi.

270 1245 50 20 Med
337 1243 117 28 anledning
470 1243 23 20 af
508 1243 10 26 &
536 1243 12 20 8
565 1243 87 27 yttrade

269 1273 56 20 Herr
348 1272 158 21 Edolsköld:
530 1271 10 20 I
563 1271 68 20 andra
650 1278 63 13 mom.
729 1271 23 20 af
766 1272 13 20 8
795 1271 11 27 $
822 1272 144 21 förekommer
982 1273 45 20 skäl

200 1303 30 20 till
247 1302 40 20 den
303 1300 176 28 anmärkningen,
496 1302 32 19 att
544 1299 143 21 redaktionen
699 1300 70 21 kunde
781 1307 63 14 anses
856 1301 105 27 tvetydig.
984 1301 44 20 Det

201 1331 50 20 står:
267 1330 154 27 ,,virkosegare
437 1336 50 13 vare
504 1329 40 20 ock
560 1328 101 27 ansvarig
677 1328 33 21 för
726 1329 26 20 all
764 1329 66 20 skada
842 1329 52 20 oller
905 1330 121 27 olägenhet,

201 1366 45 13 som
269 1365 78 20 genom
368 1358 53 20 hans
437 1357 52 21 eller
505 1357 254 27 flottningsmanskapets
775 1357 133 21 förvållande
924 1359 51 20 eller
992 1365 36 20 ge-

201 1395 48 14 nom
265 1387 36 20 det
317 1386 89 21 flottade
423 1386 70 21 virket
509 1386 62 20 timat
588 1385 36 21 vid
639 1385 128 21 stränderna
784 1386 22 20 af
819 1386 135 21 flottleden't.
985 1387 43 20 Dot

201 1418 22 19 är
239 1417 64 26 något
319 1415 32 21 för
367 1415 104 27 generelt,
489 1416 23 25 ty
524 1414 36 21 det
577 1414 73 21 kunde
667 1413 62 28 tydas
746 1421 45 14 som
807 1421 35 14 om
855 1415 40 20 han
908 1422 50 14 vore
970 1415 57 28 skyl-

201 1446 34 27 dig
251 1445 31 20 till
298 1443 41 21 alla
355 1443 26 21 de
397 1450 108 19 oxcessor,
522 1443 37 20 dot
575 1443 42 20 kan
634 1442 50 21 falla
700 1442 48 21 dem
765 1443 19 20 in
797 1445 31 18 att
844 1443 54 28 begå
910 1443 117 21 derstädes.

201 1475 43 19 Dot
260 1473 65 21 borde
341 1471 98 27 antydas,
455 1474 32 18 att
504 1472 37 20 det
557 1473 24 18 är
596 1477 79 21 genom
688 1471 51 21 hans
755 1471 51 21 eller
816 1472 212 27 flottningsmanska-

199 1504 48 26 pets
270 1500 131 23 förvällande
424 1516 4 9 ,
431 1501 76 24 under
531 1500 152 27 flottningen'',
707 1500 88 21 emedan
817 1500 27 21 de
860 1507 78 14 annars
955 1501 73 21 kunna
