1109 1739
475 92 39 15 Den
528 92 21 15 29
564 91 41 20 Maj.
888 91 35 20 101

127 154 52 13 anse
195 147 32 26 sig
244 146 71 20 kunna
335 154 76 20 genom
432 147 70 20 direkt
523 147 117 27 bevillning
664 147 97 20 anskaffa
780 147 37 20 det
833 147 75 27 anslag
923 147 33 20 för

128 175 72 26 båkar,
218 182 45 13 som
282 175 59 20 Hans
367 175 103 28 Majestät
485 176 74 27 begär,
577 175 115 21 ständerna
707 175 68 21 skulle
791 175 118 21 inskränka
924 175 32 27 sig

127 204 31 20 till
175 211 25 13 en
217 203 133 28 underdånig
367 205 97 20 anmälan
481 204 82 27 härom,
581 211 47 14 men
644 204 118 21 framställa
778 204 38 20 hos
834 204 60 21 Hans
910 203 46 21 Ma-

125 233 124 27 jestät,
224 228 28 36 om
267 232 46 20 icke
330 232 61 21 Hans
413 233 101 27 Majestät
536 233 71 20 kunde
623 233 58 20 finna
696 233 46 20 skäl
759 232 101 28 påbjuda,
877 234 31 19 att
924 233 32 20 för

128 261 60 20 detta
207 261 97 20 ändamål
325 261 133 21 fortfarande
478 269 25 13 en
521 261 63 28 afgift
601 262 12 20 å
628 261 107 28 importen
759 261 70 21 skulle
847 261 109 27 uppbäras

128 290 6 20 i
150 289 155 27 sammanhang
323 289 47 21 med
392 290 66 21 tullen
477 290 31 20 till
526 290 35 21 det
586 290 78 27 belopp
684 289 63 22 Hans
770 289 102 28 Majestät
887 290 69 20 finner

128 318 85 27 skäligt,
230 325 47 13 men
293 320 32 18 att
341 318 71 21 denna
428 319 62 26 afgift
506 319 47 20 icke
573 319 68 20 skulle
662 320 79 25 antaga
757 319 109 27 egenskap
883 318 23 21 af
920 318 36 20 be-

129 347 94 26 villning,
239 346 89 21 emedan
345 347 43 27 mig
404 354 70 21 synes,
491 350 33 17 att
539 347 144 21 tillskottstull
699 347 48 20 icke
759 348 44 20 rätt
813 347 143 22 sammanstår

130 375 47 20 med
194 375 122 27 bevillning.
347 375 115 22 Utskottet
479 376 39 20 har
535 383 28 13 nu
579 375 124 21 formulerat
720 376 37 20 sitt
772 376 80 27 förslag
866 375 90 28 ungefär

130 404 26 27 på
172 411 81 13 samma
269 405 42 19 sätt
329 411 44 14 som
392 405 63 26 förut,
473 405 53 20 eller
542 407 32 18 att
591 404 116 21 ständerna
723 404 67 21 under
805 411 64 14 namn
882 404 22 21 af
913 404 42 27 sjö-

130 432 171 27 fartsbevillning
317 434 63 26 åtaga
397 433 32 27 sig
445 440 26 13 on
488 432 94 22 indirekt
598 433 84 27 pålaga,
698 439 46 14 som
760 432 68 21 skulle
844 433 52 27 utgå
906 432 49 21 med

130 462 12 20 3
160 464 89 24 procent
265 461 22 20 af
301 461 138 21 tullsatserna
455 463 12 19 å
483 462 42 20 alla
535 461 147 28 importerade
693 461 48 21 med
753 461 101 27 tullafgift
864 461 92 27 belagda

131 497 68 13 varor.
230 489 42 27 Jag
288 490 49 26 kan,
357 490 71 20 såsom
448 490 104 28 förslaget
568 497 28 13 nu
613 491 22 19 är
651 489 147 27 formuleradt,
814 490 33 20 för
863 490 41 20 min
922 489 33 21 del

130 518 48 21 icke
194 518 84 20 biträda
293 518 126 21 detsamma.

200 547 100 20 Friherre
324 547 83 27 Boije:
433 548 33 20 Då
481 548 77 27 frågan
582 554 34 14 om
638 546 138 22 anskaffande
797 546 22 21 af
836 546 68 21 medel
925 546 31 20 till

131 576 95 21 lättande
250 576 23 20 af
294 576 241 27 inqvarteringstungan
559 583 38 14 var
616 576 46 20 före
685 576 38 20 hos
747 575 150 27 ridderskapet
917 574 39 22 och

131 604 69 25 adeln,
224 605 88 20 väcktes
329 604 22 20 af
365 612 26 13 en
411 605 95 21 ledamot
530 604 120 27 härstädes,
675 604 49 20 horr
745 611 39 13 von
803 604 97 25 Alfthan,
921 603 36 21 det

131 632 86 28 förslag,
234 635 31 18 att
281 632 40 21 den
341 633 68 26 afgift,
427 640 46 14 som
492 633 69 21 under
578 640 62 14 namn
662 633 23 21 af
703 632 204 28 sjöfartsbevillning
925 638 31 14 se-

132 661 40 21 dan
193 662 53 20 1859
266 661 37 21 har
322 662 114 27 uppburits
455 663 49 19 mod
521 663 12 20 3
550 664 89 25 procent
659 662 21 20 af
695 661 132 26 tullmedlen,
851 661 69 21 skulle
936 660 20 20 få

132 690 89 20 fortfara
238 690 38 20 och
293 690 108 21 användas
418 691 31 20 till
466 691 93 20 nämnda
575 693 76 24 tungas
667 690 102 20 lättande.
797 690 66 20 Detta
878 689 79 27 förslag

132 719 48 27 gick
197 718 26 21 då
238 718 47 21 icko
301 719 38 21 hos
356 719 151 27 ridderskapet
524 720 39 20 och
573 719 62 21 adeln
647 719 93 27 igenom,
751 718 52 21 eller
814 720 88 23 rättare,
914 718 42 20 för-

133 748 68 26 slaget
217 754 55 14 vann
289 748 46 20 icke
351 748 38 20 hos
406 748 85 20 ståndet
507 748 31 20 sin
553 748 92 27 lösning,
657 747 88 21 emedan
757 747 151 27 ridderskapet
918 747 39 20 och

134 776 61 21 adeln
217 776 68 20 beslöt
306 778 31 18 att
353 776 33 21 för
402 777 31 20 sin
451 776 34 21 del
501 777 161 21 återremittera
678 776 88 20 ärendet
781 776 32 20 till
825 775 133 21 ekonomiut-

136 804 93 21 skottets
249 804 135 28 behandling.
416 805 32 21 De
465 805 69 28 öfriga
550 805 89 21 stånden
656 807 78 25 antogo
750 804 118 21 utskottets
884 804 74 21 betän-

134 833 75 25 kande,
226 833 40 21 och
282 834 74 26 frågan
373 834 46 21 blef
433 834 100 28 slutligen
554 834 85 28 afgjord
656 833 23 21 af
692 833 103 21 förstärkt
811 832 146 26 statsutskott,

134 862 39 20 och
190 862 36 20 det
245 862 77 20 väckta
338 862 104 28 förslaget
458 862 145 22 förkastades.
634 862 42 21 Vid
695 862 60 20 detta
771 862 83 20 tillfälle
870 861 86 27 yttrade

134 892 32 18 ett
185 898 38 19 par
241 890 48 21 utaf
310 891 151 27 ridderskapet
480 892 40 20 och
539 891 76 21 adelns
639 890 138 21 medlemmar
795 890 38 20 sitt
852 890 59 20 bifall
928 889 31 21 till

134 919 49 20 herr
198 926 41 13 von
258 919 98 21 Alfthans
375 920 88 27 förslag,
482 920 40 20 och
539 920 40 20 den
597 922 86 18 senaste
698 918 63 22 ärade
777 918 90 27 talaren,
879 925 33 14 om
922 918 38 27 jag

134 948 110 25 påminner
260 948 43 26 mig
319 950 50 24 rätt,
383 949 66 26 ansåg
465 948 72 27 äfven,
553 950 32 19 att
601 950 31 19 ett
648 948 76 21 sådant
739 947 88 28 förslag,
844 954 34 13 om
894 946 66 21 också

133 976 6 20 i
155 983 25 13 en
197 983 70 13 annan
289 976 60 27 form,
374 977 72 20 kunde
463 977 65 20 vinna
546 977 29 20 H.
591 977 27 20 K.
638 977 72 27 Maj:ts
735 975 64 21 bifall.
831 975 68 21 Detta
912 975 46 27 just

133 1005 38 20 har
187 1004 106 21 föranledt
317 1005 106 21 utskottet
442 1007 39 23 att,
497 1005 28 21 då
541 1006 37 20 det
594 1005 47 28 ålåg
660 1005 105 21 utskottet
785 1006 32 19 att
833 1004 54 21 söka
902 1011 56 13 sam-

134 1033 126 27 manbringa
283 1034 68 20 medel
378 1034 33 20 för
441 1036 32 19 att
498 1034 52 28 fylla
576 1035 26 20 de
626 1033 139 28 erforderliga
789 1032 170 25 statsbehofven,

133 1062 97 27 begagna
247 1063 70 20 denna
327 1064 66 26 utväg
403 1063 68 20 under
482 1063 153 27 förhoppning,
648 1064 31 19 att
691 1061 36 22 det
737 1061 23 22 af
769 1061 118 28 styrelsens
898 1060 59 21 med-

133 1091 88 20 lemmar
237 1091 68 20 skulle
321 1091 159 28 understödjas.
512 1091 108 21 Måhända
635 1091 38 20 har
689 1090 156 27 benämningen
862 1089 98 28 sjöfarts-

134 1119 115 27 bevillning
265 1119 48 21 icke
328 1120 56 21 varit
401 1121 43 20 rätt
459 1120 96 27 lämplig,
572 1127 49 14 men
639 1121 88 19 namnet
743 1120 38 27 gör
795 1119 24 27 ju
835 1119 47 20 icke
894 1118 65 27 något

133 1147 30 20 till
180 1147 76 27 saken;
275 1148 66 21 saken
362 1148 39 21 blir
417 1149 7 20 i
440 1149 41 20 alla
497 1149 37 20 fall
550 1149 129 24 densamma,
697 1147 40 22 och
752 1147 33 21 för
801 1147 43 21 min
861 1146 99 21 enskilda

134 1176 32 20 del
184 1176 34 20 vill
232 1177 38 27 jag
285 1177 48 20 icke
349 1177 56 21 hålla
421 1178 34 27 på,
472 1179 32 18 att
520 1177 157 27 benämningen
693 1176 68 21 skulle
777 1176 93 28 qvarstå,
884 1175 76 21 endast

133 1205 20 20 vi
170 1204 85 21 komma
269 1205 30 21 till
315 1213 83 14 samma
414 1206 48 21 mål.
488 1206 44 27 Jag
548 1206 34 21 vill
599 1206 101 27 påminna
715 1205 44 27 mig
774 1207 32 18 att
822 1211 26 14 en
864 1203 52 21 ärad
928 1206 32 18 ta-

132 1233 51 25 lare,
203 1233 90 22 friherre
311 1241 41 14 von
371 1234 66 25 Born,
457 1234 28 21 då
500 1235 76 27 frågan
593 1241 33 14 om
643 1234 252 28 ingvarteringstungans
911 1232 49 21 lätt-

132 1261 65 21 tande
215 1269 38 14 var
271 1263 52 26 före,
341 1263 45 26 just
405 1263 54 21 hade
482 1270 83 14 samma
587 1262 89 28 förslag.
707 1262 49 21 Han
778 1262 67 27 ansåg
864 1263 31 19 att
911 1267 49 14 man

132 1290 47 21 icke
195 1290 72 21 kunde
282 1291 31 20 till
332 1291 61 21 Hans
414 1292 102 27 Majestät
534 1291 51 28 ingå
603 1291 49 21 med
669 1291 105 25 anhållan,
791 1292 32 19 att
839 1289 119 28 sjöfartsaf-

132 1319 68 26 giften
218 1319 69 21 skulle
310 1320 99 25 fortfara,
427 1323 52 18 utan
498 1322 33 19 att
550 1327 49 14 man
618 1320 67 21 borde
709 1320 70 21 såsom
795 1319 7 20 i
822 1325 26 14 en
870 1318 91 27 petition

131 1348 51 27 ingå
197 1347 39 21 och
253 1348 90 27 anhålla,
360 1351 32 18 att
408 1356 27 13 en
451 1356 28 20 ny
496 1349 59 20 skatt
571 1349 68 20 under
657 1349 70 26 någon
743 1355 71 14 annan
830 1346 132 27 benämning

132 1376 32 20 för
180 1376 62 21 dessa
261 1377 42 20 fem
322 1378 51 19 åren
393 1377 117 27 etableras,
526 1377 39 21 och
581 1378 6 20 i
603 1377 36 21 det
654 1377 87 27 förslag,
757 1383 45 14 som
823 1376 28 21 då
866 1375 96 28 gjordes,

132 1405 67 20 skulle
213 1405 38 27 jag
267 1405 26 21 be
309 1407 31 19 att
357 1413 28 14 nu
401 1406 22 21 få
438 1407 123 20 instämma.

200 1433 101 22 Friherre
323 1441 47 14 von
395 1435 79 20 Troil:
499 1434 168 21 Statsutskottet
686 1434 39 21 har
742 1433 6 21 i
764 1432 143 22 förevarande
922 1431 36 32 be-

131 1461 108 21 tinkande
255 1462 118 27 föreslagit,
390 1465 32 19 att
437 1463 85 21 landets
538 1463 118 27 höglofliga
673 1463 86 19 ständer
775 1462 50 21 ville
837 1461 33 20 för
884 1461 78 19 bestri-

131 1490 70 20 dande
217 1491 23 20 af
255 1490 105 21 särskilda
376 1491 36 21 vid
431 1491 70 21 denna
520 1491 103 27 landtdag
641 1490 129 28 ifrågasatta
788 1490 84 26 anslag,
888 1488 74 21 hvilka
