1109 1739
431 102 38 15 Den
483 102 22 15 29
520 101 42 20 Maj.
848 100 39 19 105

87 159 57 25 skär,
165 158 37 27 jag
223 158 30 20 till
270 158 39 20 alla
327 157 59 21 delar
401 158 213 24 öfveronsstämmer,
631 159 55 18 samt
703 157 64 26 vågar
783 156 131 20 fördenskull

88 188 38 19 hos
150 186 151 27 ridderskapet
318 186 39 21 och
374 186 69 25 adeln,
461 193 44 13 som
525 188 99 25 nogsamt
640 186 77 20 förstår
734 185 119 27 uppskatta
868 186 47 19 vär-

88 216 36 20 det
146 215 23 20 af
187 221 26 14 en
232 215 227 27 fyrbåksanläggning,
479 215 112 20 vördsamt
606 215 79 20 föreslå
701 214 120 27 antagande
837 214 6 20 i
860 213 54 20 oför-

88 243 81 22 ändrad
192 243 54 20 form
266 244 23 19 af
305 243 92 21 nämnde
417 243 140 21 betänkande
577 243 30 20 uti
628 243 73 27 frågan
719 249 32 14 om
769 242 146 27 uppförandet

89 273 22 20 af
133 272 110 27 Bogskärs
263 272 49 26 båk,
333 272 89 20 likasom
440 272 40 21 ock
497 273 23 19 af
536 272 55 20 hvad
608 278 81 14 samma
705 271 136 21 betänkande
856 271 59 20 inne-

89 301 67 20 håller
175 301 91 20 rörande
282 301 86 26 fyrarne
384 301 57 20 inom
457 301 91 26 Ladoga
565 301 42 27 sjö;
624 300 38 21 och
679 301 32 19 får
725 301 36 26 jag
777 299 70 21 tillika
863 301 51 19 äran

88 330 92 27 upplysa
196 331 38 24 att,
251 329 48 21 med
315 329 81 21 fästadt
411 329 103 21 afseende
529 330 11 19 å
554 329 115 28 sjöfartens
682 329 93 26 verkliga
788 328 71 27 behof,
871 329 44 25 har,

89 359 55 20 efter
169 358 82 20 skedda
270 358 190 27 undersökningar,
477 358 90 27 klippan
585 358 66 21 Östra
667 357 98 28 Bogskär
783 357 68 21 blifvit
867 357 48 20 vald

89 387 31 20 till
144 387 55 27 plats
215 387 33 20 för
264 387 77 27 fyrbåk
357 387 22 20 åt
395 387 59 20 detta
471 387 49 24 håll,
538 387 111 20 äfvensom
667 386 104 20 hvardera
788 386 22 20 af
825 386 25 21 de
866 386 48 20 ifrå-

90 417 85 25 gasatta
191 415 86 27 fyrarne
293 415 31 21 uti
342 415 87 27 Ladoga
443 416 82 26 jemväl
542 416 71 20 funnit
629 415 31 20 sin
678 415 100 27 behöriga
796 415 61 26 plats.

158 443 11 20 I
193 444 36 20 det
245 444 38 27 jag
304 443 67 21 under
389 450 25 14 en
435 444 23 20 af
472 444 43 26 mig
532 444 97 20 sistlidne
647 450 92 14 sommar
755 443 26 27 pä
799 442 116 27 högveder-

91 472 68 28 börlig
176 472 116 27 befallning
307 472 117 20 verkställd
441 473 136 20 embetsresa
593 473 30 20 till
636 472 123 20 Stockholm
771 472 67 20 erhöll
850 474 65 24 ytter-

90 501 67 27 ligare
178 500 144 28 öfvertygelse
339 508 32 13 om
389 501 36 20 det
441 508 67 14 sanna
526 502 75 20 värdet
617 501 23 21 af
655 501 36 20 allt
707 508 44 12 som
768 500 70 20 blifvit
854 500 62 20 fram-

90 530 66 20 stäldt
172 530 31 19 till
219 530 187 27 ävägabringande
422 530 23 20 af
458 537 26 13 en
501 529 194 28 fyrbäksbyggnad
710 530 27 26 pä
747 528 107 28 Bogskär,
867 535 49 14 men

92 558 67 20 tillika
175 558 84 21 fästade
277 558 82 20 blicken
378 559 27 27 pä
421 559 36 20 det
473 559 23 20 af
509 558 168 28 öfverstyrelsen
689 558 33 20 för
734 557 106 21 allmänna
851 557 67 27 bygg-

92 587 95 20 naderna
207 587 80 27 afgifna
303 587 67 27 dryga
387 587 194 27 kostnadsförslag,
598 587 87 25 hvilket,
702 587 69 20 säsom
789 586 76 20 endast
881 592 35 21 ap-

93 616 138 26 proximativt
251 616 39 20 och
306 616 127 27 uppgäende
450 616 55 21 ända
523 616 31 20 till
571 616 91 26 345,000
679 616 66 24 mark,
758 616 39 26 jag
811 615 105 20 förmente

91 644 47 20 icke
156 645 71 19 kunna
245 644 84 20 komma
345 644 67 21 under
428 645 70 27 någon
516 645 127 21 ständernas
659 644 129 26 diskussion,
800 643 70 21 anhöll
880 643 38 27 jag

92 673 38 20 hos
146 672 220 28 öfverfyringeniören
379 674 68 27 major
459 680 40 14 von
512 673 151 26 Heidenstam,
675 680 44 14 som
731 673 57 27 gjort
800 672 32 27 sig
844 679 72 13 namn-

92 701 81 27 kunnig
189 708 76 20 genom
282 702 123 26 byggandet
421 702 23 20 af
455 702 156 28 jernfyrbäkar
627 702 40 20 och
683 702 12 20 ä
711 702 79 20 sådana
806 702 89 19 arbeton
912 700 6 20 i

93 730 89 27 Sverige
206 737 51 20 eger
273 732 80 25 patent,
371 738 33 14 om
421 731 148 27 upprättande
585 731 23 21 af
623 733 31 18 ctt
670 732 64 19 annat
749 730 81 26 förslag
846 730 4 19 i
868 736 50 14 ena-

93 758 70 21 handa
179 758 64 28 syfte,
259 759 106 26 grundadt
381 760 27 26 pä
423 760 54 20 hans
493 759 126 21 erfarenhet
634 759 25 21 af
667 758 126 22 dithörande
805 758 113 20 förhällan-

92 788 39 19 den
154 788 56 19 samt
234 787 95 27 lämpadt
349 787 33 21 för
401 788 20 27 ej
438 788 84 21 mindre
546 795 25 13 en
589 788 76 28 fyrbäk
682 788 22 20 af
718 788 41 20 lika
775 786 144 21 dimensioner

92 817 26 19 än
134 822 25 14 en
179 816 126 28 fyrapparat
321 816 22 20 af
360 824 81 13 samma
458 817 161 26 konstruktion,
635 824 46 13 som
697 815 220 29 byggnadsstyrelsen

91 844 118 27 föreslagit.
241 844 40 20 Till
306 844 60 21 detta
385 848 48 24 steg
451 846 139 20 föranleddes
607 846 38 27 jag
660 845 125 27 isynnerhet
801 844 22 20 af
837 843 81 21 tanken

93 872 74 28 derpä,
185 875 32 18 att
233 880 25 13 en
275 874 24 20 sä
314 874 118 27 angelägen
450 874 45 26 sak,
513 881 46 13 som
577 874 40 21 den
634 874 5 20 i
651 874 66 27 fråga,
729 873 106 27 svårligen
847 872 71 21 kunde

93 902 55 26 änyo
165 903 26 25 pä
207 902 41 20 fom
265 902 34 20 ärs
315 902 30 20 tid
362 903 142 27 uppskjutas;
520 903 41 21 och
576 903 40 21 fick
626 903 39 27 jag
676 902 123 21 sedermera
810 903 109 25 emottaga

92 930 96 27 majoren
213 937 40 13 von
278 930 153 22 Heidenstams
453 932 88 26 förslag,
565 932 47 20 med
632 932 86 26 ledning
738 930 77 21 hvaraf
832 930 86 20 kostna-

93 958 65 21 derna
183 959 32 20 för
234 958 47 21 hela
299 959 223 27 fyrotablissementet
538 960 47 21 icke
601 961 84 20 komme
702 961 31 19 att
749 959 72 27 uppgå
837 958 31 21 till
884 957 34 21 hö-

92 994 38 20 gre
148 987 77 26 belopp
243 989 25 18 än
289 988 86 25 160,000
392 988 69 21 finska
477 989 69 20 mark.

162 1015 134 28 Visserligen
313 1016 70 21 blefve
401 1024 24 13 en
443 1017 34 27 fyr
492 1018 12 20 &
522 1017 99 28 Bogskär
636 1017 6 20 i
659 1017 40 20 alla
713 1016 34 21 fall
764 1016 87 27 mycket
862 1015 57 20 kost-

94 1051 54 19 sam,
165 1050 47 14 men
229 1044 33 20 för
278 1045 103 26 sjöfarten
399 1046 68 20 skulle
485 1046 41 20 den
543 1046 97 21 medföra
655 1045 150 28 oberäkneligt
818 1051 63 20 gagn.
894 1055 24 4 —

94 1073 41 20 Lät
150 1072 99 27 England
266 1080 51 13 vara
333 1074 50 20 stolt
400 1074 60 21 öfver
476 1075 33 20 sin
521 1075 78 27 fyrbäk
612 1075 25 26 pä
649 1074 125 27 Eddystone
786 1073 39 21 och
838 1072 82 21 Frank-

95 1101 45 20 rike
156 1101 62 27 yfvas
230 1102 59 20 öfver
301 1102 154 21 Cordouanska
467 1103 63 27 fyren
542 1116 28 3 —
581 1103 71 21 kunde
663 1103 48 20 icke
721 1102 79 27 jemväl
813 1101 35 21 det
860 1101 60 28 ringa

94 1129 92 21 Finland
202 1131 90 26 uppvisa
309 1131 65 27 nägot
391 1131 100 21 liknande
508 1132 27 26 pä
552 1132 32 20 sin
600 1132 73 27 klippa
689 1131 114 27 Bogskär?

164 1157 61 22 Efter
245 1161 32 18 att
295 1162 58 18 snart
368 1160 6 19 i
390 1160 62 27 tjugu
469 1161 35 20 års
521 1161 30 20 tid
568 1161 64 20 hafva
647 1161 100 26 fungerat
763 1160 71 20 såsom
851 1159 69 20 direk-

94 1189 34 18 tor
150 1187 33 20 för
201 1187 71 20 finska
291 1188 124 27 lotsverket,
435 1189 62 21 torde
518 1189 41 20 den
575 1189 74 21 känsla
665 1189 22 20 af
701 1188 132 28 egenkärlek
850 1187 71 20 kunna

95 1215 42 27 mig
160 1215 109 27 tillgifvas,
293 1219 30 18 att
343 1217 38 27 jag
404 1217 102 21 skattade
527 1218 42 27 mig
588 1217 86 28 lycklig,
694 1224 32 14 om
746 1218 57 19 ännu
822 1217 27 26 pä
865 1216 56 20 mina

94 1244 70 27 gamla
181 1244 67 27 dagar
261 1245 38 27 jag
314 1245 56 27 finge
387 1246 83 21 tillfälle
486 1248 33 19 att
534 1246 64 21 tända
609 1247 60 26 fyren
681 1247 28 26 på
720 1245 109 28 Bogskärs
842 1245 79 27 klippa.

164 1272 41 21 Till
229 1273 42 20 slut
293 1274 32 20 får
341 1275 38 26 jag
396 1275 120 20 återhemta
534 1277 32 18 ott
582 1275 37 20 hos
636 1275 150 26 ridderskapet
803 1273 38 21 och
859 1273 61 20 adeln

95 1301 67 20 under
177 1301 287 28 landtdagssammanträdet
480 1304 42 20 den
538 1305 12 18 6
567 1303 60 27 April
646 1304 53 20 1864
715 1303 22 20 af
752 1303 43 26 mig
809 1302 55 21 fäldt
879 1303 42 26 ytt-

94 1329 74 28 rande,
185 1330 26 21 då
231 1330 38 21 den
289 1333 58 18 stora
362 1331 85 28 glädjen
465 1332 44 27 mig
525 1332 137 26 förunnades,
679 1334 30 19 att
725 1331 47 20 mitt
788 1331 81 27 förslag
885 1337 36 13 an-

95 1359 84 26 gående
199 1359 68 28 fyrars
284 1359 121 22 inrättande
421 1361 7 20 i
444 1360 118 21 Bottniska
579 1361 62 20 viken
658 1360 139 21 tillerkändes
813 1359 109 21 företräde

95 1387 90 21 framför
207 1388 68 20 andra
293 1388 86 27 förslag,
399 1389 114 27 åsyftande
532 1389 251 21 kommunikationernas
800 1387 122 25 befordran,

96 1416 39 21 och
150 1416 83 21 hvilket
248 1417 101 27 yttrande
365 1417 64 27 lydde
445 1424 46 14 som
509 1417 72 28 följer:
607 1418 11 20 I
634 1417 142 21 betraktande
791 1417 23 20 af
827 1417 39 20 den
879 1423 43 13 om-

95 1451 50 20 sorg
161 1445 115 26 sjöfartens
294 1445 148 28 betryggande
458 1447 6 19 i
480 1446 119 21 allmänhet
614 1447 69 20 måste
699 1453 72 20 ognas,
789 1446 41 19 kan
843 1445 33 20 väl
888 1444 35 20 det

95 1473 97 27 yrkande
207 1480 62 13 anses
287 1475 126 26 rättmätigt,
430 1476 33 18 att
479 1475 6 19 i
502 1482 27 13 en
546 1475 61 27 fråga
623 1475 23 20 af
660 1474 66 21 sådan
742 1474 46 27 vigt
804 1474 50 26 inga
868 1472 54 26 åsig-

95 1503 73 19 ternas
185 1501 114 27 slitningar
316 1502 65 20 borde
397 1504 52 26 göra
465 1503 87 27 intrång
569 1505 55 19 samt
637 1504 32 20 att
684 1503 28 20 all
721 1502 84 28 ängslig
817 1507 107 22 sparsam-
