1109 1739
257 117 42 20 352
579 117 38 15 Den
633 117 21 16 10
666 116 48 17 Juni.

297 173 125 26 Föredrogs
438 172 106 21 allmänna
560 172 208 21 besvärsutskottets
786 173 119 27 bordlagda
919 173 137 22 betänkande

228 202 6 20 i
250 201 115 28 anledning
380 201 25 21 af
419 201 57 20 inom
493 201 150 27 ridderskapet
659 201 39 20 och
715 201 63 20 adeln
795 203 55 19 samt
863 204 81 25 preste-
957 203 39 20 och
1010 203 45 20 bor-

228 231 142 26 garestånden
392 229 134 21 framställda
542 229 185 28 petitionsförslag
743 229 92 21 rörande
852 230 46 20 dels
914 231 141 27 utvidgandet

228 259 23 20 af
265 257 252 28 vetenskapssocieteten
538 258 39 20 och
596 258 131 20 inrättandet
743 258 23 20 af
780 265 25 13 en
824 259 232 27 vetenskapsakademi

228 287 33 20 för
283 287 98 24 Finland,
407 286 45 21 dels
471 286 75 27 anslag
563 293 24 14 ur
603 286 106 20 allmänna
725 286 68 21 medel
811 287 32 20 för
860 288 106 20 särskilda
983 290 72 18 veten-

229 315 98 28 skapliga
349 315 110 26 ändamål;
483 318 55 17 samt
561 315 5 20 i
590 315 155 26 sammanhang
768 315 88 21 dermed
879 317 175 20 statsutskottets

228 344 113 21 skrifvelse
356 344 23 21 af
395 343 42 20 den
453 343 12 20 6
482 343 88 25 dennes,
587 343 45 20 deri
649 343 181 26 statsutskottets,
847 344 49 21 med
908 345 115 27 anledning
1034 345 23 20 af

228 372 46 20 från
291 373 152 25 ridderskapet
459 372 39 20 och
515 371 61 21 adeln
594 374 123 24 emottagen
734 372 75 20 remiss
825 373 24 20 af
861 373 147 20 förstnämnde
1021 374 35 19 be-

229 401 116 27 tänkande,
369 401 182 26 tillkännagifver,
575 402 32 18 att
630 400 107 20 utskottet
759 400 48 21 icke
831 402 56 19 varit
903 401 6 20 i
926 401 82 20 tillfälle
1024 403 32 19 att

229 429 32 20 för
277 429 207 21 ofvanumförmälde
499 429 99 19 ändamål
615 429 74 19 anvisa
705 429 69 26 någon
791 436 70 13 annan
878 429 89 27 tillgång
981 431 26 19 än
1019 430 37 20 det

229 457 121 21 öfverskott
373 457 25 21 af
419 457 93 27 440,000
535 456 67 26 mark,
627 463 45 14 som
694 456 114 21 beräknats
825 458 73 20 kunna
913 458 79 27 uppstå
1007 458 6 20 i
1030 458 26 20 de

229 486 68 21 under
313 488 61 19 nästa
391 485 155 27 femårsperiod
563 485 119 27 inflytande
699 485 206 28 bevillningsmedel,
924 487 39 20 och
976 486 81 20 hvilket

230 515 121 21 öfverskott
374 516 83 19 ansetts
481 515 53 19 böra
557 514 81 20 lemnas
660 514 129 26 disponibelt
810 514 48 20 med
875 514 101 21 afseende
992 516 12 19 å
1020 515 36 20 det

231 544 77 20 väckta
324 544 105 26 förslaget
449 544 32 19 att
496 542 92 28 uppföra
603 544 32 18 ett
650 542 129 20 ständerhus
795 544 40 20 och
851 543 33 20 för
900 544 102 26 möjligen
1020 544 36 20 nö-

230 572 49 27 diga
292 572 139 28 jemkningar
447 571 5 20 i
469 571 108 27 förslagen
593 570 32 21 till
642 570 225 28 bevillningsmedlens
884 572 147 20 användande.

287 600 57 22 Herr
355 600 202 24 Nordenskiöld,
569 599 54 21 Nils
637 598 68 26 Carl,
717 600 70 20 anhöll
799 607 33 13 om
843 600 62 21 ordet
914 600 38 21 och
961 600 93 28 yttrade:

229 630 43 27 Jag
294 629 68 21 finner
384 629 43 27 mig
442 628 119 20 föranlåten
578 630 31 18 att
625 634 28 14 nu
669 629 59 19 rösta
743 628 33 20 för
792 631 31 18 ett
840 629 140 21 oförändradt
996 632 59 18 anta-

229 658 70 27 gande
315 658 22 20 af
351 658 107 20 allmänna
474 657 208 20 besvärsutskottets
698 656 85 28 förslag.
807 657 35 20 Då
851 658 37 27 jag
900 658 88 20 sålunda
999 658 56 20 från-

229 688 40 26 går
292 687 47 19 mitt
362 685 101 29 yttrande
487 685 35 21 vid
544 685 164 27 ridderskapets
732 685 39 21 och
792 686 74 20 adelns
883 686 86 27 plenum
986 686 39 20 den
1042 686 13 20 4

230 716 87 25 dennes,
341 716 23 19 så
388 714 95 20 anhåller
499 714 39 27 jag
557 716 32 18 att
605 714 31 20 till
653 714 37 20 det
705 714 114 27 höglofliga
836 714 97 21 ståndets
948 714 107 28 protokoll

230 744 22 20 få
267 743 141 25 antecknadt,
422 744 31 19 att
470 743 91 20 orsaken
579 742 30 20 till
625 742 60 21 detta
701 742 130 27 frångående
848 743 33 20 för
897 743 63 27 ingen
972 743 33 21 del
1017 743 38 27 lig-

230 779 39 21 ger
285 772 50 25 deri,
352 773 33 19 att
399 772 38 26 jag
453 771 47 21 icke
517 771 133 21 fortfarande
667 771 68 20 skulle
751 778 50 13 anse
818 771 50 20 herr
885 772 117 20 Mecnelins
1013 772 42 20 för-

231 801 46 27 slag
293 801 4 20 i
314 801 77 26 högsta
411 800 66 20 måtto
493 800 90 26 förtjent
599 800 59 20 såväl
675 799 22 21 af
711 799 126 21 ständernas
854 807 45 13 som
916 800 139 27 regeringens

229 828 200 29 uppmärksamhet,
446 830 49 18 utan
513 828 91 20 orsaken
622 828 69 20 dertill
708 829 23 19 är
748 828 75 20 endast
840 830 48 25 den,
905 830 31 19 att
949 829 39 27 jag
1000 829 54 26 hört,

229 861 32 18 att
285 858 53 20 både
360 858 100 26 borgare-
477 856 39 21 och
533 856 162 21 bondestånden
712 857 81 26 antagit
810 856 107 21 allmänna
934 858 120 20 besvärsut-

230 887 93 20 skottets
347 886 81 26 förslag
451 885 147 26 oförändradt,
622 885 40 21 och
687 885 78 20 önskar
782 885 39 27 jag
836 886 33 20 för
885 886 42 20 min
945 886 60 27 ringa
1021 886 33 20 del

231 916 88 26 bidraga
333 914 31 21 till
382 914 191 20 åstadkommande
589 914 24 20 af
626 916 31 18 ett
673 914 6 20 i
695 914 120 26 möjligaste
832 915 68 19 måtto
916 914 139 28 enstämmigt

230 943 161 21 ständerbeslut
406 943 6 19 i
428 942 70 21 denna
514 942 171 27 pctitionsfräga.

300 971 57 21 Herr
381 971 151 20 Edelsköld:
556 970 50 21 Med
623 970 102 21 afscende
741 970 12 20 å
768 970 40 21 den
824 971 131 26 föregående
971 971 83 20 diskus-

231 1001 73 20 sionen
325 1001 5 20 i
347 1001 72 20 ämnet
439 999 38 20 ber
490 999 38 28 jag
544 999 55 21 blott
630 999 12 20 få
660 999 101 26 förklara,
780 1001 32 18 att
831 999 107 21 allmänna
957 1000 97 20 besvärs-

231 1030 107 20 utskottet
354 1035 59 14 mera
428 1035 66 20 gerna
511 1027 69 21 skulle
596 1027 65 21 hafva
677 1027 82 27 antagit
775 1028 49 20 herr
841 1028 117 21 Mechelins
974 1028 81 27 förslag

231 1058 110 27 angående
365 1056 130 21 inrättandet
520 1057 22 20 af
561 1063 25 14 en
604 1056 55 20 finsk
676 1056 238 27 vetenskapsakademi,
931 1057 5 20 i
953 1057 101 20 händelse

232 1088 106 19 utskottet
355 1085 54 21 hade
426 1085 82 20 kunnat
525 1085 63 20 hafva
605 1085 94 27 ringaste
716 1085 56 26 hopp
788 1092 34 13 om
839 1087 31 18 att
886 1085 37 20 det
942 1085 68 20 skulle
1022 1092 32 13 er-

230 1115 67 21 hållas
313 1113 128 28 tillräckliga
460 1113 70 21 medel
547 1113 32 20 för
596 1115 32 19 att
644 1113 101 21 roalisora
761 1114 42 19 det.
835 1113 86 21 Samma
937 1114 63 21 orsak
1016 1115 39 26 gör

230 1144 71 27 äfven,
317 1145 33 19 att
365 1142 48 21 icke
429 1143 69 20 större
514 1142 120 27 aflöningar
650 1142 106 21 förordats
771 1142 22 20 åt
810 1142 40 21 den
867 1143 121 26 föreslagne
1004 1149 51 20 geo-

230 1173 71 27 logen,
323 1171 161 26 metoorologen
509 1171 39 20 och
567 1171 138 27 arkeologen;
723 1177 46 14 men
786 1171 36 20 det
839 1173 24 18 är
880 1171 86 20 alldeles
982 1174 72 17 natur-

231 1201 44 28 ligt,
295 1203 32 19 att
345 1207 34 14 om
399 1199 127 28 regeringen
544 1206 64 14 ansor
624 1199 33 28 sig
673 1199 65 21 hollre
754 1199 51 21 böra
821 1200 50 27 höja
887 1199 63 21 dessa
966 1200 88 20 aflönin-

230 1237 46 20 gar,
298 1230 106 21 utskottet
421 1229 37 20 har
473 1228 114 27 ingenting
603 1228 104 21 deremot.
738 1227 63 21 Hvad
817 1228 67 27 angår
900 1229 40 20 den
957 1228 98 21 anmärk-

231 1259 52 27 ning
305 1265 46 14 som
371 1257 76 27 gjorts,
466 1259 31 18 att
520 1257 6 20 i
542 1257 102 20 händelse
666 1257 47 20 icke
730 1257 99 27 lämpliga
845 1263 103 21 personer
964 1257 31 20 till
1011 1264 43 13 me-

230 1287 105 27 teorolog,
351 1286 77 27 geolog
443 1285 40 21 och
500 1285 103 28 arkeolog
619 1288 76 24 genast
707 1285 67 20 skulle
785 1285 39 27 fås,
837 1285 67 21 andra
916 1285 139 28 vetenskaps-

231 1317 48 19 män
303 1315 69 20 skulle
395 1315 81 20 aflönas
495 1314 49 20 med
563 1314 64 21 dessa
643 1314 94 20 arvoden
753 1314 46 27 (jag
814 1314 36 20 vill
867 1314 81 21 minnas
966 1315 36 20 det
1018 1321 36 13 var

232 1345 49 20 herr
305 1343 157 27 Montgomery,
483 1349 45 14 som
546 1342 105 21 framkom
669 1343 47 20 med
734 1342 39 21 den
791 1343 178 26 anmärkningen)
986 1343 68 20 skulle

231 1373 107 20 utskottet
362 1371 33 21 väl
420 1372 55 19 varit
498 1378 51 13 ense
569 1371 83 26 derom,
675 1378 34 13 om
729 1371 35 20 det
779 1371 47 20 icke
843 1373 54 18 trott
912 1373 32 18 att
960 1372 35 19 det
1009 1372 46 27 just

232 1409 36 13 var
291 1402 6 20 i
321 1401 61 20 dessa
405 1403 33 18 tre
462 1400 106 20 brancher
590 1407 45 13 som
657 1399 100 21 behofvot
778 1407 37 13 var
838 1401 73 24 störst,
928 1401 39 19 och
984 1400 72 20 derför

231 1431 48 20 icke
296 1430 57 20 velat
373 1435 77 20 genom
467 1431 32 18 att
515 1428 71 21 lemna
603 1429 36 19 det
655 1429 65 26 öppet
735 1428 100 27 möjligen
852 1429 22 20 få
890 1428 31 21 dit
937 1429 66 20 andra
1019 1435 35 14 ve-

231 1459 159 26 tenskapsmän,
414 1457 39 21 och
475 1457 124 20 sedermera
619 1457 46 20 icke
682 1458 68 25 någon
767 1457 139 27 meteorolog,
922 1457 78 27 geolog
1016 1457 38 20 och

231 1487 102 26 arkeolog
349 1486 72 20 kunna
436 1486 88 20 aflönas.
553 1485 42 21 Det
610 1492 37 14 var
666 1485 90 20 orsaken
769 1485 99 21 hvarföre
880 1486 106 20 utskottet
997 1488 58 18 stan-

231 1519 36 18 nat
283 1516 5 20 i
303 1515 36 21 det
354 1514 87 28 förslag,
458 1522 45 12 som
522 1514 37 20 här
576 1521 71 20 synes.
