1109 1739
439 96 40 16 Den
493 97 21 16 29
527 96 43 21 Maj.
860 95 26 20 67

92 152 87 21 hvilken
189 152 7 20 i
207 151 104 22 Februari
328 152 54 21 1864
397 151 69 22 blifvit
480 152 23 20 af
516 152 103 21 Finlands
630 152 88 21 ständer
728 151 65 28 gillad
805 151 41 21 och
856 153 60 20 anta-

92 188 47 19 gen.
156 180 39 21 Ett
206 180 147 27 straffängelse
369 180 38 21 har
423 180 120 21 emellertid
559 181 47 20 icke
622 181 66 26 något
704 183 64 18 annat
781 180 97 21 ändamål
888 181 28 20 än

92 211 32 18 att
135 209 128 27 möjliggöra
278 209 190 26 verkställigheten
485 209 23 20 af
521 209 146 21 frihetsstraff.
683 209 40 20 Att
739 208 63 21 döma
813 209 23 20 af
845 208 71 21 hvad
904 204 15 37 i

92 237 147 21 betänkandet
253 237 148 26 förekommer,
416 244 65 21 synes
495 237 163 22 statsutskottet
669 238 47 21 icke
729 237 67 21 heller
811 237 64 21 hafva
885 237 31 21 fä-

96 267 44 19 stat
155 265 92 21 särskild
263 265 44 28 vigt
323 265 34 20 vid
374 266 35 20 det
429 265 144 26 förhållande,
592 269 31 18 att
641 266 101 21 Finlands
758 266 87 21 ständer
860 272 56 15 sam-

94 294 70 27 tidigt,
181 295 52 20 eller
252 294 2 20 i
270 293 102 22 Februari
389 294 38 21 och
443 294 58 21 Mars
519 295 61 25 1864,
597 295 68 20 utläto
681 295 33 26 sig
729 295 92 20 rörande
837 294 26 21 de
879 294 37 21 all-

93 325 78 18 männa
187 323 122 27 grunderna
323 322 34 21 för
372 329 25 14 en
415 330 28 20 ny
459 323 151 28 brottmålslag
625 323 39 21 och
681 323 74 21 dervid
769 323 98 21 lemnade
878 329 37 21 po-

93 352 64 20 sitiva
174 351 38 21 och
229 358 124 20 noggranna
375 351 161 28 bestämningar
561 351 92 22 rörande
669 351 26 21 de
713 353 56 20 arter
789 352 22 21 af
828 351 86 21 frihets-

94 379 67 26 straff,
177 387 45 14 som
240 379 65 21 borde
319 380 7 19 i
343 380 40 20 den
399 387 42 20 nya
456 380 62 27 lagen
534 380 57 27 ingå.
622 380 75 21 Säsom
714 387 25 14 en
755 380 52 27 följd
823 380 23 21 af
854 380 61 21 detta

93 408 137 21 förbiseende
253 408 48 20 utaf
322 408 45 21 dels
385 409 98 27 gällande
499 409 35 27 lag
554 409 46 20 dels
623 408 126 21 ständernas
768 409 91 27 tidigare
875 408 40 21 till-

94 437 109 27 göranden
220 436 6 21 i
242 438 71 19 ämnet
332 436 57 28 röjer
405 436 147 22 betänkandet
568 444 28 14 nu
613 437 66 21 ocksä
697 444 25 14 en
739 436 43 21 viss
806 436 109 28 ihälighet,

94 472 45 14 som
162 466 40 28 gör
217 467 32 19 att
269 472 55 20 man,
340 465 6 20 i
363 465 71 21 stället
453 465 33 21 för
501 466 136 25 reflexioner,
658 466 103 20 baserade
777 466 27 26 pä
823 465 92 21 faktiskt

94 494 118 21 bestäende
236 493 152 26 färhällanden,
407 494 38 20 här
460 494 40 21 och
517 494 38 21 der
571 494 69 21 finner
655 494 77 21 endast
748 500 26 14 en
791 493 125 29 godtycklig

95 522 200 28 sammanställning
310 522 22 20 af
346 522 122 28 subjektiva
483 522 163 22 förmenanden.
671 523 43 27 Jag
729 522 38 21 har
783 522 33 21 för
826 522 43 21 min
881 522 34 20 del

95 551 47 21 icke
158 552 82 20 kunnat
253 550 57 21 finna
325 551 70 27 någon
411 558 69 14 annan
497 551 205 28 förklaringsgrund
717 551 32 21 för
765 551 60 21 detta
836 550 78 22 förhäl-

94 579 70 26 lande,
181 581 25 19 än
223 581 32 19 att
271 579 39 21 den
327 580 136 20 uteslutande
486 580 121 20 finansiella
629 580 138 28 uppfattning
790 580 23 20 af
833 579 81 27 frägan,

96 615 44 13 som
156 608 6 21 i
179 608 106 20 utskottet
307 608 58 27 gjort
387 608 33 27 sig
442 608 106 28 gällande,
565 609 64 20 vällat
649 608 116 21 utskottets
781 608 98 28 glömska
894 608 23 20 af

96 636 55 21 hvad
167 636 34 27 lag
217 636 6 20 i
239 638 72 19 ämnet
326 636 93 28 stadgar.
450 637 167 21 Ofvannämnda
628 637 127 27 författning
765 636 46 21 frän
822 638 24 19 är
859 637 55 21 1866

95 665 82 20 lemnar
192 665 135 20 föreskrifter
342 665 91 21 rörande
449 668 76 18 trenne
542 668 58 18 arter
616 666 23 20 af
652 665 147 21 frihetsstraff:
815 665 100 21 tukthus-

96 694 67 24 straff,
179 693 160 28 fängelsestraff
353 694 38 20 och
407 694 97 28 fängelse
520 694 36 21 vid
573 696 73 19 vatten
663 694 39 21 och
718 694 63 26 bröd;
797 694 118 24 hvaremot,

96 722 67 27 enligt
179 722 126 20 ständernas
320 722 99 27 yttrande
436 722 92 22 rörande
545 723 26 20 de
588 723 105 20 allmänna
709 722 121 28 grunderna
846 723 32 19 för
889 728 26 14 en

96 758 29 20 ny
148 750 155 28 brottmälslag,
323 750 41 21 den
383 751 134 21 sistnämnda
536 752 124 20 straffarten
677 751 68 21 skulle
761 750 99 22 bortfalla
876 750 39 21 och

96 779 165 21 frihetsstraffen
281 780 60 20 bestä
360 779 23 21 af
397 780 160 25 tukthusstraff,
573 780 96 27 fängelse
685 780 38 20 och
739 781 76 19 arrest.
847 778 68 21 Tukt-

96 807 132 25 husstraffet,
253 814 44 14 som
320 809 64 26 utgör
400 808 35 20 det
454 808 98 21 sväraste
569 808 166 26 frihetsstraffet,
752 808 57 20 afser
824 809 32 19 att
872 807 44 21 läta

96 836 134 28 förbrytaren
254 836 68 20 under
344 836 157 28 fängelsetiden
526 838 96 26 undergä
641 843 26 14 en
684 836 107 28 allvarlig,
814 836 102 21 metodisk

96 864 45 20 tukt
163 864 40 21 och
227 865 85 20 komme
335 867 32 18 att
387 865 108 20 användas
511 866 34 20 för
562 866 67 25 brott,
644 872 45 14 som
706 865 53 21 hade
776 865 31 20 sin
823 864 70 28 grund
909 864 5 20 i

96 900 25 13 en
139 900 58 13 mera
214 892 133 28 depraverad
363 894 176 27 sinnesriktning,
557 894 26 20 dä
599 894 46 20 åter
656 894 181 26 fängelsestraffet
848 892 68 21 skulle

97 921 84 21 inträda
203 922 36 20 vid
263 921 114 27 lindrigare
396 922 35 20 fall
452 922 23 20 af
489 922 146 27 brottslighet.
666 922 72 27 Enligt
755 922 54 20 1866
824 922 35 20 års
873 920 44 22 för-

95 949 94 28 fattning
213 950 66 20 borde
302 950 194 27 tukthusfangarne
520 951 93 20 erhålla.
623 950 152 27 undervisning
793 950 6 20 i
819 950 96 26 religion,

96 978 132 20 elementära
252 978 123 27 kunskaper
399 979 38 20 och
455 979 6 20 i
477 979 107 20 särskilda
599 979 67 28 yrken
683 979 39 20 och
743 979 6 20 i
765 978 64 27 öfrigt
848 981 69 24 träget

94 1006 130 28 sysselsättas
239 1007 48 20 med
303 1007 75 20 arbete.

165 1035 37 20 Uti
219 1035 38 21 cell
271 1035 50 21 eller
337 1043 74 13 enrum
427 1035 66 21 borde
510 1036 69 27 enligt
595 1036 54 20 1866
669 1039 34 17 ärs
726 1035 126 27 författning
874 1035 42 20 för-

95 1070 62 13 varas
181 1063 128 28 förbrytare,
333 1071 45 13 som
399 1064 20 27 ej
439 1064 48 27 fyllt
506 1064 91 21 aderton
613 1065 30 25 år,
663 1064 70 27 fånge,
749 1070 44 14 som
809 1063 107 27 undergär

95 1092 63 20 straff
171 1091 34 21 för
221 1092 135 27 disciplinära
375 1093 122 24 förseelser,
517 1093 110 20 äfvensom
644 1093 48 25 den,
709 1092 86 21 hvilken
812 1093 55 19 visat
883 1092 32 26 sig

95 1127 51 14 vara
162 1121 24 20 sä
201 1120 78 28 sedligt
291 1121 128 22 förderfvad,
441 1123 31 18 att
489 1121 53 20 hans
559 1128 149 14 sammanvaro
724 1121 47 20 med
788 1120 67 21 andra
870 1120 45 20 fän-

94 1155 38 20 gar
149 1149 70 20 kunde
236 1149 63 20 lända
315 1149 62 21 desse
393 1149 31 21 till
441 1149 74 21 skada.
532 1150 81 20 Likasä
628 1149 69 21 skulle
713 1149 33 26 de,
758 1156 44 14 som
819 1149 97 26 undergä

94 1177 96 27 fängelse
206 1177 35 21 vid
258 1179 72 19 vatten
347 1178 39 21 och
403 1178 59 25 bröd,
478 1178 68 27 enligt
561 1178 74 27 regeln
651 1178 66 21 hållas
733 1178 6 20 i
755 1185 81 13 eprum.
860 1177 55 20 Här-

94 1206 85 20 utöfver
203 1205 62 21 hafva
289 1206 115 21 ständerna
426 1207 31 20 uti
481 1207 37 20 det
540 1207 102 27 yttrande
664 1206 26 21 de
713 1206 85 27 afgifvit
821 1205 92 21 rörande

93 1233 123 28 grunderna
239 1234 33 21 för
288 1241 25 14 en
337 1242 28 20 ny
386 1235 97 27 strafflag
503 1236 79 19 uttalat
597 1235 32 20 sin
646 1235 55 27 åsigt
717 1241 60 18 vara,
794 1237 38 22 att,
850 1233 64 21 sedan

93 1262 40 21 den
150 1269 43 20 nya
209 1262 61 28 lagen
287 1263 56 21 trädt
359 1263 6 20 i
381 1263 98 27 gällande
496 1263 65 25 kraft,
579 1263 40 21 alla
635 1263 153 21 tukthusstraff
801 1263 28 27 på
845 1264 31 19 ett
893 1263 23 20 år

93 1291 52 20 eller
169 1291 86 20 kortare
279 1291 30 21 tid
335 1291 68 21 skulle
419 1292 99 21 försonas
534 1292 6 20 i
557 1299 75 13 enrum
652 1295 62 22 samt,
733 1294 32 18 att
777 1291 82 28 jemväl
875 1291 40 20 den

93 1319 122 28 brottsling,
239 1327 45 13 som
309 1320 69 21 blifvit
402 1320 63 21 dömd
489 1321 31 20 till
544 1320 155 21 tukthusstraff
712 1321 27 26 på
754 1320 73 27 längre
843 1319 31 21 tid
890 1320 25 19 än

93 1349 32 19 ett
140 1349 31 24 år,
187 1348 68 21 under
271 1348 36 21 det
323 1349 67 20 första
407 1349 52 25 året,
479 1349 40 20 och
535 1349 7 20 i
559 1349 74 27 hvarje
650 1348 101 21 händelse
767 1348 6 21 i
789 1349 65 20 minst
870 1349 46 19 åtta

92 1376 109 24 månader,
218 1377 69 20 skulle
303 1377 66 20 hållas
385 1377 6 20 i
408 1377 46 20 cell.

162 1405 49 20 Med
234 1405 63 20 dessa
320 1405 199 28 lagbestämningar
538 1405 33 21 för
587 1406 84 26 ögonen
694 1405 63 21 utber
773 1405 38 27 jag
826 1404 44 27 mig
885 1406 31 18 att

91 1433 21 20 få
128 1433 69 28 fråga,
217 1440 34 13 om
267 1433 20 28 ej
304 1433 26 21 de
345 1434 93 20 nämnda
453 1433 167 21 frihetsstraffen
637 1434 52 20 böra
700 1434 96 20 försonas
811 1433 7 20 i
833 1433 35 20 väl
882 1433 34 19 in-

91 1462 69 19 redda
184 1463 39 19 och
240 1462 33 19 väl
291 1462 152 27 organiserade
459 1463 116 26 fängelser,
593 1463 51 19 eller
664 1469 34 13 om
717 1462 36 20 det
769 1462 68 20 skulle
854 1460 63 20 hafva

92 1489 82 21 kunnat
191 1496 51 14 vara
258 1490 175 21 statsutskottets
445 1490 94 27 mening,
554 1492 32 19 att
596 1490 138 28 fängelserna
745 1490 6 20 i
762 1490 74 20 landet
849 1488 66 21 borde

827 1530 23 16 5*
