1109 1739
425 99 40 16 Den
478 99 21 16 29
513 97 44 22 Maj.
851 97 26 22 17

79 155 93 21 finnes
167 149 13 37 i
195 155 40 20 den
259 154 122 28 åberopade
404 154 156 28 författningen
584 154 31 21 till
638 154 31 21 sin
696 153 150 22 beskaffenhet
869 154 36 21 be-

79 183 81 26 stämd,
184 184 66 26 vägar
269 183 38 27 jag
330 185 56 18 ännu
410 183 101 26 vidhälla,
537 184 32 19 att
586 183 38 27 jag
647 185 46 18 tror
716 183 107 21 utskottet
846 183 61 20 deraf

80 212 38 21 och
141 212 24 20 af
179 211 248 28 fängelseinspektörens
445 211 158 28 upplysningar
619 211 64 21 hafva
699 211 82 21 kunnat
796 212 67 27 draga
879 211 25 21 de

80 240 122 27 slutsatser,
227 247 45 13 som
303 240 110 27 angående
436 240 102 21 behofvet
564 240 23 21 af
601 240 92 21 tillskott
708 240 54 21 ifrån
779 240 126 21 ständernas

80 269 46 20 sida
144 269 6 20 i
166 268 142 21 förevarande
323 269 36 20 fall
376 268 143 21 erfordrades.
553 269 44 20 Det
613 269 24 20 är
653 268 125 28 visserligen
790 271 72 24 sannt,
874 270 32 19 att

79 297 38 28 jag
132 297 6 21 i
155 297 76 28 frågan
251 304 33 13 om
308 297 40 20 den
364 297 22 20 af
405 297 107 21 utskottet
531 297 78 28 gjorda
629 297 168 28 anmärkningen
814 297 91 22 rörande

84 342 11 10 »
98 326 34 21 väl
142 326 90 21 inredda
247 325 122 28 fängelser"
384 326 48 21 icke
448 326 49 21 kom
514 328 32 19 att
560 325 101 21 särskildt
672 327 77 20 nämna
760 325 40 22 den
811 325 95 29 följande

82 355 77 26 raden,
183 355 67 20 ehuru
266 355 6 20 i
288 354 43 21 min
347 354 62 21 skrift
425 356 23 19 är
463 361 79 21 genom
558 355 77 20 tecken
651 354 83 27 antydt,
751 356 32 19 att
798 362 26 14 en
840 355 65 21 sådan

83 383 37 21 rad
134 383 81 27 finnes,
230 383 106 27 nemligen
352 383 40 20 den
411 383 37 21 der
460 383 37 21 det
508 383 56 21 talas
575 390 34 13 om
621 383 176 27 matordningen;
809 391 47 13 men
866 384 23 27 ja

83 412 69 21 skulle
163 412 33 20 för
205 411 43 21 min
259 411 34 21 del
305 418 51 14 anse
368 411 70 21 denna
447 411 163 28 omständighet
619 411 20 27 ej
647 411 101 21 förändra
755 411 151 25 förhållandet,

84 442 51 19 enär
150 440 7 21 i
173 440 42 21 alla
230 440 36 20 fall
283 440 106 28 qvarstår,
405 442 32 18 att
452 440 108 21 utskottet
576 440 129 20 åtminstone
721 439 76 28 tyckes
811 440 97 21 förmena

85 469 34 21 väl
132 468 89 22 inredda
236 468 107 28 fängelser
358 468 48 21 icke
423 476 51 14 vara
489 469 7 21 i
512 469 32 21 sin
556 468 97 28 ordning,
668 468 73 21 hvaraf
751 468 35 28 jag
801 469 20 27 ej
837 468 71 22 kunde

85 498 68 28 draga
172 498 69 27 någon
261 504 69 14 annan
346 497 97 27 slutsats,
459 498 28 20 än
503 500 32 18 att
551 497 107 21 utskottet
674 499 71 19 ansett
761 497 94 21 straffets
871 499 36 19 än-

84 526 70 21 damål
179 526 48 21 bäst
249 526 72 27 fyllas,
346 532 33 14 om
403 526 103 27 fångarne
529 526 68 21 hållas
615 526 5 20 i
636 526 36 20 illa
687 526 89 20 inredda
792 526 114 28 fängelser.

85 555 109 21 Särskildt
214 554 39 21 har
268 554 89 21 friberre
373 554 62 28 Boije
453 555 106 27 åberopat
575 562 27 13 en
621 554 88 28 engelsk
725 554 124 22 författares
864 556 43 26 ytt-

85 583 67 21 rande
169 590 34 14 om
224 583 186 27 cellfängelsernas
429 583 132 28 lämplighet.
592 582 44 21 För
651 583 133 21 närvarande
800 584 66 27 pågår
882 590 26 14 en

86 612 67 27 häftig
177 612 53 20 strid
252 612 6 20 i
281 611 48 21 hela
344 611 88 28 Europa
451 612 91 20 emellan
559 612 146 20 förfäktarene
721 612 23 20 af
758 612 37 21 det
810 612 99 21 absoluta

86 641 213 27 cellulär
181 636 9 36 -
199 641 100 27 systemet
318 640 38 21 och
373 640 35 26 de,
425 647 45 14 som
487 642 104 19 motsätta
607 640 32 28 sig
655 640 117 21 detsamma
788 642 55 19 samt
859 640 50 28 vilja

85 669 69 21 införa
178 671 31 19 ett
232 668 102 21 blandadt
357 671 90 25 system;
466 669 42 21 den
526 669 82 21 striden
626 669 39 21 har
683 669 62 21 äfven
763 671 73 25 trängt
851 669 57 21 inom

86 699 52 20 våra
160 698 149 25 landamären,
333 697 39 21 och
393 698 38 27 jag
455 698 39 20 har
518 698 71 20 blifvit
606 698 102 27 indragen
728 697 7 21 i
751 704 26 15 en
794 697 116 28 polemik
896 693 17 37 i

85 726 107 28 juridiska
207 726 137 27 föreningens
360 726 96 21 tidskrift
471 726 7 20 i
495 726 60 21 detta
571 726 110 21 afseende.
703 726 42 28 Jag
760 728 23 19 är
794 725 116 29 ingalunda

89 762 25 14 en
134 757 42 19 vän
195 756 22 20 af
234 754 36 21 det
286 754 97 21 absoluta
399 755 156 27 cellsystemet;
571 756 101 24 tvärtom,
689 755 70 21 såsom
775 755 84 21 straffet
874 761 36 14 en-

87 786 55 18 samt
157 783 34 21 för
207 784 32 27 sig
254 786 51 18 utan
321 783 37 21 allt
372 785 71 24 annat,
459 783 109 21 förkastar
579 784 38 27 jag
632 783 118 21 detsamma
759 784 45 20 helt
815 784 40 20 och
866 783 44 21 hål-

88 812 36 21 let.
156 812 49 20 Men
225 812 26 20 då
269 812 149 21 erfarenheten
435 812 35 21 vid
487 819 43 21 nya
545 812 119 28 fängelsers
680 812 116 21 inredande
816 812 39 20 och
874 812 36 20 vid

86 840 217 28 fängelsereformens
328 840 169 28 genomförande
523 841 66 25 visat,
616 842 32 20 att
673 848 49 13 man
749 840 97 28 omöjligt
868 840 42 20 kan

87 869 97 21 undvara
206 869 157 27 cellfängelser,
387 870 70 20 såsom
480 870 123 27 utgörande
621 871 31 19 ett
675 869 91 21 stadium
785 869 24 21 af
823 869 87 21 frihets-

88 898 95 20 straffets
199 898 169 26 verkställande,
384 898 6 20 i
407 898 82 21 hvilket
506 898 103 21 afseende
625 898 36 20 det
671 898 55 20 dock
737 897 109 22 användes
857 904 54 14 mer-

88 926 73 21 endels
178 927 32 20 för
226 933 26 13 en
268 926 49 21 kort
332 926 40 26 tid,
389 927 23 20 så
427 933 65 14 anser
505 927 38 27 jag
559 926 66 22 också
640 926 34 21 vid
691 926 74 28 hvarje
779 926 133 28 fängelsesy-

89 956 65 24 stem,
170 961 46 14 som
232 955 6 20 i
253 954 92 21 Finland
360 955 41 20 kan
420 955 85 20 komma
520 955 91 27 i-fräga,
627 955 148 27 cellfängelser
785 961 51 14 vara
845 954 67 21 ound-

88 983 81 28 vikliga
188 983 70 20 säsom
277 984 32 19 ett
327 983 68 20 första
411 983 93 21 stadium
520 984 69 20 under
605 990 26 14 en
647 983 86 21 kortare
749 983 36 21 tid.
816 983 36 20 Nu
869 982 44 22 kan

88 1011 64 21 likväl
168 1011 48 21 icke
232 1011 66 21 blifva
314 1011 59 28 fråga
389 1019 34 13 om
440 1014 30 19 ett
481 1012 78 21 sådant
573 1014 92 26 systems
681 1012 128 27 antagande,
820 1011 91 21 emedan

90 1042 30 19 ett
140 1042 65 19 annat
221 1041 80 26 system
318 1041 23 20 är
357 1040 108 21 bestämdt
481 1047 78 21 genom
576 1041 40 20 den
633 1041 86 27 mycket
734 1039 121 28 åberopade
870 1039 43 21 för-

90 1069 120 27 ordningen
233 1069 23 20 af
277 1068 40 21 den
341 1069 26 20 26
391 1069 125 21 November
528 1070 77 26 «866,
621 1069 60 21 hvari
699 1069 115 26 faststälts,
829 1070 32 19 att
877 1068 36 21 vid

90 1097 74 28 hvarje
185 1097 90 20 tukthus
298 1097 39 20 bör
353 1097 68 20 finnas
437 1100 31 18 ett
484 1098 149 27 cellfängelse,
649 1098 7 20 i
671 1097 81 21 hvilket
768 1097 60 21 skola
844 1097 70 20 förva-

90 1133 34 13 ras
143 1132 57 21 unga
215 1125 140 28 brottslingar
369 1126 69 21 under
454 1127 25 20 18
496 1127 24 20 år
536 1127 39 20 och
593 1127 79 20 sådana
687 1125 128 22 förhärdade
829 1125 85 28 förbry-

92 1156 54 23 tare,
165 1161 46 14 som
230 1154 49 21 icke
296 1155 71 20 kunna
383 1156 68 19 sättas
463 1155 142 21 tillsammans
615 1155 48 20 med
675 1155 66 20 andra
755 1157 52 18 utan
822 1156 32 19 att
869 1154 44 20 för-

91 1183 75 20 derfva
185 1182 56 21 dem.
272 1183 34 21 Då
322 1190 48 13 man
387 1183 19 27 ej
423 1183 39 21 har
478 1187 67 17 annat
563 1185 32 19 att
612 1185 55 19 rätta
683 1183 32 28 sig
731 1183 53 21 efter
800 1184 26 19 än
843 1183 71 20 denna

92 1211 136 27 författning,
245 1213 22 19 så
283 1211 64 28 följer
363 1211 69 27 deraf,
448 1213 71 20 såsom
537 1212 89 21 nämndt
641 1214 30 24 är,
687 1214 32 19 att
734 1211 36 21 vid
781 1211 74 28 hvarje
864 1213 49 25 nytt

90 1239 102 28 fängelse,
209 1246 45 14 som
270 1247 29 13 nu
315 1241 146 26 konstrueras,
477 1242 33 19 ett
526 1241 137 27 cellfängelse
680 1241 53 20 skall
744 1240 74 21 finnas.
843 1239 72 21 Huru-

90 1268 49 21 vida
162 1269 69 26 någon
252 1268 115 28 anledning
384 1269 115 21 förefinnes
520 1269 31 21 till
567 1271 32 19 att
618 1269 48 21 med
689 1269 89 21 friherre
796 1275 42 14 von
854 1267 60 22 Troil

90 1298 60 26 säga,
174 1298 33 19 att
229 1297 172 28 fängelsefrågan
424 1298 69 20 skulle
517 1305 53 14 vara
585 1298 121 27 impopulär
721 1297 39 21 och
777 1297 36 21 det
828 1297 29 28 på
872 1296 41 21 den

90 1325 79 27 grund,
184 1327 32 18 att
231 1325 37 28 lyx
284 1326 38 21 och
339 1326 87 27 elegans
437 1326 6 21 i
455 1326 137 28 fängelserna
608 1327 86 26 införts,
714 1326 38 21 har
760 1326 39 27 jag
814 1325 49 21 icke
873 1325 43 20 rik-

92 1354 42 27 tigt
148 1354 53 20 reda
217 1355 65 26 uppå;
299 1355 24 20 så
333 1355 46 20 vidt
392 1355 38 27 jag
445 1355 83 20 känner
544 1355 51 21 våra
605 1355 71 28 gamla
685 1355 116 27 fängelser,
817 1353 101 22 utmärka

91 1382 26 21 de
133 1382 33 27 sig
181 1382 114 28 ingalunda
311 1383 28 27 på
354 1383 60 20 detta
429 1385 49 19 sätt.
510 1383 11 21 I
538 1383 136 21 Tavastehus
690 1383 38 21 har
744 1383 85 28 nyligen
846 1381 69 22 blifvit

92 1411 103 27 uppfördt
212 1413 31 18 ett
258 1411 146 28 cellfängelse,
422 1411 82 21 hvilket
518 1413 39 26 jag
573 1413 68 20 måste
657 1412 94 21 erkänna
767 1414 30 18 att
811 1411 38 28 jag
860 1412 58 19 ännu

92 1439 47 20 icke
155 1441 54 24 sett,
225 1440 39 20 och
281 1440 66 21 hvarå
358 1440 84 21 arbetet
453 1440 20 27 ej
484 1440 71 21 heller
565 1443 57 18 ännu
633 1441 69 20 blifvit
713 1440 108 21 afslutadt.
844 1439 73 20 Huru-

91 1467 49 20 vida
156 1469 70 25 någon
244 1468 35 27 lyx
300 1469 51 19 eller
370 1469 87 26 elegans
473 1470 6 19 i
495 1469 51 21 dess
562 1469 113 27 inredning
690 1469 75 26 finnes,
782 1469 82 20 känner
876 1467 39 27 jag

91 1495 84 22 således
194 1496 57 27 icke;
267 1503 48 14 men
331 1498 32 20 att
378 1496 189 29 fängelsefrågans
586 1497 161 28 impopularitet
765 1496 69 22 skulle
850 1495 22 21 få
891 1500 27 15 en
