1109 1739
251 108 42 20 200
572 106 37 15 Den
623 107 9 14 3
645 105 48 16 Juni.

225 164 80 26 åldriga
321 163 55 20 tider
394 161 55 20 varit
466 161 89 20 baserad
572 161 27 26 pä
615 161 113 26 skogarne,
753 160 85 20 hvilken
859 161 138 20 verksamhet
1012 168 35 19 ge-

225 199 48 13 nom
289 191 142 20 forststatens
449 189 104 20 tillkomst
572 189 109 26 verkligen
699 188 32 20 led
749 191 31 17 ett
796 189 84 26 ganska
897 189 105 27 betydligt
1016 190 32 20 af-

226 220 71 21 bräck.
316 219 33 27 Ty
365 219 40 20 det
420 219 23 19 är
458 217 123 27 tillräckligt
598 217 71 24 kändt,
687 219 32 18 att
729 217 38 19 den
781 219 57 18 stora
852 217 82 26 handel,
947 224 45 13 som
1002 217 46 20 med

227 247 188 28 skogsprodukter
437 246 57 20 förut
518 245 53 27 egde
595 252 46 13 rum
658 245 5 20 i
680 245 121 26 Uleåborgs
826 245 42 26 län,
890 253 37 12 var
950 245 97 27 grundad

225 276 125 27 isynnerhet
366 275 27 27 på
412 274 25 20 de
453 274 70 26 billiga
540 274 175 26 inköpspriserna
732 273 27 26 på
775 275 67 22 orten,
860 273 36 20 det
913 274 52 20 lätta
981 275 67 19 sättet

226 307 31 18 att
273 305 108 20 åtkomma
400 309 72 17 varan,
489 302 26 20 då
532 302 34 20 det
583 302 82 26 knappt
682 301 49 20 kom
748 301 67 27 ifråga
827 304 32 17 att
871 303 55 26 köpa
939 301 47 26 den,
998 305 48 17 utan

227 339 47 14 man
286 335 36 24 tog
332 332 47 25 den,
390 331 39 20 der
445 331 39 19 den
496 330 67 20 fanns.
580 331 40 19 Att
629 329 91 25 säledes,
731 329 26 20 dä
765 336 65 13 varan
841 331 48 19 med
906 337 38 13 ens
960 330 40 20 fick
1018 333 30 17 ett

226 361 65 26 högre
307 361 44 26 pris
367 359 41 21 och
426 359 44 20 blef
486 365 79 18 rarare,
589 365 25 13 en
638 361 45 17 stor
703 358 131 26 ombildning
850 359 5 18 i
873 358 175 20 affärsverksam-

226 389 64 20 heten
314 388 69 21 skulle
408 387 89 22 inträda,
520 387 38 20 och
583 389 30 18 att
634 387 36 19 det
689 386 68 20 skulle
776 386 63 20 hafva
859 393 26 14 en
902 387 103 19 inverkan
1022 387 26 26 pä

227 417 82 20 landets
325 417 119 26 inbyggare
459 417 24 17 är
498 415 43 19 helt
557 415 108 26 naturligt.
697 414 41 26 Jag
755 414 37 20 har
808 414 149 27 förnämligast
974 415 74 26 begärt

227 445 60 20 ordet
303 445 47 20 icke
367 444 34 20 för
417 446 30 17 att
462 444 66 19 trötta
544 443 85 20 ständet
646 442 48 20 med
710 445 33 17 att
758 442 92 20 relatera
876 443 64 27 nägot
964 443 22 19 af
1008 442 39 20 den

228 473 120 25 berättelse,
370 478 46 14 som
434 472 51 19 hvar
504 471 38 20 och
561 478 33 18 en,
615 478 44 12 som
676 471 128 19 intresserar
821 470 32 27 sig
870 470 77 26 derför,
964 470 41 20 kan
1022 472 26 25 gå

227 502 92 26 igenom,
335 504 52 17 utan
405 500 37 20 för.
453 501 30 18 att
499 499 84 27 påpeka
600 500 65 25 några
681 499 92 27 punkter
789 499 4 19 i
811 499 167 20 reservationen.
1004 499 44 20 Det

227 531 24 19 är
274 532 77 18 tvenne
375 528 100 27 punkter,
499 534 44 14 som
568 528 77 19 handla
661 533 33 13 om
708 527 136 27 upplåtelsen
864 528 22 18 af
901 527 147 27 kronoskogar

228 558 32 20 för
277 558 60 26 bruk,
353 558 27 19 de
392 556 107 20 såkallade
511 556 264 26 rekognitionsskogarne,
785 555 85 20 hvilken
882 556 164 20 kommissionen

227 586 112 27 afstyrkte.
372 584 117 27 Angående
506 584 154 27 försäljningen
685 584 26 26 på
731 583 68 27 grund
818 584 23 19 af
858 584 124 26 minimipris
1007 584 40 20 kan

228 614 36 20 det
279 614 126 26 visserligen
422 619 49 13 vara
488 612 85 27 mycket
589 612 101 26 rationelt
705 614 32 18 att
754 611 47 21 icke
811 613 82 19 utsätta
905 612 85 24 sådana,
1001 619 58 15 men.

228 643 128 20 åtminstone
374 648 37 17 var
427 640 141 20 förhållandet
585 640 25 20 då
627 642 57 18 ännu
699 640 82 25 sådant,
798 642 31 18 att
846 640 26 20 de
889 641 91 25 ansågos
997 640 51 20 nöd-

229 671 108 26 vändiga.”
357 669 105 27 Slutligen
486 669 38 20 och
548 668 125 28 isynnerhet
694 668 109 27 angående
820 668 40 20 den
878 668 106 20 blifvande
1002 669 46 20 vär-

228 699 39 20 den
285 699 22 20 af
322 698 175 26 kronoskogarne
520 704 38 13 var
582 700 137 17 reservanten
740 704 24 12 en
783 696 97 21 bestämd
901 697 146 20 motståndare

227 728 23 19 af
263 727 34 26 all,
313 729 31 18 att
357 727 40 26 jag
413 726 22 20 så
451 726 34 20 må
500 727 58 25 säga,
575 725 122 27 forstnärlig
713 725 104 26 bildning;
834 725 40 20 han
891 725 93 27 begärde
1001 725 46 20 icke

228 758 71 22 annat,
322 756 25 19 än
365 756 31 18 att
412 754 105 26 skogarne
542 754 67 19 skulle
634 754 75 19 vårdas
734 760 75 18 genom
829 753 157 27 skogsvaktare
1007 754 37 20 och

228 783 81 27 fogdar,
326 783 65 20 hvika
407 783 40 19 han
463 783 67 25 ansåg
545 781 47 21 icke
609 781 92 21 behöfva
717 782 68 26 någon
803 782 55 20 skild
876 782 99 26 bildning.
1006 781 42 27 Jag

228 814 44 18 tror
289 812 42 26 mig
348 811 47 20 icke
412 810 90 20 behöfva
519 810 96 20 försvara
629 810 176 20 kommissionens
816 810 120 26 pluralitets
946 811 61 25 åsigt,
1016 813 32 17 att

229 840 95 26 bildning
340 839 30 20 uti
387 838 62 27 ingen
466 838 202 26 samhällsställning
685 838 84 24 skadar,
785 838 46 20 icke
848 846 38 12 ens
906 838 94 20 såkallad
1013 845 34 14 ve-

229 868 122 26 tenskaplig
368 866 100 27 bildning,
485 866 38 20 och
540 869 31 17 att
589 874 47 12 man
653 866 47 21 icke
716 873 65 20 gerna
799 866 41 20 kan
857 867 62 27 lägga
930 874 25 13 en
967 868 23 19 så
1000 867 47 27 dyr-

229 896 37 20 bar
282 896 105 27 egendom
404 895 5 19 i
426 896 23 19 så
465 895 43 20 helt
524 896 38 19 och
579 895 65 20 hållet
659 894 99 20 obildade
775 902 113 19 personers
900 896 86 24 händer,
1004 902 44 13 som

228 925 173 26 skogvaktarene
416 925 43 18 äro.
478 923 41 20 Det
535 923 40 20 kan
592 923 47 20 icke
657 923 112 26 bestridas,
787 923 37 20 och
842 924 37 19 det
896 924 36 19 har
949 924 99 19 kommis-

229 953 72 20 sionen
326 952 110 26 medgifvit
452 952 27 26 på
495 951 73 27 hvarje
588 952 52 24 sida,
662 953 32 18 att
710 951 61 20 deras
788 952 57 19 antal
863 954 13 17 t.
894 958 18 13 o.
930 958 25 13 m.
974 952 74 26 betyd-

230 981 37 26 ligt
284 981 93 20 behöfde
393 979 58 20 ökas.
483 979 48 20 Men
549 982 31 17 att
596 980 133 25 forststaten,
753 982 68 17 såsom
839 980 65 20 också
920 986 25 13 en
963 979 33 20 del
1014 987 34 19 pe-

230 1010 87 19 titioner
332 1009 26 26 gå
375 1009 22 18 ut
414 1008 32 25 pä,
463 1007 43 20 helt
522 1008 39 19 och
579 1008 64 19 hållet
660 1008 76 26 drages
752 1007 19 20 in
789 1008 38 19 och
845 1008 78 20 vården
940 1008 108 20 af.kvono-

229 1038 106 25 skogarne
359 1036 141 20 öfverlemnas
520 1037 21 18 åt
561 1043 25 13 en
611 1036 64 20 sådan
700 1036 204 26 skogvaktareklass
968 1036 36 20 det
1026 1038 23 18 är

230 1067 64 25 något
317 1065 88 20 alldeles
429 1064 114 20 otänkbart
569 1077 11 2 --
603 1064 36 20 det
654 1064 41 20 kan
713 1065 75 19 endast
804 1065 56 26 gälla
876 1064 90 26 antalet;
986 1065 62 20 äfven

231 1093 43 21 deri
292 1094 37 19 har
346 1093 135 26 pluraliteten
499 1093 57 27 gjort
567 1093 176 26 medgifvanden,
753 1092 19 20 d.
782 1099 18 13 v.
811 1100 16 13 s.
837 1095 31 18 att
880 1093 81 20 antalet
972 1093 22 20 af
1002 1093 46 20 dem

230 1123 39 19 kan
294 1121 135 25 förminskas,
453 1121 42 20 ifall
513 1121 67 20 medel
602 1123 31 18 att
657 1121 69 20 aflöna
746 1121 125 21 forststaten
891 1121 68 20 skulle
976 1121 72 20 brista.

229 1150 66 21 Detta
322 1149 57 21 antal
405 1149 40 20 kan
469 1149 94 20 miuskas
579 1149 5 20 i
601 1149 26 20 de
644 1149 63 20 södra
729 1149 121 26 distrikten,
874 1149 37 20 der
930 1151 22 18 är
969 1149 80 20 antalet

231 1179 108 26 verkligen
355 1178 33 20 för
402 1179 54 18 stort
471 1177 67 27 enligt
555 1177 122 21 nuvarande
694 1177 153 26 förhällanden,
864 1185 47 13 men
927 1178 7 19 i
950 1177 25 21 de
988 1178 61 20 nord-

231 1207 39 27 liga
288 1207 40 20 kan
345 1207 37 20 det
398 1205 114 27 ingalunda
528 1206 103 24 minskas,
647 1208 51 18 utan
715 1207 68 19 mäste
797 1213 87 14 snarare
901 1207 58 20 ökas.

231 1234 2 3 |
299 1235 46 20 Och
363 1234 39 20 den
419 1234 106 20 allmänna
547 1237 72 17 satsen
637 1234 38 20 bör
691 1234 92 27 qvarstå,
800 1237 31 18 att
848 1241 25 14 en
892 1235 157 26 vetenskapligt

231 1263 71 20 bildad
319 1263 98 20 foretstat
433 1263 38 19 bör
486 1263 69 19 finnas
571 1264 5 19 i
593 1262 78 21 landet.
704 1263 85 20 Kronan
807 1263 37 20 har
861 1263 88 27 ungefär
966 1264 26 19 29
1005 1263 43 20 mil-

229 1292 61 27 joner
315 1291 103 20 tunnland
444 1290 151 27 skogbärande
619 1291 70 25 mark;
715 1298 32 13 om
768 1291 64 20 också
856 1298 25 13 en
902 1291 32 20 del
952 1291 60 20 deraf
1026 1293 23 18 är

230 1319 131 21 stenhölster
376 1319 39 20 och
431 1319 113 20 ofruktbar
557 1319 57 27 jord,
631 1321 22 18 är
669 1319 36 20 det
721 1319 53 20 dock
792 1327 24 12 en
833 1321 24 18 sä
873 1323 45 17 stor
934 1319 63 25 areal,
1012 1322 37 23 att,

230 1355 33 13 om
280 1348 40 20 den
337 1347 76 20 värdas
430 1348 69 26 nägon
516 1347 28 22 tid
562 1347 85 25 framät,
664 1347 39 20 den
721 1348 37 19 bör
774 1347 64 21 blifva
855 1355 25 13 en
895 1348 99 27 ofantligt
1006 1350 43 19 stor

230 1376 103 21 rikedom.
364 1375 112 20 Utskottet
500 1376 38 20 har
554 1375 65 21 också
636 1375 65 21 redan
718 1376 61 26 visat,
795 1378 32 19 att
843 1376 65 20 debet
924 1376 39 20 och
980 1376 69 21 kredit

230 1405 27 26 gå
272 1411 43 20 upp
331 1406 58 19 emot
405 1403 120 21 hvarandra
541 1404 6 19 i
563 1405 34 25 är;
614 1405 37 19 det
667 1404 74 27 tyckes
757 1404 33 20 väl
806 1405 48 20 icke
870 1412 50 13 vara
935 1404 114 28 anledning

230 1435 32 18 att
278 1435 39 22 tro,
334 1435 31 18 att
381 1432 142 21 förhällandet
540 1432 54 21 skall
612 1432 64 21 blifva
696 1434 76 19 sämre.
803 1433 87 20 Säledes
906 1434 24 19 är
945 1432 104 22 förlusten

231 1461 22 20 af
267 1461 26 20 de
309 1468 38 19 par
367 1460 104 27 miljoner,
491 1467 45 13 som
557 1461 104 19 härintills
686 1461 113 27 möjligtvis
821 1461 70 28 blifvit
912 1460 83 28 gjorda,
1018 1464 32 18 att

230 1489 75 28 stryka
319 1488 55 21 ifrän
391 1488 125 27 räkningen,
532 1488 115 21 framdeles
664 1488 37 21 bör
719 1488 35 22 det
767 1489 47 21 icke
824 1489 134 21 förekomma
970 1489 79 27 vidare,
