1109 1739
422 91 39 15 Den
475 90 9 16 4
497 89 48 17 Juni.
823 92 41 20 209

67 147 91 21 utinnan
173 143 40 22 här
227 151 50 14 man
293 144 20 28 ej
329 144 83 22 kunnat
427 145 66 21 blifva
509 151 58 14 ense.
600 145 41 21 Att
657 153 80 14 samma
748 147 144 27 olägenheter,

68 174 74 22 hvilka
158 173 140 20 härförinnan
314 173 89 20 vidlådit
419 173 175 28 presterskapets
612 174 102 27 aflöning,
730 175 56 20 ännu
796 175 94 26 fortfara,

68 203 87 21 bevisar
177 201 78 28 tydligt
278 201 41 20 den
343 201 78 27 mängd
442 201 23 21 af
489 201 118 27 petitioner
629 202 112 27 angående
761 203 70 21 denna
846 204 45 26 sak,

68 230 74 22 hvilka
157 229 189 27 hufvudsakligast
360 229 57 20 inom
433 229 159 21 bondeståndet
608 230 36 21 vid
659 231 70 20 denna
744 231 103 28 landtdag
856 232 35 21 kill

68 258 118 22 ständerna
200 258 117 20 inlemnats
333 257 40 21 och
388 258 32 20 till
436 258 108 20 allmänna
560 258 208 22 besvärsutskottets
777 260 115 28 handlägg-

68 287 52 27 ning
136 286 140 21 remitterats.
306 285 109 21 Måhända
431 285 71 21 kunde
518 286 37 20 det
577 293 66 20 synas
663 287 132 28 ogrannlaga
810 290 38 25 att,
864 289 26 20 då

69 315 62 21 Hans
148 314 101 27 Majestät
265 317 79 17 tvenne
360 314 127 27 landtdagar
506 314 12 21 å
537 314 38 21 rad
593 314 114 21 framställt
722 316 77 28 nådiga
815 323 76 22 propo-

69 343 90 27 sitioner
174 343 7 20 i
197 343 70 20 denna
282 342 61 27 fråga
359 342 32 21 till
407 342 117 21 ständerna
548 343 40 20 och
609 343 63 20 dessa
688 345 158 26 propositioner
861 346 30 21 till

69 371 53 28 följd
146 371 25 20 af
190 371 124 28 skiljaktiga
337 371 81 26 åsigter
433 371 90 20 emellan
540 371 91 20 stånden
648 371 89 22 kommit
753 376 32 17 att
800 373 90 28 förfalla,

69 401 48 20 åter
140 399 92 21 besvära
253 399 62 20 Hans
338 398 105 27 Majestät
465 399 48 20 med
530 405 26 14 en
572 399 91 27 petition
679 400 7 20 i
702 401 111 21 enahanda
829 403 62 26 syfte,

70 434 50 14 men
136 428 28 20 då
179 427 54 21 hvar
247 427 40 21 och
304 433 26 14 en
347 427 61 20 torde
424 427 68 20 önska
508 429 32 18 att
555 427 21 20 få
592 427 27 21 de
635 429 128 21 omnämnda
778 429 113 27 olägenhe-

68 458 64 19 terna
155 456 108 27 afhulpna,
279 456 55 20 samt
356 454 152 22 erfarenheten
532 455 36 20 vid
590 455 85 21 handen
691 457 69 27 gifver
775 458 40 20 och
830 458 61 22 torde

69 485 41 20 lärt
126 484 85 21 landets
226 485 183 27 representanter,
425 485 32 19 att
473 483 36 21 det
524 483 7 21 i
546 482 71 22 denna
632 484 61 27 fråga
708 486 20 26 ej
744 486 23 20 är
782 486 62 20 värdt
860 489 31 19 att

70 513 72 21 alltför
157 513 87 27 mycket
259 512 57 20 hällä
332 512 27 26 på
374 512 97 27 ensidiga
487 512 81 27 åsigter
583 512 40 20 och
639 513 130 27 privilegier,
792 514 24 21 sä
831 515 60 21 torde

72 548 26 14 en
114 542 92 26 petition
226 541 7 21 i
257 540 36 21 det
319 540 63 27 syfte,
405 540 107 20 allmänna
535 540 198 22 besvärsutskottet
751 542 141 28 föreslagit,
882 535 13 39 i

71 569 104 26 händelse
191 569 61 21 Hans
267 568 104 27 Majestät
386 568 27 28 på
429 568 126 21 densamma
569 568 69 21 fäster
653 570 75 27 nödigt
738 570 102 22 afseende
852 572 40 20 och

70 597 36 21 vid
122 599 49 20 näst
186 597 143 21 instundande
344 596 103 28 landtdag
462 596 121 28 förelägger
599 604 29 20 ny
643 598 133 27 proposition
791 599 7 20 i
813 600 79 26 ämnet,

71 626 73 27 kunna
160 626 48 20 leda
223 626 32 20 till
270 626 37 20 det
323 625 100 27 åsyftade
439 625 120 21 resultatet.
589 625 46 21 För
649 626 42 20 min
703 626 98 22 enskilda
812 627 34 21 del
857 628 35 21 vill

68 655 40 27 jag
122 654 97 21 hvarken
235 654 108 27 tillstyrka
358 654 53 20 eller
425 653 81 27 afråda,
523 654 91 20 emedan
629 654 74 28 frågan
719 654 66 22 redan
799 657 24 20 så
833 657 59 20 mån-

70 690 27 20 ga
113 684 82 26 gånger
209 682 110 25 förevarit,
339 684 52 18 utan
411 684 33 18 att
463 682 71 20 lemna
549 682 67 27 något
631 682 95 27 resultat,
741 690 49 14 men
805 684 86 22 allmän-

70 718 29 14 na
115 711 197 21 besvärsutskottet
331 710 40 21 har
389 710 7 21 i
416 710 115 28 anledning
550 710 23 20 af
586 711 146 27 petitionerna
747 712 48 21 icke
811 712 81 22 kunnat

71 742 67 19 annat
154 741 27 19 än
197 740 108 27 tillstyrka
321 746 26 14 en
367 739 106 25 anhållan,
489 741 32 18 att
536 738 61 22 Hans
614 738 102 28 Majestät
731 740 7 20 i
754 740 66 22 nåder
836 743 55 19 ännu

72 775 26 14 en
114 769 59 27 gång
187 768 50 21 ville
252 769 53 26 göra
321 769 32 19 ett
368 767 75 21 försök
458 767 33 21 för
507 767 112 27 lösningen
635 767 23 21 af
672 768 69 21 denna
756 768 67 28 fråga.

140 797 34 21 På
187 796 158 28 framställning
359 796 24 20 af
395 796 51 20 herr
461 795 198 21 landtmarskalken
679 796 46 21 blef
738 797 52 21 härå
805 798 87 21 allmän-

70 832 30 14 na
114 825 219 21 besvärsutskottetts
348 824 142 22 förevarande
506 824 137 22 betänkande
659 824 24 22 af
696 825 85 21 ståndet
794 826 98 21 oföränd-

70 854 49 21 radt
134 855 95 26 antaget.

140 940 122 27 Föredrogs
278 946 82 14 samma
376 940 95 20 utskotts
487 940 33 20 till
535 939 71 21 denna
622 939 42 28 dag
683 940 119 27 bordlagda
818 940 74 22 betän-

73 969 71 21 kande
160 969 7 20 i
183 969 114 26 anledning
315 967 23 21 af
355 968 56 20 inom
432 967 149 28 ridderskapet
601 967 40 21 och
659 967 62 22 adeln
737 971 55 18 samt
811 972 81 23 preste-

73 997 40 22 och
128 997 184 27 borgarestånden
335 996 134 21 framställda
487 995 184 30 petitionsförslag
693 997 92 21 rörande
800 997 46 21 dels
861 1000 32 19 ut-

76 1025 116 29 vidgandet
216 1025 23 21 af
259 1025 70 20 finska
353 1025 251 27 vetenskapssocieteten
623 1025 40 21 och
685 1025 132 21 inrättandet
831 1026 23 21 af
867 1033 26 14 en

75 1053 231 28 vetenskapsakademi
329 1053 34 20 för
385 1053 99 26 Finland,
506 1053 45 20 dels
574 1053 75 27 anslag
663 1060 26 14 ur
703 1053 106 22 allmänna
824 1055 69 20 medel

74 1083 34 20 för
123 1082 106 21 särskilda
243 1081 164 28 vetenskapliga
423 1081 106 22 ändamål.
560 1081 69 21 Ordet
643 1081 110 22 lemnades
768 1083 31 20 till
811 1083 53 20 först
872 1083 22 21 åt

144 1110 59 21 Herr
218 1109 211 26 Nordenskiöld,
445 1110 59 21 Nils
519 1109 75 27 Karl,
610 1117 46 14 som
672 1110 97 28 yttrade:
792 1110 11 21 I
825 1111 68 21 likhet

76 1139 48 21 med
139 1141 138 18 reservanten
294 1139 50 20 herr
359 1137 66 26 Hahl,
441 1138 69 27 gifver
528 1138 39 27 jag
582 1137 50 22 herr
647 1139 116 20 Mechelins
783 1139 111 27 petitions-

75 1167 81 28 förslag
178 1167 107 22 företräde
308 1166 88 21 framför
419 1167 50 20 herr
483 1166 119 21 Lindelöfs.
632 1167 48 20 Den
696 1167 148 22 förstnämnde
859 1175 35 20 pe-

76 1197 114 20 titionären
206 1196 39 21 har
259 1196 6 21 i
281 1195 38 21 sitt
335 1195 81 28 förslag
431 1195 77 27 intagit
524 1195 37 21 allt
577 1201 45 14 som
637 1195 62 28 ingår
714 1195 7 20 i
732 1195 40 21 den
781 1196 113 21 sistnämn-

76 1225 45 26 des,
137 1231 49 14 men
201 1224 78 21 önskar
295 1224 105 27 derjemte
419 1219 146 25 anställandet
587 1223 36 21 vid
646 1224 248 28 vetenskapssocieteten

74 1253 24 21 af
111 1259 26 14 en
154 1253 135 28 komparativ
304 1253 95 26 lingvist,
416 1259 27 14 en
459 1251 211 28 agrikultur-kemist
686 1254 56 19 samt
761 1254 81 20 tvenne
864 1254 30 20 af-

76 1281 77 22 lönade
168 1281 124 26 ledamöter,
308 1281 73 20 hvilka
396 1281 118 20 societeten
532 1280 68 21 skulle
615 1281 22 20 få
651 1283 48 18 utse
715 1281 71 20 ibland
797 1281 97 22 framstå-

76 1310 54 21 ende
146 1310 181 26 vetenskapsmän
343 1309 47 20 från
406 1309 83 20 hvilket
504 1309 48 20 fack
569 1315 44 14 som
630 1309 61 20 helst.

145 1339 61 20 Inom
222 1339 55 20 intet
293 1337 87 21 område
395 1337 33 20 för
444 1337 150 27 vetenskaplig
610 1337 111 28 forskning
743 1337 64 21 hafva
827 1338 68 21 finske

76 1368 180 27 vetenskapsmän
279 1365 114 23 förskaffat
415 1366 33 27 sig
471 1366 24 20 så
517 1365 87 28 mycket
624 1365 138 22 erkännande
777 1365 7 21 i
799 1366 97 21 utlandet

76 1403 46 14 som
137 1397 57 20 inom
210 1395 156 27 lingvistikens,
383 1394 39 21 och
439 1394 26 21 då
481 1394 106 27 derjemte
603 1394 38 21 vår
656 1394 73 21 nation
745 1395 24 20 är
783 1394 42 21 den
841 1397 55 18 mest

77 1425 85 21 bildade
179 1423 63 22 bland
258 1423 25 21 de
299 1423 51 26 folk,
367 1429 46 14 som
429 1422 44 21 tala
487 1422 49 21 med
559 1422 69 21 finska
643 1422 88 27 språket
746 1423 53 20 nära
814 1423 82 27 besläg-

76 1454 50 21 tade
142 1453 71 27 språk,
229 1453 22 20 är
267 1459 48 13 man
331 1451 124 27 berättigad
470 1452 32 19 att
518 1451 89 27 hoppas,
617 1452 31 19 att
663 1451 21 20 vi
699 1451 72 21 städse
786 1451 63 20 bland
860 1457 36 15 oss

76 1481 61 21 skola
153 1488 39 20 ega
207 1480 180 27 vetenskapsmän
403 1486 46 14 som
466 1485 56 21 egna
538 1478 33 28 sig
586 1478 22 21 åt
623 1478 145 28 lingvistiken.
798 1478 76 22 Redan
890 1479 6 21 i

807 1513 22 16 14
