1109 1739
232 64 42 21 248
552 62 39 16 Den
604 63 9 15 5
627 61 50 17 Juni.

204 119 71 28 gande
297 119 40 21 och
361 117 112 28 förelägga
492 117 125 20 densamma
635 115 124 22 ständerna.
789 115 78 22 Denna
882 115 96 28 lagfråga
993 117 39 20 har

204 147 119 28 nemligen,
346 147 73 20 såsom
444 145 37 21 två
506 145 66 20 ärade
597 145 68 20 talare
690 145 86 24 nämnt,
805 144 155 28 sammanhang
983 145 49 20 med

204 176 78 27 många
301 175 77 26 andra,
396 173 90 22 emedan
506 173 49 27 den,
571 173 23 20 så
609 175 32 18 att
657 173 60 26 säga,
733 173 64 27 utgör
812 173 81 27 hjertat
908 173 7 20 i
930 173 41 20 den
987 173 44 26 lag-

205 204 105 27 stiftning,
330 209 49 15 som
397 202 96 27 reglerar
509 201 37 21 det
561 201 98 21 enskilda
675 201 72 20 lifvets
763 201 155 21 förhållanden.
948 201 44 20 Det
1008 203 23 18 är

205 234 16 19 t.
243 239 34 14 ex.
301 231 90 22 alldeles
411 230 129 28 uppenbart,
560 231 31 18 att
607 229 49 20 med
673 229 40 20 den
730 229 168 27 sammanhänga
914 229 64 20 bland
994 236 36 13 an-

205 262 38 19 nat
257 260 152 26 förändringar
423 259 7 20 i
445 257 162 28 lagstiftningen
624 257 135 21 beträffande
775 257 109 27 arfvejord
900 257 41 21 och
952 257 78 20 beträf-

205 288 64 21 fande
285 294 105 15 mannens
409 287 166 20 målsmansrätt.
605 285 50 20 Men
668 285 40 27 jag
723 286 42 19 kan
781 285 50 21 icke
848 285 100 21 betrakta
963 285 67 21 saken

205 316 135 21 annorlunda
355 317 29 19 än
400 317 32 18 att
447 313 143 28 lagutskottet
600 313 74 26 afsett,
685 315 32 18 att
728 313 126 28 giftorätten
866 313 68 21 skulle
946 314 85 20 komma

205 346 33 19 att
254 344 123 21 utsträckas
393 343 32 20 till
441 342 116 27 arfvejord,
573 341 40 21 och
628 341 49 21 med
693 341 42 21 den
751 341 138 28 uppfattning
902 343 39 26 jag
956 342 38 20 har
1009 341 24 21 af

205 371 76 28 saken,
297 374 32 19 att
344 371 108 27 nemligen
468 370 51 27 föga
534 370 47 20 skäl
595 376 61 14 mera
671 369 105 28 föreligga
792 370 32 20 till
840 369 40 21 den
896 369 70 28 gamla
980 369 50 21 skil-

205 400 71 21 naden
299 400 93 21 emellan
415 399 45 20 ärfd
478 398 50 28 jord
548 397 41 22 och
606 397 126 21 förvärfvad
746 397 56 28 jord,
818 398 24 20 så
858 405 62 13 anser
933 398 38 27 jag
986 398 44 27 lag-

207 429 109 20 utskottet
338 428 7 20 i
369 427 84 28 princip
475 426 65 20 hafva
562 425 88 21 handlat
668 425 89 21 alldeles
775 426 83 26 riktigt,
878 426 67 20 ehuru
961 427 69 26 lagut-

207 456 82 21 skottet
311 456 49 20 bort
384 462 60 14 mera
467 454 108 21 bestämdt
597 453 41 21 och
661 453 122 28 otvetydigt
806 454 68 20 uttala
896 454 33 27 sig
944 454 40 20 och
998 456 32 19 att

206 484 143 27 lagutskottet
367 484 8 20 i
392 483 76 27 sjelfva
483 482 76 21 verket
575 482 65 20 afsett
656 483 32 19 ett
703 482 183 27 undanrödjande,
902 482 7 20 i
924 489 106 13 samman-

207 512 58 27 hang
280 512 49 20 med
344 512 43 20 den
403 510 122 28 föreslagna
540 510 114 26 reformen,
671 510 22 20 af
707 510 49 20 hela
771 510 40 20 den
828 510 88 26 olikhet,
931 517 46 13 som
994 517 36 14 en-

207 540 38 27 ligt
262 541 37 19 vår
319 540 34 27 lag
369 540 7 20 i
393 538 144 28 civilrättsligt
552 538 124 20 hänseende
692 545 51 20 eger
759 545 46 13 rum
821 538 91 20 emellan
928 538 46 21 ärfd
990 539 39 20 och

207 568 95 21 förvärfd
325 568 110 27 fastighet.
465 567 35 20 Då
518 567 38 27 jag
574 566 47 21 icke
643 566 42 20 kan
701 567 114 20 instämma
830 566 7 21 i
853 566 26 20 de
894 567 37 20 två
946 566 83 28 föregå-

207 596 55 22 ende
285 596 108 22 talarenes
415 595 55 28 åsigt
493 594 81 26 derom,
597 596 32 18 att
645 594 162 27 upphäfvandet
825 595 24 20 af
862 594 69 21 denna
946 595 84 21 skilnad

208 625 69 21 skulle
300 631 52 14 vara
377 624 136 27 oskiljaktigt
535 622 110 21 beroende
669 622 23 21 af
709 622 163 28 upphäfvandet
890 623 22 20 af
925 630 104 14 mannens

207 653 168 27 målsmanskap,
395 652 86 20 hvilken
499 651 62 27 fråga
573 651 38 27 jag
626 650 57 21 dock
698 651 103 21 likaledes
817 658 63 14 anser
895 651 135 27 lagstiftarne

208 682 24 20 så
255 685 59 17 snart
336 688 48 13 som
407 680 82 26 möjligt
513 680 52 20 böra
588 681 51 25 taga
662 679 6 20 i
687 678 166 28 öfvervägande,
870 682 54 18 samt
939 680 89 20 emedan

207 710 119 27 petitionen
347 709 8 20 i
376 708 41 21 den
433 708 145 26 formulering,
594 707 41 21 den
651 707 48 26 fått,
715 708 62 24 afser,
793 710 32 18 att
841 708 132 27 lagstiftaren
989 708 39 20 bör

207 741 51 24 taga
273 738 6 20 i
299 736 142 22 betraktande
465 736 64 20 äfven
547 735 164 28 upphäfvandet
727 736 22 20 af
762 736 147 27 arfvejordens
925 736 105 21 särskilda

206 766 108 28 juridiska
329 765 118 28 egenskap,
462 764 70 21 skulle
545 764 38 27 jag
598 764 33 20 för
647 764 44 20 min
707 763 40 27 del,
764 764 55 20 helst
833 764 37 27 jag
882 771 64 13 anser
958 771 26 13 en
996 771 32 14 re-

208 795 51 20 miss
274 794 32 21 till
321 793 144 27 lagutskottet
480 792 34 21 för
529 792 177 26 omformulering
721 792 6 20 i
743 792 107 21 anseende
866 792 30 20 till
912 792 40 21 den
966 793 63 20 fram-

208 822 88 22 skridna
318 822 60 21 tiden
402 821 48 21 icke
473 828 52 14 vara
546 820 81 28 möjlig,
650 820 115 27 godkänna
783 820 155 28 lagutskottets
955 821 74 20 betän-

208 851 77 25 kände,
304 850 7 21 i
329 850 41 20 den
389 849 146 27 förhoppning
552 850 39 24 att,
608 850 39 19 när
663 849 128 27 regeringen
808 850 96 20 kommer
920 849 31 21 till
967 851 62 19 nästa

208 879 103 27 landtdag
333 878 50 21 med
402 880 31 18 ett
452 877 117 27 lagförslag
587 877 6 20 i
609 878 80 24 ämnet,
705 877 60 21 detta
780 877 98 21 kommer
892 880 32 18 att
939 878 91 20 omfatta

209 908 98 26 samtliga
324 906 25 22 de
365 906 129 21 hithörande
510 905 109 27 frågorna,
635 905 32 20 till
679 904 72 22 hvilka
759 906 38 26 jag
808 906 65 20 också
884 906 68 20 måste
962 906 68 20 räkna

208 936 184 25 inskränkningen
415 934 23 20 af
459 934 131 27 rättigheten
613 935 32 19 att
669 940 77 20 genom
764 936 128 18 testamente
910 934 52 21 eller
978 934 52 20 aftal

209 964 82 27 förfoga
314 963 61 20 öfver
398 961 47 22 ärfd
464 962 57 27 jord,
541 962 88 20 hvarom
643 961 40 28 jag
698 961 45 21 haft
757 961 82 21 tillfälle
856 964 30 19 att
901 962 7 21 i
924 969 105 14 samman-

209 992 56 27 hang
280 991 47 21 med
345 993 31 18 ett
392 990 130 27 föregående
538 991 61 20 ämne
615 989 70 21 uttala
700 990 50 27 mig.
779 989 42 28 Jag
836 990 93 21 biträder
945 990 85 21 derföre

208 1021 33 20 för
257 1020 41 21 min
319 1019 33 21 del
372 1019 156 27 lagutskottets
547 1018 138 21 betänkande
701 1019 48 20 med
765 1018 101 21 afseende
883 1019 56 25 derå,
956 1021 32 18 att
1004 1026 25 14 en

209 1051 97 19 närmare
325 1047 140 27 formulering
485 1047 24 20 af
523 1053 26 14 en
565 1047 91 27 petition
672 1047 49 20 icke
737 1048 23 19 är
775 1047 23 20 af
812 1047 24 21 så
852 1047 116 28 synnerligt
984 1049 46 19 stor

209 1077 51 28 vigt,
283 1077 27 20 då
331 1076 37 21 allt
394 1075 136 28 naturligtvis
554 1075 63 21 beror
635 1075 29 27 på
680 1075 40 20 den
737 1075 155 28 utsträckning,
908 1083 45 13 som
970 1075 60 21 Hans

209 1105 101 28 Majestät
325 1104 34 21 vill
381 1104 58 27 gifva
455 1104 22 21 åt
492 1104 33 20 sin
541 1103 142 28 proposition.
709 1103 42 28 Jag
766 1111 63 13 anser
846 1104 82 21 således
944 1105 86 26 petitio-

209 1141 52 21 nens
277 1133 112 27 betydelse
407 1132 76 21 endast
497 1138 53 15 vara
566 1132 40 20 den
623 1133 32 19 att
671 1131 58 28 gifva
745 1132 104 21 tillkänna
860 1132 32 21 för
903 1132 127 27 regeringen

208 1163 54 20 ifrån
277 1161 214 28 represontationens
506 1160 53 27 sida,
575 1163 32 18 att
623 1160 200 27 representationen
839 1168 69 18 anser,
924 1163 32 18 att
971 1161 58 20 tiden

209 1193 31 18 att
256 1191 67 20 väcka
339 1189 70 21 denna
429 1189 61 27 fråga
506 1190 23 19 är
544 1189 57 20 inne.
631 1188 146 28 Regeringen,
793 1196 65 21 synes
874 1189 35 21 det
925 1189 49 27 mig,
992 1189 38 21 bör

208 1219 47 21 icke
279 1217 165 28 nödvändigtvis
464 1217 97 28 päräkna
581 1217 104 26 enhälligt
701 1217 116 21 understöd
833 1217 34 21 för
882 1225 26 14 en
923 1217 107 28 lagförän-

209 1247 67 27 dring,
293 1247 26 20 dä
335 1246 40 21 den
393 1245 137 27 framställes,
546 1245 40 21 och
599 1245 38 28 jag
652 1245 102 27 förutser,
771 1247 31 19 att
818 1245 58 22 inom
892 1247 64 26 nägot
968 1246 62 24 ständ

209 1276 56 21 olika
281 1275 80 27 äsigter
381 1275 73 20 kunna
473 1275 54 26 göra
542 1274 33 27 sig
590 1273 100 28 gällande
706 1273 80 27 härom,
800 1281 49 14 men
855 1269 13 37 i
886 1275 40 20 alla
942 1275 36 20 fall
994 1276 36 19 äro

209 1304 26 21 de
257 1303 126 28 uppenbara
407 1302 168 27 olägenheterna
595 1301 23 21 af
635 1302 37 20 det
688 1301 116 22 bestående.
821 1304 24 20 så
860 1303 59 21 klara
934 1303 40 20 och
990 1303 42 20 alla

209 1332 26 21 de
250 1331 155 25 förhällanden,
419 1331 29 28 pä
463 1331 74 20 hvilka
552 1330 164 28 lagstiftningen
731 1331 6 20 i
753 1330 62 21 dessa
827 1333 76 19 ämnen
914 1338 116 21 ursprung-

208 1361 56 26 ligen
279 1362 24 19 är
322 1359 104 28 grundad,
443 1360 23 20 sä
481 1359 132 27 väsendtligt
628 1358 137 27 förändrade,
777 1360 31 20 att
819 1359 36 21 det
868 1359 74 28 tyckes
953 1361 78 26 utgöra

208 1391 31 19 ett
262 1388 115 27 tvingande
397 1387 46 21 skäl
462 1387 33 21 för
512 1387 127 28 regeringen
656 1389 33 19 att
705 1389 48 26 taga
761 1387 249 28 lagstiftningsinitiativ
1025 1388 6 21 i

208 1417 69 22 denna
292 1417 67 26 fråga.

273 1444 58 22 Herr
352 1444 189 21 Wallensköld:
565 1443 43 22 För
627 1444 44 21 min
693 1443 33 22 del
743 1451 62 14 anser
818 1445 39 27 jag
874 1445 157 28 omständighe-
