1109 1739
466 91 41 15 Den
520 91 21 16 29
555 91 43 21 Maj.
890 92 27 20 85

120 155 45 14 som
185 149 31 19 ett
235 147 204 27 tillkännagifvande
458 147 47 20 från
522 147 89 21 ständer
629 148 39 20 och
685 149 106 26 regering,
811 150 31 19 att
866 164 4 9 ,
872 147 75 27 måtta

120 177 39 20 bör
174 176 67 21 hållas
257 175 6 21 i
281 175 51 21 allt'
352 175 39 21 och
401 175 127 28 isynnerhet
538 175 7 21 i
557 175 238 28 folkundervisningens
807 177 140 20 utbredande.

120 217 25 4 —
160 205 61 20 Hvad
231 211 45 14 som
285 203 102 21 särskildt
397 204 38 20 och
448 204 31 20 till
491 204 201 28 hufvudsakligaste
704 205 34 20 del
750 205 106 21 föranledt
864 205 82 21 utskot-

120 236 44 19 tets
188 233 76 24 beslut,
287 234 24 19 är
333 232 43 26 det,
400 234 31 19 att
451 239 48 14 man
519 235 54 18 trott
589 233 33 26 sig
638 233 64 20 hafva
717 234 105 27 upptäckt
838 233 107 27 åtskilliga

121 261 105 22 missbruk
237 261 41 26 vid
295 261 266 21 folkskoleunderstödens
577 261 122 21 utdelande.
725 262 50 20 Man
791 263 38 20 har
845 264 53 19 trott
914 262 32 27 sig

121 293 56 23 veta,
201 292 32 19 att
260 289 122 28 skolanslag
410 289 69 21 blifvit
510 290 108 27 beviljade
641 291 22 20 åt
685 290 96 21 enskilda
805 291 79 28 byalag
907 291 39 20 och

120 319 199 28 egendomsherrar,
340 319 51 19 utan
419 320 32 18 att
471 318 163 21 vederbörande
653 319 126 20 kommuner
799 319 7 21 i
825 319 62 22 deras
904 319 42 20 hel-

120 348 37 21 het
175 347 70 22 blifvit
261 347 66 20 hörda
343 347 6 20 i
369 346 75 27 saken;
461 347 39 20 och
517 347 74 20 vidare
607 347 39 20 har
661 354 48 13 man
726 349 53 19 trott
795 348 32 27 sig
843 350 55 25 veta,
914 349 32 19 att

120 377 51 20 flere
195 376 22 21 af
238 375 26 22 de
287 382 29 14 nu
331 375 147 21 understödda
494 375 109 27 skolorna,
621 376 126 27 isynnerhet
763 377 30 20 uti
809 377 26 20 de
851 377 21 20 få
887 377 59 20 kom-

121 412 77 14 muner
213 411 45 14 som
275 411 40 20 ega
330 406 31 18 ett
376 403 71 21 flertal
464 404 80 26 skolor,
562 404 122 27 egentligen
701 405 68 20 skulle
786 412 51 13 vara
848 405 55 20 blott
914 405 32 20 så-

121 433 83 22 kallade
227 432 133 26 barnskolor,
384 432 68 20 ehuru
476 432 26 20 de
527 432 52 21 bära
603 439 64 13 namn
691 432 22 21 af
734 433 65 27 högre
819 433 125 20 folkskolor.

121 462 41 20 Om
191 462 24 21 så
243 461 110 27 verkligen
378 460 103 21 förhåller
507 460 40 28 sig,
571 468 51 13 vore
646 461 59 21 detta
729 462 34 20 väl
786 461 160 26 klandervärdt,

122 498 48 14 men
195 490 42 21 kan
258 490 6 20 i
283 489 108 21 intetdera
408 489 61 20 fallet
486 489 60 27 gifva
565 490 116 26 anledning
698 490 30 20 till
745 497 25 13 en
786 490 125 28 förändring
926 490 23 20 af

121 519 40 21 den
187 518 99 29 gällande
309 517 164 28 författningen,
489 520 23 25 ty
528 518 264 28 folkskoleförfattningen
808 519 23 19 af
846 519 54 20 1866
915 519 30 20 in-

120 547 95 22 nehåller
233 547 82 27 ganska
331 546 82 28 tydliga
432 546 162 28 bestämningar
614 547 6 20 i
639 547 60 20 detta
719 547 129 26 hänseende;
868 548 12 26 &
900 548 46 24 119,

118 576 46 28 just
186 576 40 21 den
243 575 106 27 paragraf,
365 575 64 20 hvars
444 574 127 28 förändring
587 576 106 20 utskottet
709 576 100 27 påyrkar,
825 576 23 20 är
864 576 82 27 ganska

120 604 68 28 tydlig
204 604 51 26 deri,
272 606 31 19 att
319 604 130 20 kommunen
465 603 55 21 först
536 604 54 20 skall
607 604 64 20 höras
687 604 6 20 i
710 604 31 20 sin
757 604 72 21 helhet
841 604 47 26 och,
899 604 46 21 der-

120 635 34 19 est
177 633 41 21 den
241 632 48 22 icke
312 632 85 21 förenar
420 632 33 27 sig
476 638 34 14 om
527 639 26 13 en
570 632 53 21 eller
637 632 53 21 flera
705 639 160 21 gemensamma
880 632 66 28 högre

120 662 80 26 skolor,
219 661 28 21 då
265 662 45 20 står
329 660 36 21 det
383 660 98 20 enskilda
499 660 80 28 byalag
598 661 53 21 eller
666 661 83 21 enskild
765 662 119 26 godsegare
900 661 46 21 fritt

120 692 33 19 att
169 690 93 21 enskildt
273 689 39 21 och
324 691 48 25 eget
384 688 136 21 skoldistrikt
531 689 64 21 bilda.
612 690 81 20 Likaså
703 691 24 19 är
738 690 35 20 det
787 690 78 28 tydligt
876 690 68 26 sagdt,

121 721 32 19 att
173 719 41 21 den
233 718 68 21 första
320 717 181 27 undervisningen
520 718 54 20 skall
590 725 53 14 vara
658 718 117 28 befrämjad
791 725 77 21 genom
884 718 62 20 barn-

120 748 101 20 skolorna
245 747 40 21 och
308 747 5 20 i
337 746 105 26 hemmen,
466 746 24 20 så
514 749 32 18 att
565 746 26 21 de
610 746 79 26 skolor,
706 754 45 13 som
767 746 80 22 erhålla
863 748 81 19 statens

120 775 125 27 understöd,
263 776 35 20 må
314 782 50 14 vara
380 774 97 28 verkliga
494 774 67 28 högre
577 775 119 21 folkskolor
711 775 7 20 i
734 775 39 21 den
790 775 96 27 mening,
903 775 42 20 för-

121 804 121 28 fattningen
262 803 123 21 innehåller.
417 803 44 20 Det
479 804 30 24 är,
526 804 70 20 såsom
613 803 73 27 sagdt,
703 804 84 20 derföre
800 804 38 27 jag
854 803 38 21 har
908 810 36 14 an-

121 835 54 24 sett,
195 835 31 19 att
246 832 47 21 icke
315 832 64 26 något
395 833 66 19 annat
477 832 70 20 vilkor
564 832 67 21 borde
645 832 68 21 fästas
729 832 34 21 vid
779 832 131 28 beviljandet
925 832 23 20 af

121 862 74 27 anslag
217 861 32 21 för
265 860 211 21 folkskoleväsendet
491 862 28 18 än
536 860 44 27 det,
601 863 32 18 att
650 861 53 20 1866
720 861 34 20 års
769 860 127 28 författning
911 861 35 20 må

121 897 56 20 noga
193 889 133 25 efterlefvas,
339 888 44 21 ifall
399 888 40 21 den
457 888 75 21 hittills
548 889 49 21 icke
613 888 70 22 blifvit
698 889 42 21 det.
765 889 42 27 Jag
822 891 62 25 tager
900 888 44 28 mig

121 918 62 21 alltså
204 918 91 21 friheten
314 919 33 19 att
365 917 31 21 till
413 917 36 20 det
464 917 119 28 höglofliga
605 917 96 21 ståndets
726 917 140 28 behjertande
881 917 64 21 fram-

122 947 63 20 ställa
201 947 40 20 den
257 947 6 20 i
279 946 43 21 min
338 946 132 20 reservation
487 946 133 20 framställda
634 946 93 27 åsigten,
739 946 39 21 och
787 947 38 26 jag
836 947 39 26 gör
886 946 59 20 detta

122 975 48 21 med
189 975 24 20 så
229 974 87 29 mycket
333 975 68 20 större
418 974 119 27 tillförsigt,
555 981 46 14 som
617 975 167 26 presteståndet,
801 973 82 22 hvilket
897 974 48 20 icke

123 1004 66 20 borde
209 1010 51 14 vara
275 1003 150 28 inkompetent
441 1004 31 19 att
489 1003 92 20 bedöma
597 1003 26 20 de
639 1003 154 27 förhållanden,
803 1009 45 14 som
860 1003 38 20 här
908 1003 38 20 äro

121 1032 6 20 i
143 1031 66 28 fråga,
226 1032 47 21 med
291 1034 44 18 stor
350 1031 110 28 pluralitet
476 1031 102 21 omfattat
593 1038 82 14 samma
691 1032 56 27 äsigt
762 1039 45 13 som
821 1031 45 27 jag.

190 1060 101 21 Friherre
307 1067 46 14 von
369 1059 77 21 Born:
467 1059 43 28 Jag
527 1059 96 22 anhåller
641 1061 31 20 att
687 1060 32 20 till
735 1060 41 21 alla
792 1060 58 21 delar
866 1059 22 21 få
902 1059 42 21 för-

121 1096 40 14 ena
180 1089 43 28 mig
240 1096 34 13 om
290 1089 41 20 den
347 1088 23 21 af
386 1088 50 21 herr
452 1088 122 21 Schauman
589 1095 51 21 nyss
652 1089 95 20 uttalade
758 1089 61 27 åsigt.
850 1088 96 21 Landets

121 1117 87 21 ständer
224 1117 64 21 hafva
304 1117 64 21 redan
387 1117 53 21 1863
452 1116 111 29 frikostigt
576 1117 99 20 omfattat
687 1117 210 21 folkskoleväsendet
906 1116 39 21 och

120 1146 73 21 dertill
215 1146 92 27 anslagit
330 1145 76 26 medel,
430 1145 33 20 för
485 1145 124 21 dåvarande
632 1145 147 22 förhållanden
801 1145 77 28 rikliga
896 1151 49 21 nog.

121 1174 33 21 De
179 1175 76 27 anslag
271 1174 116 21 ständerna
402 1173 89 28 beviljat
506 1173 66 22 hafva
588 1174 48 21 icke
652 1174 31 21 till
699 1174 47 21 hela
762 1174 103 27 beloppet
880 1173 65 28 tagits

120 1203 7 20 i
144 1203 100 27 anspråk,
261 1209 48 15 men
327 1203 36 20 det
378 1202 115 28 glädjande
510 1202 133 21 förhållande
653 1202 76 28 tyckes
739 1209 29 14 nu
779 1203 74 20 närma
864 1202 38 27 sig,
914 1204 32 19 att

119 1231 27 20 de
169 1231 62 28 börja
252 1231 27 28 gå
300 1231 29 27 åt,
351 1231 41 20 och
409 1231 47 27 just
472 1237 29 14 nu
518 1231 69 21 skulle
603 1231 20 20 vi
639 1231 62 28 börja
717 1231 66 27 draga
798 1237 35 14 oss
848 1230 96 26 tillbaka,

120 1259 111 21 moderera
245 1266 43 21 oss,
300 1260 65 27 ångra
377 1266 35 14 oss
423 1261 33 19 att
471 1259 21 20 vi
509 1259 93 27 anslagit
613 1260 24 20 så
647 1259 94 28 rundligt
755 1259 108 28 uppställa
874 1259 70 20 vilkor

120 1288 39 21 och
175 1287 105 22 förbehåll
295 1288 6 21 i
317 1287 98 22 ändamål
433 1289 31 19 att
480 1289 54 26 göra
549 1288 204 27 folkupplysningen
764 1288 82 21 mindre
858 1287 87 21 allmän!

120 1316 41 27 Jag
183 1316 103 21 behöfver
309 1317 48 20 icke
373 1316 88 27 tillägga
477 1316 67 27 något
560 1316 31 21 till
607 1317 56 20 hvad
680 1317 50 20 herr
744 1316 121 21 Schauman
881 1316 7 20 i
903 1315 43 28 dag

120 1345 71 20 anfört
201 1345 7 20 i
219 1345 60 21 detta
289 1347 69 19 ämne.
375 1344 97 21 Likvisst
484 1345 36 20 vill
529 1345 38 27 jag
579 1345 90 27 påpeka,
680 1345 56 20 hvad
745 1345 38 28 jag
793 1344 23 21 af
825 1351 55 21 egen
892 1344 54 21 erfa-

120 1373 77 22 renhet
208 1374 112 25 inhemtat,
337 1375 32 19 att
385 1373 108 27 nemligen
511 1380 26 14 en
554 1373 23 21 af
590 1373 27 21 de
628 1373 167 21 väsendtligaste
806 1372 141 28 svårigheter,

121 1408 45 15 som
182 1401 63 22 ställa
257 1402 32 27 sig
304 1402 7 21 i
326 1403 69 26 vägen
406 1401 34 21 för
450 1401 131 22 folkskolors
593 1401 130 22 allmännare
734 1401 119 26 införande,
864 1402 24 20 är
898 1401 49 24 den,

120 1432 32 19 att
162 1437 49 14 man
228 1431 7 20 i
250 1430 157 21 kommunerna
422 1429 76 28 finner,
515 1432 31 19 att
563 1437 34 14 om
613 1430 54 21 blott
683 1437 27 14 en
721 1430 56 21 enda
788 1429 62 22 skola
860 1429 86 21 finnes
935 1425 15 36 i

120 1459 137 26 kommunen,
277 1465 26 14 en
319 1459 24 21 så
358 1458 62 28 ringa
436 1458 34 21 del
489 1458 25 21 af
528 1459 51 20 dess
593 1459 126 27 befolkning
733 1459 32 20 får
781 1459 63 27 nytta
859 1457 23 21 af
896 1457 50 21 den-

120 1493 92 21 samma;
235 1487 27 21 då
285 1487 41 21 den
347 1486 138 29 upplysning,
506 1494 46 14 som
568 1493 48 15 man
633 1486 55 22 dock
704 1487 27 27 på
746 1487 77 27 många
839 1487 59 20 orter
913 1491 33 15 er-
