1109 1739
217 98 26 19 18
533 98 40 16 Den
587 98 21 16 25
621 97 43 21 Maj.

256 155 35 21 Då
306 155 11 27 8
333 155 27 20 64
375 154 113 27 föredrogs
504 154 113 21 anmärkte

256 183 57 21 Herr
329 183 102 21 Munck:
456 183 45 20 Här
524 183 145 20 förekommer
685 183 6 20 i
707 182 120 21 utskottets
845 181 142 26 betänkande,
1004 181 5 20 i

187 212 66 21 slutet
276 212 117 27 nemligen:
411 228 11 9 ,
425 211 121 21 handlande
562 211 5 20 i
585 211 100 21 städerna
701 217 52 14 vore
767 210 81 28 jemväl
864 210 76 21 tillåtet
956 212 32 19 att
1004 210 5 19 i

187 240 47 21 stad
259 241 12 20 å
289 241 80 27 upplag
385 241 56 20 hålla
457 240 96 26 bränvin,
570 240 48 21 med
635 239 140 35 iakttagande
792 239 23 21 af
828 239 55 20 hvad
899 239 33 20 för
947 239 63 20 brän-

187 269 173 21 vinstillverkare
379 269 5 20 i
404 269 76 20 sådant
504 268 101 21 afseende
621 269 63 20 ofvan
701 270 23 19 är
741 267 123 28 stadgadt''.
894 267 34 20 Nu
946 267 63 21 beror

187 297 36 20 det
239 298 32 33 pä
273 297 141 34 antagandet
429 297 23 20 af
466 297 40 21 den
518 297 130 34 föregående
659 297 100 34 artikeln,
771 296 106 21 huruvida
888 295 120 36 handlande

186 326 61 21 skvia
262 326 21 21 få
299 326 71 21 denna
385 325 112 28 rättighet,
512 325 40 22 och
568 325 28 21 Gå
611 325 41 22 den
669 325 92 22 ariikein
777 324 151 28 är:-vordiugd,
939 325 69 27 sä:sy-

186 361 37 14 nes
239 355 43 32 mig
297 354 107 27 sjelffallet
419 356 32 19 att
468 355 69 20 denna
552 353 108 28 paragraf,
677 354 38 21 och
733 354 81 20 kanske
826 355 69 19 större
911 352 61 21 delen
987 352 23 21 af

186 383 57 20 hvad
259 383 6 20 i
282 383 153 27 författningen
451 382 100 27 föröfrigt
567 383 152 26 förekommer,
731 383 68 20 måste
819 381 65 21 blifva
896 381 110 27 bordlagd.

255 411 10 20 I
288 411 115 27 anledning
426 411 63 21 häraf
511 411 69 20 beslöt
599 411 86 20 ståndet
700 399 33 32 att
749 411 30 20 till
796 410 210 27 måndagssamman-

186 440 71 20 trädet
273 440 116 27 bordlägga
406 440 47 20 hela
470 440 40 20 den
526 439 136 21 återstående
679 439 61 21 delen
757 439 22 20 af
793 438 213 28 författningsförsla-

185 470 44 25 get,
253 468 70 21 såsom
347 468 88 21 stående
458 468 7 20 i
488 467 154 28 sammanhang
658 467 48 22 med
723 468 91 20 artikeln
831 474 34 14 om
881 466 125 28 försäljning

185 497 40 20 och
241 497 146 27 utskänkning
403 497 23 20 af
439 496 97 21 bränvin.

254 553 121 33 Föredrogs
391 553 232 21 ekonomieutskottets
641 552 135 22 betänkande
793 552 49 21 med
858 552 114 27 anledning
985 552 23 20 af

185 582 76 27 nådiga
285 582 161 33 propositionen
462 582 112 28 angående
591 582 137 27 tillverkning
745 582 38 20 och
800 582 127 27 försäljning
942 581 23 20 af
978 580 27 27 öl,

184 614 73 24 porter
273 611 40 20 och
328 611 67 21 andra
408 611 59 27 jästa
482 610 99 28 drycker.

252 638 58 22 Herr
325 646 46 14 von
388 638 116 22 Kremer
519 639 67 21 utbad
602 639 33 27 sig
649 638 54 21 först
719 638 58 21 talan
794 638 6 21 i
815 638 75 28 frågan
906 638 40 21 och
962 640 43 26 ytt-

183 668 61 20 rade:
268 668 42 20 För
334 668 39 20 den
394 675 44 13 som
455 668 59 27 gjort
529 668 33 27 sig
577 668 78 20 besvär
671 670 32 18 att
718 667 69 21 räkna
803 668 80 20 antalet
900 667 22 21 af
936 674 68 13 reser-

183 698 75 18 vanter
278 696 67 20 under
364 697 119 20 utskottets
499 696 144 26 betänkande,
659 696 95 27 framgår
770 696 36 20 det
822 696 56 20 klart
894 698 31 18 att
940 696 63 26 ingen

183 724 95 28 egentlig
301 725 108 27 pluralitet
433 725 56 21 inom
513 725 106 20 utskottet
643 725 78 20 uttalat
745 724 40 28 sig,
806 724 94 21 hvarken
916 724 33 20 för
963 724 39 20 den

182 760 41 14 ena
246 753 51 20 eller
321 753 65 21 andra
410 754 94 27 åsigten;
528 753 37 21 det
580 754 24 20 är
620 753 106 27 nemligen
742 753 69 27 jemnt
827 753 42 20 lika
886 754 76 26 många
977 753 28 26 på

182 781 106 21 hvardera
303 782 67 20 sidan.
393 782 42 27 Jag
451 782 54 20 skall
515 782 25 20 be
550 784 32 18 att
591 782 20 20 få
620 782 94 26 tillägga,
723 784 32 18 att
767 782 62 20 äfven
841 782 27 26 på
879 781 61 21 deras
951 781 53 26 sida,

183 810 72 20 hvilka
271 810 127 21 understödt
414 811 40 19 den
471 810 77 27 nådiga
564 810 160 27 propositionen
740 810 7 20 i
760 809 128 27 hufvudsak,
904 810 46 20 icke
966 810 36 20 nå-

181 841 37 24 got
243 838 108 21 bestämdt
374 838 110 21 uttalande
508 838 31 21 till
563 839 82 20 förmon
666 838 33 20 för
715 838 188 27 nödvändigheten
916 838 23 21 af
952 838 50 20 den-

181 873 82 15 samma
285 866 144 27 förekommit,
452 868 50 20 utan
519 867 38 21 har
573 867 41 20 den
630 867 115 27 pluralitet,
761 874 45 13 som
823 874 77 20 genom
916 866 40 21 den
972 866 31 20 af-

180 896 63 26 lagda
265 895 73 21 sedeln
357 895 190 27 tillvägabringats,
564 898 71 18 ansett
651 897 38 24 att,
705 896 27 20 då
748 895 127 27 regeringen
892 896 60 26 tyckt
969 895 32 27 sig

181 924 92 20 behöfva
288 924 126 20 ständernas
430 924 84 20 biträde
532 924 32 20 till
579 924 125 27 utgifvande
720 923 24 21 af
757 930 26 14 en
800 924 132 27 författning,
941 924 60 20 detta

179 952 49 20 icke
244 952 67 20 heller
327 952 67 20 borde
411 954 82 25 vägras.
523 952 114 20 Utskottet
653 953 67 26 ansåg
736 952 125 27 visserligen
878 954 30 19 att
919 952 37 20 det
966 951 34 20 väl

180 980 73 21 kunde
277 980 38 21 ske
339 981 27 26 på
389 980 157 21 administrativ
569 981 47 26 väg,
635 987 48 14 men
699 987 46 14 som
762 980 63 27 sagdt
841 981 105 20 utskottet
962 980 39 20 har

179 1009 48 20 icke
251 1009 56 20 velat
330 1009 103 20 motsätta
451 1009 32 26 sig
499 1009 168 27 propositionen,
684 1009 67 20 ehuru
768 1015 25 14 en
810 1008 23 21 af
847 1009 49 20 dess
911 1009 88 20 främsta

179 1037 160 28 bestämningar
354 1036 69 21 blifvit
438 1037 141 25 utmönstrad,
595 1037 40 20 den
652 1044 33 13 om
699 1044 27 13 en
738 1037 97 27 dagboks
844 1037 93 26 förande,
949 1037 52 20 hvil-

179 1065 42 21 ken
238 1066 47 20 icke
301 1067 82 19 ansetts
399 1065 48 22 leda
463 1066 30 20 till
510 1065 36 21 det
562 1065 95 21 önskade
673 1065 120 21 resultatet.

248 1093 58 21 Herr
322 1093 101 21 Munck:
446 1094 43 27 Jag
509 1094 35 21 vill
560 1093 77 21 endast
652 1094 74 21 förena
742 1094 44 27 mig
801 1094 6 21 i
823 1095 175 20 reservanternes

177 1122 123 27 yttranden,
317 1122 37 21 och
371 1123 82 20 således
470 1123 95 20 förklara
580 1124 31 19 att
627 1122 40 21 den
684 1122 78 27 nådiga
777 1122 161 28 propositionen
950 1122 48 21 icke

178 1151 67 20 borde
269 1150 72 21 kunna
365 1150 24 21 af
409 1150 116 28 höglofliga
547 1151 86 20 ståndet
653 1153 97 25 antagas,
766 1157 48 14 men
830 1151 65 20 likväl
912 1150 33 21 vill
959 1151 39 26 jag

178 1179 89 27 tillägga
290 1181 31 18 att
345 1179 114 27 höglofliga
481 1179 87 21 ståndet
591 1179 71 21 kunde
682 1179 69 21 tillika
766 1179 94 20 förklara
876 1181 38 24 att,
930 1179 66 27 enligt

177 1207 97 21 ståndets
291 1207 62 27 åsigt,
369 1207 41 21 den
426 1207 77 28 nådiga
518 1207 151 28 förordningen
685 1207 24 21 af
722 1207 42 21 den
780 1208 27 20 24
818 1207 103 21 Februari
942 1207 54 21 1868

177 1236 68 20 måtte
268 1236 5 20 i
297 1235 125 28 tillämpliga
445 1235 60 21 delar
522 1242 64 20 anges
601 1235 56 28 gälla
673 1236 63 21 äfven
752 1236 7 20 i
774 1236 62 27 fråga
851 1242 34 15 om
902 1235 94 22 tillverk-

176 1264 51 27 ning
243 1264 40 48 Gh
299 1264 125 27 försäljning
439 1264 24 21 af
476 1264 20 21 öl
512 1264 39 21 och
567 1266 80 26 porter.

246 1292 58 21 Herr
320 1291 159 27 Ehrnrooth,
503 1292 69 21 Carl:
595 1292 72 21 Jemte
683 1293 36 20 det
732 1292 40 33 jag
787 1292 105 33 äberopar
907 1292 40 21 den
962 1299 34 14 re-

177 1321 108 20 servation
306 1320 38 27 jag
367 1320 84 27 afgifvit
473 1305 44 46 mot
540 1320 152 26 betänkandet,
715 1321 34 20 fär
761 1321 45 27 jag,
822 1321 6 20 i
844 1320 114 28 anledning
974 1321 24 20 af

176 1349 56 20 hvad
256 1349 50 20 herr
328 1348 80 22 Munck
430 1351 74 26 yttrat,
521 1349 68 20 uttala
605 1351 30 19 att
649 1349 42 34 jag
703 1355 64 14 anser
783 1351 31 18 ett
830 1349 76 21 sädant
921 1349 75 28 tillägg

176 1377 27 40 hv
218 1377 54 21 rken
295 1376 103 28 behöfligt
420 1377 53 21 eller
493 1377 103 28 lämpligt.
626 1377 45 21 Det
686 1379 23 19 är
725 1377 30 20 H.
771 1376 28 22 K.
815 1377 73 28 Maj:ts
904 1379 48 23 rätt,
968 1378 28 27 pä

224 1405 21 21 id
269 1405 23 20 af
311 1405 203 28 regeringsformen,
529 1407 32 20 att
576 1406 95 21 förklara
685 1405 128 22 ekonomisk
827 1406 45 32 lag,
886 1405 40 22 och
941 1393 54 34 säle-

175 1412 38 43 des
235 1418 114 37 behöfver
361 1433 48 22 icke
425 1434 73 21 vidare
513 1434 79 21 uttalas
608 1435 27 20 än
657 1434 56 21 hvad
729 1434 38 27 jag
783 1434 5 21 i
805 1434 43 21 min
864 1434 131 21 reservation

174 1462 39 20 har
228 1465 55 24 sagt.

243 1490 59 22 Herr
317 1490 102 21 Munck:
441 1490 73 22 Också
532 1497 65 15 anser
609 1491 38 27 jag
661 1490 36 21 det
712 1490 49 21 icke
777 1490 75 28 nödigt
867 1492 33 19 att
915 1492 31 19 ett
962 1491 32 20 så-
