1109 1739
243 98 27 20 44
563 99 39 16 Den
616 99 21 16 27
650 99 43 20 Maj.

284 155 100 21 Friherre
400 161 48 16 von
465 154 83 21 Troil:
573 154 42 29 Jag
634 155 69 20 skulle
719 155 78 21 endast
811 154 59 28 gifva
886 154 103 21 tillkänna
1004 156 32 18 att

212 183 39 28 jag
274 183 5 21 i
295 183 101 22 afseende
413 184 12 20 å
440 183 141 21 redaktionen
598 184 23 20 af
634 185 119 19 momentet
769 183 24 29 d)
809 185 24 20 är
849 183 23 21 af
886 190 80 14 samma
982 183 55 28 åsigt

214 219 46 14 som
276 212 49 21 herr
340 219 41 14 von
397 211 96 22 Hellens.

284 241 56 21 Herr
363 241 164 27 Lagerborg,
550 240 113 21 Robert:
687 240 41 21 Till
753 240 128 21 bemötande
904 240 23 21 af
947 240 90 21 friherre

215 276 40 14 von
279 269 70 21 Borns
372 269 80 28 förslag
475 269 30 21 till
529 269 134 28 proposition
683 269 38 21 ber
734 269 38 28 jag
788 269 21 21 få
825 269 108 25 anmärka,
949 271 32 18 att
996 269 41 20 alla

213 305 43 20 nog
272 298 61 21 torde
349 298 85 21 komma
438 293 12 36 i
471 297 84 21 tillfälle
571 299 32 19 att
619 299 74 20 votera
709 305 34 13 om
755 298 32 20 sin
799 298 62 27 åsigt,
874 305 32 13 om
919 297 117 21 utskottets

215 326 135 21 betänkande
374 326 39 21 blir
431 326 73 21 ställdt
524 327 71 20 såsom
609 326 158 28 japroposition
784 326 38 21 och
840 333 48 14 man
904 327 28 26 på
946 326 90 21 förhand

214 356 103 20 voteråde
339 361 35 15 om
397 357 220 25 kontraproposition.
657 355 49 21 Den
729 361 42 15 ena
793 354 240 28 kontrapropositionen

214 383 69 21 skulle
305 383 64 21 blifva
385 383 146 27 ,,utskänkare
547 383 6 20 i
570 383 61 20 stad"
648 383 41 21 den
705 383 74 26 andra,
795 383 49 21 hela
858 385 129 19 momentets
1003 386 32 18 ut-

213 411 90 28 gående.
333 412 41 20 Om
397 419 48 13 man
468 413 87 19 voterar
577 412 55 20 först
655 412 91 20 emellan
770 412 63 20 dessa
856 413 37 19 två
908 412 126 26 kontrapro-

213 440 118 28 positioner
350 440 39 22 och
408 440 65 21 sedan
489 440 91 21 emellan
596 440 118 20 utskottets
731 440 135 21 betänkande
882 440 39 20 och
938 440 36 21 det
990 447 44 14 som

213 468 68 22 finnes
297 476 58 20 qvar,
371 470 68 20 måste
455 475 48 14 man
519 468 86 21 komma
621 468 31 21 till
668 469 97 21 resultat.

283 497 69 21 Sedan
375 497 149 21 diskussionen
547 497 116 26 afstannat,
683 497 30 21 lät
737 497 50 21 herr
809 497 225 27 landtmarskalken,
1024 493 15 35 i

213 526 102 20 afseende
338 527 12 19 å
373 527 36 20 det
430 525 165 28 ifrågavarande
617 528 120 19 momentet
756 526 21 27 d)
795 533 45 14 som
856 526 49 21 herr
921 526 114 20 landtmar-

213 554 88 21 skalken
327 555 66 27 ansåg
417 554 122 28 lämpligast
561 554 56 20 först
641 554 52 21 böra
716 554 93 28 afgöras,
832 555 90 27 uppläsa
941 554 93 28 följande

212 583 142 27 proposition:

282 611 145 26 »Godkänner
450 611 151 26 ridderskapet
617 611 40 21 och
673 611 61 21 adeln
752 613 118 19 momentet
885 612 22 26 d)
923 612 22 20 af
958 612 27 20 45
1001 612 11 27 $
1028 612 6 20 i

212 640 117 21 utskottets
346 640 135 20 betänkande
497 640 48 20 med
562 640 51 20 eller
629 642 50 18 utan
696 640 118 28 ändring?''

281 685 12 9 »,
295 668 82 21 Vinner
392 669 43 27 nej,
450 668 105 21 uteslutes
572 670 118 19 momentet
705 676 26 13 ur
747 668 149 28 paragrafen.'*

281 696 64 28 Uppå
369 698 72 20 derom
463 696 63 29 gjord
542 696 106 26 anhållan,
665 697 116 21 anställdes
798 698 99 27 votering
912 704 45 14 som
974 698 59 20 utföll

213 726 48 20 med
284 726 27 20 33
331 726 24 27 ja
370 726 40 20 och
427 726 25 20 14
468 726 41 27 nej,
529 725 139 27 hvarigenom
685 726 84 20 således
785 726 86 20 ståndet
888 726 86 21 beslutit
990 734 44 13 mo-

212 756 93 19 mentets
321 754 148 21 bibehållande
485 754 48 20 med
550 754 52 20 eller
617 756 50 18 utan
685 754 97 28 ändring.

282 783 44 20 Mot
339 782 59 21 detta
416 783 68 21 beslut
499 782 141 22 reserverade
657 782 32 28 sig
705 782 50 21 herr
771 783 116 21 Snellman.

279 810 104 22 Härefter
399 811 131 27 uppställdes
547 811 31 20 till
595 810 97 22 ståndets
708 811 135 21 besvarande
859 818 27 14 en
902 812 131 27 proposition

211 840 24 20 af
248 839 94 28 följande
359 839 89 28 lydelse:

281 868 145 26 »Godkänner
441 867 150 28 ridderskapet
606 868 39 20 och
669 868 62 21 adeln
748 870 118 19 momentet
882 868 22 27 d)
920 869 23 20 af
956 870 28 20 45
999 870 12 26 8
1026 869 7 20 i

210 896 119 22 utskottets
345 896 134 21 betänkande
488 896 167 21 oförändradt?''

279 924 84 22 Vinner
384 925 41 27 nej,
450 925 130 21 bestämmes
603 926 32 20 att
651 925 146 27 utskänkning
815 925 24 21 af
853 925 88 21 bränvin
957 926 76 20 endast

210 954 32 21 får
257 960 41 21 ega
313 960 46 14 rum
374 954 6 19 i
396 954 53 20 stad.

303 981 48 21 fven
369 988 34 14 om
423 981 68 21 denna
508 981 131 28 proposition
656 981 116 21 anställdes
789 982 105 28 votering,
910 989 45 14 som
972 982 60 21 utföll

210 1011 49 20 med
275 1011 13 20 5
301 1011 24 26 ja
340 1010 39 21 och
395 1011 26 20 39
437 1010 42 27 nej,
495 1010 6 20 i
518 1010 94 27 enlighet
628 1010 102 21 hvarmed
747 1010 147 28 utskänkning
907 1011 23 20 af
943 1011 88 21 bränvin

210 1040 77 20 endast
301 1039 57 27 finge
374 1045 40 21 ega
429 1045 46 14 rum
490 1039 7 20 i
514 1039 54 20 stad.

279 1067 64 28 Uppå
358 1067 49 21 herr
422 1067 199 21 landmarskalkens
636 1067 31 20 till
684 1067 85 21 ståndet
786 1067 77 21 ställda
879 1067 105 21 anmodan
1000 1069 32 19 att

209 1102 28 14 nu
253 1098 58 26 yttra
327 1096 33 27 sig
375 1102 34 15 om
425 1097 117 19 momentet
557 1096 24 27 b)
596 1095 72 21 anhöll

279 1124 57 21 Herr
357 1123 129 22 Snellman
510 1131 34 14 om
567 1124 62 21 ordet
651 1124 39 21 och
707 1123 96 21 uttalade
819 1124 34 27 sig
868 1124 99 21 sålunda:
990 1124 42 27 Jag

209 1153 38 20 ber
263 1155 31 18 att
309 1153 22 20 få
345 1153 54 27 yrka
415 1153 27 27 på
457 1154 128 19 momentets
600 1152 147 26 förkastande,
764 1152 90 21 emedan
871 1152 36 21 det
922 1154 63 26 utgör
1000 1156 32 17 ett

208 1181 48 20 stöd
272 1181 33 20 för
321 1181 11 28 &
347 1182 34 24 46,
398 1181 37 21 der
450 1181 31 20 till
496 1181 79 28 nådiga
591 1181 168 27 propositionen,
775 1187 46 14 som
838 1181 76 20 endast
930 1181 54 20 talar
998 1188 32 13 om

207 1209 117 27 fabrikant,
340 1211 24 19 är
379 1209 83 28 tillagdt
477 1209 122 27 distillatör,
615 1209 39 22 och
668 1210 38 27 jag
721 1209 7 21 i
743 1209 116 20 allmänhet
869 1209 47 21 icke
928 1209 41 21 kan
980 1209 51 28 följa

208 1238 49 21 med
278 1238 26 21 de
322 1238 81 26 herrar,
419 1245 44 14 som
479 1237 65 21 hafva
560 1237 41 22 den
617 1237 159 28 öfvertygelsen
793 1239 32 19 att
841 1237 72 21 landet
930 1237 101 22 behöfver

207 1266 42 21 alla
272 1267 87 27 möjliga
381 1266 100 28 åtgärder
504 1266 33 21 för
559 1268 32 19 att
614 1266 129 21 distribuera
763 1266 89 20 bränvin
871 1266 37 20 allt
926 1273 45 14 mer
991 1266 39 21 och

207 1301 52 14 mer.
291 1295 44 26 Mig
350 1302 64 20 synes
431 1297 31 18 att
477 1294 126 28 försäljning
619 1295 23 20 af
657 1295 89 20 bränvin
763 1294 47 21 icke
826 1295 6 20 i
848 1295 69 26 nägon
929 1294 101 21 händelse

207 1323 40 20 bör
269 1323 22 20 få
313 1323 61 20 idkas
398 1324 27 26 pä
440 1325 48 26 torg
504 1323 71 20 såsom
591 1323 6 20 i
613 1323 12 27 8
641 1324 27 20 46
684 1325 23 18 är
722 1323 124 27 föreslaget,
862 1323 39 20 och
919 1323 27 20 dä
961 1323 69 20 denna

207 1351 68 27 punkt
294 1351 69 27 gifver
381 1353 32 19 ett
427 1351 49 21 stöd
491 1351 33 21 för
538 1351 71 21 denna
625 1351 107 28 paragraf,
748 1351 65 28 yrkar
826 1352 39 27 jag
880 1351 28 27 pä
924 1351 48 21 dess
988 1351 42 20 för-

206 1379 113 22 kastande.

275 1407 58 22 Herr
349 1407 27 22 af
389 1407 148 28 Forselles,
553 1408 125 21 Lennart:
694 1407 43 28 Jag
755 1409 69 20 mäste
847 1408 54 27 yrka
923 1408 57 27 uppä
998 1409 32 19 att

205 1437 61 20 detta
281 1438 95 19 moment
391 1439 96 25 antages,
504 1437 89 20 emedan
610 1443 34 14 om
661 1443 48 14 man
726 1437 85 28 engång
826 1436 54 21 skall
896 1436 21 21 få
927 1436 102 21 distillera

205 1465 90 20 bränvin
319 1466 38 19 och
381 1465 60 21 detta
463 1465 84 21 således
567 1467 23 19 är
606 1472 25 14 en
648 1465 82 20 tillåten
748 1465 82 27 näring,
847 1465 68 20 måste
931 1471 47 13 man
996 1465 33 20 väl

205 1493 21 21 få
244 1493 55 28 sälja
315 1493 32 20 sin
363 1500 57 14 vara.
450 1492 64 22 Hvad
538 1494 68 28 angår
628 1494 27 20 46
672 1493 12 27 $
699 1495 24 19 år
739 1494 36 20 det
791 1500 27 14 en
834 1492 45 22 helt
894 1499 69 15 annan
980 1492 48 28 sak;
