<?xml version="1.0" encoding="UTF-8"?>
<alto xmlns="http://www.loc.gov/standards/alto/ns-v3#" xmlns:xlink="http://www.w3.org/1999/xlink" xmlns:xsi="http://www.w3.org/2001/XMLSchema-instance" xsi:schemaLocation="http://www.loc.gov/standards/alto/ns-v3# http://www.loc.gov/alto/v3/alto-3-0.xsd">
	<Description>
		<MeasurementUnit>pixel</MeasurementUnit>
		<sourceImageInformation>
			<fileName>/tmp/tess_r7qy14js_input.PNG</fileName>
		</sourceImageInformation>
		<OCRProcessing ID="OCR_0">
			<ocrProcessingStep>
				<processingSoftware>
					<softwareName>tesseract 5.3.4</softwareName>
				</processingSoftware>
			</ocrProcessingStep>
		</OCRProcessing>
	</Description>
	<Layout>
		<Page WIDTH="1109" HEIGHT="1739" PHYSICAL_IMG_NR="0" ID="page_0">
			<PrintSpace HPOS="0" VPOS="0" WIDTH="1109" HEIGHT="1739">
				<ComposedBlock ID="cblock_0" HPOS="285" VPOS="95" WIDTH="449" HEIGHT="23">
					<TextBlock ID="block_0" HPOS="285" VPOS="95" WIDTH="449" HEIGHT="23">
						<TextLine ID="line_0" HPOS="285" VPOS="95" WIDTH="449" HEIGHT="23">
							<String ID="string_0" HPOS="285" VPOS="97" WIDTH="41" HEIGHT="21" WC="0.93" CONTENT="222"/><SP WIDTH="285" VPOS="97" HPOS="326"/>
							<String ID="string_1" HPOS="611" VPOS="95" WIDTH="40" HEIGHT="16" WC="0.96" CONTENT="Den"/><SP WIDTH="13" VPOS="95" HPOS="651"/>
							<String ID="string_2" HPOS="664" VPOS="95" WIDTH="9" HEIGHT="16" WC="0.96" CONTENT="4"/><SP WIDTH="14" VPOS="95" HPOS="673"/>
							<String ID="string_3" HPOS="687" VPOS="95" WIDTH="47" HEIGHT="16" WC="0.93" CONTENT="Juni."/>
						</TextLine>
					</TextBlock>
				</ComposedBlock>
				<ComposedBlock ID="cblock_1" HPOS="246" VPOS="151" WIDTH="840" HEIGHT="1363">
					<TextBlock ID="block_1" HPOS="258" VPOS="151" WIDTH="828" HEIGHT="86">
						<TextLine ID="line_1" HPOS="258" VPOS="151" WIDTH="828" HEIGHT="28">
							<String ID="string_4" HPOS="258" VPOS="154" WIDTH="61" HEIGHT="21" WC="0.95" CONTENT="skola"/><SP WIDTH="25" VPOS="154" HPOS="319"/>
							<String ID="string_5" HPOS="344" VPOS="159" WIDTH="52" HEIGHT="15" WC="0.92" CONTENT="vara"/><SP WIDTH="28" VPOS="159" HPOS="396"/>
							<String ID="string_6" HPOS="424" VPOS="151" WIDTH="87" HEIGHT="22" WC="0.96" CONTENT="domare"/><SP WIDTH="16" VPOS="151" HPOS="511"/>
							<String ID="string_7" HPOS="527" VPOS="151" WIDTH="7" HEIGHT="21" WC="0.93" CONTENT="i"/><SP WIDTH="16" VPOS="151" HPOS="534"/>
							<String ID="string_8" HPOS="550" VPOS="151" WIDTH="151" HEIGHT="28" WC="0.96" CONTENT="arkeologiska"/><SP WIDTH="22" VPOS="151" HPOS="701"/>
							<String ID="string_9" HPOS="723" VPOS="151" WIDTH="72" HEIGHT="28" WC="0.96" CONTENT="frågor"/><SP WIDTH="20" VPOS="151" HPOS="795"/>
							<String ID="string_10" HPOS="815" VPOS="152" WIDTH="40" HEIGHT="21" WC="0.96" CONTENT="och"/><SP WIDTH="19" VPOS="152" HPOS="855"/>
							<String ID="string_11" HPOS="874" VPOS="152" WIDTH="140" HEIGHT="21" WC="0.96" CONTENT="medlemmar"/><SP WIDTH="18" VPOS="152" HPOS="1014"/>
							<String ID="string_12" HPOS="1032" VPOS="153" WIDTH="5" HEIGHT="20" WC="0.96" CONTENT="i"/><SP WIDTH="17" VPOS="153" HPOS="1037"/>
							<String ID="string_13" HPOS="1054" VPOS="155" WIDTH="32" HEIGHT="19" WC="0.96" CONTENT="ett"/>
						</TextLine>
						<TextLine ID="line_2" HPOS="259" VPOS="179" WIDTH="827" HEIGHT="29">
							<String ID="string_14" HPOS="259" VPOS="182" WIDTH="106" HEIGHT="25" WC="0.95" CONTENT="samfund,"/><SP WIDTH="24" VPOS="182" HPOS="365"/>
							<String ID="string_15" HPOS="389" VPOS="187" WIDTH="46" HEIGHT="14" WC="0.95" CONTENT="som"/><SP WIDTH="24" VPOS="187" HPOS="435"/>
							<String ID="string_16" HPOS="459" VPOS="180" WIDTH="54" HEIGHT="21" WC="0.96" CONTENT="skall"/><SP WIDTH="24" VPOS="180" HPOS="513"/>
							<String ID="string_17" HPOS="537" VPOS="187" WIDTH="52" HEIGHT="14" WC="0.92" CONTENT="vara"/><SP WIDTH="22" VPOS="187" HPOS="589"/>
							<String ID="string_18" HPOS="611" VPOS="179" WIDTH="78" HEIGHT="28" WC="0.96" CONTENT="högsta"/><SP WIDTH="17" VPOS="179" HPOS="689"/>
							<String ID="string_19" HPOS="706" VPOS="180" WIDTH="83" HEIGHT="21" WC="0.96" CONTENT="instans"/><SP WIDTH="16" VPOS="180" HPOS="789"/>
							<String ID="string_20" HPOS="805" VPOS="180" WIDTH="6" HEIGHT="21" WC="0.89" CONTENT="i"/><SP WIDTH="14" VPOS="180" HPOS="811"/>
							<String ID="string_21" HPOS="825" VPOS="180" WIDTH="74" HEIGHT="28" WC="0.96" CONTENT="frågor"/><SP WIDTH="18" VPOS="180" HPOS="899"/>
							<String ID="string_22" HPOS="917" VPOS="181" WIDTH="92" HEIGHT="22" WC="0.93" CONTENT="rörande"/><SP WIDTH="18" VPOS="181" HPOS="1009"/>
							<String ID="string_23" HPOS="1027" VPOS="181" WIDTH="59" HEIGHT="22" WC="0.63" CONTENT="forn-"/>
						</TextLine>
						<TextLine ID="line_3" HPOS="258" VPOS="207" WIDTH="820" HEIGHT="34">
							<String ID="string_24" HPOS="258" VPOS="207" WIDTH="118" HEIGHT="34" WC="0.96" CONTENT="forskning."/><SP WIDTH="64" VPOS="207" HPOS="376"/>
							<String ID="string_25" HPOS="440" VPOS="229" WIDTH="2" HEIGHT="2" WC="0.23" CONTENT=";"/><SP WIDTH="424" VPOS="229" HPOS="442"/>
							<String ID="string_26" HPOS="866" VPOS="220" WIDTH="3" HEIGHT="3" WC="0.61" CONTENT=":"/><SP WIDTH="207" VPOS="220" HPOS="869"/>
							<String ID="string_27" HPOS="1076" VPOS="215" WIDTH="2" HEIGHT="2" WC="0.44" CONTENT=":"/>
						</TextLine>
					</TextBlock>
					<TextBlock ID="block_2" HPOS="259" VPOS="236" WIDTH="826" HEIGHT="86">
						<TextLine ID="line_4" HPOS="328" VPOS="236" WIDTH="757" HEIGHT="29">
							<String ID="string_28" HPOS="328" VPOS="238" WIDTH="58" HEIGHT="21" WC="0.93" CONTENT="Herr"/><SP WIDTH="15" VPOS="238" HPOS="386"/>
							<String ID="string_29" HPOS="401" VPOS="236" WIDTH="209" HEIGHT="28" WC="0.91" CONTENT="Pippingsköld:"/><SP WIDTH="15" VPOS="236" HPOS="610"/>
							<String ID="string_30" HPOS="625" VPOS="236" WIDTH="43" HEIGHT="27" WC="0.96" CONTENT="Jag"/><SP WIDTH="15" VPOS="236" HPOS="668"/>
							<String ID="string_31" HPOS="683" VPOS="236" WIDTH="39" HEIGHT="21" WC="0.92" CONTENT="ber"/><SP WIDTH="8" VPOS="236" HPOS="722"/>
							<String ID="string_32" HPOS="730" VPOS="236" WIDTH="56" HEIGHT="21" WC="0.92" CONTENT="blott"/><SP WIDTH="15" VPOS="236" HPOS="786"/>
							<String ID="string_33" HPOS="801" VPOS="238" WIDTH="32" HEIGHT="19" WC="0.93" CONTENT="att"/><SP WIDTH="16" VPOS="238" HPOS="833"/>
							<String ID="string_34" HPOS="849" VPOS="237" WIDTH="23" HEIGHT="21" WC="0.88" CONTENT="fä"/><SP WIDTH="16" VPOS="237" HPOS="872"/>
							<String ID="string_35" HPOS="888" VPOS="237" WIDTH="96" HEIGHT="28" WC="0.91" CONTENT="tillägga,"/><SP WIDTH="16" VPOS="237" HPOS="984"/>
							<String ID="string_36" HPOS="1000" VPOS="239" WIDTH="32" HEIGHT="20" WC="0.96" CONTENT="att"/><SP WIDTH="16" VPOS="239" HPOS="1032"/>
							<String ID="string_37" HPOS="1048" VPOS="238" WIDTH="37" HEIGHT="21" WC="0.96" CONTENT="det"/>
						</TextLine>
						<TextLine ID="line_5" HPOS="259" VPOS="265" WIDTH="826" HEIGHT="27">
							<String ID="string_38" HPOS="259" VPOS="268" WIDTH="48" HEIGHT="21" WC="0.96" CONTENT="icke"/><SP WIDTH="16" VPOS="268" HPOS="307"/>
							<String ID="string_39" HPOS="323" VPOS="269" WIDTH="23" HEIGHT="18" WC="0.96" CONTENT="är"/><SP WIDTH="15" VPOS="269" HPOS="346"/>
							<String ID="string_40" HPOS="361" VPOS="266" WIDTH="47" HEIGHT="21" WC="0.96" CONTENT="skäl"/><SP WIDTH="25" VPOS="266" HPOS="408"/>
							<String ID="string_41" HPOS="433" VPOS="267" WIDTH="32" HEIGHT="18" WC="0.96" CONTENT="att"/><SP WIDTH="15" VPOS="267" HPOS="465"/>
							<String ID="string_42" HPOS="480" VPOS="265" WIDTH="38" HEIGHT="20" WC="0.90" CONTENT="här"/><SP WIDTH="15" VPOS="265" HPOS="518"/>
							<String ID="string_43" HPOS="533" VPOS="265" WIDTH="51" HEIGHT="27" WC="0.96" CONTENT="ingå"/><SP WIDTH="15" VPOS="265" HPOS="584"/>
							<String ID="string_44" HPOS="599" VPOS="265" WIDTH="7" HEIGHT="20" WC="0.93" CONTENT="i"/><SP WIDTH="16" VPOS="265" HPOS="606"/>
							<String ID="string_45" HPOS="622" VPOS="265" WIDTH="156" HEIGHT="27" WC="0.95" CONTENT="specialiteter;"/><SP WIDTH="22" VPOS="265" HPOS="778"/>
							<String ID="string_46" HPOS="800" VPOS="266" WIDTH="127" HEIGHT="26" WC="0.92" CONTENT="godkänner"/><SP WIDTH="15" VPOS="266" HPOS="927"/>
							<String ID="string_47" HPOS="942" VPOS="266" WIDTH="87" HEIGHT="21" WC="0.96" CONTENT="ståndet"/><SP WIDTH="15" VPOS="266" HPOS="1029"/>
							<String ID="string_48" HPOS="1044" VPOS="267" WIDTH="41" HEIGHT="20" WC="0.96" CONTENT="och"/>
						</TextLine>
						<TextLine ID="line_6" HPOS="260" VPOS="293" WIDTH="825" HEIGHT="29">
							<String ID="string_49" HPOS="260" VPOS="295" WIDTH="83" HEIGHT="21" WC="0.88" CONTENT="bifalles"/><SP WIDTH="16" VPOS="295" HPOS="343"/>
							<String ID="string_50" HPOS="359" VPOS="294" WIDTH="126" HEIGHT="28" WC="0.89" CONTENT="petitionen,"/><SP WIDTH="15" VPOS="294" HPOS="485"/>
							<String ID="string_51" HPOS="500" VPOS="300" WIDTH="43" HEIGHT="20" WC="0.93" CONTENT="nog"/><SP WIDTH="11" VPOS="300" HPOS="543"/>
							<String ID="string_52" HPOS="554" VPOS="293" WIDTH="58" HEIGHT="27" WC="0.92" CONTENT="sörja"/><SP WIDTH="11" VPOS="293" HPOS="612"/>
							<String ID="string_53" HPOS="623" VPOS="293" WIDTH="251" HEIGHT="27" WC="0.92" CONTENT="vetenskapssocieteten"/><SP WIDTH="16" VPOS="293" HPOS="874"/>
							<String ID="string_54" HPOS="890" VPOS="294" WIDTH="39" HEIGHT="21" WC="0.93" CONTENT="och"/><SP WIDTH="15" VPOS="294" HPOS="929"/>
							<String ID="string_55" HPOS="944" VPOS="295" WIDTH="141" HEIGHT="27" WC="0.92" CONTENT="vetenskaps-"/>
						</TextLine>
					</TextBlock>
					<TextBlock ID="block_3" HPOS="246" VPOS="321" WIDTH="839" HEIGHT="80">
						<TextLine ID="line_7" HPOS="246" VPOS="321" WIDTH="839" HEIGHT="28">
							<String ID="string_56" HPOS="246" VPOS="343" WIDTH="2" HEIGHT="2" WC="0.89" CONTENT="."/><SP WIDTH="13" VPOS="343" HPOS="248"/>
							<String ID="string_57" HPOS="261" VPOS="325" WIDTH="91" HEIGHT="19" WC="0.96" CONTENT="männen"/><SP WIDTH="15" VPOS="325" HPOS="352"/>
							<String ID="string_58" HPOS="367" VPOS="323" WIDTH="7" HEIGHT="20" WC="0.94" CONTENT="i"/><SP WIDTH="15" VPOS="323" HPOS="374"/>
							<String ID="string_59" HPOS="389" VPOS="322" WIDTH="76" HEIGHT="21" WC="0.93" CONTENT="landet"/><SP WIDTH="22" VPOS="322" HPOS="465"/>
							<String ID="string_60" HPOS="487" VPOS="321" WIDTH="73" HEIGHT="21" WC="0.96" CONTENT="derför"/><SP WIDTH="16" VPOS="321" HPOS="560"/>
							<String ID="string_61" HPOS="576" VPOS="324" WIDTH="33" HEIGHT="18" WC="0.93" CONTENT="att"/><SP WIDTH="15" VPOS="324" HPOS="609"/>
							<String ID="string_62" HPOS="624" VPOS="321" WIDTH="65" HEIGHT="28" WC="0.96" CONTENT="nödig"/><SP WIDTH="22" VPOS="321" HPOS="689"/>
							<String ID="string_63" HPOS="711" VPOS="321" WIDTH="133" HEIGHT="28" WC="0.96" CONTENT="ombildning"/><SP WIDTH="16" VPOS="321" HPOS="844"/>
							<String ID="string_64" HPOS="860" VPOS="321" WIDTH="23" HEIGHT="21" WC="0.93" CONTENT="af"/><SP WIDTH="14" VPOS="321" HPOS="883"/>
							<String ID="string_65" HPOS="897" VPOS="323" WIDTH="118" HEIGHT="20" WC="0.95" CONTENT="societeten"/><SP WIDTH="19" VPOS="323" HPOS="1015"/>
							<String ID="string_66" HPOS="1034" VPOS="323" WIDTH="51" HEIGHT="21" WC="0.96" CONTENT="sker"/>
						</TextLine>
						<TextLine ID="line_8" HPOS="261" VPOS="350" WIDTH="824" HEIGHT="29">
							<String ID="string_67" HPOS="261" VPOS="353" WIDTH="40" HEIGHT="20" WC="0.96" CONTENT="och"/><SP WIDTH="16" VPOS="353" HPOS="301"/>
							<String ID="string_68" HPOS="317" VPOS="353" WIDTH="32" HEIGHT="19" WC="0.96" CONTENT="att"/><SP WIDTH="14" VPOS="353" HPOS="349"/>
							<String ID="string_69" HPOS="363" VPOS="351" WIDTH="40" HEIGHT="20" WC="0.96" CONTENT="den"/><SP WIDTH="17" VPOS="351" HPOS="403"/>
							<String ID="string_70" HPOS="420" VPOS="350" WIDTH="63" HEIGHT="28" WC="0.96" CONTENT="plats,"/><SP WIDTH="16" VPOS="350" HPOS="483"/>
							<String ID="string_71" HPOS="499" VPOS="357" WIDTH="46" HEIGHT="13" WC="0.96" CONTENT="som"/><SP WIDTH="16" VPOS="357" HPOS="545"/>
							<String ID="string_72" HPOS="561" VPOS="350" WIDTH="131" HEIGHT="21" WC="0.96" CONTENT="tillkommer"/><SP WIDTH="15" VPOS="350" HPOS="692"/>
							<String ID="string_73" HPOS="707" VPOS="350" WIDTH="132" HEIGHT="27" WC="0.96" CONTENT="arkeologin,"/><SP WIDTH="17" VPOS="350" HPOS="839"/>
							<String ID="string_74" HPOS="856" VPOS="350" WIDTH="34" HEIGHT="21" WC="0.96" CONTENT="väl"/><SP WIDTH="16" VPOS="350" HPOS="890"/>
							<String ID="string_75" HPOS="906" VPOS="351" WIDTH="40" HEIGHT="20" WC="0.96" CONTENT="och"/><SP WIDTH="8" VPOS="351" HPOS="946"/>
							<String ID="string_76" HPOS="954" VPOS="351" WIDTH="80" HEIGHT="28" WC="0.93" CONTENT="stadigt"/><SP WIDTH="15" VPOS="351" HPOS="1034"/>
							<String ID="string_77" HPOS="1049" VPOS="351" WIDTH="36" HEIGHT="21" WC="0.92" CONTENT="be-"/>
						</TextLine>
						<TextLine ID="line_9" HPOS="261" VPOS="382" WIDTH="74" HEIGHT="19">
							<String ID="string_78" HPOS="261" VPOS="382" WIDTH="74" HEIGHT="19" WC="0.75" CONTENT="sättas."/>
						</TextLine>
					</TextBlock>
					<TextBlock ID="block_4" HPOS="261" VPOS="406" WIDTH="825" HEIGHT="255">
						<TextLine ID="line_10" HPOS="329" VPOS="406" WIDTH="755" HEIGHT="28">
							<String ID="string_79" HPOS="329" VPOS="407" WIDTH="58" HEIGHT="22" WC="0.96" CONTENT="Herr"/><SP WIDTH="16" VPOS="407" HPOS="387"/>
							<String ID="string_80" HPOS="403" VPOS="406" WIDTH="202" HEIGHT="26" WC="0.93" CONTENT="Nordenskiöld,"/><SP WIDTH="20" VPOS="406" HPOS="605"/>
							<String ID="string_81" HPOS="625" VPOS="406" WIDTH="26" HEIGHT="21" WC="0.92" CONTENT="N."/><SP WIDTH="17" VPOS="406" HPOS="651"/>
							<String ID="string_82" HPOS="668" VPOS="406" WIDTH="39" HEIGHT="21" WC="0.92" CONTENT="K.:"/><SP WIDTH="24" VPOS="406" HPOS="707"/>
							<String ID="string_83" HPOS="731" VPOS="406" WIDTH="57" HEIGHT="21" WC="0.92" CONTENT="Herr"/><SP WIDTH="22" VPOS="406" HPOS="788"/>
							<String ID="string_84" HPOS="810" VPOS="407" WIDTH="144" HEIGHT="27" WC="0.91" CONTENT="Godenhjelm"/><SP WIDTH="19" VPOS="407" HPOS="954"/>
							<String ID="string_85" HPOS="973" VPOS="407" WIDTH="39" HEIGHT="22" WC="0.93" CONTENT="har"/><SP WIDTH="15" VPOS="407" HPOS="1012"/>
							<String ID="string_86" HPOS="1027" VPOS="408" WIDTH="57" HEIGHT="21" WC="0.91" CONTENT="före-"/>
						</TextLine>
						<TextLine ID="line_11" HPOS="261" VPOS="434" WIDTH="823" HEIGHT="29">
							<String ID="string_87" HPOS="261" VPOS="439" WIDTH="38" HEIGHT="19" WC="0.96" CONTENT="nat"/><SP WIDTH="15" VPOS="439" HPOS="299"/>
							<String ID="string_88" HPOS="314" VPOS="436" WIDTH="32" HEIGHT="27" WC="0.96" CONTENT="sig"/><SP WIDTH="16" VPOS="436" HPOS="346"/>
							<String ID="string_89" HPOS="362" VPOS="442" WIDTH="34" HEIGHT="14" WC="0.96" CONTENT="om"/><SP WIDTH="17" VPOS="442" HPOS="396"/>
							<String ID="string_90" HPOS="413" VPOS="434" WIDTH="50" HEIGHT="21" WC="0.93" CONTENT="herr"/><SP WIDTH="14" VPOS="434" HPOS="463"/>
							<String ID="string_91" HPOS="477" VPOS="434" WIDTH="68" HEIGHT="21" WC="0.92" CONTENT="Reins"/><SP WIDTH="15" VPOS="434" HPOS="545"/>
							<String ID="string_92" HPOS="560" VPOS="434" WIDTH="141" HEIGHT="26" WC="0.96" CONTENT="reservation,"/><SP WIDTH="16" VPOS="434" HPOS="701"/>
							<String ID="string_93" HPOS="717" VPOS="434" WIDTH="39" HEIGHT="21" WC="0.96" CONTENT="och"/><SP WIDTH="16" VPOS="434" HPOS="756"/>
							<String ID="string_94" HPOS="772" VPOS="435" WIDTH="27" HEIGHT="21" WC="0.96" CONTENT="då"/><SP WIDTH="15" VPOS="435" HPOS="799"/>
							<String ID="string_95" HPOS="814" VPOS="435" WIDTH="51" HEIGHT="21" WC="0.96" CONTENT="herr"/><SP WIDTH="15" VPOS="435" HPOS="865"/>
							<String ID="string_96" HPOS="880" VPOS="435" WIDTH="54" HEIGHT="21" WC="0.96" CONTENT="Rein"/><SP WIDTH="17" VPOS="435" HPOS="934"/>
							<String ID="string_97" HPOS="951" VPOS="437" WIDTH="23" HEIGHT="19" WC="0.96" CONTENT="är"/><SP WIDTH="15" VPOS="437" HPOS="974"/>
							<String ID="string_98" HPOS="989" VPOS="436" WIDTH="95" HEIGHT="21" WC="0.94" CONTENT="ledamot"/>
						</TextLine>
						<TextLine ID="line_12" HPOS="262" VPOS="462" WIDTH="822" HEIGHT="28">
							<String ID="string_99" HPOS="262" VPOS="465" WIDTH="23" HEIGHT="21" WC="0.95" CONTENT="af"/><SP WIDTH="21" VPOS="465" HPOS="285"/>
							<String ID="string_100" HPOS="306" VPOS="464" WIDTH="61" HEIGHT="21" WC="0.93" CONTENT="detta"/><SP WIDTH="15" VPOS="464" HPOS="367"/>
							<String ID="string_101" HPOS="382" VPOS="462" WIDTH="117" HEIGHT="28" WC="0.90" CONTENT="höglofliga"/><SP WIDTH="15" VPOS="462" HPOS="499"/>
							<String ID="string_102" HPOS="514" VPOS="463" WIDTH="69" HEIGHT="25" WC="0.96" CONTENT="stånd,"/><SP WIDTH="17" VPOS="463" HPOS="583"/>
							<String ID="string_103" HPOS="600" VPOS="463" WIDTH="61" HEIGHT="21" WC="0.96" CONTENT="torde"/><SP WIDTH="16" VPOS="463" HPOS="661"/>
							<String ID="string_104" HPOS="677" VPOS="462" WIDTH="84" HEIGHT="22" WC="0.96" CONTENT="således"/><SP WIDTH="16" VPOS="462" HPOS="761"/>
							<String ID="string_105" HPOS="777" VPOS="463" WIDTH="54" HEIGHT="21" WC="0.96" CONTENT="hans"/><SP WIDTH="16" VPOS="463" HPOS="831"/>
							<String ID="string_106" HPOS="847" VPOS="464" WIDTH="133" HEIGHT="20" WC="0.96" CONTENT="reservation"/><SP WIDTH="17" VPOS="464" HPOS="980"/>
							<String ID="string_107" HPOS="997" VPOS="464" WIDTH="87" HEIGHT="21" WC="0.96" CONTENT="komma"/>
						</TextLine>
						<TextLine ID="line_13" HPOS="262" VPOS="491" WIDTH="822" HEIGHT="27">
							<String ID="string_108" HPOS="262" VPOS="492" WIDTH="67" HEIGHT="21" WC="0.96" CONTENT="under"/><SP WIDTH="16" VPOS="492" HPOS="329"/>
							<String ID="string_109" HPOS="345" VPOS="492" WIDTH="140" HEIGHT="26" WC="0.95" CONTENT="omröstning."/><SP WIDTH="31" VPOS="492" HPOS="485"/>
							<String ID="string_110" HPOS="516" VPOS="491" WIDTH="43" HEIGHT="27" WC="0.93" CONTENT="Jag"/><SP WIDTH="16" VPOS="491" HPOS="559"/>
							<String ID="string_111" HPOS="575" VPOS="491" WIDTH="63" HEIGHT="21" WC="0.93" CONTENT="utber"/><SP WIDTH="16" VPOS="491" HPOS="638"/>
							<String ID="string_112" HPOS="654" VPOS="492" WIDTH="43" HEIGHT="26" WC="0.91" CONTENT="mig"/><SP WIDTH="17" VPOS="492" HPOS="697"/>
							<String ID="string_113" HPOS="714" VPOS="491" WIDTH="85" HEIGHT="21" WC="0.91" CONTENT="derföre"/><SP WIDTH="16" VPOS="491" HPOS="799"/>
							<String ID="string_114" HPOS="815" VPOS="494" WIDTH="33" HEIGHT="18" WC="0.96" CONTENT="att"/><SP WIDTH="16" VPOS="494" HPOS="848"/>
							<String ID="string_115" HPOS="864" VPOS="494" WIDTH="50" HEIGHT="24" WC="0.96" CONTENT="taga"/><SP WIDTH="16" VPOS="494" HPOS="914"/>
							<String ID="string_116" HPOS="930" VPOS="492" WIDTH="69" HEIGHT="21" WC="0.93" CONTENT="denna"/><SP WIDTH="16" VPOS="492" HPOS="999"/>
							<String ID="string_117" HPOS="1015" VPOS="500" WIDTH="69" HEIGHT="13" WC="0.92" CONTENT="reser-"/>
						</TextLine>
						<TextLine ID="line_14" HPOS="261" VPOS="519" WIDTH="823" HEIGHT="23">
							<String ID="string_118" HPOS="261" VPOS="521" WIDTH="72" HEIGHT="21" WC="0.92" CONTENT="vation"/><SP WIDTH="16" VPOS="521" HPOS="333"/>
							<String ID="string_119" HPOS="349" VPOS="521" WIDTH="6" HEIGHT="20" WC="0.93" CONTENT="i"/><SP WIDTH="16" VPOS="521" HPOS="355"/>
							<String ID="string_120" HPOS="371" VPOS="519" WIDTH="170" HEIGHT="22" WC="0.90" CONTENT="skärskådande."/><SP WIDTH="26" VPOS="519" HPOS="541"/>
							<String ID="string_121" HPOS="567" VPOS="520" WIDTH="78" HEIGHT="20" WC="0.96" CONTENT="Denna"/><SP WIDTH="15" VPOS="520" HPOS="645"/>
							<String ID="string_122" HPOS="660" VPOS="520" WIDTH="133" HEIGHT="21" WC="0.96" CONTENT="reservation"/><SP WIDTH="16" VPOS="520" HPOS="793"/>
							<String ID="string_123" HPOS="809" VPOS="520" WIDTH="119" HEIGHT="20" WC="0.96" CONTENT="innehåller"/><SP WIDTH="16" VPOS="520" HPOS="928"/>
							<String ID="string_124" HPOS="944" VPOS="522" WIDTH="31" HEIGHT="18" WC="0.93" CONTENT="ett"/><SP WIDTH="15" VPOS="522" HPOS="975"/>
							<String ID="string_125" HPOS="990" VPOS="521" WIDTH="94" HEIGHT="21" WC="0.92" CONTENT="alterna-"/>
						</TextLine>
						<TextLine ID="line_15" HPOS="261" VPOS="548" WIDTH="823" HEIGHT="28">
							<String ID="string_126" HPOS="261" VPOS="550" WIDTH="40" HEIGHT="20" WC="0.96" CONTENT="tivt"/><SP WIDTH="16" VPOS="550" HPOS="301"/>
							<String ID="string_127" HPOS="317" VPOS="549" WIDTH="86" HEIGHT="27" WC="0.96" CONTENT="förslag."/><SP WIDTH="30" VPOS="549" HPOS="403"/>
							<String ID="string_128" HPOS="433" VPOS="548" WIDTH="44" HEIGHT="21" WC="0.96" CONTENT="Det"/><SP WIDTH="15" VPOS="548" HPOS="477"/>
							<String ID="string_129" HPOS="492" VPOS="548" WIDTH="68" HEIGHT="20" WC="0.96" CONTENT="första"/><SP WIDTH="15" VPOS="548" HPOS="560"/>
							<String ID="string_130" HPOS="575" VPOS="548" WIDTH="139" HEIGHT="20" WC="0.96" CONTENT="alternativet"/><SP WIDTH="15" VPOS="548" HPOS="714"/>
							<String ID="string_131" HPOS="729" VPOS="548" WIDTH="39" HEIGHT="20" WC="0.96" CONTENT="har"/><SP WIDTH="13" VPOS="548" HPOS="768"/>
							<String ID="string_132" HPOS="781" VPOS="548" WIDTH="38" HEIGHT="28" WC="0.96" CONTENT="jag"/><SP WIDTH="15" VPOS="548" HPOS="819"/>
							<String ID="string_133" HPOS="834" VPOS="549" WIDTH="68" HEIGHT="20" WC="0.96" CONTENT="redan"/><SP WIDTH="17" VPOS="549" HPOS="902"/>
							<String ID="string_134" HPOS="919" VPOS="548" WIDTH="46" HEIGHT="21" WC="0.96" CONTENT="haft"/><SP WIDTH="15" VPOS="548" HPOS="965"/>
							<String ID="string_135" HPOS="980" VPOS="550" WIDTH="51" HEIGHT="20" WC="0.93" CONTENT="äran"/><SP WIDTH="14" VPOS="550" HPOS="1031"/>
							<String ID="string_136" HPOS="1045" VPOS="556" WIDTH="39" HEIGHT="14" WC="0.92" CONTENT="un-"/>
						</TextLine>
						<TextLine ID="line_16" HPOS="263" VPOS="576" WIDTH="822" HEIGHT="29">
							<String ID="string_137" HPOS="263" VPOS="578" WIDTH="116" HEIGHT="27" WC="0.91" CONTENT="derstödja,"/><SP WIDTH="28" VPOS="578" HPOS="379"/>
							<String ID="string_138" HPOS="407" VPOS="576" WIDTH="37" HEIGHT="21" WC="0.96" CONTENT="det"/><SP WIDTH="22" VPOS="576" HPOS="444"/>
							<String ID="string_139" HPOS="466" VPOS="577" WIDTH="68" HEIGHT="20" WC="0.96" CONTENT="andra"/><SP WIDTH="23" VPOS="577" HPOS="534"/>
							<String ID="string_140" HPOS="557" VPOS="576" WIDTH="64" HEIGHT="20" WC="0.96" CONTENT="söker"/><SP WIDTH="25" VPOS="576" HPOS="621"/>
							<String ID="string_141" HPOS="646" VPOS="578" WIDTH="32" HEIGHT="19" WC="0.96" CONTENT="att"/><SP WIDTH="17" VPOS="578" HPOS="678"/>
							<String ID="string_142" HPOS="695" VPOS="576" WIDTH="8" HEIGHT="21" WC="0.93" CONTENT="i"/><SP WIDTH="15" VPOS="576" HPOS="703"/>
							<String ID="string_143" HPOS="718" VPOS="576" WIDTH="225" HEIGHT="22" WC="0.91" CONTENT="öfverensstämmelse"/><SP WIDTH="24" VPOS="576" HPOS="943"/>
							<String ID="string_144" HPOS="967" VPOS="578" WIDTH="49" HEIGHT="20" WC="0.96" CONTENT="med"/><SP WIDTH="18" VPOS="578" HPOS="1016"/>
							<String ID="string_145" HPOS="1034" VPOS="578" WIDTH="51" HEIGHT="20" WC="0.96" CONTENT="herr"/>
						</TextLine>
						<TextLine ID="line_17" HPOS="262" VPOS="604" WIDTH="824" HEIGHT="28">
							<String ID="string_146" HPOS="262" VPOS="606" WIDTH="117" HEIGHT="22" WC="0.91" CONTENT="Forsmans"/><SP WIDTH="24" VPOS="606" HPOS="379"/>
							<String ID="string_147" HPOS="403" VPOS="605" WIDTH="91" HEIGHT="27" WC="0.96" CONTENT="petition"/><SP WIDTH="23" VPOS="605" HPOS="494"/>
							<String ID="string_148" HPOS="517" VPOS="604" WIDTH="112" HEIGHT="22" WC="0.96" CONTENT="föranleda"/><SP WIDTH="22" VPOS="604" HPOS="629"/>
							<String ID="string_149" HPOS="651" VPOS="604" WIDTH="32" HEIGHT="21" WC="0.94" CONTENT="till"/><SP WIDTH="24" VPOS="604" HPOS="683"/>
							<String ID="string_150" HPOS="707" VPOS="604" WIDTH="131" HEIGHT="22" WC="0.96" CONTENT="inrättandet"/><SP WIDTH="21" VPOS="604" HPOS="838"/>
							<String ID="string_151" HPOS="859" VPOS="606" WIDTH="23" HEIGHT="20" WC="0.96" CONTENT="af"/><SP WIDTH="21" VPOS="606" HPOS="882"/>
							<String ID="string_152" HPOS="903" VPOS="612" WIDTH="26" HEIGHT="14" WC="0.96" CONTENT="en"/><SP WIDTH="19" VPOS="612" HPOS="929"/>
							<String ID="string_153" HPOS="948" VPOS="606" WIDTH="91" HEIGHT="20" WC="0.96" CONTENT="särskild"/><SP WIDTH="24" VPOS="606" HPOS="1039"/>
							<String ID="string_154" HPOS="1063" VPOS="606" WIDTH="23" HEIGHT="20" WC="0.96" CONTENT="af"/>
						</TextLine>
						<TextLine ID="line_18" HPOS="262" VPOS="633" WIDTH="747" HEIGHT="28">
							<String ID="string_155" HPOS="262" VPOS="635" WIDTH="70" HEIGHT="21" WC="0.93" CONTENT="finska"/><SP WIDTH="15" VPOS="635" HPOS="332"/>
							<String ID="string_156" HPOS="347" VPOS="634" WIDTH="251" HEIGHT="26" WC="0.91" CONTENT="vetenskapssocieteten"/><SP WIDTH="17" VPOS="634" HPOS="598"/>
							<String ID="string_157" HPOS="615" VPOS="633" WIDTH="122" HEIGHT="21" WC="0.93" CONTENT="oberoende"/><SP WIDTH="16" VPOS="633" HPOS="737"/>
							<String ID="string_158" HPOS="753" VPOS="634" WIDTH="256" HEIGHT="27" WC="0.91" CONTENT="antiqvitetetsakademi."/>
						</TextLine>
					</TextBlock>
					<TextBlock ID="block_5" HPOS="260" VPOS="661" WIDTH="825" HEIGHT="853">
						<TextLine ID="line_19" HPOS="330" VPOS="661" WIDTH="754" HEIGHT="29">
							<String ID="string_159" HPOS="330" VPOS="662" WIDTH="42" HEIGHT="28" WC="0.93" CONTENT="Jag"/><SP WIDTH="24" VPOS="662" HPOS="372"/>
							<String ID="string_160" HPOS="396" VPOS="662" WIDTH="63" HEIGHT="20" WC="0.92" CONTENT="utber"/><SP WIDTH="23" VPOS="662" HPOS="459"/>
							<String ID="string_161" HPOS="482" VPOS="662" WIDTH="43" HEIGHT="26" WC="0.96" CONTENT="mig"/><SP WIDTH="15" VPOS="662" HPOS="525"/>
							<String ID="string_162" HPOS="540" VPOS="663" WIDTH="33" HEIGHT="19" WC="0.96" CONTENT="att"/><SP WIDTH="17" VPOS="663" HPOS="573"/>
							<String ID="string_163" HPOS="590" VPOS="661" WIDTH="22" HEIGHT="21" WC="0.96" CONTENT="få"/><SP WIDTH="14" VPOS="661" HPOS="612"/>
							<String ID="string_164" HPOS="626" VPOS="662" WIDTH="56" HEIGHT="20" WC="0.96" CONTENT="fästa"/><SP WIDTH="17" VPOS="662" HPOS="682"/>
							<String ID="string_165" HPOS="699" VPOS="662" WIDTH="219" HEIGHT="27" WC="0.96" CONTENT="uppmärksamheten"/><SP WIDTH="17" VPOS="662" HPOS="918"/>
							<String ID="string_166" HPOS="935" VPOS="662" WIDTH="35" HEIGHT="20" WC="0.96" CONTENT="vid"/><SP WIDTH="15" VPOS="662" HPOS="970"/>
							<String ID="string_167" HPOS="985" VPOS="669" WIDTH="27" HEIGHT="14" WC="0.91" CONTENT="en"/><SP WIDTH="16" VPOS="669" HPOS="1012"/>
							<String ID="string_168" HPOS="1028" VPOS="662" WIDTH="56" HEIGHT="21" WC="0.91" CONTENT="erfa-"/>
						</TextLine>
						<TextLine ID="line_20" HPOS="262" VPOS="690" WIDTH="823" HEIGHT="28">
							<String ID="string_169" HPOS="262" VPOS="691" WIDTH="82" HEIGHT="27" WC="0.96" CONTENT="renhet,"/><SP WIDTH="16" VPOS="691" HPOS="344"/>
							<String ID="string_170" HPOS="360" VPOS="697" WIDTH="46" HEIGHT="15" WC="0.96" CONTENT="som"/><SP WIDTH="16" VPOS="697" HPOS="406"/>
							<String ID="string_171" HPOS="422" VPOS="690" WIDTH="7" HEIGHT="20" WC="0.96" CONTENT="i"/><SP WIDTH="15" VPOS="690" HPOS="429"/>
							<String ID="string_172" HPOS="444" VPOS="690" WIDTH="92" HEIGHT="20" WC="0.95" CONTENT="Finland"/><SP WIDTH="15" VPOS="690" HPOS="536"/>
							<String ID="string_173" HPOS="551" VPOS="690" WIDTH="66" HEIGHT="21" WC="0.96" CONTENT="redan"/><SP WIDTH="16" VPOS="690" HPOS="617"/>
							<String ID="string_174" HPOS="633" VPOS="690" WIDTH="87" HEIGHT="20" WC="0.96" CONTENT="vunnits"/><SP WIDTH="15" VPOS="690" HPOS="720"/>
							<String ID="string_175" HPOS="735" VPOS="690" WIDTH="40" HEIGHT="21" WC="0.97" CONTENT="och"/><SP WIDTH="16" VPOS="690" HPOS="775"/>
							<String ID="string_176" HPOS="791" VPOS="696" WIDTH="46" HEIGHT="15" WC="0.96" CONTENT="som"/><SP WIDTH="15" VPOS="696" HPOS="837"/>
							<String ID="string_177" HPOS="852" VPOS="691" WIDTH="28" HEIGHT="27" WC="0.96" CONTENT="på"/><SP WIDTH="11" VPOS="691" HPOS="880"/>
							<String ID="string_178" HPOS="891" VPOS="690" WIDTH="37" HEIGHT="21" WC="0.93" CONTENT="det"/><SP WIDTH="10" VPOS="690" HPOS="928"/>
							<String ID="string_179" HPOS="938" VPOS="690" WIDTH="147" HEIGHT="22" WC="0.92" CONTENT="bestämdaste"/>
						</TextLine>
						<TextLine ID="line_21" HPOS="261" VPOS="718" WIDTH="823" HEIGHT="28">
							<String ID="string_180" HPOS="261" VPOS="720" WIDTH="56" HEIGHT="22" WC="0.96" CONTENT="talar"/><SP WIDTH="15" VPOS="720" HPOS="317"/>
							<String ID="string_181" HPOS="332" VPOS="722" WIDTH="45" HEIGHT="18" WC="0.97" CONTENT="mot"/><SP WIDTH="16" VPOS="722" HPOS="377"/>
							<String ID="string_182" HPOS="393" VPOS="726" WIDTH="26" HEIGHT="13" WC="0.96" CONTENT="en"/><SP WIDTH="16" VPOS="726" HPOS="419"/>
							<String ID="string_183" HPOS="435" VPOS="718" WIDTH="66" HEIGHT="21" WC="0.95" CONTENT="sådan"/><SP WIDTH="16" VPOS="718" HPOS="501"/>
							<String ID="string_184" HPOS="517" VPOS="718" WIDTH="108" HEIGHT="28" WC="0.95" CONTENT="splittring"/><SP WIDTH="16" VPOS="718" HPOS="625"/>
							<String ID="string_185" HPOS="641" VPOS="718" WIDTH="24" HEIGHT="21" WC="0.96" CONTENT="af"/><SP WIDTH="13" VPOS="718" HPOS="665"/>
							<String ID="string_186" HPOS="678" VPOS="719" WIDTH="26" HEIGHT="20" WC="0.96" CONTENT="de"/><SP WIDTH="15" VPOS="719" HPOS="704"/>
							<String ID="string_187" HPOS="719" VPOS="718" WIDTH="89" HEIGHT="28" WC="0.96" CONTENT="fåtaliga"/><SP WIDTH="11" VPOS="718" HPOS="808"/>
							<String ID="string_188" HPOS="819" VPOS="719" WIDTH="163" HEIGHT="27" WC="0.96" CONTENT="vetenskapliga"/><SP WIDTH="11" VPOS="719" HPOS="982"/>
							<String ID="string_189" HPOS="993" VPOS="719" WIDTH="91" HEIGHT="25" WC="0.96" CONTENT="krafter,"/>
						</TextLine>
						<TextLine ID="line_22" HPOS="261" VPOS="745" WIDTH="823" HEIGHT="29">
							<String ID="string_190" HPOS="261" VPOS="756" WIDTH="46" HEIGHT="14" WC="0.96" CONTENT="som"/><SP WIDTH="16" VPOS="756" HPOS="307"/>
							<String ID="string_191" HPOS="323" VPOS="748" WIDTH="20" HEIGHT="21" WC="0.95" CONTENT="vi"/><SP WIDTH="15" VPOS="748" HPOS="343"/>
							<String ID="string_192" HPOS="358" VPOS="748" WIDTH="7" HEIGHT="20" WC="0.96" CONTENT="i"/><SP WIDTH="16" VPOS="748" HPOS="365"/>
							<String ID="string_193" HPOS="381" VPOS="748" WIDTH="62" HEIGHT="20" WC="0.96" CONTENT="bästa"/><SP WIDTH="14" VPOS="748" HPOS="443"/>
							<String ID="string_194" HPOS="457" VPOS="747" WIDTH="37" HEIGHT="20" WC="0.96" CONTENT="fall"/><SP WIDTH="16" VPOS="747" HPOS="494"/>
							<String ID="string_195" HPOS="510" VPOS="747" WIDTH="73" HEIGHT="20" WC="0.92" CONTENT="kunna"/><SP WIDTH="25" VPOS="747" HPOS="583"/>
							<String ID="string_196" HPOS="608" VPOS="747" WIDTH="103" HEIGHT="27" WC="0.89" CONTENT="päräkna."/><SP WIDTH="30" VPOS="747" HPOS="711"/>
							<String ID="string_197" HPOS="741" VPOS="746" WIDTH="29" HEIGHT="21" WC="0.95" CONTENT="Vi"/><SP WIDTH="23" VPOS="746" HPOS="770"/>
							<String ID="string_198" HPOS="793" VPOS="747" WIDTH="69" HEIGHT="21" WC="0.94" CONTENT="finnar"/><SP WIDTH="22" VPOS="747" HPOS="862"/>
							<String ID="string_199" HPOS="884" VPOS="747" WIDTH="64" HEIGHT="21" WC="0.96" CONTENT="hafva"/><SP WIDTH="22" VPOS="747" HPOS="948"/>
							<String ID="string_200" HPOS="970" VPOS="749" WIDTH="52" HEIGHT="19" WC="0.95" CONTENT="vant"/><SP WIDTH="26" VPOS="749" HPOS="1022"/>
							<String ID="string_201" HPOS="1048" VPOS="745" WIDTH="36" HEIGHT="23" WC="0.96" CONTENT="oss"/>
						</TextLine>
						<TextLine ID="line_23" HPOS="261" VPOS="775" WIDTH="824" HEIGHT="23">
							<String ID="string_202" HPOS="261" VPOS="779" WIDTH="32" HEIGHT="19" WC="0.96" CONTENT="att"/><SP WIDTH="16" VPOS="779" HPOS="293"/>
							<String ID="string_203" HPOS="309" VPOS="778" WIDTH="70" HEIGHT="20" WC="0.96" CONTENT="såsom"/><SP WIDTH="17" VPOS="778" HPOS="379"/>
							<String ID="string_204" HPOS="396" VPOS="782" WIDTH="26" HEIGHT="14" WC="0.96" CONTENT="en"/><SP WIDTH="16" VPOS="782" HPOS="422"/>
							<String ID="string_205" HPOS="438" VPOS="776" WIDTH="23" HEIGHT="20" WC="0.96" CONTENT="af"/><SP WIDTH="13" VPOS="776" HPOS="461"/>
							<String ID="string_206" HPOS="474" VPOS="776" WIDTH="52" HEIGHT="20" WC="0.96" CONTENT="våra"/><SP WIDTH="14" VPOS="776" HPOS="526"/>
							<String ID="string_207" HPOS="540" VPOS="775" WIDTH="119" HEIGHT="21" WC="0.95" CONTENT="förnämste"/><SP WIDTH="24" VPOS="775" HPOS="659"/>
							<String ID="string_208" HPOS="683" VPOS="775" WIDTH="163" HEIGHT="21" WC="0.69" CONTENT="naturforskare"/><SP WIDTH="20" VPOS="775" HPOS="846"/>
							<String ID="string_209" HPOS="866" VPOS="777" WIDTH="78" HEIGHT="19" WC="0.96" CONTENT="nämna"/><SP WIDTH="16" VPOS="777" HPOS="944"/>
							<String ID="string_210" HPOS="960" VPOS="775" WIDTH="72" HEIGHT="21" WC="0.93" CONTENT="Johan"/><SP WIDTH="15" VPOS="775" HPOS="1032"/>
							<String ID="string_211" HPOS="1047" VPOS="775" WIDTH="38" HEIGHT="22" WC="0.91" CONTENT="Ja-"/>
						</TextLine>
						<TextLine ID="line_24" HPOS="262" VPOS="801" WIDTH="822" HEIGHT="29">
							<String ID="string_212" HPOS="262" VPOS="806" WIDTH="43" HEIGHT="20" WC="0.92" CONTENT="kob"/><SP WIDTH="15" VPOS="806" HPOS="305"/>
							<String ID="string_213" HPOS="320" VPOS="801" WIDTH="133" HEIGHT="25" WC="0.88" CONTENT="Nervander."/><SP WIDTH="31" VPOS="801" HPOS="453"/>
							<String ID="string_214" HPOS="484" VPOS="803" WIDTH="34" HEIGHT="21" WC="0.95" CONTENT="En"/><SP WIDTH="16" VPOS="803" HPOS="518"/>
							<String ID="string_215" HPOS="534" VPOS="804" WIDTH="78" HEIGHT="20" WC="0.96" CONTENT="kritisk"/><SP WIDTH="15" VPOS="804" HPOS="612"/>
							<String ID="string_216" HPOS="627" VPOS="804" WIDTH="118" HEIGHT="26" WC="0.95" CONTENT="granskare"/><SP WIDTH="16" VPOS="804" HPOS="745"/>
							<String ID="string_217" HPOS="761" VPOS="804" WIDTH="22" HEIGHT="20" WC="0.96" CONTENT="af"/><SP WIDTH="15" VPOS="804" HPOS="783"/>
							<String ID="string_218" HPOS="798" VPOS="803" WIDTH="54" HEIGHT="21" WC="0.96" CONTENT="hans"/><SP WIDTH="11" VPOS="803" HPOS="852"/>
							<String ID="string_219" HPOS="863" VPOS="803" WIDTH="139" HEIGHT="22" WC="0.96" CONTENT="verksamhet"/><SP WIDTH="12" VPOS="803" HPOS="1002"/>
							<String ID="string_220" HPOS="1014" VPOS="805" WIDTH="70" HEIGHT="20" WC="0.96" CONTENT="såsom"/>
						</TextLine>
						<TextLine ID="line_25" HPOS="262" VPOS="832" WIDTH="823" HEIGHT="27">
							<String ID="string_221" HPOS="262" VPOS="834" WIDTH="163" HEIGHT="21" WC="0.96" CONTENT="naturforskare"/><SP WIDTH="15" VPOS="834" HPOS="425"/>
							<String ID="string_222" HPOS="440" VPOS="832" WIDTH="69" HEIGHT="20" WC="0.93" CONTENT="måste"/><SP WIDTH="16" VPOS="832" HPOS="509"/>
							<String ID="string_223" HPOS="525" VPOS="832" WIDTH="127" HEIGHT="21" WC="0.91" CONTENT="emedlertid"/><SP WIDTH="15" VPOS="832" HPOS="652"/>
							<String ID="string_224" HPOS="667" VPOS="832" WIDTH="116" HEIGHT="27" WC="0.90" CONTENT="medgifva,"/><SP WIDTH="15" VPOS="832" HPOS="783"/>
							<String ID="string_225" HPOS="798" VPOS="834" WIDTH="32" HEIGHT="18" WC="0.92" CONTENT="att"/><SP WIDTH="10" VPOS="834" HPOS="830"/>
							<String ID="string_226" HPOS="840" VPOS="832" WIDTH="128" HEIGHT="21" WC="0.90" CONTENT="Nervander"/><SP WIDTH="10" VPOS="832" HPOS="968"/>
							<String ID="string_227" HPOS="978" VPOS="832" WIDTH="34" HEIGHT="21" WC="0.91" CONTENT="väl"/><SP WIDTH="8" VPOS="832" HPOS="1012"/>
							<String ID="string_228" HPOS="1020" VPOS="832" WIDTH="65" HEIGHT="22" WC="0.91" CONTENT="fram-"/>
						</TextLine>
						<TextLine ID="line_26" HPOS="263" VPOS="860" WIDTH="822" HEIGHT="28">
							<String ID="string_229" HPOS="263" VPOS="863" WIDTH="72" HEIGHT="20" WC="0.96" CONTENT="kastat"/><SP WIDTH="25" VPOS="863" HPOS="335"/>
							<String ID="string_230" HPOS="360" VPOS="860" WIDTH="109" HEIGHT="28" WC="0.92" CONTENT="åtskilliga"/><SP WIDTH="24" VPOS="860" HPOS="469"/>
							<String ID="string_231" HPOS="493" VPOS="860" WIDTH="120" HEIGHT="28" WC="0.91" CONTENT="genialiska"/><SP WIDTH="24" VPOS="860" HPOS="613"/>
							<String ID="string_232" HPOS="637" VPOS="860" WIDTH="67" HEIGHT="26" WC="0.96" CONTENT="idéer,"/><SP WIDTH="22" VPOS="860" HPOS="704"/>
							<String ID="string_233" HPOS="726" VPOS="867" WIDTH="48" HEIGHT="14" WC="0.96" CONTENT="men"/><SP WIDTH="23" VPOS="867" HPOS="774"/>
							<String ID="string_234" HPOS="797" VPOS="863" WIDTH="32" HEIGHT="18" WC="0.96" CONTENT="att"/><SP WIDTH="20" VPOS="863" HPOS="829"/>
							<String ID="string_235" HPOS="849" VPOS="861" WIDTH="27" HEIGHT="21" WC="0.96" CONTENT="då"/><SP WIDTH="15" VPOS="861" HPOS="876"/>
							<String ID="string_236" HPOS="891" VPOS="861" WIDTH="53" HEIGHT="20" WC="0.95" CONTENT="hans"/><SP WIDTH="15" VPOS="861" HPOS="944"/>
							<String ID="string_237" HPOS="959" VPOS="860" WIDTH="45" HEIGHT="21" WC="0.93" CONTENT="lif"/><SP WIDTH="-7" VPOS="860" HPOS="1004"/>
							<String ID="string_238" HPOS="997" VPOS="856" WIDTH="12" HEIGHT="36" WC="0.96" CONTENT="i"/><SP WIDTH="11" VPOS="856" HPOS="1009"/>
							<String ID="string_239" HPOS="1020" VPOS="861" WIDTH="65" HEIGHT="21" WC="0.96" CONTENT="förtid"/>
						</TextLine>
						<TextLine ID="line_27" HPOS="262" VPOS="888" WIDTH="822" HEIGHT="28">
							<String ID="string_240" HPOS="262" VPOS="890" WIDTH="100" HEIGHT="26" WC="0.94" CONTENT="släcktes,"/><SP WIDTH="24" VPOS="890" HPOS="362"/>
							<String ID="string_241" HPOS="386" VPOS="889" WIDTH="41" HEIGHT="21" WC="0.96" CONTENT="han"/><SP WIDTH="24" VPOS="889" HPOS="427"/>
							<String ID="string_242" HPOS="451" VPOS="890" WIDTH="57" HEIGHT="19" WC="0.95" CONTENT="ännu"/><SP WIDTH="16" VPOS="890" HPOS="508"/>
							<String ID="string_243" HPOS="524" VPOS="889" WIDTH="20" HEIGHT="27" WC="0.96" CONTENT="ej"/><SP WIDTH="16" VPOS="889" HPOS="544"/>
							<String ID="string_244" HPOS="560" VPOS="889" WIDTH="55" HEIGHT="21" WC="0.96" CONTENT="hade"/><SP WIDTH="23" VPOS="889" HPOS="615"/>
							<String ID="string_245" HPOS="638" VPOS="888" WIDTH="76" HEIGHT="21" WC="0.96" CONTENT="hunnit"/><SP WIDTH="23" VPOS="888" HPOS="714"/>
							<String ID="string_246" HPOS="737" VPOS="895" WIDTH="55" HEIGHT="21" WC="0.96" CONTENT="egna"/><SP WIDTH="25" VPOS="895" HPOS="792"/>
							<String ID="string_247" HPOS="817" VPOS="889" WIDTH="64" HEIGHT="21" WC="0.96" CONTENT="dessa"/><SP WIDTH="18" VPOS="889" HPOS="881"/>
							<String ID="string_248" HPOS="899" VPOS="890" WIDTH="47" HEIGHT="20" WC="0.96" CONTENT="sina"/><SP WIDTH="17" VPOS="890" HPOS="946"/>
							<String ID="string_249" HPOS="963" VPOS="889" WIDTH="61" HEIGHT="21" WC="0.95" CONTENT="idéer"/><SP WIDTH="18" VPOS="889" HPOS="1024"/>
							<String ID="string_250" HPOS="1042" VPOS="890" WIDTH="42" HEIGHT="20" WC="0.96" CONTENT="den"/>
						</TextLine>
						<TextLine ID="line_28" HPOS="262" VPOS="917" WIDTH="823" HEIGHT="29">
							<String ID="string_251" HPOS="262" VPOS="918" WIDTH="151" HEIGHT="28" WC="0.96" CONTENT="omsorgsfulla"/><SP WIDTH="17" VPOS="918" HPOS="413"/>
							<String ID="string_252" HPOS="430" VPOS="917" WIDTH="140" HEIGHT="28" WC="0.94" CONTENT="granskning,"/><SP WIDTH="16" VPOS="917" HPOS="570"/>
							<String ID="string_253" HPOS="586" VPOS="920" WIDTH="32" HEIGHT="18" WC="0.96" CONTENT="att"/><SP WIDTH="16" VPOS="920" HPOS="618"/>
							<String ID="string_254" HPOS="634" VPOS="917" WIDTH="27" HEIGHT="21" WC="0.96" CONTENT="de"/><SP WIDTH="20" VPOS="917" HPOS="661"/>
							<String ID="string_255" HPOS="681" VPOS="918" WIDTH="70" HEIGHT="20" WC="0.91" CONTENT="såsom"/><SP WIDTH="19" VPOS="918" HPOS="751"/>
							<String ID="string_256" HPOS="770" VPOS="917" WIDTH="116" HEIGHT="29" WC="0.90" CONTENT="fullhaltigt"/><SP WIDTH="24" VPOS="917" HPOS="886"/>
							<String ID="string_257" HPOS="910" VPOS="918" WIDTH="40" HEIGHT="20" WC="0.93" CONTENT="och"/><SP WIDTH="24" VPOS="918" HPOS="950"/>
							<String ID="string_258" HPOS="974" VPOS="917" WIDTH="111" HEIGHT="29" WC="0.88" CONTENT="fullgiltigt"/>
						</TextLine>
						<TextLine ID="line_29" HPOS="261" VPOS="945" WIDTH="824" HEIGHT="30">
							<String ID="string_259" HPOS="261" VPOS="949" WIDTH="62" HEIGHT="26" WC="0.96" CONTENT="mynt"/><SP WIDTH="24" VPOS="949" HPOS="323"/>
							<String ID="string_260" HPOS="347" VPOS="946" WIDTH="69" HEIGHT="21" WC="0.95" CONTENT="skulle"/><SP WIDTH="25" VPOS="946" HPOS="416"/>
							<String ID="string_261" HPOS="441" VPOS="946" WIDTH="74" HEIGHT="20" WC="0.96" CONTENT="kunna"/><SP WIDTH="15" VPOS="946" HPOS="515"/>
							<String ID="string_262" HPOS="530" VPOS="946" WIDTH="24" HEIGHT="19" WC="0.95" CONTENT="af"/><SP WIDTH="13" VPOS="946" HPOS="554"/>
							<String ID="string_263" HPOS="567" VPOS="946" WIDTH="149" HEIGHT="27" WC="0.96" CONTENT="vetenskapen"/><SP WIDTH="23" VPOS="946" HPOS="716"/>
							<String ID="string_264" HPOS="739" VPOS="947" WIDTH="113" HEIGHT="26" WC="0.95" CONTENT="upptagas."/><SP WIDTH="31" VPOS="947" HPOS="852"/>
							<String ID="string_265" HPOS="883" VPOS="946" WIDTH="39" HEIGHT="20" WC="0.93" CONTENT="Ett"/><SP WIDTH="15" VPOS="946" HPOS="922"/>
							<String ID="string_266" HPOS="937" VPOS="945" WIDTH="75" HEIGHT="22" WC="0.96" CONTENT="arbete"/><SP WIDTH="16" VPOS="945" HPOS="1012"/>
							<String ID="string_267" HPOS="1028" VPOS="946" WIDTH="57" HEIGHT="21" WC="0.96" CONTENT="hann"/>
						</TextLine>
						<TextLine ID="line_30" HPOS="261" VPOS="973" WIDTH="823" HEIGHT="27">
							<String ID="string_268" HPOS="261" VPOS="975" WIDTH="127" HEIGHT="22" WC="0.96" CONTENT="Nervander"/><SP WIDTH="13" VPOS="975" HPOS="388"/>
							<String ID="string_269" HPOS="401" VPOS="973" WIDTH="56" HEIGHT="22" WC="0.96" CONTENT="dock"/><SP WIDTH="15" VPOS="973" HPOS="457"/>
							<String ID="string_270" HPOS="472" VPOS="973" WIDTH="113" HEIGHT="27" WC="0.96" CONTENT="fullborda,"/><SP WIDTH="17" VPOS="973" HPOS="585"/>
							<String ID="string_271" HPOS="602" VPOS="973" WIDTH="69" HEIGHT="21" WC="0.96" CONTENT="ehuru"/><SP WIDTH="15" VPOS="973" HPOS="671"/>
							<String ID="string_272" HPOS="686" VPOS="973" WIDTH="60" HEIGHT="21" WC="0.96" CONTENT="detta"/><SP WIDTH="16" VPOS="973" HPOS="746"/>
							<String ID="string_273" HPOS="762" VPOS="973" WIDTH="52" HEIGHT="22" WC="0.96" CONTENT="hans"/><SP WIDTH="16" VPOS="973" HPOS="814"/>
							<String ID="string_274" HPOS="830" VPOS="974" WIDTH="34" HEIGHT="21" WC="0.93" CONTENT="lifs"/><SP WIDTH="16" VPOS="974" HPOS="864"/>
							<String ID="string_275" HPOS="880" VPOS="973" WIDTH="113" HEIGHT="22" WC="0.96" CONTENT="vackraste"/><SP WIDTH="15" VPOS="973" HPOS="993"/>
							<String ID="string_276" HPOS="1008" VPOS="974" WIDTH="76" HEIGHT="21" WC="0.96" CONTENT="arbete"/>
						</TextLine>
						<TextLine ID="line_31" HPOS="261" VPOS="1001" WIDTH="824" HEIGHT="30">
							<String ID="string_277" HPOS="261" VPOS="1006" WIDTH="53" HEIGHT="19" WC="0.96" CONTENT="nära"/><SP WIDTH="14" VPOS="1006" HPOS="314"/>
							<String ID="string_278" HPOS="328" VPOS="1003" WIDTH="27" HEIGHT="28" WC="0.96" CONTENT="på"/><SP WIDTH="15" VPOS="1003" HPOS="355"/>
							<String ID="string_279" HPOS="370" VPOS="1002" WIDTH="63" HEIGHT="21" WC="0.96" CONTENT="råkat"/><SP WIDTH="15" VPOS="1002" HPOS="433"/>
							<String ID="string_280" HPOS="448" VPOS="1002" WIDTH="7" HEIGHT="21" WC="0.96" CONTENT="i"/><SP WIDTH="16" VPOS="1002" HPOS="455"/>
							<String ID="string_281" HPOS="471" VPOS="1001" WIDTH="53" HEIGHT="22" WC="0.93" CONTENT="hans"/><SP WIDTH="16" VPOS="1001" HPOS="524"/>
							<String ID="string_282" HPOS="540" VPOS="1002" WIDTH="123" HEIGHT="21" WC="0.91" CONTENT="landsmäns"/><SP WIDTH="16" VPOS="1002" HPOS="663"/>
							<String ID="string_283" HPOS="679" VPOS="1002" WIDTH="104" HEIGHT="27" WC="0.96" CONTENT="glömska."/><SP WIDTH="15" VPOS="1002" HPOS="783"/>
							<String ID="string_284" HPOS="798" VPOS="1002" WIDTH="68" HEIGHT="21" WC="0.96" CONTENT="Detta"/><SP WIDTH="12" VPOS="1002" HPOS="866"/>
							<String ID="string_285" HPOS="878" VPOS="1002" WIDTH="74" HEIGHT="21" WC="0.96" CONTENT="arbete"/><SP WIDTH="11" VPOS="1002" HPOS="952"/>
							<String ID="string_286" HPOS="963" VPOS="1003" WIDTH="24" HEIGHT="20" WC="0.93" CONTENT="är"/><SP WIDTH="11" VPOS="1003" HPOS="987"/>
							<String ID="string_287" HPOS="998" VPOS="1009" WIDTH="87" HEIGHT="21" WC="0.93" CONTENT="magne-"/>
						</TextLine>
						<TextLine ID="line_32" HPOS="263" VPOS="1030" WIDTH="821" HEIGHT="28">
							<String ID="string_288" HPOS="263" VPOS="1032" WIDTH="57" HEIGHT="21" WC="0.96" CONTENT="tiska"/><SP WIDTH="22" VPOS="1032" HPOS="320"/>
							<String ID="string_289" HPOS="342" VPOS="1031" WIDTH="41" HEIGHT="21" WC="0.96" CONTENT="och"/><SP WIDTH="20" VPOS="1031" HPOS="383"/>
							<String ID="string_290" HPOS="403" VPOS="1030" WIDTH="181" HEIGHT="28" WC="0.96" CONTENT="meteorologiska"/><SP WIDTH="22" VPOS="1030" HPOS="584"/>
							<String ID="string_291" HPOS="606" VPOS="1031" WIDTH="158" HEIGHT="20" WC="0.96" CONTENT="observatoriet"/><SP WIDTH="15" VPOS="1031" HPOS="764"/>
							<String ID="string_292" HPOS="779" VPOS="1031" WIDTH="6" HEIGHT="20" WC="0.97" CONTENT="i"/><SP WIDTH="16" VPOS="1031" HPOS="785"/>
							<String ID="string_293" HPOS="801" VPOS="1030" WIDTH="143" HEIGHT="28" WC="0.96" CONTENT="Helsingfors."/><SP WIDTH="30" VPOS="1030" HPOS="944"/>
							<String ID="string_294" HPOS="974" VPOS="1031" WIDTH="62" HEIGHT="21" WC="0.79" CONTENT="Efter"/><SP WIDTH="16" VPOS="1031" HPOS="1036"/>
							<String ID="string_295" HPOS="1052" VPOS="1033" WIDTH="32" HEIGHT="19" WC="0.96" CONTENT="att"/>
						</TextLine>
						<TextLine ID="line_33" HPOS="262" VPOS="1059" WIDTH="823" HEIGHT="28">
							<String ID="string_296" HPOS="262" VPOS="1060" WIDTH="68" HEIGHT="21" WC="0.96" CONTENT="under"/><SP WIDTH="21" VPOS="1060" HPOS="330"/>
							<String ID="string_297" HPOS="351" VPOS="1060" WIDTH="53" HEIGHT="20" WC="0.96" CONTENT="flere"/><SP WIDTH="15" VPOS="1060" HPOS="404"/>
							<String ID="string_298" HPOS="419" VPOS="1059" WIDTH="35" HEIGHT="20" WC="0.96" CONTENT="års"/><SP WIDTH="15" VPOS="1059" HPOS="454"/>
							<String ID="string_299" HPOS="469" VPOS="1059" WIDTH="117" HEIGHT="21" WC="0.96" CONTENT="utländska"/><SP WIDTH="19" VPOS="1059" HPOS="586"/>
							<String ID="string_300" HPOS="605" VPOS="1065" WIDTH="60" HEIGHT="14" WC="0.93" CONTENT="resor"/><SP WIDTH="19" VPOS="1065" HPOS="665"/>
							<String ID="string_301" HPOS="684" VPOS="1059" WIDTH="64" HEIGHT="20" WC="0.92" CONTENT="bafva"/><SP WIDTH="15" VPOS="1059" HPOS="748"/>
							<String ID="string_302" HPOS="763" VPOS="1060" WIDTH="43" HEIGHT="19" WC="0.96" CONTENT="satt"/><SP WIDTH="15" VPOS="1060" HPOS="806"/>
							<String ID="string_303" HPOS="821" VPOS="1059" WIDTH="33" HEIGHT="28" WC="0.96" CONTENT="sig"/><SP WIDTH="14" VPOS="1059" HPOS="854"/>
							<String ID="string_304" HPOS="868" VPOS="1060" WIDTH="7" HEIGHT="20" WC="0.96" CONTENT="i"/><SP WIDTH="16" VPOS="1060" HPOS="875"/>
							<String ID="string_305" HPOS="891" VPOS="1059" WIDTH="129" HEIGHT="21" WC="0.96" CONTENT="förbindelse"/><SP WIDTH="15" VPOS="1059" HPOS="1020"/>
							<String ID="string_306" HPOS="1035" VPOS="1060" WIDTH="50" HEIGHT="21" WC="0.96" CONTENT="med"/>
						</TextLine>
						<TextLine ID="line_34" HPOS="263" VPOS="1087" WIDTH="821" HEIGHT="28">
							<String ID="string_307" HPOS="263" VPOS="1089" WIDTH="108" HEIGHT="21" WC="0.96" CONTENT="utmärkte"/><SP WIDTH="16" VPOS="1089" HPOS="371"/>
							<String ID="string_308" HPOS="387" VPOS="1087" WIDTH="188" HEIGHT="28" WC="0.96" CONTENT="vetenskapsmän,"/><SP WIDTH="17" VPOS="1087" HPOS="575"/>
							<String ID="string_309" HPOS="592" VPOS="1087" WIDTH="73" HEIGHT="21" WC="0.96" CONTENT="hvilka"/><SP WIDTH="15" VPOS="1087" HPOS="665"/>
							<String ID="string_310" HPOS="680" VPOS="1088" WIDTH="27" HEIGHT="27" WC="0.97" CONTENT="på"/><SP WIDTH="18" VPOS="1088" HPOS="707"/>
							<String ID="string_311" HPOS="725" VPOS="1087" WIDTH="117" HEIGHT="21" WC="0.90" CONTENT="1830-talet"/><SP WIDTH="15" VPOS="1087" HPOS="842"/>
							<String ID="string_312" HPOS="857" VPOS="1087" WIDTH="110" HEIGHT="28" WC="0.91" CONTENT="uppfunno"/><SP WIDTH="15" VPOS="1087" HPOS="967"/>
							<String ID="string_313" HPOS="982" VPOS="1095" WIDTH="43" HEIGHT="20" WC="0.92" CONTENT="nya"/><SP WIDTH="15" VPOS="1095" HPOS="1025"/>
							<String ID="string_314" HPOS="1040" VPOS="1095" WIDTH="44" HEIGHT="14" WC="0.92" CONTENT="me-"/>
						</TextLine>
						<TextLine ID="line_35" HPOS="262" VPOS="1115" WIDTH="823" HEIGHT="30">
							<String ID="string_315" HPOS="262" VPOS="1117" WIDTH="63" HEIGHT="21" WC="0.91" CONTENT="toder"/><SP WIDTH="14" VPOS="1117" HPOS="325"/>
							<String ID="string_316" HPOS="339" VPOS="1119" WIDTH="34" HEIGHT="18" WC="0.96" CONTENT="att"/><SP WIDTH="15" VPOS="1119" HPOS="373"/>
							<String ID="string_317" HPOS="388" VPOS="1117" WIDTH="100" HEIGHT="26" WC="0.96" CONTENT="uppväga"/><SP WIDTH="17" VPOS="1117" HPOS="488"/>
							<String ID="string_318" HPOS="505" VPOS="1116" WIDTH="39" HEIGHT="21" WC="0.96" CONTENT="och"/><SP WIDTH="17" VPOS="1116" HPOS="544"/>
							<String ID="string_319" HPOS="561" VPOS="1116" WIDTH="117" HEIGHT="21" WC="0.93" CONTENT="observera"/><SP WIDTH="16" VPOS="1116" HPOS="678"/>
							<String ID="string_320" HPOS="694" VPOS="1115" WIDTH="215" HEIGHT="28" WC="0.91" CONTENT="jordmagnetismen,"/><SP WIDTH="19" VPOS="1115" HPOS="909"/>
							<String ID="string_321" HPOS="928" VPOS="1116" WIDTH="112" HEIGHT="27" WC="0.96" CONTENT="skyndade"/><SP WIDTH="11" VPOS="1116" HPOS="1040"/>
							<String ID="string_322" HPOS="1051" VPOS="1117" WIDTH="34" HEIGHT="28" WC="0.96" CONTENT="sig"/>
						</TextLine>
						<TextLine ID="line_36" HPOS="260" VPOS="1144" WIDTH="824" HEIGHT="28">
							<String ID="string_323" HPOS="260" VPOS="1145" WIDTH="128" HEIGHT="22" WC="0.92" CONTENT="Nervander"/><SP WIDTH="23" VPOS="1145" HPOS="388"/>
							<String ID="string_324" HPOS="411" VPOS="1145" WIDTH="55" HEIGHT="20" WC="0.96" CONTENT="efter"/><SP WIDTH="24" VPOS="1145" HPOS="466"/>
							<String ID="string_325" HPOS="490" VPOS="1144" WIDTH="32" HEIGHT="21" WC="0.96" CONTENT="sin"/><SP WIDTH="24" VPOS="1144" HPOS="522"/>
							<String ID="string_326" HPOS="546" VPOS="1144" WIDTH="124" HEIGHT="21" WC="0.95" CONTENT="hemkomst"/><SP WIDTH="20" VPOS="1144" HPOS="670"/>
							<String ID="string_327" HPOS="690" VPOS="1146" WIDTH="32" HEIGHT="19" WC="0.96" CONTENT="att"/><SP WIDTH="15" VPOS="1146" HPOS="722"/>
							<String ID="string_328" HPOS="737" VPOS="1145" WIDTH="48" HEIGHT="20" WC="0.95" CONTENT="med"/><SP WIDTH="16" VPOS="1145" HPOS="785"/>
							<String ID="string_329" HPOS="801" VPOS="1145" WIDTH="48" HEIGHT="20" WC="0.95" CONTENT="hela"/><SP WIDTH="15" VPOS="1145" HPOS="849"/>
							<String ID="string_330" HPOS="864" VPOS="1145" WIDTH="33" HEIGHT="20" WC="0.96" CONTENT="sin"/><SP WIDTH="16" VPOS="1145" HPOS="897"/>
							<String ID="string_331" HPOS="913" VPOS="1145" WIDTH="73" HEIGHT="27" WC="0.96" CONTENT="energi"/><SP WIDTH="22" VPOS="1145" HPOS="986"/>
							<String ID="string_332" HPOS="1008" VPOS="1145" WIDTH="76" HEIGHT="21" WC="0.96" CONTENT="arbeta"/>
						</TextLine>
						<TextLine ID="line_37" HPOS="261" VPOS="1172" WIDTH="823" HEIGHT="31">
							<String ID="string_333" HPOS="261" VPOS="1175" WIDTH="27" HEIGHT="28" WC="0.96" CONTENT="på"/><SP WIDTH="15" VPOS="1175" HPOS="288"/>
							<String ID="string_334" HPOS="303" VPOS="1173" WIDTH="132" HEIGHT="22" WC="0.96" CONTENT="inrättandet"/><SP WIDTH="16" VPOS="1173" HPOS="435"/>
							<String ID="string_335" HPOS="451" VPOS="1173" WIDTH="24" HEIGHT="20" WC="0.95" CONTENT="af"/><SP WIDTH="14" VPOS="1173" HPOS="475"/>
							<String ID="string_336" HPOS="489" VPOS="1175" WIDTH="31" HEIGHT="18" WC="0.96" CONTENT="ett"/><SP WIDTH="11" VPOS="1175" HPOS="520"/>
							<String ID="string_337" HPOS="531" VPOS="1173" WIDTH="134" HEIGHT="27" WC="0.96" CONTENT="magnetiskt"/><SP WIDTH="12" VPOS="1173" HPOS="665"/>
							<String ID="string_338" HPOS="677" VPOS="1172" WIDTH="169" HEIGHT="21" WC="0.96" CONTENT="observatorium"/><SP WIDTH="12" VPOS="1172" HPOS="846"/>
							<String ID="string_339" HPOS="858" VPOS="1173" WIDTH="6" HEIGHT="20" WC="0.96" CONTENT="i"/><SP WIDTH="12" VPOS="1173" HPOS="864"/>
							<String ID="string_340" HPOS="876" VPOS="1173" WIDTH="142" HEIGHT="27" WC="0.93" CONTENT="Helsingfors,"/><SP WIDTH="12" VPOS="1173" HPOS="1018"/>
							<String ID="string_341" HPOS="1030" VPOS="1173" WIDTH="54" HEIGHT="21" WC="0.91" CONTENT="hvil-"/>
						</TextLine>
						<TextLine ID="line_38" HPOS="261" VPOS="1201" WIDTH="823" HEIGHT="28">
							<String ID="string_342" HPOS="261" VPOS="1204" WIDTH="38" HEIGHT="21" WC="0.96" CONTENT="ket"/><SP WIDTH="15" VPOS="1204" HPOS="299"/>
							<String ID="string_343" HPOS="314" VPOS="1203" WIDTH="6" HEIGHT="20" WC="0.96" CONTENT="i"/><SP WIDTH="15" VPOS="1203" HPOS="320"/>
							<String ID="string_344" HPOS="335" VPOS="1203" WIDTH="56" HEIGHT="20" WC="0.96" CONTENT="intet"/><SP WIDTH="15" VPOS="1203" HPOS="391"/>
							<String ID="string_345" HPOS="406" VPOS="1201" WIDTH="124" HEIGHT="21" WC="0.96" CONTENT="hänseende"/><SP WIDTH="20" VPOS="1201" HPOS="530"/>
							<String ID="string_346" HPOS="550" VPOS="1201" WIDTH="70" HEIGHT="21" WC="0.95" CONTENT="skulle"/><SP WIDTH="15" VPOS="1201" HPOS="620"/>
							<String ID="string_347" HPOS="635" VPOS="1201" WIDTH="22" HEIGHT="20" WC="0.96" CONTENT="få"/><SP WIDTH="15" VPOS="1201" HPOS="657"/>
							<String ID="string_348" HPOS="672" VPOS="1201" WIDTH="59" HEIGHT="28" WC="0.96" CONTENT="gifva"/><SP WIDTH="15" VPOS="1201" HPOS="731"/>
							<String ID="string_349" HPOS="746" VPOS="1201" WIDTH="55" HEIGHT="20" WC="0.96" CONTENT="efter"/><SP WIDTH="15" VPOS="1201" HPOS="801"/>
							<String ID="string_350" HPOS="816" VPOS="1201" WIDTH="74" HEIGHT="28" WC="0.96" CONTENT="dylika"/><SP WIDTH="15" VPOS="1201" HPOS="890"/>
							<String ID="string_351" HPOS="905" VPOS="1202" WIDTH="105" HEIGHT="21" WC="0.96" CONTENT="anstalter"/><SP WIDTH="14" VPOS="1202" HPOS="1010"/>
							<String ID="string_352" HPOS="1024" VPOS="1202" WIDTH="7" HEIGHT="20" WC="0.93" CONTENT="i"/><SP WIDTH="15" VPOS="1202" HPOS="1031"/>
							<String ID="string_353" HPOS="1046" VPOS="1209" WIDTH="38" HEIGHT="14" WC="0.93" CONTENT="an-"/>
						</TextLine>
						<TextLine ID="line_39" HPOS="261" VPOS="1229" WIDTH="823" HEIGHT="28">
							<String ID="string_354" HPOS="261" VPOS="1232" WIDTH="39" HEIGHT="21" WC="0.96" CONTENT="dra"/><SP WIDTH="15" VPOS="1232" HPOS="300"/>
							<String ID="string_355" HPOS="315" VPOS="1231" WIDTH="80" HEIGHT="21" WC="0.95" CONTENT="länder."/><SP WIDTH="31" VPOS="1231" HPOS="395"/>
							<String ID="string_356" HPOS="426" VPOS="1229" WIDTH="11" HEIGHT="21" WC="0.96" CONTENT="I"/><SP WIDTH="16" VPOS="1229" HPOS="437"/>
							<String ID="string_357" HPOS="453" VPOS="1231" WIDTH="32" HEIGHT="19" WC="0.96" CONTENT="sin"/><SP WIDTH="16" VPOS="1231" HPOS="485"/>
							<String ID="string_358" HPOS="501" VPOS="1231" WIDTH="112" HEIGHT="26" WC="0.96" CONTENT="egenskap"/><SP WIDTH="16" VPOS="1231" HPOS="613"/>
							<String ID="string_359" HPOS="629" VPOS="1230" WIDTH="24" HEIGHT="21" WC="0.96" CONTENT="af"/><SP WIDTH="12" VPOS="1230" HPOS="653"/>
							<String ID="string_360" HPOS="665" VPOS="1229" WIDTH="94" HEIGHT="22" WC="0.96" CONTENT="ledamot"/><SP WIDTH="16" VPOS="1229" HPOS="759"/>
							<String ID="string_361" HPOS="775" VPOS="1230" WIDTH="6" HEIGHT="20" WC="0.96" CONTENT="i"/><SP WIDTH="15" VPOS="1230" HPOS="781"/>
							<String ID="string_362" HPOS="796" VPOS="1229" WIDTH="70" HEIGHT="22" WC="0.93" CONTENT="finska"/><SP WIDTH="18" VPOS="1229" HPOS="866"/>
							<String ID="string_363" HPOS="884" VPOS="1231" WIDTH="200" HEIGHT="26" WC="0.91" CONTENT="vetenskapssocie-"/>
						</TextLine>
						<TextLine ID="line_40" HPOS="261" VPOS="1258" WIDTH="823" HEIGHT="28">
							<String ID="string_364" HPOS="261" VPOS="1263" WIDTH="59" HEIGHT="18" WC="0.96" CONTENT="teten"/><SP WIDTH="15" VPOS="1263" HPOS="320"/>
							<String ID="string_365" HPOS="335" VPOS="1259" WIDTH="49" HEIGHT="20" WC="0.93" CONTENT="stod"/><SP WIDTH="15" VPOS="1259" HPOS="384"/>
							<String ID="string_366" HPOS="399" VPOS="1258" WIDTH="128" HEIGHT="21" WC="0.92" CONTENT="Nervander"/><SP WIDTH="15" VPOS="1258" HPOS="527"/>
							<String ID="string_367" HPOS="542" VPOS="1258" WIDTH="105" HEIGHT="27" WC="0.91" CONTENT="derjemte"/><SP WIDTH="16" VPOS="1258" HPOS="647"/>
							<String ID="string_368" HPOS="663" VPOS="1258" WIDTH="7" HEIGHT="21" WC="0.97" CONTENT="i"/><SP WIDTH="15" VPOS="1258" HPOS="670"/>
							<String ID="string_369" HPOS="685" VPOS="1261" WIDTH="87" HEIGHT="24" WC="0.96" CONTENT="spetsen"/><SP WIDTH="16" VPOS="1261" HPOS="772"/>
							<String ID="string_370" HPOS="788" VPOS="1258" WIDTH="33" HEIGHT="21" WC="0.96" CONTENT="för"/><SP WIDTH="16" VPOS="1258" HPOS="821"/>
							<String ID="string_371" HPOS="837" VPOS="1259" WIDTH="41" HEIGHT="20" WC="0.92" CONTENT="den"/><SP WIDTH="16" VPOS="1259" HPOS="878"/>
							<String ID="string_372" HPOS="894" VPOS="1259" WIDTH="66" HEIGHT="27" WC="0.91" CONTENT="lifliga"/><SP WIDTH="15" VPOS="1259" HPOS="960"/>
							<String ID="string_373" HPOS="975" VPOS="1259" WIDTH="109" HEIGHT="20" WC="0.91" CONTENT="verksam-"/>
						</TextLine>
						<TextLine ID="line_41" HPOS="261" VPOS="1287" WIDTH="823" HEIGHT="27">
							<String ID="string_374" HPOS="261" VPOS="1289" WIDTH="37" HEIGHT="20" WC="0.96" CONTENT="het"/><SP WIDTH="15" VPOS="1289" HPOS="298"/>
							<String ID="string_375" HPOS="313" VPOS="1288" WIDTH="32" HEIGHT="21" WC="0.93" CONTENT="till"/><SP WIDTH="15" VPOS="1288" HPOS="345"/>
							<String ID="string_376" HPOS="360" VPOS="1287" WIDTH="133" HEIGHT="21" WC="0.91" CONTENT="insamlande"/><SP WIDTH="16" VPOS="1287" HPOS="493"/>
							<String ID="string_377" HPOS="509" VPOS="1287" WIDTH="23" HEIGHT="20" WC="0.96" CONTENT="af"/><SP WIDTH="14" VPOS="1287" HPOS="532"/>
							<String ID="string_378" HPOS="546" VPOS="1287" WIDTH="182" HEIGHT="27" WC="0.96" CONTENT="meteorologiska"/><SP WIDTH="20" VPOS="1287" HPOS="728"/>
							<String ID="string_379" HPOS="748" VPOS="1287" WIDTH="162" HEIGHT="20" WC="0.96" CONTENT="observationer"/><SP WIDTH="18" VPOS="1287" HPOS="910"/>
							<String ID="string_380" HPOS="928" VPOS="1287" WIDTH="48" HEIGHT="21" WC="0.95" CONTENT="från"/><SP WIDTH="15" VPOS="1287" HPOS="976"/>
							<String ID="string_381" HPOS="991" VPOS="1287" WIDTH="42" HEIGHT="20" WC="0.93" CONTENT="alla"/><SP WIDTH="15" VPOS="1287" HPOS="1033"/>
							<String ID="string_382" HPOS="1048" VPOS="1287" WIDTH="36" HEIGHT="21" WC="0.92" CONTENT="de-"/>
						</TextLine>
						<TextLine ID="line_42" HPOS="260" VPOS="1315" WIDTH="822" HEIGHT="28">
							<String ID="string_383" HPOS="260" VPOS="1317" WIDTH="32" HEIGHT="20" WC="0.96" CONTENT="lar"/><SP WIDTH="15" VPOS="1317" HPOS="292"/>
							<String ID="string_384" HPOS="307" VPOS="1317" WIDTH="22" HEIGHT="20" WC="0.95" CONTENT="af"/><SP WIDTH="14" VPOS="1317" HPOS="329"/>
							<String ID="string_385" HPOS="343" VPOS="1315" WIDTH="147" HEIGHT="25" WC="0.96" CONTENT="fosterlandet,"/><SP WIDTH="16" VPOS="1315" HPOS="490"/>
							<String ID="string_386" HPOS="506" VPOS="1315" WIDTH="73" HEIGHT="21" WC="0.93" CONTENT="hvilka"/><SP WIDTH="21" VPOS="1315" HPOS="579"/>
							<String ID="string_387" HPOS="600" VPOS="1315" WIDTH="227" HEIGHT="28" WC="0.92" CONTENT="vetenskapssocieten"/><SP WIDTH="17" VPOS="1315" HPOS="827"/>
							<String ID="string_388" HPOS="844" VPOS="1316" WIDTH="23" HEIGHT="20" WC="0.96" CONTENT="år"/><SP WIDTH="17" VPOS="1316" HPOS="867"/>
							<String ID="string_389" HPOS="884" VPOS="1316" WIDTH="53" HEIGHT="20" WC="0.93" CONTENT="1846"/><SP WIDTH="16" VPOS="1316" HPOS="937"/>
							<String ID="string_390" HPOS="953" VPOS="1315" WIDTH="129" HEIGHT="28" WC="0.91" CONTENT="påbegynte."/>
						</TextLine>
						<TextLine ID="line_43" HPOS="261" VPOS="1343" WIDTH="823" HEIGHT="28">
							<String ID="string_391" HPOS="261" VPOS="1345" WIDTH="74" HEIGHT="21" WC="0.93" CONTENT="Under"/><SP WIDTH="15" VPOS="1345" HPOS="335"/>
							<String ID="string_392" HPOS="350" VPOS="1343" WIDTH="139" HEIGHT="22" WC="0.91" CONTENT="Nervanders"/><SP WIDTH="23" VPOS="1343" HPOS="489"/>
							<String ID="string_393" HPOS="512" VPOS="1343" WIDTH="88" HEIGHT="28" WC="0.96" CONTENT="ledning"/><SP WIDTH="15" VPOS="1343" HPOS="600"/>
							<String ID="string_394" HPOS="615" VPOS="1351" WIDTH="39" HEIGHT="14" WC="0.96" CONTENT="var"/><SP WIDTH="15" VPOS="1351" HPOS="654"/>
							<String ID="string_395" HPOS="669" VPOS="1344" WIDTH="84" HEIGHT="20" WC="0.96" CONTENT="således"/><SP WIDTH="19" VPOS="1344" HPOS="753"/>
							<String ID="string_396" HPOS="772" VPOS="1344" WIDTH="136" HEIGHT="27" WC="0.96" CONTENT="magnetiska"/><SP WIDTH="15" VPOS="1344" HPOS="908"/>
							<String ID="string_397" HPOS="923" VPOS="1344" WIDTH="39" HEIGHT="21" WC="0.93" CONTENT="och"/><SP WIDTH="16" VPOS="1344" HPOS="962"/>
							<String ID="string_398" HPOS="978" VPOS="1347" WIDTH="106" HEIGHT="18" WC="0.91" CONTENT="meteoro-"/>
						</TextLine>
						<TextLine ID="line_44" HPOS="260" VPOS="1372" WIDTH="824" HEIGHT="29">
							<String ID="string_399" HPOS="260" VPOS="1373" WIDTH="83" HEIGHT="28" WC="0.96" CONTENT="logiska"/><SP WIDTH="23" VPOS="1373" HPOS="343"/>
							<String ID="string_400" HPOS="366" VPOS="1372" WIDTH="158" HEIGHT="21" WC="0.95" CONTENT="observatoriet"/><SP WIDTH="14" VPOS="1372" HPOS="524"/>
							<String ID="string_401" HPOS="538" VPOS="1373" WIDTH="7" HEIGHT="20" WC="0.96" CONTENT="i"/><SP WIDTH="16" VPOS="1373" HPOS="545"/>
							<String ID="string_402" HPOS="561" VPOS="1372" WIDTH="138" HEIGHT="27" WC="0.96" CONTENT="Helsingfors"/><SP WIDTH="19" VPOS="1372" HPOS="699"/>
							<String ID="string_403" HPOS="718" VPOS="1379" WIDTH="26" HEIGHT="14" WC="0.96" CONTENT="en"/><SP WIDTH="18" VPOS="1379" HPOS="744"/>
							<String ID="string_404" HPOS="762" VPOS="1373" WIDTH="81" HEIGHT="20" WC="0.96" CONTENT="central"/><SP WIDTH="23" VPOS="1373" HPOS="843"/>
							<String ID="string_405" HPOS="866" VPOS="1373" WIDTH="80" HEIGHT="20" WC="0.96" CONTENT="anstalt"/><SP WIDTH="17" VPOS="1373" HPOS="946"/>
							<String ID="string_406" HPOS="963" VPOS="1372" WIDTH="33" HEIGHT="21" WC="0.93" CONTENT="för"/><SP WIDTH="18" VPOS="1372" HPOS="996"/>
							<String ID="string_407" HPOS="1014" VPOS="1373" WIDTH="70" HEIGHT="20" WC="0.91" CONTENT="forsk-"/>
						</TextLine>
						<TextLine ID="line_45" HPOS="261" VPOS="1401" WIDTH="823" HEIGHT="28">
							<String ID="string_408" HPOS="261" VPOS="1402" WIDTH="76" HEIGHT="27" WC="0.96" CONTENT="ningar"/><SP WIDTH="15" VPOS="1402" HPOS="337"/>
							<String ID="string_409" HPOS="352" VPOS="1401" WIDTH="7" HEIGHT="20" WC="0.96" CONTENT="i"/><SP WIDTH="15" VPOS="1401" HPOS="359"/>
							<String ID="string_410" HPOS="374" VPOS="1401" WIDTH="141" HEIGHT="26" WC="0.96" CONTENT="meteorologi"/><SP WIDTH="23" VPOS="1401" HPOS="515"/>
							<String ID="string_411" HPOS="538" VPOS="1401" WIDTH="40" HEIGHT="20" WC="0.93" CONTENT="och"/><SP WIDTH="21" VPOS="1401" HPOS="578"/>
							<String ID="string_412" HPOS="599" VPOS="1401" WIDTH="185" HEIGHT="27" WC="0.92" CONTENT="jordmagnetism,"/><SP WIDTH="16" VPOS="1401" HPOS="784"/>
							<String ID="string_413" HPOS="800" VPOS="1401" WIDTH="6" HEIGHT="20" WC="0.96" CONTENT="i"/><SP WIDTH="16" VPOS="1401" HPOS="806"/>
							<String ID="string_414" HPOS="822" VPOS="1401" WIDTH="42" HEIGHT="20" WC="0.96" CONTENT="alla"/><SP WIDTH="15" VPOS="1401" HPOS="864"/>
							<String ID="string_415" HPOS="879" VPOS="1401" WIDTH="137" HEIGHT="21" WC="0.93" CONTENT="hänseenden"/><SP WIDTH="13" VPOS="1401" HPOS="1016"/>
							<String ID="string_416" HPOS="1029" VPOS="1401" WIDTH="55" HEIGHT="27" WC="0.91" CONTENT="jem-"/>
						</TextLine>
						<TextLine ID="line_46" HPOS="261" VPOS="1429" WIDTH="824" HEIGHT="27">
							<String ID="string_417" HPOS="261" VPOS="1431" WIDTH="72" HEIGHT="22" WC="0.92" CONTENT="förbar"/><SP WIDTH="20" VPOS="1431" HPOS="333"/>
							<String ID="string_418" HPOS="353" VPOS="1429" WIDTH="48" HEIGHT="21" WC="0.95" CONTENT="med"/><SP WIDTH="23" VPOS="1429" HPOS="401"/>
							<String ID="string_419" HPOS="424" VPOS="1429" WIDTH="75" HEIGHT="27" WC="0.95" CONTENT="dylika"/><SP WIDTH="15" VPOS="1429" HPOS="499"/>
							<String ID="string_420" HPOS="514" VPOS="1429" WIDTH="105" HEIGHT="21" WC="0.96" CONTENT="anstalter"/><SP WIDTH="15" VPOS="1429" HPOS="619"/>
							<String ID="string_421" HPOS="634" VPOS="1429" WIDTH="7" HEIGHT="20" WC="0.96" CONTENT="i"/><SP WIDTH="15" VPOS="1429" HPOS="641"/>
							<String ID="string_422" HPOS="656" VPOS="1429" WIDTH="104" HEIGHT="25" WC="0.96" CONTENT="utlandet,"/><SP WIDTH="17" VPOS="1429" HPOS="760"/>
							<String ID="string_423" HPOS="777" VPOS="1429" WIDTH="39" HEIGHT="20" WC="0.97" CONTENT="och"/><SP WIDTH="15" VPOS="1429" HPOS="816"/>
							<String ID="string_424" HPOS="831" VPOS="1429" WIDTH="56" HEIGHT="21" WC="0.93" CONTENT="hade"/><SP WIDTH="15" VPOS="1429" HPOS="887"/>
							<String ID="string_425" HPOS="902" VPOS="1429" WIDTH="127" HEIGHT="21" WC="0.91" CONTENT="Nervander"/><SP WIDTH="14" VPOS="1429" HPOS="1029"/>
							<String ID="string_426" HPOS="1043" VPOS="1429" WIDTH="42" HEIGHT="21" WC="0.96" CONTENT="fått"/>
						</TextLine>
						<TextLine ID="line_47" HPOS="260" VPOS="1457" WIDTH="825" HEIGHT="28">
							<String ID="string_427" HPOS="260" VPOS="1459" WIDTH="63" HEIGHT="26" WC="0.95" CONTENT="lefva,"/><SP WIDTH="16" VPOS="1459" HPOS="323"/>
							<String ID="string_428" HPOS="339" VPOS="1457" WIDTH="69" HEIGHT="21" WC="0.95" CONTENT="skulle"/><SP WIDTH="23" VPOS="1457" HPOS="408"/>
							<String ID="string_429" HPOS="431" VPOS="1458" WIDTH="73" HEIGHT="20" WC="0.96" CONTENT="säkert"/><SP WIDTH="16" VPOS="1458" HPOS="504"/>
							<String ID="string_430" HPOS="520" VPOS="1457" WIDTH="39" HEIGHT="21" WC="0.93" CONTENT="vår"/><SP WIDTH="22" VPOS="1457" HPOS="559"/>
							<String ID="string_431" HPOS="581" VPOS="1457" WIDTH="164" HEIGHT="21" WC="0.91" CONTENT="centralanstalt"/><SP WIDTH="14" VPOS="1457" HPOS="745"/>
							<String ID="string_432" HPOS="759" VPOS="1457" WIDTH="7" HEIGHT="20" WC="0.96" CONTENT="i"/><SP WIDTH="15" VPOS="1457" HPOS="766"/>
							<String ID="string_433" HPOS="781" VPOS="1457" WIDTH="67" HEIGHT="21" WC="0.96" CONTENT="likhet"/><SP WIDTH="15" VPOS="1457" HPOS="848"/>
							<String ID="string_434" HPOS="863" VPOS="1457" WIDTH="49" HEIGHT="21" WC="0.96" CONTENT="med"/><SP WIDTH="16" VPOS="1457" HPOS="912"/>
							<String ID="string_435" HPOS="928" VPOS="1457" WIDTH="26" HEIGHT="21" WC="0.97" CONTENT="de"/><SP WIDTH="15" VPOS="1457" HPOS="954"/>
							<String ID="string_436" HPOS="969" VPOS="1457" WIDTH="116" HEIGHT="21" WC="0.96" CONTENT="utländska"/>
						</TextLine>
						<TextLine ID="line_48" HPOS="262" VPOS="1486" WIDTH="823" HEIGHT="28">
							<String ID="string_437" HPOS="262" VPOS="1486" WIDTH="93" HEIGHT="28" WC="0.96" CONTENT="bidragit"/><SP WIDTH="16" VPOS="1486" HPOS="355"/>
							<String ID="string_438" HPOS="371" VPOS="1486" WIDTH="31" HEIGHT="21" WC="0.96" CONTENT="till"/><SP WIDTH="16" VPOS="1486" HPOS="402"/>
							<String ID="string_439" HPOS="418" VPOS="1486" WIDTH="27" HEIGHT="21" WC="0.96" CONTENT="de"/><SP WIDTH="16" VPOS="1486" HPOS="445"/>
							<String ID="string_440" HPOS="461" VPOS="1486" WIDTH="80" HEIGHT="21" WC="0.96" CONTENT="vackra"/><SP WIDTH="15" VPOS="1486" HPOS="541"/>
							<String ID="string_441" HPOS="556" VPOS="1486" WIDTH="106" HEIGHT="27" WC="0.96" CONTENT="framsteg"/><SP WIDTH="16" VPOS="1486" HPOS="662"/>
							<String ID="string_442" HPOS="678" VPOS="1486" WIDTH="40" HEIGHT="21" WC="0.96" CONTENT="och"/><SP WIDTH="15" VPOS="1486" HPOS="718"/>
							<String ID="string_443" HPOS="733" VPOS="1486" WIDTH="137" HEIGHT="27" WC="0.96" CONTENT="upptäckter,"/><SP WIDTH="22" VPOS="1486" HPOS="870"/>
							<String ID="string_444" HPOS="892" VPOS="1492" WIDTH="46" HEIGHT="15" WC="0.93" CONTENT="som"/><SP WIDTH="18" VPOS="1492" HPOS="938"/>
							<String ID="string_445" HPOS="956" VPOS="1486" WIDTH="129" HEIGHT="22" WC="0.88" CONTENT="meteorolo-"/>
						</TextLine>
					</TextBlock>
				</ComposedBlock>
			</PrintSpace>
		</Page>
	</Layout>
</alto>
