1109 1739
225 98 43 21 456

245 160 40 16 ang.
299 155 37 20 pet.
351 159 29 11 om
393 153 77 16 räntans
483 153 57 15 frihet
553 153 18 15 II
584 151 28 18 80.

243 183 40 16 ang.
296 179 37 19 pet.
346 182 29 11 om
389 176 110 16 ständernas
512 175 113 20 deltagande
638 175 6 16 i
657 175 263 21 universitetslagstiftningen
934 175 18 16 II
964 174 27 17 80.

243 206 40 15 ang.
296 201 37 20 pet.
346 205 29 11 om
390 199 124 20 dissenterlag
526 199 19 15 II
557 197 28 18 98.

243 229 40 15 ang.
296 225 38 19 pet.
347 228 29 11 om
389 227 24 11 en
425 221 103 21 profession
540 221 6 16 i
559 221 79 16 svenska
650 221 31 15 vid
694 221 131 16 universitetet
839 221 18 16 II
871 220 39 17 191.

243 251 40 16 ang.
296 247 38 20 pet.
347 251 29 10 om
390 245 108 20 förändring
510 244 6 15 i
529 244 122 21 legostadgan
665 243 28 16 III
705 242 16 17 2.

244 274 40 15 ang.
297 270 38 19 pet.
347 273 29 11 om
390 268 66 20 tillägg
468 267 30 16 till
511 267 132 20 förordningen
655 266 135 21 misshandling
803 267 19 15 af
834 267 77 16 kreatur
924 267 28 16 III
964 266 17 17 2.

244 292 41 16 med
304 291 74 21 uppgift
398 295 28 11 om
443 289 85 17 ståndets
545 290 103 15 ledamöter
664 289 6 16 i
685 289 105 16 förstärkta
807 289 145 16 statsutskottet
964 289 29 16 för
1006 290 24 15 in-

243 315 131 20 qvarteringen
388 313 28 16 III
429 312 27 19 62,
469 311 39 18 163.

243 343 40 15 ang.
297 337 86 16 anmälan
397 341 28 10 om
437 335 124 21 landtdagens
574 335 118 20 förlängning
705 335 28 16 III
747 333 38 18 164.

243 365 40 16 ang.
296 361 38 20 pet.
347 365 29 10 om
389 359 117 16 inrättandet
518 358 19 16 af
550 359 28 15 ett
591 359 42 19 nytt
645 357 273 17 folkskolelärareseminarium
932 358 28 16 III
972 357 40 17 280.

244 388 41 16 ang.
301 384 37 19 pet.
356 387 30 11 om
403 386 22 11 en
442 381 197 20 vetenskapsakademi
654 381 34 15 och
701 385 28 12 om
743 381 64 20 anslag
824 381 30 15 till
863 381 92 16 särskilda
968 382 62 15 veten-

246 406 85 21 skapliga
343 405 86 16 ändamål
443 404 28 16 III
482 403 40 17 280.

244 433 41 16 ang.
298 429 37 20 pet.
349 433 29 11 om
391 427 110 15 ständernas
514 427 113 19 deltagande
639 426 6 16 i
658 426 263 21 universitetslagstiftningen
935 427 18 15 II
964 425 41 17 281.

245 456 41 16 ang.
299 452 38 20 pet.
350 456 29 10 om
393 450 77 20 ändring
483 450 19 15 af
515 449 128 21 stadgandena
655 449 80 15 rörande
748 449 70 21 lagfart
831 450 29 15 III
872 448 40 18 303.

246 479 40 15 ang.
300 474 101 20 styrelsens
414 472 101 16 berättelse
529 477 29 11 om
570 472 245 20 lagmanstingsgästningen
829 472 28 16 III
870 471 40 18 303.

245 502 40 16 ang.
294 498 38 19 pet.
345 501 29 11 om
384 495 130 21 upphäfvande
523 495 19 15 af
550 495 97 16 skilnaden
659 495 68 15 mellan
740 495 60 16 lands-
809 495 35 16 och
852 495 92 16 stadsrätt
954 495 28 16 III
990 494 40 18 303.

245 525 42 15 ang.
302 520 87 15 anmälan
405 523 28 11 om
450 518 84 16 ståndets
547 518 103 16 ledamöter
662 518 6 15 i
680 518 105 16 förstärkta
797 518 144 16 statsutskottet
954 518 29 16 för
995 518 35 16 frå-

244 546 36 18 gan
293 547 29 11 om
334 541 170 17 blindanstalterna
517 541 28 16 III
558 539 39 18 324.

248 566 41 15 med
303 565 86 16 anmälan
401 569 28 11 om
443 564 83 16 ståndets
539 564 104 16 ledamöter
655 563 6 15 i
673 563 104 16 förstärkta
786 564 143 16 statsutskottet
938 564 29 16 för
977 564 53 16 brän-

246 588 105 20 vinsfrågan
364 587 30 16 III
405 585 39 18 354.

245 616 40 16 ang.
299 612 37 20 pet.
349 615 29 11 om
391 609 115 21 uppförande
519 609 19 16 af
550 610 29 15 ett
591 610 42 19 nytt
647 608 84 17 bankhus
744 609 29 16 III
785 608 40 18 355.

245 638 42 16 ang.
305 634 79 20 ändring
403 632 19 16 af
439 637 77 11 mom.m.
534 632 6 16 i
559 632 55 20 kung.
633 632 78 16 rörande
727 632 138 16 instruktionen
878 632 30 16 för
920 632 110 16 ständernas

244 655 168 21 bankfullmäktige
425 655 28 16 III
465 654 39 18 405.

210 688 20 3 —
244 684 40 16 ang.
297 678 125 22 uppförandet
435 678 18 16 af
465 679 29 15 ett
506 679 114 19 gemensamt
631 677 111 16 ständerhus
755 678 29 15 III
797 676 40 18 407.

212 710 20 4 —
246 707 40 16 ang.
305 701 105 17 återremiss
429 701 19 16 af
466 699 9 20 $
494 699 11 18 4
522 701 7 15 i
547 700 91 21 förslaget
656 700 30 16 till
704 700 114 21 reglemente
837 700 29 16 för
879 701 88 16 Finlands
980 701 50 15 bank

246 725 29 16 III
287 724 39 17 407.

200 746 69 22 Prytz,
282 748 50 20 Lars,
345 747 57 19 Knut,
414 752 17 10 v.
443 746 152 21 häradshöfding,
609 746 41 16 dess
662 746 114 16 reservation
789 746 8 16 I
811 744 38 18 189.

208 233 23 162 FLbobbbt
207 165 23 48 da

210 437 22 94 blida

210 619 23 26 ||

598 801 35 22 o.

199 838 267 22 Gvarntull-lagstiftningen,
479 842 29 12 om
521 838 79 20 ändring
613 837 46 19 deri,
671 842 19 12 se
703 837 212 21 mjölförmalningsrätt.

593 892 38 18 R.

198 929 60 21 Rein,
271 930 92 18 Thiodolf,
377 929 98 21 professor,
488 929 42 16 dess
543 928 102 21 yttranden
658 929 34 15 och
704 929 143 16 reservationer:

245 953 14 16 1.
284 952 39 20 170,
335 951 40 21 189,
387 950 97 21 294—296,
497 950 39 21 354,
549 950 98 21 458—460,
660 950 39 21 465,
711 950 40 18 495.

246 975 24 16 IL.
293 974 28 20 22,
334 974 39 20 125,
386 973 38 20 127,
438 973 38 20 155,
490 973 39 20 171,
542 973 39 20 178,
595 973 38 20 181,
647 973 38 18 197.

244 998 36 16 III.
304 997 38 18 111.
355 997 39 20 131,
407 996 38 21 198,
457 996 40 21 224,
510 996 39 20 261,
561 996 40 21 264,
613 996 40 21 385,
666 996 39 21 426,
717 996 40 17 427.

246 1021 41 16 dess
299 1020 185 21 petitionsmemoria!
498 1020 8 16 I
519 1019 96 17 110—4113.

200 1043 181 22 Representation,
400 1043 77 20 ordnad,
496 1043 101 20 periodisk,
610 1043 29 16 för
651 1043 23 16 de
687 1043 61 16 skilda
761 1043 61 19 länen,
835 1043 119 20 petititionen
968 1043 62 17 derom

247 1067 8 16 I
267 1065 40 22 442,
325 1064 97 19 476—481.
447 1066 174 21 Protokollsutdrag
639 1065 41 16 från
699 1066 140 20 presteständet
858 1066 18 16 II
895 1064 30 21 16;
944 1066 30 16 d:o
989 1067 41 16 från

245 1089 154 22 borgareständet
412 1089 9 16 1
433 1087 39 20 207,
485 1089 19 16 II
516 1088 19 20 2;
548 1089 30 16 d:o
591 1089 41 16 frän
645 1089 140 16 bondeständet
797 1089 8 16 I
818 1087 39 18 483.

201 1111 106 22 Revision,
324 1113 19 15 af
355 1112 88 16 Finlands
456 1112 59 15 banks
528 1111 93 19 tillstånd,
637 1111 113 16 förändrade
763 1112 117 20 stadganden
897 1112 69 20 derför,
978 1117 52 16 prop.

245 1136 33 15 N:o
291 1135 28 16 16.
342 1135 15 16 R
383 1135 8 16 1
403 1133 28 18 28.
449 1135 20 16 B.
486 1135 19 16 II
518 1133 27 18 68.
565 1135 19 16 A.
604 1133 22 18 69
651 1135 174 20 Protokollsutdrag
838 1135 42 16 från
892 1135 139 20 presteståndet

245 1158 8 16 I
265 1157 28 20 31,
306 1158 18 16 II
337 1157 30 19 97;
381 1158 28 16 d:o
422 1157 41 16 från
476 1157 156 21 borgareståndet
645 1157 18 16 II
677 1157 40 20 135;
727 1158 30 15 d:o
766 1158 41 15 från
817 1158 139 16 bondeståndet
964 1158 19 16 II
992 1157 38 18 162.

200 1180 254 21 Riddarhusdirektionen,
472 1181 42 16 dess
532 1181 102 16 berättelse
653 1181 53 16 öfver
721 1181 138 20 förvaltningen
872 1181 19 16 af
904 1181 126 16 riddarhusets

244 1204 155 21 angelägenheter
411 1204 9 15 I
433 1202 96 18 160—164.
552 1203 21 16 R.
593 1202 38 18 180.
653 1204 20 16 B.
692 1204 18 16 II
723 1203 27 17 15.
770 1204 19 16 A.
809 1203 27 20 68,
848 1203 31 20 81;
894 1209 28 11 om
935 1205 31 15 val
978 1204 53 17 deraf

244 1227 56 20 jemte
313 1227 120 21 suppleanter
445 1227 29 16 III
486 1225 40 18 267.

201 1249 228 21 Riddarhusutskottet,
442 1250 41 15 dess
496 1249 97 16 skrifvelse
607 1254 42 16 ang.
662 1251 29 14 ett
703 1249 64 21 anslag
780 1249 29 16 för
822 1250 110 20 utgifvande
944 1250 20 16 af
976 1255 22 11 en
1007 1255 23 16 ny

247 1273 142 16 adelskalender
401 1273 8 15 I
423 1271 37 20 182,
474 1271 39 18 195.

212 1305 20 2 —
246 1296 41 16 dess
300 1296 97 16 skrifvelse
409 1300 40 16 ang.
463 1295 98 21 tryckning
575 1295 20 16 af
607 1295 85 16 ståndets
704 1295 116 21 protokoller
833 1296 9 15 I
854 1294 40 18 264.

211 1327 21 3 —
245 1319 42 16 dess
304 1319 96 16 skrifvelse
415 1323 41 16 ang.
469 1320 94 18 senatorn,
576 1318 183 21 generallöjtnanten
771 1319 96 16 Bernhard
880 1319 82 16 Indrenii
974 1319 56 16 intro-

247 1342 79 16 duktion
339 1342 8 15 I
359 1340 39 17 498.

212 1373 21 3 —
247 1365 42 16 dess
305 1364 119 17 betänkande
441 1369 40 16 ang.
499 1364 227 16 riddarbusdirektionens
741 1364 72 21 förslag
830 1365 31 15 till
877 1365 113 20 reglemente
1002 1365 29 16 för

245 1388 62 20 adliga
319 1387 254 21 jungfrustiftsinrättningen
586 1387 5 16 i
605 1387 79 16 Finland
697 1387 18 16 II
729 1386 73 21 70—78,
815 1386 75 18 85—96.

212 1419 21 2 —
247 1411 40 16 dess
303 1410 119 16 betänkande
439 1415 40 16 ang.
496 1410 227 16 riddarhusdirektionens
740 1410 70 21 förslag
827 1411 31 15 till
874 1411 115 16 instruktion
1001 1411 30 16 för

245 1433 215 16 riddarhusdirektionen
473 1433 28 16 III
515 1431 38 21 162,
566 1432 39 20 230,
618 1432 98 17 253—266.

211 1465 21 2 —
245 1457 42 15 dess
304 1456 96 16 skrifvelse
417 1456 41 16 med
475 1456 70 20 förslag
562 1456 31 15 till
609 1456 98 16 redaktion
723 1456 20 16 af
755 1456 103 20 petitionen
871 1461 29 11 om
913 1456 119 17 inrättandet

247 1479 18 16 af
278 1484 23 11 en
313 1478 67 17 svensk
392 1478 103 21 profession
508 1478 29 16 III
550 1477 39 18 385.

199 1500 154 23 Rosenbröijer,
365 1501 56 17 Adolf
434 1502 90 20 Theodor,
537 1502 108 20 translator,
659 1501 41 17 dess
712 1502 115 16 reservation
840 1502 8 16 I
862 1500 38 18 189.
