1109 1739
243 95 27 22 92
565 99 41 16 Den
619 100 22 16 29
653 99 44 21 Maj.

216 153 60 26 barn,
292 154 72 21 hvilka
380 155 63 20 hafva
459 155 37 20 råd
513 157 33 19 att
562 155 56 22 hålla
634 156 47 21 sina
697 156 51 20 barn
760 155 46 21 från
818 155 94 21 hemmet
923 155 39 20 och
974 161 64 20 uppe-

215 183 57 20 hålla
287 183 48 21 dem
353 183 33 21 vid
402 183 81 21 skolan.
507 185 45 20 Det
569 185 23 20 är
608 184 73 21 derför
697 191 45 14 som
759 184 32 26 de,
808 184 73 20 hvilka
897 185 36 19 äro
954 184 85 20 bosatte

215 211 68 21 miltal
299 211 54 22 ifrån
369 212 82 25 skolan,
467 212 48 21 icke
532 213 51 27 vilja
600 213 71 21 lemna
686 213 75 27 bidrag
772 213 31 20 till
814 212 136 21 densammas
961 211 78 21 under-

217 240 48 25 håll,
281 240 26 21 då
323 240 26 21 de
364 241 47 21 icke
428 248 23 13 se
466 242 70 27 någon
553 243 67 26 utväg
635 244 33 18 att
685 242 102 27 någonsin
805 241 45 21 låta
865 241 46 20 sina
927 241 51 20 barn
996 240 43 21 del-

215 270 50 26 taga
281 269 6 20 i
303 269 40 21 den
359 269 152 28 undervisning
526 276 46 15 som
589 270 6 21 i
611 271 74 20 skolan
697 271 76 26 gifves.
800 269 48 21 Men
860 269 66 21 saken
938 269 42 21 kan
991 269 48 21 icke

216 297 89 27 hjelpas.
336 297 43 21 Det
397 299 23 19 är
439 298 62 27 högst
525 299 101 27 önskligt,
643 301 32 19 att
691 299 75 27 hvarje
790 299 102 20 kommun
916 299 66 20 måtte
999 305 40 20 ega

215 326 130 21 åtminstone
362 333 25 14 en
404 326 66 27 högre
484 327 107 20 folkskola
602 328 33 20 för
645 328 107 20 hvardera
763 328 73 25 könet,
848 334 34 13 om
894 327 39 20 den
945 327 6 20 i
962 327 77 27 sjelfva

215 354 78 21 verket
308 355 70 21 skulle
387 357 30 19 så
431 357 82 25 skötas,
529 359 36 18 att
580 360 43 17 den
637 356 126 28 fortjenade
780 356 61 21 deiia
856 365 65 15 muun
935 355 29 23 af.
970 355 68 28 högic

216 383 112 21 folkskola.
364 383 36 22 Må
426 391 47 14 man
502 384 82 27 hoppas
614 387 32 18 att
674 385 26 21 de
726 384 119 28 lärjungar,
875 391 46 14 som
950 390 88 21 genom-

215 413 46 25 gått
277 412 70 20 denna
363 412 68 26 skola,
447 413 61 20 skola
525 413 89 27 bidraga
630 415 31 19 att
677 414 74 26 sprida
767 413 123 27 bildningen
906 413 6 20 i
928 413 26 19 de
971 412 67 20 famil-

213 440 41 27 jer,
271 440 26 21 de
313 440 85 21 komma
413 443 32 19 att
460 441 93 25 tillhöra,
569 442 39 20 och
625 442 90 20 sålunda
730 442 5 20 i
752 442 41 20 alla
809 441 35 21 fall
856 441 67 21 verka
933 440 59 27 godt,
1004 448 34 13 om

216 470 66 20 också
298 469 179 28 undervisningen
495 470 97 21 sträcker
609 470 32 27 sig
657 470 30 21 till
705 472 32 19 ett
752 470 81 20 mindre
846 470 57 20 antal
920 470 22 20 af
957 469 81 21 befolk-

216 498 87 27 ningen;
317 498 36 20 det
368 505 50 14 vore
442 499 100 26 önskligt.
574 499 49 21 Men
643 499 36 21 det
698 506 51 14 vore
769 498 95 28 önskligt
887 498 104 27 derjemte
1006 500 32 18 att

215 526 59 27 gifva
291 526 75 28 hvarje
385 526 52 22 barn
453 527 6 21 i
475 528 72 20 landet
571 528 82 20 tillfälle
673 530 31 18 att
723 527 84 28 åtnjuta
823 534 27 14 en
866 527 70 20 bättre
959 526 77 20 under-

215 554 92 28 visning,
322 556 27 20 än
365 555 40 21 den
422 556 97 21 hemmen
536 556 33 20 för
584 556 134 21 närvarande
734 556 73 20 kunna
822 555 104 26 meddela,
942 556 32 19 att
989 554 49 22 sko-

215 583 32 21 lor
262 584 40 20 och
319 584 76 27 många
411 584 72 21 skolor
498 585 6 20 i
521 585 75 27 hvarje
612 585 101 21 kommun
730 584 68 21 skulle
815 584 74 26 finnas,
906 584 67 21 ehuru
990 584 47 20 med

215 614 32 18 ett
263 612 176 28 anspråkslösare
456 620 99 21 program
572 614 25 20 än
615 613 26 21 de
657 613 124 21 nuvarande
797 612 164 21 folkskolornas.
988 612 48 21 Men

215 641 67 27 derpå
300 648 65 20 synes
384 648 47 14 man
450 642 47 20 icke
516 642 63 21 hafva
598 642 68 21 tänkt.
697 642 50 20 Med
767 641 101 21 afseende
885 642 27 27 på
928 641 56 21 hvad
999 641 39 27 jag

215 669 46 21 haft
277 670 50 20 äran
347 670 80 26 anföra,
447 670 59 21 delar
522 671 38 27 jag
579 671 40 20 den
640 671 23 20 af
677 671 108 20 utskottet
803 670 86 28 yttrade
908 670 129 27 öfvertygel-

215 704 46 20 sen,
284 700 33 19 att
335 698 23 21 så
376 698 87 28 mycket
481 706 48 14 man
550 699 65 21 också
634 700 35 20 må
687 700 68 20 önska
774 700 32 19 att
825 698 212 21 folkskoleväsendet

215 727 34 20 må
265 734 39 20 ega
322 727 119 27 framgång,
461 728 23 20 så
502 728 87 27 mycket
604 735 48 13 man
673 728 34 21 må
725 728 74 26 önska,
819 729 32 19 att
867 728 5 20 i
888 727 73 27 hvarje
978 727 58 20 kom-

214 762 51 14 mun
282 756 34 20 må
331 755 68 21 finnas
418 758 31 19 ett
468 756 59 20 tiotal
550 756 79 26 skolor,
649 756 63 21 dessa
735 756 72 21 skolor
826 756 65 20 likväl
908 756 48 20 icke
975 755 62 21 skola

214 790 52 14 vara
281 784 134 25 statsskolor,
432 785 61 20 deras
510 785 69 21 lärare
590 785 47 21 icke
649 785 134 21 embetsmän
794 784 6 21 i
813 786 77 24 staten,
904 784 133 26 berättigade

215 812 31 20 till
261 812 91 21 statslön
368 812 33 21 för
417 813 47 21 hela
480 813 62 21 deras
559 814 24 20 lif
598 814 39 20 och
653 813 135 27 berättigade
804 813 32 20 till
852 813 89 27 pension
958 812 22 21 af
994 815 43 17 sta-

214 843 43 19 ten,
288 841 77 21 Likväl
382 848 50 14 vore
448 842 81 20 kanske
546 844 31 19 ett
595 843 77 20 sådant
691 842 162 20 bestämmande
869 848 45 14 som
930 841 107 21 utskottet

215 869 86 25 önskar,
317 872 32 18 att
365 870 35 20 det
416 870 75 21 hittills
508 871 85 27 vanliga
611 870 134 21 förfarandet
763 872 84 25 strängt
863 870 53 20 skall
933 869 103 28 afbrytas,

214 898 41 20 och
271 900 31 19 att
318 905 48 13 man
385 900 86 26 strängt
489 899 53 21 skall
561 899 56 21 hålla
633 900 32 26 sig
681 899 31 21 till
729 906 25 13 en
772 898 201 28 befolkningssiffra,
989 898 47 20 icke

214 926 104 28 lämpligt,
335 926 39 22 och
389 928 129 21 åtminstone
536 928 33 20 för
585 928 26 20 de
627 929 109 19 närmaste
752 928 13 20 5
781 928 50 20 åren
847 926 81 22 förmår
941 927 38 27 jag
990 926 47 21 icke

215 961 22 14 se
254 955 69 27 någon
343 955 55 21 våda
417 955 52 26 deri,
487 958 32 19 att
538 955 173 22 statsunderstöd
732 956 34 20 må
781 955 48 20 med
846 955 136 27 frikostighet
998 955 38 26 gif-

215 990 44 18 vas,
275 983 64 21 äfven
355 991 33 13 om
405 984 6 20 i
427 991 25 14 en
469 984 32 21 del
518 985 127 20 kommuner
661 986 31 19 ett
702 983 70 22 flertal
783 983 23 21 af
815 985 71 19 staten
898 983 139 21 underhållna

213 1011 74 22 skolor
302 1012 90 21 sålunda
408 1013 114 27 uppstode.
552 1013 43 27 Jag
610 1013 33 20 får
658 1013 73 21 derför
747 1012 32 21 för
795 1012 43 21 min
855 1012 33 21 del
903 1012 76 21 förena
995 1011 43 28 mig

213 1041 8 20 i
235 1040 42 21 den
292 1041 23 20 af
329 1041 49 20 herr
394 1041 150 28 Montgomery
560 1041 48 21 med
623 1042 53 21 flere
691 1041 78 28 gjorda
784 1041 162 20 reservationen
962 1040 32 21 till
1004 1042 33 19 ut-

214 1069 93 20 skottets
323 1069 87 28 förslag,
426 1069 98 22 hvilkens
543 1069 178 22 hufvudinnehäll
737 1071 30 24 är,
783 1071 32 18 att
831 1069 37 20 det
883 1069 69 20 skulle
968 1069 22 20 ät
1006 1075 31 14 re-

213 1097 106 28 geringen
337 1098 142 21 öfverlemnas
497 1100 32 19 att
548 1099 82 26 pröfva,
651 1099 54 20 huru
724 1098 60 27 längt
800 1104 27 14 en
843 1097 66 21 sädan
927 1097 109 27 frikostig-

214 1126 37 21 het
266 1126 23 21 ät
304 1133 26 14 en
347 1127 38 20 och
402 1133 81 14 samma
500 1127 101 20 kommun
617 1127 39 21 bör
675 1127 86 20 sträcka
777 1126 39 27 sig.

283 1154 58 21 Herr
363 1161 48 14 von
435 1155 168 21 Willebrand:
619 1155 43 28 Jag
680 1155 56 21 hade
753 1155 76 26 begärt
845 1153 61 22 ordet
920 1153 34 21 för
969 1156 32 18 att
1016 1153 22 21 fä

213 1183 139 28 understödja
368 1183 49 21 herr
433 1183 162 28 Montgomerys
611 1184 140 21 reservation.
776 1183 70 20 Sedan
857 1182 119 21 emellertid
987 1182 50 21 herr

213 1211 109 21 Snellman
334 1213 24 19 så
366 1212 33 20 väl
411 1212 39 21 och
461 1212 98 28 utförligt
570 1213 113 20 motiverat
696 1213 3 20 i
709 1218 83 15 samma
800 1211 101 27 riktning,
910 1210 38 21 har
956 1211 39 27 jag
1004 1211 33 20 väl

212 1240 113 27 ingenting
340 1241 7 19 i
363 1240 121 21 hufvudsak
500 1243 32 18 att
548 1241 95 28 tillägga.
667 1241 56 20 Lika
739 1240 46 21 litet
801 1246 46 15 som
863 1239 92 27 troligen
966 1240 71 27 någon

212 1275 71 14 annan
307 1269 57 20 inom
388 1269 59 20 detta
470 1269 62 21 stånd
552 1269 42 20 kan
611 1270 38 27 jag
665 1269 67 22 tänka
748 1269 27 26 på
791 1270 32 19 att
839 1268 74 21 förena
930 1268 44 27 mig
989 1267 49 21 med

212 1297 71 21 denna
303 1297 140 26 reservation,
460 1305 33 13 om
510 1297 45 21 deri
572 1297 47 28 låge
635 1298 78 21 minsta
729 1297 73 27 skymt
817 1297 24 20 af
855 1296 136 27 benägenhet
1006 1297 32 19 att

211 1325 119 21 inskränka
345 1325 98 28 anslaget
458 1326 33 21 för
507 1325 218 22 folkskoleväsendet.
757 1325 40 26 De,
814 1325 72 20 hvilka
896 1324 142 28 understödja

211 1354 106 27 förslaget
339 1356 33 19 att
389 1354 71 21 lemna
478 1354 37 21 det
533 1354 130 29 fullkomligt
679 1355 22 20 åt
717 1353 42 22 den
776 1353 137 28 tillfällighet,
930 1353 54 20 huru
1000 1359 36 14 an-

211 1382 118 28 sökningar
347 1382 86 21 komma
451 1383 28 26 in,
494 1385 32 19 att
543 1383 119 21 bestämma
677 1390 34 13 om
728 1382 76 27 anslag
818 1382 34 20 för
868 1381 56 21 olika
940 1381 97 21 kommu-

211 1417 46 21 ner,
273 1411 62 20 skola
350 1412 83 20 utsätta
448 1411 125 28 derigenom
588 1418 26 14 en
630 1411 43 28 god
689 1411 39 21 sak
741 1410 34 21 för
785 1410 70 26 vådan
866 1411 31 20 att
907 1411 53 26 taga
970 1409 68 21 skada

211 1446 78 20 genom
305 1441 32 19 att
353 1439 108 22 missbruk
476 1439 39 22 och
526 1439 233 29 förargelseväckande
770 1438 185 27 omständigheter
966 1437 72 22 kunna

210 1468 84 27 inflyta.
325 1467 44 21 Det
391 1468 124 21 förtroende
534 1469 76 27 tyckes
634 1468 33 21 väl
683 1467 107 29 styrelsen
807 1467 49 21 med
872 1467 36 27 fog
923 1466 22 20 få
960 1466 78 21 tillmä-

210 1498 41 26 tas,
267 1498 33 20 att
319 1496 72 21 kunna
409 1496 7 22 i
432 1496 177 22 förekommande
625 1496 37 22 fall
678 1496 127 25 bestämma,
821 1495 27 21 då
863 1494 49 22 dess
928 1494 109 29 tillgöran-
