1109 1739
407 107 38 16 Den
460 107 21 16 10
493 107 47 16 Juni.
824 106 42 20 333

64 170 61 25 tagas
149 165 7 20 i
177 163 150 22 betraktande.
358 163 41 20 Om
416 163 40 20 han
473 162 54 20 skall
543 162 66 21 höras
625 162 33 21 för
675 162 74 27 hvarje
764 162 51 21 liten
833 163 61 25 bäck,

66 196 37 20 der
127 193 97 21 fiskeriet
245 194 24 19 är
285 193 24 19 af
322 192 85 26 ringare
423 191 99 25 intresse,
538 197 48 14 men
605 191 190 26 stockflottningen
811 191 47 20 åter
874 191 23 20 af

65 226 61 21 stort,
144 221 68 21 skulle
229 221 38 20 det
283 227 52 14 vara
350 222 31 18 ett
397 219 89 27 onödigt
501 219 120 27 uppehåll
616 215 12 36 i
638 219 139 27 proceduren,
789 226 43 13 som
845 219 48 20 icke

65 251 69 21 skulle
159 249 48 21 leda
230 249 30 20 till
285 249 68 26 någon
379 247 96 28 praktisk
495 247 75 20 fördel.
605 248 44 20 Der
664 247 63 21 fisket
743 249 24 19 är
783 247 23 20 af
820 248 72 25 värde,

66 279 52 21 skall
136 279 41 20 han
194 278 71 25 höras,
282 277 39 20 och
339 277 36 20 det
391 276 61 21 torde
468 283 52 13 vara
536 275 47 20 fullt
600 276 129 27 tillräckligt.

134 307 103 20 Friherre
260 312 47 14 von
325 305 78 20 Born:
419 304 42 27 Jag
477 304 86 20 förenar
579 305 45 26 mig
639 305 6 20 i
662 304 55 21 hvad
734 305 49 20 herr
798 304 96 28 Pipping

65 338 69 25 yttrat
152 335 38 20 och
207 335 39 20 bör
262 335 85 24 nämna,
364 335 33 18 att
413 333 122 20 nuvarande
551 333 140 26 inspektören
712 333 33 20 för
760 333 134 25 fiskerierna,

66 365 65 20 hvars
148 364 91 20 intresse
256 363 33 20 för
303 361 190 28 fiskerinäringens
510 361 189 27 upprätthållande
713 361 6 20 i
735 363 47 19 vårt
799 361 50 21 land
863 362 31 20 in-

66 399 40 20 gen
130 392 41 21 kan
194 391 97 25 förneka,
307 391 5 20 i
330 390 36 21 det
383 389 116 26 utlåtande,
516 390 41 19 han
573 390 6 19 i
597 391 74 19 ämnet
687 389 64 28 afgaf,
766 390 48 21 icke
831 391 62 26 påyr-

67 421 55 21 kade
142 423 33 18 att
193 421 5 19 i
222 420 61 26 fråga
307 425 33 14 om
365 419 41 19 alla
423 418 129 26 vattendrag
568 418 67 20 blifva
651 418 60 24 hörd,
727 421 50 17 utan
794 419 100 20 formule-

66 452 33 18 rat
115 449 67 20 saken
203 449 70 20 såsom
294 447 40 20 den
352 447 69 20 blifvit
437 446 128 27 föreslagen,
581 447 108 27 nemligen
706 449 31 18 att
753 446 48 26 han,
817 447 77 21 endast

66 478 38 21 der
121 477 135 28 betydligare
272 476 54 20 fiske
343 478 35 24 egt
395 482 53 19 rnm,
465 475 52 20 skall
534 475 71 20 höras.

136 506 58 20 Herr
217 505 165 25 Ehrnrooth,
406 503 70 21 Carl:
501 503 111 21 Herrarne
629 504 22 20 af
665 504 106 20 Forselles
788 504 38 20 och
843 504 50 28 Pip-

67 536 51 27 ping
134 535 63 20 hafva
217 534 80 20 erinrat
320 533 42 26 mig
379 539 33 13 om
436 534 31 18 att
483 532 141 27 rättegångar
639 532 72 20 kunna
727 533 65 20 räcka
807 533 87 27 mycket

67 565 62 26 länge
146 564 5 19 i
168 564 48 20 vårt
232 562 61 26 land;
306 561 39 27 jag
361 561 38 20 ber
415 561 54 20 blott
483 563 31 17 att
529 560 21 20 få
566 561 102 27 påminna
685 568 32 13 om
735 560 26 21 de
777 562 117 26 omgångar

68 599 44 14 som
138 598 26 14 en
185 591 116 27 jordegare
321 590 38 20 har
375 590 32 20 för
423 591 32 18 att
470 589 65 20 vinna
550 589 45 25 sitt,
613 596 46 14 men
676 589 37 21 allt
729 590 59 20 detta
804 590 91 28 betyder

68 620 140 27 naturligtvis
225 618 111 28 ingenting
353 625 34 18 nu,
404 618 27 20 då
446 618 113 20 flottarens
575 618 92 20 intresse
683 618 43 20 står
737 618 27 27 på
775 618 52 28 spel.
852 618 43 22 Det

68 649 38 21 har
123 650 93 23 nämnts,
240 650 32 18 att
295 647 41 19 han
354 646 38 20 har
411 646 60 20 virke
488 647 26 25 på
531 648 66 25 vägen
616 647 38 20 och
671 647 20 27 ej
707 646 38 21 bör
761 646 86 21 hindras
864 650 31 18 att

67 678 102 20 fortsätta
190 676 136 26 flottningen.
357 675 48 20 Har
420 675 41 20 han
478 674 72 21 tillåtit
567 675 32 27 sig
616 677 31 18 att
663 675 88 27 påbörja
767 675 127 28 flottningen

68 707 62 19 innan
156 706 35 20 det
216 705 101 26 föregått,
339 710 45 14 som
401 704 5 19 i
424 704 35 20 det
475 703 132 27 föregående
623 705 23 19 är
661 704 138 20 föreskrifvet
815 704 32 20 för
863 707 32 18 att

68 735 40 20 han
133 734 54 20 skall
204 734 21 20 få
241 732 104 28 rättighet
360 734 32 18 att
407 732 68 25 flotta,
492 732 23 20 så
530 733 24 19 är
569 732 37 20 det
623 732 36 20 det
674 733 78 20 minsta
768 732 40 21 han
823 733 73 21 derför

70 764 39 20 kan
134 763 21 20 få
179 762 126 26 vidkännas,
329 763 32 18 att
381 761 40 20 han
442 761 73 27 längre
532 761 40 19 ned
588 760 6 21 i
612 761 151 27 vattendraget
779 761 75 21 träffar
870 763 25 26 på

70 799 25 13 en
112 791 124 28 jordegare,
256 796 45 14 som
319 789 34 20 vill
370 790 97 20 försvara
483 789 31 20 sin
531 790 50 24 rätt,
598 789 40 21 och
655 790 54 20 hvad
726 790 33 20 för
775 792 30 18 ett
821 790 75 20 hinder

70 821 37 19 det
130 820 69 20 skulle
222 820 65 24 möta,
309 818 38 27 jag
369 824 109 21 upprepar
494 818 44 26 det,
554 820 31 18 att
601 818 189 28 myndigheternas
806 819 5 19 i
828 819 66 21 saken

70 848 127 21 meddelade
216 848 77 26 utslag,
310 848 79 25 hvarpå
407 853 47 13 man
472 846 38 20 har
526 848 88 26 tryggat
627 846 155 28 jordegarenes
799 847 41 21 och
856 848 40 20 alla

70 878 26 20 de
115 877 78 20 andras
212 877 111 22 intressen,
344 882 45 13 som
407 875 70 20 kunna
494 875 48 26 lida,
559 875 32 20 får
608 875 62 20 vinna
687 876 48 27 laga
753 876 63 24 kraft,
831 876 63 20 innan

70 906 165 27 verkställighet
260 904 70 28 följer,
349 907 34 17 vet
399 904 38 26 jag
456 903 54 21 icke.
541 903 48 27 Nog
613 904 78 20 strider
706 904 36 20 det
757 904 6 20 i
780 904 115 21 allmänhet

70 937 58 18 emot
145 935 38 19 vår
199 932 225 27 rättegångsordning,
441 935 31 17 att
488 932 71 27 utslag
575 934 68 18 sättas
658 932 6 20 i
679 932 170 27 verkställighet,
865 933 31 20 in-

70 970 40 13 nan
128 963 25 19 de
172 962 73 20 vunnit
261 961 48 26 laga
327 960 63 21 kraft.
421 960 42 27 Jag
480 963 36 18 vet
535 960 48 21 icke
603 961 64 27 något
683 963 65 18 annat
763 962 26 19 än
805 963 32 18 ett
852 961 43 26 fall,

70 993 37 18 der
126 991 61 20 detta
206 997 51 20 eger
272 996 58 14 rum:
347 989 37 20 det
401 996 36 13 var
453 989 75 27 frågan
545 995 33 14 om
600 989 143 21 landbönders
766 989 130 28 afhysande;

71 1021 4 18 i
97 1019 102 20 afseende
223 1019 12 20 å
258 1019 47 20 dem
323 1018 39 20 har
378 1018 5 19 i
401 1019 58 18 östra
475 1017 91 20 Finland
585 1017 37 21 det
638 1024 55 21 egna
709 1017 141 22 förhållandet
865 1018 30 21 in-

70 1048 80 23 träffat,
174 1049 31 19 att
228 1046 121 21 landbonde
371 1046 41 20 kan
438 1046 96 27 afhysas,
552 1046 65 21 innan
636 1047 93 27 utslaget
753 1047 73 20 vunnit
848 1047 48 28 laga

71 1077 62 20 kraft.

140 1104 58 21 Herr
221 1104 130 27 Pipping,
376 1103 82 20 Knut:
482 1103 58 20 Herr
561 1102 123 22 Ehrnrooth
701 1103 37 21 har
755 1103 93 28 beskyllt
864 1106 31 19 ut-

70 1134 94 21 skottets
181 1132 136 21 betänkande
333 1132 33 20 för
387 1134 32 18 att
439 1139 50 13 vara
507 1132 92 27 partiskt
615 1134 45 19 mot
672 1132 151 27 jordegarene.
852 1132 42 28 Jag

72 1163 38 20 ber
130 1164 32 19 att
182 1161 73 21 dervid
285 1162 12 19 få
321 1162 52 25 göra
397 1161 40 20 den
454 1161 177 27 anmärkningen,
647 1163 31 18 att
692 1161 142 27 jordegarene
849 1161 48 21 icke

72 1191 62 20 ställa
151 1191 68 26 någon
237 1190 101 20 säkerhet
354 1189 33 20 för
403 1189 40 20 den
461 1189 73 24 skada,
559 1189 25 20 de
602 1189 71 21 kunna
688 1189 112 21 förorsaka
816 1190 80 20 virkes-

72 1226 100 21 egarene;
193 1226 47 13 men
258 1219 97 20 deremot
371 1218 38 20 har
425 1217 107 21 utskottet
548 1217 117 28 föreslagit,
683 1220 31 18 att
730 1218 167 27 virkesegarene

72 1248 61 20 skola
149 1247 62 21 ställa
227 1247 102 20 säkerhet
346 1247 32 20 för
395 1246 26 21 all
439 1247 38 19 den
495 1246 75 26 skada,
587 1246 26 21 de
629 1253 75 21 genom
721 1247 94 27 nppskof
825 1247 72 20 kunna

71 1276 114 21 förorsaka
202 1277 151 26 jordegarene.
386 1276 64 19 Detta
473 1276 63 26 utgör
560 1282 26 13 en
607 1277 46 19 stor
676 1275 90 21 skilnad.
797 1275 43 21 Det
856 1276 40 20 kan

72 1305 137 27 naturligtvis
232 1304 47 21 icke
305 1304 85 20 komma
415 1304 4 20 i
444 1303 68 27 fråga,
526 1305 31 19 att
571 1303 129 28 jordegaren
718 1304 102 21 behöfver
836 1304 62 21 ställa

73 1335 68 26 någon
160 1333 101 21 säkerhet
276 1333 5 20 i
299 1333 80 20 sådana
395 1333 36 19 fall
449 1339 44 14 som
511 1332 70 26 dessa,
598 1339 47 14 men
663 1339 75 21 genom
755 1333 40 20 den
809 1333 22 20 af
849 1333 49 20 herr

72 1362 123 21 Ehrnrooth
212 1362 121 27 föreslagna
350 1361 154 27 förändringen
520 1361 69 20 skulle
605 1361 111 27 möjlighet
727 1361 82 21 lemnas
820 1361 77 21 honom

72 1393 32 18 att
120 1398 77 21 genom
213 1390 93 27 oskäligt
323 1389 100 28 uppehåll
440 1389 113 21 förorsaka
564 1389 68 21 skada
643 1391 21 19 åt
676 1390 159 27 virkesegaren,
846 1393 51 18 utan

73 1422 31 18 att
128 1420 91 19 behöfva
243 1421 81 18 ersätta
344 1419 131 19 densamma.
508 1417 58 21 Herr
581 1417 123 22 Ehrnrooth
720 1419 37 20 har
773 1419 126 28 ytterligare

74 1451 54 24 sagt,
145 1451 32 18 att
193 1448 152 26 virkesegaren
363 1447 47 20 icke
427 1447 38 20 bör
481 1447 21 20 få
518 1447 69 25 flotta,
603 1447 63 20 innan
683 1447 100 21 säkerhet
795 1449 22 18 är
829 1447 71 26 ställd,

74 1483 46 13 men
138 1476 40 20 han
197 1476 40 20 kan
255 1476 63 20 hafva
342 1475 72 20 fottat
431 1476 4 19 i
453 1477 31 18 ett
501 1475 165 27 ofvanliggande
683 1476 125 26 vattendrag
819 1482 45 14 som
876 1477 23 19 är

73 1504 55 20 skild
145 1505 45 20 från
207 1504 66 26 detta,
290 1504 39 20 och
347 1504 53 20 hans
420 1504 59 20 virke
496 1510 51 14 vara
568 1506 26 24 på
610 1505 78 26 vägen;
705 1504 40 20 han
761 1506 77 19 väntar
864 1510 36 16 en-
