1109 1739
248 119 41 21 402
574 117 40 16 Den
628 117 20 16 14
661 116 49 17 Juni.

221 175 123 29 åliggandet
360 175 35 20 att
410 174 83 20 ensamt
509 179 92 14 ansvara
616 173 33 20 för
664 172 165 27 ifrågavarande
840 172 139 27 förbindelse,
988 171 62 22 hvar-

221 207 58 19 emot
301 202 154 27 ridderskapet
477 201 40 20 och
533 200 62 21 adeln
612 201 6 20 i
634 201 77 20 sådant
727 201 36 20 fall
779 201 98 21 kommer
892 203 33 19 att
938 201 69 27 jemte
1023 201 26 21 de

221 234 68 26 öfriga
305 231 92 22 stånden
414 230 86 27 deltaga
516 229 6 20 i
538 236 26 14 en
581 229 59 27 dylik
661 229 137 27 förbindelse,
815 230 75 20 såvida
906 229 143 28 fullgörandet

221 261 62 22 deraf
297 261 100 20 kommer
411 259 7 20 i
434 258 67 27 fråga,
519 257 52 21 eller
586 257 41 20 ock
643 257 50 20 herr
707 257 171 28 Pippingskölds
894 257 86 28 förslag,
989 258 60 21 inne-

221 289 96 22 fattande
333 287 120 26 förklaring
476 288 32 19 att
523 285 156 28 ifrågakomme
691 286 253 27 betalningsförbindelse
955 286 87 27 upphör,

221 326 34 13 om
279 317 138 21 riddarhuset
440 315 39 20 blir
502 314 127 21 ständernas
652 321 159 20 gemensamma
834 315 141 27 tillhörighet,
999 303 49 32 men

221 346 98 29 qvarstår
341 345 73 20 såsom
437 350 25 13 en
486 342 137 27 förbindelse,
646 342 73 21 derest
743 343 62 20 huset
823 343 134 21 fortfarande
972 343 76 20 förblir

218 374 163 26 ridderskapets
397 371 40 21 och
452 371 74 21 adelns
541 371 127 26 egendom.''

290 401 71 22 Sedan
379 401 69 20 denna
464 399 133 28 proposition
613 399 36 20 vid
665 399 74 20 derom
755 399 92 21 anställd
863 399 99 28 votering
973 399 75 22 besva-

222 434 44 19 rats
282 430 48 21 med
347 430 12 20 3
375 429 24 27 ja
414 429 40 19 och
469 429 28 19 28
512 427 43 27 nej,
574 427 133 27 uppställdes
724 434 25 13 en
766 427 23 20 så
804 427 95 27 lydande
915 428 131 27 proposition

221 460 90 21 emellan
335 456 133 28 antagandet
491 456 23 20 af
535 456 50 20 herr
608 455 129 21 Edelskölds
758 455 40 21 och
813 456 51 20 herr
879 456 169 28 Pippingskölds

219 488 80 26 förslag
315 486 32 21 till
363 484 225 50 kontraproposition:

290 532 10 8 »
303 515 44 21 Vill
370 513 151 27 ridderskapet
544 512 39 21 och
607 512 64 20 adeln
691 512 31 20 till
738 512 214 21 kontraproposition
982 516 23 17 ant

221 546 48 20 herr
284 542 131 22 Edelskölds
431 540 110 28 förslag
514 536 30 36 ?'*
817 519 53 21 Prop
968 519 80 21 Naga

229 602 4 4 <
289 589 4 9 o
296 571 90 27 Vinner
402 570 41 27 nej,
459 570 41 20 blir
523 568 50 22 herr
588 568 169 28 Pippingskölds
773 568 81 28 förslag
869 569 177 28 kontraproposi-

219 603 65 20 tion.**
294 622 8 6 ,
556 600 2 3 |

288 628 72 22 Äfven
385 626 59 21 öfver
466 625 70 21 denna
552 625 135 28 proposition
702 625 115 21 anställdes
834 626 28 27 på
878 626 94 27 begäran
988 629 58 17 vote-

219 660 54 26 ring,
289 664 45 14 som
351 655 62 21 utföll
429 654 48 21 med
495 654 27 20 16
534 654 24 27 ja
574 654 40 20 och
630 654 27 20 14
673 654 41 26 nej,
731 654 31 20 till
777 654 53 27 följd
847 654 77 21 hvaraf
938 654 41 21 den
996 654 50 21 defi-

221 687 66 21 nitiva
302 683 163 30 propositionen
481 682 67 21 erhöll
565 682 94 27 följande
676 682 89 27 lydelse:

289 731 4 8 »
297 714 49 25 Vill
362 711 152 27 ridderskapet
529 710 39 21 och
585 710 62 21 adeln
663 712 78 26 antaga
757 710 172 28 presteständets
940 711 106 27 ifrägava-

219 744 67 21 rande
309 740 128 28 inbjudning
453 740 38 20 och
508 739 76 27 frångå
600 739 26 20 de
642 739 68 20 under
725 746 62 14 mom.
803 740 24 25 d)
851 742 111 25 upptagna
977 740 67 20 vilko-

220 780 37 14 ren
270 773 37 19 för
322 769 148 26 riddarhusets
487 767 158 27 försäljande?'

289 816 4 8 +
296 799 91 25 Vinner
401 797 42 27 nej,
460 798 90 25 antages
566 795 50 21 herr
631 795 129 21 Edelskölds
775 795 81 27 förslag
871 796 6 20 i
894 797 92 19 ämnet."

289 828 48 20 Och
362 832 47 15 som
433 825 70 21 denna
528 824 132 27 proposition
685 824 128 20 besvarades
829 824 50 20 med
895 826 12 19 3
921 825 24 27 ja
960 824 39 21 och
1016 826 27 19 29

220 858 42 28 nej,
279 856 53 22 hade
348 856 51 20 herr
414 853 129 21 Edelskölds
559 852 81 28 förslag
657 852 68 21 blifvit
741 852 24 21 af
779 852 86 21 ståndet
881 853 120 24 omfattadt.

289 885 56 21 Herr
362 881 165 26 Ehrnrooth,
544 880 73 25 Carl,
634 880 133 25 hemställde,
784 881 106 21 huruvida
906 882 47 20 icke
964 882 81 20 ridder-

220 915 77 27 skapet
313 912 40 22 och
369 911 64 21 adeln
449 910 68 21 borde
533 916 33 14 om
584 909 59 21 detta
659 910 38 20 sitt
713 909 69 21 beslut
793 916 77 20 genom
882 916 25 14 en
920 910 125 26 deputation

221 943 124 21 underrätta
363 939 151 25 medständen;
531 938 40 20 och
588 944 44 14 som
650 938 85 20 ståndet
752 938 30 19 till
798 938 70 20 denna
884 938 100 20 anhållan
995 939 50 20 fann

221 971 52 28 godt
288 969 80 26 bifalla,
385 968 63 26 utsåg
463 967 50 20 herr
529 966 47 21 vice
592 965 196 21 landtmarskalken
805 966 32 20 till
853 966 119 21 ledamöter
986 967 7 20 i
1009 967 36 20 de-

219 999 126 28 putationen
370 997 102 20 herrarne
495 994 131 25 Ehrnrooth,
646 994 55 25 Carl,
717 993 118 22 Edelsköld
852 995 39 20 och
908 1002 41 13 von
965 995 80 20 Haart-

220 1035 56 17 man,
292 1025 87 25 Mikael,
397 1024 84 21 kvilken
499 1023 134 28 deputation,
650 1023 55 20 efter
721 1023 36 20 det
773 1023 39 20 den
829 1023 24 20 af
866 1023 97 21 ständets
972 1023 73 21 sekre-

219 1059 70 18 terare
304 1055 41 21 fätt
361 1052 199 29 protokollsutdrag
576 1051 61 21 öfver
653 1051 159 28 ridderskapets
829 1051 40 22 och
886 1052 72 21 adelns
968 1052 70 21 beslut.

219 1085 31 21 till
266 1083 141 22 medständen
423 1081 78 27 afgick.
1040 1068 4 11 ?

287 1151 58 22 Herr
369 1150 46 21 vice
437 1148 200 22 landtmarskalken
660 1148 143 28 tillkännagaf
821 1147 67 28 härpå
902 1148 34 21 för
951 1148 93 25 ståndet,

219 1183 32 20 att
265 1179 144 28 landtdagens
425 1177 129 26 afslutande,
571 1177 68 25 enligt
655 1176 55 21 hvad
727 1177 40 20 den
784 1177 91 20 utsedde
891 1177 153 20 ceremonimä-

219 1213 79 22 staren,
315 1207 118 22 statsrådet
456 1205 91 21 friherre
567 1205 106 20 Sackleen
690 1205 85 26 anmält,
792 1205 86 20 komme
894 1207 32 19 att
942 1212 40 21 ega
998 1212 46 14 rum

217 1237 93 29 följande
333 1236 44 27 dag
396 1234 93 21 klockan
514 1235 17 24 1,
556 1235 55 19 samt
627 1235 32 18 att
675 1233 150 28 ridderskapet
841 1233 40 21 och
896 1233 62 21 adeln
975 1233 69 21 blifvit

217 1267 97 27 inbjudet
330 1267 32 18 att
379 1264 112 20 öfvervara
507 1261 173 28 högtidligheten
691 1262 6 20 i
709 1261 83 28 kyrkan
804 1261 40 21 och
853 1262 94 21 derefter
958 1262 86 27 begifva

217 1295 32 28 sig
272 1294 31 21 till
326 1292 132 25 thronsalen,
475 1291 38 21 der
529 1290 144 27 landtdagens
689 1290 116 27 högtidliga
820 1289 122 22 afslutande
958 1290 86 21 komme

217 1326 31 19 att
263 1322 102 28 försiggå,
382 1320 87 21 hvarför
484 1319 50 21 herr
557 1319 47 20 vice
620 1318 197 26 landtmarskalken
833 1318 137 28 uppmanade
986 1319 58 20 stån-

217 1352 46 21 dets
280 1351 139 21 medlemmar
434 1349 38 23 att,
488 1347 87 21 iklädde
591 1347 41 20 den
648 1347 33 20 för
697 1347 79 21 sådana
791 1347 97 20 tillfällen
904 1347 66 27 öfliga
981 1347 63 28 dräg-

216 1383 44 24 ten,
283 1378 114 22 församlas
420 1376 94 21 klockan
530 1376 40 27 1/21
588 1375 7 21 i
611 1375 173 22 riddarhussalen
799 1375 34 21 för
850 1377 32 19 att
898 1375 94 21 derifrän
1008 1375 35 21 be-

215 1409 58 28 gifva
288 1407 33 28 sig
335 1407 34 20 till
384 1405 91 28 kyrkan.

283 1480 127 22 ”Yttermera
425 1478 127 21 meddelade
567 1477 52 21 herr
633 1477 47 21 vice
696 1476 203 28 landtmarskalken,
916 1478 30 20 att
960 1476 8 22 i
984 1477 58 21 stän-

215 1512 46 20 dets
285 1508 128 22 böteskassa
436 1506 68 22 under
526 1506 71 22 denna
619 1505 104 28 landtdag
744 1505 79 22 influtit
839 1512 27 14 en
882 1512 82 14 summa
979 1505 23 22 af
1014 1506 28 20 22
