1109 1739
396 99 39 15 Den
449 99 9 16 3
471 99 48 16 Juni,
816 98 39 20 193

60 152 152 28 förordningen
235 153 23 20 af
277 153 54 21 1868
351 153 112 22 bibehållit
483 154 36 21 det
534 155 71 27 gamla
621 154 261 28 myntberäkningssättet

60 181 22 20 af
105 181 65 21 daler.
201 181 38 21 Ett
263 182 76 21 sådant
362 182 123 26 förfarande
504 183 39 20 har
559 183 97 21 deremot
671 183 48 20 icke
735 185 36 25 egt
787 190 45 13 rum
848 183 34 20 vid

61 210 148 27 uppgörandet
232 210 23 20 af
276 210 117 21 utskottets
417 211 85 27 förslag,
527 214 22 25 ty
574 211 44 21 deri
639 211 49 27 ingå
708 214 15 17 t.
742 218 33 13 ex.
792 212 5 19 i
813 211 69 28 tredje

60 239 86 26 stycket
162 239 106 27 åtskilliga
284 239 235 27 detaljbestämningar,
536 242 55 18 samt
608 240 143 20 förekommer
767 240 63 20 bland
846 247 36 13 an-

60 268 36 18 nat
113 267 60 20 ordet
189 268 138 26 ,guvernör*',
344 267 88 25 hvilket,
449 268 67 20 ehuru
532 268 47 20 icke
596 268 80 20 okändt
691 268 23 20 af
730 269 53 20 1734
794 269 33 19 års
839 268 43 27 lag-

61 295 90 24 stiftare,
169 295 26 20 då
211 296 128 20 åtminstone
355 295 54 21 hade
426 303 26 13 en
469 303 69 14 annan
557 297 134 20 bemärkelse
707 298 26 19 än
745 297 39 20 den
796 303 27 14 nu
836 297 46 20 der-

61 323 48 20 med
132 323 95 26 afsedda,
251 324 39 20 och
313 324 47 20 icke
380 325 57 20 förut
458 325 69 20 blifvit
542 325 6 20 i
565 325 110 27 lagtexten
694 325 126 26 begagnadt.
850 324 32 21 På

60 352 69 25 grund
148 352 62 20 häraf
226 359 63 14 aoser
306 353 39 27 jag
360 354 32 19 att
408 353 36 20 det
461 353 122 27 föreslagna
599 353 135 26 stadgandet,
750 353 43 20 ifall
809 353 37 21 det
861 353 23 20 af

61 380 149 28 ridderskapet
233 380 39 21 och
296 381 61 20 adeln
379 385 96 24 antages,
495 382 48 20 icke
560 382 66 20 mätte
643 381 110 21 betraktas
769 383 70 19 säsom
856 389 25 13 en

61 408 114 29 förändrad
193 409 80 27 lydelse
289 409 23 20 af
326 410 23 20 21
369 410 11 26 $
398 411 25 19 10
440 410 48 26 kap.
504 409 26 21 R.
547 409 33 27 B.,
597 412 51 18 utan
664 409 95 21 utfärdas
775 409 75 21 i.form
862 410 22 20 af

60 443 25 13 en
102 437 90 20 särskild
213 437 133 27 författning,
367 444 45 14 som
429 438 69 20 skulle
515 438 105 20 innefatta
636 445 27 13 en
679 438 90 27 ändring
785 438 38 20 och
840 438 41 20 för-

61 464 83 28 klaring
168 465 23 21 af
211 466 58 20 detta
293 466 88 27 lagrum.
413 466 113 21 Utskottet
546 466 39 21 har
605 466 62 21 äfven
688 466 57 21 velat
760 466 74 26 uttala,
851 468 31 19 att

62 494 71 26 kongl.
151 494 82 20 Brefvet
249 494 22 20 af
286 494 39 20 den
349 495 6 19 2
373 495 57 20 Mars
448 496 53 20 1748
518 495 39 21 och
575 495 115 27 kejserliga
707 495 82 20 brefvet
805 495 22 20 af
841 494 40 21 den

61 522 26 20 27
104 522 98 21 Oktober
219 523 54 21 1818
290 523 67 20 skulle
377 530 63 14 anses
457 523 116 27 upphäfda,
590 523 39 21 och
645 524 70 20 säsom
732 524 65 20 motiv
813 523 69 20 dertill

62 550 76 26 anfört,
163 553 31 18 att
214 551 117 21 innehället
349 552 23 20 af
385 552 63 20 dessa
464 552 48 20 bref
526 552 61 26 ingär
603 552 6 20 i
625 552 40 20 den
682 552 23 20 af
718 552 107 20 utskottet
840 552 42 20 för-

60 579 80 20 ordade
160 580 117 26 lagtexten.
309 580 42 20 För
372 580 41 20 min
434 581 33 19 del
483 583 45 17 tror
542 581 44 26 jag,
600 581 45 27 just
662 580 87 20 emedan
767 581 62 19 dessa
844 580 38 20 ord

61 608 48 26 ingä
133 608 44 25 der,
201 608 36 20 allt
261 608 93 21 ordande
378 616 33 13 om
433 611 30 18 ett
482 609 50 20 slikt
552 609 152 26 upphäfvande
721 616 50 13 vara
788 608 94 27 onödigt,

61 636 38 20 och
124 636 67 20 finner
214 636 36 20 det
273 637 82 27 ganska
379 637 147 27 besynnerligt
549 640 32 17 att
601 637 5 20 i
629 638 73 26 början
718 637 23 20 af
755 636 127 27 stadgandet

61 664 108 27 upphäfva
192 665 142 27 öfverhetliga
354 666 79 26 päbud,
452 666 72 20 hvilka
541 666 66 26 nägra
623 665 63 21 rader
701 666 73 26 längre
791 665 40 20 ned
848 667 34 18 nä-

60 695 46 18 stan
132 692 116 27 ordagrant
271 700 108 20 upprepas
402 694 5 20 i
429 694 100 20 afseende
550 695 13 19 &
589 694 133 20 efterlefnad.
753 693 42 21 För
819 694 63 26 öfrigt

60 721 60 20 torde
137 721 36 20 det
188 722 5 20 i
210 722 116 20 allmänhet
347 729 51 13 vara
413 722 95 21 hvarken
525 722 95 27 brukligt
637 722 50 21 eller
704 722 131 27 nödvändigt
850 724 32 18 att

61 749 33 20 vid
111 750 128 20 utfärdande
256 750 23 20 af
293 757 26 14 en
335 758 28 20 ny
380 751 128 26 författning
520 750 48 21 med
581 750 130 28 uttryckliga
721 750 38 20 ord
771 751 111 26 uppräkna

59 778 40 20 alla
116 778 26 20 de
158 778 57 20 äldre
232 779 71 26 päbud
319 779 39 20 och
374 779 141 25 föreskrifter,
532 779 72 20 hvilka
620 780 6 19 i
643 781 30 18 ett
689 779 50 20 eller
755 781 65 18 annat
830 779 50 20 hän-

60 806 78 20 seende
162 807 77 20 beröra
263 808 36 19 det
319 809 68 24 ämne,
409 808 86 20 hvarom
513 808 60 26 fråga
589 809 30 21 är,
637 807 37 20 och
691 814 76 20 genom
784 807 39 20 den
841 814 41 20 nya

58 834 154 27 författningen
233 836 98 26 upphöra
351 838 31 18 att
402 842 40 21 ega
457 836 99 27 gällande
573 836 62 19 kraft.
667 835 40 20 Till
723 835 51 27 följd
790 835 23 20 af
826 835 55 20 hvad

57 864 38 26 jag
110 864 89 20 sålunda
215 864 55 26 tagit
286 864 43 26 mig
344 864 91 20 friheten
453 864 104 20 anmärka
573 864 89 20 föreslår
671 864 34 26 jag
717 864 163 25 vördsammast,

60 894 31 18 att
107 892 39 20 den
168 892 163 27 ifrägavarande
350 892 109 27 ingressen
476 893 56 26 finge
549 892 69 20 denna
635 892 86 20 kortare
737 892 143 27 ordalydelse:

59 920 62 24 »med
138 920 89 27 ändring
244 921 39 20 och
299 920 119 28 förklaring
433 921 23 20 af
470 922 25 20 21
513 921 11 26 $
543 922 25 19 10
585 921 48 26 kap.
649 920 26 20 R.
692 920 24 20 B.
734 920 77 20 varder
825 920 57 20 stad-

59 948 72 27 gadt*.

128 976 57 21 Herr
208 977 199 27 Pippingsköld:
431 977 57 20 Herr
512 977 149 20 Wallensköld
684 977 37 20 har
743 977 63 20 redan
823 977 5 19 i
845 976 36 20 all-

60 1005 86 20 mänhet
169 1005 76 27 antydt
269 1005 35 20 det
324 1006 5 19 i
350 1005 72 27 lagstil
439 1005 97 26 ovanliga
553 1005 39 20 och
609 1005 102 20 moderna
727 1005 71 27 spräk,
814 1011 44 14 som
876 1005 5 19 i

59 1033 59 20 detta
141 1033 116 28 lagförslag
280 1033 68 20 blifvit
369 1033 100 21 användt.
501 1033 42 27 Jag
564 1033 68 20 skulle
652 1033 89 27 utbodja
756 1033 43 26 mig
815 1035 31 28 att
861 1033 21 20 få

58 1062 102 19 anmärka
177 1069 32 18 en,
227 1067 45 14 som
289 1062 42 26 mig
347 1069 71 20 synes,
435 1062 95 27 spräklig
545 1062 138 20 inadvertens
698 1061 7 20 i
721 1061 52 20 sista
786 1062 95 26 punkten

60 1091 25 25 pä
109 1089 68 28 fjerde
201 1090 67 26 sidan,
292 1090 105 27 nemligen
418 1091 6 19 i
441 1091 78 20 orden:
537 1097 65 18 ,,vare
619 1097 33 13 om
669 1090 96 20 anmälan
782 1090 37 19 hos
837 1089 43 20 hof-

59 1119 69 19 rätten
145 1119 39 19 och
201 1118 73 21 vidare
290 1119 140 29 iakttagelser
447 1119 93 20 derefter
557 1119 34 26 lag
602 1121 101 17 samma".
729 1118 40 27 Jag
782 1121 33 16 vet
827 1118 54 23 icke,

59 1153 33 13 om
109 1146 61 21 ordet
190 1147 166 27 ,iakttagelser*
378 1147 144 20 förekommer
543 1147 4 20 i
565 1147 95 26 egentlig
676 1147 76 26 lagstil,
770 1153 46 13 men
834 1146 47 20 tvif-

58 1175 31 20 lar
105 1175 87 27 mycket
208 1175 72 26 derpå.
311 1175 48 20 Men
377 1175 26 20 då
418 1175 53 27 ilag
483 1175 37 20 och
534 1175 152 26 författningar
697 1175 108 20 användas
816 1181 66 20 nyare

58 1203 37 20 ord
118 1210 45 13 som
188 1203 65 25 detta,
278 1203 65 20 borde
364 1204 26 19 de
410 1211 51 13 vara
477 1204 23 20 så
516 1203 69 24 valda,
601 1206 32 17 att
649 1203 26 20 de
691 1204 191 19 öfverensstämma

59 1231 46 20 med
129 1231 87 21 allmänt
239 1232 132 27 språkbruk;
396 1232 167 27 ,iakttagelser'"
585 1232 108 20 användas
713 1232 6 19 i
736 1231 109 26 betydelse
862 1231 22 20 af

58 1260 161 21 observationer
229 1261 52 19 eller
290 1260 181 25 erfarenhetsrön,
487 1267 48 14 men
544 1260 47 21 icke
604 1261 69 19 såsom
686 1259 86 27 uttryck
780 1259 35 20 för
827 1259 54 20 hvad

60 1288 54 20 hvad
140 1295 45 13 som
208 1288 72 21 vidare
301 1291 32 18 att
352 1289 109 26 iakttagas
478 1290 28 19 är.
538 1288 42 27 Jag
597 1291 64 24 vågar
677 1288 83 20 derföre
777 1289 58 25 säga,
851 1289 31 18 att

58 1316 59 21 detta
133 1317 39 20 ord
189 1318 22 19 är
228 1319 31 18 ett
277 1317 113 25 missbruk,
407 1318 24 19 så
447 1317 46 20 litet
509 1317 118 26 lagkunnig
641 1317 36 26 jag
689 1317 65 20 också
765 1318 29 18 är.
816 1315 65 20 Detta

58 1351 81 14 samma
159 1346 87 26 uttryck
263 1345 70 20 kunde
350 1345 102 27 förbigås,
469 1352 33 13 om
520 1352 47 13 man
584 1345 6 20 i
607 1345 70 20 stället
693 1345 33 20 för
743 1345 68 19 denna
827 1347 53 16 sats:

58 1368 8 36 ,»
66 1380 56 16 väre
139 1380 34 13 om
192 1373 97 21 anmälan
307 1374 37 20 hos
362 1374 109 20 hofrätten
488 1373 38 21 och
544 1373 73 20 vidare
633 1373 140 27 iakttagelser
789 1372 93 21 derefter

58 1402 34 25 lag
108 1405 103 22 samma",
232 1402 76 20 endast
327 1402 80 20 insätta
423 1402 65 20 order
506 1409 65 18 ,,vare
587 1402 35 27 lag
638 1409 79 12 samma
735 1408 33 13 om
785 1401 95 20 anmälan

59 1430 36 19 hos
121 1429 130 27 hofrätten'';
275 1437 46 13 men
342 1431 26 19 då
384 1431 67 20 borde
467 1430 61 20 äfven
546 1430 68 21 första
630 1430 113 26 meningen
761 1430 25 25 pä
802 1436 79 13 samma

58 1457 54 20 sida:
130 1474 12 9 ,,
144 1457 34 21 Nu
196 1459 37 19 har
249 1459 206 26 missgerningsman
472 1459 69 19 blifvit
558 1458 63 20 dömd
633 1459 29 19 till
675 1458 83 19 döden"
771 1460 39 17 ete.
823 1458 59 25 börja

58 1486 47 20 med
122 1493 27 20 ny
166 1486 44 20 rad.

793 1525 20 16 13
