1109 1739
392 105 39 16 Den
445 106 21 15 10
478 105 48 17 Juni.
805 106 40 22 301

47 165 78 22 väckta
141 163 79 26 frågor,
235 160 137 23 beträffande
387 160 46 21 dels
444 161 299 28 lagmanstingsgästningens
754 163 121 26 utgörande

47 195 40 20 och
110 191 101 22 framtida
234 189 143 22 användande
397 191 56 18 samt
473 189 46 20 dels
535 189 190 22 häradsrätternas
740 191 6 20 i
763 191 26 20 de
803 193 73 20 tätare

47 219 115 24 befolkade
178 219 87 20 delarne
281 217 23 21 af
318 217 72 21 landet
405 217 124 28 förändring
544 218 31 20 till
591 221 143 24 permanenta
750 219 125 26 domstolar;

117 250 33 19 att
171 246 162 28 presteståndet
352 246 35 20 vid
405 246 160 27 behandlingen
577 247 24 20 af
616 247 54 20 sista
685 253 64 14 mom.
764 247 7 21 i
787 250 88 19 statsut-

48 278 94 21 skottets
166 275 143 25 betänkande,
333 274 112 27 angående
466 275 99 27 samtliga
580 274 38 21 vid
634 275 130 28 landtdagen
781 277 23 20 år
821 277 56 20 1872

47 306 130 27 ifrågasatta
199 303 81 28 anslag,
303 303 49 20 icke
374 305 72 18 ansett
468 303 33 27 sig
516 303 73 20 kunna
605 303 116 27 godkänna
735 304 61 21 detta
811 312 64 13 mom.

48 333 147 25 oförändradt,
218 334 51 19 utan
289 331 34 20 för
343 331 33 20 sin
392 331 33 20 del
441 331 110 27 tillstyrkt,
568 334 32 18 att
618 331 257 30 kartasigillata-afgiften

47 362 32 21 till
102 361 81 28 belopp
206 360 23 21 af
249 360 92 25 450,000
362 359 61 21 mark
443 359 67 21 under
528 361 63 19 nästa
607 360 161 27 femårsperiod,
784 361 97 22 likasom.

48 390 113 26 härintills,
185 389 68 21 skulle
277 387 32 22 till
333 388 134 20 statsverket
489 388 50 27 ingå
561 390 53 19 utan
636 388 105 27 styrelsen
761 390 115 27 åliggande

47 418 148 26 redövisning,
217 424 48 14 men
289 418 33 18 att
346 416 56 20 hvad
423 416 123 20 derutöfver
566 416 23 20 af
603 417 94 20 nämnda
712 417 61 27 afgift
788 418 88 27 inflyter

48 446 67 22 borde
130 446 113 20 betraktas
259 445 71 21 såsom
346 444 34 21 för
391 444 111 20 bestämda
515 444 98 21 ändamål
627 445 100 21 anvisade
738 446 136 28 bevillnings-

48 475 77 27 medel,
145 474 35 20 för
199 474 72 22 hvilka
286 472 139 28 redovisning
441 473 6 20 i
463 472 89 28 behörig
569 472 92 29 ordning
676 474 69 21 skulle
760 474 23 21 af
797 475 77 27 styrel-

48 511 38 14 sen
102 503 102 28 afgifvas;

118 534 32 18 att
174 530 159 28 presteståndet
356 529 48 21 icke
427 530 82 26 antagit
529 530 109 27 vällofliga
660 530 189 28 borgareståndets
867 532 7 20 i

49 560 200 29 protokollsutdrag
263 558 76 28 gjorda
355 558 128 27 inbjudning
498 560 32 19 att
545 558 78 21 förena
636 558 32 28 sig
679 566 33 13 om
723 559 152 27 borgarestån-

49 589 48 21 dets
117 588 73 21 beslut
209 588 6 21 i
235 587 103 21 afseende
353 588 12 19 å
382 588 11 20 7
410 587 11 27 8
437 587 7 20 i
459 586 368 30 kommunalförfattningsförslaget
842 588 34 22 för

49 617 111 26 städerna;

118 646 32 20 att
167 644 160 28 presteståndet
342 643 96 28 godkänt
454 643 106 21 allmänna
575 643 209 23 besvärsutskottets
801 645 74 21 betän-

49 674 71 21 kande
143 673 7 21 i
173 672 114 28 anledning
309 672 24 20 af
354 672 105 20 särskilda
478 672 57 20 inom
557 674 84 26 preste-
657 673 38 20 och
712 673 162 21 bondestånden

49 702 79 22 väckta
143 701 117 28 petitioner
275 701 92 21 rörande
378 700 108 28 reglering
497 700 23 21 af
530 700 175 28 presterskapets
716 702 93 28 aflöning
819 705 57 18 samt

50 730 154 29 bebyggandet
219 730 39 20 och
274 729 137 21 underhållet
426 729 23 20 af
462 729 193 27 prestaboställen;

119 760 32 20 att
175 758 166 28 presteståndet,
364 757 48 21 med
433 758 138 20 förkastande
591 758 24 20 af
630 758 105 20 allmänna
751 758 122 22 besvärsut-

50 788 94 21 skottets
165 786 136 21 betänkande
321 786 7 20 i
347 786 116 27 anledning
481 786 24 20 af
518 786 59 28 inom
590 786 152 28 ridderskapet
757 788 39 20 och
812 788 62 20 adeln

51 818 55 20 samt
129 817 83 27 preste-
231 815 40 21 och
290 814 185 28 borgarestånden
494 814 135 21 framställda
644 815 182 29 petitionsförslag
841 818 34 19 rö-

50 844 66 22 rande
137 844 46 21 dels
205 843 140 28 utvidgandet
365 843 24 20 af
402 842 69 21 finska
488 844 251 26 vetenskapssocieteten
755 844 39 20 och
809 845 66 20 inrät-

50 873 65 21 tande
138 872 22 21 af
182 879 25 14 en
231 871 231 27 vetenskapsakademi
481 871 34 21 för
533 872 99 25 Finland,
648 872 44 20 dels
709 872 74 28 anslag
797 880 26 13 ur
838 873 36 21 all-

50 903 78 19 männa
143 900 70 22 medel
228 901 33 20 för
276 900 106 21 särskilda
398 900 163 28 vetenskapliga
577 900 106 25 ändamål,
698 901 89 20 anslutit
800 902 32 26 sig
843 902 33 20 till

52 930 103 21 herrarne
175 928 71 28 Reins
258 929 39 21 och
313 928 118 21 Järnefelts
447 931 58 18 emot
522 928 146 21 betänkandet
683 929 80 26 afgifna
778 936 97 14 reserva-

51 959 52 24 tion,
120 958 57 20 efter
195 957 138 20 uteslutande
349 957 23 20 af
385 957 58 20 förra
459 957 136 20 alternativet
611 957 7 20 i
635 957 123 20 densamma
771 957 39 21 och
826 958 49 20 med

51 987 75 26 tillägg
150 986 24 20 af
191 985 41 21 den
253 985 142 27 bestämning,
411 987 32 18 att
459 985 132 28 tredjedelen
608 985 24 20 af
646 985 36 21 det
697 986 22 20 åt
735 986 141 27 vetenskaps-

52 1015 118 21 societeten
194 1014 121 27 föreslagna
339 1020 42 21 nya
403 1013 105 28 anslaget,
532 1013 52 21 eller
604 1013 100 21 niotusen
725 1014 67 27 mark,
808 1014 67 21 borde

52 1043 83 21 tillfalla
150 1042 152 27 arkeologiska
318 1041 133 28 samfundet;

120 1073 33 19 att
174 1071 161 27 presteståndet
355 1070 103 28 enhälligt
474 1070 96 27 godkänt
585 1072 155 19 sammansatta
756 1072 63 19 stats-
835 1071 40 20 och

52 1099 222 22 ekonomiutskottets
298 1099 137 20 betänkande
455 1099 5 20 i
480 1099 114 27 anledning
610 1099 24 20 af
648 1101 31 18 ett
695 1099 31 20 till
742 1099 134 22 hedervärda

52 1128 159 22 bondeståndet
233 1127 90 28 ingifvet
343 1127 216 27 petitionsmemorial
578 1134 34 13 om
629 1127 150 28 upphäfvande
795 1128 23 21 af
831 1128 45 27 gäl-

52 1157 64 21 lande
132 1156 133 27 stadganden
283 1155 110 28 angående
409 1156 153 26 lotshemman;

122 1187 32 18 att
178 1185 159 26 presteståndet
360 1184 104 21 likaledes
487 1184 102 27 enhälligt
609 1185 97 26 godkänt
721 1184 155 27 lagutskottets

52 1213 139 22 betänkande
214 1214 5 19 i
240 1213 115 26 anledning
375 1213 23 20 af
411 1213 79 27 nådiga
506 1213 163 27 propositionen
685 1213 111 27 angående
811 1213 67 22 afträ-

53 1241 69 22 dande
138 1241 24 21 af
176 1241 60 21 mark
252 1241 31 20 till
299 1241 132 28 anläggning
446 1241 23 20 af
482 1241 113 27 landsväg;

122 1272 32 19 att
172 1269 158 28 presteståndet
346 1269 97 28 godkänt
459 1269 65 21 andra
542 1277 63 13 mom.
622 1270 23 21 af
659 1269 106 22 allmänna
779 1271 99 21 besvärs-

53 1299 120 21 utskottets
196 1298 136 21 betänkande
356 1298 112 27 angående
491 1298 106 21 särskilda
618 1299 260 28 jernvägsanläggningar

54 1327 39 22 och
106 1326 299 29 jernvägsundersökningar,
423 1327 83 20 hvilket
522 1333 63 15 mom.
602 1327 57 21 varit
674 1327 29 21 till
715 1328 163 21 statsutskottet

53 1355 137 22 remitteradt
212 1355 7 21 i
242 1355 101 21 afseende
367 1356 12 20 å
401 1355 123 21 utlåtandes
545 1355 130 28 afgifvande,
693 1356 56 21 dock
764 1356 49 21 med
829 1357 49 20 en
865 1351 17 36 i

54 1384 173 22 statsutskottets
243 1384 80 27 afgifna
337 1383 112 22 utlåtande
465 1383 104 29 betingad
584 1384 260 29 redaktionsförändring;

123 1415 32 18 att
174 1412 160 27 presteståndet
349 1412 97 27 godkänt
462 1414 155 20 sammansatta
633 1415 63 18 stats-
712 1414 41 20 och
768 1413 109 21 ekonomi-

53 1441 120 21 utskottets
196 1440 137 22 betänkande
356 1441 7 20 i
386 1440 117 29 anledning
526 1441 22 21 af
566 1441 79 28 nådiga
665 1442 159 27 propositionen
843 1448 35 14 om

53 1469 125 28 riktningen
194 1469 23 21 af
231 1469 124 21 stambanor
370 1469 35 20 vid
419 1469 261 28 jernvägsanläggningar
695 1470 6 20 i
717 1470 100 26 Finland;

122 1500 33 18 att
172 1497 160 28 presteståndet
351 1497 104 28 enhälligt
471 1498 98 27 godkänt
584 1497 106 22 allmänna
705 1498 173 22 besvärsutskot-
