1109 1739
218 95 41 20 188
543 96 38 16 Den
594 97 10 16 3
617 96 49 17 Juni.

189 153 92 21 stämma
296 153 7 21 i
323 153 48 21 herr
388 153 133 20 Ehrnrooths
535 153 102 27 yttrande
655 153 39 20 och
711 153 125 28 tillstyrker,
860 155 32 19 att
915 153 39 21 den
975 153 35 21 nä-

189 181 49 28 diga
261 182 161 28 propositionen
445 181 67 21 måtte
532 184 97 25 antagas,
645 188 47 14 men
709 181 6 21 i
730 182 64 27 ingen
812 182 101 21 händelse
929 182 83 21 utskot-

190 212 43 19 tets
251 210 141 21 betänkande.

260 239 57 21 Herr
333 239 194 28 Björkenheim,
543 238 106 21 Robert:
667 238 96 21 Emedan
779 238 71 21 denna
865 239 97 28 lagfråga
977 239 35 20 be-

192 269 34 20 rör
242 270 32 18 ett
294 268 107 27 praktiskt
416 267 94 25 område,
525 268 57 20 inom
599 267 83 21 hvilket
695 267 38 27 jag
747 274 78 20 genom
842 268 48 20 mitt
906 268 52 27 yrke
974 269 39 19 har

193 297 69 26 någon
287 296 129 25 erfarenhet,
440 295 61 21 torde
522 296 37 20 det
578 296 80 21 tillåtas
679 295 43 28 mig
741 297 32 19 att
793 297 59 26 yttra
872 296 43 27 mig
932 296 81 21 derom.

193 324 56 21 Herr
265 323 123 22 Ehrnrooth
405 325 38 20 har
459 327 77 22 ansett,
552 327 32 17 att
600 325 131 26 skogsegare
752 324 48 21 icke
820 324 66 21 borde
901 325 20 20 få
936 326 77 19 ersätt-

193 353 50 26 ning
258 353 35 20 för
315 352 106 21 aflåtande
437 354 22 21 af
473 352 135 28 skogsmark,
625 353 96 24 emedan,
738 359 45 14 som
800 353 42 20 han
858 353 57 26 sade,
932 353 80 28 skogen

192 382 5 20 i
214 381 41 20 alla
277 381 36 20 fall
337 381 72 21 tillhör
429 382 84 21 honom.
545 381 49 21 Men
613 382 38 27 jag
667 381 35 20 vill
719 381 55 20 fästa
785 381 97 21 ståndets
898 381 114 28 uppmärk-

192 409 84 22 samhet
292 409 42 26 vid,
351 412 31 19 att
398 417 25 14 en
440 411 60 26 skog,
516 417 45 14 som
579 410 5 20 i
601 410 42 27 dag
659 410 68 20 måste
745 410 107 24 afverkas,
869 410 38 21 har
923 412 31 19 ett
970 410 44 21 helt

191 440 66 19 annat
273 438 71 26 värde,
361 439 25 19 än
403 446 33 13 om
453 438 39 21 den
508 438 33 21 får
554 438 101 21 fortvexa
670 438 6 20 i
695 438 24 20 10
735 438 13 21 å
763 439 27 20 20
805 439 30 20 år.
867 438 27 20 Vi
906 441 48 18 veta
964 438 48 26 alla,

193 469 32 19 att
241 466 36 21 det
293 467 66 25 virke,
376 474 44 13 som
438 469 23 19 är
477 466 134 22 användbart
627 466 33 21 för
675 466 125 28 försågning
811 467 39 21 och
862 467 151 27 utskeppning,

193 497 23 19 är
232 495 32 21 till
283 495 32 21 sin
336 495 81 21 storlek
433 496 81 27 ganska
531 496 115 20 bestämdt.
678 494 37 21 Ett
731 495 61 21 virke
808 496 68 20 under
891 496 52 20 visst
958 497 54 19 tum-

193 524 28 20 tal
237 525 24 19 är
277 524 158 26 oanvändbart;
452 531 27 14 en
495 524 54 27 skog
565 524 41 20 kan
623 524 5 20 i
646 523 99 21 medeltal
757 531 62 13 anses
831 524 82 28 tilltaga
924 530 26 14 en
962 523 51 22 eller

193 559 26 14 en
243 552 40 21 och
306 559 26 14 en
354 553 44 20 half
415 553 40 21 och
474 553 36 20 två
526 555 44 18 tum
588 553 26 27 på
632 554 25 19 10
673 553 30 23 år,
719 553 22 20 så
759 555 31 18 att
807 553 26 27 på
848 554 28 20 20
891 554 23 20 år
930 553 40 20 kan
987 559 27 14 en

193 580 55 28 skog
264 587 50 15 vara
330 581 86 21 alldeles
433 581 98 27 osäljbar.
564 581 94 21 Sålunda
672 582 55 27 finge
737 581 130 28 jordegaren
878 581 33 21 för
922 581 31 21 sin
965 581 49 28 dyr-

193 610 53 20 bara
262 610 112 27 egendom,
390 617 34 14 om
440 610 41 20 han
497 610 36 21 vid
548 616 26 14 en
591 610 43 20 viss
645 610 101 27 tidpunkt
757 610 68 20 måste
837 610 53 28 sälja
902 610 41 21 den
954 610 60 27 skog,

193 644 46 15 som
257 645 66 14 vexer
339 639 26 27 på
381 639 52 20 hans
450 638 66 25 mark,
532 639 24 20 så
571 638 53 28 godt
640 645 45 14 som
701 638 42 22 noll
760 638 33 21 för
805 645 81 15 samma
898 639 59 27 skog,
969 645 45 14 som

194 666 55 22 efter
265 668 66 26 några
347 668 22 20 år
385 674 50 14 vore
452 667 51 21 värd
518 668 13 20 2
547 668 13 20 å
575 668 42 20 300
633 668 60 20 mark
709 674 38 20 per
758 667 110 21 tunnland.
900 668 42 19 Det
952 674 63 14 anser

191 696 39 27 jag
253 702 50 14 vara
327 702 25 15 en
376 696 119 28 fullkomlig
514 696 105 20 orättvisa
639 698 44 18 mot
700 695 138 29 jordegaren,
857 698 32 19 ett
904 696 88 27 ingrepp
1009 696 5 19 i

195 724 163 26 eganderätten,
379 724 39 21 och
439 724 26 21 då
485 724 106 21 utskottet
608 725 5 19 i
629 725 47 20 sina
692 724 91 21 motiver
798 724 6 21 i
820 725 38 20 sitt
873 724 72 21 förord
960 724 56 20 före-

195 752 50 27 slår,
268 754 32 19 att
323 754 119 26 ersättning
461 753 53 21 skall
534 752 69 28 gifvas
622 753 33 20 för
671 752 103 22 värdefull
791 752 133 28 skogsmark,
941 753 23 20 så
979 759 37 14 an-

195 781 98 20 kommer
307 781 37 21 det
360 782 27 26 på
403 782 54 25 dem,
474 789 44 13 som
534 781 61 21 skola
611 782 98 24 värdera,
723 783 32 19 att
767 781 118 21 bestämma
897 782 35 20 det
943 780 73 26 värde,

196 816 45 14 som
265 809 70 21 denna
354 810 127 27 skogsmark
500 810 41 21 kan
558 817 47 20 ega.
636 810 31 20 På
683 810 68 28 grund
767 810 23 20 af
803 810 56 20 hvad
873 810 39 28 jag
926 816 28 14 nu
970 809 46 21 haft

195 839 52 19 äran
271 838 74 20 anföra
369 838 38 21 och
428 838 41 22 den
489 838 128 25 kännedom,
636 839 38 27 jag
687 841 45 18 tror
749 838 42 28 mig
806 845 46 21 ega,
870 838 95 21 förordar
978 838 39 28 jag

196 866 131 28 antagandet
343 867 23 20 af
379 867 117 21 utskottets
512 867 143 21 betänkande.

266 894 58 22 Herr
348 895 105 21 Munck:
477 895 73 21 Under
574 895 40 21 den
639 896 160 26 förutsättning,
816 896 32 20 att
868 895 52 21 hvar
935 896 37 20 och
990 901 26 14 en

196 923 41 21 läst
253 924 118 20 motiverna
388 924 30 20 till
435 924 117 21 utskottets
569 924 142 25 betänkande,
728 930 63 14 anser
803 924 39 27 jag
854 924 42 27 mig
906 923 47 21 icke
964 923 53 21 böra

197 952 26 27 gå
239 952 20 19 in
277 952 26 27 på
319 954 31 18 att
363 954 97 19 närmare
477 953 76 20 beröra
564 952 49 21 dess
626 953 100 26 grunder.
752 952 42 27 Jag
805 952 35 20 vill
852 952 74 20 endast
939 953 79 19 nämna

197 987 42 19 om,
255 981 32 19 att
303 981 36 20 det
355 980 81 21 händer
451 980 175 25 understundom,
643 983 32 18 att
686 980 65 21 sedan
764 982 106 25 skogarne
881 987 88 14 numera
980 981 37 19 äro

196 1008 100 26 skiftade,
312 1009 108 27 åtskilliga
435 1009 132 28 skogslotter
582 1009 49 20 falla
644 1009 32 27 sig
687 1009 86 28 mycket
785 1009 65 20 smala
862 1009 38 20 och
912 1008 106 27 utdragna

197 1037 28 27 på
236 1037 97 27 längden.
345 1037 42 21 Det
399 1037 40 21 kan
452 1038 27 20 då
489 1037 91 26 inträffa,
592 1040 32 18 att
635 1045 26 13 en
674 1039 39 26 väg
725 1037 53 20 skall
788 1037 58 20 ledas
857 1037 59 27 längs
928 1037 54 20 efter
990 1043 27 14 en

197 1065 65 21 sådan
275 1065 52 21 smal
339 1066 142 27 skogsremsa.
500 1066 141 27 Lägenheten
655 1066 82 21 blefve
729 1061 13 37 i
748 1065 76 21 sådant
836 1065 35 21 fall
880 1067 74 19 nästan
966 1067 51 18 utan

197 1093 54 28 skog
268 1094 51 20 eller
335 1094 21 21 få
373 1095 53 20 blott
442 1102 26 13 en
485 1095 110 27 obetydlig
611 1094 32 21 del
660 1094 23 21 af
696 1095 30 20 sin
744 1094 54 27 skog
813 1094 6 20 i
836 1094 76 21 behåll.
940 1093 78 21 Månne

197 1121 36 22 det
256 1122 48 21 icke
325 1129 50 14 vore
396 1123 101 28 riktigare
518 1125 31 18 att
565 1123 89 26 kronan,
671 1123 36 20 det
723 1122 114 25 allmänna,
854 1122 68 21 skulle
938 1123 80 20 ersätta

197 1157 26 16 en
245 1151 66 20 sådan
331 1151 135 27 skogsmark,
486 1153 26 18 än
529 1153 31 19 att
576 1151 40 21 den
634 1151 96 21 enskilde
747 1151 68 20 skulle
831 1151 21 20 få
868 1151 56 20 lida?
947 1150 71 21 Emel-

197 1179 63 22 lertid
283 1181 24 19 är
327 1180 36 20 det
382 1179 66 26 fallet,
469 1182 30 19 att
520 1180 26 20 då
566 1180 63 26 lagen
651 1180 22 20 af
688 1180 53 20 1734
763 1179 133 24 emanerade,
912 1179 106 28 skogarne

198 1215 51 14 voro
274 1208 5 20 i
303 1208 116 21 allmänhet
442 1209 46 20 icke
511 1208 101 26 skiftade,
633 1208 130 21 åtminstone
783 1208 99 20 tillhörde
903 1207 25 22 de
949 1209 69 20 större

197 1236 105 21 samfälda
323 1236 83 28 byalag,
427 1237 39 20 och
487 1237 26 20 då
534 1236 72 21 kunde
623 1237 35 20 det
675 1237 94 26 regleras
785 1236 95 26 sålunda,
896 1238 31 19 att
942 1243 33 14 om
992 1243 26 14 en

197 1265 47 21 blef
265 1265 23 20 af
307 1265 48 20 med
376 1265 31 20 sin
427 1266 54 27 skog
501 1265 32 21 för
548 1265 77 20 allmän
642 1265 110 27 landsväg,
769 1265 71 20 kunde
857 1265 40 20 han
914 1265 20 20 få
949 1265 69 27 någon

197 1293 122 27 ersättning
342 1293 23 20 af
386 1301 127 19 grannarne,
538 1300 48 14 men
608 1300 34 18 nu,
662 1293 66 20 sedan
745 1293 107 28 skogarne
868 1294 36 19 äro
920 1293 100 24 skiftade,

198 1329 34 14 om
249 1321 41 21 han
311 1322 47 20 icke
379 1322 69 21 skulle
466 1322 20 20 fä
501 1322 39 21 full
556 1322 111 26 betalning
682 1321 23 21 af
719 1321 90 26 kronan,
825 1321 70 21 blefve
912 1321 39 20 han
968 1323 52 18 utan

198 1351 27 20 all
249 1350 120 27 ersättning
393 1351 102 20 beröfvad
520 1351 31 20 sin
573 1350 117 21 värdefulla
712 1351 111 26 egendom.
854 1350 42 27 Jag
911 1349 34 21 vill
962 1349 58 21 dess-

197 1381 60 19 utom
281 1379 56 20 fästa
358 1379 115 27 höglofliga
493 1379 96 20 ständets
608 1379 191 26 uppmärksamhet
818 1379 34 26 pä,
867 1381 31 18 att
913 1378 37 20 här
965 1378 57 21 blott

197 1409 24 19 är
237 1407 60 28 fräga
313 1413 34 14 om
365 1407 129 28 landsvägar
510 1407 39 21 och
565 1407 55 26 icke,
637 1408 69 19 säsom
723 1407 50 20 herr
790 1407 122 20 Ehrnrooth
928 1406 93 27 yttrade,

197 1443 34 14 om
249 1435 116 28 byavägar.
397 1435 42 28 Jag
455 1436 96 21 förordar
568 1435 83 21 säledes
667 1435 130 28 antagandet
812 1435 24 20 af
852 1435 117 20 utskottets
986 1435 35 20 be-

197 1464 116 21 tänkande.

266 1492 59 22 Herr
348 1498 49 15 von
421 1492 123 22 Kremer:
560 1492 43 28 Jag
624 1492 37 20 ber
677 1493 32 20 att
724 1492 22 20 få
761 1492 74 20 förena
850 1492 44 28 mig
909 1492 47 20 med
973 1491 49 21 herr
