<?xml version="1.0" encoding="UTF-8"?>
<alto xmlns="http://www.loc.gov/standards/alto/ns-v3#" xmlns:xlink="http://www.w3.org/1999/xlink" xmlns:xsi="http://www.w3.org/2001/XMLSchema-instance" xsi:schemaLocation="http://www.loc.gov/standards/alto/ns-v3# http://www.loc.gov/alto/v3/alto-3-0.xsd">
	<Description>
		<MeasurementUnit>pixel</MeasurementUnit>
		<sourceImageInformation>
			<fileName>/tmp/tess_5q5hnio8_input.PNG</fileName>
		</sourceImageInformation>
		<OCRProcessing ID="OCR_0">
			<ocrProcessingStep>
				<processingSoftware>
					<softwareName>tesseract 5.3.4</softwareName>
				</processingSoftware>
			</ocrProcessingStep>
		</OCRProcessing>
	</Description>
	<Layout>
		<Page WIDTH="1109" HEIGHT="1739" PHYSICAL_IMG_NR="0" ID="page_0">
			<PrintSpace HPOS="0" VPOS="0" WIDTH="1109" HEIGHT="1739">
				<GraphicalElement ID="cblock_0" HPOS="0" VPOS="48" WIDTH="6" HEIGHT="914"></GraphicalElement >
				<ComposedBlock ID="cblock_1" HPOS="426" VPOS="105" WIDTH="451" HEIGHT="23">
					<TextBlock ID="block_0" HPOS="426" VPOS="105" WIDTH="451" HEIGHT="23">
						<TextLine ID="line_0" HPOS="426" VPOS="105" WIDTH="451" HEIGHT="23">
							<String ID="string_0" HPOS="426" VPOS="105" WIDTH="39" HEIGHT="16" WC="0.95" CONTENT="Den"/><SP WIDTH="14" VPOS="105" HPOS="465"/>
							<String ID="string_1" HPOS="479" VPOS="106" WIDTH="20" HEIGHT="15" WC="0.95" CONTENT="13"/><SP WIDTH="14" VPOS="106" HPOS="499"/>
							<String ID="string_2" HPOS="513" VPOS="105" WIDTH="47" HEIGHT="16" WC="0.96" CONTENT="Juni."/><SP WIDTH="276" VPOS="105" HPOS="560"/>
							<String ID="string_3" HPOS="836" VPOS="107" WIDTH="41" HEIGHT="21" WC="0.96" CONTENT="387"/>
						</TextLine>
					</TextBlock>
				</ComposedBlock>
				<ComposedBlock ID="cblock_2" HPOS="76" VPOS="161" WIDTH="835" HEIGHT="1341">
					<TextBlock ID="block_1" HPOS="77" VPOS="161" WIDTH="828" HEIGHT="109">
						<TextLine ID="line_1" HPOS="77" VPOS="161" WIDTH="828" HEIGHT="30">
							<String ID="string_4" HPOS="77" VPOS="164" WIDTH="118" HEIGHT="27" WC="0.91" CONTENT="derskapet"/><SP WIDTH="23" VPOS="164" HPOS="195"/>
							<String ID="string_5" HPOS="218" VPOS="163" WIDTH="40" HEIGHT="21" WC="0.96" CONTENT="och"/><SP WIDTH="23" VPOS="163" HPOS="258"/>
							<String ID="string_6" HPOS="281" VPOS="162" WIDTH="63" HEIGHT="21" WC="0.96" CONTENT="adeln"/><SP WIDTH="20" VPOS="162" HPOS="344"/>
							<String ID="string_7" HPOS="364" VPOS="161" WIDTH="31" HEIGHT="22" WC="0.93" CONTENT="till"/><SP WIDTH="20" VPOS="161" HPOS="395"/>
							<String ID="string_8" HPOS="415" VPOS="161" WIDTH="94" HEIGHT="22" WC="0.89" CONTENT="enskildt"/><SP WIDTH="15" VPOS="161" HPOS="509"/>
							<String ID="string_9" HPOS="524" VPOS="161" WIDTH="97" HEIGHT="28" WC="0.93" CONTENT="plenum,"/><SP WIDTH="16" VPOS="161" HPOS="621"/>
							<String ID="string_10" HPOS="637" VPOS="162" WIDTH="76" HEIGHT="21" WC="0.92" CONTENT="dervid"/><SP WIDTH="16" VPOS="162" HPOS="713"/>
							<String ID="string_11" HPOS="729" VPOS="163" WIDTH="46" HEIGHT="20" WC="0.93" CONTENT="vice"/><SP WIDTH="15" VPOS="163" HPOS="775"/>
							<String ID="string_12" HPOS="790" VPOS="163" WIDTH="115" HEIGHT="22" WC="0.90" CONTENT="landtmar-"/>
						</TextLine>
						<TextLine ID="line_2" HPOS="77" VPOS="190" WIDTH="827" HEIGHT="29">
							<String ID="string_13" HPOS="77" VPOS="192" WIDTH="99" HEIGHT="27" WC="0.89" CONTENT="skalken,"/><SP WIDTH="20" VPOS="192" HPOS="176"/>
							<String ID="string_14" HPOS="196" VPOS="191" WIDTH="91" HEIGHT="20" WC="0.95" CONTENT="friherre"/><SP WIDTH="20" VPOS="191" HPOS="287"/>
							<String ID="string_15" HPOS="307" VPOS="197" WIDTH="42" HEIGHT="14" WC="0.96" CONTENT="von"/><SP WIDTH="16" VPOS="197" HPOS="349"/>
							<String ID="string_16" HPOS="365" VPOS="190" WIDTH="66" HEIGHT="27" WC="0.95" CONTENT="Born,"/><SP WIDTH="15" VPOS="190" HPOS="431"/>
							<String ID="string_17" HPOS="446" VPOS="190" WIDTH="7" HEIGHT="20" WC="0.96" CONTENT="i"/><SP WIDTH="16" VPOS="190" HPOS="453"/>
							<String ID="string_18" HPOS="469" VPOS="190" WIDTH="108" HEIGHT="21" WC="0.95" CONTENT="anseende"/><SP WIDTH="18" VPOS="190" HPOS="577"/>
							<String ID="string_19" HPOS="595" VPOS="190" WIDTH="34" HEIGHT="21" WC="0.96" CONTENT="till"/><SP WIDTH="15" VPOS="190" HPOS="629"/>
							<String ID="string_20" HPOS="644" VPOS="191" WIDTH="50" HEIGHT="20" WC="0.93" CONTENT="herr"/><SP WIDTH="15" VPOS="191" HPOS="694"/>
							<String ID="string_21" HPOS="709" VPOS="191" WIDTH="195" HEIGHT="22" WC="0.92" CONTENT="landtmarskalken"/>
						</TextLine>
						<TextLine ID="line_3" HPOS="77" VPOS="218" WIDTH="827" HEIGHT="32">
							<String ID="string_22" HPOS="77" VPOS="221" WIDTH="92" HEIGHT="22" WC="0.93" CONTENT="friherre"/><SP WIDTH="19" VPOS="221" HPOS="169"/>
							<String ID="string_23" HPOS="188" VPOS="219" WIDTH="157" HEIGHT="31" WC="0.92" CONTENT="Nordenstams"/><SP WIDTH="18" VPOS="219" HPOS="345"/>
							<String ID="string_24" HPOS="363" VPOS="218" WIDTH="132" HEIGHT="21" WC="0.96" CONTENT="fortfarande"/><SP WIDTH="16" VPOS="218" HPOS="495"/>
							<String ID="string_25" HPOS="511" VPOS="218" WIDTH="112" HEIGHT="28" WC="0.96" CONTENT="sjukdom,"/><SP WIDTH="15" VPOS="218" HPOS="623"/>
							<String ID="string_26" HPOS="638" VPOS="219" WIDTH="61" HEIGHT="28" WC="0.91" CONTENT="intog"/><SP WIDTH="15" VPOS="219" HPOS="699"/>
							<String ID="string_27" HPOS="714" VPOS="219" WIDTH="190" HEIGHT="22" WC="0.89" CONTENT="landtmarskalks-"/>
						</TextLine>
						<TextLine ID="line_4" HPOS="92" VPOS="250" WIDTH="77" HEIGHT="20">
							<String ID="string_28" HPOS="92" VPOS="250" WIDTH="77" HEIGHT="20" WC="0.90" CONTENT="latsen."/>
						</TextLine>
					</TextBlock>
					<TextBlock ID="block_2" HPOS="76" VPOS="257" WIDTH="830" HEIGHT="134">
						<TextLine ID="line_5" HPOS="77" VPOS="257" WIDTH="827" HEIGHT="46">
							<String ID="string_29" HPOS="77" VPOS="257" WIDTH="13" HEIGHT="20" WC="0.66" CONTENT="P"/><SP WIDTH="57" VPOS="257" HPOS="90"/>
							<String ID="string_30" HPOS="147" VPOS="276" WIDTH="51" HEIGHT="22" WC="0.96" CONTENT="Med"/><SP WIDTH="15" VPOS="276" HPOS="198"/>
							<String ID="string_31" HPOS="213" VPOS="275" WIDTH="88" HEIGHT="28" WC="0.96" CONTENT="ledning"/><SP WIDTH="15" VPOS="275" HPOS="301"/>
							<String ID="string_32" HPOS="316" VPOS="275" WIDTH="23" HEIGHT="21" WC="0.96" CONTENT="af"/><SP WIDTH="14" VPOS="275" HPOS="339"/>
							<String ID="string_33" HPOS="353" VPOS="275" WIDTH="40" HEIGHT="21" WC="0.97" CONTENT="den"/><SP WIDTH="16" VPOS="275" HPOS="393"/>
							<String ID="string_34" HPOS="409" VPOS="275" WIDTH="68" HEIGHT="21" WC="0.96" CONTENT="under"/><SP WIDTH="15" VPOS="275" HPOS="477"/>
							<String ID="string_35" HPOS="492" VPOS="275" WIDTH="36" HEIGHT="20" WC="0.96" CONTENT="det"/><SP WIDTH="16" VPOS="275" HPOS="528"/>
							<String ID="string_36" HPOS="544" VPOS="275" WIDTH="111" HEIGHT="21" WC="0.93" CONTENT="allmänna"/><SP WIDTH="11" VPOS="275" HPOS="655"/>
							<String ID="string_37" HPOS="666" VPOS="276" WIDTH="169" HEIGHT="22" WC="0.91" CONTENT="sammanträdet"/><SP WIDTH="10" VPOS="276" HPOS="835"/>
							<String ID="string_38" HPOS="845" VPOS="277" WIDTH="7" HEIGHT="21" WC="0.93" CONTENT="i"/><SP WIDTH="11" VPOS="277" HPOS="852"/>
							<String ID="string_39" HPOS="863" VPOS="277" WIDTH="41" HEIGHT="22" WC="0.92" CONTENT="frä-"/>
						</TextLine>
						<TextLine ID="line_6" HPOS="76" VPOS="303" WIDTH="828" HEIGHT="31">
							<String ID="string_40" HPOS="76" VPOS="313" WIDTH="44" HEIGHT="21" WC="0.92" CONTENT="gan"/><SP WIDTH="24" VPOS="313" HPOS="120"/>
							<String ID="string_41" HPOS="144" VPOS="312" WIDTH="34" HEIGHT="14" WC="0.93" CONTENT="om"/><SP WIDTH="19" VPOS="312" HPOS="178"/>
							<String ID="string_42" HPOS="197" VPOS="304" WIDTH="134" HEIGHT="28" WC="0.92" CONTENT="uppförande"/><SP WIDTH="19" VPOS="304" HPOS="331"/>
							<String ID="string_43" HPOS="350" VPOS="304" WIDTH="23" HEIGHT="21" WC="0.96" CONTENT="af"/><SP WIDTH="16" VPOS="304" HPOS="373"/>
							<String ID="string_44" HPOS="389" VPOS="306" WIDTH="32" HEIGHT="19" WC="0.93" CONTENT="ett"/><SP WIDTH="18" VPOS="306" HPOS="421"/>
							<String ID="string_45" HPOS="439" VPOS="303" WIDTH="128" HEIGHT="22" WC="0.92" CONTENT="ständerhus"/><SP WIDTH="15" VPOS="303" HPOS="567"/>
							<String ID="string_46" HPOS="582" VPOS="303" WIDTH="117" HEIGHT="22" WC="0.87" CONTENT="förefallna"/><SP WIDTH="16" VPOS="303" HPOS="699"/>
							<String ID="string_47" HPOS="715" VPOS="304" WIDTH="121" HEIGHT="22" WC="0.92" CONTENT="diskussion"/><SP WIDTH="16" VPOS="304" HPOS="836"/>
							<String ID="string_48" HPOS="852" VPOS="313" WIDTH="52" HEIGHT="21" WC="0.92" CONTENT="upp-"/>
						</TextLine>
						<TextLine ID="line_7" HPOS="78" VPOS="332" WIDTH="828" HEIGHT="28">
							<String ID="string_49" HPOS="78" VPOS="333" WIDTH="88" HEIGHT="22" WC="0.96" CONTENT="ställdes"/><SP WIDTH="17" VPOS="333" HPOS="166"/>
							<String ID="string_50" HPOS="183" VPOS="333" WIDTH="31" HEIGHT="21" WC="0.93" CONTENT="till"/><SP WIDTH="15" VPOS="333" HPOS="214"/>
							<String ID="string_51" HPOS="229" VPOS="332" WIDTH="161" HEIGHT="28" WC="0.92" CONTENT="ridderskapets"/><SP WIDTH="20" VPOS="332" HPOS="390"/>
							<String ID="string_52" HPOS="410" VPOS="332" WIDTH="40" HEIGHT="21" WC="0.93" CONTENT="och"/><SP WIDTH="19" VPOS="332" HPOS="450"/>
							<String ID="string_53" HPOS="469" VPOS="332" WIDTH="73" HEIGHT="21" WC="0.92" CONTENT="adelns"/><SP WIDTH="21" VPOS="332" HPOS="542"/>
							<String ID="string_54" HPOS="563" VPOS="332" WIDTH="137" HEIGHT="21" WC="0.92" CONTENT="besvarande"/><SP WIDTH="16" VPOS="332" HPOS="700"/>
							<String ID="string_55" HPOS="716" VPOS="333" WIDTH="55" HEIGHT="21" WC="0.93" CONTENT="efter"/><SP WIDTH="14" VPOS="333" HPOS="771"/>
							<String ID="string_56" HPOS="785" VPOS="333" WIDTH="121" HEIGHT="23" WC="0.96" CONTENT="hvarandra"/>
						</TextLine>
						<TextLine ID="line_8" HPOS="77" VPOS="361" WIDTH="281" HEIGHT="30">
							<String ID="string_57" HPOS="77" VPOS="362" WIDTH="96" HEIGHT="29" WC="0.93" CONTENT="följande"/><SP WIDTH="16" VPOS="362" HPOS="173"/>
							<String ID="string_58" HPOS="189" VPOS="361" WIDTH="169" HEIGHT="28" WC="0.91" CONTENT="propositioner:"/>
						</TextLine>
					</TextBlock>
					<TextBlock ID="block_3" HPOS="77" VPOS="389" WIDTH="828" HEIGHT="80">
						<TextLine ID="line_9" HPOS="149" VPOS="389" WIDTH="755" HEIGHT="28">
							<String ID="string_59" HPOS="149" VPOS="407" WIDTH="5" HEIGHT="10" WC="0.26" CONTENT=","/><SP WIDTH="2" VPOS="407" HPOS="154"/>
							<String ID="string_60" HPOS="156" VPOS="390" WIDTH="138" HEIGHT="27" WC="0.26" CONTENT="Godkänner"/><SP WIDTH="15" VPOS="390" HPOS="294"/>
							<String ID="string_61" HPOS="309" VPOS="389" WIDTH="150" HEIGHT="28" WC="0.96" CONTENT="ridderskapet"/><SP WIDTH="16" VPOS="389" HPOS="459"/>
							<String ID="string_62" HPOS="475" VPOS="389" WIDTH="39" HEIGHT="21" WC="0.93" CONTENT="och"/><SP WIDTH="15" VPOS="389" HPOS="514"/>
							<String ID="string_63" HPOS="529" VPOS="389" WIDTH="64" HEIGHT="20" WC="0.96" CONTENT="adeln"/><SP WIDTH="18" VPOS="389" HPOS="593"/>
							<String ID="string_64" HPOS="611" VPOS="389" WIDTH="68" HEIGHT="21" WC="0.93" CONTENT="första"/><SP WIDTH="11" VPOS="389" HPOS="679"/>
							<String ID="string_65" HPOS="690" VPOS="392" WIDTH="117" HEIGHT="19" WC="0.96" CONTENT="momentet"/><SP WIDTH="10" VPOS="392" HPOS="807"/>
							<String ID="string_66" HPOS="817" VPOS="391" WIDTH="25" HEIGHT="20" WC="0.93" CONTENT="af"/><SP WIDTH="8" VPOS="391" HPOS="842"/>
							<String ID="string_67" HPOS="850" VPOS="398" WIDTH="54" HEIGHT="14" WC="0.92" CONTENT="sam-"/>
						</TextLine>
						<TextLine ID="line_10" HPOS="77" VPOS="417" WIDTH="828" HEIGHT="31">
							<String ID="string_68" HPOS="77" VPOS="421" WIDTH="110" HEIGHT="20" WC="0.92" CONTENT="mansatta"/><SP WIDTH="14" VPOS="421" HPOS="187"/>
							<String ID="string_69" HPOS="201" VPOS="421" WIDTH="63" HEIGHT="18" WC="0.70" CONTENT="stats-"/><SP WIDTH="16" VPOS="421" HPOS="264"/>
							<String ID="string_70" HPOS="280" VPOS="419" WIDTH="40" HEIGHT="19" WC="0.93" CONTENT="och"/><SP WIDTH="16" VPOS="419" HPOS="320"/>
							<String ID="string_71" HPOS="336" VPOS="417" WIDTH="218" HEIGHT="21" WC="0.92" CONTENT="ekonomiutskottets"/><SP WIDTH="16" VPOS="417" HPOS="554"/>
							<String ID="string_72" HPOS="570" VPOS="417" WIDTH="141" HEIGHT="22" WC="0.96" CONTENT="betänkande"/><SP WIDTH="15" VPOS="417" HPOS="711"/>
							<String ID="string_73" HPOS="726" VPOS="419" WIDTH="111" HEIGHT="27" WC="0.91" CONTENT="angående"/><SP WIDTH="15" VPOS="419" HPOS="837"/>
							<String ID="string_74" HPOS="852" VPOS="427" WIDTH="53" HEIGHT="21" WC="0.92" CONTENT="upp-"/>
						</TextLine>
						<TextLine ID="line_11" HPOS="78" VPOS="446" WIDTH="357" HEIGHT="23">
							<String ID="string_75" HPOS="78" VPOS="448" WIDTH="101" HEIGHT="21" WC="0.90" CONTENT="förandet"/><SP WIDTH="16" VPOS="448" HPOS="179"/>
							<String ID="string_76" HPOS="195" VPOS="447" WIDTH="24" HEIGHT="20" WC="0.96" CONTENT="af"/><SP WIDTH="13" VPOS="447" HPOS="219"/>
							<String ID="string_77" HPOS="232" VPOS="448" WIDTH="31" HEIGHT="20" WC="0.93" CONTENT="ett"/><SP WIDTH="15" VPOS="448" HPOS="263"/>
							<String ID="string_78" HPOS="278" VPOS="446" WIDTH="157" HEIGHT="21" WC="0.63" CONTENT="ständerhus?&#39;*"/>
						</TextLine>
					</TextBlock>
					<TextBlock ID="block_4" HPOS="78" VPOS="474" WIDTH="826" HEIGHT="86">
						<TextLine ID="line_12" HPOS="148" VPOS="474" WIDTH="756" HEIGHT="28">
							<String ID="string_79" HPOS="148" VPOS="493" WIDTH="12" HEIGHT="9" WC="0.32" CONTENT="»"/><SP WIDTH="2" VPOS="493" HPOS="160"/>
							<String ID="string_80" HPOS="162" VPOS="476" WIDTH="83" HEIGHT="21" WC="0.86" CONTENT="Vinner"/><SP WIDTH="22" VPOS="476" HPOS="245"/>
							<String ID="string_81" HPOS="267" VPOS="475" WIDTH="42" HEIGHT="27" WC="0.93" CONTENT="nej,"/><SP WIDTH="23" VPOS="475" HPOS="309"/>
							<String ID="string_82" HPOS="332" VPOS="474" WIDTH="88" HEIGHT="28" WC="0.91" CONTENT="utbytas"/><SP WIDTH="23" VPOS="474" HPOS="420"/>
							<String ID="string_83" HPOS="443" VPOS="474" WIDTH="66" HEIGHT="21" WC="0.93" CONTENT="orden"/><SP WIDTH="19" VPOS="474" HPOS="509"/>
							<String ID="string_84" HPOS="528" VPOS="474" WIDTH="20" HEIGHT="26" WC="0.83" CONTENT=",i"/><SP WIDTH="18" VPOS="474" HPOS="548"/>
							<String ID="string_85" HPOS="566" VPOS="474" WIDTH="156" HEIGHT="28" WC="0.92" CONTENT="hufvudsaklig"/><SP WIDTH="16" VPOS="474" HPOS="722"/>
							<String ID="string_86" HPOS="738" VPOS="476" WIDTH="166" HEIGHT="21" WC="0.92" CONTENT="öfverensstäm-"/>
						</TextLine>
						<TextLine ID="line_13" HPOS="79" VPOS="503" WIDTH="825" HEIGHT="29">
							<String ID="string_87" HPOS="79" VPOS="506" WIDTH="67" HEIGHT="21" WC="0.92" CONTENT="melse"/><SP WIDTH="16" VPOS="506" HPOS="146"/>
							<String ID="string_88" HPOS="162" VPOS="504" WIDTH="49" HEIGHT="22" WC="0.96" CONTENT="med"/><SP WIDTH="16" VPOS="504" HPOS="211"/>
							<String ID="string_89" HPOS="227" VPOS="511" WIDTH="25" HEIGHT="14" WC="0.96" CONTENT="en"/><SP WIDTH="15" VPOS="511" HPOS="252"/>
							<String ID="string_90" HPOS="267" VPOS="504" WIDTH="7" HEIGHT="20" WC="0.93" CONTENT="i"/><SP WIDTH="16" VPOS="504" HPOS="274"/>
							<String ID="string_91" HPOS="290" VPOS="503" WIDTH="77" HEIGHT="21" WC="0.95" CONTENT="sådant"/><SP WIDTH="15" VPOS="503" HPOS="367"/>
							<String ID="string_92" HPOS="382" VPOS="503" WIDTH="101" HEIGHT="21" WC="0.96" CONTENT="afseende"/><SP WIDTH="15" VPOS="503" HPOS="483"/>
							<String ID="string_93" HPOS="498" VPOS="503" WIDTH="110" HEIGHT="27" WC="0.93" CONTENT="uppgjord"/><SP WIDTH="17" VPOS="503" HPOS="608"/>
							<String ID="string_94" HPOS="625" VPOS="503" WIDTH="163" HEIGHT="29" WC="0.45" CONTENT="eskissritning&#39;&#39;"/><SP WIDTH="17" VPOS="503" HPOS="788"/>
							<String ID="string_95" HPOS="805" VPOS="506" WIDTH="44" HEIGHT="20" WC="0.93" CONTENT="mot"/><SP WIDTH="12" VPOS="506" HPOS="849"/>
							<String ID="string_96" HPOS="861" VPOS="505" WIDTH="43" HEIGHT="25" WC="0.92" CONTENT=",,ef-"/>
						</TextLine>
						<TextLine ID="line_14" HPOS="78" VPOS="532" WIDTH="253" HEIGHT="28">
							<String ID="string_97" HPOS="78" VPOS="536" WIDTH="35" HEIGHT="20" WC="0.96" CONTENT="ter"/><SP WIDTH="14" VPOS="536" HPOS="113"/>
							<String ID="string_98" HPOS="127" VPOS="533" WIDTH="90" HEIGHT="27" WC="0.93" CONTENT="lämplig"/><SP WIDTH="14" VPOS="533" HPOS="217"/>
							<String ID="string_99" HPOS="231" VPOS="532" WIDTH="100" HEIGHT="27" WC="0.82" CONTENT="ritning&#39;."/>
						</TextLine>
					</TextBlock>
					<TextBlock ID="block_5" HPOS="79" VPOS="560" WIDTH="825" HEIGHT="81">
						<TextLine ID="line_15" HPOS="149" VPOS="560" WIDTH="755" HEIGHT="29">
							<String ID="string_100" HPOS="149" VPOS="562" WIDTH="32" HEIGHT="20" WC="0.93" CONTENT="Dä"/><SP WIDTH="20" VPOS="562" HPOS="181"/>
							<String ID="string_101" HPOS="201" VPOS="562" WIDTH="70" HEIGHT="20" WC="0.96" CONTENT="denna"/><SP WIDTH="20" VPOS="562" HPOS="271"/>
							<String ID="string_102" HPOS="291" VPOS="560" WIDTH="134" HEIGHT="28" WC="0.93" CONTENT="proposition"/><SP WIDTH="20" VPOS="560" HPOS="425"/>
							<String ID="string_103" HPOS="445" VPOS="560" WIDTH="131" HEIGHT="21" WC="0.92" CONTENT="besvarades"/><SP WIDTH="16" VPOS="560" HPOS="576"/>
							<String ID="string_104" HPOS="592" VPOS="560" WIDTH="52" HEIGHT="21" WC="0.96" CONTENT="med"/><SP WIDTH="16" VPOS="560" HPOS="644"/>
							<String ID="string_105" HPOS="660" VPOS="560" WIDTH="88" HEIGHT="21" WC="0.96" CONTENT="allmänt"/><SP WIDTH="15" VPOS="560" HPOS="748"/>
							<String ID="string_106" HPOS="763" VPOS="562" WIDTH="41" HEIGHT="27" WC="0.96" CONTENT="nej,"/><SP WIDTH="17" VPOS="562" HPOS="804"/>
							<String ID="string_107" HPOS="821" VPOS="569" WIDTH="38" HEIGHT="13" WC="0.93" CONTENT="var"/><SP WIDTH="15" VPOS="569" HPOS="859"/>
							<String ID="string_108" HPOS="874" VPOS="562" WIDTH="30" HEIGHT="21" WC="0.90" CONTENT="of-"/>
						</TextLine>
						<TextLine ID="line_16" HPOS="79" VPOS="588" WIDTH="825" HEIGHT="30">
							<String ID="string_109" HPOS="79" VPOS="590" WIDTH="136" HEIGHT="22" WC="0.91" CONTENT="vannämnda"/><SP WIDTH="21" VPOS="590" HPOS="215"/>
							<String ID="string_110" HPOS="236" VPOS="588" WIDTH="125" HEIGHT="28" WC="0.91" CONTENT="förändring"/><SP WIDTH="22" VPOS="588" HPOS="361"/>
							<String ID="string_111" HPOS="383" VPOS="589" WIDTH="6" HEIGHT="20" WC="0.92" CONTENT="i"/><SP WIDTH="24" VPOS="589" HPOS="389"/>
							<String ID="string_112" HPOS="413" VPOS="588" WIDTH="117" HEIGHT="22" WC="0.92" CONTENT="utskottets"/><SP WIDTH="24" VPOS="588" HPOS="530"/>
							<String ID="string_113" HPOS="554" VPOS="588" WIDTH="139" HEIGHT="22" WC="0.92" CONTENT="betänkande"/><SP WIDTH="19" VPOS="588" HPOS="693"/>
							<String ID="string_114" HPOS="712" VPOS="589" WIDTH="23" HEIGHT="21" WC="0.93" CONTENT="af"/><SP WIDTH="18" VPOS="589" HPOS="735"/>
							<String ID="string_115" HPOS="753" VPOS="590" WIDTH="151" HEIGHT="28" WC="0.92" CONTENT="ridderskapet"/>
						</TextLine>
						<TextLine ID="line_17" HPOS="80" VPOS="617" WIDTH="247" HEIGHT="24">
							<String ID="string_116" HPOS="80" VPOS="619" WIDTH="40" HEIGHT="22" WC="0.93" CONTENT="och"/><SP WIDTH="16" VPOS="619" HPOS="120"/>
							<String ID="string_117" HPOS="136" VPOS="618" WIDTH="64" HEIGHT="22" WC="0.90" CONTENT="adeln"/><SP WIDTH="16" VPOS="618" HPOS="200"/>
							<String ID="string_118" HPOS="216" VPOS="617" WIDTH="111" HEIGHT="22" WC="0.90" CONTENT="omfattad."/>
						</TextLine>
					</TextBlock>
					<TextBlock ID="block_6" HPOS="79" VPOS="645" WIDTH="827" HEIGHT="338">
						<TextLine ID="line_18" HPOS="148" VPOS="645" WIDTH="756" HEIGHT="29">
							<String ID="string_119" HPOS="148" VPOS="647" WIDTH="66" HEIGHT="21" WC="0.90" CONTENT="Uppä"/><SP WIDTH="19" VPOS="647" HPOS="214"/>
							<String ID="string_120" HPOS="233" VPOS="646" WIDTH="48" HEIGHT="21" WC="0.96" CONTENT="herr"/><SP WIDTH="18" VPOS="646" HPOS="281"/>
							<String ID="string_121" HPOS="299" VPOS="646" WIDTH="47" HEIGHT="21" WC="0.93" CONTENT="vice"/><SP WIDTH="15" VPOS="646" HPOS="346"/>
							<String ID="string_122" HPOS="361" VPOS="646" WIDTH="209" HEIGHT="21" WC="0.85" CONTENT="landtmarskalkens"/><SP WIDTH="16" VPOS="646" HPOS="570"/>
							<String ID="string_123" HPOS="586" VPOS="645" WIDTH="159" HEIGHT="29" WC="0.96" CONTENT="framställning"/><SP WIDTH="18" VPOS="645" HPOS="745"/>
							<String ID="string_124" HPOS="763" VPOS="646" WIDTH="68" HEIGHT="22" WC="0.93" CONTENT="beslöt"/><SP WIDTH="16" VPOS="646" HPOS="831"/>
							<String ID="string_125" HPOS="847" VPOS="648" WIDTH="57" HEIGHT="20" WC="0.92" CONTENT="stän-"/>
						</TextLine>
						<TextLine ID="line_19" HPOS="80" VPOS="674" WIDTH="823" HEIGHT="28">
							<String ID="string_126" HPOS="80" VPOS="676" WIDTH="38" HEIGHT="22" WC="0.92" CONTENT="det"/><SP WIDTH="22" VPOS="676" HPOS="118"/>
							<String ID="string_127" HPOS="140" VPOS="676" WIDTH="54" HEIGHT="21" WC="0.90" CONTENT="härä"/><SP WIDTH="22" VPOS="676" HPOS="194"/>
							<String ID="string_128" HPOS="216" VPOS="677" WIDTH="32" HEIGHT="19" WC="0.92" CONTENT="att"/><SP WIDTH="23" VPOS="677" HPOS="248"/>
							<String ID="string_129" HPOS="271" VPOS="677" WIDTH="78" HEIGHT="25" WC="0.92" CONTENT="antaga"/><SP WIDTH="23" VPOS="677" HPOS="349"/>
							<String ID="string_130" HPOS="372" VPOS="676" WIDTH="156" HEIGHT="19" WC="0.91" CONTENT="sammansatta"/><SP WIDTH="17" VPOS="676" HPOS="528"/>
							<String ID="string_131" HPOS="545" VPOS="676" WIDTH="66" HEIGHT="18" WC="0.91" CONTENT="stats-"/><SP WIDTH="17" VPOS="676" HPOS="611"/>
							<String ID="string_132" HPOS="628" VPOS="674" WIDTH="39" HEIGHT="21" WC="0.93" CONTENT="och"/><SP WIDTH="16" VPOS="674" HPOS="667"/>
							<String ID="string_133" HPOS="683" VPOS="674" WIDTH="220" HEIGHT="23" WC="0.92" CONTENT="ekonomiutskottets"/>
						</TextLine>
						<TextLine ID="line_20" HPOS="80" VPOS="703" WIDTH="824" HEIGHT="29">
							<String ID="string_134" HPOS="80" VPOS="704" WIDTH="89" HEIGHT="28" WC="0.96" CONTENT="förslag,"/><SP WIDTH="17" VPOS="704" HPOS="169"/>
							<String ID="string_135" HPOS="186" VPOS="706" WIDTH="32" HEIGHT="19" WC="0.93" CONTENT="att"/><SP WIDTH="15" VPOS="706" HPOS="218"/>
							<String ID="string_136" HPOS="233" VPOS="703" WIDTH="85" HEIGHT="21" WC="0.92" CONTENT="landets"/><SP WIDTH="17" VPOS="703" HPOS="318"/>
							<String ID="string_137" HPOS="335" VPOS="703" WIDTH="87" HEIGHT="21" WC="0.92" CONTENT="ständer"/><SP WIDTH="15" VPOS="703" HPOS="422"/>
							<String ID="string_138" HPOS="437" VPOS="704" WIDTH="68" HEIGHT="20" WC="0.92" CONTENT="mätte"/><SP WIDTH="16" VPOS="704" HPOS="505"/>
							<String ID="string_139" HPOS="521" VPOS="703" WIDTH="31" HEIGHT="20" WC="0.93" CONTENT="uti"/><SP WIDTH="10" VPOS="703" HPOS="552"/>
							<String ID="string_140" HPOS="562" VPOS="703" WIDTH="135" HEIGHT="27" WC="0.92" CONTENT="underdänig"/><SP WIDTH="11" VPOS="703" HPOS="697"/>
							<String ID="string_141" HPOS="708" VPOS="704" WIDTH="119" HEIGHT="27" WC="0.90" CONTENT="skrifvelse,"/><SP WIDTH="9" VPOS="704" HPOS="827"/>
							<String ID="string_142" HPOS="836" VPOS="705" WIDTH="68" HEIGHT="27" WC="0.92" CONTENT="jemte"/>
						</TextLine>
						<TextLine ID="line_21" HPOS="80" VPOS="731" WIDTH="824" HEIGHT="24">
							<String ID="string_143" HPOS="80" VPOS="734" WIDTH="100" HEIGHT="21" WC="0.91" CONTENT="anmälan"/><SP WIDTH="19" VPOS="734" HPOS="180"/>
							<String ID="string_144" HPOS="199" VPOS="734" WIDTH="32" HEIGHT="19" WC="0.96" CONTENT="att"/><SP WIDTH="19" VPOS="734" HPOS="231"/>
							<String ID="string_145" HPOS="250" VPOS="732" WIDTH="26" HEIGHT="20" WC="0.93" CONTENT="de"/><SP WIDTH="15" VPOS="732" HPOS="276"/>
							<String ID="string_146" HPOS="291" VPOS="732" WIDTH="65" HEIGHT="20" WC="0.93" CONTENT="fattat"/><SP WIDTH="16" VPOS="732" HPOS="356"/>
							<String ID="string_147" HPOS="372" VPOS="732" WIDTH="69" HEIGHT="20" WC="0.96" CONTENT="beslut"/><SP WIDTH="16" VPOS="732" HPOS="441"/>
							<String ID="string_148" HPOS="457" VPOS="738" WIDTH="34" HEIGHT="14" WC="0.93" CONTENT="om"/><SP WIDTH="16" VPOS="738" HPOS="491"/>
							<String ID="string_149" HPOS="507" VPOS="731" WIDTH="150" HEIGHT="21" WC="0.92" CONTENT="riddarhusets"/><SP WIDTH="16" VPOS="731" HPOS="657"/>
							<String ID="string_150" HPOS="673" VPOS="732" WIDTH="110" HEIGHT="21" WC="0.92" CONTENT="inlösande"/><SP WIDTH="15" VPOS="732" HPOS="783"/>
							<String ID="string_151" HPOS="798" VPOS="732" WIDTH="33" HEIGHT="21" WC="0.93" CONTENT="för"/><SP WIDTH="16" VPOS="732" HPOS="831"/>
							<String ID="string_152" HPOS="847" VPOS="735" WIDTH="57" HEIGHT="19" WC="0.92" CONTENT="stän-"/>
						</TextLine>
						<TextLine ID="line_22" HPOS="80" VPOS="760" WIDTH="824" HEIGHT="29">
							<String ID="string_153" HPOS="80" VPOS="763" WIDTH="79" HEIGHT="20" WC="0.92" CONTENT="dernas"/><SP WIDTH="18" VPOS="763" HPOS="159"/>
							<String ID="string_154" HPOS="177" VPOS="761" WIDTH="91" HEIGHT="27" WC="0.92" CONTENT="räkning"/><SP WIDTH="17" VPOS="761" HPOS="268"/>
							<String ID="string_155" HPOS="285" VPOS="763" WIDTH="56" HEIGHT="18" WC="0.96" CONTENT="samt"/><SP WIDTH="20" VPOS="763" HPOS="341"/>
							<String ID="string_156" HPOS="361" VPOS="767" WIDTH="34" HEIGHT="14" WC="0.92" CONTENT="om"/><SP WIDTH="16" VPOS="767" HPOS="395"/>
							<String ID="string_157" HPOS="411" VPOS="760" WIDTH="133" HEIGHT="28" WC="0.92" CONTENT="uppförande"/><SP WIDTH="17" VPOS="760" HPOS="544"/>
							<String ID="string_158" HPOS="561" VPOS="760" WIDTH="22" HEIGHT="20" WC="0.96" CONTENT="af"/><SP WIDTH="14" VPOS="760" HPOS="583"/>
							<String ID="string_159" HPOS="597" VPOS="767" WIDTH="28" HEIGHT="14" WC="0.93" CONTENT="en"/><SP WIDTH="16" VPOS="767" HPOS="625"/>
							<String ID="string_160" HPOS="641" VPOS="760" WIDTH="135" HEIGHT="28" WC="0.88" CONTENT="tillbyggnad"/><SP WIDTH="15" VPOS="760" HPOS="776"/>
							<String ID="string_161" HPOS="791" VPOS="761" WIDTH="32" HEIGHT="21" WC="0.93" CONTENT="till"/><SP WIDTH="16" VPOS="761" HPOS="823"/>
							<String ID="string_162" HPOS="839" VPOS="762" WIDTH="65" HEIGHT="27" WC="0.92" CONTENT="sagde"/>
						</TextLine>
						<TextLine ID="line_23" HPOS="79" VPOS="788" WIDTH="825" HEIGHT="28">
							<String ID="string_163" HPOS="79" VPOS="791" WIDTH="48" HEIGHT="25" WC="0.95" CONTENT="hus,"/><SP WIDTH="16" VPOS="791" HPOS="127"/>
							<String ID="string_164" HPOS="143" VPOS="790" WIDTH="40" HEIGHT="20" WC="0.95" CONTENT="hos."/><SP WIDTH="15" VPOS="790" HPOS="183"/>
							<String ID="string_165" HPOS="198" VPOS="789" WIDTH="29" HEIGHT="21" WC="0.94" CONTENT="H."/><SP WIDTH="16" VPOS="789" HPOS="227"/>
							<String ID="string_166" HPOS="243" VPOS="788" WIDTH="26" HEIGHT="22" WC="0.93" CONTENT="K."/><SP WIDTH="18" VPOS="788" HPOS="269"/>
							<String ID="string_167" HPOS="287" VPOS="788" WIDTH="60" HEIGHT="28" WC="0.92" CONTENT="Maj:t"/><SP WIDTH="16" VPOS="788" HPOS="347"/>
							<String ID="string_168" HPOS="363" VPOS="788" WIDTH="91" HEIGHT="26" WC="0.92" CONTENT="anhälla,"/><SP WIDTH="17" VPOS="788" HPOS="454"/>
							<String ID="string_169" HPOS="471" VPOS="789" WIDTH="20" HEIGHT="27" WC="0.93" CONTENT="ej"/><SP WIDTH="16" VPOS="789" HPOS="491"/>
							<String ID="string_170" HPOS="507" VPOS="788" WIDTH="82" HEIGHT="21" WC="0.96" CONTENT="mindre"/><SP WIDTH="17" VPOS="788" HPOS="589"/>
							<String ID="string_171" HPOS="606" VPOS="790" WIDTH="33" HEIGHT="20" WC="0.96" CONTENT="att"/><SP WIDTH="16" VPOS="790" HPOS="639"/>
							<String ID="string_172" HPOS="655" VPOS="789" WIDTH="36" HEIGHT="21" WC="0.97" CONTENT="det"/><SP WIDTH="15" VPOS="789" HPOS="691"/>
							<String ID="string_173" HPOS="706" VPOS="789" WIDTH="33" HEIGHT="21" WC="0.93" CONTENT="för"/><SP WIDTH="14" VPOS="789" HPOS="739"/>
							<String ID="string_174" HPOS="753" VPOS="789" WIDTH="78" HEIGHT="21" WC="0.93" CONTENT="sädant"/><SP WIDTH="10" VPOS="789" HPOS="831"/>
							<String ID="string_175" HPOS="841" VPOS="790" WIDTH="63" HEIGHT="22" WC="0.92" CONTENT="ända-"/>
						</TextLine>
						<TextLine ID="line_24" HPOS="79" VPOS="817" WIDTH="825" HEIGHT="28">
							<String ID="string_176" HPOS="79" VPOS="820" WIDTH="43" HEIGHT="20" WC="0.96" CONTENT="mål"/><SP WIDTH="15" VPOS="820" HPOS="122"/>
							<String ID="string_177" HPOS="137" VPOS="819" WIDTH="24" HEIGHT="20" WC="0.93" CONTENT="af"/><SP WIDTH="14" VPOS="819" HPOS="161"/>
							<String ID="string_178" HPOS="175" VPOS="818" WIDTH="114" HEIGHT="21" WC="0.95" CONTENT="ständerna"/><SP WIDTH="16" VPOS="818" HPOS="289"/>
							<String ID="string_179" HPOS="305" VPOS="817" WIDTH="102" HEIGHT="21" WC="0.96" CONTENT="anvisade"/><SP WIDTH="16" VPOS="817" HPOS="407"/>
							<String ID="string_180" HPOS="423" VPOS="817" WIDTH="75" HEIGHT="28" WC="0.93" CONTENT="anslag"/><SP WIDTH="15" VPOS="817" HPOS="498"/>
							<String ID="string_181" HPOS="513" VPOS="817" WIDTH="70" HEIGHT="21" WC="0.92" CONTENT="blefve"/><SP WIDTH="17" VPOS="817" HPOS="583"/>
							<String ID="string_182" HPOS="600" VPOS="824" WIDTH="27" HEIGHT="14" WC="0.93" CONTENT="ur"/><SP WIDTH="16" VPOS="824" HPOS="627"/>
							<String ID="string_183" HPOS="643" VPOS="818" WIDTH="211" HEIGHT="27" WC="0.91" CONTENT="bevillningsmedlen"/><SP WIDTH="18" VPOS="818" HPOS="854"/>
							<String ID="string_184" HPOS="872" VPOS="822" WIDTH="32" HEIGHT="18" WC="0.93" CONTENT="ut-"/>
						</TextLine>
						<TextLine ID="line_25" HPOS="80" VPOS="846" WIDTH="825" HEIGHT="29">
							<String ID="string_185" HPOS="80" VPOS="848" WIDTH="83" HEIGHT="21" WC="0.92" CONTENT="betaldt"/><SP WIDTH="22" VPOS="848" HPOS="163"/>
							<String ID="string_186" HPOS="185" VPOS="847" WIDTH="32" HEIGHT="21" WC="0.96" CONTENT="till"/><SP WIDTH="23" VPOS="847" HPOS="217"/>
							<String ID="string_187" HPOS="240" VPOS="846" WIDTH="26" HEIGHT="21" WC="0.93" CONTENT="de"/><SP WIDTH="23" VPOS="846" HPOS="266"/>
							<String ID="string_188" HPOS="289" VPOS="846" WIDTH="128" HEIGHT="21" WC="0.92" CONTENT="ständernas"/><SP WIDTH="23" VPOS="846" HPOS="417"/>
							<String ID="string_189" HPOS="440" VPOS="846" WIDTH="134" HEIGHT="27" WC="0.91" CONTENT="delegerade,"/><SP WIDTH="19" VPOS="846" HPOS="574"/>
							<String ID="string_190" HPOS="593" VPOS="853" WIDTH="48" HEIGHT="13" WC="0.93" CONTENT="som"/><SP WIDTH="20" VPOS="853" HPOS="641"/>
							<String ID="string_191" HPOS="661" VPOS="846" WIDTH="84" HEIGHT="21" WC="0.93" CONTENT="erhällit"/><SP WIDTH="15" VPOS="846" HPOS="745"/>
							<String ID="string_192" HPOS="760" VPOS="847" WIDTH="98" HEIGHT="28" WC="0.90" CONTENT="uppdrag"/><SP WIDTH="15" VPOS="847" HPOS="858"/>
							<String ID="string_193" HPOS="873" VPOS="850" WIDTH="32" HEIGHT="18" WC="0.96" CONTENT="att"/>
						</TextLine>
						<TextLine ID="line_26" HPOS="80" VPOS="874" WIDTH="824" HEIGHT="28">
							<String ID="string_194" HPOS="80" VPOS="875" WIDTH="118" HEIGHT="23" WC="0.89" CONTENT="verkställa"/><SP WIDTH="17" VPOS="875" HPOS="198"/>
							<String ID="string_195" HPOS="215" VPOS="874" WIDTH="89" HEIGHT="22" WC="0.92" CONTENT="berörde"/><SP WIDTH="15" VPOS="874" HPOS="304"/>
							<String ID="string_196" HPOS="319" VPOS="874" WIDTH="82" HEIGHT="21" WC="0.93" CONTENT="inlösen"/><SP WIDTH="18" VPOS="874" HPOS="401"/>
							<String ID="string_197" HPOS="419" VPOS="874" WIDTH="39" HEIGHT="21" WC="0.93" CONTENT="och"/><SP WIDTH="16" VPOS="874" HPOS="458"/>
							<String ID="string_198" HPOS="474" VPOS="874" WIDTH="207" HEIGHT="28" WC="0.92" CONTENT="byggnadsföretag,"/><SP WIDTH="16" VPOS="874" HPOS="681"/>
							<String ID="string_199" HPOS="697" VPOS="876" WIDTH="26" HEIGHT="19" WC="0.93" CONTENT="än"/><SP WIDTH="16" VPOS="876" HPOS="723"/>
							<String ID="string_200" HPOS="739" VPOS="875" WIDTH="40" HEIGHT="21" WC="0.92" CONTENT="ock"/><SP WIDTH="13" VPOS="875" HPOS="779"/>
							<String ID="string_201" HPOS="792" VPOS="877" WIDTH="33" HEIGHT="19" WC="0.93" CONTENT="att"/><SP WIDTH="10" VPOS="877" HPOS="825"/>
							<String ID="string_202" HPOS="835" VPOS="876" WIDTH="69" HEIGHT="21" WC="0.93" CONTENT="öfver-"/>
						</TextLine>
						<TextLine ID="line_27" HPOS="80" VPOS="902" WIDTH="825" HEIGHT="31">
							<String ID="string_203" HPOS="80" VPOS="905" WIDTH="108" HEIGHT="28" WC="0.93" CONTENT="styrelsen"/><SP WIDTH="22" VPOS="905" HPOS="188"/>
							<String ID="string_204" HPOS="210" VPOS="904" WIDTH="33" HEIGHT="20" WC="0.96" CONTENT="för"/><SP WIDTH="22" VPOS="904" HPOS="243"/>
							<String ID="string_205" HPOS="265" VPOS="904" WIDTH="107" HEIGHT="20" WC="0.93" CONTENT="allmänna"/><SP WIDTH="23" VPOS="904" HPOS="372"/>
							<String ID="string_206" HPOS="395" VPOS="902" WIDTH="155" HEIGHT="28" WC="0.92" CONTENT="byggnaderna"/><SP WIDTH="19" VPOS="902" HPOS="550"/>
							<String ID="string_207" HPOS="569" VPOS="904" WIDTH="69" HEIGHT="20" WC="0.92" CONTENT="mätte"/><SP WIDTH="18" VPOS="904" HPOS="638"/>
							<String ID="string_208" HPOS="656" VPOS="903" WIDTH="117" HEIGHT="21" WC="0.92" CONTENT="anbefallas"/><SP WIDTH="16" VPOS="903" HPOS="773"/>
							<String ID="string_209" HPOS="789" VPOS="906" WIDTH="32" HEIGHT="19" WC="0.93" CONTENT="att"/><SP WIDTH="16" VPOS="906" HPOS="821"/>
							<String ID="string_210" HPOS="837" VPOS="904" WIDTH="68" HEIGHT="22" WC="0.92" CONTENT="öfver-"/>
						</TextLine>
						<TextLine ID="line_28" HPOS="80" VPOS="932" WIDTH="826" HEIGHT="29">
							<String ID="string_211" HPOS="80" VPOS="936" WIDTH="51" HEIGHT="25" WC="0.92" CONTENT="taga"/><SP WIDTH="23" VPOS="936" HPOS="131"/>
							<String ID="string_212" HPOS="154" VPOS="933" WIDTH="41" HEIGHT="20" WC="0.92" CONTENT="den"/><SP WIDTH="24" VPOS="933" HPOS="195"/>
							<String ID="string_213" HPOS="219" VPOS="932" WIDTH="101" HEIGHT="27" WC="0.91" CONTENT="speciella"/><SP WIDTH="21" VPOS="932" HPOS="320"/>
							<String ID="string_214" HPOS="341" VPOS="932" WIDTH="101" HEIGHT="27" WC="0.92" CONTENT="tillsynen"/><SP WIDTH="21" VPOS="932" HPOS="442"/>
							<String ID="string_215" HPOS="463" VPOS="932" WIDTH="35" HEIGHT="20" WC="0.93" CONTENT="vid"/><SP WIDTH="16" VPOS="932" HPOS="498"/>
							<String ID="string_216" HPOS="514" VPOS="932" WIDTH="164" HEIGHT="27" WC="0.92" CONTENT="ifrägavarande"/><SP WIDTH="16" VPOS="932" HPOS="678"/>
							<String ID="string_217" HPOS="694" VPOS="932" WIDTH="142" HEIGHT="28" WC="0.92" CONTENT="nybyggnads"/><SP WIDTH="16" VPOS="932" HPOS="836"/>
							<String ID="string_218" HPOS="852" VPOS="940" WIDTH="54" HEIGHT="21" WC="0.90" CONTENT="upp-"/>
						</TextLine>
						<TextLine ID="line_29" HPOS="80" VPOS="961" WIDTH="112" HEIGHT="22">
							<String ID="string_219" HPOS="80" VPOS="961" WIDTH="112" HEIGHT="22" WC="0.49" CONTENT="förande&quot;."/>
						</TextLine>
					</TextBlock>
					<TextBlock ID="block_7" HPOS="80" VPOS="988" WIDTH="825" HEIGHT="87">
						<TextLine ID="line_30" HPOS="150" VPOS="988" WIDTH="754" HEIGHT="29">
							<String ID="string_220" HPOS="150" VPOS="989" WIDTH="119" HEIGHT="28" WC="0.96" CONTENT="Angående"/><SP WIDTH="22" VPOS="989" HPOS="269"/>
							<String ID="string_221" HPOS="291" VPOS="989" WIDTH="38" HEIGHT="20" WC="0.96" CONTENT="det"/><SP WIDTH="21" VPOS="989" HPOS="329"/>
							<String ID="string_222" HPOS="350" VPOS="989" WIDTH="6" HEIGHT="20" WC="0.93" CONTENT="i"/><SP WIDTH="24" VPOS="989" HPOS="356"/>
							<String ID="string_223" HPOS="380" VPOS="988" WIDTH="57" HEIGHT="28" WC="0.91" CONTENT="3:dje"/><SP WIDTH="20" VPOS="988" HPOS="437"/>
							<String ID="string_224" HPOS="457" VPOS="990" WIDTH="119" HEIGHT="19" WC="0.96" CONTENT="momentet"/><SP WIDTH="19" VPOS="990" HPOS="576"/>
							<String ID="string_225" HPOS="595" VPOS="988" WIDTH="24" HEIGHT="21" WC="0.96" CONTENT="af"/><SP WIDTH="14" VPOS="988" HPOS="619"/>
							<String ID="string_226" HPOS="633" VPOS="989" WIDTH="118" HEIGHT="21" WC="0.96" CONTENT="utskottets"/><SP WIDTH="17" VPOS="989" HPOS="751"/>
							<String ID="string_227" HPOS="768" VPOS="989" WIDTH="136" HEIGHT="22" WC="0.96" CONTENT="betänkande"/>
						</TextLine>
						<TextLine ID="line_31" HPOS="80" VPOS="1017" WIDTH="825" HEIGHT="30">
							<String ID="string_228" HPOS="80" VPOS="1019" WIDTH="90" HEIGHT="28" WC="0.96" CONTENT="intagna"/><SP WIDTH="15" VPOS="1019" HPOS="170"/>
							<String ID="string_229" HPOS="185" VPOS="1017" WIDTH="79" HEIGHT="28" WC="0.96" CONTENT="förslag"/><SP WIDTH="14" VPOS="1017" HPOS="264"/>
							<String ID="string_230" HPOS="278" VPOS="1017" WIDTH="7" HEIGHT="21" WC="0.97" CONTENT="i"/><SP WIDTH="16" VPOS="1017" HPOS="285"/>
							<String ID="string_231" HPOS="301" VPOS="1017" WIDTH="101" HEIGHT="21" WC="0.93" CONTENT="afseende"/><SP WIDTH="16" VPOS="1017" HPOS="402"/>
							<String ID="string_232" HPOS="418" VPOS="1018" WIDTH="12" HEIGHT="20" WC="0.92" CONTENT="å"/><SP WIDTH="16" VPOS="1018" HPOS="430"/>
							<String ID="string_233" HPOS="446" VPOS="1017" WIDTH="127" HEIGHT="20" WC="0.96" CONTENT="ständernas"/><SP WIDTH="16" VPOS="1017" HPOS="573"/>
							<String ID="string_234" HPOS="589" VPOS="1017" WIDTH="130" HEIGHT="28" WC="0.96" CONTENT="delegerade"/><SP WIDTH="15" VPOS="1017" HPOS="719"/>
							<String ID="string_235" HPOS="734" VPOS="1018" WIDTH="134" HEIGHT="27" WC="0.95" CONTENT="uppställdes"/><SP WIDTH="10" VPOS="1018" HPOS="868"/>
							<String ID="string_236" HPOS="878" VPOS="1025" WIDTH="27" HEIGHT="15" WC="0.96" CONTENT="en"/>
						</TextLine>
						<TextLine ID="line_32" HPOS="80" VPOS="1045" WIDTH="553" HEIGHT="30">
							<String ID="string_237" HPOS="80" VPOS="1047" WIDTH="136" HEIGHT="28" WC="0.96" CONTENT="proposition"/><SP WIDTH="16" VPOS="1047" HPOS="216"/>
							<String ID="string_238" HPOS="232" VPOS="1046" WIDTH="23" HEIGHT="21" WC="0.96" CONTENT="af"/><SP WIDTH="13" VPOS="1046" HPOS="255"/>
							<String ID="string_239" HPOS="268" VPOS="1046" WIDTH="95" HEIGHT="27" WC="0.96" CONTENT="följande"/><SP WIDTH="15" VPOS="1046" HPOS="363"/>
							<String ID="string_240" HPOS="378" VPOS="1045" WIDTH="94" HEIGHT="22" WC="0.95" CONTENT="innehåll"/><SP WIDTH="15" VPOS="1045" HPOS="472"/>
							<String ID="string_241" HPOS="487" VPOS="1045" WIDTH="32" HEIGHT="21" WC="0.96" CONTENT="till"/><SP WIDTH="16" VPOS="1045" HPOS="519"/>
							<String ID="string_242" HPOS="535" VPOS="1045" WIDTH="98" HEIGHT="22" WC="0.96" CONTENT="ståndet:"/>
						</TextLine>
					</TextBlock>
					<TextBlock ID="block_8" HPOS="80" VPOS="1074" WIDTH="828" HEIGHT="57">
						<TextLine ID="line_33" HPOS="150" VPOS="1074" WIDTH="758" HEIGHT="29">
							<String ID="string_243" HPOS="150" VPOS="1075" WIDTH="145" HEIGHT="26" WC="0.75" CONTENT="»Godkänner"/><SP WIDTH="16" VPOS="1075" HPOS="295"/>
							<String ID="string_244" HPOS="311" VPOS="1074" WIDTH="150" HEIGHT="27" WC="0.96" CONTENT="ridderskapet"/><SP WIDTH="16" VPOS="1074" HPOS="461"/>
							<String ID="string_245" HPOS="477" VPOS="1074" WIDTH="41" HEIGHT="21" WC="0.96" CONTENT="och"/><SP WIDTH="15" VPOS="1074" HPOS="518"/>
							<String ID="string_246" HPOS="533" VPOS="1074" WIDTH="62" HEIGHT="21" WC="0.96" CONTENT="adeln"/><SP WIDTH="16" VPOS="1074" HPOS="595"/>
							<String ID="string_247" HPOS="611" VPOS="1074" WIDTH="38" HEIGHT="21" WC="0.96" CONTENT="det"/><SP WIDTH="14" VPOS="1074" HPOS="649"/>
							<String ID="string_248" HPOS="663" VPOS="1075" WIDTH="8" HEIGHT="20" WC="0.93" CONTENT="i"/><SP WIDTH="17" VPOS="1075" HPOS="671"/>
							<String ID="string_249" HPOS="688" VPOS="1075" WIDTH="57" HEIGHT="28" WC="0.93" CONTENT="3:dje"/><SP WIDTH="11" VPOS="1075" HPOS="745"/>
							<String ID="string_250" HPOS="756" VPOS="1077" WIDTH="118" HEIGHT="20" WC="0.96" CONTENT="momentet"/><SP WIDTH="10" VPOS="1077" HPOS="874"/>
							<String ID="string_251" HPOS="884" VPOS="1076" WIDTH="24" HEIGHT="21" WC="0.97" CONTENT="af"/>
						</TextLine>
						<TextLine ID="line_34" HPOS="80" VPOS="1103" WIDTH="681" HEIGHT="28">
							<String ID="string_252" HPOS="80" VPOS="1105" WIDTH="119" HEIGHT="20" WC="0.96" CONTENT="utskottets"/><SP WIDTH="16" VPOS="1105" HPOS="199"/>
							<String ID="string_253" HPOS="215" VPOS="1103" WIDTH="136" HEIGHT="21" WC="0.95" CONTENT="betänkande"/><SP WIDTH="16" VPOS="1103" HPOS="351"/>
							<String ID="string_254" HPOS="367" VPOS="1103" WIDTH="123" HEIGHT="28" WC="0.96" CONTENT="föreslagna"/><SP WIDTH="15" VPOS="1103" HPOS="490"/>
							<String ID="string_255" HPOS="505" VPOS="1103" WIDTH="82" HEIGHT="21" WC="0.93" CONTENT="antalet"/><SP WIDTH="16" VPOS="1103" HPOS="587"/>
							<String ID="string_256" HPOS="603" VPOS="1103" WIDTH="158" HEIGHT="28" WC="0.81" CONTENT="delegerade?&#39;&#39;"/>
						</TextLine>
					</TextBlock>
					<TextBlock ID="block_9" HPOS="80" VPOS="1131" WIDTH="827" HEIGHT="58">
						<TextLine ID="line_35" HPOS="149" VPOS="1131" WIDTH="758" HEIGHT="28">
							<String ID="string_257" HPOS="149" VPOS="1149" WIDTH="14" HEIGHT="10" WC="0.66" CONTENT="s,"/><SP WIDTH="2" VPOS="1149" HPOS="163"/>
							<String ID="string_258" HPOS="165" VPOS="1132" WIDTH="83" HEIGHT="21" WC="0.96" CONTENT="Vinner"/><SP WIDTH="19" VPOS="1132" HPOS="248"/>
							<String ID="string_259" HPOS="267" VPOS="1132" WIDTH="42" HEIGHT="27" WC="0.96" CONTENT="nej,"/><SP WIDTH="19" VPOS="1132" HPOS="309"/>
							<String ID="string_260" HPOS="328" VPOS="1131" WIDTH="131" HEIGHT="22" WC="0.96" CONTENT="bestämmes"/><SP WIDTH="20" VPOS="1131" HPOS="459"/>
							<String ID="string_261" HPOS="479" VPOS="1131" WIDTH="27" HEIGHT="22" WC="0.93" CONTENT="de"/><SP WIDTH="16" VPOS="1131" HPOS="506"/>
							<String ID="string_262" HPOS="522" VPOS="1131" WIDTH="141" HEIGHT="28" WC="0.91" CONTENT="delegerades"/><SP WIDTH="16" VPOS="1131" HPOS="663"/>
							<String ID="string_263" HPOS="679" VPOS="1132" WIDTH="57" HEIGHT="21" WC="0.96" CONTENT="antal"/><SP WIDTH="15" VPOS="1132" HPOS="736"/>
							<String ID="string_264" HPOS="751" VPOS="1132" WIDTH="32" HEIGHT="21" WC="0.96" CONTENT="till"/><SP WIDTH="15" VPOS="1132" HPOS="783"/>
							<String ID="string_265" HPOS="798" VPOS="1133" WIDTH="19" HEIGHT="24" WC="0.96" CONTENT="8,"/><SP WIDTH="15" VPOS="1133" HPOS="817"/>
							<String ID="string_266" HPOS="832" VPOS="1133" WIDTH="38" HEIGHT="20" WC="0.96" CONTENT="två"/><SP WIDTH="14" VPOS="1133" HPOS="870"/>
							<String ID="string_267" HPOS="884" VPOS="1133" WIDTH="23" HEIGHT="21" WC="0.97" CONTENT="af"/>
						</TextLine>
						<TextLine ID="line_36" HPOS="80" VPOS="1161" WIDTH="175" HEIGHT="28">
							<String ID="string_268" HPOS="80" VPOS="1161" WIDTH="76" HEIGHT="28" WC="0.96" CONTENT="hvarje"/><SP WIDTH="16" VPOS="1161" HPOS="156"/>
							<String ID="string_269" HPOS="172" VPOS="1161" WIDTH="83" HEIGHT="21" WC="0.0" CONTENT="stånd&quot;."/>
						</TextLine>
					</TextBlock>
					<TextBlock ID="block_10" HPOS="80" VPOS="1188" WIDTH="827" HEIGHT="80">
						<TextLine ID="line_37" HPOS="150" VPOS="1188" WIDTH="756" HEIGHT="28">
							<String ID="string_270" HPOS="150" VPOS="1189" WIDTH="44" HEIGHT="22" WC="0.95" CONTENT="Vid"/><SP WIDTH="15" VPOS="1189" HPOS="194"/>
							<String ID="string_271" HPOS="209" VPOS="1189" WIDTH="91" HEIGHT="21" WC="0.95" CONTENT="anställd"/><SP WIDTH="15" VPOS="1189" HPOS="300"/>
							<String ID="string_272" HPOS="315" VPOS="1188" WIDTH="100" HEIGHT="28" WC="0.95" CONTENT="votering"/><SP WIDTH="16" VPOS="1188" HPOS="415"/>
							<String ID="string_273" HPOS="431" VPOS="1195" WIDTH="33" HEIGHT="14" WC="0.96" CONTENT="om"/><SP WIDTH="17" VPOS="1195" HPOS="464"/>
							<String ID="string_274" HPOS="481" VPOS="1189" WIDTH="70" HEIGHT="20" WC="0.95" CONTENT="denna"/><SP WIDTH="16" VPOS="1189" HPOS="551"/>
							<String ID="string_275" HPOS="567" VPOS="1189" WIDTH="133" HEIGHT="27" WC="0.93" CONTENT="proposition"/><SP WIDTH="16" VPOS="1189" HPOS="700"/>
							<String ID="string_276" HPOS="716" VPOS="1189" WIDTH="75" HEIGHT="21" WC="0.90" CONTENT="utfölio"/><SP WIDTH="16" VPOS="1189" HPOS="791"/>
							<String ID="string_277" HPOS="807" VPOS="1191" WIDTH="99" HEIGHT="20" WC="0.96" CONTENT="rösterna"/>
						</TextLine>
						<TextLine ID="line_38" HPOS="80" VPOS="1217" WIDTH="827" HEIGHT="28">
							<String ID="string_278" HPOS="80" VPOS="1218" WIDTH="50" HEIGHT="22" WC="0.95" CONTENT="med"/><SP WIDTH="24" VPOS="1218" HPOS="130"/>
							<String ID="string_279" HPOS="154" VPOS="1219" WIDTH="25" HEIGHT="20" WC="0.94" CONTENT="11"/><SP WIDTH="23" VPOS="1219" HPOS="179"/>
							<String ID="string_280" HPOS="202" VPOS="1218" WIDTH="23" HEIGHT="27" WC="0.96" CONTENT="ja"/><SP WIDTH="20" VPOS="1218" HPOS="225"/>
							<String ID="string_281" HPOS="245" VPOS="1217" WIDTH="40" HEIGHT="22" WC="0.96" CONTENT="och"/><SP WIDTH="16" VPOS="1217" HPOS="285"/>
							<String ID="string_282" HPOS="301" VPOS="1218" WIDTH="28" HEIGHT="21" WC="0.96" CONTENT="20"/><SP WIDTH="15" VPOS="1218" HPOS="329"/>
							<String ID="string_283" HPOS="344" VPOS="1217" WIDTH="43" HEIGHT="28" WC="0.96" CONTENT="nej,"/><SP WIDTH="16" VPOS="1217" HPOS="387"/>
							<String ID="string_284" HPOS="403" VPOS="1217" WIDTH="33" HEIGHT="21" WC="0.96" CONTENT="till"/><SP WIDTH="14" VPOS="1217" HPOS="436"/>
							<String ID="string_285" HPOS="450" VPOS="1217" WIDTH="55" HEIGHT="28" WC="0.96" CONTENT="följd"/><SP WIDTH="16" VPOS="1217" HPOS="505"/>
							<String ID="string_286" HPOS="521" VPOS="1217" WIDTH="76" HEIGHT="21" WC="0.93" CONTENT="hvaraf"/><SP WIDTH="14" VPOS="1217" HPOS="597"/>
							<String ID="string_287" HPOS="611" VPOS="1217" WIDTH="140" HEIGHT="28" WC="0.91" CONTENT="delegerades"/><SP WIDTH="16" VPOS="1217" HPOS="751"/>
							<String ID="string_288" HPOS="767" VPOS="1218" WIDTH="57" HEIGHT="21" WC="0.95" CONTENT="antal"/><SP WIDTH="16" VPOS="1218" HPOS="824"/>
							<String ID="string_289" HPOS="840" VPOS="1219" WIDTH="67" HEIGHT="20" WC="0.95" CONTENT="borde"/>
						</TextLine>
						<TextLine ID="line_39" HPOS="82" VPOS="1247" WIDTH="135" HEIGHT="21">
							<String ID="string_290" HPOS="82" VPOS="1247" WIDTH="52" HEIGHT="21" WC="0.96" CONTENT="ökas"/><SP WIDTH="16" VPOS="1247" HPOS="134"/>
							<String ID="string_291" HPOS="150" VPOS="1247" WIDTH="32" HEIGHT="20" WC="0.96" CONTENT="till"/><SP WIDTH="16" VPOS="1247" HPOS="182"/>
							<String ID="string_292" HPOS="198" VPOS="1247" WIDTH="19" HEIGHT="20" WC="0.91" CONTENT="8."/>
						</TextLine>
					</TextBlock>
					<TextBlock ID="block_11" HPOS="80" VPOS="1274" WIDTH="828" HEIGHT="86">
						<TextLine ID="line_40" HPOS="149" VPOS="1274" WIDTH="758" HEIGHT="29">
							<String ID="string_293" HPOS="149" VPOS="1275" WIDTH="114" HEIGHT="28" WC="0.92" CONTENT="Härjemte"/><SP WIDTH="16" VPOS="1275" HPOS="263"/>
							<String ID="string_294" HPOS="279" VPOS="1274" WIDTH="70" HEIGHT="21" WC="0.96" CONTENT="beslöt"/><SP WIDTH="15" VPOS="1274" HPOS="349"/>
							<String ID="string_295" HPOS="364" VPOS="1274" WIDTH="152" HEIGHT="28" WC="0.96" CONTENT="ridderskapet"/><SP WIDTH="13" VPOS="1274" HPOS="516"/>
							<String ID="string_296" HPOS="529" VPOS="1274" WIDTH="40" HEIGHT="21" WC="0.96" CONTENT="och"/><SP WIDTH="10" VPOS="1274" HPOS="569"/>
							<String ID="string_297" HPOS="579" VPOS="1274" WIDTH="64" HEIGHT="21" WC="0.96" CONTENT="adeln"/><SP WIDTH="11" VPOS="1274" HPOS="643"/>
							<String ID="string_298" HPOS="654" VPOS="1275" WIDTH="58" HEIGHT="28" WC="0.96" CONTENT="uppå"/><SP WIDTH="10" VPOS="1275" HPOS="712"/>
							<String ID="string_299" HPOS="722" VPOS="1274" WIDTH="50" HEIGHT="21" WC="0.96" CONTENT="herr"/><SP WIDTH="9" VPOS="1274" HPOS="772"/>
							<String ID="string_300" HPOS="781" VPOS="1275" WIDTH="46" HEIGHT="21" WC="0.93" CONTENT="vice"/><SP WIDTH="11" VPOS="1275" HPOS="827"/>
							<String ID="string_301" HPOS="838" VPOS="1276" WIDTH="69" HEIGHT="21" WC="0.92" CONTENT="landt-"/>
						</TextLine>
						<TextLine ID="line_41" HPOS="81" VPOS="1303" WIDTH="827" HEIGHT="29">
							<String ID="string_302" HPOS="81" VPOS="1304" WIDTH="150" HEIGHT="22" WC="0.92" CONTENT="marskalkens"/><SP WIDTH="22" VPOS="1304" HPOS="231"/>
							<String ID="string_303" HPOS="253" VPOS="1303" WIDTH="158" HEIGHT="28" WC="0.95" CONTENT="framställning"/><SP WIDTH="22" VPOS="1303" HPOS="411"/>
							<String ID="string_304" HPOS="433" VPOS="1305" WIDTH="33" HEIGHT="19" WC="0.96" CONTENT="att"/><SP WIDTH="24" VPOS="1305" HPOS="466"/>
							<String ID="string_305" HPOS="490" VPOS="1303" WIDTH="120" HEIGHT="21" WC="0.95" CONTENT="bestämma"/><SP WIDTH="24" VPOS="1303" HPOS="610"/>
							<String ID="string_306" HPOS="634" VPOS="1304" WIDTH="81" HEIGHT="20" WC="0.95" CONTENT="antalet"/><SP WIDTH="18" VPOS="1304" HPOS="715"/>
							<String ID="string_307" HPOS="733" VPOS="1303" WIDTH="24" HEIGHT="21" WC="0.96" CONTENT="af"/><SP WIDTH="13" VPOS="1303" HPOS="757"/>
							<String ID="string_308" HPOS="770" VPOS="1305" WIDTH="138" HEIGHT="27" WC="0.95" CONTENT="suppleanter"/>
						</TextLine>
						<TextLine ID="line_42" HPOS="80" VPOS="1331" WIDTH="681" HEIGHT="29">
							<String ID="string_309" HPOS="80" VPOS="1333" WIDTH="34" HEIGHT="22" WC="0.96" CONTENT="för"/><SP WIDTH="15" VPOS="1333" HPOS="114"/>
							<String ID="string_310" HPOS="129" VPOS="1331" WIDTH="128" HEIGHT="29" WC="0.96" CONTENT="delegerade"/><SP WIDTH="16" VPOS="1331" HPOS="257"/>
							<String ID="string_311" HPOS="273" VPOS="1332" WIDTH="62" HEIGHT="21" WC="0.96" CONTENT="äfven"/><SP WIDTH="16" VPOS="1332" HPOS="335"/>
							<String ID="string_312" HPOS="351" VPOS="1332" WIDTH="33" HEIGHT="20" WC="0.95" CONTENT="till"/><SP WIDTH="15" VPOS="1332" HPOS="384"/>
							<String ID="string_313" HPOS="399" VPOS="1332" WIDTH="20" HEIGHT="27" WC="0.96" CONTENT="8,"/><SP WIDTH="16" VPOS="1332" HPOS="419"/>
							<String ID="string_314" HPOS="435" VPOS="1331" WIDTH="52" HEIGHT="22" WC="0.96" CONTENT="eller"/><SP WIDTH="15" VPOS="1331" HPOS="487"/>
							<String ID="string_315" HPOS="502" VPOS="1332" WIDTH="37" HEIGHT="20" WC="0.96" CONTENT="två"/><SP WIDTH="15" VPOS="1332" HPOS="539"/>
							<String ID="string_316" HPOS="554" VPOS="1332" WIDTH="33" HEIGHT="20" WC="0.96" CONTENT="för"/><SP WIDTH="14" VPOS="1332" HPOS="587"/>
							<String ID="string_317" HPOS="601" VPOS="1331" WIDTH="76" HEIGHT="29" WC="0.96" CONTENT="hvarje"/><SP WIDTH="16" VPOS="1331" HPOS="677"/>
							<String ID="string_318" HPOS="693" VPOS="1332" WIDTH="68" HEIGHT="21" WC="0.96" CONTENT="stånd."/>
						</TextLine>
					</TextBlock>
					<TextBlock ID="block_12" HPOS="82" VPOS="1360" WIDTH="826" HEIGHT="114">
						<TextLine ID="line_43" HPOS="148" VPOS="1360" WIDTH="760" HEIGHT="28">
							<String ID="string_319" HPOS="148" VPOS="1361" WIDTH="51" HEIGHT="21" WC="0.95" CONTENT="Med"/><SP WIDTH="24" VPOS="1361" HPOS="199"/>
							<String ID="string_320" HPOS="223" VPOS="1360" WIDTH="102" HEIGHT="21" WC="0.93" CONTENT="afseende"/><SP WIDTH="23" VPOS="1360" HPOS="325"/>
							<String ID="string_321" HPOS="348" VPOS="1361" WIDTH="13" HEIGHT="20" WC="0.92" CONTENT="å"/><SP WIDTH="23" VPOS="1361" HPOS="361"/>
							<String ID="string_322" HPOS="384" VPOS="1360" WIDTH="41" HEIGHT="21" WC="0.96" CONTENT="den"/><SP WIDTH="24" VPOS="1360" HPOS="425"/>
							<String ID="string_323" HPOS="449" VPOS="1360" WIDTH="69" HEIGHT="21" WC="0.96" CONTENT="under"/><SP WIDTH="20" VPOS="1360" HPOS="518"/>
							<String ID="string_324" HPOS="538" VPOS="1360" WIDTH="150" HEIGHT="21" WC="0.96" CONTENT="diskussionen"/><SP WIDTH="17" VPOS="1360" HPOS="688"/>
							<String ID="string_325" HPOS="705" VPOS="1361" WIDTH="96" HEIGHT="20" WC="0.96" CONTENT="uttalade"/><SP WIDTH="16" VPOS="1361" HPOS="801"/>
							<String ID="string_326" HPOS="817" VPOS="1361" WIDTH="91" HEIGHT="27" WC="0.95" CONTENT="önskan,"/>
						</TextLine>
						<TextLine ID="line_44" HPOS="82" VPOS="1389" WIDTH="826" HEIGHT="28">
							<String ID="string_327" HPOS="82" VPOS="1392" WIDTH="32" HEIGHT="19" WC="0.96" CONTENT="att"/><SP WIDTH="15" VPOS="1392" HPOS="114"/>
							<String ID="string_328" HPOS="129" VPOS="1390" WIDTH="27" HEIGHT="21" WC="0.96" CONTENT="de"/><SP WIDTH="21" VPOS="1390" HPOS="156"/>
							<String ID="string_329" HPOS="177" VPOS="1389" WIDTH="134" HEIGHT="28" WC="0.96" CONTENT="delegerade,"/><SP WIDTH="20" VPOS="1389" HPOS="311"/>
							<String ID="string_330" HPOS="331" VPOS="1389" WIDTH="63" HEIGHT="20" WC="0.96" CONTENT="äfven"/><SP WIDTH="17" VPOS="1389" HPOS="394"/>
							<String ID="string_331" HPOS="411" VPOS="1389" WIDTH="26" HEIGHT="20" WC="0.96" CONTENT="då"/><SP WIDTH="16" VPOS="1389" HPOS="437"/>
							<String ID="string_332" HPOS="453" VPOS="1389" WIDTH="26" HEIGHT="20" WC="0.96" CONTENT="de"/><SP WIDTH="16" VPOS="1389" HPOS="479"/>
							<String ID="string_333" HPOS="495" VPOS="1395" WIDTH="53" HEIGHT="14" WC="0.95" CONTENT="voro"/><SP WIDTH="17" VPOS="1395" HPOS="548"/>
							<String ID="string_334" HPOS="565" VPOS="1389" WIDTH="31" HEIGHT="20" WC="0.95" CONTENT="till"/><SP WIDTH="16" VPOS="1389" HPOS="596"/>
							<String ID="string_335" HPOS="612" VPOS="1391" WIDTH="32" HEIGHT="19" WC="0.96" CONTENT="ett"/><SP WIDTH="15" VPOS="1391" HPOS="644"/>
							<String ID="string_336" HPOS="659" VPOS="1389" WIDTH="58" HEIGHT="21" WC="0.96" CONTENT="färre"/><SP WIDTH="15" VPOS="1389" HPOS="717"/>
							<String ID="string_337" HPOS="732" VPOS="1389" WIDTH="57" HEIGHT="21" WC="0.96" CONTENT="antal"/><SP WIDTH="16" VPOS="1389" HPOS="789"/>
							<String ID="string_338" HPOS="805" VPOS="1390" WIDTH="103" HEIGHT="26" WC="0.96" CONTENT="samlade,"/>
						</TextLine>
						<TextLine ID="line_45" HPOS="82" VPOS="1417" WIDTH="826" HEIGHT="30">
							<String ID="string_339" HPOS="82" VPOS="1419" WIDTH="68" HEIGHT="21" WC="0.92" CONTENT="skulle"/><SP WIDTH="23" VPOS="1419" HPOS="150"/>
							<String ID="string_340" HPOS="173" VPOS="1425" WIDTH="41" HEIGHT="21" WC="0.92" CONTENT="ega"/><SP WIDTH="18" VPOS="1425" HPOS="214"/>
							<String ID="string_341" HPOS="232" VPOS="1420" WIDTH="44" HEIGHT="19" WC="0.96" CONTENT="rätt"/><SP WIDTH="19" VPOS="1420" HPOS="276"/>
							<String ID="string_342" HPOS="295" VPOS="1419" WIDTH="32" HEIGHT="19" WC="0.96" CONTENT="att"/><SP WIDTH="18" VPOS="1419" HPOS="327"/>
							<String ID="string_343" HPOS="345" VPOS="1417" WIDTH="123" HEIGHT="28" WC="0.96" CONTENT="handlägga"/><SP WIDTH="15" VPOS="1417" HPOS="468"/>
							<String ID="string_344" HPOS="483" VPOS="1417" WIDTH="73" HEIGHT="28" WC="0.96" CONTENT="frågor"/><SP WIDTH="15" VPOS="1417" HPOS="556"/>
							<String ID="string_345" HPOS="571" VPOS="1417" WIDTH="24" HEIGHT="21" WC="0.96" CONTENT="af"/><SP WIDTH="14" VPOS="1417" HPOS="595"/>
							<String ID="string_346" HPOS="609" VPOS="1418" WIDTH="84" HEIGHT="29" WC="0.96" CONTENT="mindre"/><SP WIDTH="15" VPOS="1418" HPOS="693"/>
							<String ID="string_347" HPOS="708" VPOS="1418" WIDTH="51" HEIGHT="28" WC="0.96" CONTENT="vigt,"/><SP WIDTH="17" VPOS="1418" HPOS="759"/>
							<String ID="string_348" HPOS="776" VPOS="1418" WIDTH="132" HEIGHT="28" WC="0.96" CONTENT="uppställdes"/>
						</TextLine>
						<TextLine ID="line_46" HPOS="82" VPOS="1446" WIDTH="334" HEIGHT="28">
							<String ID="string_349" HPOS="82" VPOS="1454" WIDTH="26" HEIGHT="14" WC="0.96" CONTENT="en"/><SP WIDTH="16" VPOS="1454" HPOS="108"/>
							<String ID="string_350" HPOS="124" VPOS="1448" WIDTH="24" HEIGHT="21" WC="0.96" CONTENT="så"/><SP WIDTH="15" VPOS="1448" HPOS="148"/>
							<String ID="string_351" HPOS="163" VPOS="1447" WIDTH="92" HEIGHT="21" WC="0.95" CONTENT="lydande"/><SP WIDTH="15" VPOS="1447" HPOS="255"/>
							<String ID="string_352" HPOS="270" VPOS="1446" WIDTH="146" HEIGHT="28" WC="0.96" CONTENT="proposition:"/>
						</TextLine>
					</TextBlock>
					<TextBlock ID="block_13" HPOS="150" VPOS="1474" WIDTH="761" HEIGHT="28">
						<TextLine ID="line_47" HPOS="150" VPOS="1474" WIDTH="761" HEIGHT="28">
							<String ID="string_353" HPOS="150" VPOS="1492" WIDTH="12" HEIGHT="9" WC="0.78" CONTENT="»"/><SP WIDTH="24" VPOS="1492" HPOS="162"/>
							<String ID="string_354" HPOS="186" VPOS="1476" WIDTH="21" HEIGHT="20" WC="0.95" CONTENT="Vill"/><SP WIDTH="25" VPOS="1476" HPOS="207"/>
							<String ID="string_355" HPOS="232" VPOS="1475" WIDTH="151" HEIGHT="27" WC="0.96" CONTENT="ridderskapet"/><SP WIDTH="24" VPOS="1475" HPOS="383"/>
							<String ID="string_356" HPOS="407" VPOS="1475" WIDTH="40" HEIGHT="20" WC="0.96" CONTENT="och"/><SP WIDTH="23" VPOS="1475" HPOS="447"/>
							<String ID="string_357" HPOS="470" VPOS="1474" WIDTH="62" HEIGHT="21" WC="0.96" CONTENT="adeln"/><SP WIDTH="23" VPOS="1474" HPOS="532"/>
							<String ID="string_358" HPOS="555" VPOS="1475" WIDTH="129" HEIGHT="27" WC="0.93" CONTENT="bemyndiga"/><SP WIDTH="20" VPOS="1475" HPOS="684"/>
							<String ID="string_359" HPOS="704" VPOS="1475" WIDTH="72" HEIGHT="21" WC="0.92" CONTENT="halfva"/><SP WIDTH="15" VPOS="1475" HPOS="776"/>
							<String ID="string_360" HPOS="791" VPOS="1475" WIDTH="83" HEIGHT="21" WC="0.97" CONTENT="antalet"/><SP WIDTH="14" VPOS="1475" HPOS="874"/>
							<String ID="string_361" HPOS="888" VPOS="1476" WIDTH="23" HEIGHT="20" WC="0.96" CONTENT="af"/>
						</TextLine>
					</TextBlock>
				</ComposedBlock>
				<ComposedBlock ID="cblock_3" HPOS="808" VPOS="1545" WIDTH="35" HEIGHT="15">
					<TextBlock ID="block_14" HPOS="808" VPOS="1545" WIDTH="35" HEIGHT="15">
						<TextLine ID="line_48" HPOS="808" VPOS="1545" WIDTH="35" HEIGHT="15">
							<String ID="string_362" HPOS="808" VPOS="1545" WIDTH="35" HEIGHT="15" WC="0.77" CONTENT="25&quot;"/>
						</TextLine>
					</TextBlock>
				</ComposedBlock>
			</PrintSpace>
		</Page>
	</Layout>
</alto>
