1109 1739
249 107 42 20 326
574 105 38 15 Den
627 104 22 16 10
661 104 48 15 Juni.

221 163 23 20 åt
260 162 39 21 den
321 162 30 20 till
375 161 96 20 ståndets
487 159 134 22 besvarande
637 159 125 28 uppställda
779 160 162 27 propositionen
957 160 95 28 följande

222 191 93 21 lydelse:

230 198 13 21 g
291 219 150 25 ,,Godkänner
464 216 153 28 ridderskapet
641 217 40 20 och
704 216 63 21 adeln
789 217 68 20 andra
873 223 63 14 mom.
953 217 23 20 af
989 218 13 19 2
1018 217 12 27 &
1046 217 6 20 i

223 248 116 20 utskottets
356 245 138 22 betänkande
511 245 168 20 oförändradt?'*

292 292 10 9 »
305 275 86 21 Vinner
413 274 42 27 nej,
480 274 87 27 utbytas
588 273 67 21 orden
676 289 4 9 ,
684 273 108 27 godkänd
809 273 117 21 säkerhet'*
943 276 44 18 mot
1003 275 47 24 ,,sä-

222 304 77 21 kerhet
315 304 7 20 i
338 303 152 27 värdepapper
506 302 31 20 till
554 301 35 21 det
606 302 87 27 belopp,
710 309 45 13 som
772 302 23 20 af
809 303 137 26 guvernören
958 303 92 20 bestäm-

222 335 67 18 mes",

293 361 85 21 Genom
396 359 69 21 denna
481 359 146 28 propositions
645 358 134 21 besvarande
795 359 36 20 vid
848 359 91 20 anställd
952 359 100 27 votering

224 389 48 21 med
295 390 24 21 11
342 389 24 27 ja
391 388 39 21 och
452 388 25 20 12
494 387 42 26 nej,
554 394 37 13 var
608 387 40 20 den
665 387 122 27 föreslagna
803 387 153 28 förändringen
973 388 23 20 af
1010 388 41 21 rid-

225 418 116 26 derskapet
357 417 41 20 och
414 416 62 20 adeln
492 418 101 23 antagen.

293 446 42 20 Vid
351 444 156 28 föredragning
523 444 23 20 af
560 444 12 20 3
589 444 11 26 $
617 444 69 19 första
702 450 63 14 mom.
782 444 112 20 lemnades
910 444 61 20 ordet
987 444 21 20 ät

293 474 57 20 Herr
367 472 153 26 Edelsköld,
536 479 45 13 som
599 471 98 28 yttrade:
713 472 47 20 Här
776 474 23 18 är
810 472 146 26 föreskrifvet,
968 474 32 18 att
1011 480 39 20 syn

226 503 68 26 ,skall
318 503 103 20 förrättas
443 501 23 20 af
485 500 225 27 distriktsingeniören
728 500 51 20 eller
795 508 71 12 annan
883 500 69 20 dertill
968 500 82 21 förord-

225 532 42 21 nad
283 530 123 26 sakkunnig
421 536 78 20 person
516 529 47 20 med
581 528 83 21 biträde
681 529 22 20 af
713 530 70 26 någon
794 529 194 27 forsttjensteman,
1005 536 45 14 som

225 559 163 28 forststyrelsen
411 558 26 27 på
459 558 148 26 guvernörens
631 556 105 22 anmodan
761 557 70 21 dertill
853 559 74 24 utsett,
944 559 55 19 samt
1014 558 37 20 två

225 588 55 28 gode
303 589 74 24 män';
399 593 48 14 men
467 586 34 20 för
524 586 42 20 min
583 586 34 20 del
633 585 70 21 skulle
717 586 38 26 jag
771 592 52 14 anse
839 588 31 18 ett
886 586 74 28 tillägg
976 586 75 27 nödigt

225 617 73 20 derom
315 618 32 19 att
363 614 161 28 lotsstyrelsens
542 614 85 24 ombud,
645 614 37 20 der
698 614 101 20 lotsleder
815 616 45 23 äro,
877 614 60 21 skola
948 622 51 13 vara
1010 614 40 21 till-

226 645 71 21 städes
321 644 33 21 vid
375 650 74 21 synen.
481 643 42 26 Jag
544 645 36 18 vet
596 642 48 21 icke
661 642 86 20 hvarför
762 642 150 28 lotsstyrelsen
930 643 53 21 skall
999 650 51 14 vara

226 674 113 24 utesluten,
357 673 39 19 der
411 671 77 21 lotsled
505 671 80 26 finnes;
605 672 92 19 tvärtom
715 671 68 20 skulle
799 671 37 20 det
853 678 51 14 vara
920 674 78 25 ytterst
1014 672 36 20 be-

226 702 81 26 höfligt,
323 703 31 19 att
371 700 42 21 den
430 700 34 20 vid
481 699 76 21 sådant
574 699 83 21 tillfälle
673 706 51 14 vore
740 700 172 26 representerad.

295 730 100 20 Friherre
416 728 106 21 Linder:
546 728 43 26 Jag
610 734 63 14 anser
689 730 31 18 att
737 727 38 21 här
790 729 24 19 är
829 734 26 14 en
872 728 135 28 felaktighet,
1024 735 25 14 en

225 759 61 20 brist.
313 758 45 20 Här
375 757 45 21 står
435 757 115 27 nemligen,
567 758 32 18 att
615 763 39 20 syn
671 756 54 20 skall
742 756 47 20 med
807 756 83 21 biträde
907 756 23 21 af
943 757 36 20 två
994 756 56 28 gode

227 788 46 20 män
291 787 109 23 förrättas,
416 792 47 14 men
480 785 38 21 här
535 785 44 20 står
595 785 55 25 icke,
667 785 23 20 af
703 784 62 21 hvem
783 784 25 21 de
820 785 56 27 gode
888 787 90 19 männen
990 785 60 21 skola

226 816 78 26 väljas;
321 815 41 27 mig
379 820 71 22 synes,
467 816 32 18 att
515 813 26 21 de
557 813 67 21 borde
640 820 53 13 vara
709 813 61 21 valde
787 813 22 21 af
819 815 141 25 guvernören.
986 814 63 20 Dess-

226 846 58 18 utom
301 844 38 20 har
354 844 40 19 här
409 842 47 21 icke
467 844 83 18 ansetts
562 841 133 27 nödvändigt
707 844 31 18 att
750 842 129 20 föreskrifva
890 842 159 27 fiskeriinspek-

225 874 72 18 törens
313 873 99 24 närvaro,
425 872 39 19 och
481 870 41 20 den
539 870 69 20 skulle
622 870 39 27 jag
677 877 51 13 anse
744 877 50 13 vara
811 870 22 21 af
848 870 92 28 mycken
957 871 52 27 vigt.

293 900 99 20 Friherre
415 906 48 13 von
485 898 79 21 Born:
587 898 65 21 Hvad
670 898 73 27 frågan
761 905 33 14 om
811 898 237 28 fiskeri-inspektörens

226 928 93 22 hörande
339 928 110 24 beträffar,
473 927 42 21 kan
529 928 38 26 jag
583 928 24 20 så
624 927 86 27 mycket
725 927 82 21 mindre
824 927 75 21 förena
916 928 42 26 mig
975 928 73 20 derom

226 959 31 18 att
273 956 69 21 denne
362 955 61 22 alltid
443 955 67 21 borde
526 962 53 13 vara
594 955 31 20 till
642 955 74 24 bands,
733 962 44 14 som
795 955 127 28 flottningen
940 956 43 20 ofta
999 956 50 20 sker

226 986 5 20 i
248 985 45 20 små
309 985 80 20 bäckar
409 984 40 21 och
465 984 43 26 åar,
525 983 38 21 der
579 983 64 21 fisket
659 985 24 19 är
699 983 22 21 af
735 984 23 20 så
773 984 162 21 underordnadt
951 985 98 25 intresse,

227 1015 31 19 att
281 1014 35 20 det
335 1013 48 21 icke
403 1014 23 19 är
442 1013 46 20 skäl
504 1014 32 19 att
552 1012 91 21 tillkalla
661 1013 83 20 honom.
776 1011 64 22 Hvad
858 1013 48 20 herr
923 1012 127 21 Edelskölds

226 1042 77 21 väckta
323 1041 60 28 fråga
400 1047 33 14 om
450 1041 197 20 lotsombudsmans
664 1042 91 19 närvaro
771 1041 111 25 beträffar,
900 1044 43 17 tror
956 1042 38 27 jag
1010 1041 39 20 den

226 1070 47 21 icke
296 1077 51 14 vara
368 1069 130 27 nödvändig,
515 1069 91 21 emedan
623 1069 27 20 de
667 1069 106 21 allmänna
789 1069 122 21 farlederna
927 1071 37 19 äro
981 1069 70 21 kända

226 1099 63 20 äfven
305 1098 32 21 för
353 1098 68 21 andra
437 1099 25 20 än
480 1098 103 20 lotsarne.
614 1097 42 27 Jag
672 1097 97 21 förordar
785 1097 87 22 derföre
888 1098 131 27 antagandet
1030 1098 23 21 af

226 1127 67 21 första
309 1134 62 13 mom.
389 1126 146 21 oförändradt.

295 1155 57 20 Herr
369 1155 209 27 Langenskiöld:
595 1154 43 27 Jag
654 1154 75 26 finner,
741 1155 6 20 i
759 1155 68 20 likhet
839 1155 49 20 med
898 1155 91 20 friherre
1001 1155 50 20 Lin-

227 1184 44 27 der,
295 1186 32 19 att
342 1184 37 20 det
395 1185 24 18 är
437 1190 25 13 en
484 1183 122 27 väsendtlig
623 1183 176 28 ofullständighet
815 1184 5 19 i
839 1184 11 27 &
867 1185 19 24 3,
902 1191 44 13 som
963 1183 89 21 handlar

227 1219 34 14 om
277 1214 32 19 att
324 1213 36 20 två
376 1211 55 28 gode
447 1213 48 19 män
512 1211 61 21 skola
590 1211 85 21 biträda
691 1212 34 20 vid
741 1219 74 20 synen,
832 1215 32 18 att
880 1213 36 20 det
935 1212 47 21 icke
994 1213 58 20 näm-

226 1247 39 14 nes
281 1241 23 20 af
317 1241 63 20 hvem
397 1240 26 21 de
440 1240 61 21 skola
517 1240 81 27 väljas;
614 1240 37 21 det
667 1240 72 21 kunde
755 1241 91 20 förfaras
862 1241 72 20 alltför
949 1241 57 20 olika
1017 1240 35 21 vid

227 1269 56 20 olika
306 1269 108 26 tillfällen;
439 1269 36 20 det
497 1275 52 14 vore
565 1269 86 20 således
667 1269 54 25 skäl,
737 1271 32 18 att
784 1271 135 25 guvarnören
936 1269 52 21 eller
1004 1269 48 21 kro-

227 1304 52 14 nans
296 1297 83 28 betjent
397 1298 26 26 på
440 1299 61 18 orten
518 1297 70 20 skulle
604 1299 49 18 utse
669 1297 55 21 dem.

295 1325 58 22 Herr
368 1326 123 27 Pipping,
516 1325 79 21 Knut:
619 1325 102 22 Friherre
736 1325 81 22 Linder
833 1327 39 20 och
889 1327 49 20 herr
954 1326 98 27 Langen-

227 1354 68 21 skiöld
314 1355 64 20 hafva
398 1354 59 27 gjort
473 1354 168 27 anmärkningar
658 1361 34 14 om
709 1357 31 18 att
756 1355 108 20 utskottet
879 1355 48 21 icke
942 1355 111 27 föreslagit

227 1383 62 20 hvem
312 1383 51 20 eller
386 1383 78 26 hvilka,
487 1389 47 14 som
555 1383 61 20 skola
637 1384 48 19 utse
704 1383 55 27 gode
776 1385 54 18 män.
862 1383 10 20 I
888 1384 36 21 det
940 1383 59 21 fallet
1016 1383 37 20 har

227 1411 106 21 utskottet
356 1411 113 27 föreslagit
489 1417 83 14 samma
592 1411 113 20 redaktion
722 1418 45 14 som
784 1412 152 27 förordningen
953 1411 23 21 af
992 1412 61 26 1868,

227 1439 110 28 angående
353 1439 130 22 vattenverk
495 1439 40 21 och
547 1439 194 28 vattenledningar.
763 1440 42 21 Der
817 1441 63 26 säges
896 1441 65 20 också
973 1441 21 24 ,i
1006 1441 48 20 när-

226 1475 51 14 varo
297 1468 23 20 af
333 1468 37 20 två
386 1468 55 26 gode
457 1468 73 26 män",
547 1467 41 21 och
603 1468 7 20 i
626 1468 74 27 praxis
716 1468 31 20 lär
763 1468 59 21 detta
838 1469 120 27 stadgande
974 1469 79 21 tilläm-

230 1504 23 14 as
277 1497 31 27 så,
332 1498 33 20 att
381 1496 240 28 förrättningsmannen
638 1498 61 20 utser
719 1496 56 28 gode
791 1498 101 26 männen,
913 1497 39 22 och
968 1497 27 22 då
1011 1497 43 21 han
