1109 1739
445 103 40 15 Den
497 103 11 16 3
521 103 51 16 Juni.
855 102 37 21 181

97 158 164 27 redovisningen
268 158 22 20 af
297 157 250 28 kartasigillata-medlen
559 158 165 21 åstadkommes.
741 157 42 21 Vid
794 157 76 22 sådant
879 158 43 21 för-

97 186 99 21 hållande
212 193 64 14 anser
289 186 37 28 jag
342 186 65 21 också
423 186 36 21 det
475 186 102 27 temligen
595 186 137 27 öfverflödigt
743 189 32 18 att
786 187 74 20 vidare
870 187 53 27 göra

97 216 67 26 några
183 215 166 27 anmärkningar
369 215 7 20 i
395 215 38 20 sak
449 216 44 19 mot
517 215 243 27 bevillningsutskottet,
783 215 90 20 emedan
890 215 32 20 så-

98 243 50 22 dant
169 243 54 20 blott
243 243 63 21 torde
321 243 48 21 leda
385 243 30 20 till
431 243 141 27 förspillande
588 243 23 21 af
625 249 27 14 en
668 250 41 21 nog
725 243 80 28 dyrbar
820 243 38 26 tid,
873 249 48 15 men

97 273 7 20 i
120 271 81 28 princip
213 271 41 21 kan
265 272 38 27 jag
313 273 20 26 ej
345 273 64 20 annat
421 273 25 19 än
458 272 33 20 stå
503 272 35 20 vid
550 271 56 21 hvad
616 271 39 28 jag
667 272 33 20 vid
712 271 130 28 föregående
854 271 69 22 landt-

98 301 67 26 dagar
180 302 76 26 yttrat,
272 302 31 19 att
319 301 70 20 denna
405 300 100 21 befrielse
522 300 33 21 för
571 307 25 14 en
613 300 160 21 samhällsklass
789 302 23 19 är
823 300 99 21 fullkom-

98 329 38 27 ligt
154 328 114 28 förkastlig
283 328 6 21 i
305 329 41 20 alla
369 328 123 27 afseenden,
509 329 41 20 och
566 328 69 21 skulle
649 329 38 27 jag
702 329 5 20 i
724 329 73 27 hvarje
814 329 108 26 händelse,

99 357 84 21 oafsedt
193 357 109 27 utgången
314 357 22 21 af
345 357 74 27 frågan
430 364 34 13 om
475 364 26 13 en
513 357 118 27 specielare
645 357 138 27 redovisning
800 357 32 21 för
851 358 71 20 karta-

99 385 194 28 sigillata-medlen,
317 387 25 19 än
359 385 48 26 den,
424 392 45 14 som
486 385 109 21 meddelas
607 385 60 21 öfver
682 385 41 21 alla
734 385 190 27 stats-inkomster,

99 414 84 28 påyrka
205 414 130 27 antagandet
354 414 23 20 af
393 414 77 27 nådiga
489 414 162 27 propositionen
668 414 6 20 i
691 413 68 21 denna
775 413 41 25 del,
832 413 90 21 emedan

100 442 40 21 den
156 442 129 28 nugällande
301 442 161 28 bestämningen
481 442 120 21 innehåller
618 442 57 20 fröet
688 442 31 20 till
736 449 25 13 en
781 442 142 20 klass-åtskil-

100 471 48 27 nad,
164 478 46 14 som
226 471 6 21 i
249 470 72 22 landet
336 470 47 21 icke
398 470 68 21 finnes
483 470 41 22 och
540 470 47 21 icke
605 471 38 20 bör
659 470 74 21 finnas.

169 499 57 21 Herr
245 506 40 14 von
302 499 118 21 Hellens:
447 499 42 27 Jag
505 500 39 20 ber
563 501 32 19 att
611 499 21 21 få
648 499 74 21 förena
738 499 42 26 mig
795 498 7 20 i
817 498 41 21 allo
875 498 48 21 med

100 528 56 20 hvad
173 528 49 20 herr
245 528 121 21 Ehrnrooth
398 530 69 25 yttrat
482 528 41 20 och
544 527 69 21 skulle
630 527 67 21 tillika
722 527 48 27 vilja
785 527 91 27 påpeka,
892 528 32 20 att

101 556 70 21 denna
195 556 121 21 diskussion
338 556 75 20 hänför
437 556 32 28 sig
492 556 32 20 till
542 556 61 21 sidan
623 556 20 25 2,
659 558 23 26 ty
699 556 69 20 denna
783 555 141 27 anmärkning

101 592 46 14 som
167 585 38 20 här
224 586 24 19 är
267 585 92 27 intagen,
376 584 38 21 har
429 585 108 20 utskottet
561 584 46 22 icke
623 584 103 27 förordat,
737 586 51 18 utan
799 584 78 27 intagit
887 583 37 21 vil-

102 614 67 20 koren
184 613 33 21 för
233 614 40 20 den
290 613 115 21 händelsen
421 615 32 19 att
469 613 97 27 punkten
582 614 13 20 3
610 613 28 27 på
653 613 66 20 andra
730 613 59 20 sidan
802 612 68 20 blifvit
888 618 36 14 an-

102 644 71 25 tagen.

171 669 58 22 Herr
245 670 101 21 Munck:
362 670 88 21 Liksom
463 670 39 28 jag
518 670 65 20 redan
601 670 34 20 vid
649 670 40 20 den
701 668 129 28 föregående
842 668 82 22 diskus-

102 699 75 21 sionen
200 698 39 21 har
261 699 64 27 gjort,
342 699 35 20 vill
389 699 38 27 jag
443 699 66 20 också
525 706 27 13 nu
569 698 84 21 biträda
669 698 48 20 herr
733 697 134 21 Ehrnrooths
883 697 41 21 för-

102 727 53 27 slag,
171 729 32 19 att
218 727 42 21 alla
276 726 63 21 blifva
354 726 108 22 likställda
477 727 6 20 i
505 726 102 22 afseende
623 728 13 20 å
659 726 267 28 kartasigillata-afgiftens

103 756 86 26 belopp;
213 762 48 14 men
285 755 26 21 då
335 756 96 26 verkliga
453 755 145 21 förhållandet
619 757 23 19 är
657 755 77 21 sådant
750 757 33 18 att
797 754 89 28 afgiften
902 755 23 19 är

101 784 22 21 af
139 784 223 27 bavillnings-natur,
379 784 23 20 så
418 784 62 20 beror
497 784 36 20 det
548 791 29 13 nu
594 784 31 20 till
642 783 98 27 exempel
755 784 28 26 på
796 782 129 21 bondestån-

104 812 43 26 det,
164 819 33 14 om
212 812 37 20 det
265 812 34 20 vill
321 813 63 27 åtaga
399 812 32 28 sig
453 819 25 14 en
496 812 67 28 högre
581 812 114 27 bevillning
711 813 25 19 än
753 811 111 21 härintills.
880 810 45 20 Det

105 843 23 19 är
144 840 67 22 ocksä
227 841 28 27 pä
270 840 39 21 den
326 841 67 27 grund
405 841 106 27 allmogen
523 841 38 21 har
577 840 46 21 haft
639 841 40 20 den
695 840 98 27 lindring,
810 841 32 19 att
853 838 27 22 de
891 838 34 21 vid

105 870 69 27 nägon
199 869 94 27 riksdag,
311 869 36 28 jag
363 869 97 21 kommer
475 869 49 21 icke
540 870 49 27 ihäg
605 869 94 25 hvilken,
716 868 71 21 biföllo
804 868 30 20 tili
851 874 26 14 en
894 868 32 20 sä-

105 898 41 20 dan
169 897 122 28 bevillning,
314 904 49 14 men
385 898 48 20 med
457 898 105 20 förbehäll
581 901 31 17 att
633 898 35 20 det
684 897 67 21 skulle
767 896 22 21 fä
804 896 74 27 aflöpa
894 895 32 21 för

106 926 48 21 dem
180 926 48 21 med
251 926 79 20 hälften
354 926 89 21 mindre.

175 954 58 21 Herr
257 961 45 14 von
327 954 116 21 Hellens:
475 954 43 27 Jag
534 955 36 20 vill
584 954 109 25 anmärka,
710 956 31 18 att
756 953 66 26 enligt
839 959 28 14 nu
882 952 44 27 gäl-

106 983 63 20 lande
187 982 205 28 landtdagsordning
419 984 64 27 utgör
505 983 47 20 icke
573 982 168 21 bondeständets
757 981 57 21 bifall
830 981 52 20 eller
897 980 30 20 af-

107 1011 45 28 slag
174 1011 66 28 nägot
257 1011 104 21 definitivt
381 1011 6 20 i
403 1012 73 26 saken,
493 1014 51 18 utan
557 1011 118 28 upphäfves
692 1011 118 20 böndernes
825 1009 51 21 med
890 1009 38 20 fle-

107 1047 34 14 res
160 1039 222 28 undantagsställning
401 1040 22 20 af
439 1042 32 19 tre
481 1039 68 26 stånd,
566 1040 39 21 och
622 1039 64 21 afsläs
707 1039 40 20 den
763 1039 23 20 af
800 1037 128 22 bondestän-

107 1069 45 26 det,
169 1067 126 28 hänskjutes
311 1068 40 21 den
368 1068 31 21 till
408 1071 31 18 ett
454 1068 105 21 förstärkt
575 1068 140 21 statsutskott
726 1067 38 21 och
777 1066 84 27 afgöres
873 1065 44 21 der.

177 1096 57 21 Herr
249 1096 198 27 Nordenskiöld,
464 1097 64 20 Nils:
545 1097 43 27 Jag
605 1097 86 27 yttrade
707 1103 50 20 nyss
773 1097 32 19 att
815 1094 49 21 med
881 1093 48 21 stöd

108 1125 22 20 af
152 1125 41 20 den
217 1125 128 26 diskussion,
369 1132 44 14 som
437 1125 104 21 förevarit
564 1125 6 20 i
589 1125 115 27 anledning
719 1125 23 20 af
755 1123 175 21 statsutskottets

109 1153 144 26 betänkande,
269 1160 88 15 numero
374 1155 32 24 10,
424 1154 75 27 tyckes
516 1153 36 21 det
562 1154 42 26 mig
620 1153 101 28 temligen
737 1153 64 25 klart,
810 1154 32 19 att
857 1151 73 20 allmo-

108 1189 54 20 gens
185 1182 139 27 likställighet
346 1182 48 21 icke
410 1182 41 21 kan
472 1183 87 20 komma
574 1182 6 21 i
596 1183 67 26 fräga;
680 1189 48 13 men
745 1183 32 18 att
789 1181 44 27 jag,
850 1179 80 21 beträf-

108 1211 65 20 fande
188 1210 71 21 denna
274 1211 66 27 fråga,
357 1212 22 19 är
395 1211 23 20 af
432 1218 82 13 samma
530 1211 56 27 äsigt
601 1217 46 14 som
663 1210 49 21 herr
723 1208 131 26 Ehrnrooth,
864 1207 63 21 fram-

109 1239 38 27 gär
163 1239 23 20 af
200 1239 40 20 den
257 1239 129 21 reservation
401 1239 38 28 jag
454 1239 83 28 bifogat
552 1239 32 21 till
599 1239 118 21 utskottets
736 1236 143 23 betänkande.

178 1267 58 21 Herr
259 1267 102 22 Munck:
382 1267 51 22 Icke
457 1268 38 21 har
519 1267 36 21 det
571 1268 55 20 varit
641 1267 44 21 min
701 1267 92 26 mening,
809 1267 32 19 att
856 1265 75 27 frågan

111 1295 69 21 skulle
199 1296 84 21 förfalla
302 1297 51 20 eller
369 1296 51 22 bero
440 1297 27 26 pä
490 1296 170 21 bondeständets
686 1295 64 26 bifall,
762 1301 47 14 men
826 1295 32 20 att
874 1293 37 20 det
927 1293 5 20 i

111 1324 76 21 sädant
213 1324 36 21 fall
270 1325 65 20 borde
357 1325 86 20 komma
463 1325 32 20 till
513 1324 106 21 förstärkt
635 1325 90 24 utskott,
740 1323 40 21 och
797 1323 27 21 dä
839 1323 37 20 vet
884 1327 49 15 man

112 1353 55 20 huru
185 1353 36 20 det
237 1353 45 28 gär,
297 1353 26 21 dä
338 1355 31 19 ett
386 1353 45 20 helt
446 1353 64 21 ständ
526 1355 24 19 är
566 1355 63 19 emot.
912 1377 4 5 .

180 1381 58 21 Herr
257 1381 204 28 Pippingsköld:
477 1381 44 21 För
532 1381 42 21 min
588 1381 34 21 del
634 1381 67 21 måste
721 1381 37 27 jag
774 1379 100 22 bekänna
890 1384 43 21 mig

110 1409 31 21 till
157 1409 42 22 den
214 1410 117 28 principen,
347 1412 32 19 att
394 1411 74 26 hvarje
483 1410 102 21 befrielse
601 1410 52 20 eller
667 1409 90 26 lättnad,
766 1415 45 14 som
827 1407 106 26 allmogen

112 1438 48 21 med
180 1439 52 20 flere
251 1439 82 27 åtnjuta
349 1439 6 20 i
371 1439 102 20 afseende
489 1439 12 20 &
517 1437 267 28 kartasigillata-afgiften,
809 1435 68 22 borde
892 1435 42 20 för-

112 1467 83 26 svinna,
219 1473 48 15 men
290 1467 69 20 såvidt
377 1467 38 27 jag
437 1467 66 21 fattat
529 1467 247 26 bevillningsutskottets
799 1461 137 34 betänkande

113 1496 49 25 rätt,
187 1496 23 20 så
226 1495 38 21 har
280 1496 105 20 utskottet
401 1495 48 21 icke
472 1495 106 27 tillstyrkt
593 1494 61 21 detta
669 1495 28 27 på
712 1494 40 21 den
764 1493 76 28 grund,
856 1492 32 20 att
903 1490 33 20 för
