1109 1739
209 95 28 21 20
521 96 40 17 Den
574 96 21 17 25
608 95 43 22 Maj.

251 151 117 29 Upplästes
392 159 25 14 en
441 152 114 21 skrifvelse
577 153 46 20 från
641 152 107 21 allmänna
764 151 197 22 besvärsutskottet
976 150 31 28 ly-

183 180 70 22 dande
269 181 99 21 sålunda:

353 209 41 21 Till
411 209 114 28 högloflige
541 209 152 28 ridderskapet
709 209 38 22 och
763 209 70 21 adeln.

253 238 70 21 Sedan
347 239 79 26 förslag
450 238 31 21 till
504 245 26 14 en
554 238 135 28 underdånig
713 238 88 27 petition
826 244 34 14 om
879 235 128 22 förändrade

183 266 95 28 grunder
301 266 33 21 för
353 267 329 27 räntepersedleomsättningen,
699 267 5 20 i
721 267 36 20 det
775 266 57 28 syfte
848 265 107 21 allmänna
971 265 36 20 be-

184 295 179 21 svärsutskottets
387 295 38 20 här
448 295 85 28 bilagde
554 295 137 21 betänkande
707 295 88 26 utvisar,
812 294 68 21 blifvit
896 293 111 28 godkändt

183 325 78 20 endast
275 326 25 18 af
313 326 115 25 höglotlige
439 323 155 28 ridderskapet
609 324 38 21 och
661 324 76 27 adein,
751 322 258 28 äfvensom
879 316 61 40 muss
944 322 65 28 värda

185 351 164 26 bondeståndet,
365 359 49 14 men
430 353 98 20 deremot
544 353 23 20 af
579 352 132 28 högvördige
731 351 161 29 presteståndet
907 350 45 21 helt
967 350 39 21 och

186 380 71 27 hållet,
281 382 56 19 samt
359 381 23 20 af
402 381 106 27 välloflige
532 381 186 27 borgareståndet,
734 381 31 20 till
781 381 41 20 den
838 379 34 22 del
888 379 120 21 detsamma

185 409 118 20 innehåller
326 416 25 13 en
373 409 136 27 bestämning
528 411 32 19 att
577 409 40 21 den
634 409 81 21 äskade
731 409 78 27 nådiga
824 408 161 28 propositionen
1001 407 7 20 i

185 439 73 19 ämnet
281 436 68 22 skulle
373 437 88 21 baseras
483 438 28 27 på
535 438 26 20 de
583 437 101 28 grunder,
703 445 45 13 som
765 437 26 21 de
807 438 23 20 år
847 437 54 20 1868
917 436 91 20 tillsatta

185 465 134 21 komiterade
342 466 116 28 föreslagit,
482 466 68 20 blifvit
571 466 128 27 förkastadt,
715 466 32 21 får
762 466 107 21 allmänna
885 466 122 20 besvärsut-

185 494 90 25 skottet,
291 494 74 21 såvida
381 494 48 21 dess
445 494 80 28 förslag
541 494 31 21 till
589 494 208 28 sammanjemkning
811 494 48 21 icke
874 493 44 21 ledt
929 492 30 21 till
971 494 37 19 ön-

185 522 63 21 skadt
271 522 97 27 resultat,
387 523 39 21 och
445 523 40 21 den
505 523 98 27 åsyftade
620 524 118 26 petitionen
755 524 12 20 å
780 522 126 22 ständernas
922 528 86 21 gemen-

185 558 82 14 samma
284 552 81 26 vägnar
377 552 134 27 följaktligen
522 552 71 20 såsom
604 552 65 20 sådan
681 552 98 20 kommer
789 554 32 18 att
831 550 91 26 förfalla,
934 550 74 20 härom

185 580 111 20 vördsamt
312 580 89 26 anmäla,
418 580 5 20 i
440 580 101 21 afseonde
557 581 13 20 &
585 580 40 21 den
641 581 76 27 åtgärd
731 580 115 27 högloflige
858 578 150 28 ridderskapet

185 608 40 21 och
241 608 62 21 adeln
320 608 31 21 till
367 609 52 27 följd
435 609 62 21 häraf
511 609 41 21 kan
569 609 58 21 finna
642 610 33 26 sig
691 609 114 21 föranlåtet
821 610 32 19 att
868 608 94 27 vidtaga.

395 637 106 21 allmänna
517 638 208 20 besvärsutskottets
742 638 91 27 vägnar:

490 666 22 20 8.
528 666 36 20 W.
581 672 40 14 von
638 666 66 21 Troil.

727 696 45 16 Karl
785 695 53 16 Ferd.
852 694 88 22 Ignatius.

255 745 50 20 Med
328 745 115 28 anledning
466 745 62 21 deraf
549 748 31 18 att
604 746 34 21 vid
658 748 31 19 ett
704 745 131 28 föregäende
851 744 157 22 sammanträde

187 774 157 20 bondeständet
359 780 77 21 genom
453 781 25 13 en
493 774 125 28 deputation
631 775 91 27 inbjudit
734 774 150 27 ridderskapet
896 773 39 21 och
946 773 62 20 adeln

186 804 31 18 att
233 802 74 20 förena
331 802 32 27 sig
382 808 33 14 om
436 802 169 22 bondeständets
621 804 6 20 i
643 803 74 27 frägan
737 802 81 22 fattade
835 802 77 26 beslut,
929 801 80 21 beslöts

186 832 31 19 att
233 830 118 28 uppskjuta
367 830 126 28 afgörandet
509 832 54 20 intill
579 832 49 20 dess
645 831 198 28 protokollsutdrag
854 831 6 20 i
871 832 72 19 ämnet
954 830 54 21 ifrån

189 858 157 22 bondeståndet
362 859 119 21 inkommit.

255 915 122 28 Föredrogs
400 923 25 14 en
449 916 114 22 skrifvelse
585 916 47 21 från
651 917 107 21 allmänna
777 916 196 21 besvärsutskottet
989 915 23 21 af

188 944 95 27 följande
298 944 103 21 innehåll:

357 972 40 21 Till
415 972 113 28 högloflige
544 973 150 27 ridderskapet
709 973 40 21 och
765 973 70 20 adeln.

255 1000 72 21 Sedan
351 1001 90 20 särskild
467 1002 63 27 nådig
551 1002 132 27 proposition
701 1009 33 14 om
751 1001 121 28 antagande
888 1001 23 20 af
924 1007 26 14 en
967 1001 41 20 för-

186 1029 93 27 fattning
303 1029 110 27 angående
435 1030 122 27 underpant
572 1031 5 19 i
592 1030 261 27 jernvägsanläggningar
873 1029 47 21 med
940 1029 69 22 dertäll

186 1057 95 20 hörande
297 1057 43 20 fast
356 1057 39 21 och
412 1058 31 20 lös
459 1058 104 27 egendom
580 1065 88 14 numera
681 1059 70 20 blifvit
762 1058 84 21 landets
858 1057 87 21 ständer
956 1058 54 19 före-

186 1085 55 28 lagd,
258 1085 33 20 får
307 1085 106 21 allmänna
430 1087 195 20 besvärsutskottet
642 1087 47 21 med
701 1087 116 27 anledning
830 1086 62 21 häraf
900 1086 110 21 vördsamt

185 1113 119 25 hemställa,
327 1113 105 22 huruvida
455 1115 48 20 icke
523 1115 114 28 högloflige
656 1115 151 28 ridderskapet
822 1115 40 20 och
878 1114 70 27 adeln,
964 1121 46 13 som

183 1143 68 26 jemte
275 1142 186 27 borgareståndet,
484 1143 110 21 äfvensom
620 1143 157 22 bondeståndet
801 1143 94 21 beslutat
913 1145 32 18 att
960 1143 6 20 i
984 1149 25 14 en

185 1170 134 28 underdånig
335 1171 89 26 petition
441 1179 34 13 om
491 1172 35 27 lag
542 1172 111 27 angående
669 1172 96 21 vilkoren
782 1171 123 21 hvarunder
920 1171 90 20 konces-

185 1199 45 20 sion
255 1201 33 18 att
304 1199 5 20 i
326 1199 90 21 Finland
440 1200 71 27 bygga
532 1201 91 27 jernväg
647 1201 40 20 kan
709 1201 23 20 af
752 1200 127 28 regeringen
895 1199 115 26 meddelas,

186 1227 62 20 äfven
273 1227 69 21 skulle
365 1228 80 20 uttalas
468 1230 32 19 att
516 1229 5 20 i
538 1229 91 20 berörde
648 1229 35 28 lag
699 1229 66 21 borde
781 1229 51 26 ingå
848 1228 162 21 bestämmelser

185 1262 34 13 om
235 1255 41 21 och
293 1256 27 26 på
335 1255 56 22 hvad
407 1258 43 19 sätt
467 1257 69 26 privat
549 1257 236 28 jernvägsanläggning
798 1257 35 20 må
845 1257 72 20 kunna
928 1256 82 21 inteck-

184 1291 38 13 nas
246 1284 40 20 och
309 1284 54 21 reelt
386 1285 110 27 hypothek
521 1285 45 21 deri
583 1285 81 27 vinnas,
681 1286 36 20 vill
732 1285 77 27 frångå
825 1285 91 20 berörde
933 1284 77 26 beslut,

184 1312 39 21 och
246 1312 69 21 tillåta
339 1314 32 19 att
393 1313 39 20 sist
448 1313 89 21 anförda
554 1314 166 27 bestämningar,
737 1314 70 21 såsom
823 1320 77 21 genom
917 1313 40 20 den
975 1313 35 20 nå-

183 1340 52 27 diga
249 1341 162 26 propositionen
430 1341 77 28 gjorda
525 1342 146 27 öfverflödiga,
692 1342 57 28 finge
765 1349 26 14 ur
807 1342 40 21 den
864 1341 147 26 underdåniga

184 1369 120 27 petitionen
323 1369 113 21 uteslutas.

395 1398 107 21 allmänna
518 1398 209 21 bosvärsutskottets
745 1400 91 27 vägnar:

528 1427 36 20 W.
580 1434 41 13 von
638 1426 66 21 Troil.

728 1469 47 15 Karl
787 1468 54 16 Ferd.
854 1468 88 20 Ignatius,
