1109 1739
221 98 26 21 76
543 99 40 17 Den
596 101 21 16 29
630 99 44 21 Maj.

193 155 72 28 frågan
290 156 34 20 vid
349 156 53 21 1872
425 156 34 20 års
482 155 109 28 landtdag,
611 156 26 21 då
653 156 64 27 ingen
733 156 66 20 sådan
817 155 89 28 hägring
921 155 23 21 af
958 159 58 16 stora

193 184 119 21 inkomster
335 185 122 26 förefinnes,
481 186 33 19 att
532 185 74 20 fordra
625 191 26 14 en
671 184 98 21 bestämd
788 184 80 28 kalkyl,
885 185 69 27 någon
970 185 45 25 bas,

193 213 28 27 på
239 213 85 20 hvilken
340 213 107 21 utskottet
463 213 55 20 skall
535 213 72 28 bygga
623 213 47 21 sina
686 213 151 27 beräkningar.
868 213 42 20 Det
926 213 38 20 har
979 219 36 14 an-

193 241 89 27 märkts,
299 243 32 20 att
356 242 77 27 nådiga
457 241 154 28 förordningen
633 242 22 21 af
669 242 41 20 den
727 242 26 21 26
769 241 123 22 November
910 242 57 29 1866,
979 248 36 14 an-

193 270 84 27 gående
293 270 190 27 verkställigheten
499 270 23 21 af
535 271 141 20 frihetsstraff
694 272 39 26 gör
748 270 41 21 alla
804 270 98 28 kalkyler
918 270 97 21 öfverflö-

194 299 56 27 diga,
275 299 89 20 emedan
383 299 111 27 principen
514 299 22 20 af
553 299 205 28 fängelsereformen
779 299 85 27 engång
882 299 32 20 för
933 299 41 20 alla
992 300 24 19 är

194 327 5 19 i
219 327 70 20 denna
309 327 76 28 nådiga
401 327 125 28 förordning
541 328 114 19 fastställd.
686 327 42 28 Jag
747 327 72 21 tviflar
836 330 32 18 att
884 327 69 21 denna
971 327 43 20 för-

193 355 98 28 ordning,
310 355 77 22 hvaraf
402 355 51 22 herr
471 355 123 22 Grotenfelt
612 356 87 28 uppläst
720 355 108 28 åtskilliga
844 355 96 28 stycken,
955 356 60 20 inne-

194 384 67 21 håller
278 385 116 27 någonting
409 385 92 20 rörande
517 385 73 27 lyxen,
607 385 123 28 elegansen,
746 385 163 26 matordningen
926 391 18 14 o.
959 392 19 13 v.
990 391 24 20 8.,

195 413 39 21 och
255 419 33 14 om
308 413 164 21 statsutskottet
488 413 38 21 har
540 414 108 25 förbisett,
663 416 32 18 att
711 413 69 21 denna
796 413 124 27 förordning
935 413 79 20 existe-

194 448 41 20 rar,
259 442 27 26 på
308 443 43 19 sätt
375 442 102 20 herrarne
492 449 40 13 von
550 442 109 28 Knorring
675 442 40 21 och
731 442 123 20 Grotenfelt
870 442 76 23 anfört,
963 441 52 21 hvil-

194 470 38 20 ket
251 470 39 27 jag
305 470 32 20 för
353 470 42 21 min
412 470 33 20 del
462 470 112 26 bestrider,
591 471 69 21 måste
674 471 38 27 jag
728 477 52 14 anse
796 470 36 21 det
848 472 75 19 stanna
938 470 76 26 tjenst-

194 498 135 22 förrättande
351 499 237 27 fängelseinspektören
607 499 31 21 till
654 500 48 26 last,
719 506 53 19 som,
789 498 26 22 då
830 498 41 21 han
888 505 36 14 var
940 500 74 19 närva-

195 526 66 21 rande
284 528 7 20 i
314 528 113 24 utskottet,
450 528 47 20 icke
519 527 58 21 fäste
599 528 118 21 utskottets
737 527 190 28 uppmärksamhet
943 526 71 28 derpå.

194 555 43 28 Jag
256 556 38 20 har
312 556 7 20 i
337 556 36 21 det
393 556 141 27 slutresultat,
554 556 86 21 hvartill
661 557 49 20 herr
727 556 123 21 Grotenfelt
865 556 7 20 i
887 556 37 20 sitt
939 555 75 21 andra-

194 584 71 28 gande
281 585 6 20 i
303 584 151 28 ridderskapet
470 585 39 21 och
527 585 61 21 adeln
605 585 97 26 kommit,
719 585 70 20 funnit
805 592 26 13 en
842 584 129 28 motsägelse
982 584 31 21 till

195 613 56 20 hvad
275 613 41 21 han
339 614 58 20 förut
420 616 73 25 yttrat.
519 613 49 21 Han
585 614 66 28 yrkar
667 614 106 27 nemligen
791 614 65 20 också
872 614 32 26 på,
921 615 31 19 att
968 613 46 20 sak-

195 642 94 28 kunniga
309 649 101 20 personer
425 642 68 21 skulle
510 642 21 21 få
546 644 98 26 uppgöra
660 644 31 19 ett
707 642 80 28 förslag
803 641 91 22 rörande
910 642 26 20 de
952 648 63 21 grun-

195 670 44 27 der,
261 670 55 21 efter
339 671 72 21 hvilka
433 671 137 27 fängelserna
593 671 69 21 skulle
685 671 100 27 utvidgas
805 671 55 20 eller
876 670 138 28 ombyggas
1002 666 15 37 i

194 699 225 21 öfverensstämmelse
443 700 48 20 med
510 700 41 20 den
565 707 42 20 nya
623 700 115 26 reformen,
755 699 81 21 hvilket
851 699 79 27 förslag
946 698 68 21 skulle

194 728 23 20 af
230 728 106 27 styrelsen
352 728 131 27 godkännas,
500 735 48 14 men
565 728 50 21 kort
630 728 58 21 förut
704 728 101 28 angriper
821 728 40 20 han
874 728 86 27 mycket
970 727 44 21 häf-

194 756 41 27 tigt
249 756 118 21 utskottets
391 756 135 22 betänkande
543 757 44 21 deri
604 759 31 19 att
650 757 109 21 utskottet
771 757 46 27 just
833 756 83 22 fordrar
932 758 30 19 ett
976 756 38 28 dy-

194 784 39 21 likt
256 784 86 28 förslag.
373 785 44 21 Det
440 787 23 19 är
483 786 45 27 just
547 788 32 18 ett
597 786 76 20 sådant
691 786 82 26 förslag
789 792 44 14 som
854 785 105 21 utskottet
976 785 38 20 har

193 815 72 19 ansett
281 820 52 14 vara
349 814 142 28 nödvändigt;
508 814 108 21 utskottet
632 814 38 21 har
679 814 48 21 icke
738 814 56 20 velat
803 814 118 27 uppskjuta
931 813 83 27 fängel-

193 842 140 27 sereformen,
348 845 51 18 utan
417 845 91 19 tvärtom
525 843 132 21 öfverlemna
673 843 71 21 denna
760 849 86 21 omsorg
862 843 21 20 åt
899 842 113 28 styrelsen.

194 870 34 21 Då
251 870 106 22 utskottet
381 871 98 21 förordar
501 873 31 19 ett
548 872 75 26 anslag
641 872 24 20 af
681 872 94 25 200,000
790 872 61 19 mark
867 871 79 27 årligen
963 870 52 22 eller

194 899 74 21 inalles
288 906 26 14 en
330 900 79 27 miljon,
426 900 23 20 så
465 900 37 20 har
518 900 107 20 utskottet
642 900 84 20 anvisat
741 899 84 21 medlen
842 900 22 20 åt
880 899 134 27 regeringen,

193 927 38 21 det
247 928 38 20 har
301 928 75 21 endast
392 928 93 26 anhållit,
501 930 32 19 att
548 929 128 26 regeringen
693 929 49 20 ville
758 928 7 20 i
775 928 102 20 afseende
888 928 12 20 å
910 928 26 20 de
947 928 67 27 bygg-

192 955 72 26 nader,
287 963 46 14 som
357 957 84 20 komme
464 957 7 20 i
493 957 68 27 fråga,
580 957 52 27 följa
649 959 30 18 ett
696 963 55 20 noga
768 956 40 21 och
824 956 33 20 väl
873 957 141 26 genomtänkt

192 987 89 25 system,
297 986 32 19 att
345 985 47 20 icke
408 985 37 28 lyx
461 985 38 21 och
516 985 104 21 öfverflöd
636 985 73 20 dervid
726 985 61 20 skola
803 986 53 26 göra
866 985 32 27 sig
908 984 107 28 gällande,

192 1015 33 18 att
241 1015 104 25 systemet
360 1013 136 28 genomföres
513 1014 54 20 efter
583 1013 27 21 de
626 1015 46 20 små
688 1020 114 19 ressurser,
818 1019 45 14 som
875 1013 21 20 vi
907 1013 64 21 hafva
982 1015 32 18 att

192 1041 122 27 disponera.
329 1054 24 3 —
367 1042 113 21 Huruvida
494 1043 39 20 den
546 1042 23 21 af
578 1042 49 21 herr
639 1043 108 20 Snellman
759 1041 129 21 omnämnda
900 1042 38 21 och
950 1042 64 20 fram-

192 1069 71 22 hållna
287 1070 194 28 omständigheten,
506 1073 32 18 att
561 1071 127 27 spöstraffet
707 1073 57 18 ännu
781 1071 99 27 qvarstår
895 1070 6 20 i
917 1070 54 21 brist
987 1070 27 27 på

192 1099 67 27 några
275 1098 190 22 hundratusentals
481 1100 66 26 mark,
565 1099 111 28 verkligen
693 1101 24 19 är
733 1099 47 20 utaf
795 1105 26 14 en
838 1099 23 20 så
872 1098 96 27 allvarlig
980 1099 34 20 be-

193 1126 128 27 skaffenhet,
338 1134 45 14 som
403 1127 70 22 denne
488 1129 65 20 ärade
570 1128 68 21 talare
654 1129 117 24 omnämnt,
788 1127 66 28 vågar
868 1127 37 27 jag
921 1127 93 26 betvifla,

193 1155 98 27 emedan,
317 1155 67 28 enligt
406 1156 57 21 hvad
483 1157 39 27 jag
544 1157 39 20 har
605 1157 43 27 mig
666 1157 88 25 bekant,
771 1155 123 28 spöstraffet
909 1155 59 20 alltid
984 1155 31 20 uti

192 1183 115 28 kejserliga
330 1186 89 19 senaten
445 1185 37 20 har
506 1185 133 20 förvandlats
663 1185 31 21 till
712 1184 99 27 fängelse
830 1184 35 21 vid
883 1186 72 18 vatten
975 1184 39 21 och

191 1212 60 27 bröd,
268 1213 24 20 så
307 1213 64 21 framt
386 1213 99 21 anhållan
501 1213 74 21 derom
591 1215 78 26 gjorts;
683 1213 38 28 jag
737 1215 46 18 tror
793 1213 48 21 icke
853 1213 27 27 på
890 1212 26 21 de
928 1214 87 19 senaste

191 1240 51 21 åren
266 1242 66 26 något
347 1241 55 21 enda
417 1242 68 27 afslag
501 1243 58 27 uppå
575 1249 25 14 en
617 1242 59 27 dylik
692 1242 121 27 ansökning
829 1248 35 13 om
880 1240 135 28 förvandling

190 1269 39 21 har
244 1269 65 21 skett.

257 1297 60 22 Herr
332 1305 47 14 von
391 1298 138 28 Knorring:
546 1299 10 20 I
568 1299 115 27 anledning
693 1299 23 20 af
725 1298 56 21 hvad
793 1297 91 22 friherre
895 1297 62 28 Boije
968 1299 45 26 ytt-

190 1328 33 19 rat
241 1326 80 27 derom,
340 1329 32 18 att
392 1327 26 20 de
433 1327 162 28 upplysningar,
607 1326 202 29 tjenstförrättande
826 1326 139 27 inspektören
980 1325 35 21 för

189 1355 137 27 fängelserna
349 1355 108 22 meddelat
480 1356 113 27 utskottet,
613 1355 68 21 skulle
701 1355 65 21 hafva
783 1355 68 20 blifvit
866 1354 24 21 af
903 1354 43 27 mig
962 1361 53 20 upp-

189 1383 60 28 gifna
265 1384 70 20 såsom
352 1384 127 27 tillräckliga
494 1385 33 20 för
543 1385 130 26 ändamålet,
690 1384 37 21 ber
741 1384 39 27 jag
795 1385 32 19 att
838 1383 22 21 få
870 1383 102 26 förklara,
984 1385 30 18 att

190 1412 49 20 mitt
254 1412 101 27 yttrande
372 1413 125 27 visserligen
514 1413 41 21 kan
572 1413 23 20 så
610 1413 89 26 förstås;
710 1419 51 14 men
777 1411 48 22 med
836 1411 101 21 afseende
946 1409 69 29 Werpä

191 1441 32 20 att
241 1441 54 20 1867
311 1441 34 20 års
365 1441 102 28 landtdag
485 1441 47 21 icke
548 1442 83 20 fordrat
647 1442 66 27 några
724 1441 95 26 speciela
830 1439 186 28 kostnadsförslag

189 1471 40 18 och
253 1469 71 27 någon
345 1469 49 27 plan
412 1469 33 21 för
461 1470 123 20 utförandet
599 1470 24 20 af
637 1470 40 20 den
693 1469 7 21 i
717 1470 55 20 1866
789 1469 34 20 års
839 1468 124 27 förordning
978 1468 36 20 be-

189 1496 85 22 stämda
289 1498 198 27 reorganisationen
507 1498 22 21 af
543 1498 143 28 fängelserna,
703 1498 41 21 och
763 1504 82 14 samma
860 1496 78 22 reform
950 1496 66 21 också
