1123 1803
241 127 55 19 1154
550 123 83 19 Toukok.
647 123 10 18 8
670 127 17 18 p.

209 207 71 22 Herra
303 207 105 28 Hedberg
431 213 28 16 on
483 208 95 21 sanonut
601 208 46 20 että
673 207 142 27 metsäyhtiöt
830 207 87 22 tulevat
931 207 98 22 rettelöi-

210 237 72 27 mään,
299 238 105 21 vetoovat
420 243 69 16 muun
504 243 89 16 muassa
615 237 70 22 siihen
701 237 46 21 että
770 237 28 21 he
821 237 117 22 maksavat
954 237 76 22 tulois-

210 269 64 20 tansa
289 273 68 16 veroa
372 267 99 22 toisessa.
481 267 118 22 kunnassa.
617 267 34 21 On
665 267 145 21 huomattava
826 268 46 20 että
888 267 49 22 uusi
953 269 77 20 asetus

210 297 60 22 tulee
286 297 102 22 olemaan
404 297 55 22 siinä
482 297 88 21 kohden
593 297 88 21 erittäin
704 297 67 25 selvä,
789 298 46 20 että
849 297 109 27 jokaisen,
974 297 56 22 kuu-

210 327 61 28 luipa
287 327 43 22 hän
346 327 98 21 kuntaan
459 327 31 21 tai
506 327 26 26 ei,
548 327 61 21 tulee
624 327 101 21 kaikesta
740 326 155 25 kiinteistöstä,
904 327 70 28 jonka
985 328 44 21 hän

208 357 101 27 jossakin
325 357 99 25 omistaa,
442 357 91 21 maksaa
548 362 68 16 veroa
631 357 56 21 siinä
703 357 118 27 kunnassa,
835 357 63 27 jossa
906 358 60 20 tämä
974 357 56 22 kiin-

210 386 66 22 teistö
292 393 34 15 on.
358 386 83 22 Mitään
456 386 155 22 rettelöimistä
626 386 71 22 siihen
717 388 88 26 tapaan,
829 387 46 21 kun
891 387 65 21 herra
971 387 58 21 Hed-

211 417 55 28 berg
281 416 80 27 luulee,
378 416 74 22 tuskin
468 417 36 21 voi
520 416 55 22 tulla
588 416 173 28 kysymykseen,
772 416 46 22 kun
829 418 61 20 tämä
898 417 94 21 ehdotus
1000 423 30 16 on

210 447 67 21 tullut
292 446 71 22 laiksi.

282 476 124 22 Professori
422 476 134 21 Hermanson:
576 476 43 28 Jag
635 476 40 22 ber
685 477 32 21 att
729 476 21 22 fä
760 477 82 21 nämna
852 476 79 22 endast
942 478 32 20 ett
989 483 43 21 par

212 507 46 21 ord.
289 506 45 22 Det
349 506 40 22 har
405 506 113 22 anmärkts
534 508 33 20 att
583 506 68 28 enligt
667 506 44 22 den
726 506 69 22 andra
810 507 166 21 reservationen
992 507 37 21 bo-

211 536 157 22 ställshafvare
384 536 72 22 skulle
472 536 84 28 nödgas
577 536 74 22 betala
674 536 179 28 fastighetsskatt
868 536 68 22 äfven
952 536 34 22 för
1002 543 28 15 en

212 567 43 27 god
272 566 62 28 skog,
350 572 47 16 som
413 566 103 22 tillhörde
532 566 110 26 bostället,
658 566 70 22 ehuru
751 566 44 22 han
818 566 49 22 icke
890 567 60 28 finge
974 567 58 27 sälja

212 596 120 28 nägonting
348 596 26 22 af
386 596 91 28 skogen.
508 596 51 22 Men
575 596 156 27 ordalydelsen
746 596 26 22 af
785 596 69 22 andra
864 596 168 22 reservationen

212 627 72 28 gifver
299 626 49 22 icke
364 626 79 22 sådant
457 626 39 21 vid
510 626 95 27 handen,
621 627 25 26 ty
657 626 39 22 der
704 626 55 22 står:
779 626 84 29 ,Egare
872 626 25 22 af
901 627 130 27 jordbruks-

212 657 107 28 fastighet
335 656 24 22 sä
374 657 42 21 ock
431 657 49 26 den,
497 663 47 15 som
561 657 50 21 med
627 656 94 28 stadgad
744 656 87 22 åborätt
854 657 92 22 innehar
962 657 69 22 sådan

211 687 112 28 lägenhet,
339 687 57 21 skall
412 688 88 20 taxeras
517 687 113 21 sålunda”.
662 686 50 22 Men
727 687 188 22 boställshafvare
930 688 26 20 är
966 687 66 22 hvar-

211 717 44 21 ken
271 722 67 22 egare
354 717 54 20 eller
423 716 146 22 innehafvare
585 716 26 21 af
631 715 104 28 lägenhet
759 717 50 21 med
825 717 95 27 stadgad
936 717 92 21 åborätt.

212 746 97 22 Sålunda
325 746 72 22 skulle
413 745 185 23 boställshafvare
613 746 121 27 ingalunda
749 746 90 22 komma
855 748 33 20 att
904 746 94 22 drabbas
1007 746 28 22 af

213 776 72 22 denna
301 776 65 21 skatt.
398 776 33 21 En
458 782 73 15 annan
546 776 41 21 sak
603 776 30 26 är,
649 776 110 22 huruvida
774 776 38 22 det
827 776 49 21 icke
892 777 24 21 är
932 782 28 16 en
976 776 56 22 brist

212 807 33 21 att
261 808 27 19 82
305 806 12 26 $
333 806 49 21 icke
398 805 50 22 sökt
474 806 66 21 träffa
563 805 66 22 också
651 805 110 22 boställen
777 806 49 21 med
844 806 187 28 fastighetsskatt.

212 836 43 21 Till
271 836 71 28 grund
359 836 34 21 för
408 836 120 21 utskottets
544 835 84 28 förslag
643 835 41 21 och
700 836 68 21 äfven
775 835 114 28 åtsktlliga
898 836 75 26 andra,
983 842 47 16 som

212 866 40 21 här
268 865 116 27 förordats,
401 865 71 28 ligger
497 865 281 29 inkomstbeskattningens
801 865 91 29 princip.
924 866 51 21 Man
990 866 42 21 har

212 895 131 29 visserligen
359 896 79 21 erkänt
453 897 33 19 att
501 895 72 21 denna
589 895 142 28 beskattning
756 895 49 22 icke
829 895 28 27 på
878 897 32 20 ett
926 896 44 21 rätt
986 896 47 21 sätt

212 926 76 21 träffat
302 925 234 28 jordbruksnäringen,
553 931 50 15 men
620 924 80 22 uttalat
716 925 38 21 det
773 925 59 29 hopp
856 927 33 20 att
906 925 37 22 det
959 925 73 22 skulle

212 956 28 28 gå
255 955 73 22 bättre
344 955 125 21 framdeles.
501 954 51 22 Men
567 956 101 21 häremot
683 956 25 20 är
723 961 30 16 nu
769 956 33 20 att
825 956 107 21 anmärka
954 957 33 20 att
1003 956 29 21 de

212 985 160 27 förhållanden,
390 991 46 16 som
452 984 60 28 göra,
530 986 32 20 att
577 984 240 29 inkomstbeskattning
831 985 50 22 icke
896 986 44 21 kan
949 987 83 20 använ-

212 1015 39 21 das
268 1015 34 21 för
316 1015 205 27 jordbruksnäring,
533 1016 38 20 äro
587 1015 26 21 af
619 1014 67 22 sådan
694 1015 162 26 beskaffenhet,
865 1016 33 20 att
906 1016 27 20 de
942 1015 89 22 komma

211 1047 33 19 att
259 1044 54 28 göra
328 1044 34 28 sig
378 1044 104 28 gällande
498 1044 70 22 under
583 1044 44 22 alla
643 1044 158 22 förhållanden.

282 1074 116 22 Professor
413 1074 121 22 Danielson
550 1074 115 22 anmärkte
688 1076 33 19 att
736 1081 52 15 man
811 1074 49 22 icke
883 1074 63 22 alltid
962 1075 70 28 enligt

211 1105 70 21 andra
296 1104 165 22 reservationen
477 1104 72 22 skulle
565 1104 88 22 komma
669 1105 34 20 att
717 1105 45 21 rätt
777 1105 120 27 uppskatta
913 1104 79 22 värdet
1007 1104 27 22 af

211 1141 28 15 en
255 1134 43 29 god
314 1135 62 27 skog,
394 1140 47 15 som
457 1140 29 16 en
500 1134 105 28 lägenhet
621 1134 46 21 har.
700 1133 43 22 Det
758 1135 25 21 är
804 1141 45 22 nog
864 1136 50 20 sant
930 1135 33 21 att
978 1141 53 16 man

212 1164 60 22 förut
287 1164 49 22 icke
352 1164 40 21 har
408 1165 60 27 gjort
484 1165 44 26 det,
544 1170 51 16 men
611 1170 44 22 nog
670 1166 64 26 tager
749 1171 52 15 man
816 1171 31 15 nu
864 1164 34 22 för
906 1165 62 21 tiden
976 1166 55 20 tem-

211 1195 59 28 ligen
286 1195 37 20 väl
338 1194 54 21 reda
408 1194 32 28 på,
457 1200 35 15 om
510 1200 27 16 en
553 1194 106 28 lägenhet
673 1195 41 20 har
729 1195 44 27 god
789 1195 56 27 skog
860 1195 54 21 eller
925 1195 55 26 icke,
990 1195 41 21 och

212 1231 51 15 man
279 1224 100 21 kommer
395 1224 119 21 framdeles
530 1225 33 20 att
578 1224 54 28 göra
648 1224 38 21 det
701 1225 59 20 ännu
776 1230 53 15 mer.
861 1224 115 22 Professor
987 1224 45 21 Da-

211 1254 87 21 nielson
313 1253 63 22 torde
392 1253 49 22 icke
458 1254 119 27 behörigen
592 1254 69 21 hafva
676 1254 207 28 uppmärksammat
898 1254 102 28 lydelsen
1008 1254 27 21 af

212 1287 27 18 82
263 1285 13 26 $
297 1284 7 21 i
320 1284 69 21 andra
411 1284 173 27 reservationen,
608 1283 27 22 då
658 1284 45 21 han
725 1284 54 21 sade
799 1285 33 20 att
848 1285 42 20 den
906 1284 72 22 skulle
994 1284 38 21 be-

209 1315 97 20 stämma
321 1314 34 21 till
370 1314 41 21 och
428 1313 50 22 med
495 1314 37 21 det
548 1314 123 27 procenttal
687 1313 26 22 af
726 1314 146 28 fastighetens
890 1315 76 26 värde,
983 1320 48 15 som

211 1343 73 20 skulle
299 1343 109 20 beräknas
424 1343 72 20 såsom
512 1344 97 19 inkomst
624 1343 68 20 deraf.
724 1343 50 21 Men
790 1343 62 20 detta
868 1345 24 18 är
903 1343 49 21 icke
961 1343 71 21 fallet.

211 1371 47 22 Der
273 1373 74 26 säges:
376 1372 127 25 ,hvarefter
528 1371 73 22 såsom
617 1372 101 21 skattbar
733 1372 97 21 inkomst
846 1372 108 21 beräknas
971 1372 61 21 vissa

211 1403 91 26 procent
318 1401 70 27 deraf,
405 1401 129 22 densamma
550 1401 35 22 för
600 1401 44 22 alla
659 1401 130 29 fastigheter
805 1401 59 22 inom
873 1402 159 22 kommunen”.

212 1431 44 22 Det
272 1431 72 22 skulle
360 1431 140 28 naturligtvis
516 1431 34 22 stå
573 1431 134 22 kommunen
731 1431 47 22 fritt
794 1432 33 21 att
841 1432 126 21 bestämma
982 1438 50 21 pro-

212 1463 85 25 centen,
322 1461 40 22 och
386 1462 119 27 procenten
529 1461 73 22 skulle
625 1460 69 29 enligt
717 1461 62 22 detta
802 1461 230 29 författningsförslag

211 1492 75 21 kunna
301 1491 136 22 bestämmas
454 1491 58 22 olika
528 1491 34 22 till
577 1491 42 22 och
635 1491 50 22 med
701 1491 70 22 under
795 1492 59 21 olika
878 1492 29 21 år.
939 1492 45 22 Det
1007 1493 25 21 är

212 1521 56 22 blott
284 1521 188 29 uppskattningen
494 1521 26 22 af
540 1521 146 28 fastighetens
710 1521 75 28 värde,
809 1528 48 16 som
873 1522 72 22 skulle
960 1522 72 23 blifva
