1123 1784
451 125 82 18 Toukok.
548 127 20 17 17
582 131 17 17 p.
851 128 55 20 1493

120 178 116 28 möjlighet
251 179 73 21 dertill
341 190 26 4 —
384 179 72 21 skulle
472 179 137 25 verkställas,
627 179 24 22 så
666 179 75 22 blefve
757 179 61 22 detta
829 186 27 15 en
867 182 69 26 tunga

121 208 50 22 fullt
189 208 114 29 jemförlig
319 208 51 22 med
386 208 42 22 den
445 210 75 26 tunga,
537 215 47 15 som
601 209 71 21 hvilar
687 209 64 21 öfver
766 209 75 22 landet
856 215 80 22 genom

120 238 160 28 värnepligten.
312 238 45 22 Det
372 239 63 21 heter
450 238 131 28 visserligen
596 239 7 21 i
620 239 42 21 den
679 238 79 28 nådiga
773 239 164 28 propositionen

120 269 34 20 att
176 274 27 15 en
223 268 50 21 häst
289 268 33 22 får
337 268 95 22 afhållas
447 269 8 20 i
471 268 41 21 och
528 268 35 22 för
578 268 123 28 mönstring
716 268 48 22 från
780 269 76 21 arbete
872 269 65 27 högst

120 299 32 20 ett
174 298 65 27 dygn.
270 297 51 22 Men
344 298 51 21 med
418 298 124 21 kännedom
567 304 35 15 om
625 298 49 21 vårt
697 298 63 21 lands
784 298 151 22 förhållanden

123 326 69 22 måste
209 333 51 15 man
276 327 120 27 medgifva,
413 328 32 20 att
461 327 38 21 det
514 327 69 27 enligt
594 327 30 21 all
635 328 140 21 sannolikhet
786 328 68 21 oftast
865 327 71 22 skulle

120 357 89 21 inträffa
234 358 33 20 att
290 362 27 16 en
341 357 51 21 häst
415 357 50 21 med
481 357 33 21 sin
531 356 142 28 följeslagare
689 357 113 27 nödgades
818 363 54 15 vara
887 358 50 20 bort

122 386 48 22 från
186 386 87 22 arbetet
287 386 7 21 i
310 386 54 22 flere
380 386 67 28 dygn.
479 386 34 21 Må
529 393 51 15 man
597 386 67 22 tänka
680 386 27 28 på
724 386 51 22 våra
790 386 146 22 inlandstrak-

120 419 34 19 ter
177 416 50 21 med
251 416 50 21 dess
324 416 190 28 skärgårdsnatur,
539 416 34 21 må
589 422 51 16 man
655 416 68 22 tänka
739 416 28 28 på
782 422 27 16 en
825 416 111 22 hästmön-

121 446 70 28 string
214 446 70 21 under
304 445 87 29 möjligt
406 446 100 21 menföre
522 446 40 21 och
579 452 51 16 man
646 446 57 21 skall
717 446 60 22 finna
793 447 33 20 att
842 446 94 22 bestäm-

121 476 81 28 ningen
224 475 82 26 derom,
331 477 32 20 att
386 481 28 15 en
437 476 50 21 häst
508 476 49 21 icke
581 475 59 29 finge
662 482 53 15 vara
731 476 76 28 längre
823 476 49 21 bort
888 475 47 22 från

123 505 151 28 mönstringen
297 506 29 20 än
345 512 27 15 en
388 505 50 27 dag,
453 506 7 20 i
476 505 81 27 sjelfva
573 506 78 21 verket
667 506 24 21 är
707 506 149 28 ouppfyllbar.
888 505 49 22 Den

121 534 79 29 nådiga
224 535 164 28 propositionen
412 535 129 22 förutsätter
559 534 66 23 också
641 535 144 27 möjligheten
801 537 33 19 att
849 542 28 15 en
893 535 43 28 dag

120 565 49 21 icke
193 564 57 22 skall
267 564 68 22 räcka
350 564 33 22 till
399 565 41 21 och
457 565 124 27 medgifver
596 566 33 20 att
644 565 6 21 i
666 564 83 22 sådana
765 565 39 21 fall
820 565 117 27 hästegare

120 595 57 21 skall
202 594 83 22 erhälla
303 594 122 28 ersättning
441 594 22 22 af
479 594 91 22 kronan.
602 594 40 22 Om
660 601 51 15 man
727 595 80 21 tänker
822 595 34 27 sig
872 595 64 21 dessa

121 627 94 24 270,000
234 624 81 26 hästar,
334 624 76 22 hvilka
425 625 38 20 äro
480 624 49 21 bort
544 624 53 22 fiere
614 624 69 27 dagar
699 624 40 21 och
755 624 80 22 tänker
850 624 28 28 pä
893 624 42 22 den

121 654 129 28 ersättning,
269 653 28 28 pä
311 654 90 22 hvilken
417 654 65 21 deras
498 660 67 21 egare
581 654 75 21 kunna
671 654 55 28 göra
741 653 100 28 anspräk,
858 654 24 21 sä
897 653 38 22 fin-

119 689 41 16 ner
175 690 58 19 man,
250 683 75 22 hvilka
341 684 70 26 dryga
426 684 119 20 kostnader
554 683 88 21 komma
657 685 33 19 att
700 683 91 28 äläggas
801 683 136 21 statsverket

119 713 7 21 i
142 713 61 21 detta
219 713 112 21 afseende.

191 742 44 22 Det
258 748 40 15 var
314 742 73 22 denna
402 742 170 28 omständighet,
589 748 47 16 som
653 743 40 21 hos
709 742 108 22 utskottet
833 742 103 22 framkal-

119 772 50 22 lade
185 772 168 27 öfvertygelsen
369 773 32 20 att
416 771 120 28 nägonting
552 772 69 22 mäste
637 772 66 28 göras
714 772 34 21 för
759 774 32 19 att
802 778 51 15 man
863 771 73 22 skulle

120 802 71 28 slippa
214 802 71 21 denna
308 803 70 26 tunga
401 801 75 22 börda.
508 801 50 22 Men
582 801 12 22 ä
609 802 69 21 andra
693 801 64 22 sidan
773 808 40 15 var
828 801 108 22 utskottet

120 831 29 29 pä
170 832 71 27 grund
265 832 26 20 af
307 831 27 21 de
350 831 167 27 meddelanden,
534 831 124 22 detsamma
674 831 87 22 erhällit
777 831 48 22 frän
841 831 95 22 militära

120 862 161 27 myndigheter,
299 861 113 22 medvetet
427 861 76 21 derom
519 863 33 19 att
568 861 192 27 militärstyrelsen
776 861 71 28 aldrig
862 861 73 21 skulle

120 891 28 28 gä
170 891 22 21 in
215 890 28 29 pä
265 892 32 21 ett
320 890 165 23 äsidosättande
500 890 26 22 af
539 891 65 22 dessa
620 890 153 29 mönstringar,
790 890 93 22 emedan
899 890 36 22 de-

120 927 85 15 samma
229 920 27 28 pä
279 922 32 20 ett
328 921 89 26 mycket
432 922 54 20 nära
502 921 43 21 sätt
560 921 176 27 sammanhänga
753 921 49 21 med
819 921 43 20 den
877 921 58 21 häst-

119 950 140 27 utskrifning,
276 951 93 20 hvarom
385 950 31 21 tal
431 950 64 21 varit.
526 950 207 28 Hästmönstringen
749 950 60 22 afser
824 951 111 27 nämligen

120 982 33 19 att
168 981 79 20 utröna
261 980 49 21 icke
326 980 57 22 blott
398 980 84 21 antalet
497 980 76 22 hästar
590 992 25 3 —
633 980 61 21 detta
709 981 43 20 kan
769 980 89 21 utrönas
869 979 67 22 också

119 1015 81 22 genom
224 1009 64 22 enkel
312 1009 144 28 hästräkning
480 1022 26 2 —
530 1012 55 19 utan
608 1010 74 25 äfven,
699 1010 55 21 huru
772 1009 79 28 mänga
866 1009 69 28 krigs-

120 1039 91 28 dugliga
233 1039 76 22 hästar
325 1039 70 22 finnas
412 1039 6 21 i
433 1039 81 25 landet,
532 1040 41 21 och
589 1039 49 22 icke
653 1039 57 22 blott
725 1039 62 22 detta
802 1041 60 24 utan,
878 1039 57 21 huru

119 1069 80 28 mänga
220 1069 76 22 hästar
319 1069 106 28 lämpliga
448 1069 35 22 för
505 1069 27 22 de
556 1069 59 22 olika
635 1069 148 28 uppgifterna,
800 1069 35 22 för
849 1069 86 28 rytteri,

119 1101 93 24 trossen,
236 1099 113 26 kavalleri,
368 1098 71 22 finnas
455 1099 7 21 i
477 1099 76 22 landet
569 1100 32 20 att
616 1098 63 28 tillgå
694 1100 64 25 samt,
775 1099 56 21 hvar
846 1099 89 21 militär-

119 1129 110 28 styrelsen
248 1129 39 21 har
303 1130 33 20 att
351 1129 100 21 afhemta
468 1129 113 21 desamma
596 1129 48 22 ifall
659 1129 26 21 af
699 1129 54 28 krig.
785 1129 59 21 Utan
860 1135 27 15 en
903 1127 32 22 sä-

120 1159 43 22 dan
179 1158 100 28 kunskap
296 1159 24 21 är
336 1158 140 29 naturligtvis
493 1165 25 15 ur
534 1159 81 21 militär
631 1159 113 27 synpunkt
759 1165 28 15 en
803 1159 72 27 hastig
892 1164 44 15 mo-

120 1188 120 28 bilisering,
264 1195 47 14 som
335 1188 36 21 vid
389 1188 121 28 krigsfaras
534 1189 86 21 inträde
639 1187 70 23 måste
723 1188 46 27 ske,
786 1189 49 20 icke
851 1188 83 27 möjlig.

190 1218 45 21 Det
256 1225 40 14 var
320 1218 27 28 pä
362 1218 66 21 dessa
443 1219 103 26 grunder,
563 1225 47 15 som
626 1218 109 21 utskottet
750 1218 69 27 ansäg
835 1219 33 26 sig
883 1217 52 22 nöd-

120 1248 53 27 gadt
193 1249 34 20 att
241 1247 94 22 uttänka
351 1254 27 15 en
393 1254 73 15 annan
483 1248 56 21 form
556 1248 35 21 för
606 1248 65 21 dessa
687 1248 25 21 af
725 1248 96 21 militära
836 1247 100 28 myndig-

119 1277 92 22 heterna
236 1277 103 22 fordrade
362 1277 155 28 mönstringar,
541 1283 28 15 en
593 1277 64 26 form,
677 1283 47 16 som
741 1277 105 28 möjligen
861 1277 75 21 kunde

119 1307 162 21 tillfredsställa
304 1307 27 21 de
356 1307 95 21 militära
475 1307 190 27 myndigheterna,
686 1313 48 15 men
751 1307 49 21 icke
815 1307 70 21 blifva
901 1306 35 21 för

119 1336 77 21 landet
211 1342 28 15 en
255 1336 24 21 sä
294 1336 94 21 oerhörd
404 1338 76 26 tunga,
497 1343 47 14 som
560 1337 43 20 den
619 1336 26 21 af
658 1337 43 20 den
716 1335 81 29 nädiga
807 1336 128 27 propositio-

119 1371 43 16 nen
188 1365 127 28 föreslagna
341 1365 157 28 mönstringen.
536 1365 115 22 Utskottet
677 1365 72 22 anslöt
771 1366 34 27 sig
829 1365 26 22 dä
879 1365 57 22 efter

119 1395 90 28 mycket
233 1395 166 28 öfvervägande
422 1395 33 22 till
480 1396 42 21 den
545 1396 144 25 reservation,
713 1401 47 16 som
776 1396 60 21 inom
851 1396 84 21 hästut-

120 1425 231 27 skrifningsutskottet
369 1425 38 20 vid
422 1426 89 19 senaste
526 1425 108 26 landtdag
649 1424 74 27 afgafs
739 1425 41 20 och
797 1425 62 20 sökte
875 1425 60 20 kom-

119 1454 96 27 plettera
235 1453 129 22 densamma
380 1453 35 22 för
430 1455 33 20 att
477 1454 47 26 just
540 1453 117 28 tillgodose
674 1453 202 27 militärstyrelsens
894 1454 41 21 for-

120 1483 89 28 dringar
235 1483 50 21 med
303 1483 106 22 afseende
425 1482 12 22 ä
454 1483 119 26 vissheten,
597 1483 55 21 hvar
667 1483 76 21 hästar
759 1483 34 22 för
809 1483 129 28 krigsbehof

119 1513 74 22 kunde
216 1513 71 22 finnas
306 1513 41 22 och
363 1513 115 22 hurudana
493 1513 75 21 hästar
584 1513 34 22 för
635 1513 130 28 krigsbehof
779 1513 70 22 finnas
867 1513 6 21 i
890 1513 45 22 lan-
