1098 1798
233 123 56 19 1088
542 118 83 20 Toukok.
639 120 10 17 6
662 123 17 18 p.

202 173 84 22 minnet
301 173 26 22 af
340 173 70 22 Kristi
424 172 165 29 uppståndelse,
613 172 72 23 denna
699 172 111 28 grundval
826 172 35 22 för
876 172 43 22 den
935 172 85 23 kristna

202 205 56 20 tron.
290 203 50 22 Men
356 203 38 22 det
408 203 89 22 bevisar
512 203 61 25 intet,
590 202 38 21 det
643 201 59 22 visar
717 202 64 25 blott,
797 201 57 23 huru
865 202 38 21 det
911 202 109 29 småning-

202 239 36 15 om
254 232 48 22 blef
316 232 39 22 sed
380 233 33 21 att
436 232 42 22 fira
492 232 121 28 söndagen.
645 231 50 22 Men
711 231 87 28 kristlig
813 232 39 21 sed
868 232 25 21 är
908 232 49 22 icke
973 233 46 22 det-

201 269 86 15 samma
302 268 48 16 som
366 262 114 28 gudomlig
496 262 102 22 stiftelse.

273 292 41 22 Om
330 298 30 15 nu
376 292 24 22 så
416 291 104 23 förhåller
536 291 41 28 sig,
593 297 37 16 om
645 291 88 22 således
748 291 100 22 hvarken
863 291 7 22 i
881 291 75 28 gamla
964 292 57 22 eller

201 328 46 21 nya
262 322 130 22 förbundets
408 322 90 21 skrifter
514 322 71 21 finnes
601 321 72 28 någon
690 321 121 28 uttrycklig
826 321 96 22 stiftelse
937 322 84 23 beträf-

202 352 67 22 fande
284 351 120 28 söndagen,
421 351 25 22 så
461 352 40 21 har
516 352 38 21 det
569 352 56 25 skäl,
640 357 48 16 som
705 351 128 22 framhålles
849 351 35 22 för
895 351 126 29 söndagens

201 381 164 28 helighällande
388 381 71 22 såsom
485 381 121 28 någonting
621 381 26 22 af
661 381 50 22 Gud
727 381 122 25 anbefaldt,
874 381 93 22 förfallit
988 382 32 21 sä-

202 417 48 16 som
266 411 48 22 icke
330 412 6 21 i
353 411 153 28 verkligheten
522 411 148 22 existerande.

272 441 107 22 Deremot
394 441 72 22 finnes
481 441 7 21 i
504 447 45 22 nya
564 442 144 21 testamentet
723 441 54 22 flere
802 440 87 27 ställen,
907 447 47 16 som
970 441 28 28 gä
1013 442 8 21 i

202 471 92 22 alldeles
311 472 91 21 motsatt
416 471 104 28 riktning.
552 471 76 28 Enligt
650 471 38 22 det
711 470 71 22 första
801 471 126 28 evangeliet
943 471 77 22 Matth.

202 504 13 19 5
231 502 65 27 säger
312 501 98 22 Kristus:
440 501 23 26 ,I
478 501 79 22 skolen
580 501 49 22 icke
645 507 66 16 mena
726 502 33 20 att
773 501 40 28 jag
828 500 93 23 kommit
937 501 35 22 för
987 503 34 20 att

202 531 94 28 upplösa
310 531 66 28 lagen
392 531 55 22 eller
470 531 133 28 profeterna.
635 531 44 28 Jag
701 531 40 22 har
764 530 49 22 icke
829 530 94 23 kommit
938 531 35 22 för
988 533 33 20 att

202 561 93 28 upplösa
311 563 53 20 utan
380 561 35 22 för
430 563 33 20 att
478 561 125 28 uppehälla.
634 561 34 28 Ty
685 560 140 28 sannerligen
841 561 65 28 säger
912 561 41 28 jag
961 561 59 22 eder:

202 591 76 22 förrän
293 591 91 22 himmel
400 591 41 22 och
455 591 51 28 jord
532 591 81 28 förgås,
637 591 57 23 skall
710 591 49 22 icke
775 591 44 21 den
834 591 81 22 minsta
931 591 92 22 bokstaf

202 621 55 22 eller
272 627 27 16 en
316 621 57 22 enda
388 621 62 28 prick
466 621 26 22 af
504 621 66 28 lagen
587 620 81 29 förgäs,
686 621 75 22 förrän
777 620 40 22 allt
832 621 41 21 har
888 621 81 22 skett*.
985 621 36 22 Je-

202 657 38 16 sus
248 657 66 16 anser
329 651 87 22 säledes
431 652 34 20 att
480 651 51 22 hela
547 651 130 29 dekalogen,
694 651 45 22 alla
765 650 50 22 dess
838 650 45 22 bud
899 652 25 21 är
940 651 81 22 förbin-

203 681 71 21 dande
291 681 34 21 för
340 681 44 21 alla
400 681 56 21 tider
480 681 115 27 (Asiaan!).
627 681 91 22 Liksom
741 681 22 21 vi
786 679 72 23 säsom
882 681 85 21 kristna
983 682 38 27 äro

203 710 125 22 förbundna
343 711 33 21 att
391 711 49 21 icke
456 711 69 21 hafva
540 711 70 22 andra
625 711 71 28 gudar
709 711 71 28 jemte
796 709 79 22 Israels
887 710 58 27 Gud,
971 710 50 28 (Aä-

202 741 94 27 nestys!)
313 739 69 23 likaså
398 741 38 21 äro
452 740 22 21 vi
490 740 126 23 förbundna
631 742 33 20 att
679 741 62 28 göra,
765 740 61 22 hvad
841 740 38 21 det
894 740 73 27 tredje
982 741 39 22 bu-

202 770 38 21 det
256 770 150 21 föreskrifver.
441 770 66 22 Jesus
522 771 66 28 säger
603 771 90 22 vidare:
719 788 9 9 ,
732 770 57 26 Den,
805 775 48 16 som
869 770 104 28 upplöser
988 772 33 20 ett

202 800 26 21 af
241 799 65 22 dessa
321 800 46 21 bud
384 800 40 21 och
440 800 33 21 lär
489 801 156 22 menniskorna
661 800 30 26 så,
707 801 45 22 han
771 799 56 23 skall
843 799 72 23 kallas
931 801 67 22 minst
1012 801 9 21 i

202 829 170 22 himmelriket".
403 829 45 22 Det
463 831 73 27 tredje
552 831 69 21 budet
637 832 24 21 är
677 831 87 22 således
779 829 50 23 icke
844 829 27 23 af
884 830 66 22 Jesus
966 837 54 22 upp-

201 859 50 22 löst.
282 859 52 22 Men
349 860 44 21 han
409 860 40 27 gör
464 862 32 19 ett
511 861 82 27 ytterst
609 861 80 28 vigtigt
705 861 89 27 tillägg:
813 859 56 28 ,Jag
883 861 26 20 är
917 860 104 22 kommen

202 890 36 22 för
253 891 33 20 att
302 889 143 23 fullkomna*.
477 890 187 23 Fullkomnandet
680 891 45 22 kan
740 890 37 22 väl
792 889 50 23 icke
858 889 63 23 bestå
936 890 7 22 i
953 890 68 23 annat

202 921 28 21 än
246 921 33 21 att
296 920 78 22 budets
390 920 124 28 väsentliga
530 920 103 27 innehåll,
650 921 80 22 budets
746 920 65 26 anda,
822 920 69 22 budet
899 926 36 16 om
944 921 77 21 arbete

202 950 41 21 och
258 950 61 21 hvila
336 950 146 28 förverkligas
498 951 41 21 och
556 951 37 21 det
609 950 7 22 i
632 957 27 15 en
675 950 160 27 utsträckning,
851 956 48 16 som
916 950 105 22 omfattar

202 980 49 21 icke
277 979 71 22 skilda
372 980 69 27 dagar
464 982 54 20 utan
540 980 46 22 alla
613 980 74 28 dagar,
704 981 51 21 hela
771 979 141 22 menniskans
928 980 33 21 lif.
992 980 29 22 Så

202 1009 108 28 uppfylde
326 1009 66 21 Jesus
408 1010 55 26 sjelf
476 1009 62 22 detta
554 1010 57 26 bud;
627 1010 62 22 alltid
706 1009 135 28 outrtöttligt
849 1008 122 23 arbetande
980 1010 41 22 och

202 1038 58 22 dock
275 1038 23 22 så
314 1040 34 20 att
362 1039 83 27 själens
471 1039 54 28 lugn
541 1039 85 23 förblef
640 1039 85 23 ostördt
741 1040 33 22 till
791 1038 55 28 följd
862 1039 26 21 af
901 1038 47 23 inre
964 1046 57 16 sam-

202 1068 51 28 ling.
286 1068 40 22 Att
341 1074 28 16 en
385 1068 68 22 sådan
469 1069 134 28 uppfyllelse
620 1076 83 20 menas,
721 1069 98 28 framgår
834 1068 26 22 af
872 1068 55 22 Jesu
939 1069 40 22 ord
987 1070 35 22 till

202 1098 44 22 den
262 1098 139 22 samaritiska
419 1098 109 22 kvinnan:
561 1099 109 27 ,Kvinna,
693 1101 34 21 tro
744 1099 46 28 mig
805 1100 34 20 att
854 1098 43 22 den
913 1099 31 22 tid
960 1099 61 22 kom-

203 1133 53 20 mer,
273 1127 27 22 då
315 1128 10 22 I
341 1128 100 22 hvarken
466 1128 78 23 skolen
560 1129 102 27 tillbedja
678 1129 27 29 på
721 1130 61 21 detta
798 1129 78 27 berget
892 1128 55 22 eller
962 1129 7 21 i
985 1130 35 21 Je-

202 1158 104 22 rusalem.
337 1158 50 22 Den
403 1158 30 22 tid
450 1158 100 22 kommer
566 1159 41 22 och
623 1160 25 20 är
664 1160 69 21 redan
740 1160 58 25 inne,
808 1158 27 23 då
845 1160 59 20 rätta
913 1159 108 27 tillbedja-

202 1194 25 15 re
244 1188 62 21 skola
322 1188 101 27 tillbedja
448 1188 88 22 Fadren
552 1189 7 21 i
575 1190 58 21 anda
649 1190 42 21 och
705 1189 116 27 sanning”.
852 1188 45 22 Det
913 1189 24 21 är
953 1188 68 23 sådan

202 1217 124 28 tillbedjan,
342 1224 48 16 som
406 1218 50 22 Gud
473 1218 39 22 vill
527 1218 75 22 hafva.
633 1218 38 22 All
686 1218 38 28 tid,
740 1219 45 21 alla
801 1219 68 27 dagar
889 1218 64 22 skola
969 1225 55 15 vara

206 1247 95 28 helgade
317 1247 22 22 åt
354 1247 62 22 Guds
432 1248 124 28 tillbedjan,
572 1254 52 17 men
640 1248 73 23 denna
728 1248 117 28 tillbedjan
860 1248 105 22 utesluter
974 1248 50 23 icke

203 1277 83 22 arbete.
302 1277 30 21 Så
342 1277 42 22 blir
395 1277 68 22 budet
474 1278 158 27 beståndande,
642 1285 51 15 men
700 1278 151 23 beståndande
859 1277 28 28 på
898 1279 33 20 ett
944 1279 79 22 fullän-

204 1307 54 21 dadt
273 1307 49 21 sätt.
345 1307 29 22 Så
384 1307 114 28 uppfattas
510 1308 68 21 budet
589 1309 69 21 äfven
668 1309 26 21 af
703 1308 55 22 Jesu
769 1308 104 28 apostlar,
885 1308 105 21 särskildt
1000 1309 26 22 af

204 1337 114 26 apostelen
334 1337 90 26 Paulus,
440 1343 48 14 som
504 1339 66 25 säger
586 1338 54 26 (Col.
658 1340 19 18 2:
697 1338 40 26 16):
756 1337 82 27 ,Ingen
854 1337 65 21 döme
928 1337 53 22 eder
989 1337 34 22 för

206 1367 45 19 mat
267 1365 54 22 eller
337 1365 70 28 dryck
423 1365 55 22 eller
493 1367 6 20 i
516 1366 63 28 fråga
595 1372 36 16 om
647 1366 84 28 högtid,
740 1366 111 28 nymänad
861 1366 54 22 eller
923 1367 99 22 sabbat".

274 1395 72 22 Dessa
361 1395 56 22 Jesu
432 1395 40 22 ord
487 1401 37 16 om
538 1395 82 23 budets
636 1396 135 28 uppfyllelse
787 1396 68 23 hafva
871 1395 114 24 förbisetts
1000 1397 26 22 af

204 1424 111 29 åtskilliga
341 1425 85 22 kristna
441 1425 81 26 sekter,
538 1426 69 22 bland
624 1426 50 22 dem
691 1433 28 15 en
734 1427 7 21 i
757 1427 166 22 hufvudstaden
939 1427 41 22 och
996 1433 28 16 en

203 1455 7 22 i
226 1455 128 22 landsorten
370 1455 35 22 för
420 1456 141 22 närvarande
575 1456 114 23 verkande
701 1457 55 26 sekt,
765 1457 173 27 adventisterna,
947 1457 76 23 hvilka

204 1485 104 22 fasthålla
324 1485 43 22 den
383 1485 134 29 bokstafliga
532 1487 109 27 lydelsen.
673 1487 42 22 Till
726 1493 85 17 samma
820 1487 142 23 förbiseende
969 1488 55 29 göra

204 1515 28 22 de
242 1515 35 28 sig
287 1515 109 30 skyldiga,
408 1516 75 22 hvilka
494 1517 75 22 fordra
581 1519 34 20 att
625 1517 44 22 den
681 1517 70 22 första
762 1518 73 28 dagen
845 1517 57 23 skall
910 1518 78 29 helgas
996 1518 28 29 på
