1120 1795
427 112 76 19 Huhtik.
517 114 24 17 30
552 118 17 18 p.
832 117 42 19 915

85 174 89 16 summa
194 168 26 22 af
238 166 67 23 minst
326 170 93 25 120,000
440 167 62 22 mark
518 167 35 22 för
568 169 33 21 att
617 167 134 22 understöda
766 168 139 22 landtbruks-

86 198 129 28 sällskapen
234 197 8 21 i
263 197 64 22 deras
350 197 142 22 verksamhet
511 197 35 22 för
559 198 142 28 jordbrukets
717 197 97 28 höjande
830 198 75 22 äfven-

85 234 51 16 som
158 234 28 15 en
205 228 103 21 bestämd
324 233 86 16 summa
426 227 26 22 af
464 227 67 23 minst
547 230 79 24 80,000
642 228 63 21 mark
721 228 35 22 för
771 228 135 34 premiering

85 258 29 22 af
132 258 137 21 nötkreatur.
300 257 11 22 I
325 257 71 22 likhet
412 256 50 22 med
478 257 27 21 de
521 245 134 41 föregående
670 257 101 22 talarena
786 264 65 15 anser
865 258 41 27 jag

86 288 74 21 denna
176 292 87 16 summa
278 287 122 28 ingalunda
415 286 35 22 för
464 286 51 29 hög,
531 287 48 22 ifall
595 287 90 21 dermed
695 287 44 22 kan
750 288 78 21 vinnas
838 287 68 27 något

86 316 122 28 väsentligt
231 316 35 22 för
289 317 37 21 det
350 316 94 22 afsedda
467 317 73 21 målet.
571 316 34 28 Ty
627 316 37 22 det
688 317 25 21 är
735 317 114 27 sjelffallet
872 318 34 20 att

88 347 63 29 detta
170 346 51 27 mäl,
237 346 155 22 landtbrukets
406 346 97 28 höjande
518 347 7 21 i
541 346 49 22 värt
605 346 58 26 land,
680 347 25 21 är
720 348 33 20 ett
768 347 26 21 af
807 347 27 21 de
850 346 55 23 allra

88 372 119 33 vigtigaste
230 376 29 28 pä
283 376 37 22 det
343 376 143 22 ekonomiska
509 376 106 27 omrädet,
640 364 34 34 för
696 376 76 22 hvilka
793 383 50 15 man
861 376 45 22 kan

87 406 93 23 sträfva.
211 406 29 22 Sä
264 406 90 28 mycket
377 412 47 16 mer
447 406 25 22 är
494 407 38 21 det
547 406 27 22 dä
589 408 34 20 att
638 406 96 29 beklaga
749 407 34 21 att
798 406 108 22 utskottet

86 436 51 22 icke
152 436 58 21 varit
226 437 7 20 i
249 436 89 22 tillfälle
353 438 33 19 att
400 436 131 22 införskaffa
541 437 41 21 och
593 436 103 22 meddela
706 436 121 22 ständerna
837 436 69 28 nägra

86 466 116 28 uppgifter
223 466 26 22 af
270 466 43 21 den
328 467 35 20 art
378 467 33 20 att
427 465 27 23 de
470 466 74 22 kunde
559 466 62 28 tjena
636 465 34 23 till
685 467 33 21 att
733 466 79 28 belysa
828 465 78 29 frägan

85 496 58 22 eller
158 497 103 21 närmare
276 497 109 21 motivera
400 495 27 22 de
444 496 126 29 föreslagna
585 502 133 16 summorna.
749 496 46 22 Det
809 496 44 22 kan
868 497 38 21 väl

86 526 51 23 icke
153 526 89 22 komma
259 526 8 22 i
283 525 63 29 fräga
362 527 32 21 att
410 525 27 23 de
453 526 111 22 allmänna
579 527 163 26 resonnement,
759 532 47 16 som
816 525 52 29 ingä
878 526 28 28 pä

86 557 31 21 de
133 559 12 18 5
162 556 70 22 första
248 556 88 22 sidorna
351 556 27 21 af
390 556 254 27 utskottsbetänkandet,
655 557 75 21 kunna
741 562 64 16 anses
815 556 7 21 i
833 555 73 29 nägon

88 592 40 16 ens
148 586 43 22 den
210 586 82 21 minsta
307 585 51 22 män
374 586 78 28 belysa
467 586 79 28 frågan
561 592 35 15 om
612 585 270 28 landtbrukssällskapens
898 586 7 22 i

88 615 49 23 värt
152 616 53 22 land
220 616 143 22 verksamhet
378 616 41 22 och
434 616 59 22 hvad
509 622 47 16 som
572 617 26 20 är
613 616 64 22 deras
692 616 89 28 uppgift
796 615 54 23 eller
865 616 41 28 lig-

86 652 43 22 ger
149 646 8 22 i
175 647 65 20 deras
263 645 101 29 förmåga
386 647 33 21 att
440 647 83 20 uträtta
537 646 8 21 i
560 646 62 22 detta
637 646 113 22 afseende.
769 645 52 22 Att
836 645 70 23 landt-

88 675 81 23 bruket
184 675 115 22 utvecklat
313 675 35 29 sig
363 675 48 23 frän
426 675 172 28 kyttlandsbruk
613 676 41 22 och
670 675 136 28 svedjebruk
820 676 41 21 och
873 677 33 21 att

87 705 180 29 mejeriskötseln
283 705 137 30 smäningom
435 706 114 22 utvecklat
564 706 35 29 sig
613 706 37 22 vid
666 705 63 22 sidan
740 706 26 21 af
772 705 133 28 jordbruket

85 735 45 23 och
153 737 68 22 annat
244 735 72 28 dylikt
338 742 48 16 som
410 736 66 28 fyller
491 735 254 27 utskottsbetänkandet,
761 735 40 22 har
814 736 27 28 ju
856 736 49 21 icke

85 765 71 29 något
178 765 123 28 inflytande
323 766 28 27 pä
375 765 85 28 frågan,
481 766 7 21 i
507 765 58 23 hvad
581 766 51 22 män
646 765 260 28 landtbrukssällskapen

87 795 77 23 kunna
186 794 28 30 pä
237 796 32 20 ett
293 795 34 22 för
347 795 143 22 landtbruket
509 795 114 23 verksamt
640 796 45 21 sätt
699 794 148 30 tillgodogöra
863 795 43 22 för-

85 825 75 23 ökade
183 825 84 28 anslag.
298 824 45 23 Det
366 826 24 21 är
413 825 57 23 först
490 825 27 28 pä
539 826 39 22 sid.
600 828 11 19 7
628 825 7 22 i
651 825 255 27 utskottsbetänkandet,

86 862 51 16 som
153 862 51 15 man
219 855 111 22 inhemtar
346 856 54 22 eller
415 857 47 20 tror
476 856 35 27 sig
521 855 133 23 ätminstone
664 855 90 21 komma
764 857 33 20 att
808 855 99 22 inhemta

86 885 72 28 några
179 885 161 28 upplysningar
358 885 8 21 i
381 885 63 22 detta
457 885 112 22 afseende.
600 885 52 22 Man
666 885 111 22 inhemtar
792 885 115 27 verkligen

86 914 31 29 pä
132 915 79 27 början
227 914 25 22 af
265 914 40 22 sid.
322 917 20 25 7,
358 916 33 20 att
405 915 109 21 utskottet
529 915 132 22 åtminstone
676 920 66 16 anser
752 916 33 20 att
797 914 109 26 ,hushäll-

87 945 74 27 nings-
184 944 41 21 och
245 944 258 28 landtbrukssällskapen
523 945 68 21 hafva
610 945 33 20 att
662 944 56 27 fylla
733 950 28 16 en
776 943 130 29 maktpälig-

89 974 73 29 gande
172 973 95 28 uppgift.
289 974 47 22 Och
348 974 140 28 rättvisligen
497 974 64 22 torde
571 974 109 21 erkännas
691 975 33 20 att
735 974 64 21 dessa
809 973 97 22 härutin-

89 1010 45 16 nan
157 1003 72 23 ernätt
251 1003 50 23 icke
321 1003 129 29 obetydliga
468 1004 101 22 resultat.
599 1003 162 28 Organiserade
777 1003 72 22 såsom
865 1003 42 22 fria

87 1033 137 28 föreningar,
240 1034 51 21 med
306 1033 145 28 öfverhetligt
466 1033 139 23 stadfästade
620 1033 153 28 reglementen
784 1033 54 22 eller
848 1033 58 22 stad-

87 1070 50 22 gar,
159 1063 69 22 hafva
252 1063 27 22 de
303 1069 80 22 genom
404 1063 34 22 sin
460 1064 143 21 verksamhet
617 1063 34 22 till
666 1063 87 22 förmän
769 1063 35 22 för
818 1063 88 22 landets

88 1093 165 28 modernäring,
273 1093 64 22 hvari
358 1093 28 22 de
406 1093 145 22 understödas
571 1093 51 22 med
641 1093 143 28 statsanslag,
799 1093 76 21 hvilka
891 1092 15 23 f.

86 1130 25 15 m.
127 1123 73 28 uppgä
215 1123 35 22 till
265 1123 163 28 sammanlagdt
444 1125 79 24 87,000
540 1123 68 26 mark,
624 1123 58 22 visat
697 1123 34 28 sig
747 1123 75 22 kunna
837 1122 71 22 verka

87 1153 102 22 lifvande
210 1153 41 22 och
271 1153 97 28 höjande
387 1152 28 29 pä
430 1152 28 23 de
474 1153 71 22 skilda
560 1158 109 23 grenarna
685 1153 25 21 af
724 1152 70 29 sagda
806 1152 101 28 näring”.

88 1183 47 22 Det
155 1183 24 21 är
198 1183 55 28 godt
274 1183 41 22 och
335 1183 37 21 väl
387 1195 29 2 —
432 1183 42 22 och
491 1183 40 28 jag
553 1184 25 21 är
593 1182 67 22 också
675 1182 133 28 öfvertygad
824 1188 35 15 om
875 1183 33 21 att

87 1212 112 23 utskottet
213 1213 42 21 har
269 1214 45 20 rätt
329 1213 7 21 i
352 1213 72 22 denna
439 1213 88 28 uppgift
541 1224 30 4 —
587 1218 51 16 men
651 1213 40 27 jag
706 1212 58 22 hade
779 1217 69 23 gerna
864 1213 45 21 sett

87 1243 43 26 att,
150 1241 28 22 dä
197 1243 110 21 utskottet
328 1243 126 21 fortsätter:
478 1242 63 26 ,Med
556 1242 73 22 denna
644 1242 128 22 erfarenhet
787 1241 72 22 säsom
875 1243 33 20 ut-

89 1271 149 29 gängspunkt,
255 1272 40 21 har
311 1272 109 22 utskottet
435 1272 50 22 sökt
501 1272 35 21 för
551 1272 34 28 sig
600 1271 110 28 klargöra,
725 1271 110 22 huruvida
846 1277 62 22 nyss-

91 1301 94 22 berörda
206 1301 78 29 anslag
304 1301 44 22 kan
369 1307 65 16 anses
450 1301 60 22 bilda
525 1303 32 20 ett
573 1301 160 28 erforderligen
748 1301 65 21 bredt
828 1301 81 22 ekono-

89 1331 70 22 miski
178 1331 109 28 underlag
308 1331 35 22 för
364 1331 100 28 fyllande
479 1331 26 21 af
517 1331 120 22 omordade
652 1331 110 27 uppgift",
780 1331 107 21 utskottet
902 1330 7 22 i

89 1360 64 23 detta
168 1360 113 27 afseende,
297 1367 47 15 som
358 1361 48 27 just
421 1362 25 20 är
461 1361 35 22 för
511 1360 77 29 frägan
604 1360 129 28 afgörande,
751 1359 67 23 ocksä
828 1360 7 22 i
846 1360 63 22 verk-

90 1390 99 28 ligheten
204 1391 86 21 lemnat
305 1390 69 28 nägra
388 1391 166 28 upplysningar.
574 1390 44 22 För
632 1390 139 22 bedömande
787 1390 30 27 af,
833 1390 77 22 hvilka

86 1426 103 16 summor
204 1426 49 15 som
269 1420 36 22 för
319 1420 170 28 ifrågavarande
504 1420 101 22 ändamål
621 1420 63 21 skola
694 1420 75 21 kunna
780 1426 64 15 anses
855 1426 54 14 vara

88 1449 29 22 af
135 1450 108 21 behofvet
263 1449 123 28 päkallade,
406 1449 69 22 borde
495 1455 52 15 man
561 1449 37 22 väl
615 1448 22 22 fä
651 1448 73 28 nägon
739 1448 119 28 utredning
873 1454 36 15 om

88 1478 70 24 dessa
172 1478 233 29 landbrukssällskaps
420 1478 62 23 antal
497 1478 42 22 och
553 1478 162 26 beskaffenhet,
731 1479 64 21 arten
811 1478 25 21 af
845 1477 65 22 deras

88 1509 88 27 arbete,
200 1509 28 22 de
252 1509 119 28 uppgifter,
395 1514 47 17 som
461 1508 28 22 de
508 1508 75 23 kunna
599 1508 62 28 fylla,
678 1513 51 17 men
745 1507 69 23 mäste
830 1507 58 23 afstä
902 1507 8 22 i
