1117 1795
227 123 56 19 1118
537 120 82 18 Toukok.
632 121 11 17 6
659 125 17 18 p.

193 174 65 22 asian
272 174 211 23 korkea-arvoisalle
499 174 107 28 säädylle,
627 174 25 28 ja
665 174 36 28 jos
725 174 64 27 sääty
811 174 112 22 korvansa
937 172 75 24 kallis-

195 203 52 21 taisi
262 203 135 28 esitykseen,
404 204 138 22 ehdottaisin
556 205 47 21 että
613 204 48 21 asia
669 204 162 21 lähetettäisiin
845 203 166 28 valiokuntaan,

193 233 26 27 ja
233 232 131 23 valiokunta
379 233 66 22 sitten
461 234 107 28 sopivaan
583 233 111 29 paikkaan
704 232 99 23 asettaisi
812 234 75 20 tämän
895 234 116 27 määräyk-

192 268 44 16 sen
258 262 45 22 niin
317 264 49 20 että
381 268 25 16 se
421 263 59 23 vielä
495 263 156 28 eteenkinpäin
670 263 61 21 tulisi
746 263 131 28 pysymään.
909 262 59 22 Minä
983 269 30 16 en

195 292 61 22 luule
272 293 47 21 että
333 298 55 16 saan
404 293 135 22 kannatusta
553 294 54 21 tälle
623 292 184 27 ehdotukselleni,
823 294 72 20 mutta
906 292 50 22 olen
964 293 49 22 kat-

195 323 67 21 sonut
276 322 162 28 tarpeelliseksi
455 329 39 16 sen
509 323 137 22 kumminkin
663 322 80 22 esittää
757 322 54 22 ettei
827 323 129 28 määräystä
972 329 39 22 ny-

195 352 101 27 kyisessä
311 352 142 23 asetuksessa
467 354 62 21 tässä
543 353 88 22 kohden
647 353 45 22 niin
705 352 109 28 jätettäisi
829 352 48 28 pois
890 353 56 21 ettei
962 353 50 22 siitä

196 382 35 22 ole
246 382 53 22 edes
315 382 93 28 puhetta
423 383 62 22 ollut.

266 412 87 22 Pastori
369 412 124 22 Vartiainen:
517 412 58 22 Minä
598 412 113 29 pyytäisin
728 413 70 21 saada
820 413 122 22 kannattaa
964 419 50 23 pro-

196 441 58 22 vasti
269 441 116 22 Konsin'in
401 442 123 23 ehdotusta.

267 496 170 33 Känestysesitys:

270 548 62 26 ,Ken
357 549 119 28 hyväksyy
498 552 27 20 65
549 550 36 27 Sn
608 551 164 25 muuttamatta,
790 551 79 20 vastaa
886 550 74 27 ,jaa*;
975 550 38 27 jos

198 577 47 26 »ei*
262 578 91 26 voittaa,
370 585 28 15 on
417 580 64 27 sääty
504 579 144 28 hyväksynyt
663 579 98 28 provasti
776 579 116 22 Konsin'in
908 579 105 23 tekemän

196 607 139 22 ehdotuksen
351 608 97 28 pykälän
463 609 176 22 lähettämisestä
654 609 95 22 takaisin
764 609 159 22 valiokuntaan
933 610 81 21 uudes-

197 638 52 21 taan
265 637 215 23 muodostettavaksi
495 638 74 23 hänen
584 638 184 22 ehdottamaansa
781 640 119 20 suuntaan.

270 696 84 23 Päätös:

267 735 179 65 Äiostyksessä
473 746 70 22 olivat
567 747 132 28 ,jaa*äänet
713 746 98 27 voitolla,
825 747 63 27 joten
904 747 65 28 sääty
984 746 30 23 oli

196 773 120 29 hyväksynyt
331 775 14 21 65
375 775 33 29 8:n
425 777 163 21 muuttamatta.

269 822 29 22 66
313 822 60 28 $:ään
390 824 89 22 nähden
493 824 73 22 lausui
581 824 175 28 puheenvuoron
771 825 108 21 saatuaan

268 876 183 28 Lääninprovasti
460 876 125 23 Nordström:
593 877 46 22 Här
650 877 71 21 finnes
728 877 8 21 i
744 876 43 22 den
795 877 96 22 svenska
899 879 77 20 texten
986 878 8 21 i
1006 878 11 26 $

197 909 29 21 66
242 907 33 20 ett
300 906 46 26 ord,
370 913 47 15 som
440 907 41 21 har
504 907 45 21 fäst
573 907 46 21 min
633 906 206 28 uppmärksamhet;
856 907 38 21 det
910 907 24 21 är
950 907 64 22 ordet

199 937 170 26 »tjensteman*.
400 936 44 22 Det
460 937 71 21 heter:
550 936 129 26 ,Guvernör
695 936 42 22 och
753 936 171 27 domhafvande,
933 937 80 22 liksom

198 966 68 22 äfven
280 966 136 27 tjensteman
439 966 55 23 eller
509 967 92 27 betjent,
617 966 87 22 anstäld
719 966 38 22 vid
773 966 241 23 kommunalnämnden

198 995 55 22 eller
267 1002 74 16 annan
357 996 35 22 för
407 996 147 22 kommunens
570 996 135 28 förvaltning
720 996 80 22 tillsatt
815 996 95 28 styrelse
926 997 42 22 och
978 996 39 23 för

198 1025 34 23 sin
247 1025 126 29 befattning
389 1027 52 21 redo
465 1026 95 29 skyldig,
576 1033 55 15 vare
648 1026 50 22 icke
713 1026 32 22 till
763 1026 73 29 någon
852 1027 26 21 af
890 1027 51 21 dei
957 1029 28 19 65
1000 1027 16 26 $

198 1056 96 22 nämnda
309 1056 151 28 befattningar
475 1057 98 21 valbar”.
604 1056 43 28 Jag
662 1058 47 20 tror
723 1056 56 26 icke,
796 1057 33 21 att
839 1062 52 16 man
901 1057 45 22 kan
954 1057 63 22 kalla

198 1085 44 23 den
256 1085 34 22 till
305 1086 142 28 tjensteman,
473 1092 48 16 som
536 1087 25 21 är
577 1085 86 23 anstäld
679 1085 38 22 vid
731 1085 213 23 kommunalnämnd
957 1086 61 23 eller

198 1115 55 22 eller
268 1115 151 22 öfverhufvud
433 1116 8 21 i
456 1116 147 22 kommunens
625 1117 75 26 tjenst.
731 1115 145 28 Tjensteman
891 1116 71 22 kallas
977 1116 39 22 väl

198 1145 128 28 egentligen
334 1145 57 22 blott
399 1145 50 27 den,
460 1152 48 15 som
514 1145 105 22 tillsättes
627 1145 26 22 af
667 1145 114 28 offentliga
797 1146 217 27 statsmyndigheter.

197 1174 46 22 Det
257 1175 72 22 finska
346 1175 145 26 ,virkamies*
509 1175 40 22 har
564 1181 28 16 en
607 1175 162 22 vidsträcktare
786 1175 115 28 betydelse
918 1176 41 21 och
970 1175 44 22 kan

198 1204 89 23 derföre
302 1205 96 22 kvarstä.

270 1257 28 23 66
314 1258 12 29 $
344 1259 129 28 hyväksyttiin
482 1260 164 21 muuttamatta.

270 1305 29 29 8:t
314 1306 83 22 67—77
414 1307 126 28 hyväksyttiin
555 1307 135 28 järjestänsä
702 1306 173 27 keskustelutta,

267 1353 70 27 jonka
345 1353 91 27 jälkeen
443 1353 65 27 sääty
524 1352 60 27 päätti
601 1352 118 26 keskeyttää
733 1352 55 21 tällä
803 1352 77 21 kertaa
895 1351 121 28 kysymyk-

198 1383 124 22 senalaisen
346 1382 105 21 mietinnön
476 1382 103 26 käsittelyn
603 1382 54 21 sekä
677 1382 78 26 jatkaa
778 1381 42 21 sitä
843 1386 131 16 seuravassa
989 1380 29 22 is-

198 1414 113 20 tunnossa.

271 1485 95 22 Esitettiin
389 1484 22 27 ja
435 1483 72 27 pantiin
533 1483 88 28 pöydälle
645 1483 46 22 ensi
714 1483 112 22 istuntoon
842 1483 105 28 pöydällä
962 1482 57 23 ollut

200 1515 232 22 Kunnallisvaliokunnan
450 1514 87 21 mietintö
553 1519 32 16 n:o
602 1513 13 22 2
637 1514 54 21 sekä
