1117 1795
437 109 77 18 Huhtik.
528 110 22 17 30
562 114 17 17 p.
840 111 42 20 923

96 163 251 28 hushällningssällskap
363 165 38 20 äro
417 163 6 22 i
440 163 70 22 behof
524 164 25 21 af
562 163 120 23 understöd
693 163 7 22 i
710 163 52 22 vida
777 163 70 28 högre
857 163 55 28 grad

96 194 29 21 än
140 193 28 22 de
184 193 78 22 hittills
278 193 48 22 fätt.
357 194 40 21 Att
413 200 51 16 man
480 195 79 21 främst
574 193 64 23 tänkt
653 193 27 29 pä
696 193 27 22 de
739 194 71 21 större
821 193 91 22 sällska-

95 229 44 22 pen
155 223 42 22 och
212 223 61 22 velat
289 225 33 20 att
337 223 28 22 de
381 223 85 22 mindre
482 224 126 27 sällskapen
623 223 73 22 skulle
711 229 80 22 genom
803 223 28 22 de
841 224 72 21 större

96 252 22 22 fä
133 252 128 27 understöd,
276 253 66 22 beror
357 253 65 22 deraf
436 254 33 20 att
485 259 51 16 man
552 255 72 20 ansett
639 255 34 20 att
687 253 72 28 nägon
771 253 93 28 ordning
875 253 37 22 vid

95 282 130 22 utdelandet
240 282 26 21 af
279 282 66 22 dessa
360 282 120 22 understöd
498 282 66 23 måtte
580 289 43 22 ega
636 288 56 20 rum,
703 283 94 21 emedan
807 283 50 21 icke
867 283 45 21 alla

95 312 66 21 dessa
184 311 48 22 smä
254 311 274 29 landtmannaföreningar
548 313 38 22 äro
608 312 7 21 i
635 312 63 22 ständ
719 313 34 20 att
771 312 28 28 pä
814 313 33 20 ett
862 312 49 22 full-

94 341 94 28 komligt
210 341 138 28 tillförlitligt
373 343 44 20 sätt
439 343 104 20 använda
565 342 85 29 anslag,
673 348 48 15 som
745 342 72 21 direkt
839 342 73 22 skulle

94 371 74 28 gifvas
192 371 22 22 ät
237 371 57 22 dem.
325 371 46 22 Det
393 371 63 22 torde
477 372 20 27 ej
514 378 54 16 vara
584 371 97 28 önskligt
696 373 33 20 att
745 372 64 21 dessa
826 371 86 22 mindre

94 401 98 29 sällskap
208 401 78 22 arbeta
302 401 125 23 oberoende
444 402 26 22 af
483 403 53 21 utan
552 402 45 22 fast
612 402 65 22 meri
688 401 128 29 anslutning
826 401 33 23 till
869 401 43 23 och

94 432 71 21 under
179 432 106 21 inseende
300 432 26 21 af
340 431 316 29 länelandtbrukssällskapen.

165 461 44 28 Jag
231 461 39 22 vill
291 468 70 22 gerna
381 461 113 28 medgifva
513 463 34 21 att
562 461 249 23 utskottsbetänkandet
826 461 87 23 kunnat

93 497 55 17 vara
168 491 52 22 vida
241 497 47 16 mer
303 492 92 27 sakrikt,
411 492 51 21 vida
479 498 47 16 mer
540 492 116 29 ingäende,
673 498 50 16 men
737 493 40 27 jag
792 494 47 20 tror
853 491 58 22 dock

94 523 39 25 att,
148 522 8 21 i
172 521 39 22 fall
232 528 51 15 man
303 522 49 22 icke
372 522 106 22 bedömer
498 523 38 21 det
557 522 41 22 allt
619 522 35 22 för
674 521 83 28 omildt,
774 528 51 16 man
841 522 71 22 mäste

93 552 114 27 medgifva
229 553 34 20 att
285 552 60 22 vissa
368 551 194 23 sakförhällanden
584 552 41 22 här
645 552 77 28 läggas
737 553 8 21 i
761 552 79 28 dagen,
862 558 48 15 som

94 581 51 22 fullt
160 581 109 22 motivera
285 582 43 21 den
344 581 67 27 kläm,
426 581 90 23 hvartill
532 582 110 22 utskottet
656 582 99 22 kommit.
779 583 40 20 Att
829 582 22 22 vi
861 581 50 22 icke

92 611 85 22 kunnat
201 611 80 22 föreslå
304 612 71 21 större
395 617 99 16 summor
514 612 64 22 beror
598 611 66 22 deraf
677 613 33 20 att
725 612 71 22 större
812 617 100 16 summor

92 641 49 22 icke
165 642 38 21 äro
223 641 98 28 begärda
340 641 41 22 och
400 641 72 22 såvidt
486 641 40 29 jag
540 644 40 20 vet
595 642 41 22 har
650 641 38 22 det
703 641 49 23 icke
767 642 71 21 heller
852 641 60 22 varit

93 670 85 29 vanligt
197 673 33 20 att
249 677 52 16 man
315 671 7 22 i
338 671 122 22 allmänhet
474 671 8 22 i
497 671 93 22 stånden
606 671 38 29 går
660 671 76 29 längre
752 673 29 20 än
795 671 116 28 petitionä-

93 707 66 16 rerna
174 701 83 28 sjelfva
271 701 62 24 velat
348 701 33 28 gå.

163 731 65 22 Hvad
249 731 107 23 beträffar
377 731 43 22 den
439 731 70 22 första
524 732 172 27 reservationen,
712 731 67 23 hvars
794 731 60 22 kläm
870 731 41 22 här

93 761 50 22 med
167 761 138 29 modifiering
328 761 50 22 rönt
401 761 127 28 understöd,
552 768 67 22 synes
642 761 38 22 det
696 762 45 28 mig
757 761 57 22 dock
829 763 33 20 att
877 763 32 20 ut-

92 792 95 21 skottets
210 791 109 23 klämmar
339 792 8 21 i
367 792 83 27 sjelfva
465 792 79 22 verket
559 798 47 16 mer
622 791 117 29 tillgodose
755 792 37 21 det
808 791 102 23 ändamål

91 822 174 28 petitionärerna
281 821 74 23 afsett.
387 821 10 22 I
413 821 38 22 fall
468 828 52 15 man
534 823 8 21 i
558 822 72 22 denna
645 822 93 28 petition
754 822 33 21 till
799 822 111 28 styrelsen

92 851 71 22 skulle
179 851 88 22 anhålla
283 857 35 17 om
335 853 33 21 att
383 852 111 27 styrelsen
505 852 93 28 kraftigt
608 852 72 21 skulle
691 851 135 23 understöda
838 852 71 21 landt-

91 881 167 29 brukssällskap
277 888 19 15 0.
317 888 17 16 s.
350 888 29 20 v.,
395 881 24 22 så
434 882 107 22 innebure
554 882 27 28 ju
597 882 61 22 detta
673 882 79 22 liksom
769 888 28 15 en
812 881 98 29 beskyll-

91 911 53 29 ning
167 913 33 20 att
223 911 72 22 denna
314 912 95 27 styrelse
424 912 79 21 hittills
518 912 49 22 icke
583 912 93 28 kraftigt
692 912 59 28 gjort
767 912 67 22 detta.
865 912 45 27 Jag

91 941 38 22 vill
149 941 35 22 för
207 941 45 22 min
268 941 36 22 del
320 941 75 22 derför
410 941 136 22 understöda
560 942 121 22 utskottets
697 941 114 22 klämmar.
842 941 67 22 Hvad

90 971 107 22 beträffar
217 971 42 22 den
275 971 54 22 sista
345 971 26 22 af
383 971 139 22 klämmarna
538 972 41 21 och
595 971 43 22 den
654 977 93 21 summa,
756 972 39 21 der
811 972 24 21 är
850 971 57 22 före-

90 1001 77 29 slagen
190 1001 33 22 till
247 1001 134 28 premiering
403 1002 25 21 af
449 1001 130 29 nötboskap,
596 1002 40 21 har
652 1007 51 16 man
719 1003 50 27 sagt
785 1003 34 20 att
834 1001 74 22 denna

90 1037 87 16 summa
192 1031 34 22 till
242 1038 27 15 en
285 1031 79 28 början
379 1031 48 22 icke
443 1031 72 22 skulle
531 1032 90 22 komma
635 1031 35 22 till
685 1031 148 28 användning.
857 1031 52 22 Men

90 1061 97 22 fördelar
202 1067 51 16 man
270 1061 73 22 denna
357 1068 87 15 summa
460 1061 28 29 på
503 1062 27 21 de
546 1062 59 22 olika
620 1061 161 29 hushållnings-
797 1061 41 22 och
848 1061 60 22 läne-

89 1091 265 28 landtbrukssällskapen,
370 1091 25 22 så
418 1091 41 22 blir
478 1091 7 22 i
508 1092 82 27 sjelfva
612 1091 78 22 verket
714 1091 43 22 den
775 1091 37 22 del
837 1091 71 26 deraf,

90 1127 47 16 som
157 1121 136 22 tillkommer
311 1121 80 28 hvarje
411 1121 105 28 sällskap,
537 1121 141 28 sannerligen
693 1121 49 22 icke
757 1123 53 24 stor,
827 1121 27 22 då
869 1121 39 21 det

90 1151 71 27 gäller
181 1152 34 20 att
237 1151 121 22 verkställa
381 1157 28 16 en
431 1151 127 28 nödvändig
578 1151 134 28 premiering
732 1151 25 21 af
770 1151 135 22 nötkreatur.

89 1179 96 29 Nyligen
209 1180 151 22 behandlades
383 1180 59 22 inom
464 1180 93 22 stånden
578 1187 28 15 en
622 1180 70 28 fråga,
707 1180 92 22 hvilken
813 1181 42 27 gaf
867 1180 38 22 vid

89 1210 96 27 handen,
211 1210 105 22 hurusom
340 1210 205 28 tuberkelsjukdom
572 1211 59 21 inom
655 1210 252 22 nötkreatursstammen

89 1240 66 27 gripit
179 1240 102 28 omkring
303 1240 36 29 sig
360 1240 41 22 och
417 1240 61 22 detta
494 1240 86 22 faktum
596 1241 25 21 är
636 1240 162 28 oemotsägligt.
830 1239 77 23 Under

90 1269 81 22 sådana
193 1269 153 22 förhållanden
366 1271 25 20 är
406 1270 38 21 det
458 1271 82 26 ytterst
554 1270 81 27 vigtigt
650 1271 34 20 att
699 1276 52 15 man
766 1269 65 22 söker
846 1270 60 21 inom

88 1299 94 22 Finland
205 1299 117 28 uppfostra
345 1305 27 16 en
393 1299 167 26 kreatursstam,
581 1305 47 16 som
649 1300 25 21 är
689 1299 84 22 mindre
789 1295 117 58 mottaglig

89 1329 35 21 för
139 1329 73 21 denna
227 1329 108 27 härjande
350 1329 110 27 sjukdom.
491 1329 45 21 Det
551 1330 25 20 är
592 1329 82 21 bekant
688 1329 34 21 att
737 1329 60 21 inom
812 1328 79 22 Finlan

88 1358 71 22 finnas
181 1358 108 22 särskilda
310 1358 159 27 kreaturraser,
485 1364 47 16 som
547 1359 8 21 i
570 1358 62 22 detta
647 1358 106 22 afseende
768 1358 69 22 borde
852 1364 53 22 upp-

88 1388 167 22 märksammas.
287 1388 76 22 Redan
384 1395 80 22 genom
485 1390 33 20 att
538 1388 72 23 införa
628 1395 28 15 en
672 1388 83 22 ordnad
771 1388 135 28 premiering

88 1418 75 21 kunde
178 1424 52 15 man
245 1418 131 27 ytterligare
392 1420 134 25 uppmuntra
541 1419 65 20 deras
621 1418 128 27 utveckling
765 1418 42 21 och
821 1418 84 26 derige-

88 1453 51 16 nom
162 1447 55 27 göra
240 1447 190 22 kreaturskötseln
452 1447 8 21 i
483 1447 75 22 landet
580 1448 62 21 stora
664 1447 100 27 tjenster.
795 1447 44 27 Jag
858 1448 47 20 tror

88 1476 75 23 derför
184 1476 50 23 icke
252 1478 33 21 att
301 1476 65 23 dessa
382 1479 79 24 80,000
478 1476 69 27 mark,
563 1482 48 16 som
627 1477 108 21 utskottet
750 1476 85 28 begärt,
850 1481 54 16 vore

88 1513 28 16 en
136 1506 35 23 för
192 1508 46 21 stor
258 1513 87 16 summa
359 1506 49 23 icke
424 1513 39 16 ens
479 1507 35 22 för
528 1506 146 27 närvarande,
692 1508 52 20 utan
760 1506 39 22 vill
813 1506 40 29 jag
869 1505 36 23 för
