1114 1773
433 112 82 18 Toukok.
529 113 10 17 8
552 117 17 17 p.
822 116 54 19 1131

161 166 103 22 Provasti
280 166 118 28 Piipponen:
415 166 96 23 Kunnan
527 167 117 28 maksujen
656 167 142 28 perusteiden
810 168 98 21 määrää-

91 196 75 22 minen
181 202 35 21 on,
232 196 99 22 niinkuin
353 196 76 22 kaikki
449 196 126 28 tiedämme,
591 197 54 22 mitä
660 196 135 29 vaikeimpia
809 197 100 22 tehtäviä

90 226 254 27 lainlaadinnassamme,
360 227 50 21 sillä
432 227 51 21 siitä
505 233 28 15 on
556 227 99 22 lausuttu
674 227 51 22 aina
740 227 82 22 eriäviä
839 227 69 22 mieli-

90 256 84 29 piteitä,
198 256 100 22 niinkuin
320 256 114 22 tämänkin
457 257 98 27 pykälän
577 257 94 21 suhteen
694 263 28 16 on
738 256 70 29 tehty.
840 257 68 22 Muun

89 292 91 16 muassa
203 292 29 16 on
254 287 62 21 tässä
330 286 213 26 lakiehdotuksessa,
559 287 141 21 viidennessä
720 287 188 26 vastalauseessa,

90 316 117 22 ehdotettu
234 318 75 20 sanat:
336 317 55 25 ,sitä
413 316 88 22 vastoin
524 316 21 22 ei
567 323 38 15 saa
629 317 67 21 lukea
711 316 48 28 pois
774 317 134 27 kiinnitetyn

89 346 67 22 velan
171 346 91 26 korkoa,
278 347 98 21 eläkettä
390 346 16 28 j.
422 353 21 15 n.
460 352 19 16 e.
495 346 183 28 poistettaviksi*.
710 346 72 22 Mutta
796 347 35 27 jos
848 347 60 21 tämä

90 376 108 29 poikkeus
213 376 103 27 tehdään,
333 376 45 22 niin
393 376 89 22 ainakin
498 376 75 22 minun
583 382 28 16 on
621 376 80 22 vaikea
711 377 132 27 ymmärtää,
854 376 54 22 mitä

90 436 52 22 Kun
158 436 92 22 minulla
264 438 40 26 nyt
320 442 29 16 on
364 436 165 28 puheenvuoro,
537 436 46 22 niin
598 436 113 28 pyytäisin
725 436 24 28 jo
761 436 73 22 edeltä
844 436 64 22 käsin

90 466 69 22 saada
184 466 105 22 ehdottaa
314 466 81 22 näiden
424 466 77 22 sanain
523 466 158 28 pysyttämistä
705 467 61 21 tässä
780 466 128 28 pykälässä,

90 496 113 22 varsinkin
226 496 46 22 kun
294 496 76 22 luulen
394 497 46 21 että
464 496 107 23 mainitun
591 496 156 22 vastalauseen
762 496 70 28 tekijä
847 496 61 22 tulee

90 527 70 27 hyvin
179 526 112 22 kiinteästi
314 527 124 28 pysymään
454 526 194 22 ehdotuksessaan.
680 526 56 22 Siitä
748 526 82 28 johtuu
846 526 63 28 myös

90 558 46 20 että
152 556 60 22 minä
227 556 113 22 kannatan
357 559 25 19 11
400 557 160 22 vastalausetta
575 557 76 21 tämän
666 556 98 28 pykälän
772 556 102 26 suhteen,
884 556 24 27 ja

89 586 97 27 erittäin,
203 587 46 21 kun
265 587 112 22 kannatan
393 587 48 21 tätä
466 588 167 23 vastalausetta,
659 586 106 22 tahtoisin
790 586 118 28 hyväksyä

90 616 56 22 siinä
162 616 178 22 vastalauseessa
355 616 85 28 tehdyn
455 616 113 28 lisäyksen
583 617 68 21 tähän
667 616 118 28 pykälään,
797 616 111 22 nimittäin

90 647 71 22 toisen
179 647 120 21 momentin
313 647 97 28 jälkeen,
425 646 54 28 joka
490 647 68 27 lisäys
569 646 85 22 kuuluu
665 646 54 22 tällä
729 646 97 22 tavalla
823 641 11 38 :
840 645 69 26 ,Tak-

90 676 239 22 soituslautakunnalla
352 676 80 22 olkoon
448 676 101 28 myöskin
569 677 68 26 valta,
653 676 145 22 huolellisesti
820 676 88 28 punnit-

90 708 69 20 tuaan
182 706 89 22 kaikkia
294 707 75 21 asiaan
391 706 138 22 vaikuttavia
544 706 107 28 seikkoja,
667 706 130 22 kohtuuden
814 706 96 21 mukaan

91 736 112 22 vähentää
222 736 154 22 veronalaisen
392 736 73 22 edellä
480 736 124 28 säädetyllä
619 736 82 22 tavalla
717 736 109 22 arvioitua
841 736 67 25 tuloa,

90 766 46 22 kun
152 766 73 22 hänen
241 766 108 22 velkansa
363 766 47 22 tahi
421 766 89 22 muiden
521 766 157 22 olosuhteitten
689 765 154 22 kohtuullinen
853 765 53 21 huo-

91 796 75 22 mioon
188 796 122 22 ottaminen
332 796 114 22 ilmeisesti
471 796 98 22 vaativat
585 802 68 16 veron
670 795 147 29 helpotusta*.
849 794 59 23 Niin-

91 826 54 22 kuin
160 828 110 24 tunnettu,
288 832 28 16 on
331 826 204 28 kunnallisverojen
557 826 181 22 taksoittaminen
758 825 150 27 yksityiskoh-

93 856 88 22 dissaan
204 856 263 23 kunnallislautakunnan
491 856 133 28 vaikeimpia
643 856 106 22 tehtäviä.
780 855 128 22 Sentähden

92 886 48 23 olisi
156 886 125 23 mielestäni
304 886 135 23 tämmöinen
454 886 77 23 sääntö
547 886 66 23 aivan
628 886 152 28 tarpeellinen,
796 885 50 22 sillä
861 884 47 23 tak-

92 917 239 22 soituslautakunnalla
356 917 48 22 olisi
430 917 101 21 useinkin
557 916 107 29 hyvinkin
687 915 137 29 tarpeellista
840 915 70 22 saada

92 948 62 21 ottaa
168 947 86 22 lukuun
268 947 139 22 vaikuttavia
423 947 160 27 asianhaaroja.
614 946 94 28 Pyydän
724 945 124 22 sentähden
858 945 52 22 kan-

91 978 77 21 nattaa
186 979 25 19 11
229 977 167 22 vastalausetta.

163 1007 124 22 Professori
303 1007 89 22 Donner:
423 1007 35 21 De
480 1012 30 16 nu
535 1007 60 21 fälda
609 1006 135 27 yttrandena
759 1005 69 22 hafva
842 1006 69 27 ytter-

92 1037 70 28 ligare
178 1037 113 22 bekräftat
306 1037 43 22 den
366 1036 62 27 äsikt,
445 1043 48 15 som
509 1037 66 21 äfven
591 1042 28 15 en
635 1036 35 21 del
686 1037 140 20 reservanter
843 1035 66 22 fram-

92 1067 64 22 hällit
178 1067 41 22 och
242 1067 90 22 hvilken
348 1067 70 27 enligt
433 1065 248 23 utskottsbetänkandet
697 1065 67 22 äfven
780 1065 57 22 varit
853 1065 57 21 före-

93 1097 43 22 mäl
160 1097 35 21 för
218 1097 125 22 diskussion
365 1097 60 21 inom
440 1097 115 27 utskottet,
571 1097 33 21 att
619 1095 113 29 nämligen
748 1095 50 22 med
815 1094 95 22 bibehäl-

93 1128 66 21 lande
182 1128 25 21 af
228 1127 28 21 de
271 1127 103 29 grunder,
390 1132 48 16 som
455 1126 138 22 förekomma
608 1126 7 22 i
631 1128 27 19 82
675 1126 12 27 $
704 1125 70 29 enligt
790 1126 120 20 utskottets

94 1157 151 28 formulering,
263 1164 28 15 en
314 1157 90 28 mycket
427 1158 46 20 stor
491 1156 113 28 svärighet
619 1157 33 21 att
667 1156 69 21 ordna
752 1156 44 21 den
811 1155 100 21 kommu-

93 1187 52 22 nala
168 1187 171 29 beskattningen
364 1186 126 28 föreligger.
521 1186 43 22 För
587 1186 45 22 min
656 1185 36 22 del
705 1186 40 21 har
759 1186 40 27 jag
815 1185 93 21 kommit

93 1217 35 22 till
151 1218 95 27 ungefär
268 1223 85 16 samma
375 1217 100 26 resultat,
496 1222 47 16 som
566 1216 113 28 professor
701 1215 119 28 Runeberg
843 1215 69 21 redan

95 1247 121 22 framhällit
230 1248 41 21 och
280 1247 85 21 hvilket
380 1247 68 21 äfven
464 1246 99 22 förordas
579 1246 8 21 i
603 1246 42 22 den
661 1246 69 21 andra
745 1245 166 22 reservationen

94 1276 28 29 pä
137 1277 41 21 sid.
200 1280 34 18 57.
265 1277 45 21 Det
332 1278 25 20 är
379 1276 92 22 alldeles
497 1276 124 28 uppenbart
643 1276 34 21 att
703 1275 43 22 den
768 1275 144 21 kommunala

95 1307 171 27 beskattningen
281 1307 6 21 i
304 1306 110 26 städerna,
431 1306 68 22 sädan
523 1307 42 21 den
581 1306 34 22 för
630 1305 138 22 närvarande
784 1305 40 21 hos
840 1310 36 16 oss
887 1305 25 20 är

95 1336 91 27 ordnad,
203 1336 28 28 pä
245 1337 56 21 visst
316 1338 45 20 sätt
380 1336 66 22 söker
461 1337 33 20 att
503 1336 72 28 uppnä
591 1336 38 21 det
645 1335 48 24 mäl,
709 1334 90 22 hvartill
815 1340 51 16 man
875 1334 37 22 väl

95 1366 68 22 äfven
186 1367 40 21 hos
250 1373 35 15 oss
308 1366 138 28 smäningom
467 1365 69 22 mäste
559 1366 95 25 komma,
669 1364 113 28 nämligen
798 1366 33 20 att
845 1364 67 28 lägga

95 1396 34 21 till
144 1396 72 26 grund
232 1396 34 20 för
281 1396 172 26 beskattningen
469 1395 58 21 olika
543 1395 116 26 principer,
674 1394 49 21 icke
740 1394 56 21 blott
811 1393 40 22 och
863 1394 49 20 bart

96 1425 43 21 den
154 1431 54 15 rena
223 1424 131 22 inkomsten.
385 1424 36 22 Nu
436 1424 69 21 redan
519 1424 119 27 tillämpas,
649 1423 73 21 säsom
733 1422 97 22 nämnda
840 1422 71 21 talare

96 1454 109 27 framhöll,
221 1454 7 21 i
244 1454 106 22 afseende
365 1453 12 22 ä
393 1453 169 28 stadsfastighet
585 1459 27 15 en
634 1452 150 27 beskattning,
800 1457 48 16 som
864 1451 46 21 fak-

95 1485 55 22 tiskt
165 1486 25 20 är
205 1490 28 17 en
249 1484 184 28 fastighetsskatt.
459 1482 293 28 Kommunalförordningen
764 1482 34 21 för
808 1481 104 22 städerna

97 1514 97 24 fördelar
216 1515 124 22 inkomsten
362 1514 57 22 efter
440 1513 113 29 fastighet,
568 1512 79 29 näring
662 1512 42 22 och
720 1518 72 16 annan
807 1511 104 23 inkomst.
