1120 1792
398 116 82 19 Toukok.
495 118 22 17 10
529 122 17 17 p.
802 120 56 20 1281

69 170 64 27 jotka
146 170 24 28 jo
186 176 73 16 ennen
274 170 51 22 olen
340 170 233 28 seikkaperäisemmin
589 170 143 28 esiintuonut,
748 171 84 28 yhtyisi
840 177 49 22 por-

70 199 146 28 varissäädyn
235 200 121 28 pyyntöön.

141 230 123 21 Professori
280 230 114 26 Runeberg:
425 229 72 22 Också
510 230 41 27 jag
566 230 42 21 ber
622 231 33 20 att
671 230 22 21 få
709 230 112 28 tillstyrka
836 230 54 28 god-

69 258 128 22 kännandet
211 259 27 21 af
250 258 194 29 borgareståndets
459 259 139 28 inbjudning.
630 259 44 22 Det
692 260 26 21 är
732 260 107 28 naturligt
855 262 34 20 att

69 288 107 21 behofvet
191 288 25 21 af
229 294 28 15 en
272 288 7 21 i
295 288 74 28 någon
383 288 51 21 mån
450 288 124 21 förbättrad
590 288 130 22 ekonomisk
736 290 107 27 ställning
853 290 36 21 för

70 317 182 22 folkskolelärare
267 318 35 21 till
317 318 111 28 väsentlig
453 317 49 22 mån
526 319 24 20 är
566 318 111 22 beroende
692 318 69 26 deraf,
777 319 111 22 huruvida

69 347 28 22 de
113 347 68 22 hafva
196 347 98 28 familjer
309 349 34 20 att
358 347 96 28 försörja
477 347 54 22 eller
554 347 56 22 icke.
641 347 68 22 Detta
725 348 89 29 förslag,
839 355 49 16 som

69 377 59 22 inom
144 377 183 28 borgareståndet
342 377 84 27 väckts,
443 383 67 21 synes
525 377 7 22 i
548 377 111 29 väsentlig
675 377 50 22 mån
737 378 100 28 afhjelpa
845 379 43 22 den

70 407 125 28 olägenhet,
211 413 48 16 som
275 407 7 21 i
297 407 62 22 detta
374 406 106 23 afseende
496 406 70 22 måste
582 413 65 16 anses
658 413 55 16 vara
724 407 103 22 rådande.
843 408 45 22 Det

70 436 40 22 bör
125 437 109 22 erkännas
251 438 32 19 att
299 437 114 27 förslaget,
429 436 78 22 sådant
523 437 37 20 det
576 443 31 15 nu
622 437 128 28 föreligger,
766 437 44 22 kan
825 438 63 28 gifva

69 467 120 28 anledning
204 467 33 21 till
261 467 105 21 tvekan
357 462 12 38 i
389 466 109 22 särskilda
521 467 128 26 afseenden,
672 467 111 28 nämligen
806 468 81 22 beträf-

69 496 67 21 fande
151 496 179 29 begränsningen
345 496 27 22 af
384 496 28 21 de
427 496 133 28 kategorier,
583 502 47 15 som
653 497 54 21 böra
730 497 88 22 komma
833 498 7 21 i
856 497 31 22 åt-

69 526 106 27 njutande
191 527 26 21 af
230 526 85 27 anslag.
347 526 51 21 Men
413 526 62 21 detta
490 525 70 22 måste
580 526 26 27 ju
622 526 53 22 bero
691 526 27 28 på
733 532 154 23 noggrannare

69 556 216 28 detaljstadganden,
302 555 75 22 hvilka
392 561 30 16 nu
437 556 49 21 icke
502 555 74 22 kunna
592 555 66 28 göras
673 556 27 21 af
705 557 120 21 ständerna
832 559 54 20 utan

68 585 150 22 öfverlemnas
234 585 23 22 åt
271 585 122 28 styrelsens
408 592 95 21 omsorg.

139 615 44 22 Det
199 617 24 20 är
239 616 68 21 äfven
322 621 27 16 en
365 621 73 16 annan
453 615 171 28 omständighet,
641 621 47 16 som
702 616 41 27 jag
757 615 41 22 ber
813 617 32 20 att
865 616 22 22 få

68 645 123 26 framhålla,
207 645 112 28 nämligen
335 645 50 26 den,
401 647 33 19 att
449 645 61 21 detta
524 645 96 21 tillskott
635 645 34 21 för
678 645 27 22 de
713 646 57 27 gifta
785 645 101 22 lärarena

67 675 68 21 borde
151 675 114 21 betraktas
280 675 71 21 såsom
368 675 33 20 ett
416 674 92 22 alldeles
530 674 109 28 tillfälligt
661 675 95 21 tillskott
778 675 41 21 och
835 675 49 22 icke

67 704 72 21 såsom
165 704 108 28 ingående
289 705 7 20 i
312 704 43 21 den
379 704 110 21 ordinarie
511 704 74 24 lönen,
601 704 49 21 icke
666 704 70 22 heller
751 705 91 21 inverka
857 705 29 28 på

67 733 251 28 pensionsförmänerna,
334 735 55 19 utan
411 740 55 15 vara
482 735 32 20 ett
537 733 104 22 särskildt
657 735 111 26 personelt
783 734 101 22 tillskott.

67 763 96 22 Sålunda
186 763 81 22 tillåter
289 764 40 27 jag
352 763 46 28 mig
423 763 81 22 föreslå
529 765 33 20 att
577 763 88 21 ståndet
680 763 71 22 skulle
767 763 118 28 godkänna

66 793 194 28 borgareståndets
281 793 133 28 inbjudning
429 793 50 21 med
496 793 43 22 den
555 793 157 26 modifikation,
729 795 32 20 att
776 793 109 28 ifrågava-

66 823 69 22 rande
151 823 83 28 ökning
249 823 26 21 af
288 822 159 28 statsbidraget
463 823 34 21 för
512 823 72 22 lärare
601 823 48 21 med
667 823 69 27 familj
754 823 57 22 skall
819 829 66 16 anses

66 852 72 22 såsom
154 854 33 20 ett
202 853 125 21 oberoende
348 853 25 21 af
386 853 144 26 tjenstetiden
548 853 42 21 och
605 853 45 20 lika
665 852 35 22 för
715 853 45 21 alla
775 853 109 28 utgående

66 883 107 27 tillfälligt
189 883 152 26 lönetillskott,
358 889 47 15 som
421 883 49 21 icke
485 883 103 21 inverkar
598 882 28 28 på
634 883 249 27 pensionsförmånerna.

136 912 123 22 Professori
275 912 115 21 Bonsdorff:
410 912 59 21 Minä
476 912 91 28 pyydän
582 912 68 22 saada
658 912 112 24 kehoittaa
778 913 105 21 kunnian-

66 942 101 22 arvoisaa
182 942 79 27 säätyä
276 943 125 27 pysymään
424 942 109 21 entisessä
556 942 173 28 päätöksessään
743 942 24 27 ja
782 942 38 22 siis
835 942 48 28 hyl-

65 972 109 21 käämään
190 972 186 28 porvarissäädyn
392 972 168 21 kutsumuksen.
591 971 92 22 Tahdon
699 972 101 26 myöskin
808 973 75 21 tämän

65 1001 153 22 kehoitukseni
234 1002 74 21 tueksi
324 1002 92 21 mainita
441 1003 129 19 muutaman
593 1007 75 16 sanan.
699 1001 83 21 Muissa
802 1002 81 21 maissa

65 1031 68 21 valtio
149 1032 20 20 ei
184 1030 185 23 likimäärinkään
386 1037 58 16 anna
459 1031 45 21 niin
519 1031 77 27 paljon
606 1030 278 29 kansakoulunopettajien

64 1060 182 28 palkkaamiseen
261 1061 53 21 kuin
330 1061 88 21 meidän
434 1067 153 15 maassamme.
618 1060 39 22 Jos
674 1060 75 22 meillä
764 1062 41 26 nyt
819 1067 64 15 ruve-

65 1092 52 20 taan
132 1091 154 21 korottamaan
301 1090 275 28 kansakoulunopettajien
592 1090 181 28 valtiopalkkoja,
789 1096 28 16 on
833 1091 50 21 siitä

65 1156 65 21 avun,
152 1150 69 28 jonka
245 1150 26 22 he
288 1150 131 28 puolestaan
434 1150 139 22 suorittavat.
604 1150 121 28 Ylipäänsä
740 1151 38 20 tuo
794 1150 88 26 valitus,

65 1181 46 20 että
137 1180 279 28 kansakoulunopettajilla
432 1186 27 16 on
475 1180 45 22 niin
536 1180 78 21 niukat
629 1180 83 27 palkat,
728 1180 20 21 ei
764 1180 35 22 ole
815 1180 67 22 ollen-

64 1210 58 22 kaan
137 1210 96 28 yleinen,
249 1216 58 16 vaan
322 1216 30 16 on
367 1216 25 16 se
416 1210 169 28 pääasiallisesti
608 1210 129 22 ainoastaan
760 1210 121 22 etelä-Suo-

64 1246 51 15 men
130 1240 210 28 rannikkopitäjissä
356 1240 129 21 oikeutettu.
509 1239 68 22 Asian
593 1239 52 22 laita
661 1246 28 15 on
705 1246 24 15 se
745 1240 47 20 että
807 1240 74 21 noissa

63 1270 102 26 pitäjissä
179 1270 136 27 ylimalkaan
330 1270 85 20 kunnat
431 1270 116 21 maksavat
561 1269 152 27 opettajilleen
724 1269 157 21 suhteellisesti

64 1299 69 27 hyvin
149 1300 73 20 vähän
235 1299 25 27 ja
276 1299 50 21 siitä
341 1299 71 21 lienee
428 1299 103 27 myöskin
546 1298 132 22 aiheutunut
693 1299 66 21 herra
774 1298 108 22 Sundval-

64 1329 31 21 lin
111 1329 193 21 anomusehdotus.
336 1328 39 22 Jos
391 1328 277 28 kansakoulunopettajien
683 1328 151 28 valtiopalkka
844 1328 37 22 ko-

64 1358 138 26 rotettaisiin,
225 1358 46 22 niin
294 1358 67 22 näillä
386 1358 160 28 valtiopäivillä
561 1358 49 21 olisi
626 1358 80 21 heidän
721 1358 161 28 palkkaetunsa

65 1388 214 22 kahdenkertaisesti
305 1389 139 27 parannettu.
475 1388 27 22 Jo
518 1394 89 16 vuonna
624 1390 56 19 1886
697 1387 106 22 annettiin
819 1388 62 21 koro-

64 1419 66 23 tusta,
154 1424 89 14 vuonna
267 1420 55 18 1895
347 1418 106 26 palkkoja
476 1418 147 26 parannettiin
646 1418 123 20 uudestaan
790 1418 24 26 ja
829 1418 52 20 ihan

64 1453 77 15 varma
156 1452 29 16 on
208 1448 47 20 että
269 1447 49 21 ensi
340 1446 160 27 valtiopäivillä
523 1448 49 20 taas
587 1446 96 21 tehdään
699 1446 130 22 anomuksia
844 1452 36 21 pa-

63 1476 148 21 rannuksista.
242 1476 93 21 Muuten
358 1476 116 21 ehdotettu
497 1476 120 27 palkkojen
639 1476 188 27 parantamistapa
852 1482 28 15 on

64 1506 69 28 hyvin
149 1505 126 22 omituinen.
307 1506 111 21 Sanotaan
434 1506 46 21 että
495 1505 151 28 perheellinen
661 1505 99 28 opettaja
775 1505 60 22 tulisi
843 1505 40 21 ko-

786 1548 20 17 81
