<?xml version="1.0" encoding="UTF-8"?>
<alto xmlns="http://www.loc.gov/standards/alto/ns-v3#" xmlns:xlink="http://www.w3.org/1999/xlink" xmlns:xsi="http://www.w3.org/2001/XMLSchema-instance" xsi:schemaLocation="http://www.loc.gov/standards/alto/ns-v3# http://www.loc.gov/alto/v3/alto-3-0.xsd">
	<Description>
		<MeasurementUnit>pixel</MeasurementUnit>
		<sourceImageInformation>
			<fileName>/tmp/tess_jhapgr2d_input.PNG</fileName>
		</sourceImageInformation>
		<OCRProcessing ID="OCR_0">
			<ocrProcessingStep>
				<processingSoftware>
					<softwareName>tesseract 5.3.4</softwareName>
				</processingSoftware>
			</ocrProcessingStep>
		</OCRProcessing>
	</Description>
	<Layout>
		<Page WIDTH="1700" HEIGHT="1956" PHYSICAL_IMG_NR="0" ID="page_0">
			<PrintSpace HPOS="0" VPOS="0" WIDTH="1700" HEIGHT="1956">
				<ComposedBlock ID="cblock_0" HPOS="526" VPOS="197" WIDTH="450" HEIGHT="22">
					<TextBlock ID="block_0" HPOS="526" VPOS="197" WIDTH="450" HEIGHT="22">
						<TextLine ID="line_0" HPOS="526" VPOS="197" WIDTH="450" HEIGHT="22">
							<String ID="string_0" HPOS="526" VPOS="200" WIDTH="56" HEIGHT="19" WC="0.96" CONTENT="1054"/><SP WIDTH="258" VPOS="200" HPOS="582"/>
							<String ID="string_1" HPOS="840" VPOS="197" WIDTH="82" HEIGHT="18" WC="0.90" CONTENT="Toukok."/><SP WIDTH="14" VPOS="197" HPOS="922"/>
							<String ID="string_2" HPOS="936" VPOS="198" WIDTH="11" HEIGHT="17" WC="0.92" CONTENT="6"/><SP WIDTH="12" VPOS="198" HPOS="947"/>
							<String ID="string_3" HPOS="959" VPOS="202" WIDTH="17" HEIGHT="17" WC="0.89" CONTENT="p."/>
						</TextLine>
					</TextBlock>
				</ComposedBlock>
				<ComposedBlock ID="cblock_1" HPOS="494" VPOS="281" WIDTH="827" HEIGHT="1340">
					<TextBlock ID="block_1" HPOS="495" VPOS="281" WIDTH="821" HEIGHT="146">
						<TextLine ID="line_1" HPOS="496" VPOS="281" WIDTH="820" HEIGHT="27">
							<String ID="string_4" HPOS="496" VPOS="287" WIDTH="27" HEIGHT="16" WC="0.96" CONTENT="on"/><SP WIDTH="21" VPOS="287" HPOS="523"/>
							<String ID="string_5" HPOS="544" VPOS="281" WIDTH="62" HEIGHT="27" WC="0.96" CONTENT="kyllä"/><SP WIDTH="15" VPOS="281" HPOS="606"/>
							<String ID="string_6" HPOS="621" VPOS="282" WIDTH="153" HEIGHT="26" WC="0.96" CONTENT="ymmärretty."/><SP WIDTH="32" VPOS="282" HPOS="774"/>
							<String ID="string_7" HPOS="806" VPOS="281" WIDTH="75" HEIGHT="21" WC="0.93" CONTENT="Siihen"/><SP WIDTH="24" VPOS="281" HPOS="881"/>
							<String ID="string_8" HPOS="905" VPOS="281" WIDTH="20" HEIGHT="20" WC="0.96" CONTENT="ei"/><SP WIDTH="16" VPOS="281" HPOS="925"/>
							<String ID="string_9" HPOS="941" VPOS="281" WIDTH="35" HEIGHT="21" WC="0.96" CONTENT="ole"/><SP WIDTH="22" VPOS="281" HPOS="976"/>
							<String ID="string_10" HPOS="998" VPOS="282" WIDTH="78" HEIGHT="20" WC="0.96" CONTENT="muuta"/><SP WIDTH="22" VPOS="282" HPOS="1076"/>
							<String ID="string_11" HPOS="1098" VPOS="281" WIDTH="76" HEIGHT="27" WC="0.96" CONTENT="lisätty"/><SP WIDTH="22" VPOS="281" HPOS="1174"/>
							<String ID="string_12" HPOS="1196" VPOS="281" WIDTH="53" HEIGHT="21" WC="0.96" CONTENT="kuin"/><SP WIDTH="19" VPOS="281" HPOS="1249"/>
							<String ID="string_13" HPOS="1268" VPOS="282" WIDTH="48" HEIGHT="20" WC="0.96" CONTENT="että"/>
						</TextLine>
						<TextLine ID="line_2" HPOS="495" VPOS="310" WIDTH="821" HEIGHT="28">
							<String ID="string_14" HPOS="495" VPOS="311" WIDTH="93" HEIGHT="27" WC="0.96" CONTENT="sakkoja"/><SP WIDTH="23" VPOS="311" HPOS="588"/>
							<String ID="string_15" HPOS="611" VPOS="311" WIDTH="60" HEIGHT="27" WC="0.96" CONTENT="voipi"/><SP WIDTH="23" VPOS="311" HPOS="671"/>
							<String ID="string_16" HPOS="694" VPOS="311" WIDTH="99" HEIGHT="21" WC="0.96" CONTENT="määrätä"/><SP WIDTH="24" VPOS="311" HPOS="793"/>
							<String ID="string_17" HPOS="817" VPOS="310" WIDTH="63" HEIGHT="28" WC="0.93" CONTENT="myös"/><SP WIDTH="23" VPOS="310" HPOS="880"/>
							<String ID="string_18" HPOS="903" VPOS="310" WIDTH="179" HEIGHT="28" WC="0.92" CONTENT="siveellisyyden,"/><SP WIDTH="16" VPOS="310" HPOS="1082"/>
							<String ID="string_19" HPOS="1098" VPOS="310" WIDTH="178" HEIGHT="22" WC="0.96" CONTENT="turvallisuuden"/><SP WIDTH="14" VPOS="310" HPOS="1276"/>
							<String ID="string_20" HPOS="1290" VPOS="311" WIDTH="26" HEIGHT="27" WC="0.96" CONTENT="ja"/>
						</TextLine>
						<TextLine ID="line_3" HPOS="495" VPOS="339" WIDTH="820" HEIGHT="29">
							<String ID="string_21" HPOS="495" VPOS="340" WIDTH="206" HEIGHT="28" WC="0.96" CONTENT="terveydenhoidon"/><SP WIDTH="15" VPOS="340" HPOS="701"/>
							<String ID="string_22" HPOS="716" VPOS="340" WIDTH="169" HEIGHT="22" WC="0.93" CONTENT="edistämiseksi."/><SP WIDTH="31" VPOS="340" HPOS="885"/>
							<String ID="string_23" HPOS="916" VPOS="339" WIDTH="77" HEIGHT="22" WC="0.96" CONTENT="Ennen"/><SP WIDTH="16" VPOS="339" HPOS="993"/>
							<String ID="string_24" HPOS="1009" VPOS="340" WIDTH="29" HEIGHT="21" WC="0.96" CONTENT="oli"/><SP WIDTH="16" VPOS="340" HPOS="1038"/>
							<String ID="string_25" HPOS="1054" VPOS="347" WIDTH="58" HEIGHT="15" WC="0.93" CONTENT="vaan"/><SP WIDTH="16" VPOS="347" HPOS="1112"/>
							<String ID="string_26" HPOS="1128" VPOS="358" WIDTH="8" HEIGHT="8" WC="0.0" CONTENT=","/><SP WIDTH="4" VPOS="358" HPOS="1136"/>
							<String ID="string_27" HPOS="1140" VPOS="340" WIDTH="87" HEIGHT="28" WC="0.0" CONTENT="yleisen"/><SP WIDTH="9" VPOS="340" HPOS="1227"/>
							<String ID="string_28" HPOS="1236" VPOS="341" WIDTH="79" HEIGHT="27" WC="0.93" CONTENT="järjes-"/>
						</TextLine>
						<TextLine ID="line_4" HPOS="496" VPOS="370" WIDTH="819" HEIGHT="28">
							<String ID="string_29" HPOS="496" VPOS="371" WIDTH="81" HEIGHT="27" WC="0.93" CONTENT="tyksen"/><SP WIDTH="15" VPOS="371" HPOS="577"/>
							<String ID="string_30" HPOS="592" VPOS="370" WIDTH="182" HEIGHT="22" WC="0.90" CONTENT="edistämiseksi.*"/><SP WIDTH="33" VPOS="370" HPOS="774"/>
							<String ID="string_31" HPOS="807" VPOS="370" WIDTH="59" HEIGHT="22" WC="0.96" CONTENT="Minä"/><SP WIDTH="18" VPOS="370" HPOS="866"/>
							<String ID="string_32" HPOS="884" VPOS="370" WIDTH="76" HEIGHT="22" WC="0.96" CONTENT="luulen"/><SP WIDTH="17" VPOS="370" HPOS="960"/>
							<String ID="string_33" HPOS="977" VPOS="371" WIDTH="45" HEIGHT="20" WC="0.96" CONTENT="että"/><SP WIDTH="16" VPOS="371" HPOS="1022"/>
							<String ID="string_34" HPOS="1038" VPOS="371" WIDTH="61" HEIGHT="20" WC="0.96" CONTENT="tämä"/><SP WIDTH="14" VPOS="371" HPOS="1099"/>
							<String ID="string_35" HPOS="1113" VPOS="371" WIDTH="69" HEIGHT="21" WC="0.93" CONTENT="kohta"/><SP WIDTH="18" VPOS="371" HPOS="1182"/>
							<String ID="string_36" HPOS="1200" VPOS="370" WIDTH="115" HEIGHT="22" WC="0.91" CONTENT="valiokun-"/>
						</TextLine>
						<TextLine ID="line_5" HPOS="495" VPOS="401" WIDTH="398" HEIGHT="26">
							<String ID="string_37" HPOS="495" VPOS="407" WIDTH="44" HEIGHT="15" WC="0.96" CONTENT="nan"/><SP WIDTH="16" VPOS="407" HPOS="539"/>
							<String ID="string_38" HPOS="555" VPOS="401" WIDTH="162" HEIGHT="21" WC="0.96" CONTENT="ehdotuksessa"/><SP WIDTH="16" VPOS="401" HPOS="717"/>
							<String ID="string_39" HPOS="733" VPOS="406" WIDTH="28" HEIGHT="16" WC="0.96" CONTENT="on"/><SP WIDTH="15" VPOS="406" HPOS="761"/>
							<String ID="string_40" HPOS="776" VPOS="406" WIDTH="117" HEIGHT="21" WC="0.96" CONTENT="parannus."/>
						</TextLine>
					</TextBlock>
					<TextBlock ID="block_2" HPOS="494" VPOS="430" WIDTH="827" HEIGHT="975">
						<TextLine ID="line_6" HPOS="566" VPOS="430" WIDTH="750" HEIGHT="28">
							<String ID="string_41" HPOS="566" VPOS="430" WIDTH="124" HEIGHT="22" WC="0.93" CONTENT="Professori"/><SP WIDTH="19" VPOS="430" HPOS="690"/>
							<String ID="string_42" HPOS="709" VPOS="430" WIDTH="135" HEIGHT="21" WC="0.91" CONTENT="Hermanson:"/><SP WIDTH="31" VPOS="430" HPOS="844"/>
							<String ID="string_43" HPOS="875" VPOS="430" WIDTH="44" HEIGHT="27" WC="0.95" CONTENT="Jag"/><SP WIDTH="22" VPOS="430" HPOS="919"/>
							<String ID="string_44" HPOS="941" VPOS="430" WIDTH="74" HEIGHT="21" WC="0.93" CONTENT="kunde"/><SP WIDTH="24" VPOS="430" HPOS="1015"/>
							<String ID="string_45" HPOS="1039" VPOS="431" WIDTH="80" HEIGHT="20" WC="0.91" CONTENT="nästan"/><SP WIDTH="14" VPOS="431" HPOS="1119"/>
							<String ID="string_46" HPOS="1133" VPOS="430" WIDTH="121" HEIGHT="22" WC="0.92" CONTENT="inskränka"/><SP WIDTH="15" VPOS="430" HPOS="1254"/>
							<String ID="string_47" HPOS="1269" VPOS="431" WIDTH="47" HEIGHT="27" WC="0.96" CONTENT="mig"/>
						</TextLine>
						<TextLine ID="line_7" HPOS="494" VPOS="459" WIDTH="823" HEIGHT="29">
							<String ID="string_48" HPOS="494" VPOS="460" WIDTH="35" HEIGHT="22" WC="0.96" CONTENT="till"/><SP WIDTH="21" VPOS="460" HPOS="529"/>
							<String ID="string_49" HPOS="550" VPOS="462" WIDTH="33" HEIGHT="20" WC="0.92" CONTENT="att"/><SP WIDTH="24" VPOS="462" HPOS="583"/>
							<String ID="string_50" HPOS="607" VPOS="460" WIDTH="78" HEIGHT="21" WC="0.92" CONTENT="förena"/><SP WIDTH="22" VPOS="460" HPOS="685"/>
							<String ID="string_51" HPOS="707" VPOS="460" WIDTH="46" HEIGHT="27" WC="0.96" CONTENT="mig"/><SP WIDTH="18" VPOS="460" HPOS="753"/>
							<String ID="string_52" HPOS="771" VPOS="460" WIDTH="51" HEIGHT="21" WC="0.93" CONTENT="med"/><SP WIDTH="16" VPOS="460" HPOS="822"/>
							<String ID="string_53" HPOS="838" VPOS="462" WIDTH="90" HEIGHT="25" WC="0.92" CONTENT="prosten"/><SP WIDTH="15" VPOS="462" HPOS="928"/>
							<String ID="string_54" HPOS="943" VPOS="459" WIDTH="128" HEIGHT="29" WC="0.91" CONTENT="Karlsberg,"/><SP WIDTH="17" VPOS="459" HPOS="1071"/>
							<String ID="string_55" HPOS="1088" VPOS="466" WIDTH="52" HEIGHT="15" WC="0.96" CONTENT="men"/><SP WIDTH="15" VPOS="466" HPOS="1140"/>
							<String ID="string_56" HPOS="1155" VPOS="460" WIDTH="39" HEIGHT="21" WC="0.96" CONTENT="ber"/><SP WIDTH="16" VPOS="460" HPOS="1194"/>
							<String ID="string_57" HPOS="1210" VPOS="460" WIDTH="57" HEIGHT="21" WC="0.96" CONTENT="dock"/><SP WIDTH="15" VPOS="460" HPOS="1267"/>
							<String ID="string_58" HPOS="1282" VPOS="462" WIDTH="35" HEIGHT="19" WC="0.96" CONTENT="att"/>
						</TextLine>
						<TextLine ID="line_8" HPOS="495" VPOS="489" WIDTH="821" HEIGHT="29">
							<String ID="string_59" HPOS="495" VPOS="490" WIDTH="131" HEIGHT="28" WC="0.91" CONTENT="ytterligave"/><SP WIDTH="24" VPOS="490" HPOS="626"/>
							<String ID="string_60" HPOS="650" VPOS="489" WIDTH="34" HEIGHT="22" WC="0.93" CONTENT="för"/><SP WIDTH="20" VPOS="489" HPOS="684"/>
							<String ID="string_61" HPOS="704" VPOS="489" WIDTH="165" HEIGHT="28" WC="0.92" CONTENT="förtydligande"/><SP WIDTH="16" VPOS="489" HPOS="869"/>
							<String ID="string_62" HPOS="885" VPOS="490" WIDTH="25" HEIGHT="21" WC="0.96" CONTENT="af"/><SP WIDTH="13" VPOS="490" HPOS="910"/>
							<String ID="string_63" HPOS="923" VPOS="489" WIDTH="70" HEIGHT="22" WC="0.93" CONTENT="saken"/><SP WIDTH="16" VPOS="489" HPOS="993"/>
							<String ID="string_64" HPOS="1009" VPOS="489" WIDTH="22" HEIGHT="22" WC="0.92" CONTENT="fä"/><SP WIDTH="15" VPOS="489" HPOS="1031"/>
							<String ID="string_65" HPOS="1046" VPOS="491" WIDTH="81" HEIGHT="20" WC="0.92" CONTENT="nämna"/><SP WIDTH="16" VPOS="491" HPOS="1127"/>
							<String ID="string_66" HPOS="1143" VPOS="489" WIDTH="105" HEIGHT="28" WC="0.94" CONTENT="följande."/><SP WIDTH="31" VPOS="489" HPOS="1248"/>
							<String ID="string_67" HPOS="1279" VPOS="490" WIDTH="37" HEIGHT="21" WC="0.96" CONTENT="Nu"/>
						</TextLine>
						<TextLine ID="line_9" HPOS="495" VPOS="519" WIDTH="820" HEIGHT="29">
							<String ID="string_68" HPOS="495" VPOS="520" WIDTH="105" HEIGHT="28" WC="0.96" CONTENT="gällande"/><SP WIDTH="23" VPOS="520" HPOS="600"/>
							<String ID="string_69" HPOS="623" VPOS="522" WIDTH="13" HEIGHT="19" WC="0.93" CONTENT="8"/><SP WIDTH="22" VPOS="522" HPOS="636"/>
							<String ID="string_70" HPOS="658" VPOS="520" WIDTH="107" HEIGHT="27" WC="0.93" CONTENT="paragraf"/><SP WIDTH="20" VPOS="520" HPOS="765"/>
							<String ID="string_71" HPOS="785" VPOS="519" WIDTH="8" HEIGHT="21" WC="0.93" CONTENT="i"/><SP WIDTH="18" VPOS="519" HPOS="793"/>
							<String ID="string_72" HPOS="811" VPOS="519" WIDTH="290" HEIGHT="28" WC="0.91" CONTENT="kommunalförfattningen"/><SP WIDTH="16" VPOS="519" HPOS="1101"/>
							<String ID="string_73" HPOS="1117" VPOS="519" WIDTH="82" HEIGHT="22" WC="0.92" CONTENT="uttalar"/><SP WIDTH="15" VPOS="519" HPOS="1199"/>
							<String ID="string_74" HPOS="1214" VPOS="520" WIDTH="34" HEIGHT="27" WC="0.96" CONTENT="sig"/><SP WIDTH="16" VPOS="520" HPOS="1248"/>
							<String ID="string_75" HPOS="1264" VPOS="519" WIDTH="51" HEIGHT="22" WC="0.96" CONTENT="med"/>
						</TextLine>
						<TextLine ID="line_10" HPOS="496" VPOS="548" WIDTH="819" HEIGHT="29">
							<String ID="string_76" HPOS="496" VPOS="549" WIDTH="128" HEIGHT="28" WC="0.94" CONTENT="anslutning"/><SP WIDTH="24" VPOS="549" HPOS="624"/>
							<String ID="string_77" HPOS="648" VPOS="549" WIDTH="33" HEIGHT="22" WC="0.86" CONTENT="till"/><SP WIDTH="24" VPOS="549" HPOS="681"/>
							<String ID="string_78" HPOS="705" VPOS="549" WIDTH="38" HEIGHT="21" WC="0.93" CONTENT="det"/><SP WIDTH="23" VPOS="549" HPOS="743"/>
							<String ID="string_79" HPOS="766" VPOS="549" WIDTH="61" HEIGHT="21" WC="0.93" CONTENT="äldre"/><SP WIDTH="18" VPOS="549" HPOS="827"/>
							<String ID="string_80" HPOS="845" VPOS="548" WIDTH="127" HEIGHT="29" WC="0.91" CONTENT="lagspräket"/><SP WIDTH="15" VPOS="548" HPOS="972"/>
							<String ID="string_81" HPOS="987" VPOS="549" WIDTH="28" HEIGHT="27" WC="0.96" CONTENT="pä"/><SP WIDTH="15" VPOS="549" HPOS="1015"/>
							<String ID="string_82" HPOS="1030" VPOS="549" WIDTH="99" HEIGHT="28" WC="0.96" CONTENT="följande"/><SP WIDTH="16" VPOS="549" HPOS="1129"/>
							<String ID="string_83" HPOS="1145" VPOS="549" WIDTH="55" HEIGHT="22" WC="0.92" CONTENT="sätt:"/><SP WIDTH="34" VPOS="549" HPOS="1200"/>
							<String ID="string_84" HPOS="1234" VPOS="549" WIDTH="58" HEIGHT="26" WC="0.86" CONTENT=",Har"/><SP WIDTH="15" VPOS="549" HPOS="1292"/>
							<String ID="string_85" HPOS="1307" VPOS="549" WIDTH="8" HEIGHT="21" WC="0.96" CONTENT="i"/>
						</TextLine>
						<TextLine ID="line_11" HPOS="495" VPOS="578" WIDTH="819" HEIGHT="29">
							<String ID="string_86" HPOS="495" VPOS="579" WIDTH="226" HEIGHT="22" WC="0.92" CONTENT="kommunalstämma"/><SP WIDTH="22" VPOS="579" HPOS="721"/>
							<String ID="string_87" HPOS="743" VPOS="579" WIDTH="102" HEIGHT="27" WC="0.92" CONTENT="förening"/><SP WIDTH="20" VPOS="579" HPOS="845"/>
							<String ID="string_88" HPOS="865" VPOS="578" WIDTH="74" HEIGHT="22" WC="0.89" CONTENT="blifvit"/><SP WIDTH="15" VPOS="578" HPOS="939"/>
							<String ID="string_89" HPOS="954" VPOS="579" WIDTH="110" HEIGHT="28" WC="0.92" CONTENT="ingängen"/><SP WIDTH="16" VPOS="579" HPOS="1064"/>
							<String ID="string_90" HPOS="1080" VPOS="585" WIDTH="35" HEIGHT="15" WC="0.96" CONTENT="om"/><SP WIDTH="17" VPOS="585" HPOS="1115"/>
							<String ID="string_91" HPOS="1132" VPOS="579" WIDTH="109" HEIGHT="21" WC="0.93" CONTENT="särskilda"/><SP WIDTH="16" VPOS="579" HPOS="1241"/>
							<String ID="string_92" HPOS="1257" VPOS="579" WIDTH="57" HEIGHT="21" WC="0.93" CONTENT="stad-"/>
						</TextLine>
						<TextLine ID="line_12" HPOS="495" VPOS="608" WIDTH="821" HEIGHT="29">
							<String ID="string_93" HPOS="495" VPOS="615" WIDTH="40" HEIGHT="22" WC="0.95" CONTENT="gar"/><SP WIDTH="23" VPOS="615" HPOS="535"/>
							<String ID="string_94" HPOS="558" VPOS="609" WIDTH="34" HEIGHT="22" WC="0.93" CONTENT="till"/><SP WIDTH="20" VPOS="609" HPOS="592"/>
							<String ID="string_95" HPOS="612" VPOS="608" WIDTH="155" HEIGHT="28" WC="0.91" CONTENT="befrämjande"/><SP WIDTH="23" VPOS="608" HPOS="767"/>
							<String ID="string_96" HPOS="790" VPOS="609" WIDTH="25" HEIGHT="21" WC="0.96" CONTENT="af"/><SP WIDTH="19" VPOS="609" HPOS="815"/>
							<String ID="string_97" HPOS="834" VPOS="609" WIDTH="82" HEIGHT="21" WC="0.96" CONTENT="allmän"/><SP WIDTH="16" VPOS="609" HPOS="916"/>
							<String ID="string_98" HPOS="932" VPOS="609" WIDTH="99" HEIGHT="27" WC="0.93" CONTENT="ordning,"/><SP WIDTH="17" VPOS="609" HPOS="1031"/>
							<String ID="string_99" HPOS="1048" VPOS="615" WIDTH="42" HEIGHT="22" WC="0.93" CONTENT="ege"/><SP WIDTH="15" VPOS="615" HPOS="1090"/>
							<String ID="string_100" HPOS="1105" VPOS="609" WIDTH="112" HEIGHT="21" WC="0.90" CONTENT="stämman"/><SP WIDTH="13" VPOS="609" HPOS="1217"/>
							<String ID="string_101" HPOS="1230" VPOS="608" WIDTH="86" HEIGHT="28" WC="0.92" CONTENT="jemväl"/>
						</TextLine>
						<TextLine ID="line_13" HPOS="496" VPOS="638" WIDTH="817" HEIGHT="29">
							<String ID="string_102" HPOS="496" VPOS="639" WIDTH="34" HEIGHT="22" WC="0.92" CONTENT="för"/><SP WIDTH="21" VPOS="639" HPOS="530"/>
							<String ID="string_103" HPOS="551" VPOS="639" WIDTH="173" HEIGHT="22" WC="0.88" CONTENT="öfverträdelser"/><SP WIDTH="21" VPOS="639" HPOS="724"/>
							<String ID="string_104" HPOS="745" VPOS="639" WIDTH="25" HEIGHT="21" WC="0.93" CONTENT="af"/><SP WIDTH="17" VPOS="639" HPOS="770"/>
							<String ID="string_105" HPOS="787" VPOS="639" WIDTH="113" HEIGHT="21" WC="0.92" CONTENT="desamma"/><SP WIDTH="16" VPOS="639" HPOS="900"/>
							<String ID="string_106" HPOS="916" VPOS="639" WIDTH="83" HEIGHT="21" WC="0.91" CONTENT="utsätta"/><SP WIDTH="15" VPOS="639" HPOS="999"/>
							<String ID="string_107" HPOS="1014" VPOS="639" WIDTH="106" HEIGHT="28" WC="0.92" CONTENT="lämpliga"/><SP WIDTH="15" VPOS="639" HPOS="1120"/>
							<String ID="string_108" HPOS="1135" VPOS="639" WIDTH="69" HEIGHT="26" WC="0.93" CONTENT="viten,"/><SP WIDTH="16" VPOS="639" HPOS="1204"/>
							<String ID="string_109" HPOS="1220" VPOS="639" WIDTH="57" HEIGHT="21" WC="0.93" CONTENT="dock"/><SP WIDTH="15" VPOS="639" HPOS="1277"/>
							<String ID="string_110" HPOS="1292" VPOS="638" WIDTH="21" HEIGHT="28" WC="0.92" CONTENT="ej"/>
						</TextLine>
						<TextLine ID="line_14" HPOS="498" VPOS="668" WIDTH="818" HEIGHT="29">
							<String ID="string_111" HPOS="498" VPOS="669" WIDTH="167" HEIGHT="27" WC="0.73" CONTENT="Ofverstigande"/><SP WIDTH="23" VPOS="669" HPOS="665"/>
							<String ID="string_112" HPOS="688" VPOS="668" WIDTH="81" HEIGHT="28" WC="0.91" CONTENT="fyratio"/><SP WIDTH="24" VPOS="668" HPOS="769"/>
							<String ID="string_113" HPOS="793" VPOS="668" WIDTH="69" HEIGHT="22" WC="0.93" CONTENT="mark."/><SP WIDTH="31" VPOS="668" HPOS="862"/>
							<String ID="string_114" HPOS="893" VPOS="668" WIDTH="78" HEIGHT="22" WC="0.95" CONTENT="Beslut"/><SP WIDTH="16" VPOS="668" HPOS="971"/>
							<String ID="string_115" HPOS="987" VPOS="668" WIDTH="76" HEIGHT="22" WC="0.96" CONTENT="härom"/><SP WIDTH="17" VPOS="668" HPOS="1063"/>
							<String ID="string_116" HPOS="1080" VPOS="675" WIDTH="53" HEIGHT="15" WC="0.95" CONTENT="vare"/><SP WIDTH="16" VPOS="675" HPOS="1133"/>
							<String ID="string_117" HPOS="1149" VPOS="669" WIDTH="21" HEIGHT="27" WC="0.96" CONTENT="ej"/><SP WIDTH="17" VPOS="669" HPOS="1170"/>
							<String ID="string_118" HPOS="1187" VPOS="669" WIDTH="74" HEIGHT="28" WC="0.96" CONTENT="giltigt"/><SP WIDTH="15" VPOS="669" HPOS="1261"/>
							<String ID="string_119" HPOS="1276" VPOS="668" WIDTH="40" HEIGHT="22" WC="0.96" CONTENT="der"/>
						</TextLine>
						<TextLine ID="line_15" HPOS="496" VPOS="698" WIDTH="819" HEIGHT="28">
							<String ID="string_120" HPOS="496" VPOS="699" WIDTH="38" HEIGHT="22" WC="0.96" CONTENT="det"/><SP WIDTH="23" VPOS="699" HPOS="534"/>
							<String ID="string_121" HPOS="557" VPOS="699" WIDTH="50" HEIGHT="21" WC="0.88" CONTENT="icke"/><SP WIDTH="22" VPOS="699" HPOS="607"/>
							<String ID="string_122" HPOS="629" VPOS="699" WIDTH="43" HEIGHT="21" WC="0.95" CONTENT="blir"/><SP WIDTH="23" VPOS="699" HPOS="672"/>
							<String ID="string_123" HPOS="695" VPOS="699" WIDTH="25" HEIGHT="21" WC="0.95" CONTENT="af"/><SP WIDTH="21" VPOS="699" HPOS="720"/>
							<String ID="string_124" HPOS="741" VPOS="698" WIDTH="140" HEIGHT="28" WC="0.95" CONTENT="guvernören"/><SP WIDTH="15" VPOS="698" HPOS="881"/>
							<String ID="string_125" HPOS="896" VPOS="698" WIDTH="33" HEIGHT="21" WC="0.93" CONTENT="till"/><SP WIDTH="16" VPOS="698" HPOS="929"/>
							<String ID="string_126" HPOS="945" VPOS="698" WIDTH="149" HEIGHT="21" WC="0.91" CONTENT="efterrättelse"/><SP WIDTH="16" VPOS="698" HPOS="1094"/>
							<String ID="string_127" HPOS="1110" VPOS="698" WIDTH="134" HEIGHT="22" WC="0.85" CONTENT="faststäldt.*"/><SP WIDTH="33" VPOS="698" HPOS="1244"/>
							<String ID="string_128" HPOS="1277" VPOS="698" WIDTH="38" HEIGHT="21" WC="0.89" CONTENT="Ut-"/>
						</TextLine>
						<TextLine ID="line_16" HPOS="497" VPOS="727" WIDTH="819" HEIGHT="29">
							<String ID="string_129" HPOS="497" VPOS="729" WIDTH="84" HEIGHT="21" WC="0.96" CONTENT="skottet"/><SP WIDTH="23" VPOS="729" HPOS="581"/>
							<String ID="string_130" HPOS="604" VPOS="729" WIDTH="40" HEIGHT="20" WC="0.95" CONTENT="har"/><SP WIDTH="23" VPOS="729" HPOS="644"/>
							<String ID="string_131" HPOS="667" VPOS="734" WIDTH="30" HEIGHT="15" WC="0.96" CONTENT="nu"/><SP WIDTH="18" VPOS="734" HPOS="697"/>
							<String ID="string_132" HPOS="715" VPOS="727" WIDTH="49" HEIGHT="22" WC="0.96" CONTENT="från"/><SP WIDTH="15" VPOS="727" HPOS="764"/>
							<String ID="string_133" HPOS="779" VPOS="728" WIDTH="164" HEIGHT="28" WC="0.96" CONTENT="propositionen"/><SP WIDTH="16" VPOS="728" HPOS="943"/>
							<String ID="string_134" HPOS="959" VPOS="727" WIDTH="95" HEIGHT="28" WC="0.96" CONTENT="återgått"/><SP WIDTH="15" VPOS="727" HPOS="1054"/>
							<String ID="string_135" HPOS="1069" VPOS="728" WIDTH="33" HEIGHT="21" WC="0.96" CONTENT="till"/><SP WIDTH="17" VPOS="728" HPOS="1102"/>
							<String ID="string_136" HPOS="1119" VPOS="728" WIDTH="72" HEIGHT="21" WC="0.95" CONTENT="denna"/><SP WIDTH="15" VPOS="728" HPOS="1191"/>
							<String ID="string_137" HPOS="1206" VPOS="728" WIDTH="62" HEIGHT="21" WC="0.93" CONTENT="äldre"/><SP WIDTH="16" VPOS="728" HPOS="1268"/>
							<String ID="string_138" HPOS="1284" VPOS="727" WIDTH="32" HEIGHT="28" WC="0.90" CONTENT="ly-"/>
						</TextLine>
						<TextLine ID="line_17" HPOS="497" VPOS="757" WIDTH="820" HEIGHT="28">
							<String ID="string_139" HPOS="497" VPOS="758" WIDTH="68" HEIGHT="27" WC="0.95" CONTENT="delse,"/><SP WIDTH="24" VPOS="758" HPOS="565"/>
							<String ID="string_140" HPOS="589" VPOS="764" WIDTH="52" HEIGHT="16" WC="0.96" CONTENT="men"/><SP WIDTH="18" VPOS="764" HPOS="641"/>
							<String ID="string_141" HPOS="659" VPOS="757" WIDTH="67" HEIGHT="28" WC="0.96" CONTENT="något"/><SP WIDTH="15" VPOS="757" HPOS="726"/>
							<String ID="string_142" HPOS="741" VPOS="758" WIDTH="79" HEIGHT="21" WC="0.93" CONTENT="ändrat"/><SP WIDTH="15" VPOS="758" HPOS="820"/>
							<String ID="string_143" HPOS="835" VPOS="757" WIDTH="126" HEIGHT="28" WC="0.89" CONTENT="ordalagen."/><SP WIDTH="32" VPOS="757" HPOS="961"/>
							<String ID="string_144" HPOS="993" VPOS="757" WIDTH="71" HEIGHT="22" WC="0.96" CONTENT="Bland"/><SP WIDTH="16" VPOS="757" HPOS="1064"/>
							<String ID="string_145" HPOS="1080" VPOS="759" WIDTH="68" HEIGHT="20" WC="0.95" CONTENT="annat"/><SP WIDTH="14" VPOS="759" HPOS="1148"/>
							<String ID="string_146" HPOS="1162" VPOS="757" WIDTH="69" HEIGHT="22" WC="0.96" CONTENT="hafva"/><SP WIDTH="16" VPOS="757" HPOS="1231"/>
							<String ID="string_147" HPOS="1247" VPOS="758" WIDTH="70" HEIGHT="22" WC="0.95" CONTENT="orden"/>
						</TextLine>
						<TextLine ID="line_18" HPOS="498" VPOS="787" WIDTH="817" HEIGHT="28">
							<String ID="string_148" HPOS="498" VPOS="788" WIDTH="116" HEIGHT="27" WC="0.16" CONTENT="förening"/><SP WIDTH="15" VPOS="788" HPOS="614"/>
							<String ID="string_149" HPOS="629" VPOS="788" WIDTH="73" HEIGHT="21" WC="0.96" CONTENT="blifvit"/><SP WIDTH="14" VPOS="788" HPOS="702"/>
							<String ID="string_150" HPOS="716" VPOS="787" WIDTH="124" HEIGHT="28" WC="0.81" CONTENT="ingången&quot;"/><SP WIDTH="17" VPOS="787" HPOS="840"/>
							<String ID="string_151" HPOS="857" VPOS="788" WIDTH="74" HEIGHT="21" WC="0.96" CONTENT="blifvit"/><SP WIDTH="15" VPOS="788" HPOS="931"/>
							<String ID="string_152" HPOS="946" VPOS="788" WIDTH="98" HEIGHT="21" WC="0.96" CONTENT="ändrade"/><SP WIDTH="15" VPOS="788" HPOS="1044"/>
							<String ID="string_153" HPOS="1059" VPOS="787" WIDTH="34" HEIGHT="22" WC="0.93" CONTENT="till"/><SP WIDTH="18" VPOS="787" HPOS="1093"/>
							<String ID="string_154" HPOS="1111" VPOS="788" WIDTH="111" HEIGHT="24" WC="0.87" CONTENT=",beslutes"/><SP WIDTH="16" VPOS="788" HPOS="1222"/>
							<String ID="string_155" HPOS="1238" VPOS="788" WIDTH="6" HEIGHT="20" WC="0.93" CONTENT="i"/><SP WIDTH="11" VPOS="788" HPOS="1244"/>
							<String ID="string_156" HPOS="1255" VPOS="787" WIDTH="60" HEIGHT="22" WC="0.92" CONTENT="kom-"/>
						</TextLine>
						<TextLine ID="line_19" HPOS="498" VPOS="817" WIDTH="818" HEIGHT="28">
							<String ID="string_157" HPOS="498" VPOS="818" WIDTH="172" HEIGHT="21" WC="0.83" CONTENT="munalstämma"/><SP WIDTH="16" VPOS="818" HPOS="670"/>
							<String ID="string_158" HPOS="686" VPOS="824" WIDTH="36" HEIGHT="15" WC="0.95" CONTENT="om"/><SP WIDTH="16" VPOS="824" HPOS="722"/>
							<String ID="string_159" HPOS="738" VPOS="817" WIDTH="125" HEIGHT="28" WC="0.95" CONTENT="antagande"/><SP WIDTH="16" VPOS="817" HPOS="863"/>
							<String ID="string_160" HPOS="879" VPOS="817" WIDTH="26" HEIGHT="21" WC="0.93" CONTENT="af"/><SP WIDTH="13" VPOS="817" HPOS="905"/>
							<String ID="string_161" HPOS="918" VPOS="817" WIDTH="111" HEIGHT="28" WC="0.72" CONTENT="stadgar”."/><SP WIDTH="32" VPOS="817" HPOS="1029"/>
							<String ID="string_162" HPOS="1061" VPOS="817" WIDTH="96" HEIGHT="28" WC="0.90" CONTENT="Stadgar"/><SP WIDTH="15" VPOS="817" HPOS="1157"/>
							<String ID="string_163" HPOS="1172" VPOS="817" WIDTH="34" HEIGHT="22" WC="0.93" CONTENT="till"/><SP WIDTH="14" VPOS="817" HPOS="1206"/>
							<String ID="string_164" HPOS="1220" VPOS="817" WIDTH="96" HEIGHT="22" WC="0.92" CONTENT="befräm-"/>
						</TextLine>
						<TextLine ID="line_20" HPOS="498" VPOS="846" WIDTH="818" HEIGHT="29">
							<String ID="string_165" HPOS="498" VPOS="847" WIDTH="69" HEIGHT="27" WC="0.91" CONTENT="jande"/><SP WIDTH="16" VPOS="847" HPOS="567"/>
							<String ID="string_166" HPOS="583" VPOS="848" WIDTH="26" HEIGHT="20" WC="0.93" CONTENT="af"/><SP WIDTH="14" VPOS="848" HPOS="609"/>
							<String ID="string_167" HPOS="623" VPOS="847" WIDTH="116" HEIGHT="28" WC="0.91" CONTENT="sedlighet,"/><SP WIDTH="17" VPOS="847" HPOS="739"/>
							<String ID="string_168" HPOS="756" VPOS="847" WIDTH="83" HEIGHT="21" WC="0.96" CONTENT="allmän"/><SP WIDTH="15" VPOS="847" HPOS="839"/>
							<String ID="string_169" HPOS="854" VPOS="847" WIDTH="94" HEIGHT="27" WC="0.96" CONTENT="ordning"/><SP WIDTH="15" VPOS="847" HPOS="948"/>
							<String ID="string_170" HPOS="963" VPOS="847" WIDTH="40" HEIGHT="21" WC="0.93" CONTENT="och"/><SP WIDTH="17" VPOS="847" HPOS="1003"/>
							<String ID="string_171" HPOS="1020" VPOS="847" WIDTH="105" HEIGHT="21" WC="0.92" CONTENT="säkerhet"/><SP WIDTH="10" VPOS="847" HPOS="1125"/>
							<String ID="string_172" HPOS="1135" VPOS="847" WIDTH="54" HEIGHT="21" WC="0.93" CONTENT="eller"/><SP WIDTH="10" VPOS="847" HPOS="1189"/>
							<String ID="string_173" HPOS="1199" VPOS="846" WIDTH="117" HEIGHT="22" WC="0.92" CONTENT="helsovärd"/>
						</TextLine>
						<TextLine ID="line_21" HPOS="497" VPOS="876" WIDTH="820" HEIGHT="28">
							<String ID="string_174" HPOS="497" VPOS="883" WIDTH="19" HEIGHT="16" WC="0.95" CONTENT="0."/><SP WIDTH="26" VPOS="883" HPOS="516"/>
							<String ID="string_175" HPOS="542" VPOS="883" WIDTH="17" HEIGHT="15" WC="0.84" CONTENT="8."/><SP WIDTH="24" VPOS="883" HPOS="559"/>
							<String ID="string_176" HPOS="583" VPOS="883" WIDTH="22" HEIGHT="15" WC="0.72" CONTENT="v."/><SP WIDTH="17" VPOS="883" HPOS="605"/>
							<String ID="string_177" HPOS="622" VPOS="877" WIDTH="71" HEIGHT="27" WC="0.96" CONTENT="jemte"/><SP WIDTH="20" VPOS="877" HPOS="693"/>
							<String ID="string_178" HPOS="713" VPOS="876" WIDTH="128" HEIGHT="22" WC="0.96" CONTENT="utsättande"/><SP WIDTH="16" VPOS="876" HPOS="841"/>
							<String ID="string_179" HPOS="857" VPOS="876" WIDTH="25" HEIGHT="22" WC="0.93" CONTENT="af"/><SP WIDTH="13" VPOS="876" HPOS="882"/>
							<String ID="string_180" HPOS="895" VPOS="876" WIDTH="67" HEIGHT="27" WC="0.92" CONTENT="viten,"/><SP WIDTH="17" VPOS="876" HPOS="962"/>
							<String ID="string_181" HPOS="979" VPOS="878" WIDTH="24" HEIGHT="20" WC="0.93" CONTENT="är"/><SP WIDTH="16" VPOS="878" HPOS="1003"/>
							<String ID="string_182" HPOS="1019" VPOS="877" WIDTH="57" HEIGHT="21" WC="0.96" CONTENT="hvad"/><SP WIDTH="17" VPOS="877" HPOS="1076"/>
							<String ID="string_183" HPOS="1093" VPOS="883" WIDTH="52" HEIGHT="15" WC="0.93" CONTENT="man"/><SP WIDTH="15" VPOS="883" HPOS="1145"/>
							<String ID="string_184" HPOS="1160" VPOS="876" WIDTH="72" HEIGHT="22" WC="0.93" CONTENT="kallar"/><SP WIDTH="14" VPOS="876" HPOS="1232"/>
							<String ID="string_185" HPOS="1246" VPOS="876" WIDTH="71" HEIGHT="28" WC="0.92" CONTENT="politi-"/>
						</TextLine>
						<TextLine ID="line_22" HPOS="497" VPOS="906" WIDTH="819" HEIGHT="28">
							<String ID="string_186" HPOS="497" VPOS="907" WIDTH="97" HEIGHT="27" WC="0.95" CONTENT="stadgar."/><SP WIDTH="32" VPOS="907" HPOS="594"/>
							<String ID="string_187" HPOS="626" VPOS="906" WIDTH="35" HEIGHT="22" WC="0.96" CONTENT="Nu"/><SP WIDTH="16" VPOS="906" HPOS="661"/>
							<String ID="string_188" HPOS="677" VPOS="906" WIDTH="44" HEIGHT="22" WC="0.96" CONTENT="kan"/><SP WIDTH="15" VPOS="906" HPOS="721"/>
							<String ID="string_189" HPOS="736" VPOS="912" WIDTH="51" HEIGHT="16" WC="0.92" CONTENT="man"/><SP WIDTH="17" VPOS="912" HPOS="787"/>
							<String ID="string_190" HPOS="804" VPOS="907" WIDTH="54" HEIGHT="27" WC="0.92" CONTENT="säga"/><SP WIDTH="16" VPOS="907" HPOS="858"/>
							<String ID="string_191" HPOS="874" VPOS="908" WIDTH="33" HEIGHT="20" WC="0.96" CONTENT="att"/><SP WIDTH="16" VPOS="908" HPOS="907"/>
							<String ID="string_192" HPOS="923" VPOS="912" WIDTH="50" HEIGHT="16" WC="0.93" CONTENT="man"/><SP WIDTH="16" VPOS="912" HPOS="973"/>
							<String ID="string_193" HPOS="989" VPOS="906" WIDTH="116" HEIGHT="22" WC="0.92" CONTENT="teoretiskt"/><SP WIDTH="16" VPOS="906" HPOS="1105"/>
							<String ID="string_194" HPOS="1121" VPOS="906" WIDTH="57" HEIGHT="22" WC="0.96" CONTENT="skall"/><SP WIDTH="16" VPOS="906" HPOS="1178"/>
							<String ID="string_195" HPOS="1194" VPOS="906" WIDTH="54" HEIGHT="28" WC="0.93" CONTENT="göra"/><SP WIDTH="18" VPOS="906" HPOS="1248"/>
							<String ID="string_196" HPOS="1266" VPOS="906" WIDTH="50" HEIGHT="22" WC="0.92" CONTENT="skil-"/>
						</TextLine>
						<TextLine ID="line_23" HPOS="498" VPOS="936" WIDTH="822" HEIGHT="28">
							<String ID="string_197" HPOS="498" VPOS="936" WIDTH="45" HEIGHT="22" WC="0.96" CONTENT="nad"/><SP WIDTH="16" VPOS="936" HPOS="543"/>
							<String ID="string_198" HPOS="559" VPOS="936" WIDTH="83" HEIGHT="22" WC="0.93" CONTENT="mellan"/><SP WIDTH="15" VPOS="936" HPOS="642"/>
							<String ID="string_199" HPOS="657" VPOS="936" WIDTH="74" HEIGHT="22" WC="0.93" CONTENT="buden"/><SP WIDTH="16" VPOS="936" HPOS="731"/>
							<String ID="string_200" HPOS="747" VPOS="936" WIDTH="42" HEIGHT="22" WC="0.93" CONTENT="och"/><SP WIDTH="16" VPOS="936" HPOS="789"/>
							<String ID="string_201" HPOS="805" VPOS="936" WIDTH="109" HEIGHT="22" WC="0.92" CONTENT="förbuden"/><SP WIDTH="16" VPOS="936" HPOS="914"/>
							<String ID="string_202" HPOS="930" VPOS="936" WIDTH="12" HEIGHT="21" WC="0.87" CONTENT="ä"/><SP WIDTH="16" VPOS="936" HPOS="942"/>
							<String ID="string_203" HPOS="958" VPOS="942" WIDTH="42" HEIGHT="15" WC="0.96" CONTENT="ena"/><SP WIDTH="15" VPOS="942" HPOS="1000"/>
							<String ID="string_204" HPOS="1015" VPOS="936" WIDTH="63" HEIGHT="22" WC="0.96" CONTENT="sidan"/><SP WIDTH="17" VPOS="936" HPOS="1078"/>
							<String ID="string_205" HPOS="1095" VPOS="936" WIDTH="41" HEIGHT="22" WC="0.93" CONTENT="och"/><SP WIDTH="16" VPOS="936" HPOS="1136"/>
							<String ID="string_206" HPOS="1152" VPOS="937" WIDTH="75" HEIGHT="21" WC="0.92" CONTENT="vitena"/><SP WIDTH="11" VPOS="937" HPOS="1227"/>
							<String ID="string_207" HPOS="1238" VPOS="936" WIDTH="28" HEIGHT="28" WC="0.96" CONTENT="pä"/><SP WIDTH="10" VPOS="936" HPOS="1266"/>
							<String ID="string_208" HPOS="1276" VPOS="936" WIDTH="44" HEIGHT="22" WC="0.97" CONTENT="den"/>
						</TextLine>
						<TextLine ID="line_24" HPOS="497" VPOS="966" WIDTH="824" HEIGHT="28">
							<String ID="string_209" HPOS="497" VPOS="966" WIDTH="76" HEIGHT="27" WC="0.96" CONTENT="andra,"/><SP WIDTH="25" VPOS="966" HPOS="573"/>
							<String ID="string_210" HPOS="598" VPOS="972" WIDTH="51" HEIGHT="16" WC="0.96" CONTENT="men"/><SP WIDTH="23" VPOS="972" HPOS="649"/>
							<String ID="string_211" HPOS="672" VPOS="966" WIDTH="7" HEIGHT="20" WC="0.96" CONTENT="i"/><SP WIDTH="25" VPOS="966" HPOS="679"/>
							<String ID="string_212" HPOS="704" VPOS="966" WIDTH="155" HEIGHT="28" WC="0.95" CONTENT="verkligheten"/><SP WIDTH="23" VPOS="966" HPOS="859"/>
							<String ID="string_213" HPOS="882" VPOS="966" WIDTH="44" HEIGHT="21" WC="0.96" CONTENT="kan"/><SP WIDTH="24" VPOS="966" HPOS="926"/>
							<String ID="string_214" HPOS="950" VPOS="966" WIDTH="37" HEIGHT="21" WC="0.91" CONTENT="det"/><SP WIDTH="17" VPOS="966" HPOS="987"/>
							<String ID="string_215" HPOS="1004" VPOS="966" WIDTH="49" HEIGHT="21" WC="0.96" CONTENT="icke"/><SP WIDTH="17" VPOS="966" HPOS="1053"/>
							<String ID="string_216" HPOS="1070" VPOS="966" WIDTH="70" HEIGHT="22" WC="0.96" CONTENT="blifva"/><SP WIDTH="16" VPOS="966" HPOS="1140"/>
							<String ID="string_217" HPOS="1156" VPOS="966" WIDTH="62" HEIGHT="28" WC="0.96" CONTENT="fråga"/><SP WIDTH="16" VPOS="966" HPOS="1218"/>
							<String ID="string_218" HPOS="1234" VPOS="972" WIDTH="37" HEIGHT="16" WC="0.96" CONTENT="om"/><SP WIDTH="16" VPOS="972" HPOS="1271"/>
							<String ID="string_219" HPOS="1287" VPOS="967" WIDTH="34" HEIGHT="20" WC="0.96" CONTENT="att"/>
						</TextLine>
						<TextLine ID="line_25" HPOS="498" VPOS="995" WIDTH="820" HEIGHT="29">
							<String ID="string_220" HPOS="498" VPOS="996" WIDTH="66" HEIGHT="28" WC="0.90" CONTENT="skilja"/><SP WIDTH="16" VPOS="996" HPOS="564"/>
							<String ID="string_221" HPOS="580" VPOS="995" WIDTH="23" HEIGHT="22" WC="0.96" CONTENT="ät"/><SP WIDTH="15" VPOS="995" HPOS="603"/>
							<String ID="string_222" HPOS="618" VPOS="996" WIDTH="57" HEIGHT="21" WC="0.92" CONTENT="dem."/><SP WIDTH="32" VPOS="996" HPOS="675"/>
							<String ID="string_223" HPOS="707" VPOS="995" WIDTH="104" HEIGHT="22" WC="0.91" CONTENT="Besluter"/><SP WIDTH="14" VPOS="995" HPOS="811"/>
							<String ID="string_224" HPOS="825" VPOS="996" WIDTH="136" HEIGHT="22" WC="0.92" CONTENT="kommunen"/><SP WIDTH="16" VPOS="996" HPOS="961"/>
							<String ID="string_225" HPOS="977" VPOS="997" WIDTH="32" HEIGHT="20" WC="0.93" CONTENT="att"/><SP WIDTH="16" VPOS="997" HPOS="1009"/>
							<String ID="string_226" HPOS="1025" VPOS="997" WIDTH="82" HEIGHT="27" WC="0.90" CONTENT="antaga"/><SP WIDTH="16" VPOS="997" HPOS="1107"/>
							<String ID="string_227" HPOS="1123" VPOS="996" WIDTH="83" HEIGHT="22" WC="0.92" CONTENT="sädana"/><SP WIDTH="15" VPOS="996" HPOS="1206"/>
							<String ID="string_228" HPOS="1221" VPOS="996" WIDTH="97" HEIGHT="28" WC="0.96" CONTENT="stadgar,"/>
						</TextLine>
						<TextLine ID="line_26" HPOS="498" VPOS="1025" WIDTH="821" HEIGHT="28">
							<String ID="string_229" HPOS="498" VPOS="1026" WIDTH="24" HEIGHT="21" WC="0.92" CONTENT="sä"/><SP WIDTH="22" VPOS="1026" HPOS="522"/>
							<String ID="string_230" HPOS="544" VPOS="1026" WIDTH="100" HEIGHT="22" WC="0.95" CONTENT="besluter"/><SP WIDTH="23" VPOS="1026" HPOS="644"/>
							<String ID="string_231" HPOS="667" VPOS="1026" WIDTH="43" HEIGHT="21" WC="0.93" CONTENT="den"/><SP WIDTH="24" VPOS="1026" HPOS="710"/>
							<String ID="string_232" HPOS="734" VPOS="1025" WIDTH="66" HEIGHT="22" WC="0.96" CONTENT="också"/><SP WIDTH="23" VPOS="1025" HPOS="800"/>
							<String ID="string_233" HPOS="823" VPOS="1026" WIDTH="28" HEIGHT="27" WC="0.96" CONTENT="pä"/><SP WIDTH="18" VPOS="1026" HPOS="851"/>
							<String ID="string_234" HPOS="869" VPOS="1032" WIDTH="84" HEIGHT="15" WC="0.91" CONTENT="samma"/><SP WIDTH="16" VPOS="1032" HPOS="953"/>
							<String ID="string_235" HPOS="969" VPOS="1025" WIDTH="59" HEIGHT="28" WC="0.96" CONTENT="gång"/><SP WIDTH="15" VPOS="1025" HPOS="1028"/>
							<String ID="string_236" HPOS="1043" VPOS="1027" WIDTH="33" HEIGHT="20" WC="0.93" CONTENT="att"/><SP WIDTH="16" VPOS="1027" HPOS="1076"/>
							<String ID="string_237" HPOS="1092" VPOS="1026" WIDTH="110" HEIGHT="21" WC="0.95" CONTENT="fastställa"/><SP WIDTH="16" VPOS="1026" HPOS="1202"/>
							<String ID="string_238" HPOS="1218" VPOS="1027" WIDTH="33" HEIGHT="20" WC="0.97" CONTENT="ett"/><SP WIDTH="15" VPOS="1027" HPOS="1251"/>
							<String ID="string_239" HPOS="1266" VPOS="1026" WIDTH="53" HEIGHT="21" WC="0.96" CONTENT="vite."/>
						</TextLine>
						<TextLine ID="line_27" HPOS="498" VPOS="1055" WIDTH="821" HEIGHT="28">
							<String ID="string_240" HPOS="498" VPOS="1056" WIDTH="77" HEIGHT="21" WC="0.93" CONTENT="Andra"/><SP WIDTH="16" VPOS="1056" HPOS="575"/>
							<String ID="string_241" HPOS="591" VPOS="1056" WIDTH="60" HEIGHT="27" WC="0.91" CONTENT="slags"/><SP WIDTH="16" VPOS="1056" HPOS="651"/>
							<String ID="string_242" HPOS="667" VPOS="1055" WIDTH="154" HEIGHT="28" WC="0.92" CONTENT="politistadgar"/><SP WIDTH="16" VPOS="1055" HPOS="821"/>
							<String ID="string_243" HPOS="837" VPOS="1056" WIDTH="28" HEIGHT="21" WC="0.96" CONTENT="än"/><SP WIDTH="16" VPOS="1056" HPOS="865"/>
							<String ID="string_244" HPOS="881" VPOS="1055" WIDTH="34" HEIGHT="27" WC="0.96" CONTENT="de,"/><SP WIDTH="16" VPOS="1055" HPOS="915"/>
							<String ID="string_245" HPOS="931" VPOS="1061" WIDTH="47" HEIGHT="16" WC="0.93" CONTENT="som"/><SP WIDTH="11" VPOS="1061" HPOS="978"/>
							<String ID="string_246" HPOS="989" VPOS="1056" WIDTH="60" HEIGHT="20" WC="0.93" CONTENT="afses"/><SP WIDTH="11" VPOS="1056" HPOS="1049"/>
							<String ID="string_247" HPOS="1060" VPOS="1055" WIDTH="7" HEIGHT="21" WC="0.96" CONTENT="i"/><SP WIDTH="12" VPOS="1055" HPOS="1067"/>
							<String ID="string_248" HPOS="1079" VPOS="1058" WIDTH="11" HEIGHT="19" WC="0.93" CONTENT="8"/><SP WIDTH="12" VPOS="1058" HPOS="1090"/>
							<String ID="string_249" HPOS="1102" VPOS="1056" WIDTH="13" HEIGHT="26" WC="0.88" CONTENT="$"/><SP WIDTH="12" VPOS="1056" HPOS="1115"/>
							<String ID="string_250" HPOS="1127" VPOS="1056" WIDTH="25" HEIGHT="21" WC="0.93" CONTENT="af"/><SP WIDTH="8" VPOS="1056" HPOS="1152"/>
							<String ID="string_251" HPOS="1160" VPOS="1056" WIDTH="159" HEIGHT="26" WC="0.92" CONTENT="betänkandet,"/>
						</TextLine>
						<TextLine ID="line_28" HPOS="497" VPOS="1085" WIDTH="823" HEIGHT="28">
							<String ID="string_252" HPOS="497" VPOS="1085" WIDTH="44" HEIGHT="22" WC="0.96" CONTENT="kan"/><SP WIDTH="25" VPOS="1085" HPOS="541"/>
							<String ID="string_253" HPOS="566" VPOS="1091" WIDTH="28" HEIGHT="16" WC="0.96" CONTENT="en"/><SP WIDTH="22" VPOS="1091" HPOS="594"/>
							<String ID="string_254" HPOS="616" VPOS="1085" WIDTH="107" HEIGHT="22" WC="0.96" CONTENT="kommun"/><SP WIDTH="22" VPOS="1085" HPOS="723"/>
							<String ID="string_255" HPOS="745" VPOS="1085" WIDTH="41" HEIGHT="21" WC="0.96" CONTENT="hos"/><SP WIDTH="24" VPOS="1085" HPOS="786"/>
							<String ID="string_256" HPOS="810" VPOS="1091" WIDTH="35" HEIGHT="15" WC="0.93" CONTENT="oss"/><SP WIDTH="23" VPOS="1091" HPOS="845"/>
							<String ID="string_257" HPOS="868" VPOS="1085" WIDTH="49" HEIGHT="22" WC="0.96" CONTENT="icke"/><SP WIDTH="23" VPOS="1085" HPOS="917"/>
							<String ID="string_258" HPOS="940" VPOS="1085" WIDTH="54" HEIGHT="27" WC="0.93" CONTENT="göra"/><SP WIDTH="18" VPOS="1085" HPOS="994"/>
							<String ID="string_259" HPOS="1012" VPOS="1085" WIDTH="95" HEIGHT="28" WC="0.96" CONTENT="anspråk"/><SP WIDTH="23" VPOS="1085" HPOS="1107"/>
							<String ID="string_260" HPOS="1130" VPOS="1085" WIDTH="28" HEIGHT="28" WC="0.96" CONTENT="pä"/><SP WIDTH="22" VPOS="1085" HPOS="1158"/>
							<String ID="string_261" HPOS="1180" VPOS="1087" WIDTH="32" HEIGHT="20" WC="0.93" CONTENT="att"/><SP WIDTH="24" VPOS="1087" HPOS="1212"/>
							<String ID="string_262" HPOS="1236" VPOS="1085" WIDTH="22" HEIGHT="22" WC="0.89" CONTENT="få"/><SP WIDTH="24" VPOS="1085" HPOS="1258"/>
							<String ID="string_263" HPOS="1282" VPOS="1092" WIDTH="38" HEIGHT="15" WC="0.84" CONTENT="an-"/>
						</TextLine>
						<TextLine ID="line_29" HPOS="496" VPOS="1114" WIDTH="824" HEIGHT="30">
							<String ID="string_264" HPOS="496" VPOS="1116" WIDTH="60" HEIGHT="28" WC="0.95" CONTENT="taga."/><SP WIDTH="32" VPOS="1116" HPOS="556"/>
							<String ID="string_265" HPOS="588" VPOS="1114" WIDTH="51" HEIGHT="22" WC="0.96" CONTENT="Med"/><SP WIDTH="16" VPOS="1114" HPOS="639"/>
							<String ID="string_266" HPOS="655" VPOS="1115" WIDTH="69" HEIGHT="21" WC="0.64" CONTENT="andra"/><SP WIDTH="9" VPOS="1115" HPOS="724"/>
							<String ID="string_267" HPOS="733" VPOS="1114" WIDTH="50" HEIGHT="27" WC="0.64" CONTENT="ord,"/><SP WIDTH="11" VPOS="1114" HPOS="783"/>
							<String ID="string_268" HPOS="794" VPOS="1120" WIDTH="36" HEIGHT="16" WC="0.96" CONTENT="om"/><SP WIDTH="11" VPOS="1120" HPOS="830"/>
							<String ID="string_269" HPOS="841" VPOS="1121" WIDTH="51" HEIGHT="15" WC="0.93" CONTENT="man"/><SP WIDTH="11" VPOS="1121" HPOS="892"/>
							<String ID="string_270" HPOS="903" VPOS="1114" WIDTH="66" HEIGHT="22" WC="0.96" CONTENT="också"/><SP WIDTH="10" VPOS="1114" HPOS="969"/>
							<String ID="string_271" HPOS="979" VPOS="1114" WIDTH="41" HEIGHT="28" WC="0.93" CONTENT="gör"/><SP WIDTH="10" VPOS="1114" HPOS="1020"/>
							<String ID="string_272" HPOS="1030" VPOS="1115" WIDTH="95" HEIGHT="27" WC="0.96" CONTENT="anspråk"/><SP WIDTH="11" VPOS="1115" HPOS="1125"/>
							<String ID="string_273" HPOS="1136" VPOS="1114" WIDTH="28" HEIGHT="29" WC="0.96" CONTENT="pä"/><SP WIDTH="10" VPOS="1114" HPOS="1164"/>
							<String ID="string_274" HPOS="1174" VPOS="1116" WIDTH="34" HEIGHT="21" WC="0.93" CONTENT="att"/><SP WIDTH="11" VPOS="1116" HPOS="1208"/>
							<String ID="string_275" HPOS="1219" VPOS="1115" WIDTH="23" HEIGHT="22" WC="0.96" CONTENT="få"/><SP WIDTH="10" VPOS="1115" HPOS="1242"/>
							<String ID="string_276" HPOS="1252" VPOS="1115" WIDTH="68" HEIGHT="22" WC="0.96" CONTENT="träffa"/>
						</TextLine>
						<TextLine ID="line_30" HPOS="498" VPOS="1144" WIDTH="822" HEIGHT="29">
							<String ID="string_277" HPOS="498" VPOS="1145" WIDTH="103" HEIGHT="27" WC="0.96" CONTENT="förening"/><SP WIDTH="16" VPOS="1145" HPOS="601"/>
							<String ID="string_278" HPOS="617" VPOS="1144" WIDTH="59" HEIGHT="22" WC="0.92" CONTENT="inom"/><SP WIDTH="17" VPOS="1144" HPOS="676"/>
							<String ID="string_279" HPOS="693" VPOS="1145" WIDTH="135" HEIGHT="21" WC="0.92" CONTENT="kommunen"/><SP WIDTH="16" VPOS="1145" HPOS="828"/>
							<String ID="string_280" HPOS="844" VPOS="1151" WIDTH="35" HEIGHT="15" WC="0.96" CONTENT="om"/><SP WIDTH="16" VPOS="1151" HPOS="879"/>
							<String ID="string_281" HPOS="895" VPOS="1144" WIDTH="68" HEIGHT="22" WC="0.93" CONTENT="andra"/><SP WIDTH="17" VPOS="1144" HPOS="963"/>
							<String ID="string_282" HPOS="980" VPOS="1145" WIDTH="103" HEIGHT="25" WC="0.90" CONTENT="ärenden,"/><SP WIDTH="17" VPOS="1145" HPOS="1083"/>
							<String ID="string_283" HPOS="1100" VPOS="1145" WIDTH="44" HEIGHT="22" WC="0.96" CONTENT="kan"/><SP WIDTH="15" VPOS="1145" HPOS="1144"/>
							<String ID="string_284" HPOS="1159" VPOS="1151" WIDTH="52" HEIGHT="16" WC="0.93" CONTENT="man"/><SP WIDTH="16" VPOS="1151" HPOS="1211"/>
							<String ID="string_285" HPOS="1227" VPOS="1145" WIDTH="49" HEIGHT="22" WC="0.89" CONTENT="icke"/><SP WIDTH="16" VPOS="1145" HPOS="1276"/>
							<String ID="string_286" HPOS="1292" VPOS="1145" WIDTH="28" HEIGHT="28" WC="0.96" CONTENT="pä"/>
						</TextLine>
						<TextLine ID="line_31" HPOS="498" VPOS="1174" WIDTH="821" HEIGHT="28">
							<String ID="string_287" HPOS="498" VPOS="1175" WIDTH="43" HEIGHT="21" WC="0.91" CONTENT="den"/><SP WIDTH="24" VPOS="1175" HPOS="541"/>
							<String ID="string_288" HPOS="565" VPOS="1174" WIDTH="143" HEIGHT="28" WC="0.92" CONTENT="ständpunkt,"/><SP WIDTH="21" VPOS="1174" HPOS="708"/>
							<String ID="string_289" HPOS="729" VPOS="1174" WIDTH="28" HEIGHT="28" WC="0.93" CONTENT="pä"/><SP WIDTH="15" VPOS="1174" HPOS="757"/>
							<String ID="string_290" HPOS="772" VPOS="1174" WIDTH="91" HEIGHT="22" WC="0.93" CONTENT="hvilken"/><SP WIDTH="15" VPOS="1174" HPOS="863"/>
							<String ID="string_291" HPOS="878" VPOS="1174" WIDTH="169" HEIGHT="28" WC="0.96" CONTENT="lagstiftningen"/><SP WIDTH="15" VPOS="1174" HPOS="1047"/>
							<String ID="string_292" HPOS="1062" VPOS="1175" WIDTH="35" HEIGHT="21" WC="0.96" CONTENT="för"/><SP WIDTH="15" VPOS="1175" HPOS="1097"/>
							<String ID="string_293" HPOS="1112" VPOS="1176" WIDTH="139" HEIGHT="21" WC="0.93" CONTENT="närvarande"/><SP WIDTH="16" VPOS="1176" HPOS="1251"/>
							<String ID="string_294" HPOS="1267" VPOS="1175" WIDTH="52" HEIGHT="27" WC="0.93" CONTENT="stär,"/>
						</TextLine>
						<TextLine ID="line_32" HPOS="497" VPOS="1204" WIDTH="823" HEIGHT="29">
							<String ID="string_295" HPOS="497" VPOS="1205" WIDTH="55" HEIGHT="28" WC="0.93" CONTENT="göra"/><SP WIDTH="23" VPOS="1205" HPOS="552"/>
							<String ID="string_296" HPOS="575" VPOS="1204" WIDTH="95" HEIGHT="28" WC="0.93" CONTENT="anspräk"/><SP WIDTH="15" VPOS="1204" HPOS="670"/>
							<String ID="string_297" HPOS="685" VPOS="1204" WIDTH="28" HEIGHT="28" WC="0.96" CONTENT="pä"/><SP WIDTH="16" VPOS="1204" HPOS="713"/>
							<String ID="string_298" HPOS="729" VPOS="1206" WIDTH="33" HEIGHT="20" WC="0.96" CONTENT="att"/><SP WIDTH="15" VPOS="1206" HPOS="762"/>
							<String ID="string_299" HPOS="777" VPOS="1207" WIDTH="46" HEIGHT="19" WC="0.93" CONTENT="mot"/><SP WIDTH="16" VPOS="1207" HPOS="823"/>
							<String ID="string_300" HPOS="839" VPOS="1204" WIDTH="161" HEIGHT="22" WC="0.90" CONTENT="öfverträdelse"/><SP WIDTH="15" VPOS="1204" HPOS="1000"/>
							<String ID="string_301" HPOS="1015" VPOS="1205" WIDTH="26" HEIGHT="21" WC="0.96" CONTENT="af"/><SP WIDTH="14" VPOS="1205" HPOS="1041"/>
							<String ID="string_302" HPOS="1055" VPOS="1205" WIDTH="49" HEIGHT="21" WC="0.93" CONTENT="dem"/><SP WIDTH="18" VPOS="1205" HPOS="1104"/>
							<String ID="string_303" HPOS="1122" VPOS="1204" WIDTH="22" HEIGHT="23" WC="0.92" CONTENT="fä"/><SP WIDTH="16" VPOS="1204" HPOS="1144"/>
							<String ID="string_304" HPOS="1160" VPOS="1206" WIDTH="84" HEIGHT="21" WC="0.92" CONTENT="utsätta"/><SP WIDTH="14" VPOS="1206" HPOS="1244"/>
							<String ID="string_305" HPOS="1258" VPOS="1205" WIDTH="62" HEIGHT="22" WC="0.92" CONTENT="viten"/>
						</TextLine>
						<TextLine ID="line_33" HPOS="498" VPOS="1234" WIDTH="821" HEIGHT="28">
							<String ID="string_306" HPOS="498" VPOS="1234" WIDTH="28" HEIGHT="28" WC="0.93" CONTENT="pä"/><SP WIDTH="15" VPOS="1234" HPOS="526"/>
							<String ID="string_307" HPOS="541" VPOS="1234" WIDTH="232" HEIGHT="22" WC="0.91" CONTENT="kommunalstämma."/><SP WIDTH="32" VPOS="1234" HPOS="773"/>
							<String ID="string_308" HPOS="805" VPOS="1234" WIDTH="44" HEIGHT="28" WC="0.93" CONTENT="Jag"/><SP WIDTH="14" VPOS="1234" HPOS="849"/>
							<String ID="string_309" HPOS="863" VPOS="1234" WIDTH="40" HEIGHT="22" WC="0.96" CONTENT="ber"/><SP WIDTH="16" VPOS="1234" HPOS="903"/>
							<String ID="string_310" HPOS="919" VPOS="1236" WIDTH="32" HEIGHT="20" WC="0.92" CONTENT="att"/><SP WIDTH="17" VPOS="1236" HPOS="951"/>
							<String ID="string_311" HPOS="968" VPOS="1234" WIDTH="21" HEIGHT="22" WC="0.96" CONTENT="få"/><SP WIDTH="16" VPOS="1234" HPOS="989"/>
							<String ID="string_312" HPOS="1005" VPOS="1234" WIDTH="92" HEIGHT="28" WC="0.96" CONTENT="tillägga"/><SP WIDTH="16" VPOS="1234" HPOS="1097"/>
							<String ID="string_313" HPOS="1113" VPOS="1236" WIDTH="33" HEIGHT="20" WC="0.93" CONTENT="att"/><SP WIDTH="16" VPOS="1236" HPOS="1146"/>
							<String ID="string_314" HPOS="1162" VPOS="1235" WIDTH="157" HEIGHT="27" WC="0.95" CONTENT="guvernören"/><SP WIDTH="-12" VPOS="1235" HPOS="1319"/>
							<String ID="string_315" HPOS="1307" VPOS="1230" WIDTH="15" HEIGHT="36" WC="0.96" CONTENT="i"/>
						</TextLine>
						<TextLine ID="line_34" HPOS="498" VPOS="1264" WIDTH="822" HEIGHT="28">
							<String ID="string_316" HPOS="498" VPOS="1264" WIDTH="62" HEIGHT="22" WC="0.91" CONTENT="detta"/><SP WIDTH="23" VPOS="1264" HPOS="560"/>
							<String ID="string_317" HPOS="583" VPOS="1264" WIDTH="60" HEIGHT="28" WC="0.88" CONTENT="slags"/><SP WIDTH="21" VPOS="1264" HPOS="643"/>
							<String ID="string_318" HPOS="664" VPOS="1264" WIDTH="97" HEIGHT="22" WC="0.92" CONTENT="ärenden"/><SP WIDTH="16" VPOS="1264" HPOS="761"/>
							<String ID="string_319" HPOS="777" VPOS="1264" WIDTH="140" HEIGHT="28" WC="0.91" CONTENT="naturligtvis"/><SP WIDTH="15" VPOS="1264" HPOS="917"/>
							<String ID="string_320" HPOS="932" VPOS="1264" WIDTH="42" HEIGHT="22" WC="0.97" CONTENT="har"/><SP WIDTH="15" VPOS="1264" HPOS="974"/>
							<String ID="string_321" HPOS="989" VPOS="1265" WIDTH="44" HEIGHT="21" WC="0.96" CONTENT="rätt"/><SP WIDTH="16" VPOS="1265" HPOS="1033"/>
							<String ID="string_322" HPOS="1049" VPOS="1266" WIDTH="33" HEIGHT="20" WC="0.93" CONTENT="att"/><SP WIDTH="15" VPOS="1266" HPOS="1082"/>
							<String ID="string_323" HPOS="1097" VPOS="1265" WIDTH="111" HEIGHT="21" WC="0.92" CONTENT="stadfästa"/><SP WIDTH="14" VPOS="1265" HPOS="1208"/>
							<String ID="string_324" HPOS="1222" VPOS="1265" WIDTH="98" HEIGHT="21" WC="0.95" CONTENT="beslutet"/>
						</TextLine>
						<TextLine ID="line_35" HPOS="498" VPOS="1294" WIDTH="822" HEIGHT="28">
							<String ID="string_325" HPOS="498" VPOS="1294" WIDTH="56" HEIGHT="22" WC="0.93" CONTENT="eller"/><SP WIDTH="15" VPOS="1294" HPOS="554"/>
							<String ID="string_326" HPOS="569" VPOS="1294" WIDTH="50" HEIGHT="22" WC="0.91" CONTENT="icke"/><SP WIDTH="16" VPOS="1294" HPOS="619"/>
							<String ID="string_327" HPOS="635" VPOS="1294" WIDTH="54" HEIGHT="28" WC="0.96" CONTENT="göra"/><SP WIDTH="15" VPOS="1294" HPOS="689"/>
							<String ID="string_328" HPOS="704" VPOS="1294" WIDTH="43" HEIGHT="21" WC="0.96" CONTENT="det."/><SP WIDTH="32" VPOS="1294" HPOS="747"/>
							<String ID="string_329" HPOS="779" VPOS="1294" WIDTH="50" HEIGHT="22" WC="0.93" CONTENT="Han"/><SP WIDTH="15" VPOS="1294" HPOS="829"/>
							<String ID="string_330" HPOS="844" VPOS="1294" WIDTH="70" HEIGHT="22" WC="0.91" CONTENT="mäste"/><SP WIDTH="17" VPOS="1294" HPOS="914"/>
							<String ID="string_331" HPOS="931" VPOS="1294" WIDTH="109" HEIGHT="22" WC="0.92" CONTENT="stadfästa"/><SP WIDTH="16" VPOS="1294" HPOS="1040"/>
							<String ID="string_332" HPOS="1056" VPOS="1294" WIDTH="37" HEIGHT="22" WC="0.93" CONTENT="det"/><SP WIDTH="17" VPOS="1294" HPOS="1093"/>
							<String ID="string_333" HPOS="1110" VPOS="1294" WIDTH="144" HEIGHT="22" WC="0.91" CONTENT="oförändradt"/><SP WIDTH="10" VPOS="1294" HPOS="1254"/>
							<String ID="string_334" HPOS="1264" VPOS="1294" WIDTH="56" HEIGHT="23" WC="0.96" CONTENT="eller"/>
						</TextLine>
						<TextLine ID="line_36" HPOS="499" VPOS="1324" WIDTH="821" HEIGHT="28">
							<String ID="string_335" HPOS="499" VPOS="1324" WIDTH="100" HEIGHT="22" WC="0.92" CONTENT="förkasta"/><SP WIDTH="23" VPOS="1324" HPOS="599"/>
							<String ID="string_336" HPOS="622" VPOS="1324" WIDTH="44" HEIGHT="21" WC="0.96" CONTENT="det."/><SP WIDTH="32" VPOS="1324" HPOS="666"/>
							<String ID="string_337" HPOS="698" VPOS="1324" WIDTH="51" HEIGHT="21" WC="0.96" CONTENT="Men"/><SP WIDTH="24" VPOS="1324" HPOS="749"/>
							<String ID="string_338" HPOS="773" VPOS="1324" WIDTH="36" HEIGHT="21" WC="0.95" CONTENT="det"/><SP WIDTH="15" VPOS="1324" HPOS="809"/>
							<String ID="string_339" HPOS="824" VPOS="1324" WIDTH="44" HEIGHT="21" WC="0.93" CONTENT="kan"/><SP WIDTH="15" VPOS="1324" HPOS="868"/>
							<String ID="string_340" HPOS="883" VPOS="1324" WIDTH="49" HEIGHT="21" WC="0.92" CONTENT="icke"/><SP WIDTH="16" VPOS="1324" HPOS="932"/>
							<String ID="string_341" HPOS="948" VPOS="1324" WIDTH="94" HEIGHT="28" WC="0.90" CONTENT="begäras"/><SP WIDTH="15" VPOS="1324" HPOS="1042"/>
							<String ID="string_342" HPOS="1057" VPOS="1325" WIDTH="34" HEIGHT="20" WC="0.93" CONTENT="att"/><SP WIDTH="15" VPOS="1325" HPOS="1091"/>
							<String ID="string_343" HPOS="1106" VPOS="1324" WIDTH="141" HEIGHT="28" WC="0.92" CONTENT="guvernören"/><SP WIDTH="15" VPOS="1324" HPOS="1247"/>
							<String ID="string_344" HPOS="1262" VPOS="1324" WIDTH="58" HEIGHT="22" WC="0.95" CONTENT="skall"/>
						</TextLine>
						<TextLine ID="line_37" HPOS="497" VPOS="1353" WIDTH="824" HEIGHT="29">
							<String ID="string_345" HPOS="497" VPOS="1354" WIDTH="112" HEIGHT="21" WC="0.92" CONTENT="stadfästa"/><SP WIDTH="15" VPOS="1354" HPOS="609"/>
							<String ID="string_346" HPOS="624" VPOS="1353" WIDTH="103" HEIGHT="27" WC="0.96" CONTENT="beslutet,"/><SP WIDTH="17" VPOS="1353" HPOS="727"/>
							<String ID="string_347" HPOS="744" VPOS="1353" WIDTH="24" HEIGHT="21" WC="0.93" CONTENT="sä"/><SP WIDTH="12" VPOS="1353" HPOS="768"/>
							<String ID="string_348" HPOS="780" VPOS="1354" WIDTH="66" HEIGHT="21" WC="0.93" CONTENT="framt"/><SP WIDTH="15" VPOS="1354" HPOS="846"/>
							<String ID="string_349" HPOS="861" VPOS="1354" WIDTH="44" HEIGHT="21" WC="0.93" CONTENT="han"/><SP WIDTH="14" VPOS="1354" HPOS="905"/>
							<String ID="string_350" HPOS="919" VPOS="1354" WIDTH="50" HEIGHT="21" WC="0.90" CONTENT="icke"/><SP WIDTH="10" VPOS="1354" HPOS="969"/>
							<String ID="string_351" HPOS="979" VPOS="1353" WIDTH="71" HEIGHT="22" WC="0.92" CONTENT="finner"/><SP WIDTH="10" VPOS="1353" HPOS="1050"/>
							<String ID="string_352" HPOS="1060" VPOS="1353" WIDTH="121" HEIGHT="29" WC="0.92" CONTENT="nägonting"/><SP WIDTH="12" VPOS="1353" HPOS="1181"/>
							<String ID="string_353" HPOS="1193" VPOS="1353" WIDTH="128" HEIGHT="29" WC="0.92" CONTENT="lagstridigt"/>
						</TextLine>
						<TextLine ID="line_38" HPOS="497" VPOS="1384" WIDTH="153" HEIGHT="21">
							<String ID="string_354" HPOS="497" VPOS="1384" WIDTH="7" HEIGHT="21" WC="0.93" CONTENT="i"/><SP WIDTH="16" VPOS="1384" HPOS="504"/>
							<String ID="string_355" HPOS="520" VPOS="1384" WIDTH="130" HEIGHT="21" WC="0.92" CONTENT="detsamma."/>
						</TextLine>
					</TextBlock>
					<TextBlock ID="block_3" HPOS="496" VPOS="1412" WIDTH="824" HEIGHT="209">
						<TextLine ID="line_39" HPOS="569" VPOS="1412" WIDTH="750" HEIGHT="29">
							<String ID="string_356" HPOS="569" VPOS="1412" WIDTH="183" HEIGHT="27" WC="0.92" CONTENT="Lääninprovasti"/><SP WIDTH="24" VPOS="1412" HPOS="752"/>
							<String ID="string_357" HPOS="776" VPOS="1412" WIDTH="122" HEIGHT="21" WC="0.92" CONTENT="Johansson:"/><SP WIDTH="32" VPOS="1412" HPOS="898"/>
							<String ID="string_358" HPOS="930" VPOS="1412" WIDTH="102" HEIGHT="21" WC="0.91" CONTENT="Provasti"/><SP WIDTH="21" VPOS="1412" HPOS="1032"/>
							<String ID="string_359" HPOS="1053" VPOS="1413" WIDTH="121" HEIGHT="28" WC="0.92" CONTENT="Karlsberg"/><SP WIDTH="16" VPOS="1413" HPOS="1174"/>
							<String ID="string_360" HPOS="1190" VPOS="1413" WIDTH="129" HEIGHT="22" WC="0.96" CONTENT="ihmettelee"/>
						</TextLine>
						<TextLine ID="line_40" HPOS="498" VPOS="1441" WIDTH="820" HEIGHT="28">
							<String ID="string_361" HPOS="498" VPOS="1442" WIDTH="53" HEIGHT="21" WC="0.93" CONTENT="ettei"/><SP WIDTH="15" VPOS="1442" HPOS="551"/>
							<String ID="string_362" HPOS="566" VPOS="1442" WIDTH="97" HEIGHT="21" WC="0.92" CONTENT="käsitetä"/><SP WIDTH="15" VPOS="1442" HPOS="663"/>
							<String ID="string_363" HPOS="678" VPOS="1441" WIDTH="67" HEIGHT="27" WC="0.96" CONTENT="asiaa,"/><SP WIDTH="15" VPOS="1441" HPOS="745"/>
							<String ID="string_364" HPOS="760" VPOS="1442" WIDTH="48" HEIGHT="27" WC="0.96" CONTENT="jota"/><SP WIDTH="17" VPOS="1442" HPOS="808"/>
							<String ID="string_365" HPOS="825" VPOS="1448" WIDTH="27" HEIGHT="15" WC="0.96" CONTENT="on"/><SP WIDTH="15" VPOS="1448" HPOS="852"/>
							<String ID="string_366" HPOS="867" VPOS="1442" WIDTH="108" HEIGHT="27" WC="0.96" CONTENT="käsitetty"/><SP WIDTH="15" VPOS="1442" HPOS="975"/>
							<String ID="string_367" HPOS="990" VPOS="1444" WIDTH="76" HEIGHT="19" WC="0.96" CONTENT="monta"/><SP WIDTH="15" VPOS="1444" HPOS="1066"/>
							<String ID="string_368" HPOS="1081" VPOS="1442" WIDTH="71" HEIGHT="21" WC="0.96" CONTENT="aikaa."/><SP WIDTH="32" VPOS="1442" HPOS="1152"/>
							<String ID="string_369" HPOS="1184" VPOS="1442" WIDTH="77" HEIGHT="21" WC="0.93" CONTENT="Minun"/><SP WIDTH="10" VPOS="1442" HPOS="1261"/>
							<String ID="string_370" HPOS="1271" VPOS="1443" WIDTH="47" HEIGHT="26" WC="0.92" CONTENT="täy-"/>
						</TextLine>
						<TextLine ID="line_41" HPOS="498" VPOS="1471" WIDTH="822" HEIGHT="28">
							<String ID="string_371" HPOS="498" VPOS="1473" WIDTH="40" HEIGHT="26" WC="0.96" CONTENT="tyy"/><SP WIDTH="16" VPOS="1473" HPOS="538"/>
							<String ID="string_372" HPOS="554" VPOS="1477" WIDTH="69" HEIGHT="16" WC="0.96" CONTENT="sanoa"/><SP WIDTH="15" VPOS="1477" HPOS="623"/>
							<String ID="string_373" HPOS="638" VPOS="1472" WIDTH="47" HEIGHT="20" WC="0.96" CONTENT="että"/><SP WIDTH="15" VPOS="1472" HPOS="685"/>
							<String ID="string_374" HPOS="700" VPOS="1472" WIDTH="61" HEIGHT="20" WC="0.96" CONTENT="tämä"/><SP WIDTH="15" VPOS="1472" HPOS="761"/>
							<String ID="string_375" HPOS="776" VPOS="1471" WIDTH="49" HEIGHT="22" WC="0.96" CONTENT="uusi"/><SP WIDTH="16" VPOS="1471" HPOS="825"/>
							<String ID="string_376" HPOS="841" VPOS="1471" WIDTH="130" HEIGHT="22" WC="0.96" CONTENT="muodostus"/><SP WIDTH="16" VPOS="1471" HPOS="971"/>
							<String ID="string_377" HPOS="987" VPOS="1471" WIDTH="20" HEIGHT="21" WC="0.96" CONTENT="ei"/><SP WIDTH="16" VPOS="1471" HPOS="1007"/>
							<String ID="string_378" HPOS="1023" VPOS="1471" WIDTH="34" HEIGHT="22" WC="0.96" CONTENT="ole"/><SP WIDTH="11" VPOS="1471" HPOS="1057"/>
							<String ID="string_379" HPOS="1068" VPOS="1471" WIDTH="122" HEIGHT="22" WC="0.96" CONTENT="läheskään"/><SP WIDTH="10" VPOS="1471" HPOS="1190"/>
							<String ID="string_380" HPOS="1200" VPOS="1471" WIDTH="46" HEIGHT="22" WC="0.96" CONTENT="niin"/><SP WIDTH="10" VPOS="1471" HPOS="1246"/>
							<String ID="string_381" HPOS="1256" VPOS="1472" WIDTH="64" HEIGHT="21" WC="0.97" CONTENT="selvä"/>
						</TextLine>
						<TextLine ID="line_42" HPOS="497" VPOS="1501" WIDTH="821" HEIGHT="28">
							<String ID="string_382" HPOS="497" VPOS="1501" WIDTH="54" HEIGHT="22" WC="0.96" CONTENT="kuin"/><SP WIDTH="22" VPOS="1501" HPOS="551"/>
							<String ID="string_383" HPOS="573" VPOS="1501" WIDTH="110" HEIGHT="21" WC="0.93" CONTENT="edellinen"/><SP WIDTH="15" VPOS="1501" HPOS="683"/>
							<String ID="string_384" HPOS="698" VPOS="1501" WIDTH="175" HEIGHT="22" WC="0.91" CONTENT="lakimuodostus"/><SP WIDTH="17" VPOS="1501" HPOS="873"/>
							<String ID="string_385" HPOS="890" VPOS="1501" WIDTH="35" HEIGHT="26" WC="0.96" CONTENT="oli,"/><SP WIDTH="15" VPOS="1501" HPOS="925"/>
							<String ID="string_386" HPOS="940" VPOS="1501" WIDTH="25" HEIGHT="28" WC="0.96" CONTENT="ja"/><SP WIDTH="15" VPOS="1501" HPOS="965"/>
							<String ID="string_387" HPOS="980" VPOS="1501" WIDTH="45" HEIGHT="22" WC="0.96" CONTENT="kun"/><SP WIDTH="16" VPOS="1501" HPOS="1025"/>
							<String ID="string_388" HPOS="1041" VPOS="1501" WIDTH="80" HEIGHT="22" WC="0.96" CONTENT="kerran"/><SP WIDTH="16" VPOS="1501" HPOS="1121"/>
							<String ID="string_389" HPOS="1137" VPOS="1501" WIDTH="131" HEIGHT="23" WC="0.96" CONTENT="valiokunta"/><SP WIDTH="14" VPOS="1501" HPOS="1268"/>
							<String ID="string_390" HPOS="1282" VPOS="1503" WIDTH="36" HEIGHT="21" WC="0.96" CONTENT="voi"/>
						</TextLine>
						<TextLine ID="line_43" HPOS="498" VPOS="1531" WIDTH="820" HEIGHT="29">
							<String ID="string_391" HPOS="498" VPOS="1531" WIDTH="69" HEIGHT="22" WC="0.96" CONTENT="saada"/><SP WIDTH="22" VPOS="1531" HPOS="567"/>
							<String ID="string_392" HPOS="589" VPOS="1531" WIDTH="62" HEIGHT="22" WC="0.96" CONTENT="asian"/><SP WIDTH="23" VPOS="1531" HPOS="651"/>
							<String ID="string_393" HPOS="674" VPOS="1531" WIDTH="157" HEIGHT="22" WC="0.96" CONTENT="selvemmäksi"/><SP WIDTH="22" VPOS="1531" HPOS="831"/>
							<String ID="string_394" HPOS="853" VPOS="1531" WIDTH="52" HEIGHT="22" WC="0.96" CONTENT="kuin"/><SP WIDTH="17" VPOS="1531" HPOS="905"/>
							<String ID="string_395" HPOS="922" VPOS="1537" WIDTH="24" HEIGHT="16" WC="0.96" CONTENT="se"/><SP WIDTH="16" VPOS="1537" HPOS="946"/>
							<String ID="string_396" HPOS="962" VPOS="1532" WIDTH="60" HEIGHT="21" WC="0.96" CONTENT="tässä"/><SP WIDTH="15" VPOS="1532" HPOS="1022"/>
							<String ID="string_397" HPOS="1037" VPOS="1538" WIDTH="35" HEIGHT="21" WC="0.97" CONTENT="on,"/><SP WIDTH="16" VPOS="1538" HPOS="1072"/>
							<String ID="string_398" HPOS="1088" VPOS="1531" WIDTH="46" HEIGHT="22" WC="0.96" CONTENT="niin"/><SP WIDTH="16" VPOS="1531" HPOS="1134"/>
							<String ID="string_399" HPOS="1150" VPOS="1532" WIDTH="77" HEIGHT="28" WC="0.96" CONTENT="yhdyn"/><SP WIDTH="16" VPOS="1532" HPOS="1227"/>
							<String ID="string_400" HPOS="1243" VPOS="1532" WIDTH="75" HEIGHT="27" WC="0.96" CONTENT="niihin,"/>
						</TextLine>
						<TextLine ID="line_44" HPOS="496" VPOS="1561" WIDTH="823" HEIGHT="30">
							<String ID="string_401" HPOS="496" VPOS="1561" WIDTH="64" HEIGHT="28" WC="0.96" CONTENT="jotka"/><SP WIDTH="16" VPOS="1561" HPOS="560"/>
							<String ID="string_402" HPOS="576" VPOS="1561" WIDTH="102" HEIGHT="22" WC="0.96" CONTENT="tahtovat"/><SP WIDTH="15" VPOS="1561" HPOS="678"/>
							<String ID="string_403" HPOS="693" VPOS="1561" WIDTH="122" HEIGHT="22" WC="0.96" CONTENT="mietinnön"/><SP WIDTH="15" VPOS="1561" HPOS="815"/>
							<String ID="string_404" HPOS="830" VPOS="1561" WIDTH="95" HEIGHT="22" WC="0.96" CONTENT="takaisin"/><SP WIDTH="10" VPOS="1561" HPOS="925"/>
							<String ID="string_405" HPOS="935" VPOS="1561" WIDTH="150" HEIGHT="28" WC="0.96" CONTENT="lykkäämistä"/><SP WIDTH="10" VPOS="1561" HPOS="1085"/>
							<String ID="string_406" HPOS="1095" VPOS="1562" WIDTH="167" HEIGHT="29" WC="0.96" CONTENT="valiokuntaan,"/><SP WIDTH="11" VPOS="1562" HPOS="1262"/>
							<String ID="string_407" HPOS="1273" VPOS="1562" WIDTH="46" HEIGHT="23" WC="0.96" CONTENT="niin"/>
						</TextLine>
						<TextLine ID="line_45" HPOS="498" VPOS="1591" WIDTH="768" HEIGHT="30">
							<String ID="string_408" HPOS="498" VPOS="1591" WIDTH="214" HEIGHT="22" WC="0.96" CONTENT="muodostettavaksi"/><SP WIDTH="17" VPOS="1591" HPOS="712"/>
							<String ID="string_409" HPOS="729" VPOS="1592" WIDTH="46" HEIGHT="21" WC="0.96" CONTENT="että"/><SP WIDTH="14" VPOS="1592" HPOS="775"/>
							<String ID="string_410" HPOS="789" VPOS="1591" WIDTH="105" HEIGHT="28" WC="0.96" CONTENT="jokainen"/><SP WIDTH="16" VPOS="1591" HPOS="894"/>
							<String ID="string_411" HPOS="910" VPOS="1597" WIDTH="39" HEIGHT="16" WC="0.96" CONTENT="sen"/><SP WIDTH="15" VPOS="1597" HPOS="949"/>
							<String ID="string_412" HPOS="964" VPOS="1593" WIDTH="131" HEIGHT="26" WC="0.96" CONTENT="ymmärtää."/><SP WIDTH="32" VPOS="1593" HPOS="1095"/>
							<String ID="string_413" HPOS="1127" VPOS="1592" WIDTH="139" HEIGHT="29" WC="0.24" CONTENT="(Äänestys!)"/>
						</TextLine>
					</TextBlock>
				</ComposedBlock>
			</PrintSpace>
		</Page>
	</Layout>
</alto>
