<?xml version="1.0" encoding="UTF-8"?>
<alto xmlns="http://www.loc.gov/standards/alto/ns-v3#" xmlns:xlink="http://www.w3.org/1999/xlink" xmlns:xsi="http://www.w3.org/2001/XMLSchema-instance" xsi:schemaLocation="http://www.loc.gov/standards/alto/ns-v3# http://www.loc.gov/alto/v3/alto-3-0.xsd">
	<Description>
		<MeasurementUnit>pixel</MeasurementUnit>
		<sourceImageInformation>
			<fileName>/tmp/tess_5_gd480m_input.PNG</fileName>
		</sourceImageInformation>
		<OCRProcessing ID="OCR_0">
			<ocrProcessingStep>
				<processingSoftware>
					<softwareName>tesseract 5.3.4</softwareName>
				</processingSoftware>
			</ocrProcessingStep>
		</OCRProcessing>
	</Description>
	<Layout>
		<Page WIDTH="1095" HEIGHT="1798" PHYSICAL_IMG_NR="0" ID="page_0">
			<PrintSpace HPOS="0" VPOS="0" WIDTH="1095" HEIGHT="1798">
				<ComposedBlock ID="cblock_0" HPOS="237" VPOS="119" WIDTH="442" HEIGHT="75">
					<TextBlock ID="block_0" HPOS="237" VPOS="119" WIDTH="442" HEIGHT="75">
						<TextLine ID="line_0" HPOS="237" VPOS="119" WIDTH="442" HEIGHT="23">
							<String ID="string_0" HPOS="237" VPOS="121" WIDTH="56" HEIGHT="20" WC="0.96" CONTENT="1084"/><SP WIDTH="249" VPOS="121" HPOS="293"/>
							<String ID="string_1" HPOS="542" VPOS="119" WIDTH="83" HEIGHT="19" WC="0.91" CONTENT="Toukok."/><SP WIDTH="12" VPOS="119" HPOS="625"/>
							<String ID="string_2" HPOS="637" VPOS="120" WIDTH="11" HEIGHT="17" WC="0.93" CONTENT="6"/><SP WIDTH="13" VPOS="120" HPOS="648"/>
							<String ID="string_3" HPOS="661" VPOS="124" WIDTH="18" HEIGHT="18" WC="0.89" CONTENT="p."/>
						</TextLine>
						<TextLine ID="line_1" HPOS="277" VPOS="172" WIDTH="82" HEIGHT="22">
							<String ID="string_4" HPOS="277" VPOS="172" WIDTH="82" HEIGHT="22" WC="0.96" CONTENT="Päätös:"/>
						</TextLine>
					</TextBlock>
				</ComposedBlock>
				<ComposedBlock ID="cblock_1" HPOS="207" VPOS="227" WIDTH="815" HEIGHT="122">
					<TextBlock ID="block_1" HPOS="207" VPOS="227" WIDTH="815" HEIGHT="62">
						<TextLine ID="line_2" HPOS="276" VPOS="227" WIDTH="746" HEIGHT="32">
							<String ID="string_5" HPOS="276" VPOS="227" WIDTH="177" HEIGHT="32" WC="0.96" CONTENT="Äänestyksessä"/><SP WIDTH="23" VPOS="227" HPOS="453"/>
							<String ID="string_6" HPOS="476" VPOS="232" WIDTH="69" HEIGHT="22" WC="0.93" CONTENT="olivat"/><SP WIDTH="24" VPOS="232" HPOS="545"/>
							<String ID="string_7" HPOS="569" VPOS="233" WIDTH="116" HEIGHT="25" WC="0.73" CONTENT=",ei*äänet"/><SP WIDTH="21" VPOS="233" HPOS="685"/>
							<String ID="string_8" HPOS="706" VPOS="231" WIDTH="98" HEIGHT="26" WC="0.94" CONTENT="voitolla,"/><SP WIDTH="22" VPOS="231" HPOS="804"/>
							<String ID="string_9" HPOS="826" VPOS="232" WIDTH="63" HEIGHT="27" WC="0.97" CONTENT="joten"/><SP WIDTH="23" VPOS="232" HPOS="889"/>
							<String ID="string_10" HPOS="912" VPOS="231" WIDTH="63" HEIGHT="28" WC="0.96" CONTENT="sääty"/><SP WIDTH="17" VPOS="231" HPOS="975"/>
							<String ID="string_11" HPOS="992" VPOS="230" WIDTH="30" HEIGHT="23" WC="0.96" CONTENT="oli"/>
						</TextLine>
						<TextLine ID="line_3" HPOS="207" VPOS="261" WIDTH="718" HEIGHT="28">
							<String ID="string_12" HPOS="207" VPOS="261" WIDTH="120" HEIGHT="28" WC="0.96" CONTENT="hyväksynyt"/><SP WIDTH="15" VPOS="261" HPOS="327"/>
							<String ID="string_13" HPOS="342" VPOS="261" WIDTH="22" HEIGHT="22" WC="0.92" CONTENT="13"/><SP WIDTH="16" VPOS="261" HPOS="364"/>
							<String ID="string_14" HPOS="380" VPOS="261" WIDTH="34" HEIGHT="28" WC="0.71" CONTENT="&amp;:n"/><SP WIDTH="16" VPOS="261" HPOS="414"/>
							<String ID="string_15" HPOS="430" VPOS="262" WIDTH="44" HEIGHT="21" WC="0.96" CONTENT="ensi"/><SP WIDTH="17" VPOS="262" HPOS="474"/>
							<String ID="string_16" HPOS="491" VPOS="261" WIDTH="77" HEIGHT="22" WC="0.93" CONTENT="kohdan"/><SP WIDTH="17" VPOS="261" HPOS="568"/>
							<String ID="string_17" HPOS="585" VPOS="261" WIDTH="114" HEIGHT="23" WC="0.91" CONTENT="armollisen"/><SP WIDTH="18" VPOS="261" HPOS="699"/>
							<String ID="string_18" HPOS="717" VPOS="261" WIDTH="100" HEIGHT="27" WC="0.96" CONTENT="esityksen"/><SP WIDTH="18" VPOS="261" HPOS="817"/>
							<String ID="string_19" HPOS="835" VPOS="261" WIDTH="90" HEIGHT="21" WC="0.96" CONTENT="mukaan."/>
						</TextLine>
					</TextBlock>
					<TextBlock ID="block_2" HPOS="276" VPOS="290" WIDTH="686" HEIGHT="29">
						<TextLine ID="line_4" HPOS="276" VPOS="290" WIDTH="686" HEIGHT="29">
							<String ID="string_20" HPOS="276" VPOS="291" WIDTH="23" HEIGHT="22" WC="0.88" CONTENT="13"/><SP WIDTH="16" VPOS="291" HPOS="299"/>
							<String ID="string_21" HPOS="315" VPOS="291" WIDTH="32" HEIGHT="28" WC="0.88" CONTENT="&amp;:n"/><SP WIDTH="16" VPOS="291" HPOS="347"/>
							<String ID="string_22" HPOS="363" VPOS="291" WIDTH="67" HEIGHT="21" WC="0.96" CONTENT="toinen"/><SP WIDTH="16" VPOS="291" HPOS="430"/>
							<String ID="string_23" HPOS="446" VPOS="291" WIDTH="22" HEIGHT="26" WC="0.96" CONTENT="ja"/><SP WIDTH="16" VPOS="291" HPOS="468"/>
							<String ID="string_24" HPOS="484" VPOS="291" WIDTH="77" HEIGHT="23" WC="0.96" CONTENT="kolmas"/><SP WIDTH="17" VPOS="291" HPOS="561"/>
							<String ID="string_25" HPOS="578" VPOS="290" WIDTH="60" HEIGHT="23" WC="0.96" CONTENT="kohta"/><SP WIDTH="17" VPOS="290" HPOS="638"/>
							<String ID="string_26" HPOS="655" VPOS="291" WIDTH="126" HEIGHT="28" WC="0.96" CONTENT="hyväksyttiin"/><SP WIDTH="18" VPOS="291" HPOS="781"/>
							<String ID="string_27" HPOS="799" VPOS="292" WIDTH="163" HEIGHT="21" WC="0.96" CONTENT="muuttamatta."/>
						</TextLine>
					</TextBlock>
					<TextBlock ID="block_3" HPOS="275" VPOS="321" WIDTH="382" HEIGHT="28">
						<TextLine ID="line_5" HPOS="275" VPOS="321" WIDTH="382" HEIGHT="28">
							<String ID="string_28" HPOS="275" VPOS="321" WIDTH="24" HEIGHT="22" WC="0.82" CONTENT="14"/><SP WIDTH="16" VPOS="321" HPOS="299"/>
							<String ID="string_29" HPOS="315" VPOS="321" WIDTH="13" HEIGHT="28" WC="0.91" CONTENT="$"/><SP WIDTH="16" VPOS="321" HPOS="328"/>
							<String ID="string_30" HPOS="344" VPOS="321" WIDTH="127" HEIGHT="28" WC="0.93" CONTENT="hyväksyttiin"/><SP WIDTH="17" VPOS="321" HPOS="471"/>
							<String ID="string_31" HPOS="488" VPOS="321" WIDTH="169" HEIGHT="22" WC="0.93" CONTENT="keskustelutta."/>
						</TextLine>
					</TextBlock>
				</ComposedBlock>
				<ComposedBlock ID="cblock_2" HPOS="277" VPOS="380" WIDTH="362" HEIGHT="69">
					<TextBlock ID="block_4" HPOS="277" VPOS="380" WIDTH="362" HEIGHT="69">
						<TextLine ID="line_6" HPOS="581" VPOS="380" WIDTH="58" HEIGHT="29">
							<String ID="string_32" HPOS="581" VPOS="380" WIDTH="24" HEIGHT="22" WC="0.92" CONTENT="15"/><SP WIDTH="16" VPOS="380" HPOS="605"/>
							<String ID="string_33" HPOS="621" VPOS="381" WIDTH="18" HEIGHT="28" WC="0.56" CONTENT="8."/>
						</TextLine>
						<TextLine ID="line_7" HPOS="277" VPOS="427" WIDTH="126" HEIGHT="22">
							<String ID="string_34" HPOS="277" VPOS="427" WIDTH="126" HEIGHT="22" WC="0.96" CONTENT="Keskustelu:"/>
						</TextLine>
					</TextBlock>
				</ComposedBlock>
				<ComposedBlock ID="cblock_3" HPOS="205" VPOS="487" WIDTH="821" HEIGHT="447">
					<TextBlock ID="block_5" HPOS="205" VPOS="487" WIDTH="821" HEIGHT="208">
						<TextLine ID="line_8" HPOS="276" VPOS="487" WIDTH="749" HEIGHT="28">
							<String ID="string_35" HPOS="276" VPOS="488" WIDTH="124" HEIGHT="21" WC="0.96" CONTENT="Professori"/><SP WIDTH="16" VPOS="488" HPOS="400"/>
							<String ID="string_36" HPOS="416" VPOS="488" WIDTH="108" HEIGHT="21" WC="0.95" CONTENT="Forsman:"/><SP WIDTH="26" VPOS="488" HPOS="524"/>
							<String ID="string_37" HPOS="550" VPOS="488" WIDTH="60" HEIGHT="22" WC="0.95" CONTENT="Minä"/><SP WIDTH="15" VPOS="488" HPOS="610"/>
							<String ID="string_38" HPOS="625" VPOS="487" WIDTH="106" HEIGHT="22" WC="0.96" CONTENT="tahtoisin"/><SP WIDTH="16" VPOS="487" HPOS="731"/>
							<String ID="string_39" HPOS="747" VPOS="493" WIDTH="57" HEIGHT="16" WC="0.96" CONTENT="vaan"/><SP WIDTH="16" VPOS="493" HPOS="804"/>
							<String ID="string_40" HPOS="820" VPOS="487" WIDTH="145" HEIGHT="22" WC="0.93" CONTENT="huomauttaa"/><SP WIDTH="15" VPOS="487" HPOS="965"/>
							<String ID="string_41" HPOS="980" VPOS="487" WIDTH="45" HEIGHT="28" WC="0.93" CONTENT="pie-"/>
						</TextLine>
						<TextLine ID="line_9" HPOS="205" VPOS="516" WIDTH="821" HEIGHT="31">
							<String ID="string_42" HPOS="205" VPOS="523" WIDTH="44" HEIGHT="16" WC="0.96" CONTENT="nen"/><SP WIDTH="16" VPOS="523" HPOS="249"/>
							<String ID="string_43" HPOS="265" VPOS="516" WIDTH="124" HEIGHT="23" WC="0.96" CONTENT="kielellisen"/><SP WIDTH="15" VPOS="516" HPOS="389"/>
							<String ID="string_44" HPOS="404" VPOS="517" WIDTH="99" HEIGHT="27" WC="0.96" CONTENT="virheen,"/><SP WIDTH="14" VPOS="517" HPOS="503"/>
							<String ID="string_45" HPOS="517" VPOS="517" WIDTH="55" HEIGHT="29" WC="0.96" CONTENT="joka"/><SP WIDTH="15" VPOS="517" HPOS="572"/>
							<String ID="string_46" HPOS="587" VPOS="517" WIDTH="79" HEIGHT="29" WC="0.96" CONTENT="löytyy"/><SP WIDTH="12" VPOS="517" HPOS="666"/>
							<String ID="string_47" HPOS="678" VPOS="512" WIDTH="164" HEIGHT="39" WC="0.96" CONTENT="ruotsalaisessa"/><SP WIDTH="12" VPOS="512" HPOS="842"/>
							<String ID="string_48" HPOS="854" VPOS="512" WIDTH="112" HEIGHT="39" WC="0.93" CONTENT="tekstissä."/><SP WIDTH="16" VPOS="512" HPOS="966"/>
							<String ID="string_49" HPOS="982" VPOS="517" WIDTH="44" HEIGHT="28" WC="0.93" CONTENT="Py-"/>
						</TextLine>
						<TextLine ID="line_10" HPOS="207" VPOS="547" WIDTH="818" HEIGHT="26">
							<String ID="string_50" HPOS="207" VPOS="547" WIDTH="66" HEIGHT="22" WC="0.92" CONTENT="kälän"/><SP WIDTH="16" VPOS="547" HPOS="273"/>
							<String ID="string_51" HPOS="289" VPOS="547" WIDTH="156" HEIGHT="22" WC="0.95" CONTENT="kolmannessa"/><SP WIDTH="16" VPOS="547" HPOS="445"/>
							<String ID="string_52" HPOS="461" VPOS="548" WIDTH="144" HEIGHT="21" WC="0.96" CONTENT="momentissa"/><SP WIDTH="15" VPOS="548" HPOS="605"/>
							<String ID="string_53" HPOS="620" VPOS="549" WIDTH="53" HEIGHT="20" WC="0.96" CONTENT="näet"/><SP WIDTH="16" VPOS="549" HPOS="673"/>
							<String ID="string_54" HPOS="689" VPOS="549" WIDTH="118" HEIGHT="20" WC="0.93" CONTENT="sanotaan:"/><SP WIDTH="18" VPOS="549" HPOS="807"/>
							<String ID="string_55" HPOS="825" VPOS="565" WIDTH="9" HEIGHT="8" WC="0.88" CONTENT=","/><SP WIDTH="3" VPOS="565" HPOS="834"/>
							<String ID="string_56" HPOS="837" VPOS="547" WIDTH="46" HEIGHT="22" WC="0.65" CONTENT="Aro"/><SP WIDTH="16" VPOS="547" HPOS="883"/>
							<String ID="string_57" HPOS="899" VPOS="547" WIDTH="61" HEIGHT="22" WC="0.93" CONTENT="såväl"/><SP WIDTH="16" VPOS="547" HPOS="960"/>
							<String ID="string_58" HPOS="976" VPOS="547" WIDTH="49" HEIGHT="22" WC="0.92" CONTENT="ord-"/>
						</TextLine>
						<TextLine ID="line_11" HPOS="207" VPOS="577" WIDTH="819" HEIGHT="29">
							<String ID="string_59" HPOS="207" VPOS="577" WIDTH="94" HEIGHT="22" WC="0.96" CONTENT="förande"/><SP WIDTH="16" VPOS="577" HPOS="301"/>
							<String ID="string_60" HPOS="317" VPOS="583" WIDTH="48" HEIGHT="16" WC="0.92" CONTENT="som"/><SP WIDTH="16" VPOS="583" HPOS="365"/>
							<String ID="string_61" HPOS="381" VPOS="577" WIDTH="183" HEIGHT="22" WC="0.94" CONTENT="viceordförande"/><SP WIDTH="26" VPOS="577" HPOS="564"/>
							<String ID="string_62" HPOS="590" VPOS="578" WIDTH="26" HEIGHT="21" WC="0.93" CONTENT="af"/><SP WIDTH="11" VPOS="578" HPOS="616"/>
							<String ID="string_63" HPOS="627" VPOS="578" WIDTH="38" HEIGHT="27" WC="0.92" CONTENT="jäf"/><SP WIDTH="14" VPOS="578" HPOS="665"/>
							<String ID="string_64" HPOS="679" VPOS="577" WIDTH="54" HEIGHT="22" WC="0.96" CONTENT="eller"/><SP WIDTH="23" VPOS="577" HPOS="733"/>
							<String ID="string_65" HPOS="756" VPOS="583" WIDTH="74" HEIGHT="23" WC="0.93" CONTENT="annan"/><SP WIDTH="23" VPOS="583" HPOS="830"/>
							<String ID="string_66" HPOS="853" VPOS="577" WIDTH="65" HEIGHT="22" WC="0.95" CONTENT="orsak"/><SP WIDTH="16" VPOS="577" HPOS="918"/>
							<String ID="string_67" HPOS="934" VPOS="577" WIDTH="35" HEIGHT="22" WC="0.93" CONTENT="för"/><SP WIDTH="15" VPOS="577" HPOS="969"/>
							<String ID="string_68" HPOS="984" VPOS="577" WIDTH="42" HEIGHT="22" WC="0.86" CONTENT="till-"/>
						</TextLine>
						<TextLine ID="line_12" HPOS="211" VPOS="606" WIDTH="814" HEIGHT="30">
							<String ID="string_69" HPOS="211" VPOS="607" WIDTH="64" HEIGHT="22" WC="0.91" CONTENT="fället"/><SP WIDTH="15" VPOS="607" HPOS="275"/>
							<String ID="string_70" HPOS="290" VPOS="602" WIDTH="122" HEIGHT="38" WC="0.87" CONTENT="hindrade”,"/><SP WIDTH="10" VPOS="602" HPOS="412"/>
							<String ID="string_71" HPOS="422" VPOS="602" WIDTH="51" HEIGHT="38" WC="0.97" CONTENT="jonka"/><SP WIDTH="26" VPOS="602" HPOS="473"/>
							<String ID="string_72" HPOS="499" VPOS="607" WIDTH="84" HEIGHT="28" WC="0.96" CONTENT="tietysti"/><SP WIDTH="16" VPOS="607" HPOS="583"/>
							<String ID="string_73" HPOS="599" VPOS="607" WIDTH="61" HEIGHT="29" WC="0.96" CONTENT="pitää"/><SP WIDTH="15" VPOS="607" HPOS="660"/>
							<String ID="string_74" HPOS="675" VPOS="607" WIDTH="53" HEIGHT="22" WC="0.93" CONTENT="olla:"/><SP WIDTH="19" VPOS="607" HPOS="728"/>
							<String ID="string_75" HPOS="747" VPOS="607" WIDTH="44" HEIGHT="26" WC="0.92" CONTENT=",Ar"/><SP WIDTH="16" VPOS="607" HPOS="791"/>
							<String ID="string_76" HPOS="807" VPOS="606" WIDTH="62" HEIGHT="23" WC="0.93" CONTENT="såväl"/><SP WIDTH="12" VPOS="606" HPOS="869"/>
							<String ID="string_77" HPOS="881" VPOS="607" WIDTH="18" HEIGHT="28" WC="0.93" CONTENT="j."/><SP WIDTH="16" VPOS="607" HPOS="899"/>
							<String ID="string_78" HPOS="915" VPOS="613" WIDTH="21" HEIGHT="16" WC="0.80" CONTENT="n."/><SP WIDTH="12" VPOS="613" HPOS="936"/>
							<String ID="string_79" HPOS="948" VPOS="613" WIDTH="77" HEIGHT="15" WC="0.77" CONTENT="e....."/>
						</TextLine>
						<TextLine ID="line_13" HPOS="206" VPOS="636" WIDTH="820" HEIGHT="29">
							<String ID="string_80" HPOS="206" VPOS="637" WIDTH="36" HEIGHT="22" WC="0.96" CONTENT="för"/><SP WIDTH="15" VPOS="637" HPOS="242"/>
							<String ID="string_81" HPOS="257" VPOS="637" WIDTH="99" HEIGHT="22" WC="0.92" CONTENT="tillfället"/><SP WIDTH="14" VPOS="637" HPOS="356"/>
							<String ID="string_82" HPOS="370" VPOS="637" WIDTH="115" HEIGHT="22" WC="0.78" CONTENT="hindrad”."/><SP WIDTH="32" VPOS="637" HPOS="485"/>
							<String ID="string_83" HPOS="517" VPOS="637" WIDTH="71" HEIGHT="22" WC="0.96" CONTENT="Tämä"/><SP WIDTH="22" VPOS="637" HPOS="588"/>
							<String ID="string_84" HPOS="610" VPOS="637" WIDTH="36" HEIGHT="22" WC="0.96" CONTENT="kai"/><SP WIDTH="23" VPOS="637" HPOS="646"/>
							<String ID="string_85" HPOS="669" VPOS="637" WIDTH="72" HEIGHT="22" WC="0.96" CONTENT="lienee"/><SP WIDTH="24" VPOS="637" HPOS="741"/>
							<String ID="string_86" HPOS="765" VPOS="637" WIDTH="129" HEIGHT="28" WC="0.96" CONTENT="painovirhe"/><SP WIDTH="16" VPOS="637" HPOS="894"/>
							<String ID="string_87" HPOS="910" VPOS="636" WIDTH="46" HEIGHT="23" WC="0.96" CONTENT="tahi"/><SP WIDTH="16" VPOS="636" HPOS="956"/>
							<String ID="string_88" HPOS="972" VPOS="643" WIDTH="54" HEIGHT="16" WC="0.96" CONTENT="muu"/>
						</TextLine>
						<TextLine ID="line_14" HPOS="208" VPOS="667" WIDTH="204" HEIGHT="28">
							<String ID="string_89" HPOS="208" VPOS="667" WIDTH="89" HEIGHT="28" WC="0.2" CONTENT="lapsus"/><SP WIDTH="16" VPOS="667" HPOS="297"/>
							<String ID="string_90" HPOS="313" VPOS="667" WIDTH="99" HEIGHT="22" WC="0.82" CONTENT="calami*."/>
						</TextLine>
					</TextBlock>
					<TextBlock ID="block_6" HPOS="205" VPOS="696" WIDTH="821" HEIGHT="179">
						<TextLine ID="line_15" HPOS="275" VPOS="696" WIDTH="751" HEIGHT="29">
							<String ID="string_91" HPOS="275" VPOS="697" WIDTH="103" HEIGHT="22" WC="0.92" CONTENT="Provasti"/><SP WIDTH="15" VPOS="697" HPOS="378"/>
							<String ID="string_92" HPOS="393" VPOS="697" WIDTH="71" HEIGHT="22" WC="0.96" CONTENT="Walle:"/><SP WIDTH="25" VPOS="697" HPOS="464"/>
							<String ID="string_93" HPOS="489" VPOS="700" WIDTH="27" HEIGHT="19" WC="0.93" CONTENT="36"/><SP WIDTH="25" VPOS="700" HPOS="516"/>
							<String ID="string_94" HPOS="541" VPOS="697" WIDTH="57" HEIGHT="27" WC="0.45" CONTENT="&amp;:ssä"/><SP WIDTH="15" VPOS="697" HPOS="598"/>
							<String ID="string_95" HPOS="613" VPOS="703" WIDTH="28" HEIGHT="16" WC="0.96" CONTENT="on"/><SP WIDTH="24" VPOS="703" HPOS="641"/>
							<String ID="string_96" HPOS="665" VPOS="697" WIDTH="103" HEIGHT="28" WC="0.96" CONTENT="säädetty"/><SP WIDTH="16" VPOS="697" HPOS="768"/>
							<String ID="string_97" HPOS="784" VPOS="697" WIDTH="77" HEIGHT="26" WC="0.96" CONTENT="sakko,"/><SP WIDTH="14" VPOS="697" HPOS="861"/>
							<String ID="string_98" HPOS="875" VPOS="697" WIDTH="36" HEIGHT="27" WC="0.93" CONTENT="jos"/><SP WIDTH="17" VPOS="697" HPOS="911"/>
							<String ID="string_99" HPOS="928" VPOS="696" WIDTH="98" HEIGHT="22" WC="0.93" CONTENT="valtuus-"/>
						</TextLine>
						<TextLine ID="line_16" HPOS="205" VPOS="726" WIDTH="820" HEIGHT="29">
							<String ID="string_100" HPOS="205" VPOS="727" WIDTH="94" HEIGHT="22" WC="0.96" CONTENT="miesten"/><SP WIDTH="15" VPOS="727" HPOS="299"/>
							<String ID="string_101" HPOS="314" VPOS="727" WIDTH="176" HEIGHT="28" WC="0.96" CONTENT="puheenjohtaja"/><SP WIDTH="14" VPOS="727" HPOS="490"/>
							<String ID="string_102" HPOS="504" VPOS="727" WIDTH="47" HEIGHT="22" WC="0.93" CONTENT="tahi"/><SP WIDTH="15" VPOS="727" HPOS="551"/>
							<String ID="string_103" HPOS="566" VPOS="727" WIDTH="230" HEIGHT="28" WC="0.92" CONTENT="varapuheenjohtaja"/><SP WIDTH="24" VPOS="727" HPOS="796"/>
							<String ID="string_104" HPOS="820" VPOS="733" WIDTH="28" HEIGHT="16" WC="0.96" CONTENT="on"/><SP WIDTH="15" VPOS="733" HPOS="848"/>
							<String ID="string_105" HPOS="863" VPOS="726" WIDTH="48" HEIGHT="29" WC="0.93" CONTENT="pois"/><SP WIDTH="15" VPOS="726" HPOS="911"/>
							<String ID="string_106" HPOS="926" VPOS="726" WIDTH="99" HEIGHT="22" WC="0.92" CONTENT="kokouk-"/>
						</TextLine>
						<TextLine ID="line_17" HPOS="205" VPOS="756" WIDTH="820" HEIGHT="29">
							<String ID="string_107" HPOS="205" VPOS="758" WIDTH="67" HEIGHT="26" WC="0.96" CONTENT="sesta,"/><SP WIDTH="17" VPOS="758" HPOS="272"/>
							<String ID="string_108" HPOS="289" VPOS="758" WIDTH="71" HEIGHT="21" WC="0.96" CONTENT="mutta"/><SP WIDTH="16" VPOS="758" HPOS="360"/>
							<String ID="string_109" HPOS="376" VPOS="757" WIDTH="84" HEIGHT="22" WC="0.96" CONTENT="mitään"/><SP WIDTH="15" VPOS="757" HPOS="460"/>
							<String ID="string_110" HPOS="475" VPOS="757" WIDTH="99" HEIGHT="22" WC="0.97" CONTENT="sellaista"/><SP WIDTH="16" VPOS="757" HPOS="574"/>
							<String ID="string_111" HPOS="590" VPOS="757" WIDTH="34" HEIGHT="22" WC="0.96" CONTENT="ole"/><SP WIDTH="16" VPOS="757" HPOS="624"/>
							<String ID="string_112" HPOS="640" VPOS="757" WIDTH="111" HEIGHT="28" WC="0.94" CONTENT="säädetty,"/><SP WIDTH="22" VPOS="757" HPOS="751"/>
							<String ID="string_113" HPOS="773" VPOS="757" WIDTH="36" HEIGHT="27" WC="0.96" CONTENT="jos"/><SP WIDTH="15" VPOS="757" HPOS="809"/>
							<String ID="string_114" HPOS="824" VPOS="756" WIDTH="201" HEIGHT="23" WC="0.96" CONTENT="kuntakokouksen"/>
						</TextLine>
						<TextLine ID="line_18" HPOS="207" VPOS="786" WIDTH="819" HEIGHT="29">
							<String ID="string_115" HPOS="207" VPOS="787" WIDTH="90" HEIGHT="22" WC="0.95" CONTENT="esimies"/><SP WIDTH="24" VPOS="787" HPOS="297"/>
							<String ID="string_116" HPOS="321" VPOS="786" WIDTH="48" HEIGHT="23" WC="0.92" CONTENT="tahi"/><SP WIDTH="23" VPOS="786" HPOS="369"/>
							<String ID="string_117" HPOS="392" VPOS="787" WIDTH="144" HEIGHT="22" WC="0.92" CONTENT="varaesimies"/><SP WIDTH="23" VPOS="787" HPOS="536"/>
							<String ID="string_118" HPOS="559" VPOS="787" WIDTH="69" HEIGHT="22" WC="0.96" CONTENT="ilman"/><SP WIDTH="15" VPOS="787" HPOS="628"/>
							<String ID="string_119" HPOS="643" VPOS="788" WIDTH="67" HEIGHT="27" WC="0.96" CONTENT="syytä"/><SP WIDTH="15" VPOS="788" HPOS="710"/>
							<String ID="string_120" HPOS="725" VPOS="787" WIDTH="76" HEIGHT="21" WC="0.96" CONTENT="laimin"/><SP WIDTH="16" VPOS="787" HPOS="801"/>
							<String ID="string_121" HPOS="817" VPOS="786" WIDTH="78" HEIGHT="29" WC="0.96" CONTENT="lyövät"/><SP WIDTH="14" VPOS="786" HPOS="895"/>
							<String ID="string_122" HPOS="909" VPOS="786" WIDTH="57" HEIGHT="22" WC="0.93" CONTENT="tulla"/><SP WIDTH="14" VPOS="786" HPOS="966"/>
							<String ID="string_123" HPOS="980" VPOS="786" WIDTH="46" HEIGHT="22" WC="0.92" CONTENT="vel-"/>
						</TextLine>
						<TextLine ID="line_19" HPOS="205" VPOS="816" WIDTH="820" HEIGHT="28">
							<String ID="string_124" HPOS="205" VPOS="816" WIDTH="160" HEIGHT="23" WC="0.92" CONTENT="vollisuuttaan"/><SP WIDTH="23" VPOS="816" HPOS="365"/>
							<String ID="string_125" HPOS="388" VPOS="817" WIDTH="147" HEIGHT="27" WC="0.95" CONTENT="täyttämään."/><SP WIDTH="30" VPOS="817" HPOS="535"/>
							<String ID="string_126" HPOS="565" VPOS="817" WIDTH="218" HEIGHT="22" WC="0.96" CONTENT="Johdonmukaisuus"/><SP WIDTH="26" VPOS="817" HPOS="783"/>
							<String ID="string_127" HPOS="809" VPOS="816" WIDTH="80" HEIGHT="22" WC="0.96" CONTENT="vaatisi"/><SP WIDTH="26" VPOS="816" HPOS="889"/>
							<String ID="string_128" HPOS="915" VPOS="817" WIDTH="45" HEIGHT="21" WC="0.96" CONTENT="että"/><SP WIDTH="16" VPOS="817" HPOS="960"/>
							<String ID="string_129" HPOS="976" VPOS="816" WIDTH="49" HEIGHT="22" WC="0.96" CONTENT="olisi"/>
						</TextLine>
						<TextLine ID="line_20" HPOS="205" VPOS="847" WIDTH="579" HEIGHT="28">
							<String ID="string_130" HPOS="205" VPOS="852" WIDTH="63" HEIGHT="17" WC="0.93" CONTENT="sama"/><SP WIDTH="15" VPOS="852" HPOS="268"/>
							<String ID="string_131" HPOS="283" VPOS="847" WIDTH="143" HEIGHT="21" WC="0.91" CONTENT="edesvastaus"/><SP WIDTH="17" VPOS="847" HPOS="426"/>
							<String ID="string_132" HPOS="443" VPOS="847" WIDTH="150" HEIGHT="22" WC="0.96" CONTENT="molemmissa"/><SP WIDTH="14" VPOS="847" HPOS="593"/>
							<String ID="string_133" HPOS="607" VPOS="847" WIDTH="153" HEIGHT="28" WC="0.92" CONTENT="tapauksessa."/><SP WIDTH="20" VPOS="847" HPOS="760"/>
							<String ID="string_134" HPOS="780" VPOS="867" WIDTH="4" HEIGHT="6" WC="0.92" CONTENT=","/>
						</TextLine>
					</TextBlock>
					<TextBlock ID="block_7" HPOS="206" VPOS="875" WIDTH="820" HEIGHT="59">
						<TextLine ID="line_21" HPOS="276" VPOS="875" WIDTH="750" HEIGHT="29">
							<String ID="string_135" HPOS="276" VPOS="875" WIDTH="124" HEIGHT="23" WC="0.93" CONTENT="Professori"/><SP WIDTH="16" VPOS="875" HPOS="400"/>
							<String ID="string_136" HPOS="416" VPOS="876" WIDTH="135" HEIGHT="22" WC="0.92" CONTENT="Hermanson:"/><SP WIDTH="20" VPOS="876" HPOS="551"/>
							<String ID="string_137" HPOS="571" VPOS="877" WIDTH="116" HEIGHT="21" WC="0.93" CONTENT="Professor"/><SP WIDTH="15" VPOS="877" HPOS="687"/>
							<String ID="string_138" HPOS="702" VPOS="876" WIDTH="121" HEIGHT="22" WC="0.92" CONTENT="Forsmans"/><SP WIDTH="16" VPOS="876" HPOS="823"/>
							<String ID="string_139" HPOS="839" VPOS="876" WIDTH="147" HEIGHT="28" WC="0.92" CONTENT="anmärkning"/><SP WIDTH="15" VPOS="876" HPOS="986"/>
							<String ID="string_140" HPOS="1001" VPOS="876" WIDTH="25" HEIGHT="21" WC="0.96" CONTENT="är"/>
						</TextLine>
						<TextLine ID="line_22" HPOS="206" VPOS="906" WIDTH="740" HEIGHT="28">
							<String ID="string_141" HPOS="206" VPOS="906" WIDTH="67" HEIGHT="28" WC="0.92" CONTENT="riktig"/><SP WIDTH="16" VPOS="906" HPOS="273"/>
							<String ID="string_142" HPOS="289" VPOS="906" WIDTH="41" HEIGHT="22" WC="0.96" CONTENT="och"/><SP WIDTH="13" VPOS="906" HPOS="330"/>
							<String ID="string_143" HPOS="343" VPOS="907" WIDTH="41" HEIGHT="27" WC="0.93" CONTENT="jag"/><SP WIDTH="15" VPOS="907" HPOS="384"/>
							<String ID="string_144" HPOS="399" VPOS="906" WIDTH="129" HEIGHT="22" WC="0.92" CONTENT="hemställer"/><SP WIDTH="15" VPOS="906" HPOS="528"/>
							<String ID="string_145" HPOS="543" VPOS="908" WIDTH="33" HEIGHT="20" WC="0.93" CONTENT="att"/><SP WIDTH="16" VPOS="908" HPOS="576"/>
							<String ID="string_146" HPOS="592" VPOS="906" WIDTH="87" HEIGHT="22" WC="0.92" CONTENT="ständet"/><SP WIDTH="16" VPOS="906" HPOS="679"/>
							<String ID="string_147" HPOS="695" VPOS="906" WIDTH="52" HEIGHT="22" WC="0.93" CONTENT="ville"/><SP WIDTH="16" VPOS="906" HPOS="747"/>
							<String ID="string_148" HPOS="763" VPOS="906" WIDTH="118" HEIGHT="28" WC="0.92" CONTENT="godkänna"/><SP WIDTH="16" VPOS="906" HPOS="881"/>
							<String ID="string_149" HPOS="897" VPOS="906" WIDTH="49" HEIGHT="21" WC="0.96" CONTENT="den."/>
						</TextLine>
					</TextBlock>
				</ComposedBlock>
				<ComposedBlock ID="cblock_4" HPOS="276" VPOS="965" WIDTH="83" HEIGHT="23">
					<TextBlock ID="block_8" HPOS="276" VPOS="965" WIDTH="83" HEIGHT="23">
						<TextLine ID="line_23" HPOS="276" VPOS="965" WIDTH="83" HEIGHT="23">
							<String ID="string_150" HPOS="276" VPOS="965" WIDTH="83" HEIGHT="23" WC="0.96" CONTENT="Päätös:"/>
						</TextLine>
					</TextBlock>
				</ComposedBlock>
				<ComposedBlock ID="cblock_5" HPOS="205" VPOS="1024" WIDTH="819" HEIGHT="90">
					<TextBlock ID="block_9" HPOS="205" VPOS="1024" WIDTH="819" HEIGHT="90">
						<TextLine ID="line_24" HPOS="275" VPOS="1024" WIDTH="749" HEIGHT="29">
							<String ID="string_151" HPOS="275" VPOS="1025" WIDTH="23" HEIGHT="23" WC="0.92" CONTENT="15"/><SP WIDTH="16" VPOS="1025" HPOS="298"/>
							<String ID="string_152" HPOS="314" VPOS="1026" WIDTH="12" HEIGHT="26" WC="0.81" CONTENT="&amp;"/><SP WIDTH="16" VPOS="1026" HPOS="326"/>
							<String ID="string_153" HPOS="342" VPOS="1025" WIDTH="127" HEIGHT="28" WC="0.96" CONTENT="hyväksyttiin"/><SP WIDTH="17" VPOS="1025" HPOS="469"/>
							<String ID="string_154" HPOS="486" VPOS="1025" WIDTH="104" HEIGHT="23" WC="0.96" CONTENT="ottamalla"/><SP WIDTH="16" VPOS="1025" HPOS="590"/>
							<String ID="string_155" HPOS="606" VPOS="1026" WIDTH="105" HEIGHT="21" WC="0.96" CONTENT="huomioon"/><SP WIDTH="18" VPOS="1026" HPOS="711"/>
							<String ID="string_156" HPOS="729" VPOS="1025" WIDTH="110" HEIGHT="28" WC="0.93" CONTENT="professori"/><SP WIDTH="16" VPOS="1025" HPOS="839"/>
							<String ID="string_157" HPOS="855" VPOS="1025" WIDTH="123" HEIGHT="22" WC="0.58" CONTENT="Forsmamin"/><SP WIDTH="15" VPOS="1025" HPOS="978"/>
							<String ID="string_158" HPOS="993" VPOS="1024" WIDTH="31" HEIGHT="22" WC="0.92" CONTENT="te-"/>
						</TextLine>
						<TextLine ID="line_25" HPOS="205" VPOS="1055" WIDTH="639" HEIGHT="27">
							<String ID="string_159" HPOS="205" VPOS="1055" WIDTH="59" HEIGHT="22" WC="0.92" CONTENT="kemä"/><SP WIDTH="16" VPOS="1055" HPOS="264"/>
							<String ID="string_160" HPOS="280" VPOS="1055" WIDTH="87" HEIGHT="27" WC="0.96" CONTENT="korjaus,"/><SP WIDTH="17" VPOS="1055" HPOS="367"/>
							<String ID="string_161" HPOS="384" VPOS="1056" WIDTH="54" HEIGHT="21" WC="0.96" CONTENT="mitä"/><SP WIDTH="14" VPOS="1056" HPOS="438"/>
							<String ID="string_162" HPOS="452" VPOS="1056" WIDTH="160" HEIGHT="22" WC="0.93" CONTENT="ruotsalaiseen"/><SP WIDTH="14" VPOS="1056" HPOS="612"/>
							<String ID="string_163" HPOS="626" VPOS="1056" WIDTH="137" HEIGHT="22" WC="0.92" CONTENT="lakitekstiin"/><SP WIDTH="14" VPOS="1056" HPOS="763"/>
							<String ID="string_164" HPOS="777" VPOS="1056" WIDTH="67" HEIGHT="21" WC="0.96" CONTENT="tulee."/>
						</TextLine>
						<TextLine ID="line_26" HPOS="279" VPOS="1084" WIDTH="448" HEIGHT="30">
							<String ID="string_165" HPOS="279" VPOS="1085" WIDTH="28" HEIGHT="29" WC="0.73" CONTENT="8:t"/><SP WIDTH="13" VPOS="1085" HPOS="307"/>
							<String ID="string_166" HPOS="320" VPOS="1084" WIDTH="76" HEIGHT="23" WC="0.90" CONTENT="16—17"/><SP WIDTH="17" VPOS="1084" HPOS="396"/>
							<String ID="string_167" HPOS="413" VPOS="1085" WIDTH="128" HEIGHT="28" WC="0.93" CONTENT="hyväksyttiin"/><SP WIDTH="16" VPOS="1085" HPOS="541"/>
							<String ID="string_168" HPOS="557" VPOS="1085" WIDTH="170" HEIGHT="23" WC="0.92" CONTENT="keskustelutta."/>
						</TextLine>
					</TextBlock>
				</ComposedBlock>
				<ComposedBlock ID="cblock_6" HPOS="265" VPOS="1144" WIDTH="375" HEIGHT="64">
					<TextBlock ID="block_10" HPOS="265" VPOS="1144" WIDTH="375" HEIGHT="64">
						<TextLine ID="line_27" HPOS="584" VPOS="1144" WIDTH="56" HEIGHT="28">
							<String ID="string_169" HPOS="584" VPOS="1144" WIDTH="22" HEIGHT="22" WC="0.85" CONTENT="18"/><SP WIDTH="16" VPOS="1144" HPOS="606"/>
							<String ID="string_170" HPOS="622" VPOS="1144" WIDTH="18" HEIGHT="28" WC="0.80" CONTENT="&amp;."/>
						</TextLine>
						<TextLine ID="line_28" HPOS="265" VPOS="1186" WIDTH="126" HEIGHT="22">
							<String ID="string_171" HPOS="265" VPOS="1186" WIDTH="126" HEIGHT="22" WC="0.94" CONTENT="Keskustelu:"/>
						</TextLine>
					</TextBlock>
				</ComposedBlock>
				<ComposedBlock ID="cblock_7" HPOS="203" VPOS="1245" WIDTH="822" HEIGHT="292">
					<TextBlock ID="block_11" HPOS="205" VPOS="1245" WIDTH="818" HEIGHT="58">
						<TextLine ID="line_29" HPOS="276" VPOS="1245" WIDTH="747" HEIGHT="29">
							<String ID="string_172" HPOS="276" VPOS="1245" WIDTH="123" HEIGHT="22" WC="0.93" CONTENT="Professori"/><SP WIDTH="23" VPOS="1245" HPOS="399"/>
							<String ID="string_173" HPOS="422" VPOS="1246" WIDTH="134" HEIGHT="22" WC="0.92" CONTENT="Hermanson:"/><SP WIDTH="31" VPOS="1246" HPOS="556"/>
							<String ID="string_174" HPOS="587" VPOS="1246" WIDTH="43" HEIGHT="28" WC="0.96" CONTENT="Jag"/><SP WIDTH="23" VPOS="1246" HPOS="630"/>
							<String ID="string_175" HPOS="653" VPOS="1246" WIDTH="39" HEIGHT="21" WC="0.92" CONTENT="ber"/><SP WIDTH="24" VPOS="1246" HPOS="692"/>
							<String ID="string_176" HPOS="716" VPOS="1246" WIDTH="57" HEIGHT="22" WC="0.95" CONTENT="blott"/><SP WIDTH="22" VPOS="1246" HPOS="773"/>
							<String ID="string_177" HPOS="795" VPOS="1247" WIDTH="34" HEIGHT="20" WC="0.93" CONTENT="att"/><SP WIDTH="22" VPOS="1247" HPOS="829"/>
							<String ID="string_178" HPOS="851" VPOS="1245" WIDTH="22" HEIGHT="22" WC="0.96" CONTENT="få"/><SP WIDTH="22" VPOS="1245" HPOS="873"/>
							<String ID="string_179" HPOS="895" VPOS="1245" WIDTH="59" HEIGHT="22" WC="0.92" CONTENT="fästa"/><SP WIDTH="15" VPOS="1245" HPOS="954"/>
							<String ID="string_180" HPOS="969" VPOS="1251" WIDTH="54" HEIGHT="23" WC="0.83" CONTENT="upp"/>
						</TextLine>
						<TextLine ID="line_30" HPOS="205" VPOS="1275" WIDTH="794" HEIGHT="28">
							<String ID="string_181" HPOS="205" VPOS="1275" WIDTH="184" HEIGHT="22" WC="0.92" CONTENT="märksamheten"/><SP WIDTH="16" VPOS="1275" HPOS="389"/>
							<String ID="string_182" HPOS="405" VPOS="1275" WIDTH="37" HEIGHT="22" WC="0.96" CONTENT="vid"/><SP WIDTH="17" VPOS="1275" HPOS="442"/>
							<String ID="string_183" HPOS="459" VPOS="1276" WIDTH="42" HEIGHT="21" WC="0.92" CONTENT="den"/><SP WIDTH="15" VPOS="1276" HPOS="501"/>
							<String ID="string_184" HPOS="516" VPOS="1277" WIDTH="68" HEIGHT="26" WC="0.92" CONTENT="sjette"/><SP WIDTH="14" VPOS="1277" HPOS="584"/>
							<String ID="string_185" HPOS="598" VPOS="1275" WIDTH="168" HEIGHT="23" WC="0.96" CONTENT="reservationen"/><SP WIDTH="14" VPOS="1275" HPOS="766"/>
							<String ID="string_186" HPOS="780" VPOS="1275" WIDTH="140" HEIGHT="22" WC="0.95" CONTENT="beträffande"/><SP WIDTH="15" VPOS="1275" HPOS="920"/>
							<String ID="string_187" HPOS="935" VPOS="1276" WIDTH="13" HEIGHT="26" WC="0.86" CONTENT="$"/><SP WIDTH="17" VPOS="1276" HPOS="948"/>
							<String ID="string_188" HPOS="965" VPOS="1278" WIDTH="34" HEIGHT="19" WC="0.96" CONTENT="18."/>
						</TextLine>
					</TextBlock>
					<TextBlock ID="block_12" HPOS="203" VPOS="1305" WIDTH="822" HEIGHT="232">
						<TextLine ID="line_31" HPOS="276" VPOS="1305" WIDTH="749" HEIGHT="28">
							<String ID="string_189" HPOS="276" VPOS="1305" WIDTH="202" HEIGHT="28" WC="0.96" CONTENT="Tuomiokapitulin"/><SP WIDTH="23" VPOS="1305" HPOS="478"/>
							<String ID="string_190" HPOS="501" VPOS="1306" WIDTH="94" HEIGHT="22" WC="0.96" CONTENT="asessori"/><SP WIDTH="16" VPOS="1306" HPOS="595"/>
							<String ID="string_191" HPOS="611" VPOS="1305" WIDTH="156" HEIGHT="22" WC="0.94" CONTENT="Wennerström:"/><SP WIDTH="38" VPOS="1305" HPOS="767"/>
							<String ID="string_192" HPOS="805" VPOS="1305" WIDTH="51" HEIGHT="22" WC="0.90" CONTENT="Den"/><SP WIDTH="22" VPOS="1305" HPOS="856"/>
							<String ID="string_193" HPOS="878" VPOS="1305" WIDTH="147" HEIGHT="28" WC="0.90" CONTENT="anmärkning"/>
						</TextLine>
						<TextLine ID="line_32" HPOS="203" VPOS="1335" WIDTH="821" HEIGHT="27">
							<String ID="string_194" HPOS="203" VPOS="1335" WIDTH="41" HEIGHT="27" WC="0.96" CONTENT="jag"/><SP WIDTH="15" VPOS="1335" HPOS="244"/>
							<String ID="string_195" HPOS="259" VPOS="1335" WIDTH="41" HEIGHT="22" WC="0.96" CONTENT="har"/><SP WIDTH="14" VPOS="1335" HPOS="300"/>
							<String ID="string_196" HPOS="314" VPOS="1337" WIDTH="34" HEIGHT="19" WC="0.95" CONTENT="att"/><SP WIDTH="15" VPOS="1337" HPOS="348"/>
							<String ID="string_197" HPOS="363" VPOS="1335" WIDTH="55" HEIGHT="26" WC="0.96" CONTENT="göra"/><SP WIDTH="15" VPOS="1335" HPOS="418"/>
							<String ID="string_198" HPOS="433" VPOS="1337" WIDTH="47" HEIGHT="19" WC="0.96" CONTENT="mot"/><SP WIDTH="15" VPOS="1337" HPOS="480"/>
							<String ID="string_199" HPOS="495" VPOS="1336" WIDTH="43" HEIGHT="20" WC="0.96" CONTENT="den"/><SP WIDTH="17" VPOS="1336" HPOS="538"/>
							<String ID="string_200" HPOS="555" VPOS="1339" WIDTH="26" HEIGHT="17" WC="0.93" CONTENT="18"/><SP WIDTH="13" VPOS="1339" HPOS="581"/>
							<String ID="string_201" HPOS="594" VPOS="1337" WIDTH="12" HEIGHT="24" WC="0.89" CONTENT="$"/><SP WIDTH="10" VPOS="1337" HPOS="606"/>
							<String ID="string_202" HPOS="616" VPOS="1335" WIDTH="71" HEIGHT="27" WC="0.96" CONTENT="gäller"/><SP WIDTH="12" VPOS="1335" HPOS="687"/>
							<String ID="string_203" HPOS="699" VPOS="1338" WIDTH="12" HEIGHT="17" WC="0.93" CONTENT="3"/><SP WIDTH="12" VPOS="1338" HPOS="711"/>
							<String ID="string_204" HPOS="723" VPOS="1341" WIDTH="73" HEIGHT="19" WC="0.92" CONTENT="mom.,"/><SP WIDTH="12" VPOS="1341" HPOS="796"/>
							<String ID="string_205" HPOS="808" VPOS="1335" WIDTH="41" HEIGHT="21" WC="0.96" CONTENT="och"/><SP WIDTH="12" VPOS="1335" HPOS="849"/>
							<String ID="string_206" HPOS="861" VPOS="1335" WIDTH="40" HEIGHT="20" WC="0.95" CONTENT="ber"/><SP WIDTH="6" VPOS="1335" HPOS="901"/>
							<String ID="string_207" HPOS="907" VPOS="1335" WIDTH="40" HEIGHT="26" WC="0.95" CONTENT="jag"/><SP WIDTH="10" VPOS="1335" HPOS="947"/>
							<String ID="string_208" HPOS="957" VPOS="1337" WIDTH="34" HEIGHT="19" WC="0.93" CONTENT="att"/><SP WIDTH="11" VPOS="1337" HPOS="991"/>
							<String ID="string_209" HPOS="1002" VPOS="1335" WIDTH="22" HEIGHT="21" WC="0.92" CONTENT="fä"/>
						</TextLine>
						<TextLine ID="line_33" HPOS="205" VPOS="1363" WIDTH="817" HEIGHT="28">
							<String ID="string_210" HPOS="205" VPOS="1363" WIDTH="82" HEIGHT="22" WC="0.87" CONTENT="föreslä"/><SP WIDTH="15" VPOS="1363" HPOS="287"/>
							<String ID="string_211" HPOS="302" VPOS="1363" WIDTH="34" HEIGHT="22" WC="0.93" CONTENT="till"/><SP WIDTH="15" VPOS="1363" HPOS="336"/>
							<String ID="string_212" HPOS="351" VPOS="1363" WIDTH="99" HEIGHT="22" WC="0.93" CONTENT="ständets"/><SP WIDTH="16" VPOS="1363" HPOS="450"/>
							<String ID="string_213" HPOS="466" VPOS="1364" WIDTH="126" HEIGHT="27" WC="0.96" CONTENT="antagande"/><SP WIDTH="16" VPOS="1364" HPOS="592"/>
							<String ID="string_214" HPOS="608" VPOS="1370" WIDTH="27" HEIGHT="15" WC="0.93" CONTENT="en"/><SP WIDTH="16" VPOS="1370" HPOS="635"/>
							<String ID="string_215" HPOS="651" VPOS="1364" WIDTH="69" HEIGHT="21" WC="0.93" CONTENT="sädan"/><SP WIDTH="14" VPOS="1364" HPOS="720"/>
							<String ID="string_216" HPOS="734" VPOS="1364" WIDTH="87" HEIGHT="27" WC="0.92" CONTENT="lydelse"/><SP WIDTH="16" VPOS="1364" HPOS="821"/>
							<String ID="string_217" HPOS="837" VPOS="1364" WIDTH="25" HEIGHT="21" WC="0.93" CONTENT="af"/><SP WIDTH="13" VPOS="1364" HPOS="862"/>
							<String ID="string_218" HPOS="875" VPOS="1363" WIDTH="69" HEIGHT="28" WC="0.92" CONTENT="sagda"/><SP WIDTH="13" VPOS="1363" HPOS="944"/>
							<String ID="string_219" HPOS="957" VPOS="1370" WIDTH="65" HEIGHT="15" WC="0.96" CONTENT="mom."/>
						</TextLine>
						<TextLine ID="line_34" HPOS="205" VPOS="1393" WIDTH="818" HEIGHT="29">
							<String ID="string_220" HPOS="205" VPOS="1399" WIDTH="47" HEIGHT="16" WC="0.93" CONTENT="som"/><SP WIDTH="16" VPOS="1399" HPOS="252"/>
							<String ID="string_221" HPOS="268" VPOS="1393" WIDTH="70" HEIGHT="22" WC="0.92" CONTENT="finnes"/><SP WIDTH="16" VPOS="1393" HPOS="338"/>
							<String ID="string_222" HPOS="354" VPOS="1393" WIDTH="118" HEIGHT="22" WC="0.92" CONTENT="omnämnd"/><SP WIDTH="17" VPOS="1393" HPOS="472"/>
							<String ID="string_223" HPOS="489" VPOS="1393" WIDTH="7" HEIGHT="22" WC="0.96" CONTENT="i"/><SP WIDTH="16" VPOS="1393" HPOS="496"/>
							<String ID="string_224" HPOS="512" VPOS="1394" WIDTH="43" HEIGHT="21" WC="0.96" CONTENT="den"/><SP WIDTH="17" VPOS="1394" HPOS="555"/>
							<String ID="string_225" HPOS="572" VPOS="1396" WIDTH="12" HEIGHT="19" WC="0.93" CONTENT="6"/><SP WIDTH="16" VPOS="1396" HPOS="584"/>
							<String ID="string_226" HPOS="600" VPOS="1393" WIDTH="167" HEIGHT="22" WC="0.92" CONTENT="reservationen"/><SP WIDTH="15" VPOS="1393" HPOS="767"/>
							<String ID="string_227" HPOS="782" VPOS="1400" WIDTH="50" HEIGHT="22" WC="0.93" CONTENT="pag."/><SP WIDTH="18" VPOS="1400" HPOS="832"/>
							<String ID="string_228" HPOS="850" VPOS="1396" WIDTH="35" HEIGHT="19" WC="0.93" CONTENT="71."/><SP WIDTH="30" VPOS="1396" HPOS="885"/>
							<String ID="string_229" HPOS="915" VPOS="1393" WIDTH="108" HEIGHT="28" WC="0.90" CONTENT="Degrun-"/>
						</TextLine>
						<TextLine ID="line_35" HPOS="204" VPOS="1423" WIDTH="820" HEIGHT="28">
							<String ID="string_230" HPOS="204" VPOS="1423" WIDTH="47" HEIGHT="26" WC="0.96" CONTENT="der,"/><SP WIDTH="16" VPOS="1423" HPOS="251"/>
							<String ID="string_231" HPOS="267" VPOS="1429" WIDTH="47" HEIGHT="16" WC="0.93" CONTENT="som"/><SP WIDTH="14" VPOS="1429" HPOS="314"/>
							<String ID="string_232" HPOS="328" VPOS="1425" WIDTH="171" HEIGHT="20" WC="0.91" CONTENT="reservanterna"/><SP WIDTH="15" VPOS="1425" HPOS="499"/>
							<String ID="string_233" HPOS="514" VPOS="1423" WIDTH="75" HEIGHT="22" WC="0.91" CONTENT="anfört"/><SP WIDTH="16" VPOS="1423" HPOS="589"/>
							<String ID="string_234" HPOS="605" VPOS="1423" WIDTH="34" HEIGHT="22" WC="0.96" CONTENT="för"/><SP WIDTH="21" VPOS="1423" HPOS="639"/>
							<String ID="string_235" HPOS="660" VPOS="1423" WIDTH="38" HEIGHT="22" WC="0.96" CONTENT="sitt"/><SP WIDTH="23" VPOS="1423" HPOS="698"/>
							<String ID="string_236" HPOS="721" VPOS="1423" WIDTH="86" HEIGHT="28" WC="0.96" CONTENT="förslag"/><SP WIDTH="24" VPOS="1423" HPOS="807"/>
							<String ID="string_237" HPOS="831" VPOS="1425" WIDTH="33" HEIGHT="20" WC="0.93" CONTENT="att"/><SP WIDTH="22" VPOS="1425" HPOS="864"/>
							<String ID="string_238" HPOS="886" VPOS="1423" WIDTH="138" HEIGHT="23" WC="0.92" CONTENT="kommunal-"/>
						</TextLine>
						<TextLine ID="line_36" HPOS="204" VPOS="1453" WIDTH="819" HEIGHT="29">
							<String ID="string_239" HPOS="204" VPOS="1453" WIDTH="136" HEIGHT="22" WC="0.92" CONTENT="stämmorna"/><SP WIDTH="15" VPOS="1453" HPOS="340"/>
							<String ID="string_240" HPOS="355" VPOS="1453" WIDTH="7" HEIGHT="22" WC="0.93" CONTENT="i"/><SP WIDTH="16" VPOS="1453" HPOS="362"/>
							<String ID="string_241" HPOS="378" VPOS="1453" WIDTH="78" HEIGHT="28" WC="0.92" CONTENT="regeln"/><SP WIDTH="15" VPOS="1453" HPOS="456"/>
							<String ID="string_242" HPOS="471" VPOS="1453" WIDTH="54" HEIGHT="22" WC="0.92" CONTENT="böra"/><SP WIDTH="16" VPOS="1453" HPOS="525"/>
							<String ID="string_243" HPOS="541" VPOS="1453" WIDTH="69" HEIGHT="22" WC="0.92" CONTENT="hällas"/><SP WIDTH="16" VPOS="1453" HPOS="610"/>
							<String ID="string_244" HPOS="626" VPOS="1453" WIDTH="27" HEIGHT="28" WC="0.93" CONTENT="pä"/><SP WIDTH="16" VPOS="1453" HPOS="653"/>
							<String ID="string_245" HPOS="669" VPOS="1453" WIDTH="153" HEIGHT="29" WC="0.90" CONTENT="söckendagar"/><SP WIDTH="15" VPOS="1453" HPOS="822"/>
							<String ID="string_246" HPOS="837" VPOS="1453" WIDTH="42" HEIGHT="22" WC="0.96" CONTENT="och"/><SP WIDTH="16" VPOS="1453" HPOS="879"/>
							<String ID="string_247" HPOS="895" VPOS="1453" WIDTH="79" HEIGHT="23" WC="0.93" CONTENT="endast"/><SP WIDTH="10" VPOS="1453" HPOS="974"/>
							<String ID="string_248" HPOS="984" VPOS="1460" WIDTH="39" HEIGHT="16" WC="0.93" CONTENT="un-"/>
						</TextLine>
						<TextLine ID="line_37" HPOS="205" VPOS="1483" WIDTH="818" HEIGHT="28">
							<String ID="string_249" HPOS="205" VPOS="1483" WIDTH="129" HEIGHT="28" WC="0.92" CONTENT="dantagsvis"/><SP WIDTH="15" VPOS="1483" HPOS="334"/>
							<String ID="string_250" HPOS="349" VPOS="1483" WIDTH="29" HEIGHT="28" WC="0.93" CONTENT="pä"/><SP WIDTH="14" VPOS="1483" HPOS="378"/>
							<String ID="string_251" HPOS="392" VPOS="1483" WIDTH="112" HEIGHT="28" WC="0.93" CONTENT="söndagar"/><SP WIDTH="14" VPOS="1483" HPOS="504"/>
							<String ID="string_252" HPOS="518" VPOS="1484" WIDTH="46" HEIGHT="26" WC="0.91" CONTENT="äro,"/><SP WIDTH="16" VPOS="1484" HPOS="564"/>
							<String ID="string_253" HPOS="580" VPOS="1489" WIDTH="67" HEIGHT="22" WC="0.91" CONTENT="synes"/><SP WIDTH="16" VPOS="1489" HPOS="647"/>
							<String ID="string_254" HPOS="663" VPOS="1483" WIDTH="38" HEIGHT="22" WC="0.96" CONTENT="det"/><SP WIDTH="15" VPOS="1483" HPOS="701"/>
							<String ID="string_255" HPOS="716" VPOS="1484" WIDTH="53" HEIGHT="27" WC="0.96" CONTENT="mig,"/><SP WIDTH="24" VPOS="1484" HPOS="769"/>
							<String ID="string_256" HPOS="793" VPOS="1484" WIDTH="26" HEIGHT="22" WC="0.96" CONTENT="af"/><SP WIDTH="22" VPOS="1484" HPOS="819"/>
							<String ID="string_257" HPOS="841" VPOS="1483" WIDTH="42" HEIGHT="22" WC="0.93" CONTENT="den"/><SP WIDTH="15" VPOS="1483" HPOS="883"/>
							<String ID="string_258" HPOS="898" VPOS="1484" WIDTH="125" HEIGHT="23" WC="0.91" CONTENT="beskaffen-"/>
						</TextLine>
						<TextLine ID="line_38" HPOS="204" VPOS="1513" WIDTH="819" HEIGHT="24">
							<String ID="string_259" HPOS="204" VPOS="1513" WIDTH="39" HEIGHT="22" WC="0.95" CONTENT="het"/><SP WIDTH="15" VPOS="1513" HPOS="243"/>
							<String ID="string_260" HPOS="258" VPOS="1515" WIDTH="33" HEIGHT="20" WC="0.96" CONTENT="att"/><SP WIDTH="16" VPOS="1515" HPOS="291"/>
							<String ID="string_261" HPOS="307" VPOS="1513" WIDTH="27" HEIGHT="22" WC="0.93" CONTENT="de"/><SP WIDTH="24" VPOS="1513" HPOS="334"/>
							<String ID="string_262" HPOS="358" VPOS="1513" WIDTH="132" HEIGHT="22" WC="0.92" CONTENT="ätminstone"/><SP WIDTH="15" VPOS="1513" HPOS="490"/>
							<String ID="string_263" HPOS="505" VPOS="1513" WIDTH="7" HEIGHT="22" WC="0.96" CONTENT="i"/><SP WIDTH="16" VPOS="1513" HPOS="512"/>
							<String ID="string_264" HPOS="528" VPOS="1513" WIDTH="62" HEIGHT="22" WC="0.93" CONTENT="detta"/><SP WIDTH="15" VPOS="1513" HPOS="590"/>
							<String ID="string_265" HPOS="605" VPOS="1513" WIDTH="63" HEIGHT="23" WC="0.92" CONTENT="ständ"/><SP WIDTH="17" VPOS="1513" HPOS="668"/>
							<String ID="string_266" HPOS="685" VPOS="1514" WIDTH="69" HEIGHT="22" WC="0.93" CONTENT="borde"/><SP WIDTH="25" VPOS="1514" HPOS="754"/>
							<String ID="string_267" HPOS="779" VPOS="1514" WIDTH="69" HEIGHT="23" WC="0.92" CONTENT="vinna"/><SP WIDTH="24" VPOS="1514" HPOS="848"/>
							<String ID="string_268" HPOS="872" VPOS="1513" WIDTH="52" HEIGHT="23" WC="0.92" CONTENT="fullt"/><SP WIDTH="22" VPOS="1513" HPOS="924"/>
							<String ID="string_269" HPOS="946" VPOS="1514" WIDTH="77" HEIGHT="23" WC="0.92" CONTENT="erkän-"/>
						</TextLine>
					</TextBlock>
				</ComposedBlock>
				<GraphicalElement ID="cblock_8" HPOS="1084" VPOS="0" WIDTH="10" HEIGHT="449"></GraphicalElement >
			</PrintSpace>
		</Page>
	</Layout>
</alto>
