1114 1778
234 107 41 20 998
540 103 82 18 Toukok.
636 104 11 17 4
659 107 17 19 p.

203 158 68 22 borde
286 158 110 21 utdömas.
427 158 51 22 Men
494 157 61 22 detta
570 163 54 16 vore
638 157 48 22 helt
701 157 75 22 enkelt
791 156 49 22 icke
856 157 50 21 rätt.
933 157 86 28 Vigtigt

203 189 26 20 är
251 190 33 20 att
303 188 93 21 känslan
412 187 35 22 för
463 187 37 22 det
516 189 69 20 rättas
600 187 71 22 allvar
687 186 41 23 och
742 185 133 23 herravälde
891 185 70 23 under
976 186 44 22 alla

203 217 153 22 förhållanden
372 216 166 29 upprätthålles,
554 217 42 22 och
611 216 33 22 hit
654 216 46 27 hör,
712 217 33 20 att
755 215 56 22 både
823 222 52 15 man
885 216 42 22 och
937 215 83 23 kvinna

203 247 69 28 draga
288 247 112 28 följderna
414 247 26 21 af
453 246 39 22 sitt
508 247 87 28 felsteg.
626 245 38 23 Hit
680 246 39 21 hör
735 245 86 22 således
837 247 32 20 att
883 245 66 22 också
960 252 59 16 man-

203 283 43 16 nen
262 276 90 29 ålägges
368 277 33 21 att
417 276 90 28 deltaga
522 277 7 21 i
544 275 150 23 kostnaderna
707 275 35 23 för
752 276 90 21 barnets
853 275 115 22 underhåll
979 276 40 21 och

202 306 142 28 uppfostran;
369 308 25 25 ty
416 305 52 22 sker
488 306 38 21 det
546 305 56 26 icke,
619 305 24 22 så
658 305 84 22 känner
758 311 51 16 man
824 305 49 22 icke
888 305 30 27 af,
935 307 33 20 att
983 305 38 22 det

202 337 59 21 rätta
284 336 56 21 dock
362 335 65 29 göres
450 335 110 29 gällande.
591 335 38 22 Hit
644 335 40 22 hör
700 335 75 22 vidare
791 336 33 21 att
840 334 55 23 både
911 341 52 16 man
978 336 42 21 och

203 365 82 22 kvinna
309 365 21 22 få
354 371 94 16 ansvara
472 365 34 22 för
525 365 43 22 den
584 364 114 28 förseelse,
713 364 34 22 till
761 364 91 22 hvilken
868 364 27 22 de
911 365 60 27 gjort
986 365 35 28 sig

205 395 109 28 skyldige.
340 394 84 23 Endast
440 394 98 28 sålunda,
554 400 80 22 genom
650 396 34 20 att
698 394 57 22 både
765 400 96 16 mannen
872 394 41 22 och
923 394 98 22 kvinnan

203 424 23 23 få
248 425 86 22 kännas
353 424 38 22 vid
408 424 110 27 följderna
533 424 26 22 af
573 424 111 27 felsteget,
700 424 160 28 upprätthålles
876 424 94 21 känslan
985 424 35 21 för

203 455 37 21 det
255 455 70 21 rättas
342 454 71 22 allvar
428 455 42 21 och
486 453 255 29 ansvarighetskänslan,
751 453 141 29 naturligtvis
904 453 35 22 för
949 453 72 23 såvidt

203 485 37 21 det
255 484 66 22 beror
336 484 25 22 af
374 484 72 28 lagen.
473 483 76 29 Lagen
566 483 82 23 förmår
663 483 49 22 icke
727 485 88 20 ensamt
829 484 55 27 göra
900 484 43 21 det.
970 483 51 22 Men

203 520 30 16 nu
249 515 24 20 är
278 514 48 28 det
340 515 26 27 ju
382 513 66 23 också
464 513 63 29 fråga
543 514 56 22 blott
615 519 43 21 om,
674 513 58 22 hvad
748 513 67 28 lagen
831 513 57 22 skall
903 513 61 28 göra.

274 544 128 21 Öfverlärar
424 543 106 22 Kihlman
553 544 115 21 anmärkte
692 544 32 21 att
747 543 70 28 enligt
833 543 187 29 författningsför-

203 574 72 28 slaget
290 574 28 21 de
334 575 61 20 utom
411 573 124 29 äktenskap
552 574 67 21 födda
634 573 72 22 skulle
717 573 22 22 få
751 573 149 28 förmyndare,
913 579 36 16 om
960 573 60 22 kvin-

202 609 45 16 nan
263 604 24 21 är
302 603 112 28 olämplig.
446 603 51 22 Men
513 604 37 21 det
565 605 25 20 är
606 603 89 28 mycket
706 603 87 28 möjligt
804 605 33 19 att
847 603 98 22 kvinnan
955 609 65 16 anses

203 633 91 28 lämplig
310 634 33 21 att
358 633 116 28 uppfostra
490 633 84 26 barnet,
592 639 50 16 men
658 634 33 20 att
706 633 44 22 hon
765 633 8 21 i
788 633 89 28 vanliga
892 632 39 22 fall
942 633 79 22 endast

203 663 51 21 med
270 665 46 20 stor
331 662 113 29 svårighet
459 663 45 22 kan
519 663 54 28 göra
589 663 103 28 gällande
708 662 119 29 anspråket
842 662 27 29 på
885 663 134 27 lägersman-

202 699 56 15 nens
274 693 207 27 skyldigkännande
497 694 33 20 att
544 693 75 21 betala
635 693 128 21 barnaföda.
787 692 51 22 Man
853 693 109 21 behöfver
972 693 49 21 icke

202 722 70 22 hafva
292 722 94 28 deltagit
405 722 8 21 i
428 722 196 28 handläggningen
640 722 26 22 af
679 721 44 23 mål
738 722 26 22 af
777 722 72 22 denna
865 722 155 22 beskaffenhet

203 752 35 22 för
262 753 33 21 att
318 758 50 16 man
385 752 57 22 skall
458 752 75 22 kunna
548 752 115 22 föreställa
679 752 40 29 sig,
735 752 57 22 huru
808 752 38 22 det
861 754 64 26 tager
940 752 34 28 sig
989 754 31 24 ut,

203 783 40 21 när
259 788 27 16 en
302 782 82 22 kvinna
406 782 45 22 står
466 782 58 22 inför
539 784 58 20 rätta
613 782 42 22 och
670 782 67 27 yrkar
752 782 28 28 på
794 782 189 22 utbekommande
998 782 26 22 af

202 812 130 22 barnaföda.
364 812 80 22 Denna
459 812 164 28 omständighet
638 818 54 16 vore
708 814 86 20 ensamt
809 812 120 28 tillräcklig
943 812 35 22 för
989 814 33 20 att

203 842 108 22 motivera
335 843 33 20 ett
391 842 84 27 förslag
494 842 23 21 af
532 842 170 28 ifrågavarande
718 842 160 22 beskaffenhet.
910 842 43 28 Jag
969 848 52 16 vore

203 872 49 21 icke
276 872 116 28 -obenägen
415 872 150 28 upprätthålla
588 872 107 28 förslaget
717 872 68 22 äfven
805 872 7 21 i
834 872 43 22 den
893 872 64 26 form,
973 878 48 16 som

202 902 76 27 pastor
300 901 129 22 Vartiainen
448 902 41 27 gaf
508 901 21 22 åt
545 902 129 24 detsamma,
691 908 51 15 men
757 902 35 22 för
807 902 44 22 den
867 902 106 22 händelse
989 904 33 20 att

203 931 61 21 detta
287 931 73 22 skulle
384 937 65 16 anses
472 938 53 15 vara
550 932 35 21 för
607 931 61 28 långt
690 932 89 28 gånget,
802 931 108 22 vidhåller
929 932 40 28 jag
984 932 39 22 det

202 961 80 21 väckta
306 961 114 27 förslaget.
452 961 44 28 Jag
519 968 53 15 vore
595 961 67 22 också
680 961 49 22 icke
746 961 115 28 obenägen
877 963 32 20 att
925 962 37 21 vid
979 962 42 21 för-

203 991 72 28 slaget
298 991 118 28 förknippa
439 992 32 20 ett
494 991 130 29 ytterligare
648 991 91 28 förslag,
763 991 38 22 det
823 993 34 20 att
878 991 87 22 anhålla
981 991 40 23 hos

204 1021 139 28 regeringen,
360 1022 34 20 att
409 1020 195 29 åklagaremakten
620 1020 68 22 måtte
704 1020 91 30 åläggas
811 1023 33 19 att
859 1022 116 28 verkligen
985 1022 38 21 be-

202 1050 43 22 ifra
268 1050 60 21 brott
348 1052 26 20 af
386 1050 171 28 ifrågavarande
572 1050 161 22 beskaffenhet.
764 1050 45 23 Det
825 1057 53 16 vore
894 1051 49 22 icke
960 1053 61 20 utom

203 1081 81 27 ämnet,
309 1086 51 16 men
384 1080 37 22 det
444 1081 71 21 skulle
539 1081 84 22 kanske
647 1081 34 21 för
704 1081 98 22 tillfället
824 1081 51 22 leda
897 1081 35 22 för
953 1081 68 28 långt,

202 1109 91 22 hvarför
306 1110 41 28 jag
362 1110 49 21 icke
428 1110 43 22 kan
487 1110 96 22 vidhålla
599 1110 43 22 det.

274 1139 183 28 Lääninprovasti
483 1140 70 22 Walle:
584 1141 38 21 Jos
648 1141 157 21 asianomaiset
827 1141 124 22 tunteitaan
974 1147 48 16 seu-

203 1169 92 22 raisivat
316 1170 25 27 ja
364 1169 120 22 antaisivat
506 1170 75 21 niiden
603 1170 84 26 vallita,
707 1170 45 21 niin
773 1170 142 27 epäilemättä
931 1171 92 21 tuntuisi

202 1199 120 28 professori
338 1199 169 22 Hermanson'in
522 1199 94 22 ehdotus
632 1199 80 22 olevan
727 1199 113 27 otollinen,
853 1201 70 20 mutta
934 1200 20 21 ei
965 1200 57 21 liene

203 1228 73 22 oikein
298 1230 66 20 antaa
383 1229 146 27 yksinomaan
545 1229 73 22 niiden
634 1229 107 22 ratkaista
757 1229 53 22 asia.
842 1229 51 22 Olot
908 1229 115 22 mahtavat

202 1258 44 21 olla
269 1258 95 21 erilaisia
388 1258 288 28 kaupunkiseurakunnissa
696 1259 25 26 ja
745 1258 231 27 maaseurakunnissa,
997 1259 25 27 ja

204 1287 70 22 koska
290 1293 27 16 en
333 1287 59 27 oloja
409 1287 285 28 kaupunkiseurakunnissa
710 1289 76 25 tunne,
801 1294 28 15 en
839 1288 36 22 voi
885 1288 67 22 niistä
962 1289 61 27 päät-

202 1317 45 25 tää,
270 1318 71 19 mutta
357 1317 89 20 ainakin
462 1317 222 21 maaseurakunnissa
700 1317 48 21 olisi
764 1317 123 22 mielestäni
903 1317 120 28 professori

204 1345 170 22 Hermanson'in
390 1345 94 22 ehdotus
500 1346 65 21 aivan
580 1346 137 21 vaarallinen
731 1347 25 26 ja
769 1346 66 28 viepä
845 1346 178 29 päinvastaiseen

205 1377 110 20 suuntaan
338 1375 54 22 kuin
415 1375 68 22 mihin
504 1375 50 22 sillä
575 1375 154 22 tarkoitetaan.
760 1376 96 22 Minusta
877 1377 80 22 tuntuu
973 1377 50 22 siltä

206 1405 54 21 kuin
280 1405 120 27 professori
420 1405 140 22 Hermanson
573 1405 58 23 ehkä
646 1405 89 23 lähinnä
750 1406 90 22 tahtoisi
855 1407 61 21 näitä
931 1407 92 22 aviotto-

205 1435 58 21 mien
288 1435 72 22 lasten
386 1435 112 27 holhoojia
524 1436 149 22 hankkimaan
699 1436 66 22 heille
791 1436 54 23 isän.
877 1436 50 23 Hän
950 1437 73 22 lausui

205 1465 116 22 vastikään
338 1466 46 21 että
400 1465 20 22 ei
436 1464 35 23 ole
486 1465 114 23 tarvinnut
609 1466 59 22 istua
679 1466 130 22 oikeuksien
819 1467 204 28 puheenjohtajana

200 1495 25 28 ja
246 1495 78 22 asioita
345 1495 179 22 käsittelemässä
543 1496 133 22 voidakseen
697 1496 50 22 siitä
766 1498 97 27 päättää,
879 1497 83 23 kuinka
978 1504 44 16 mo-
