1123 1795
424 127 83 20 Toukok.
522 127 22 18 12
557 131 18 18 p.
830 127 56 20 1337

100 181 29 22 Se
152 187 29 16 on
203 181 173 28 sopusoinnussa
392 181 74 22 niiden
481 181 142 29 perusteiden
639 181 88 23 kanssa,
741 183 79 27 joiden
834 178 84 35 nojalla

99 211 67 22 viime
181 211 160 28 valtiopäivillä
356 211 117 28 päätettiin
483 212 107 21 rakentaa
601 211 95 22 rautatie
707 212 96 23 Turusta
812 209 106 28 Karjaan.

99 241 71 34 Tämä
189 241 95 21 rautatie
300 247 29 16 on
344 247 49 28 sen
397 241 77 34 lisäksi
491 241 103 22 kaikkien
610 241 103 27 laskujen
729 239 97 40 mukaan
842 239 77 27 hyvin-

99 300 46 22 niin
160 306 29 15 on
204 300 69 27 hyvin
288 283 179 49 todenmukaista
483 301 47 20 että
544 299 129 28 yksityinen
688 300 90 23 henkilö
794 302 47 21 tahi
856 299 62 28 yhtiö

98 329 74 22 ottaisi
197 329 178 22 rakentaakseen
397 329 232 28 Helsingin—-Karjan
644 330 30 21 tai
690 330 144 23 Kirkniemen
849 329 71 22 radan

96 359 62 28 juuri
173 365 40 16 sen
229 359 231 22 kannattavaisuuden
475 359 90 26 tähden,
581 359 51 22 eikä
648 359 48 22 olisi
712 361 78 28 sopiva
802 361 50 22 eikä
859 360 61 27 hyvä

98 389 77 22 riistää
190 389 101 22 valtiolta
307 390 75 20 tämän
399 389 101 22 tienosan
515 389 170 22 tuottavaisuus.

162 418 124 23 Professori
301 419 115 26 Runeberg:
433 419 43 28 Jag
492 419 38 22 ber
541 420 33 20 att
584 418 23 22 fä
617 419 78 22 förena
705 420 46 28 mig
761 426 36 15 om
808 420 112 28 professor

98 449 103 21 Donners
225 448 84 28 förslag
332 448 27 28 pä
383 448 34 29 de
429 449 97 27 grunder
541 449 44 21 han
601 449 100 21 anförde.
733 449 44 22 Det
792 449 56 22 lider
864 450 56 20 intet

98 478 80 22 tvifvel
199 479 33 20 att
250 478 74 21 banan
340 477 48 22 frän
403 478 52 22 Abo
471 478 34 21 till
520 478 65 22 Karis
602 478 70 22 mäste
688 479 115 22 fortsättas
819 479 34 21 till
868 478 51 22 Hel-

98 508 97 27 singfors
218 508 41 21 och
283 508 27 21 de
333 507 55 26 skäl,
405 508 92 21 hvarför
513 514 50 16 man
579 507 72 22 skulle
667 508 61 28 välja
744 508 66 22 Karis
827 508 93 22 framför

98 538 109 26 Gerknäs,
231 543 67 22 synas
322 538 45 27 mig
383 537 90 28 mycket
489 537 96 22 talande.
616 538 43 28 Jag
676 538 107 22 behöfver
799 538 49 22 icke
864 544 57 22 upp-

98 573 54 22 repa
169 568 57 20 dem.
258 567 40 22 Att
314 567 72 21 denna
401 567 58 22 bana
475 567 7 21 i
499 567 139 22 ekonomiskt
653 568 106 22 afseende
775 568 72 22 skulle
864 568 56 21 bära

97 597 36 28 sig
147 597 7 21 i
170 598 85 20 statens
277 597 65 27 hand,
359 596 76 22 derom
450 597 45 21 kan
510 596 37 22 väl
563 597 49 21 icke
628 597 67 28 nägot
709 598 81 22 tvifvel
805 598 54 22 räda
877 598 42 21 och

98 627 38 21 det
158 626 64 22 räder
244 626 24 22 sä
283 626 48 22 litet
347 626 77 22 tvifvel
442 626 83 27 derom,
542 628 34 20 att
591 626 48 22 ifall
655 629 73 20 staten
743 628 50 21 icke
811 627 33 22 för
861 633 59 22 egen

98 656 94 28 räkning
214 657 87 27 bygger
325 656 72 22 denna
419 656 66 26 bana,
507 656 24 22 sä
547 657 24 21 är
587 657 54 21 nära
656 658 28 27 pä
700 658 86 21 hvilket
801 656 119 29 ögonblick

97 692 49 16 som
168 686 59 22 helst
243 687 32 21 ett
297 686 74 28 privat
385 686 67 28 bolag
468 686 82 28 färdigt
565 687 34 21 att
615 686 71 22 bildas
702 687 35 21 för
753 687 128 22 utförandet
898 686 26 22 af

97 716 136 22 densamma.
265 715 31 22 Pä
317 715 77 22 hvilka
415 716 97 28 grunder
528 717 73 21 staten
617 716 28 22 dä
660 717 70 28 enligt
745 717 103 27 gällande
866 716 56 22 kon-

97 746 137 28 cessionslag
257 746 56 21 skall
337 746 74 21 kunna
434 745 57 22 afslä
506 752 29 15 en
550 745 68 23 sådan
636 746 243 22 koncessionsansökan
897 747 24 21 är

96 775 62 23 svärt
180 777 33 20 att
236 775 66 22 finna.
334 775 172 29 Otvifvelaktigt
529 776 24 21 är
574 778 33 19 att
624 776 37 22 det
680 776 3 22 i
700 776 81 28 mänga
796 776 125 22 afseenden

98 812 54 16 vore
175 805 122 29 olämpligt,
321 811 36 16 om
380 805 74 22 banan
477 805 48 22 icke
544 806 87 27 bygdes
646 806 27 22 af
686 808 80 20 staten.
798 805 81 23 Likaså
896 806 26 21 är

96 836 40 28 jag
160 841 52 16 ense
234 835 49 22 med
300 835 113 28 professor
428 835 90 22 Donner
534 836 77 21 derom
635 838 32 19 att
683 842 28 16 en
727 836 58 22 bana
801 836 34 22 till
850 835 69 22 Num-

100 866 58 21 mela
180 864 70 23 likaså
268 864 167 29 otvifvelaktigt
450 865 100 21 kommer
566 866 33 21 att
615 865 86 29 byggas
717 866 7 21 i
740 872 29 16 en
785 872 51 16 snar
852 866 68 21 fram-

98 895 39 22 tid.
168 895 51 22 Men
241 894 117 23 skilnaden
381 895 24 20 är
421 894 56 22 dock
501 894 43 22 den
563 897 32 20 att
611 896 81 20 medan
707 896 7 21 i
731 895 63 28 fråga
810 901 36 16 om
863 895 54 28 byg-

98 925 125 22 nadssättet
246 925 35 21 för
303 924 65 21 Karis
401 919 137 38 Helsingfors
564 924 56 22 eller
646 925 123 22 Gerknäs—
779 919 140 38 Helsingfors

99 955 73 22 banan
194 954 49 22 icke
267 954 44 22 kan
333 953 53 22 räda
407 953 68 28 nägot
489 954 86 26 tvifvel,
592 955 40 21 har
648 961 51 16 man
716 955 90 27 mycket
821 955 49 22 skäl
886 956 34 20 att

100 985 66 22 tveka
182 991 37 15 om
235 984 170 28 bygnadssättet
421 983 34 22 för
470 984 118 22 Nummela
605 984 78 22 banan.
715 985 51 22 Den
782 985 73 26 trafik,
872 990 49 16 som

98 1014 119 23 Nummela
241 1014 71 22 banan
335 1013 73 22 skulle
431 1013 68 22 hafva
517 1015 33 20 att
566 1014 60 27 sörja
642 1014 35 22 för
693 1015 41 21 och
751 1021 47 15 som
816 1020 51 16 man
884 1013 37 22 väl

99 1045 45 21 kan
159 1044 85 28 hoppas
259 1043 49 22 icke
324 1043 75 22 blefve
415 1043 70 28 ringa,
501 1044 25 21 är
542 1043 59 22 lokal
617 1044 72 21 trafik.
721 1044 46 22 Och
784 1050 37 15 om
837 1044 43 21 den
896 1044 26 21 af

99 1075 91 27 prosten
213 1073 105 22 Törnudd
341 1073 99 27 antydda
464 1073 72 22 banan
560 1073 49 22 från
624 1073 121 28 Pyhäjärvi
762 1074 55 21 eller
833 1073 87 22 Vichtis

98 1104 35 22 till
156 1103 118 23 Nummela
295 1103 100 22 kommer
410 1103 34 21 till
460 1103 64 22 stånd
540 1103 42 22 och
597 1104 100 21 ansluter
712 1103 36 29 sig
763 1103 33 22 till
812 1103 108 22 Jokkis—

100 1134 161 26 Forssabanan,
285 1133 24 22 sä
332 1134 25 20 är
379 1133 38 21 det
433 1134 36 21 väl
486 1133 111 22 sannolikt
621 1135 33 20 att
670 1134 43 21 den
731 1134 27 27 pä
773 1140 86 15 samma
875 1134 45 20 sätt

100 1170 46 16 som
164 1163 190 23 Forssa—Jokkis
370 1163 80 26 banan,
467 1163 85 28 bygges
569 1163 138 28 smalspårig.
739 1164 40 21 Att
795 1164 61 20 detta
866 1163 55 28 byg-

101 1194 141 27 nadssystem
265 1193 90 22 tillfullo
380 1193 72 21 skulle
476 1195 113 19 motsvara
612 1192 107 23 behofvet
743 1193 41 22 och
800 1194 74 20 lemna
890 1194 32 20 ett

102 1223 172 28 fördelaktigare
299 1222 140 22 ekonomiskt
462 1223 100 26 resultat,
586 1229 67 21 synes
676 1229 54 23 vara
753 1223 66 21 minst
834 1222 88 28 sagdti

100 1253 45 27 hög
160 1252 55 28 grad
231 1252 117 22 sannolikt.
365 1252 42 22 Om
423 1258 30 16 nu
470 1236 173 48 fortsättningen
658 1253 26 21 af
699 1246 67 28 Äbo—
774 1242 66 42 Karis
849 1252 73 22 banan

100 1282 34 22 till
157 1282 140 28 Helsingfors
320 1282 49 21 icke
393 1282 100 21 kommer
508 1282 33 21 till
558 1269 119 35 utförande
693 1282 28 28 på
737 1282 71 28 grund
825 1282 25 21 af
863 1282 59 21 stän-

100 1312 115 21 derbeslut
231 1312 37 21 vid
285 1312 72 21 denna
372 1311 113 27 landtdag,
503 1311 23 22 så
542 1311 101 22 kommer
659 1312 42 21 den
718 1312 37 21 det
771 1313 55 20 utan
841 1311 80 21 tvifvel

100 1341 29 28 på
149 1343 32 19 ett
197 1341 54 21 eller
267 1343 68 19 annat
350 1341 45 21 sätt
411 1341 7 20 i
435 1347 27 15 en
478 1347 52 15 snar
546 1341 96 21 framtid.
674 1341 51 21 Men
741 1347 51 15 man
808 1340 40 21 bör
864 1340 58 21 efter

100 1371 51 21 mitt
174 1370 145 22 förmenande
340 1370 49 21 icke
406 1370 108 21 försämra
532 1370 72 21 banan
619 1376 81 21 genom
717 1371 32 20 att
766 1369 48 22 föra
830 1370 43 21 den
888 1369 34 22 till

100 1400 103 21 Gerknäs
227 1401 50 21 med
302 1399 44 22 alla
369 1400 28 21 de
415 1399 150 28 olägenheter,
582 1405 48 16 som
646 1399 92 22 dermed
753 1400 38 21 äro
809 1399 111 22 förenade.

100 1429 44 22 För
161 1429 44 21 min
221 1429 36 21 del
272 1429 45 21 kan
328 1429 40 27 jag
384 1429 49 21 icke
449 1429 56 26 hysa
520 1429 43 21 den
581 1429 147 28 uppfattning,
745 1434 48 15 som
809 1429 26 20 af
846 1435 28 14 en
886 1429 36 20 del

101 1459 70 21 talare
195 1458 99 26 uttalats,
317 1459 33 20 att
373 1458 73 21 denna
462 1458 57 21 bana
534 1458 49 21 icke
599 1457 72 22 skulle
687 1464 55 15 vara
757 1458 26 21 af
796 1457 72 28 någon
884 1457 38 22 be-

101 1488 87 29 tydelse
212 1488 35 22 för
269 1488 76 21 landet
367 1487 8 22 i
399 1487 50 22 dess
465 1487 81 22 helhet.
579 1487 44 22 Det
639 1487 44 22 kan
699 1487 36 22 väl
751 1487 120 28 ingalunda
888 1486 34 23 för

102 1519 75 22 landet
200 1518 7 22 i
230 1518 51 23 dess
297 1518 76 22 helhet
389 1524 55 15 vara
461 1517 113 29 likgiltigt,
591 1523 35 16 om
642 1517 87 22 landets
744 1516 137 23 hufvudstad
897 1517 25 22 är
