1123 1786
251 131 54 20 1482
562 128 83 18 Toukok.
659 129 22 16 15
694 133 16 17 p.

289 181 124 22 Professori
428 181 134 22 Hermanson:
579 181 44 28 Jag
638 181 73 21 tviflar
726 181 49 22 icke
790 181 29 26 pä
829 182 32 20 att
872 181 164 26 presteständet

219 212 98 21 kommer
339 213 34 19 att
396 211 91 22 omfatta
510 211 49 22 sina
579 211 174 21 medlemmars
742 207 13 35 i
770 211 108 21 utskottet
893 211 142 21 reservation.

218 241 51 22 Men
281 241 40 27 jag
337 241 40 22 ber
392 243 33 18 att
440 240 23 22 fä
479 243 78 19 nämna
573 241 69 26 nägra
657 239 24 23 fä
697 240 44 22 ord.
764 240 114 22 Utskottet
889 240 41 21 har
939 240 36 22 till
986 241 48 21 stöd

218 270 35 22 för
274 271 41 21 sitt
335 270 146 27 afstyrkande
503 270 113 22 utlätande
637 269 74 22 anfört
733 271 34 20 att
782 270 37 22 det
834 276 52 16 vore
902 270 133 28 lämpligast,

219 303 32 19 att
267 300 79 27 frägan
361 300 68 21 löstes
449 300 4 21 i
469 300 156 27 sammanhang
639 299 49 22 med
703 300 131 27 rättegängs
849 299 116 22 reformen.
984 300 52 21 Men

219 330 108 22 utskottet
343 330 40 21 har
398 330 49 21 icke
463 331 84 20 kunnat
565 329 117 22 framhälla
705 331 32 19 att
753 330 38 21 det
806 336 52 15 vore
874 330 114 26 olämpligt
1003 332 33 19 att

218 360 47 21 lösa
290 358 79 28 frågan
394 359 69 22 redan
485 358 66 23 förut.
582 359 103 22 Tvärtom
709 360 70 21 måste
800 359 39 27 jag
861 365 53 16 anse
930 359 37 22 det
982 366 54 14 vara

217 389 102 28 lämpligt
342 391 33 20 att
397 388 79 28 frägan
499 393 107 24 upptages
630 389 37 22 vid
690 390 63 20 nästa
770 389 130 27 kyrkomöte
916 390 40 20 och
972 391 64 20 nästa

218 420 157 27 ständermöte,
392 419 93 22 hvarvid
501 418 64 29 fräga
580 426 35 16 om
625 420 60 22 vissa
695 418 146 23 edsformulär
850 420 9 20 i
869 419 43 22 alla
923 419 40 22 fall
973 419 63 23 torde

219 449 84 22 komma
327 449 54 22 före.
413 449 43 21 Till
480 450 48 21 stöd
552 449 36 22 för
603 450 40 21 sitt
659 449 144 27 afstyrkande
819 449 113 22 utlätande
947 450 39 21 har
1002 451 33 19 ut-

219 480 84 22 skottet
325 478 36 23 för
383 480 140 26 ögonblicket
544 480 84 21 kunnat
649 479 77 21 anföra
743 480 84 26 endast,
844 481 32 19 att
891 480 109 21 utskottet
1016 479 19 28 ej

218 509 44 21 kan
278 509 98 22 erkänna
392 511 33 19 att
440 508 103 22 behofvet
559 509 25 21 af
596 508 81 23 reform
693 515 54 15 vore
763 510 24 20 sä
803 509 122 27 trängande
942 511 33 19 att
985 509 51 21 den-

218 545 81 15 samma
321 538 67 22 borde
412 538 77 28 föregä
510 538 42 22 den
576 541 61 19 snart
661 538 140 22 förestäende
817 539 179 27 omarbetningen
1012 538 26 22 af

218 569 180 22 edsformulären.
417 569 40 21 Att
467 568 104 23 behofvet
581 571 26 20 är
616 569 129 28 trängande,
754 569 56 22 hade
826 569 55 22 dock
891 570 51 21 bort
951 569 86 27 framgä

218 605 26 15 ur
260 598 43 28 det,
320 604 45 16 som
382 599 7 21 i
404 598 239 27 petitionsmemorialet
659 598 85 22 anförts
760 605 26 15 ur
805 598 179 22 diskussionerna
998 598 38 22 vid

218 628 147 28 kyrkomötet,
389 628 110 27 nämligen
522 630 34 19 att
579 627 173 23 edsformulären
767 628 14 21 ä
797 634 40 16 ena
861 628 62 22 sidan
939 628 47 22 ledt
1001 628 34 22 till

218 658 111 22 förtviflan
354 658 39 22 och
417 658 140 22 samvetsnöd
573 658 39 21 hos
628 658 93 27 mängen
737 660 129 20 samvetsöm
884 658 39 21 och
939 658 13 21 ä
968 658 69 21 andra

219 688 62 22 sidan
303 688 36 21 till
362 694 27 15 en
410 688 47 27 lätt,
475 687 34 22 för
524 689 33 20 att
572 688 49 22 icke
638 689 53 25 säga
707 688 116 27 lättsinnig
839 687 142 28 uppfattning
996 688 40 21 och

218 718 34 21 till
269 719 32 20 ett
315 717 128 27 lättsinnigt
457 718 86 26 gäende
559 717 24 21 af
597 718 55 21 eden
667 718 14 20 ä
697 717 42 22 den
755 718 74 21 andra.
850 717 44 22 Det
909 718 41 21 har
960 718 76 21 vidare

217 747 134 22 framhällits
367 750 34 18 att
415 748 42 20 här
472 746 122 28 föreligger
609 750 33 19 ett
657 748 172 27 samvetstväng,
846 747 112 27 angäende
969 747 67 22 hvars

219 777 166 27 orättmätighet
407 777 142 27 meningarna
571 777 84 27 knappt
670 777 74 21 kunna
759 779 66 25 sägas
841 784 53 14 vara
910 777 83 22 delade.
1024 777 12 22 I

217 807 240 27 petitionsmemorialet
472 807 40 21 har
528 807 40 21 ock
584 807 85 21 anförts
689 807 95 27 följande
799 807 104 27 yttrande
919 807 49 21 från
984 807 51 27 kyr-

217 837 106 21 komötet:
343 836 53 25 ,Om
412 842 27 16 en
455 836 58 28 gång
528 837 43 21 alla
588 836 53 22 offer
656 836 28 26 pä
701 836 60 22 detta
777 836 87 22 område
879 836 23 22 få
914 837 69 21 uttala
994 837 41 21 den

217 866 51 27 nöd,
292 866 27 21 de
340 865 56 28 lidit,
413 872 42 21 nog
471 866 62 22 skola
548 866 23 21 vi
587 866 72 26 häpna
675 865 63 23 öfver
754 866 42 21 den
811 866 109 27 härjning,
938 872 45 16 som
999 866 38 22 det

218 895 95 28 oriktiga
329 894 169 23 edsformuläret
513 895 90 22 kommit
618 896 14 21 å
647 895 70 22 stad".
750 895 46 22 Och
812 895 60 22 detta
887 895 90 22 oaktadt
992 896 44 21 kan

217 925 50 22 icke
282 925 109 22 utskottet
407 925 98 22 erkänna
519 924 105 23 behofvet
635 924 24 22 af
667 925 72 21 denna
749 925 82 22 reform
842 931 52 16 vara
904 925 131 27 trängande!

289 955 199 26 Tuomiokapitulin
514 955 95 22 asessori
632 955 155 22 Wennerström:
811 955 34 21 Då
866 955 38 27 jag
927 957 25 19 är
971 955 65 27 lifligt

219 985 131 26 öfvertygad
373 984 74 22 derom
470 987 32 18 att
525 985 37 21 det
577 984 136 27 högvördiga
728 985 164 26 presteständet
908 985 129 27 godkänner

219 1014 42 22 den
277 1014 98 28 petition,
392 1020 45 15 som
453 1015 72 27 ligger
540 1015 36 21 till
592 1014 71 27 grund
679 1013 35 22 för
729 1015 158 27 lagutskottets
898 1015 138 22 betänkande

218 1051 35 14 n:o
269 1045 20 26 6,
313 1045 40 20 ber
369 1044 39 27 jag
422 1044 57 21 blott
495 1047 32 18 att
542 1044 23 21 få
580 1043 89 22 förorda
685 1044 41 21 den
742 1045 143 27 reservation,
902 1051 46 15 som
963 1046 26 20 är
1003 1045 33 21 bi-

218 1073 65 28 fogad
299 1074 36 21 till
350 1073 156 22 betänkandet.

289 1103 134 28 Yliopettaja
446 1103 96 22 Kihlman:
564 1103 115 22 Professor
694 1103 137 22 Hermanson
847 1104 40 21 har
903 1104 83 21 erinrat
1002 1110 33 15 om

218 1133 121 27 petitionen
361 1134 41 21 och
417 1133 57 22 huru
489 1133 123 28 trängande
627 1133 104 22 behofvet
747 1139 52 16 vore
815 1135 33 20 att
863 1139 27 16 en
906 1133 130 28 förändring

218 1163 8 21 i
242 1163 103 22 afseende
361 1163 13 21 &
390 1163 173 22 edsformulären
580 1163 72 22 skulle
667 1163 169 22 åstadkommas.
866 1163 44 22 Det
926 1163 63 22 torde
1000 1164 36 21 väl

218 1192 49 22 icke
283 1192 74 22 kunna
371 1192 70 22 nekas
457 1194 33 20 att
505 1195 32 19 ett
552 1192 99 27 verkligt
666 1191 192 23 missförhällande
873 1193 41 21 här
925 1199 53 21 eger
988 1199 48 15 rum

218 1222 45 27 och,
287 1222 28 22 dä
338 1222 61 22 detta
422 1224 25 19 är
469 1222 69 28 fallet,
556 1223 40 21 bör
617 1222 36 21 väl
669 1222 201 22 missförhällandet
886 1222 109 27 aflägsnas
1011 1223 25 21 sä

218 1252 45 21 fort
279 1259 44 15 som
340 1253 89 26 möjligt.
460 1252 51 22 Man
527 1253 130 27 uppskjuter
673 1252 48 21 icke
737 1253 49 20 med
802 1254 33 19 att
850 1253 69 21 ändra
935 1252 43 27 det,
990 1259 46 16 som

218 1282 41 21 bör
281 1282 87 27 ändras,
384 1288 49 15 man
453 1283 40 20 bör
507 1282 49 22 icke
572 1282 120 27 uppskjuta
707 1281 89 22 dermed
812 1282 48 21 icke
877 1289 27 15 en
920 1282 49 28 dag,
986 1282 50 22 icke

219 1317 26 16 en
263 1312 78 21 timme.

289 1365 160 32 Äänestysesitys
457 1378 4 13 :

291 1429 63 28 Ken
378 1429 117 28 hyväksyy
518 1429 147 22 valiokunnan
682 1429 125 29 mietinnön,
824 1431 76 20 vastaa
916 1430 70 29 ,jaa',
1001 1431 35 28 jos

221 1477 8 10 v
234 1459 32 22 €i*
285 1460 88 24 voittaa,
397 1466 27 15 on
440 1461 64 26 sääty
519 1459 143 28 hyväksynyt
677 1459 129 22 mietintöön
822 1459 88 28 liitetyn
926 1461 108 22 vastalau-

219 1491 73 21 seen".
