1123 1792
438 121 83 18 Toukok.
534 123 11 17 8
558 127 16 17 p.
827 125 54 19 1181

95 174 103 28 myöskin
213 175 89 21 muiden
318 175 78 27 syiden
411 175 89 27 nojalla,
515 174 63 28 jotka
594 176 29 21 oli
638 175 175 22 huomattavana
823 177 91 20 useasta

94 204 172 22 valiokunnassa
282 204 160 28 käytettävänä
458 204 100 23 olevasta
568 204 212 22 eläintieteellisestä
791 206 119 21 teoksesta.

93 234 61 22 Minä
169 234 150 22 niinmuodoin
335 234 111 28 pyytäisin
463 234 120 22 kannattaa
599 235 98 27 provasti
708 234 89 22 Wallen
809 236 104 20 tekemää

95 263 162 21 vastalausetta
272 264 66 20 tässä.

166 293 54 22 Mitä
234 292 142 23 latinalaisiin
390 293 77 22 nimiin
481 293 67 26 tulee,
565 292 91 23 tahdoin
672 293 172 22 valiokunnassa
856 293 56 22 ensi-

95 323 107 21 mäisessä
225 322 147 22 lukemisessa
395 323 53 21 niitä
471 323 177 26 säilytettäväksi
669 323 24 26 ja
716 323 142 21 luonnollista
884 329 28 15 on

94 382 72 21 Mutta
188 382 61 27 kyllä
270 382 180 28 käytännöllinen
466 382 70 28 hyöty
552 382 74 22 niiden
642 382 71 22 siihen
729 383 139 21 ottamisesta
884 388 28 15 on

92 413 133 27 jokseenkin
241 412 116 26 vähäinen,
374 412 49 21 sillä
439 412 61 21 asian
515 412 173 28 todenperäinen
703 412 54 21 laita
773 418 29 15 on
813 412 99 22 niinkuin

92 442 132 21 valiokunta
246 448 28 15 on
296 442 122 22 maininnut
439 443 46 20 että
501 443 66 20 nämä
581 442 134 21 latinalaiset
730 442 69 21 nimet
814 443 98 20 muuttu-

94 474 39 19 vat
150 472 107 27 hyvinkin
274 472 75 27 paljon
362 472 25 27 ja
402 471 83 22 tahdon
500 471 109 22 ilmoittaa
624 473 46 20 että
686 472 58 21 moni
761 471 151 22 valiokunnan

90 502 73 27 jäsen,
186 501 54 28 joka
256 501 105 22 koulussa
376 502 24 27 ja
415 502 168 27 gymnaasiossa
599 501 29 22 oli
643 502 115 27 zoologiaa
773 501 102 27 lukenut,
892 502 19 21 ei

94 563 109 20 tuntenut.
236 561 91 22 Saattaa
348 561 44 22 olla
414 561 132 27 jokseenkin
568 561 76 28 yhden
664 561 102 26 tekevää,
783 561 53 21 mitä
851 562 61 20 tässä

94 591 103 21 tehdään.
230 591 59 21 Minä
311 591 124 28 puolestani
458 591 61 27 kyllä
542 591 52 21 voin
617 591 121 21 kannattaa
762 591 150 21 latinalaisten

93 621 83 21 nimien
199 621 119 26 ottamista,
342 621 34 27 jos
400 621 64 27 sääty
487 627 40 15 sen
550 622 92 20 muuten
664 621 60 27 pitää
748 620 163 28 tarpeellisena.

94 651 92 27 Mäyrän
203 651 95 21 ehdotan
314 650 175 29 poistettavaksi.

165 681 102 21 Provasti
283 680 115 27 Karlsberg;
421 680 60 22 Minä
496 681 113 21 kannatan
620 680 74 21 kaikin
705 680 75 27 puolin
792 680 119 28 professori

92 711 149 22 Bonsdorff'in
258 711 117 21 ehdotusta
391 711 22 27 ja
428 717 40 15 sen
483 710 76 22 lisäksi
575 710 59 22 minä
645 710 141 21 ehdottelisin
797 711 47 20 että
856 716 56 15 sana

96 741 145 27 »järvihylje*
265 741 160 22 muutettaisiin
448 740 89 22 sanaksi
563 741 96 26 ,hylje*,
683 740 49 21 sillä
748 740 117 27 merihylje
882 746 29 15 on

93 771 55 28 yhtä
168 770 165 28 vahingollinen
349 771 58 21 eläin
422 771 53 21 kuin
489 770 166 28 järvihyljekin,
670 770 24 27 ja
710 771 46 20 että
771 770 139 26 lepinkäiset,

91 801 65 27 jotka
179 801 69 21 olivat
270 800 149 22 armollisessa
442 800 141 28 esityksessä,
608 801 72 20 mutta
703 806 28 15 on
753 800 84 28 jätetty
852 801 59 20 tästä

94 830 54 28 pois,
170 830 120 22 otettaisiin
306 830 171 28 vahingollisten
493 830 93 27 lintujen
601 830 120 27 joukkoon.
754 829 56 22 Olen
825 831 86 20 muuta-

93 861 68 20 missa
179 860 109 27 kirjoissa,
302 860 64 28 jotka
382 859 91 22 minulla
489 860 59 21 eivät
564 859 35 22 ole
614 860 69 21 täällä
699 859 103 26 mukana,
818 859 93 22 lukenut

91 891 48 20 että
154 890 133 28 lepinkäiset
302 891 53 21 ovat
370 890 88 21 erittäin
475 889 160 28 vahingollisia.

163 920 124 21 Professori
303 920 111 26 Runeberg:
446 920 43 27 Jag
505 919 39 22 ber
559 920 33 20 att
608 919 56 21 först
680 918 22 22 fä
718 919 58 21 fästa
792 919 118 27 uppmärk-

91 950 117 21 samheten
224 949 27 28 pä
267 950 43 21 den
325 950 144 25 reservation,
485 955 48 15 som
548 949 69 21 redan
632 948 40 22 här
683 948 137 25 framhällits,
833 948 19 22 d.
863 954 19 16 v.
892 954 17 16 s.

91 980 51 25 den,
152 985 47 15 som
216 980 67 26 yrkar
299 981 33 19 att
347 979 123 28 gräflingen
486 979 107 21 uteslutes
611 984 25 16 ur
651 979 140 27 paragrafen.
822 978 35 21 Då
873 978 37 21 det

91 1009 88 29 engäng
199 1009 58 22 varit
278 1009 24 21 sä
322 1009 89 27 mycket
427 1008 62 29 fräga
506 1014 35 16 om
558 1008 61 22 detta
635 1008 57 28 djur,
709 1008 99 22 anhäller
822 1008 39 27 jag
877 1009 33 20 att

93 1038 22 22 fä
138 1039 75 27 citera,
230 1038 58 22 hvad
312 1039 82 21 Brehm
414 1039 5 21 i
439 1038 34 22 sin
488 1039 45 21 bok
549 1044 35 16 om
601 1038 139 28 däggdjuren
756 1039 72 27 säger.
860 1038 51 22 Han

90 1069 106 22 skrifver:
223 1068 89 28 ,Nägon
329 1068 103 22 märkbar
447 1069 70 21 skada
533 1068 39 28 gör
588 1068 123 28 gräflingen
726 1068 50 21 icke
792 1068 6 20 i
814 1067 95 28 Europa,

91 1099 7 21 i
122 1098 44 22 alla
189 1098 118 22 händelser
330 1098 71 27 aldrig
423 1098 148 28 nägonstädes
590 1097 24 22 sä
630 1100 52 24 stor,
698 1099 34 20 att
747 1098 43 20 den
806 1097 28 28 pä
849 1097 62 27 längt

92 1129 39 20 när
152 1128 82 22 förmår
255 1129 103 27 uppväga
374 1128 41 21 den
432 1130 65 25 nytta
511 1128 44 21 han
571 1128 40 27 gör
626 1132 81 23 genom
724 1127 128 21 förtärande
868 1127 42 21 och

91 1158 118 21 utrotande
226 1158 25 21 af
260 1157 48 24 alla
321 1157 60 28 slags
392 1157 120 27 skadedjur
523 1158 6 20 i
541 1158 55 27 skog
607 1157 41 21 och
660 1156 69 26 mark,
741 1156 92 22 hvarför
844 1155 66 23 också

90 1187 190 28 skogsförvaltare
296 1193 80 22 genom
392 1188 55 20 hans
464 1187 134 27 förföljande
614 1186 60 22 svärt
691 1186 106 28 försynda
812 1186 35 28 sig
864 1188 46 19 mot

90 1217 36 27 sig
148 1217 83 27 sjelfva
253 1217 41 21 och
317 1218 46 20 mot
386 1217 43 21 den
452 1216 22 22 ät
493 1216 64 22 deras
572 1216 54 22 vård
642 1216 144 21 anförtrodda
802 1216 107 28 skogen”.

91 1246 35 22 Dä
148 1246 149 28 gräflingarna
319 1248 114 26 upptagna
456 1246 72 22 säsom
545 1246 121 28 skadedjur
682 1245 22 22 fä
719 1246 69 21 dödas
804 1245 26 21 af
842 1246 68 21 hvem

89 1282 49 16 som
154 1276 60 22 helst
236 1276 55 22 hvar
307 1277 57 21 helst
380 1277 27 20 de
420 1276 106 22 anträffas
537 1276 41 22 och
589 1275 86 22 säledes
687 1282 28 14 en
724 1275 126 28 jordegare,
861 1281 49 15 som

91 1306 99 22 önskade
213 1306 87 27 skydda
323 1306 27 22 de
366 1306 127 28 gräflingar,
510 1312 47 15 som
573 1306 71 21 finnas
660 1305 28 27 pä
704 1305 54 21 hans
775 1304 69 27 mark,
860 1304 50 22 icke

92 1336 33 22 fär
140 1336 55 28 göra
211 1336 43 26 det,
271 1336 94 21 emedan
380 1336 66 21 hvem
462 1341 47 15 som
525 1336 59 20 helst
600 1335 32 21 fär
648 1334 76 28 skjuta
737 1334 58 27 dem,
807 1334 23 22 sä
842 1340 68 22 synes

90 1366 40 21 det
144 1372 54 15 vara
214 1366 85 28 ganska
315 1366 120 27 olämpligt,
453 1366 33 20 att
501 1365 28 21 de
545 1366 110 27 upptagas
671 1364 67 22 bland
755 1364 65 22 dessa
831 1364 78 22 skade-

90 1396 58 26 djur.

162 1424 65 22 Hvad
243 1424 47 21 äter
305 1424 112 27 professor
430 1424 130 21 Bonsdorffs
571 1424 146 26 anmärkning
728 1430 36 14 om
775 1424 27 20 de
814 1424 96 20 latinska

90 1460 97 15 namnen
203 1454 113 26 beträffar,
332 1453 24 22 sä
371 1459 40 16 var
427 1452 154 26 förhällandet,
598 1452 58 22 hvad
672 1452 45 28 mig
733 1452 113 27 beträffar,
863 1452 47 21 det-

90 1490 87 15 samma
199 1489 48 16 som
272 1483 50 22 med
344 1483 143 28 domprosten
501 1482 111 29 Hedberg,
630 1482 112 29 nämligen
758 1483 33 21 att
804 1482 40 28 jag
860 1482 50 21 icke

90 1520 42 16 var
139 1507 14 40 i
171 1513 89 22 tillfälle
275 1515 33 20 att
324 1519 53 16 vara
393 1513 138 22 närvarande
546 1513 38 22 vid
600 1513 42 21 den
658 1512 70 22 andra
742 1512 123 29 läsningen,
882 1511 28 22 dä
