1117 1803
418 107 77 18 Huhtik.
509 108 22 17 26
543 112 18 18 p.
826 110 42 19 895

82 162 56 22 Yksi
151 162 66 28 jäsen
232 162 104 23 kustakin
351 163 105 27 säädystä
471 169 29 16 on
515 162 56 22 siinä
582 163 74 22 minun
667 162 124 22 mielestäni
801 162 96 28 kylliksi,

82 192 70 23 koska
167 193 76 22 nämät
259 193 83 22 miehet
357 195 52 20 ovat
424 193 124 22 oikeutetut
563 193 126 22 vaatimaan
704 199 59 22 apua
776 193 25 28 ja
811 199 88 16 neuvoa

82 223 46 22 niin
143 223 97 22 monelta
256 223 176 28 asiantuntijalta
447 223 53 22 kuin
515 223 107 22 tahtovat.
648 223 75 22 Koska
734 223 97 22 Suomen
842 223 55 22 Pan-

82 253 76 22 kinkin
179 253 60 22 hoito
260 253 95 22 voidaan
372 253 69 22 uskoa
456 253 98 28 neljälle,
568 253 25 27 ja
608 253 56 22 siinä
679 253 114 22 kuitenkin
809 259 28 16 on
853 253 45 22 niin

82 284 76 21 suuret
179 283 53 22 edut
251 283 180 28 kysymyksessä,
447 284 46 21 niin
508 283 62 28 kyllä
585 283 142 28 epäilemättä
743 283 95 22 voidaan
853 285 44 20 täs-

81 313 64 22 säkin
167 313 85 22 asiassa
275 313 55 22 tulla
352 313 96 22 toimeen
468 313 187 22 vähemmälläkin
676 313 95 27 luvulla;
788 313 110 28 pienempi

80 343 55 22 luku
151 349 28 16 on
195 343 50 22 aina
261 343 153 28 köykäisempi
429 343 71 22 laitos.
525 343 70 23 Tässä
610 343 88 22 kohden
713 343 89 28 pitäisin
818 343 37 22 siis
866 343 30 22 ai-

81 379 43 15 van
144 373 117 22 kokonaan
286 374 74 21 tämän
383 373 139 22 ehdotuksen
543 374 82 28 puolta,
646 373 132 28 puolustaen
799 379 99 16 samassa

81 403 219 22 valtiovaliokunnan
317 404 123 21 ehdotusta.

153 433 76 22 Koska
252 434 91 21 minulla
366 440 28 15 on
416 440 146 20 sananvuoro,
586 434 90 28 pyydän
698 434 59 21 vielä
775 433 123 28 selvyyden

81 463 78 23 vuoksi
178 463 69 22 saada
262 463 144 22 huomauttaa
422 464 73 21 erästä
511 464 102 26 virhettä,
628 464 54 27 joka
697 470 28 16 on
741 464 105 28 siirtynyt
861 464 37 21 de-

80 494 146 28 legatsioonin
241 493 160 23 ehdotuksesta
415 494 219 22 valtiovaliokunnan
649 494 157 22 ehdotukseen.
830 494 67 21 Kum-

81 524 111 22 massakin
207 524 114 28 puhutaan
337 524 207 27 valtuuskunnasta,
558 524 69 28 johon
642 524 96 22 kuuluisi
757 524 62 27 ,yksi
833 524 65 28 jäsen

78 554 25 28 ja
125 554 74 23 kolme
222 555 142 27 varajäsentä
379 554 103 22 kustakin
498 555 126 28 säädystä*.
656 554 95 28 Tietysti
767 554 20 21 ei
803 554 35 22 ole
853 555 43 20 tar-

80 585 79 26 koitus,
183 585 47 21 että
248 585 66 21 nämä
330 584 79 22 valitut
424 585 87 21 olisivat
524 585 60 28 juuri
600 585 51 21 siitä
666 585 30 21 tai
712 585 58 20 tästä
785 584 113 27 säädystä,

79 621 58 15 vaan
153 621 27 15 ne
197 616 52 20 ovat
265 615 118 21 valittavat
397 614 104 22 kunkin
517 615 101 28 säädyn
639 615 134 28 puolesta.
805 614 92 28 Selvyy-

80 644 42 22 den
145 644 78 22 vuoksi
244 645 71 21 lienee
331 645 93 21 kentiesi
440 645 100 28 parempi
555 645 47 22 että
617 645 64 22 oikea
697 646 74 20 muoto
787 645 61 21 tässä
863 646 32 19 tu-

79 674 35 22 lee
129 674 186 29 ponsilauseesen,
327 675 70 21 koska
411 675 108 22 tarkoitus
535 675 114 22 ilmeisesti
665 681 28 16 on
703 674 114 27 sellainen,
836 687 13 2 —
863 680 34 15 sa-

80 705 59 21 moin
161 704 54 22 kuin
241 705 80 27 säädyt
344 705 105 21 tähänkin
472 705 48 24 asti,
545 705 212 27 talonpoikaissääty
778 704 119 26 varsinkin,

79 736 52 20 ovat
154 734 101 22 valinnut
279 734 168 22 edusmiehensä
470 735 84 28 säädyn
577 734 196 29 ulkopuoleltakin,
794 734 59 22 mikä
870 740 28 16 on

79 764 55 22 ollut
149 764 77 22 asialle
242 764 83 22 eduksi.

149 794 123 22 Professori
297 794 88 23 Donner:
417 794 115 23 Professor
552 794 92 23 Palmen
667 795 40 21 har
729 795 69 21 redan
813 794 84 28 pämint

80 825 75 21 derom
177 826 32 21 att
225 825 6 21 i
247 824 82 28 sjelfva
347 825 78 21 verket
441 825 43 22 den
499 825 95 29 uppgift,
610 831 48 16 som
675 826 100 21 kommer
789 826 34 20 att
839 824 56 22 före-

79 856 60 28 ligga
163 855 42 22 den
223 862 45 21 nya
286 855 161 29 delegationen,
464 856 46 21 helt
525 855 106 29 naturligt
648 855 68 22 mäste
732 862 55 15 vara
802 855 25 21 af
841 854 54 22 min-

79 886 39 21 dre
136 885 134 28 omfattning
286 885 40 22 och
342 885 116 28 betydelse
474 887 28 20 än
518 886 41 21 den
576 886 59 22 förra
651 886 172 27 delegationens,
839 890 57 16 eme-

80 916 42 21 dan
139 915 72 22 denna
227 915 56 21 hade
299 915 33 22 till
348 915 88 29 uppgift
452 917 32 20 att
500 915 112 23 diskutera
628 916 41 21 och
681 916 124 27 framlägga
813 915 84 27 förslag

80 945 94 22 rörande
191 945 178 28 organisationen
384 946 26 20 af
418 951 28 16 en
461 946 88 26 anstalt,
566 952 48 16 som
630 946 73 21 kunde
720 946 113 21 betraktas
849 950 47 16 som

80 977 32 20 ett
132 976 206 26 nationalmuseum,
355 975 85 23 säledes
456 982 28 16 en
500 976 87 24 anstalt,
604 976 6 22 i
626 976 90 21 hvilken
733 976 68 21 borde
816 975 81 28 inrym-

80 1012 46 15 mas
149 1006 62 22 säväl
235 1006 27 21 de
281 1006 128 22 nuvarande
429 1006 216 28 konstsamlingarna
660 1006 41 22 och
716 1006 119 22 historiska
851 1012 46 14 mu-

79 1042 62 16 seum
165 1042 47 16 som
236 1036 67 22 äfven
327 1036 27 22 de
377 1036 117 22 Antellska
512 1036 155 28 samlingarna.
698 1036 50 22 Den
764 1036 133 22 kommande

80 1066 154 28 delegationen
258 1066 47 21 åter
327 1066 57 21 skall
399 1066 7 21 i
421 1066 128 22 hufvudsak
564 1067 86 21 befatta
665 1066 34 29 sig
715 1066 49 21 med
780 1066 66 27 inköp
863 1066 35 21 för

80 1097 65 21 dessa
159 1096 127 28 samlingar,
304 1097 60 21 utom
380 1095 27 22 dä
423 1097 43 21 den
482 1096 104 29 möjligen
604 1097 99 21 kommer
719 1098 33 20 att
763 1096 28 28 pä
801 1095 96 29 regerin-

79 1133 55 22 gens
157 1126 101 29 uppdrag
281 1127 85 28 afgifva
382 1126 114 22 utlätande
511 1127 93 22 rörande
620 1127 28 21 de
664 1127 121 28 bygnader,
802 1132 47 16 som
864 1125 34 23 för

80 1157 65 22 dessa
160 1157 108 21 anstalter
284 1157 88 21 komme
388 1159 32 19 att
436 1157 114 22 behöfvas.
582 1157 43 28 Jag
641 1157 38 21 ber
695 1159 32 19 att
743 1157 34 21 för
793 1156 67 28 öfrigt
875 1155 22 22 få

80 1186 77 23 förena
181 1186 45 28 mig
250 1192 35 16 om
309 1187 112 27 professor
444 1186 104 23 Palmens
564 1187 53 22 sista
634 1187 121 27 förklaring
770 1188 33 19 att
818 1186 56 21 både
890 1185 7 21 i

81 1217 43 22 den
146 1216 72 22 finska
241 1217 41 21 och
299 1217 95 21 svenska
417 1218 76 20 texten
515 1217 112 28 uttrycket
647 1217 61 26 ,frän
724 1216 79 28 hvarje
819 1215 76 22 ständ*

80 1246 69 23 mätte
164 1246 81 22 ändras
260 1247 33 21 till
312 1247 48 25 ,för
374 1247 78 27 hvarje
468 1246 84 23 ständ*.

150 1306 151 22 Kirkkoherra
325 1306 110 22 Päivärinta
450 1306 101 22 kannatti
566 1306 183 28 tuomioprovasti
763 1306 135 28 Hedberg'in

79 1336 104 22 tekemää
199 1336 123 22 ehdotusta.

154 1396 52 22 Kun
228 1396 187 28 yleiskeskustelu
430 1396 30 22 oli
473 1396 111 28 julistettu
600 1396 161 28 päättyneeksi,
777 1395 122 28 hyväksyt-

80 1426 40 21 tiin
142 1426 121 21 mietinnön
279 1426 13 20 5
308 1426 70 20 sivulla
401 1426 57 20 oleva
482 1427 56 24 ponsi
562 1426 50 21 sekä
628 1426 14 21 6
657 1426 69 21 sivulla
749 1426 84 20 alkavan
850 1430 49 20 pon-

81 1459 37 16 nen
142 1454 134 21 ensimäiseen
299 1454 98 21 kohtaan
419 1454 88 22 nähden
525 1455 119 27 professori
661 1454 106 21 Paimen'in
784 1454 114 21 huomaut-

80 1486 61 19 tama
160 1483 91 29 korjaus
271 1484 46 21 että
333 1484 77 21 sanain
427 1483 117 26 ,kustakin
559 1483 118 28 säädystä*
694 1483 78 28 sijasta
787 1483 112 21 asetettai-

82 1514 42 21 siin
139 1515 64 20 sanat
221 1513 96 27 ,kunkin
333 1514 84 27 säädyn
432 1514 122 27 puolesta*.
