1123 1795
237 138 55 19 1292
539 135 83 17 Toukok.
636 135 22 17 12
671 139 18 18 p.

205 195 49 15 som
276 188 44 22 kan
344 188 70 22 blifva
438 188 26 21 af
482 194 35 15 om
534 187 67 23 också
616 188 49 21 icke
681 187 127 28 ödesdigert
824 188 129 28 inflytande,
970 188 56 22 dock

205 218 27 21 af
252 218 90 27 mycket
363 217 114 28 betänklig
492 219 35 20 art
542 218 8 21 i
565 217 108 22 afseende
689 217 13 21 å
717 218 44 21 den
777 217 76 22 vidare
869 217 157 28 utvecklingen

204 247 27 22 af
242 246 204 29 jernvägstrafiken
460 247 8 21 i
485 247 65 22 dessa
566 247 62 22 delar
643 247 26 22 af
682 247 82 21 landet.

275 277 45 22 För
341 277 45 21 min
402 276 36 22 del
454 283 66 15 anser
533 277 42 28 jag
589 277 41 26 att,
647 282 36 16 om
699 283 52 16 man
766 283 37 15 ser
819 276 78 29 frågan
912 278 50 21 rent
977 277 48 22 sak-

205 307 47 28 ligt,
276 307 38 21 det
337 313 53 15 vore
406 306 38 22 det
459 306 225 28 ändamälsenligaste
699 308 34 20 att
748 306 50 22 icke
813 306 37 22 vid
867 306 73 22 denna
955 305 71 24 landt-

205 337 44 28 dag
265 336 56 22 fatta
337 336 73 22 beslut
425 342 36 16 om
478 337 119 28 byggande
612 337 23 21 af
651 336 72 28 någon
739 336 26 22 af
778 336 66 22 dessa
854 337 108 24 sträckor,
973 339 53 19 utan

204 366 104 22 använda
323 367 43 21 den
382 366 133 23 kommande
531 366 177 28 treårsperioden
725 366 34 21 för
775 372 28 15 en
819 366 137 29 fullständig,
967 367 59 27 ingå-

205 396 58 21 ende
277 395 167 28 undersökning
460 396 26 21 af
498 396 29 21 de
543 402 30 15 nu
588 395 100 28 antydda
704 395 168 22 förhållandena
888 395 34 22 för
937 397 34 20 att
980 396 46 22 lan-

206 425 38 22 det
267 426 58 21 efter
347 426 64 20 nästa
434 425 107 28 landtdag
562 425 36 21 må
613 425 76 21 kunna
704 425 50 21 med
770 424 100 22 samlade
885 425 85 22 krafter
985 426 41 21 och

205 454 28 29 på
251 454 140 29 grundvalen
406 454 26 22 af
445 461 27 14 en
490 454 169 29 fullständigare
676 454 67 28 insigt
757 454 8 21 i
781 454 105 28 frågorna
900 455 76 21 skrida
990 455 36 21 till

206 486 32 20 ett
254 484 113 28 energiskt
378 483 117 23 utförande
505 485 26 21 af
540 485 27 20 de
579 484 204 28 bansträckningar,
795 490 48 15 som
854 483 72 23 skulle
938 484 86 28 framgå

205 514 26 21 af
244 520 28 16 en
288 514 62 27 dylik
364 509 172 44 undersökning.

276 543 44 28 Jag
342 543 100 22 kommer
465 543 25 22 så
512 543 33 22 till
569 543 27 22 de
612 543 139 22 återstående
767 543 99 22 banorna
882 543 7 22 i
905 543 119 22 utskottets

205 573 106 30 förslag,
308 569 8 43 |
323 573 254 35 förbindningsbanorna
602 573 82 22 mellan
710 573 87 22 landets
823 573 137 22 hufvudstad
984 574 41 21 och

206 597 58 28 Åbo.
296 598 74 27 Äfven
385 603 7 21 i
408 603 106 22 afseende
530 603 12 21 &
558 603 65 21 dessa
639 602 69 23 banor
724 603 127 26 förefinnes,
864 609 48 16 som
923 605 104 26 nogsamt

205 639 67 22 synes
288 633 26 22 af
327 633 43 22 den
385 632 250 23 utskottsbetänkandet
650 633 121 28 vidfogade
781 633 174 27 reservationen,
966 639 59 22 myc-

205 663 39 22 ket
259 663 161 27 divergerande
436 661 88 30 äsigter.
555 663 44 21 För
615 662 46 28 mig
677 662 103 23 framstär
796 663 38 21 det
849 663 57 22 dock
917 662 28 29 pä
954 663 72 28 grund

205 693 26 21 af
244 693 112 21 allmänna
372 692 153 23 förhällanden
540 693 74 21 säsom
629 692 128 29 otvetydigt
772 693 33 21 att
821 693 47 21 förr
883 693 55 22 eller
948 699 78 16 senare

204 729 28 15 en
248 722 74 21 direkt
338 721 213 35 förbindningsbana
567 722 82 22 mellan
659 722 52 22 Åbo
722 723 42 21 och
774 722 141 35 Helsingfors
926 722 100 22 kommer

204 753 34 21 till
261 752 125 21 utförande.
416 751 44 22 För
485 751 45 23 min
554 752 101 22 enskilda
679 752 36 22 del
738 752 73 22 skulle
829 753 41 27 jag
884 759 55 23 anse
954 752 73 22 banan

199 772 165 43 Helsingfors
378 781 64 22 Karis
458 788 48 15 som
522 788 28 15 en
567 782 130 29 omedelbar
713 782 144 28 fortsättning
867 783 26 21 af
901 776 126 28 Äbobanan

205 818 55 15 vara
276 812 43 21 den
335 811 230 29 ändamälsenligaste.
592 807 75 27 Äfven
683 813 171 21 reservanterna
864 812 7 21 i
882 812 73 22 denna
966 812 62 28 fräga

206 841 80 28 tyckas
302 841 51 22 dela
368 847 86 16 samma
470 841 151 29 uppfattning.
636 841 33 22 Pä
684 842 40 21 sid.
742 845 26 18 67
785 842 7 21 i
808 842 152 22 betänkandet
968 844 60 26 yttra

207 873 179 27 reservanterna:
420 871 54 26 ,Om
498 871 96 22 trafiken
617 871 96 22 emellan
728 871 148 28 Helsingfors,
892 871 80 29 Hangö
988 872 41 22 och

206 901 51 22 Åbo
281 901 7 21 i
304 907 28 16 en
350 901 89 22 framtid
455 900 25 22 sä
495 901 72 22 starkt
583 901 106 22 tillväxer
704 902 33 21 att
753 901 35 22 för
804 902 54 21 dens
874 901 59 22 skull
949 907 27 16 en
992 908 36 22 ge-

206 937 54 16 nare
284 932 45 27 väg
352 931 43 21 blir
409 931 105 28 behöflig,
530 930 25 22 sä
570 931 56 22 skall
643 933 53 19 utan
712 931 80 22 tvifvel
807 937 28 15 en
851 931 69 23 sädan
935 931 94 29 byggas,

208 967 53 16 men
277 960 43 22 den
336 960 101 22 kommer
452 960 28 22 dä
495 961 49 22 icke
560 963 34 19 att
609 961 81 28 dragas
706 961 33 22 till
756 961 102 22 Gerknäs
874 962 53 21 utan
942 961 34 22 till
986 961 44 22 Ka-

205 991 37 25 ris,
260 991 26 27 ty
301 990 68 29 ingen
388 990 65 22 torde
468 990 28 22 dä
514 996 61 16 mera
591 997 54 16 vara
661 990 95 23 tillfreds
772 991 51 21 med
840 991 102 22 Gerknäs
957 991 72 22 säsom

208 1020 188 28 utgängspunkt*.
427 1020 44 28 Jag
494 1022 24 20 är
543 1020 136 28 fullkomligt
702 1026 54 16 ense
771 1020 52 22 med
838 1021 192 22 reservanterna
1017 1016 15 36 i

207 1050 73 22 denna
305 1050 77 28 punkt.
414 1050 43 28 Jag
480 1050 25 21 är
529 1050 80 22 endast
631 1056 68 16 oense
715 1050 50 22 med
782 1050 51 22 dem
849 1050 7 22 i
872 1051 38 21 det
925 1050 106 22 afseende

206 1081 34 20 att
263 1080 28 21 de
313 1080 80 28 tyckas
417 1086 61 20 anse,
502 1081 34 20 att
558 1080 95 22 trafiken
669 1079 28 29 pä
712 1080 73 22 banan
801 1080 58 22 först
873 1080 8 22 i
896 1086 29 16 en
941 1080 90 22 framtid

206 1109 74 22 kunde
303 1109 71 22 blifva
398 1109 27 22 af
447 1110 43 21 den
506 1109 117 27 betydelse
639 1111 32 20 att
687 1109 43 23 den
745 1109 73 22 skulle
834 1110 109 22 motivera
958 1110 73 22 denna

205 1139 72 22 banas
292 1139 127 28 byggande.
451 1139 64 21 Efter
531 1139 46 21 min
592 1139 144 28 uppfattning
751 1139 41 22 har
807 1140 73 21 denna
896 1140 91 21 framtid
996 1146 34 16 re-

207 1169 43 21 dan
273 1169 90 21 inträdt.
394 1169 35 27 Ty
453 1168 88 22 oafsedt
556 1168 45 22 alla
616 1168 258 28 rentabilitetskalkyler,
891 1169 77 22 hvilka
982 1176 47 15 som

207 1204 53 16 man
272 1200 45 24 vet,
332 1198 51 22 icke
398 1199 46 25 äro,
460 1204 54 16 vare
530 1198 35 28 sig
581 1198 38 22 det
634 1198 71 28 gäller
721 1198 43 22 den
779 1204 42 16 ena
837 1198 55 22 eller
907 1199 70 21 andra
992 1199 37 21 ba-

208 1234 51 20 nan,
269 1227 143 28 synnerligen
428 1228 90 27 mycket
534 1229 33 20 att
582 1228 40 21 lita
637 1228 41 26 till,
694 1227 25 22 sä
733 1228 45 22 kan
793 1228 37 22 väl
841 1228 49 22 icke
901 1228 72 28 nägon
984 1230 46 20 tve-

208 1258 44 20 kan
276 1257 80 27 uppstä
378 1258 34 20 att
434 1263 29 15 en
488 1257 73 29 direkt
583 1257 59 22 bana
660 1257 82 22 mellan
757 1258 88 21 landets
861 1258 72 28 begge
948 1258 82 22 största

206 1286 78 22 städer
306 1286 140 28 Helsingfors
470 1287 41 21 och
534 1287 52 21 Abo
609 1287 86 27 gående
719 1293 80 21 genom
823 1293 28 16 en
866 1288 44 21 tätt
924 1287 105 23 befolkad

206 1316 62 22 trakt
291 1316 51 22 med
363 1316 63 28 liflig,
441 1316 75 28 rörlig,
531 1316 166 28 jemförelsevis
712 1316 133 22 välmäende
860 1317 130 27 befolkning
1006 1318 24 20 är

207 1351 29 15 en
260 1346 65 25 bana,
347 1351 48 16 som
412 1346 40 20 bär
468 1346 34 26 sig
517 1345 74 21 bättre
607 1346 28 21 än
651 1346 28 20 de
695 1345 65 22 flesta
775 1346 70 21 andra
860 1345 70 22 banor
944 1346 8 21 i
968 1346 62 21 detta

206 1374 59 25 land,
282 1374 142 28 naturligtvis
439 1375 50 20 med
505 1374 116 27 undantag
637 1374 25 21 af
675 1374 44 22 den
735 1374 96 22 emellan
841 1375 136 28 Petersburg
987 1375 41 22 och

206 1403 148 28 Helsingfors.
385 1403 45 22 Det
452 1403 45 22 kan
520 1403 67 22 också
610 1404 49 22 icke
682 1403 54 22 råda
758 1405 67 28 något
848 1405 80 22 tvifvel
944 1411 36 16 om
996 1407 34 20 att

207 1434 73 21 denna
296 1434 57 21 bana
368 1433 28 29 pä
412 1435 32 20 ett
460 1434 55 21 eller
530 1436 69 19 annat
614 1435 45 20 sätt
674 1435 63 21 snart
746 1435 102 22 kommer
858 1435 33 22 till
902 1435 126 27 utförande,

206 1466 25 25 ty
246 1469 35 16 om
298 1463 49 22 icke
363 1465 73 20 staten
453 1463 87 29 bygger
555 1464 50 27 den,
621 1463 24 22 sä
661 1463 44 23 kan
721 1464 38 22 det
774 1465 37 22 väl
826 1465 50 22 icke
894 1466 80 27 vägras
986 1465 41 22 till-

206 1493 78 22 lätelse
301 1493 35 23 för
351 1493 129 29 byggandet
495 1494 26 22 af
534 1499 28 17 en
577 1494 132 28 privatbana
725 1494 28 28 pä
769 1495 73 22 denna
857 1495 95 22 sträcka.
984 1495 45 22 Det

206 1524 45 22 kan
274 1523 49 23 icke
346 1524 70 22 heller
439 1530 48 16 mer
509 1523 54 23 räda
586 1523 67 30 nägot
676 1524 79 23 tvifvel
776 1531 35 16 om
829 1527 33 20 att
877 1525 67 29 nägot
959 1527 69 21 annat
