1114 1798
425 104 85 19 Toukok.
524 106 11 17 4
547 110 17 17 p.
814 107 56 20 1023

82 158 88 22 meidän
186 164 111 16 maamme
312 159 67 27 oloja,
393 159 62 27 jossa
471 159 154 22 kansakoulun
645 159 131 28 opettajalla
791 164 29 17 on
837 161 67 24 1,000

79 188 26 28 ja
120 187 98 23 monella
237 187 238 28 pikkuvirkamiehellä
500 191 161 24 6,000—8,000
677 188 106 22 markkaa
799 188 104 29 palkkaa,

81 217 46 23 niin
142 218 104 26 huomaa,
263 218 60 21 mille
338 218 97 27 puolelle
451 219 99 21 tuomion
560 219 81 27 täytyy
651 218 110 22 kallistua.
794 219 106 21 Sanoma-

80 247 98 22 lehdissä
201 253 28 16 on
245 247 67 22 viime
328 247 88 22 aikoina
431 247 56 22 ollut
502 248 101 22 katkeria
617 247 120 22 valituksia
751 248 153 22 kansakoulu-

81 277 123 28 opettajien
219 277 98 27 puolelta
333 277 51 22 eikä
399 277 76 22 minun
489 277 190 28 ymmärtääkseni
694 277 82 22 tarvita
786 277 71 28 pitkiä
867 279 32 20 to-

81 306 108 22 distuksia
204 312 40 15 sen
260 306 62 21 asian
332 307 196 26 ymmärtämiseen
537 307 53 21 ettei
598 307 100 28 opettaja
708 307 130 22 tuhannella
846 313 57 15 mar-

82 336 59 22 kalla
157 335 126 23 mielellään
293 336 37 21 voi
337 336 104 27 perhettä
449 336 88 22 elättää.
554 335 276 29 Kansakoulunopettajan
839 336 65 22 toimi

83 372 28 16 on
127 366 43 22 sitä
185 365 66 29 paitsi
266 366 77 21 raskas
359 367 47 20 että
421 366 89 22 hänelle
525 372 29 16 on
569 366 81 22 vaikea
664 366 129 27 lisätulojen
809 365 93 23 hankki-

81 396 80 22 minen.
193 395 102 22 Provasti
321 395 74 22 Walle
415 401 29 17 on
459 396 102 22 toivonut
576 397 47 20 että
637 396 67 21 nämä
719 396 183 27 palkankorotus-

81 426 134 22 anomukset
230 425 113 22 saataisiin
357 425 94 28 jollakin
466 426 69 22 sadan
551 426 93 22 markan
659 425 152 22 korotuksella
825 425 78 29 loppu-

81 462 72 16 maan.
184 455 36 22 En
234 455 62 22 luule
312 455 74 22 niiden
401 455 112 29 loppuvan
530 462 79 20 ennen,
624 455 46 22 kun
686 455 77 22 oikeus
769 456 26 27 ja
805 455 100 23 kohtuus.

81 492 29 16 on
125 487 92 26 päässyt
234 485 98 27 voitolle,
349 491 71 16 ennen
436 486 45 21 kun
497 485 154 23 kansakoulun
667 486 109 27 opettajat
782 486 26 27 ja
818 487 84 26 opetta-

79 516 94 28 jattaret
189 516 54 22 ovat
258 516 92 21 saaneet
365 515 104 23 sellaisen
483 515 82 29 palkan
581 516 46 22 että
643 515 50 22 sillä
707 515 77 23 voivat
799 516 55 22 tulla
861 516 42 22 toi-

81 552 71 16 meen.
183 545 64 22 Minä
262 545 134 27 lämpimästi
413 545 112 22 kannatan
541 546 95 22 asessori
650 545 75 28 Lyran
741 545 124 23 ehdotusta.

153 575 196 28 Tuomioprovasti
365 574 102 28 Hedberg:
483 575 60 23 Minä
552 575 92 29 pyydän
651 575 174 29 lääninprovasti
833 575 69 22 Nord-

84 605 115 24 ström'ille
215 604 69 22 saada
300 604 91 22 mainita
407 606 46 21 että
468 605 62 28 kyllä
545 606 50 21 olen
603 605 76 22 kaikin
693 605 76 28 puolin
784 605 120 22 huomioon

81 638 88 22 ottanut
195 634 153 23 valiokunnan
364 637 83 26 ponnet
460 635 25 28 ja
501 635 134 23 ehdotukset
649 634 155 23 kansakoulun
819 636 84 27 opetta-

79 667 49 29 jain
152 665 105 29 hyväksi,
279 665 25 27 ja
329 664 54 23 mitä
405 665 71 23 siihen
492 665 60 23 tulee
567 666 47 21 että
629 665 103 28 puheena
747 665 75 22 olevat
837 667 68 20 varat

82 697 105 23 menevät
204 696 221 27 suostuntavaroista,
442 701 25 17 se
483 702 27 16 on
526 695 92 23 minulle
633 695 103 28 myöskin
750 696 65 21 tuttu.
832 694 75 24 Mutta.

82 734 41 16 sen
137 726 81 23 ohessa
233 725 80 22 katson
329 725 102 28 myöskin
447 726 46 22 että
507 726 60 27 juuri
583 732 28 16 ne
627 725 91 27 esineet,
727 725 62 28 joille
801 727 101 20 suostun-

82 760 91 20 taveroa
188 755 130 23 määrätään
334 756 88 22 meidän
433 756 167 28 valtiopäivillä,
609 755 123 23 sietäisivät
742 755 75 28 paljoa
827 762 75 16 enem-

81 788 52 22 män
148 786 186 22 suostuntaveroa
357 785 54 23 kuin
433 786 56 22 mitä
511 786 60 22 niille
587 792 28 16 on
632 786 117 27 määrätty,
765 786 92 27 jotenka
874 792 28 16 en

81 817 111 23 siltäkään
207 815 106 23 kannalta
329 815 93 23 katsoen
437 816 37 21 voi
489 822 69 16 sanoa
578 816 47 22 että
639 815 60 22 minä
715 815 121 22 ensinkään
852 816 54 22 olen

82 848 84 22 mitään
182 845 78 28 liikoja
275 845 139 23 ehdottanut.

153 875 140 29 Yliopettaja
314 875 99 23 Kihlman:
444 875 171 23 Statsutskottet
630 875 41 22 har
686 874 121 29 ingalunda
822 875 80 22 under-

83 909 84 22 skattat
187 905 133 28 betydelsen
340 906 26 22 af
384 906 210 22 folkskollärarenas
613 905 149 22 verksamhet.
793 905 109 22 Tvärtom

82 937 111 24 uttalades
214 936 8 21 i
240 935 173 28 statsutskottet,
430 935 28 23 dä
473 937 73 21 denna
561 935 64 30 fräga
640 935 39 22 der
694 935 159 27 behandlades,
869 937 36 20 att

82 967 211 24 folkskollärarenes
313 966 7 22 i
344 966 49 22 värt
413 966 53 22 land
482 966 142 22 verksamhet
639 965 80 22 liksom
735 965 79 29 hvarje
829 971 75 16 annan

82 997 143 24 verksamhet
247 996 24 22 är
287 996 24 22 sä
325 996 78 29 vigtig,
419 996 25 22 sä
459 996 158 29 betydelsefull
633 996 35 22 för
683 995 50 23 värt
749 995 46 22 folk
811 997 34 20 att
860 996 43 21 den

81 1029 50 22 icke
147 1028 45 22 kan
207 1026 52 22 med
275 1026 123 29 penningar
413 1026 92 23 betalas.
532 1026 51 22 Men
598 1026 41 22 här
649 1027 25 20 är
684 1025 49 22 icke
745 1024 63 29 fräga
819 1025 83 27 derom,

81 1061 55 20 utan
155 1063 38 17 om
208 1056 210 27 folkskollärarenes
442 1056 41 22 och
499 1056 171 22 -lärarinnornas
686 1055 37 22 lön
738 1056 25 20 är
779 1055 75 27 sädan,
870 1057 34 20 att

82 1090 33 21 ett
138 1086 99 28 verkligt
259 1086 71 22 behof
347 1087 27 21 af
386 1086 103 22 lönernas
506 1086 117 28 förökning
639 1085 126 22 förefinnes.
796 1085 52 22 Man
863 1085 41 22 har

82 1118 49 22 frän
146 1119 33 21 ett
193 1116 46 22 häll
255 1118 57 26 sagt,
329 1118 32 20 att
377 1116 61 22 detta
455 1116 68 22 behof
537 1117 24 20 är
576 1116 62 26 stort,
655 1121 51 16 men
721 1114 62 22 detta
798 1114 41 22 har
853 1115 50 21 frän

83 1150 68 20 annat
167 1146 46 22 häll
229 1146 115 22 förnekats
361 1146 42 22 och
419 1146 104 21 särskildt
539 1145 134 23 förnekades
689 1144 38 22 det
737 1144 25 22 af
771 1144 132 22 bondestän-

83 1178 48 22 dets
156 1176 146 22 medlemmar
320 1176 7 21 i
343 1176 172 22 statsutskottet.
547 1175 51 22 Men
620 1174 70 22 läsom
713 1180 36 16 oss
773 1175 82 27 antaga
870 1176 36 20 att

83 1208 38 22 det
138 1207 61 23 förra
215 1205 130 29 pästäendet
361 1206 24 21 är
401 1207 56 25 sant,
473 1205 87 22 säledes
575 1206 57 25 sant,
643 1205 34 21 att
687 1204 107 22 behofvet
804 1204 25 21 är
839 1205 63 21 stort.

82 1238 51 22 Men
156 1242 37 17 om
217 1236 61 22 detta
301 1236 25 21 är
342 1235 70 26 fallet,
428 1235 25 22 sä
468 1236 25 21 är
506 1235 26 28 ju
549 1241 28 15 en
592 1234 118 28 tillökning
725 1234 26 22 af
765 1233 79 23 endast
861 1236 43 20 100

83 1268 62 22 mark
169 1265 121 29 ingalunda
312 1265 126 28 tillräeklig,
462 1266 54 20 utan
539 1265 68 21 borde
627 1264 147 28 tillökningen
794 1263 7 21 i
825 1263 80 23 sädant

83 1298 40 22 fall
139 1303 54 16 vara
208 1296 53 22 vida
276 1296 77 22 större.
386 1295 51 22 Men
453 1294 28 22 dä
495 1294 92 29 uppstär
602 1294 84 28 frägan,
703 1293 110 22 huruvida
824 1293 79 28 fyllan-

84 1328 38 22 det
138 1327 25 22 af
177 1328 33 20 ett
226 1326 78 22 sädant
320 1326 71 21 behof
403 1326 25 21 är
444 1325 93 28 möjligt.
568 1324 75 28 Enligt
659 1323 153 29 föreliggande
827 1324 77 21 betän-

82 1358 73 22 kande
179 1357 38 21 äro
241 1356 122 28 utgifterna
387 1355 34 22 för
443 1354 218 22 folkskoleväsendet
676 1354 8 21 i
700 1352 133 29 bevillnings
849 1353 55 22 bud-

83 1389 67 27 geten
165 1386 128 22 beräknade
309 1387 33 20 att
357 1385 70 22 under
443 1384 52 22 åren
514 1386 144 20 1898—1900
673 1383 58 28 stiga
741 1382 34 23 till
787 1386 119 24 6,862,600

83 1418 63 21 mark
162 1416 20 21 d.
200 1422 19 15 v.
237 1422 16 15 s.
271 1416 33 21 till
320 1416 102 21 närmare
439 1417 117 23 2,300,000
572 1414 63 22 mark
651 1419 36 16 om
704 1412 53 27 året,
773 1413 42 21 och
831 1413 72 22 öfver-

83 1446 69 28 stiger
175 1445 176 22 statsutskottets
371 1443 84 28 förslag
471 1443 43 22 den
529 1443 81 28 nådiga
626 1442 176 28 propositionens
818 1442 88 27 förslag

83 1476 51 21 med
149 1475 62 22 cirka
227 1477 95 23 320,000
339 1473 69 22 mark.
439 1473 36 21 Då
490 1479 29 15 nu
538 1472 24 21 så
577 1471 106 22 förhåller
693 1471 41 28 sig,
746 1471 27 21 då
785 1471 119 22 folkskole-

83 1506 113 28 budgeten
219 1504 62 28 stigit
303 1503 35 22 till
361 1504 32 21 ett
415 1502 25 23 så
462 1502 55 28 högt
534 1502 87 28 belopp,
639 1501 92 22 oaktadt
747 1501 43 22 den
806 1501 101 28 begärda
