1123 1798
434 121 84 18 Toukok.
533 122 20 17 15
568 126 17 18 p.
831 123 53 19 1473

98 174 119 27 anledning
240 174 35 22 till
298 174 81 22 sådana
403 175 134 27 uttalanden,
554 181 45 15 som
615 175 155 27 kyrkoherden
785 175 130 27 Blombergs

98 206 94 20 senaste.
224 204 44 27 Jag
290 210 65 16 anser
376 204 44 28 mig
443 204 75 22 derför
533 205 49 21 icke
597 205 76 22 vidare
689 204 94 22 behöfva
800 204 116 28 uppehålla

98 235 45 26 mig
159 234 37 21 vid
212 234 64 21 dessa
292 234 133 27 uttalanden,
442 237 52 19 utan
510 235 39 21 ber
565 236 33 20 att
613 234 23 22 få
652 234 91 28 öfvergå
758 235 36 21 till
804 234 112 27 professor

98 264 119 21 Forsmans
233 263 85 28 förslag
334 264 34 21 till
384 264 66 22 kläm.

169 293 78 21 Denna
270 294 59 26 gång
347 294 44 20 kan
404 294 39 26 jag
458 294 49 21 icke
522 300 53 15 vara
591 294 49 21 med
656 300 33 15 om
706 294 43 21 min
765 294 67 21 ärade
847 293 69 21 kolle-

98 330 39 20 gas
162 322 90 28 förslag.
283 323 44 21 Det
350 323 91 21 innebär
464 323 8 21 i
491 322 80 28 sjelfva
586 323 79 22 verket
680 322 102 28 faktiskt,
799 330 33 14 om
849 323 67 21 också

98 353 50 22 icke
167 353 34 21 till
216 352 91 28 formen,
324 355 33 20 ett
371 353 100 27 yrkande
487 354 28 26 på
531 355 33 19 att
579 356 73 19 staten
668 354 67 21 borde
750 354 45 21 låta
812 353 104 21 landbön-

100 384 68 21 derna
190 384 7 20 i
220 383 79 27 Anjala
317 384 72 21 inlösa
404 383 246 27 landbolägenheterna;
667 384 40 21 och
723 383 41 22 den
780 383 91 27 princip,
889 383 28 27 på

99 414 91 21 hvilken
214 413 111 27 professor
343 413 106 22 Forsman
465 414 7 20 i
489 414 40 26 går
545 413 112 27 grundade
674 414 39 21 sitt
727 413 106 27 yrkande,
850 419 66 21 synes

100 444 44 27 mig
167 444 74 21 kunna
264 450 53 15 vara
337 444 8 20 i
360 444 44 26 hög
419 444 55 27 grad
489 444 120 27 betänklig.
640 443 40 22 Om
696 450 49 14 man
761 444 40 20 vill
816 444 58 26 yrka
888 443 29 27 på

100 480 26 15 en
150 476 45 18 rätt
217 473 35 22 för
274 473 164 22 landbönderne
457 474 40 21 och
513 475 116 25 torparene
645 475 33 19 att
692 473 71 22 inlösa
779 474 48 21 sina
842 474 75 26 lägen-

99 504 70 26 heter,
186 504 25 20 så
227 503 67 22 borde
311 510 49 14 man
374 505 52 25 taga
441 503 8 21 i
465 503 145 22 betraktande
626 502 57 22 först
698 503 67 21 också
781 503 42 21 den
834 503 83 27 möjlig-

100 534 72 27 heten,
190 535 32 19 att
237 533 165 22 landbönderna
417 533 39 22 och
473 536 122 25 torparena,
612 539 27 15 en
654 533 59 27 gång
729 539 65 21 egare
811 533 24 21 af
843 533 74 27 lägen-

100 564 98 26 heterna,
215 558 35 26 till
266 562 116 28 äfventyrs
398 563 85 27 ganska
499 565 60 19 snart
575 563 86 21 komma
676 564 32 20 att
726 565 54 25 göra
791 563 34 27 sig
836 562 24 22 af
869 562 49 22 med

101 594 41 21 den
166 593 55 27 goda
244 594 62 26 skog,
328 600 44 14 som
388 593 69 22 finnes
474 594 28 26 på
517 593 164 27 lägenheterna,
699 593 102 27 möjligen
818 592 100 22 använda

100 624 152 26 penningarna
270 624 28 26 på
315 623 37 22 det
368 625 51 25 sätt,
436 629 45 16 som
497 622 75 22 blifvit
587 623 90 27 vanligt,
695 625 40 19 när
750 623 101 26 rundliga
860 629 57 15 sum-

100 660 46 15 mor
163 653 100 22 erhållits
278 652 35 22 för
329 654 61 26 skog.
420 653 67 22 Detta
502 653 123 27 antagande
641 653 71 27 ligger
728 653 25 21 så
769 653 88 27 mycket
868 654 50 20 när-

101 690 59 15 mare
182 683 35 21 till
238 683 76 27 hands,
337 689 46 15 som
405 683 169 27 ifrågavarande
593 683 100 21 hemman
710 682 48 22 med
774 683 47 21 sina
837 683 81 27 skogar

101 716 37 19 äro
162 714 94 26 belägna
278 713 48 21 helt
343 715 55 19 nära
413 713 35 21 till
463 713 122 27 Kymmene
601 712 37 28 elf,
655 712 86 23 således
755 712 163 28 jemförelsevis

102 746 54 18 nära
174 743 35 21 till
225 742 53 22 flere
294 744 60 20 stora
369 742 138 23 industriella
523 742 154 28 inrättningar,
694 742 34 22 för
744 742 76 22 hvilka
836 742 83 28 skogen

102 773 97 21 kommer
222 773 88 26 mycket
332 773 37 21 väl
385 773 34 21 till
435 779 58 20 pass,
510 773 70 27 enligt
595 772 58 22 hvad
666 772 39 28 jag
722 777 51 23 tror,
790 772 66 22 också
872 772 46 22 kle-

102 809 53 15 nare
171 802 69 22 virke.
270 802 78 22 Denna
364 802 161 28 omständighet
540 805 40 24 gör
596 802 76 22 vidare
688 804 33 19 att
737 808 48 15 man
801 802 70 21 måste
882 808 37 15 an-

102 834 60 26 taga,
184 834 32 19 att
239 832 170 27 lägenheternas
421 838 54 21 nya
491 838 65 21 egare
571 832 85 21 komme
672 833 32 20 att
720 832 90 26 upplåta
826 832 93 27 egande-

102 864 76 20 rätten
201 862 23 21 åt
248 862 64 21 dessa
336 861 139 22 industriella
497 862 149 26 inrättningar
666 862 28 26 på
710 868 80 14 samma
806 863 51 25 sätt,
874 868 46 15 som

104 892 36 22 det
158 892 41 21 har
214 892 49 27 gått
278 892 35 21 till
329 892 8 21 i
352 892 114 27 åtskilliga
481 892 69 21 andra
565 891 87 22 trakter
668 891 24 22 af
705 892 51 21 vårt
771 891 57 26 land,
845 891 76 22 hvilka

103 925 38 19 äro
164 923 37 21 väl
220 922 94 27 belägna
329 921 35 22 för
380 922 129 27 sågverken.
540 922 44 21 Det
599 921 148 22 förhållandet
763 923 33 20 att
811 921 109 28 ifrågava-

103 952 69 22 rande
188 952 135 21 landbönder
338 952 40 21 och
394 955 88 24 torpare
498 952 34 21 för
542 951 138 22 närvarande
691 952 35 21 stå
736 951 35 28 sig
781 952 85 27 ganska
876 951 44 27 väl,

104 983 56 21 låter
182 988 28 15 en
233 982 133 27 visserligen
384 984 80 25 antaga
487 984 32 19 att
535 982 27 21 de
577 981 93 22 nämnda
687 982 198 21 eventualiteterna
900 981 20 28 ej

104 1012 72 22 skulle
200 1012 24 21 så
248 1015 62 18 snart
333 1011 93 22 inträffa.
457 1011 51 22 Men
531 1011 141 28 möjligheten
696 1011 24 21 af
734 1013 33 20 att
784 1011 37 22 det
836 1012 85 21 komme

103 1044 33 20 att
159 1042 41 21 ske
215 1042 57 21 inom
288 1043 32 20 ett
336 1042 55 21 eller
407 1048 39 21 par
461 1041 123 28 decennier,
600 1041 36 22 får
651 1041 49 22 icke
715 1041 83 22 lemnas
815 1048 25 15 ur
856 1042 64 26 sigte.

104 1072 39 21 Om
167 1078 29 15 nu
220 1071 64 22 dessa
307 1072 138 27 möjligheter
466 1072 72 21 skulle
553 1071 95 27 inträffa,
665 1071 25 21 så
705 1071 58 27 finge
778 1071 22 21 vi
817 1071 105 27 antingen

104 1101 82 22 sådana
202 1101 174 28 skogshemman,
393 1108 45 15 som
453 1101 46 22 ofta
515 1101 58 22 varit
589 1095 28 33 på
632 1101 31 21 tal
679 1101 69 22 under
764 1101 72 22 denna
850 1101 72 21 landt-

105 1132 42 27 dag
162 1131 8 22 i
186 1131 60 22 detta
262 1131 71 27 stånd,
350 1131 56 22 eller
421 1131 66 22 också
499 1131 141 26 landboskap.
671 1131 78 21 Denna
760 1131 162 27 omständighet

105 1168 66 21 synes
195 1161 44 27 mig
262 1167 53 16 vara
331 1163 33 20 ett
379 1163 107 20 memento
502 1161 34 22 för
552 1161 55 27 dem,
624 1167 45 15 som
684 1161 57 27 yrka
756 1161 28 26 på
800 1163 32 19 att
848 1163 74 19 staten

105 1193 52 20 utan
173 1191 77 22 vidare
265 1191 40 22 bör
320 1192 29 27 gå
364 1191 25 22 så
404 1191 63 28 långt
480 1197 45 15 som
541 1191 85 27 möjligt
641 1190 35 22 för
693 1193 33 19 att
741 1190 108 28 förhjelpa
861 1191 61 21 land-

88 1239 3 3 .
105 1222 52 21 boar
173 1221 40 22 och
228 1223 88 25 torpare
333 1221 35 22 till
380 1221 55 28 jord.
467 1221 44 27 Jag
526 1221 111 21 erkänner
653 1221 127 27 obetingadt
796 1222 33 20 att
839 1220 83 22 förhål-

105 1251 80 22 landen
200 1251 75 22 kunna
290 1251 72 28 gifvas
378 1251 25 22 af
416 1251 42 22 den
474 1250 158 28 beskaffenhet,
649 1253 33 19 att
698 1254 72 19 staten
786 1251 40 21 bör
842 1251 28 26 på
885 1257 37 15 an-

106 1281 48 28 tydt
178 1283 45 19 sätt
240 1281 64 21 träda
320 1281 99 27 emellan,
436 1281 40 21 och
491 1281 82 21 sådana
588 1281 153 21 förhållanden
756 1280 66 23 hafva
838 1280 85 22 funnits

105 1311 8 21 i
137 1311 95 27 Viborgs
255 1311 43 21 län.
330 1311 50 22 Men
404 1311 71 22 såsom
497 1311 7 20 i
519 1311 88 22 ståndet
623 1310 74 22 blifvit
712 1311 102 27 intygadt
829 1310 24 22 af
867 1311 55 26 dem,

106 1347 46 16 som
175 1341 116 27 verkligen
314 1341 74 21 känna
408 1340 173 28 förhållandena,
603 1341 39 21 och
658 1341 71 21 såsom
746 1341 177 21 statsutskottets

106 1370 140 23 betänkande
269 1370 73 27 gifver
362 1371 38 22 vid
415 1370 92 28 handen,
524 1373 38 18 äro
578 1369 166 23 förhållandena
760 1371 6 20 i
782 1370 79 27 Anjala
877 1371 47 20 helt

106 1400 74 22 andra.

178 1425 65 24 Ännu
259 1435 27 14 en
303 1429 167 26 omständighet.
501 1429 40 20 Ett
557 1429 78 20 sådant
650 1429 106 26 yrkande,
774 1435 45 14 som
835 1429 40 20 här
892 1429 30 20 fö-

106 1459 111 26 reslagits,
241 1458 79 27 skulle,
339 1458 113 27 godkändt
467 1457 26 22 af
505 1457 170 27 presteståndet,
692 1458 42 21 lätt
749 1458 75 21 kunna
839 1458 85 21 komma

107 1490 32 19 att
162 1487 61 28 gifva
246 1488 78 27 styrka
341 1487 24 22 åt
380 1493 28 16 en
423 1487 95 27 opinion,
534 1493 45 15 som
595 1487 117 22 förefinnes
728 1487 7 21 i
751 1487 51 22 vårt
817 1487 51 22 land
884 1487 40 22 och

108 1518 70 27 enligt
192 1517 87 23 hvilket
294 1517 92 22 landbor
402 1517 39 22 och
457 1519 88 25 torpare
561 1523 53 16 anse
630 1517 34 28 sig
678 1517 74 22 kunna
763 1519 53 26 göra
828 1517 96 27 anspråk

830 1560 22 17 93
