1120 1795
439 130 82 19 Toukok.
535 131 10 18 8
558 136 17 17 p.
827 133 55 19 1171

98 189 29 16 on
143 184 76 21 oikeus
243 186 107 24 muuttaa,
366 186 71 19 mutta
460 187 112 19 saattavat
590 191 28 15 ne
633 185 127 21 muutokset
775 185 56 21 tulla
847 185 68 21 täällä

99 243 58 22 riksi.
189 243 68 28 Kyllä
273 244 58 21 minä
346 243 95 22 antaisin
457 245 75 21 tämän
549 244 96 28 pykälän
661 244 44 21 olla
721 243 131 28 paikallaan,
869 243 45 22 kun

98 279 24 15 se
138 273 79 21 kerran
234 273 147 21 semmoisena
395 273 31 27 jäi
442 274 124 21 toiseenkin
582 274 139 21 asetukseen.

169 302 94 27 Kollega
278 302 132 21 Westerlund:
426 303 68 21 Asian
510 303 53 22 laita
579 309 35 21 on,
622 303 99 22 niinkuin
731 303 183 27 tuomioprovasti

98 332 104 28 Hedberg
225 332 68 27 sanoi,
317 333 61 20 etten
400 333 87 21 tarkoin
510 333 88 22 kuullut
620 333 73 21 hänen
709 333 113 27 puheensa
838 332 75 28 loppu-

98 362 86 28 puolta;
208 362 112 21 kannatan
342 362 72 22 hänen
439 363 147 22 ehdotustaan
604 363 153 26 semmoisena,
773 362 52 22 kuin
842 368 23 16 se
883 364 30 20 to-

98 392 161 22 dellisuudessa
274 392 35 22 oli.

168 422 139 28 Yliopettaja
330 422 96 22 Kihlman:
457 423 44 27 Jag
524 423 52 22 ville
600 423 59 21 fästa
682 422 99 22 ständets
797 423 116 27 uppmärk-

97 452 87 21 samhet
211 451 26 28 pä
267 452 93 21 friherre
383 452 107 22 Aminoffs
515 452 137 22 reservation
675 452 50 21 med
749 452 118 28 anledning
890 451 26 22 af

98 481 133 28 stadgandet
255 482 7 21 i
285 482 162 22 betänkandets
470 485 26 19 10
521 483 19 26 $,
564 483 40 21 der
623 482 37 21 det
675 483 72 20 heter:
780 481 134 27 ,Fnahanda

98 511 107 29 rättighet
219 511 135 22 tillkommer
370 512 41 21 ock
426 512 66 28 bolag
508 513 66 21 hvars
591 512 94 28 styrelse
700 512 71 21 finnes
782 512 59 21 inom
852 512 61 21 kom-

98 543 102 20 munen”.
234 541 143 28 Rättigheten
401 542 134 22 tillkommer
558 541 86 22 således
668 543 32 20 ett
723 542 66 27 bolag
813 542 78 21 endast
906 541 7 22 i

98 572 38 21 det
159 571 39 22 fall
214 572 33 21 att
269 572 109 27 styrelsen
395 584 26 3 —
438 572 51 21 med
505 572 111 27 styrelsen
632 577 75 16 menas
723 572 104 27 vanligen
843 571 71 22 direk-

97 601 74 22 tionen
187 613 28 3 —
231 601 70 22 finnes
323 601 60 22 inom
406 602 140 21 kommunen.
577 601 35 22 Nu
631 601 44 22 kan
692 601 37 22 det
743 601 74 22 hända
833 601 40 22 och
890 601 25 21 är

98 631 7 21 i
121 631 153 28 verkligheten
297 631 69 26 fallet,
391 633 33 20 att
447 632 137 21 direktionen
608 631 34 22 för
658 633 32 20 ett
706 631 66 28 bolag
786 631 49 22 icke
851 630 62 23 alltid

97 661 99 22 befinner
211 661 34 28 sig
264 661 3 21 i
283 667 85 16 samma
384 662 56 26 stad,
463 661 7 22 i
485 662 91 21 hvilken
592 661 90 28 bolaget
698 661 39 21 har
753 661 33 21 sin
802 661 113 28 egentliga

97 691 148 22 verksamhet.
277 691 42 22 Om
335 691 61 22 detta
412 691 122 28 stadgande
551 691 33 22 fär
599 691 89 28 gvarstä
703 691 150 26 oförändradt,
871 690 42 22 blir

98 721 84 28 följden
205 721 66 22 deraf
289 723 32 20 att
338 721 95 28 bolaget,
450 727 47 16 som
513 721 49 22 icke
579 721 33 22 fär
628 721 78 22 utöfva
721 721 92 21 rösträtt
828 720 27 29 pä
871 720 44 22 den

98 752 40 26 ort,
162 751 39 21 der
224 751 37 22 det
276 751 63 22 idkar
355 751 33 22 sin
403 751 83 22 rörelse
511 751 41 22 och
568 751 40 22 der
624 751 37 21 det
676 751 86 21 betalar
777 750 137 22 kommunal-

96 781 122 27 utskylder,
251 781 93 22 förlorar
374 781 30 21 all
431 781 159 28 rösträttighet.
633 781 42 22 Vid
701 780 164 28 behandlingen
890 780 27 21 af

96 811 195 28 kommunallagen
307 811 35 21 för
357 811 76 21 landet
448 811 130 28 godkändes
589 811 43 21 den
643 810 46 22 deri
699 810 108 29 ingående
819 811 96 20 bestäm-

97 841 88 27 ningen,
208 842 33 20 att
259 840 66 28 bolag
340 841 40 21 har
395 841 153 27 rösträttighet
562 841 60 21 inom
638 841 135 21 kommunen
788 840 125 21 oberoende

96 870 69 26 deraf,
177 876 36 16 om
225 870 50 21 dess
286 870 95 28 styrelse
392 871 24 20 är
427 870 87 28 förlagd
525 871 59 21 inom
595 870 210 22 landskommunens
822 869 91 22 omräde

96 899 55 22 eller
171 899 55 22 icke.
257 899 45 22 Det
324 900 70 21 finnes
417 900 56 21 intet
495 900 49 21 skäl
564 900 92 21 hvarför
671 905 86 15 samma
771 898 142 28 bestämning

96 930 49 21 icke
160 929 68 22 borde
243 929 60 28 gälla
319 930 67 21 äfven
401 929 35 22 för
451 930 55 21 stad.
532 930 45 21 Det
588 930 24 21 är
623 930 68 25 detta,
706 935 48 15 som
768 930 144 20 reservanten

96 959 40 22 här
158 959 72 27 yrkat,
254 958 27 23 då
296 960 44 20 han
361 958 98 28 föreslår,
475 961 33 19 att
532 962 4 19 2
553 965 66 15 mom.
636 959 25 21 af
674 959 13 26 $
704 962 26 18 10
747 958 71 22 skulle
835 958 21 22 få
872 958 40 22 föl-

94 989 69 28 jande
177 989 94 28 lydelse:
291 989 133 26 ,Enahanda
440 989 107 28 rättighet
557 989 135 22 tillkommer
701 988 112 22 inhemskt
823 988 88 28 bolag".

96 1020 43 27 Jag
155 1018 92 23 föreslår
263 1019 135 28 antagandet
413 1019 26 21 af
452 1020 173 21 reservationen.

166 1080 159 32 Känestysesitys
340 1086 24 27 ja
380 1084 116 27 päätökset:

166 1138 23 22 10
210 1138 12 28 &
239 1138 100 27 päätettiin
356 1138 88 22 lähettää
459 1138 87 22 takaisin
562 1137 139 23 valiokuntaan
719 1137 122 22 uudestaan
858 1142 54 16 muo-

97 1168 144 21 dostettavaksi
257 1168 119 28 professori
392 1168 122 22 Forsman'in
531 1167 142 23 ehdottamaan
691 1166 104 23 suuntaan.

169 1222 62 26 »Ken
254 1222 118 28 hyväksyy
396 1224 27 20 28
447 1223 35 26 $n
506 1223 164 25 muuttamatta,
686 1222 78 21 vastaa
787 1221 74 33 ,jaa*;
876 1220 37 33 jos

99 1252 45 25 »ei"
162 1252 90 27 voittaa,
268 1258 28 16 on
312 1254 64 26 sääty
391 1253 68 21 tähän
474 1252 89 22 nähden
577 1251 144 29 hyväksynyt
730 1251 183 27 tuomioprovasti

96 1282 134 28 Hedberg'in
245 1282 104 22 tekemän
364 1282 161 22 ehdotuksen.

168 1330 178 33 Äänestyksessä
365 1336 69 22 olivat
456 1337 143 27 »jaa*-äänet
614 1335 97 26 voitolla,
725 1335 63 27 joten
804 1335 63 26 sääty
884 1333 29 22 oli

97 1365 118 28 hyväksynyt
231 1365 26 22 28
273 1365 33 28 &:n
322 1367 163 21 muuttamatta.

117 1429 9 6 2
148 1402 7 42 =
167 1412 104 21 Alkulause
286 1406 127 33 hyväksyttiin
430 1415 164 19 muuttamatta.
