1017 1731
255 113 180 22 Borgareståndet
447 114 54 17 1891.
526 113 21 17 15
561 113 47 22 maj.
776 109 55 20 1133

28 194 40 27 Jag
91 193 38 21 vill
144 193 70 21 erinra
229 199 34 14 om
282 194 35 25 att,
333 192 27 21 då
375 192 84 21 skatten
475 192 24 21 år
515 192 54 21 1885
584 192 75 27 höjdes
673 192 50 21 med
739 194 29 19 ett
783 192 23 20 så
821 192 37 21 be-

27 222 77 27 tydligt
119 222 77 27 belopp
212 227 45 15 som
273 221 27 20 dä
315 227 38 14 var
367 221 61 20 fallet
443 233 28 3 —
486 221 36 27 jag
537 223 44 18 tror
596 221 35 20 det
647 227 38 14 var
697 227 32 14 c:a
747 221 27 20 30
792 221 27 25 ?/,
829 233 28 2 —

26 251 59 21 detta
109 250 46 21 icke
182 250 66 21 häller
274 249 116 27 medförde,
411 249 72 21 såsom
504 255 51 15 man
575 249 64 21 äfven
660 249 21 21 af
703 249 26 20 då
751 249 107 26 befarade,

27 279 117 27 veterligen
159 278 71 28 någon
244 277 103 22 nämvärd
365 278 82 27 ökning
462 278 22 20 af
499 277 176 28 lönbränningen,
691 277 39 21 och
745 283 63 15 anser
822 277 36 27 jag

27 308 36 21 det
77 307 47 21 icke
139 307 67 20 häller
222 313 49 14 vara
286 306 45 21 skäl
346 308 31 19 att
390 306 73 21 frukta
483 308 30 19 att
528 306 42 21 den
585 313 30 14 nu
635 306 120 27 föreslagna
778 305 80 28 ganska

27 337 61 26 ringa
102 335 150 28 förhöjningen
267 335 54 20 skall
336 336 51 26 göra
402 335 41 20 det.

99 393 33 20 Hr
146 392 102 21 Heikel:
264 391 33 22 Då
312 392 25 21 hr
345 391 104 28 Hallberg
457 392 103 27 beskylde
566 392 45 27 mig
621 392 32 21 för
661 392 163 27 inkonsekvens,
835 392 23 21 så

28 421 54 21 hade
105 421 42 21 han
171 421 45 20 däri
239 421 129 26 fullkomligt
389 422 46 25 rätt,
452 421 40 20 och
507 421 36 26 jag
557 420 69 21 skulle
642 421 31 20 till
689 421 39 20 och
743 421 49 20 med
808 421 50 27 vilja

28 451 50 26 säga
101 451 31 20 att
153 450 43 20 han
218 449 33 21 för
273 449 46 21 litet
341 449 105 21 betonade
470 449 71 21 denna
558 449 167 21 inkonsekvens:
742 449 42 21 den
799 449 59 21 var
845 445 16 36 i

28 478 76 27 själfva
119 478 75 21 värket
208 479 58 19 ännu
279 479 66 19 större
361 479 27 19 än
403 478 44 20 han
462 477 81 22 trodde.
572 477 31 27 Ty
614 477 36 21 det
659 477 79 28 förslag
749 479 36 26 jag
795 477 63 21 fram-

28 507 67 21 stälde
111 507 106 21 erfordrar
232 505 63 22 också
309 506 33 21 för
356 506 37 21 sitt
407 505 117 29 afgörande
539 506 48 27 fyra
602 505 72 22 stånds
690 506 74 22 beslut.
788 506 70 21 Saken

29 536 42 20 blir
86 535 108 27 nämligen
209 535 46 21 icke
271 535 88 27 afgjord,
375 541 35 14 om
426 537 31 19 ett
473 534 61 22 stånd
553 537 87 25 antager
655 541 26 15 en
698 535 55 21 skatt
768 535 33 21 för
815 535 43 21 viss

28 564 31 20 tid
74 564 40 20 och
129 564 26 20 de
171 564 67 27 öfriga
253 564 32 20 för
300 563 110 21 obestämd
430 564 37 20 tid.
497 563 50 21 Men
563 564 26 20 hr
603 563 102 28 Hallberg
720 564 94 27 förbisåg
828 565 31 19 att

28 592 36 21 det
79 599 38 14 var
131 592 54 22 blott
197 592 7 20 i
219 592 137 27 förbigående
371 592 35 27 jag
421 592 79 21 nämde
516 592 65 26 detta;
598 592 35 21 det
649 599 36 13 var
695 592 46 22 icke
751 593 49 20 mitt
810 592 48 21 huf-

28 621 96 27 vudskäl,
145 621 81 21 hvilket
244 621 27 20 hr
291 620 104 28 Hallberg
409 620 32 21 als
457 620 48 21 icke
520 620 85 21 bemött.
635 620 63 21 Hvad
713 621 71 21 denna
798 627 60 21 para-

28 650 46 26 graf
96 650 32 20 för
151 650 63 27 öfrigt
235 648 104 28 beträffar,
361 648 24 22 så
405 649 124 21 förutsätter
543 649 35 27 jag
593 650 36 26 att,
645 649 26 21 då
686 649 173 27 borgareståndet

28 678 39 20 har
81 678 87 21 beslutit
183 680 30 18 att
228 677 167 28 skattebeloppet
409 678 56 20 skall
481 679 102 26 upptagas
598 678 8 20 i
621 684 28 14 en
666 678 89 20 särskild
778 678 80 20 förord-

28 706 56 28 ning,
108 706 57 22 detta
188 708 96 19 moment
306 706 46 20 icke
374 706 127 27 godkännes
518 706 49 21 med
583 706 33 20 sin
632 706 123 21 nuvarande
771 706 87 27 lydelse,

30 737 52 19 utan
98 736 30 20 att
143 735 75 21 endast
233 734 167 28 skattebeloppet
415 734 115 22 fastställes
546 734 31 21 till
593 735 27 20 65
636 735 65 27 penni
715 741 38 21 per
767 734 53 21 liter.

96 792 34 20 Hr
143 792 127 27 Löfgren:
301 792 75 26 Pääsy,
391 791 66 27 jonka
472 792 79 26 nojalla
566 792 64 20 viime
646 791 151 27 valtiopäivillä
811 798 47 14 vas-

28 820 105 21 tustettiin
156 820 70 21 silloin
250 820 122 21 ehdotettua
387 820 127 21 viinaveron
529 820 116 26 korotusta,
660 820 28 20 oli
703 820 76 20 minun
795 820 64 20 käsit-

28 848 96 21 tääkseni
146 855 29 21 se,
191 850 43 20 että
248 849 109 20 katsottiin
375 848 184 21 kohtuuttomaksi
574 848 96 21 korottaa
685 854 64 15 veroa
763 848 95 21 keskellä

28 877 101 21 viinalain
153 877 216 21 voimassa-oloaikaa.
406 876 27 22 Se
459 884 41 20 syy
525 884 28 14 on
580 878 39 26 nyt
645 877 76 21 kaiken
749 877 109 20 voimansa

27 907 139 25 menettänyt,
182 906 66 20 koska
263 908 39 24 nyt
317 912 28 14 on
360 905 152 21 säädettävänä
527 906 49 20 uusi
591 905 106 21 viinalaki.
727 905 131 21 Ainoastaan

28 934 147 21 kokemuksen
198 934 73 21 kautta
291 934 90 21 voidman
396 936 75 25 päästä
486 934 81 21 selville
584 934 53 27 siitä,
651 934 57 21 mikä
724 940 27 15 on
767 934 91 21 sovelias

28 965 128 25 veromäärä,
170 963 22 26 ja
207 963 128 27 tarpeellista
351 969 38 14 sen
404 963 78 20 vuoksi
499 969 32 21 on,
548 965 42 19 että
605 963 40 20 sitä
660 963 112 20 vähitellen
788 963 21 26 ja
822 969 36 14 va-

27 991 79 21 rovasti
127 991 111 28 eteenpäin
261 991 128 21 korotetaan.
420 991 113 28 Vaikkapa
556 993 39 25 nyt
617 991 109 21 ehdotettu
751 991 105 20 vähäinen

26 1019 88 21 korotus
136 1020 185 27 päätettäisiinkin,
344 1020 57 20 tulisi
424 1020 110 21 viinavero
557 1020 72 21 meillä
644 1019 100 21 sittenkin
760 1019 97 20 olemaan

27 1048 98 27 vähempi
140 1049 53 20 kuin
208 1048 93 21 kaikissa
315 1049 181 26 naapurimaissa:
513 1048 115 26 Ruotsissa,
644 1048 99 27 Norjassa
755 1047 22 27 ja
787 1047 71 21 Venä-

26 1076 56 27 jällä.
112 1077 49 20 Että
183 1079 56 18 tämä
261 1077 87 21 korotus
370 1077 93 20 missään
488 1077 80 20 määrin
590 1077 58 20 tulisi
670 1075 187 22 houkuttelemaan

27 1105 141 27 salapolttoon
183 1105 22 27 ja
220 1105 200 28 salakuljetukseen,
436 1105 42 21 sitä
494 1112 27 14 en
535 1105 60 21 usko.

95 1161 33 21 Hr
150 1162 198 27 Neppenström:
379 1159 73 24 Äfven
475 1163 36 26 jag
533 1162 38 21 ber
593 1164 30 19 att
644 1162 21 21 fä
680 1162 85 21 förorda
780 1161 41 21 den
837 1161 21 20 af

26 1190 127 27 regeringen
169 1191 39 20 och
224 1191 102 20 utskottet
341 1191 114 21 förordade
471 1191 150 27 förhöjningen
636 1191 21 20 af
672 1190 185 21 bränvinsskatten

26 1219 40 20 och
89 1219 57 20 detta
169 1219 23 20 sä
207 1219 86 27 mycket
307 1219 72 28 hällre,
395 1225 47 15 som
458 1219 66 28 ingen
538 1219 45 21 fara
598 1219 33 21 för
645 1219 133 20 konkurrens
794 1224 64 21 synes

26 1247 44 27 mig
87 1247 122 27 förefinnas,
226 1248 95 27 emedan,
336 1254 46 15 som
397 1248 21 20 vi
435 1250 56 25 veta,
506 1247 28 21 all
549 1248 77 27 import
641 1247 21 21 af
676 1247 131 28 sprithaltiga
822 1253 36 14 va-

26 1282 35 14 ror
81 1275 47 21 från
149 1275 113 28 Ryssland,
283 1277 7 20 i
312 1278 88 19 motsats
420 1276 33 21 till
469 1277 56 20 hvad
540 1276 60 21 fallet
614 1278 23 19 är
652 1276 49 21 med
716 1276 105 27 importen
837 1274 21 21 af

26 1303 21 21 öl
62 1303 46 22 från
124 1304 57 21 detta
196 1305 56 26 land,
268 1307 23 18 är
306 1305 61 20 totalt
378 1305 123 26 förbjuden.
530 1305 63 20 Hvad
606 1305 44 20 åter
663 1304 98 21 beträffar
771 1304 86 20 fruktan

25 1332 34 21 för
74 1339 25 14 en
115 1333 103 27 möjligen
233 1333 124 28 tilltagande
372 1333 147 28 lönbränning
533 1333 8 20 i
557 1335 48 26 eget
619 1333 56 27 land,
691 1333 23 20 så
729 1333 38 20 ber
781 1333 35 26 jag
827 1333 30 19 att

25 1360 22 21 få
66 1361 82 27 påpeka
164 1363 30 19 ett
215 1361 66 28 enligt
295 1362 45 20 min
355 1362 64 21 tanke
435 1362 110 21 värksamt
559 1362 107 21 korrektiv
682 1361 101 27 däremot,
798 1362 59 19 näm-

25 1389 65 27 ligen,
113 1392 30 18 att
160 1390 165 28 utskänknings-
348 1391 39 20 och
410 1390 259 28 utminuteringsbolagen
685 1392 50 19 utan
751 1389 107 27 svårighet

25 1418 75 21 kunna
114 1418 67 22 sänka
196 1419 46 21 sina
257 1419 67 27 priser
339 1419 8 20 i
362 1426 82 14 samma
460 1419 52 21 mån
527 1426 46 14 som
589 1419 83 21 skatten
687 1418 97 27 förhöjes.

94 1475 33 21 Hr
148 1475 113 28 Hoving:
291 1475 33 21 Då
346 1476 25 20 hr
387 1476 112 20 Snellman
515 1476 82 26 yttrade
613 1477 30 19 att
657 1476 42 20 den
714 1474 122 27 förhöjning
850 1474 8 20 i

25 1503 90 28 skatten,
131 1510 45 14 som
192 1504 94 21 infördes
301 1504 36 20 vid
354 1504 55 21 1885
424 1504 36 21 års
476 1504 107 28 landtdag,
597 1504 47 21 icke
659 1504 68 20 skulle
743 1503 63 21 hafva
816 1502 42 21 för-
