1017 1731
293 113 180 22 Borgareständet
486 114 53 17 1891.
559 114 23 17 19
594 114 47 20 maj.
802 108 56 20 1235

125 193 118 28 Upplästes
266 193 32 21 till
321 194 104 27 justering
448 193 41 21 och
504 192 126 29 godkändes
647 192 105 21 särskilda
767 193 77 27 utdrag
860 201 26 12 ur

53 221 189 29 borgareständets
258 221 37 22 vid
311 225 85 18 senaste
411 222 88 27 plenum
515 221 62 21 förda
593 221 113 28 protokoll.

124 364 118 28 Upplästes
258 364 104 21 särskilda
377 364 200 28 protokollsutdrag
592 363 48 22 från
656 364 26 21 R.
698 371 18 14 o.
727 364 26 20 A.
769 366 55 18 samt
834 365 51 26 prä-

54 392 124 22 steständet.

124 536 122 28 Föredrogs
262 536 150 28 lagutskottets
428 536 39 21 vid
484 538 84 19 senaste
581 536 87 28 plenum
679 535 118 28 bordlagda
810 535 75 21 betän-

53 564 70 22 kande
138 572 35 14 n:o
190 566 26 20 15
231 566 7 19 i
254 564 115 28 anledning
385 564 22 21 af
425 564 80 28 nädiga
518 565 160 27 propositionen
689 572 35 13 n:o
735 566 26 20 23
773 564 111 28 angäende

54 593 104 21 särskilda
180 593 115 28 ändringar
314 594 6 20 i
345 592 127 28 strafflagen
488 593 35 21 för
538 592 202 22 storfurstendömet
754 592 93 22 Finland
862 593 24 21 af

53 622 42 20 den
111 623 27 20 19
154 621 113 22 december
283 623 54 20 1889
353 624 54 18 samt
417 621 157 28 förordningen
585 621 23 21 af
621 629 79 13 samma
710 622 42 28 dag
765 629 34 13 om
812 621 72 21 straff-

53 651 73 27 lagens
142 650 114 21 införande
272 650 40 21 och
327 650 58 22 hvad
400 651 6 19 i
423 650 104 21 afseende
543 650 52 21 därä
611 650 53 21 skall
681 650 111 28 iakttagas.

122 707 70 22 Ordet
207 707 104 28 begärdes
326 708 33 20 till
374 707 55 21 först
441 707 23 21 af
474 707 25 21 hr
510 707 138 27 Borenius,
659 714 45 14 som
713 707 95 29 yttrade:
824 707 61 21 Utan

54 739 31 18 att
107 736 51 28 vilja
180 736 67 21 inläta
265 737 44 26 mig
323 736 28 28 pä
367 736 36 20 det
417 739 50 17 rent
482 736 100 21 tekniska
598 737 5 19 i
620 736 71 21 denna
705 736 44 26 sak,
765 736 120 28 någonting

54 772 45 14 som
114 765 136 27 naturligtvis
266 764 76 21 endast
356 764 132 21 tillkommer
502 764 107 26 fackmän,
622 765 42 20 kan
675 765 35 27 jag
722 764 35 21 för
767 765 43 20 min
823 765 61 27 ringa

54 793 34 21 del
104 793 56 21 dock
176 793 48 21 icke
239 792 112 22 underlåta
366 796 31 18 att
412 793 69 21 uttala
497 793 42 21 den
555 793 151 28 öfvertygelse,
721 796 32 18 att
763 792 65 22 äfven
841 792 42 22 den

53 823 6 19 i
76 822 63 21 dessa
161 821 73 28 frägor
256 821 48 22 icke
324 821 162 29 vetenskapligt
501 822 112 20 initierade
629 821 54 21 skall
699 822 71 21 känna
786 822 32 27 sig
834 829 50 21 syn-

53 851 96 27 nerligen
164 850 102 28 anslagen
281 850 23 21 af
319 850 37 21 det
371 852 48 24 sätt,
435 850 84 22 hvarpä
529 850 106 22 utskottet
648 851 41 20 löst
702 851 32 20 sin
747 850 136 28 sannerligen

52 879 49 21 icke
124 878 147 22 afundsvärda
293 878 92 29 uppgift.
416 878 44 22 Om
499 882 22 18 det
535 886 46 14 mer
596 879 51 21 eller
662 878 82 22 mindre
760 879 101 28 lämpliga
876 880 8 19 i

54 910 30 18 ett
100 908 51 20 eller
166 910 64 18 annat
245 907 92 28 uttryck,
353 907 74 21 därom
444 908 73 20 kunna
532 907 107 21 måhända
653 908 58 20 olika
726 907 81 21 åsikter
824 907 60 27 råda,

53 936 41 21 och
116 936 74 21 därom
208 936 71 21 vitnar
293 936 22 28 ju
331 936 64 21 äfven
411 936 7 21 i
434 936 34 21 sin
483 936 49 21 mån
549 936 41 21 den
606 936 145 21 betänkandet
766 935 118 28 vidfogade

53 965 166 26 reservationen,
238 972 49 13 men
309 968 51 17 utan
375 965 80 21 tvifvel
471 965 55 21 skall
542 965 90 28 specielt
647 965 36 21 det
698 965 99 27 manliga,
812 967 72 26 öppna

53 993 41 21 och
108 993 74 21 landet
196 994 7 20 i
219 993 41 21 allo
276 993 89 28 värdiga
380 995 49 25 sätt,
445 993 83 29 hvarpå
542 993 106 22 utskottet
665 994 76 21 uttalat
757 994 33 27 sig
800 1001 35 13 om
846 993 39 21 det

52 1022 207 21 inkonstitutionella
281 1023 7 20 i
311 1021 138 28 strafflagens
474 1022 162 28 suspendering,
658 1022 92 21 öfveralt
772 1022 8 20 i
798 1021 86 22 landets

52 1050 83 28 bygder
157 1054 118 24 emottagas
298 1050 49 21 med
370 1050 36 21 det
427 1050 101 28 lifligaste
545 1051 142 26 erkännande,
702 1051 23 20 af
740 1050 36 21 det
792 1050 93 21 kränkta

51 1079 209 21 rättsmedvetandet
275 1079 49 21 med
340 1087 26 13 en
382 1079 53 28 djup
451 1079 54 22 suck
521 1079 23 21 af
559 1079 88 21 lättnad.

123 1136 35 21 Hr
173 1136 107 28 Elving:
303 1136 71 21 Jämte
390 1136 37 21 det
443 1137 36 28 jag
495 1137 94 20 ansluter
599 1137 43 27 mig
653 1137 33 20 till
697 1136 41 21 den
751 1135 133 29 föregäende

51 1165 93 20 talarens
165 1165 106 27 yttrande,
293 1165 39 21 ber
346 1166 35 27 jag
396 1165 24 21 fä
436 1165 132 21 understöda
583 1165 41 21 den
641 1165 22 21 af
679 1165 105 21 utskottet
798 1164 30 29 pä
844 1164 40 22 sid.

52 1194 28 20 44
95 1193 101 21 affattade
212 1193 62 22 kläm.

123 1249 35 22 Hr
172 1250 141 29 Federley:
336 1250 139 21 Anslutande
490 1251 43 27 mig
543 1251 132 27 fullkomligt
687 1251 32 20 till
730 1250 37 21 det
776 1250 109 28 yttrande,

52 1286 46 14 som
120 1279 26 20 hr
164 1278 105 22 Borenius
284 1279 39 21 här
338 1279 38 21 har
391 1279 91 28 afgifvit
497 1279 111 28 angäende
624 1279 41 22 den
681 1279 75 21 känsla
772 1279 48 20 hela
834 1278 51 22 värt

52 1307 46 21 folk
119 1307 68 22 mäste
210 1307 69 22 erfara
294 1308 7 20 i
317 1307 116 28 anledning
449 1307 24 22 af
488 1308 151 27 lagutskottets
656 1307 99 29 yttrande
772 1306 112 22 angäende

52 1335 135 28 strafflagens
209 1337 133 26 suspension,
363 1336 38 21 ber
416 1337 38 28 jag
470 1340 31 17 att
515 1336 34 21 för
564 1337 44 20 min
624 1336 34 21 del
673 1336 24 21 få
712 1335 28 30 pä
755 1335 37 22 det
834 1335 50 22 krafti-

52 1367 60 25 gaste
135 1364 132 22 understöda
285 1365 154 28 lagutskottets
456 1365 58 21 kläm
544 1365 13 21 pä
572 1373 47 21 pag.
634 1366 28 20 44
678 1365 41 21 och
735 1364 42 22 den
792 1365 92 21 motive-

51 1394 54 27 ring,
120 1400 46 14 som
181 1394 142 27 lagutskottet
337 1394 36 20 för
388 1393 127 22 densamma
544 1402 23 13 har
582 1394 69 28 gifvit.

123 1450 34 21 Hr
172 1450 141 28 Hallberg:
343 1445 76 27 Äfven
441 1452 37 27 jag
493 1451 38 21 ber
547 1454 31 18 att
593 1450 28 29 pä
636 1450 37 22 det
685 1453 108 19 varmaste
808 1450 24 20 fä
846 1457 39 13 an-

52 1478 55 22 sluta
128 1479 44 27 mig
193 1479 33 21 till
249 1479 42 21 den
309 1478 28 29 pä
353 1479 39 21 sid.
408 1480 30 20 44
454 1480 23 20 af
491 1480 106 21 utskottet
611 1479 144 21 formulerade
770 1479 116 26 klämmen,

51 1507 64 28 jämte
131 1506 37 22 det
182 1508 36 28 jag
232 1508 79 20 uttalar
327 1510 30 18 ett
373 1509 68 27 öppet
461 1508 41 22 och
520 1508 63 28 ärligt
598 1508 137 21 erkännande
750 1507 35 21 för
799 1506 86 22 utskot-
