1017 1731
268 126 180 21 Borgareständet
460 127 55 16 1891.
539 127 24 16 14
575 126 60 21 april.
798 122 41 21 675

34 207 68 21 skulle
124 207 32 20 stå
171 207 7 20 i
194 207 51 20 strid
267 209 46 18 mot
335 206 36 21 det
393 206 108 28 naturliga
523 208 63 19 sättet
607 208 30 19 att
652 206 102 21 öfverlåta
769 207 97 20 innehaf-

35 235 111 21 vareaktie.

103 291 33 22 Hr
154 291 154 22 Serlachius:
325 291 40 21 Om
381 298 50 14 man
447 292 78 27 jämför
540 291 71 21 denna
625 291 99 28 paragraf
738 291 50 22 med
804 292 12 27 $
834 292 32 27 16,

36 320 22 21 så
73 321 53 20 skall
141 327 50 14 man
206 320 59 21 finna
279 321 31 20 att
325 319 71 22 denna
411 320 32 21 als
460 320 48 21 icke
518 320 56 21 afser
585 319 75 28 frågan
671 327 36 14 om
718 320 149 21 innehafvare-

36 349 72 27 aktier,
127 351 23 24 ty
166 355 32 15 om
216 349 49 20 dem
280 348 43 21 kan
337 349 7 20 i
359 349 195 27 bolagsordningen
570 349 47 20 icke
633 349 84 27 stadgas
733 350 30 19 att
778 349 26 20 de
820 349 46 20 icke

36 377 20 21 få
75 377 117 22 öfverlåtas.
222 377 12 21 I
255 377 115 27 begreppet
390 377 198 21 innehafvareaktie
610 377 69 27 ligger
701 377 23 21 så
746 377 122 28 ovilkorligt

36 408 70 25 utsagt
128 408 30 19 att
180 406 26 21 de
220 405 68 22 måste
307 405 73 22 kunna
395 406 121 25 öfverlåtas,
531 407 31 20 att
577 406 26 20 31
621 406 12 27 $
648 405 47 22 icke
711 406 41 21 kan
767 406 100 21 hänföras

36 435 31 21 till
83 435 54 21 dem.
166 434 43 21 Det
223 440 64 21 synes
302 434 45 28 mig
361 435 72 20 därför
448 437 31 18 att
495 435 70 20 denna
580 435 98 26 paragraf
688 436 23 19 är
721 434 88 22 alldeles
821 434 47 21 klar

36 465 51 19 utan
102 463 126 22 återremiss.

104 521 34 21 Hr
152 520 80 22 Lille:
250 520 108 21 Utskottet
372 520 39 20 har
425 521 8 19 i
445 520 12 27 $
475 521 25 20 31
517 520 65 21 infört
597 522 30 19 ett
637 523 95 19 moment
743 521 21 21 af
774 520 94 28 följande

36 549 90 27 lydelse:
143 551 35 25 ,är
192 548 104 22 förbehåll
311 549 7 20 i
335 548 193 28 bolagsordningen
545 549 70 27 gjordt
630 549 79 27 därom,
725 551 30 19 att
766 550 56 20 aktie
833 549 35 21 vid

37 578 132 21 öfverlåtelse
190 578 39 20 bör
248 577 168 27 bolagsmännen
438 577 135 28 hembjudas,
594 578 54 20 skall
669 578 75 21 sådant
758 577 110 27 förbehåll,

36 606 33 21 för
84 608 30 19 att
128 606 62 28 gälla,
204 606 8 20 i
227 606 140 21 aktiebrefvet
380 606 103 27 intagas'".
513 606 34 21 Dä
562 606 58 21 detta
635 606 116 28 stadgande
766 606 103 28 intages
857 602 15 37 i

38 635 69 21 denna
128 635 102 28 paragraf,
250 641 64 21 synes
335 634 36 21 det
385 635 46 27 mig
446 642 50 14 vara
513 634 134 28 öfverflödigt
661 636 31 20 att
707 635 66 21 orden
788 634 82 28 ,såvidt

37 664 18 27 ej
67 664 7 20 i
85 664 193 27 bolagsordningen
278 659 10 36 '
294 663 134 21 annorlunda
444 664 97 27 stadgas"
558 663 116 21 bibehållas
684 664 8 20 i
710 666 4 18 I
726 670 63 14 mom.
805 664 64 20 Bibe-

37 692 67 21 hållas
126 692 62 21 dessa
209 692 38 20 ord
270 692 43 26 där,
336 692 23 20 så
381 692 42 20 kan
441 692 36 21 det
492 692 48 21 leda
555 692 33 20 till
603 692 42 21 den
661 692 164 28 uppfattningen
840 694 31 19 att

37 721 63 21 äfven
122 721 66 21 andra
209 708 180 39 inskränkningar
403 721 8 20 i
424 720 135 34 aktieegares
582 722 41 20 rätt
645 722 31 20 att
698 720 102 22 öfverlåta
824 720 47 21 sina

38 749 67 33 aktier
125 749 32 21 till
172 748 66 28 tredje
254 755 51 14 man
319 748 73 22 kunde
407 751 70 31 göras.
507 749 42 27 Jag
564 750 41 20 kan
622 749 107 27 nämligen
743 749 48 21 icke
807 749 64 21 tänka

37 778 44 27 mig
95 778 71 27 någon
182 784 70 14 annan
267 777 156 28 inskränkning
437 778 9 20 i
461 778 54 20 hans
530 780 41 19 rätt
586 780 30 19 att
631 778 102 21 öfverlåta
745 778 47 20 sina
804 778 68 20 aktier

38 806 30 21 till
90 806 68 28 tredje
180 812 56 21 man,
259 808 27 18 än
309 808 30 19 att
359 806 42 21 han
423 808 24 19 är
463 806 86 28 skyldig
563 808 30 19 att
608 806 115 28 hembjuda
739 806 96 21 aktierna
850 806 22 20 åt

38 834 173 28 bolagsmännen.

106 892 33 20 Hr
159 891 134 28 Eneberg:
317 891 51 21 Icke
387 891 70 28 ligger
480 892 126 26 betydelsen
627 892 22 20 af
667 892 13 20 2
696 898 63 14 mom.
776 892 31 20 als
822 892 7 20 i
844 892 27 20 de

38 920 44 27 ord,
98 926 45 15 som
159 920 25 21 hr
198 920 53 21 Lille
267 920 75 21 anfört.
371 919 66 22 Detta
451 922 98 19 moment
563 920 38 21 har
616 920 123 21 tillkommit
753 920 76 21 endast
838 920 34 21 för

38 949 62 21 dessa
122 949 52 21 sista
195 949 67 27 rader,
285 951 30 19 att
336 949 76 20 sådant
434 949 112 27 förbehåll,
561 949 34 21 för
609 951 30 19 att
653 949 61 28 gälla,
730 949 38 21 bör
783 949 7 20 i
806 949 66 21 aktie-

38 977 82 22 brefvet
142 978 88 27 intagas,
252 977 97 27 emedan,
371 984 36 14 om
430 984 29 14 en
481 977 65 21 sådan
571 977 236 28 hembuds-skyldighet
822 983 51 22 eger

38 1013 54 20 rum,
114 1013 49 14 man
186 1006 66 27 ansåg
273 1006 36 21 det
323 1013 51 14 vara
389 1008 56 19 orätt
461 1008 31 19 att
506 1006 47 21 icke
569 1007 52 20 hvar
633 1007 39 20 och
688 1013 32 20 en,
736 1013 46 14 som
797 1006 33 21 får
844 1012 28 15 en

40 1035 55 20 aktie
111 1041 35 14 om
161 1035 85 27 händer,
262 1035 21 20 af
298 1035 141 20 aktiebrefvet
453 1035 71 21 skulle
539 1035 74 20 kunna
628 1041 22 15 se
665 1037 31 19 att
708 1035 41 20 den
760 1036 24 19 är
794 1035 78 20 under-

39 1063 74 21 kastad
128 1063 99 21 hembud.
257 1063 64 21 Detta
336 1065 23 19 är
373 1065 130 19 momentets
518 1063 94 28 mening,
627 1063 40 21 och
683 1063 35 21 det
733 1063 43 21 står
791 1063 81 21 äfven
858 1059 17 36 i

40 1092 219 21 öfverensstämmelse
273 1091 50 22 med
339 1092 12 20 1
366 1098 65 14 mom.

108 1119 71 22 Sedan
194 1120 150 21 diskussionen
358 1120 115 21 förklarats
489 1121 98 27 afslutad,
603 1120 142 21 framstäldes:

109 1148 129 21 beträffande
253 1149 26 20 hr
292 1149 89 21 Heikels
396 1149 83 28 förslag
493 1149 32 21 till
541 1149 120 21 återremiss
676 1149 21 20 af
713 1149 12 26 &
739 1149 25 20 31
779 1148 95 27 följande

40 1177 273 28 omröstningsproposition
320 1185 4 12 :

110 1234 38 27 De,
167 1234 74 21 hvilka
254 1235 119 26 godkänna
387 1235 117 20 utskottets
519 1235 84 27 förslag
621 1235 34 20 till
671 1235 79 27 lydelse
766 1234 38 32 för
816 1235 16 26 $
848 1235 27 20 31

40 1263 145 35 oförändradt
199 1263 10 20 i
223 1263 42 20 den
279 1263 40 26 del,
335 1263 116 21 hvaremot
466 1263 28 21 hr
508 1263 78 21 Heikel
591 1263 118 30 anmärkt,
722 1265 61 19 rösta
789 1263 41 27 ja;
840 1263 33 26 de,

40 1292 35 20 det
89 1291 46 22 icke
149 1294 60 25 göra,
224 1293 61 19 rösta
299 1291 49 28 nej;

109 1320 80 21 vinner
208 1321 42 27 nej,
273 1320 42 21 har
330 1320 181 27 borgareståndet
526 1320 89 21 beslutit
629 1320 160 21 återremittera
801 1326 72 21 para-

39 1349 81 27 grafen
134 1349 10 20 i
158 1349 35 20 det
207 1349 57 28 syfte
279 1349 28 20 hr
321 1349 78 20 Heikel
410 1349 112 28 påyrkat;

110 1406 114 27 äfvensom,
234 1406 8 20 i
252 1406 117 28 anledning
379 1406 22 21 af
411 1406 26 21 hr
447 1406 66 22 Lilles
523 1406 79 28 förslag
612 1412 34 15 om
657 1406 126 27 återremiss,
794 1405 81 21 nedan-

41 1435 87 21 stående
143 1435 140 27 proposition:

110 1492 38 26 De,
168 1492 74 20 hvilka
256 1492 118 32 godkänna
389 1492 116 20 utskottets
520 1491 83 28 förslag
620 1491 35 21 till
671 1492 79 32 lydelse
765 1491 37 27 för
816 1491 16 27 $
848 1491 28 20 31

41 1505 150 46 oförändradt,
207 1522 60 19 rösta
276 1520 40 27 ja;
333 1520 31 27 de,
382 1520 36 21 det
433 1520 48 21 icke
494 1522 60 26 göra,
570 1522 60 19 rösta
645 1520 48 28 nej;
