1017 1731
158 106 56 34 1344
377 116 180 21 Borgareständet
569 117 54 16 1891.
647 116 22 17 22
682 116 48 21 maj.

200 194 33 21 Hr
255 195 121 22 talmannen
398 195 139 28 tillkännagaf
553 198 30 19 att
599 198 59 19 nästa
673 196 90 27 plenum
779 195 85 22 komme
880 197 29 19 att
924 202 39 20 ega

130 230 50 14 rum
195 223 7 20 i
217 230 90 21 morgon
322 224 74 27 fredag
412 224 26 21 kl.
456 225 24 20 11
498 225 13 20 f.
527 231 27 14 m.

202 355 69 21 Sedan
294 356 24 20 hr
333 356 120 21 talmannen
471 355 50 21 härå
538 358 115 25 uppmanat
669 355 96 21 ståndets
781 355 138 21 medlemmar
934 357 30 18 att

132 384 130 21 kvarstanna
277 384 33 21 för
325 386 30 19 att
369 387 93 25 mottaga
475 386 29 19 ett
515 384 93 21 enskildt
617 384 144 21 meddelande
772 384 21 20 af
804 384 93 21 ståndets
909 384 54 20 vice-

132 412 87 27 talman,
242 413 91 20 rörande
349 415 29 18 ett
393 413 21 20 af
429 413 174 27 borgareståndet
618 413 34 20 vid
669 415 84 18 senaste
770 412 100 27 landtdag
886 413 78 20 honom

132 441 96 20 lämnadt
243 441 101 28 uppdrag,
361 442 106 27 upplöstes
483 441 87 28 plenum
586 441 27 20 kl.
631 442 61 27 12,10
709 441 26 27 på
751 441 74 27 dagen.

747 515 21 17 In
781 514 61 18 fidem:

689 555 28 21 A.
740 554 22 21 V.
779 554 116 28 Lindberg.

264 732 154 33 Fredagen
437 732 58 28 den
513 732 34 28 22
565 733 62 33 maj
647 732 42 27 kl.
709 731 32 27 11
761 730 19 28 f.
799 738 39 20 m.

204 800 47 22 Vid
266 800 121 22 värkstäldt
409 808 83 21 upprop
515 801 107 21 befunnos
639 800 98 22 ständets
753 800 99 27 samtliga
867 798 101 22 medlem-

135 836 45 14 mar
202 828 139 27 närvarande,
364 829 94 21 förutom
475 830 26 20 hr
515 829 80 28 Berg,
619 837 46 13 som
681 828 135 22 fortfarande
832 828 22 21 af
869 827 98 29 sjukdom

135 865 39 13 var
189 857 93 21 hindrad
297 860 32 18 att
343 858 197 21 tillstädeskomma.

204 920 34 20 Hr
253 920 178 22 Frenckells
449 920 98 22 anhållan
569 924 36 23 att,
623 921 7 20 i
649 920 119 28 anledning
783 920 23 21 af
820 919 149 29 sjukdomsfall

135 949 58 20 inom
209 949 34 20 sin
258 949 75 28 familj,
348 949 67 22 utebli
430 949 48 22 frän
493 951 94 20 närmast
602 949 97 28 följande
717 949 62 28 plena
794 949 46 20 blef
850 948 23 21 af
884 947 85 22 ständet

135 977 95 21 bifallen.

204 1114 119 29 Upplästes
346 1115 32 20 till
401 1115 104 28 justering
527 1115 41 22 och
587 1115 129 28 godkändes
733 1114 105 21 särskilda
854 1113 76 28 utdrag
946 1121 25 13 ur

136 1142 188 29 borgareständets
340 1143 38 22 vid
393 1147 85 18 senaste
493 1144 86 28 plenum
595 1143 63 22 förda
673 1143 117 29 protokoll.

204 1280 119 29 Upplästes
340 1281 106 21 särskilda
462 1281 196 28 protokollsutdrag
673 1280 51 21 från
741 1279 147 22 medstånden.

205 1417 123 29 Föredrogs
348 1418 219 22 ekonomiutskottets
582 1418 82 28 förslag
680 1418 35 20 till
731 1416 205 29 sammanjämkning
952 1416 22 21 af

137 1445 27 21 de
172 1446 131 28 :skiljaktiga
319 1446 77 27 beslut,
412 1448 7 20 i
435 1447 73 21 hvilka
523 1446 91 22 stånden
630 1449 89 19 stannat
734 1446 38 21 vid
783 1445 158 27 behandlingen
952 1444 22 21 af

136 1474 118 22 utskottets
277 1475 138 21 betänkande
439 1483 34 14 n:o
493 1477 12 20 3
520 1476 7 20 i
543 1475 115 28 anledning
673 1475 25 21 af
717 1474 80 29 nådiga
812 1474 161 28 propositionen

137 1510 34 14 n:o
188 1504 24 20 11
226 1503 151 22 innefattande
389 1504 82 28 förslag
481 1504 32 21 till
524 1504 150 28 förordningar
683 1502 114 29 angående
808 1504 18 27 ej
839 1502 82 21 mindre
932 1502 42 22 till-
