1017 1731
277 115 179 22 Borgareståndet
467 117 55 16 1891.
545 116 24 17 10
580 116 59 21 april.
800 111 40 22 639

114 195 33 21 Hr
166 195 82 21 Göös:
263 195 34 22 Då
310 196 36 27 jag
360 195 84 21 befarar
459 197 30 20 att
504 195 41 22 den
561 195 133 28 bestämning
709 196 20 26 ,i
744 195 73 22 landet
831 196 37 21 bo-

47 224 58 27 satt",
126 230 46 15 som
193 223 61 28 ingår
276 224 8 20 i
305 224 25 21 12
347 224 12 27 &
373 224 102 27 möjligen
490 224 72 21 kunde
576 224 76 21 hindra
667 224 109 21 utländskt
790 224 78 27 kapital

49 252 39 21 och
110 252 99 21 utländsk
231 252 120 28 intelligens
366 253 30 20 att
411 252 58 21 bilda
483 253 64 27 bolag
561 253 7 20 i
583 253 78 26 landet,
676 253 40 20 och
731 252 27 21 då
772 253 36 26 jag
821 252 47 21 icke

46 281 42 20 kan
110 281 58 20 finna
192 282 30 19 att
244 287 76 21 genom
335 282 30 19 ett
379 280 76 21 sådant
469 281 184 21 sammanförande
669 281 21 21 af
704 281 79 20 krafter
797 281 73 20 landet

48 309 68 21 skulle
131 309 27 27 på
171 309 65 27 något
250 311 41 19 sätt
305 309 66 21 blifva
385 309 92 28 lidande,
493 309 23 21 så
531 315 62 15 anser
607 310 35 27 jag
657 311 30 20 att
699 309 122 21 densamma
831 309 39 21 bör

47 337 103 21 bortfalla.
179 337 113 21 Dessutom
308 337 40 21 blir
363 337 36 22 det
414 343 27 15 en
456 337 167 28 tolkningsfråga
637 338 38 21 hos
689 338 180 27 inregistrerings-

47 365 159 28 myndigheten,
221 367 23 25 ty
259 366 35 21 det
308 365 67 22 måste
390 366 141 28 ådagaläggas
545 366 105 21 huruvida
665 373 27 14 en
707 367 43 20 viss
760 372 76 22 person
846 368 24 19 är

47 395 8 20 i
77 394 73 21 landet
170 394 70 21 bosatt
261 394 52 21 eller
334 395 53 20 icke.
417 394 36 21 Nu
467 395 43 20 kan
525 395 36 20 det
575 395 70 20 hända
660 397 29 18 att
704 401 27 14 en
745 395 64 27 finne,
824 401 45 14 som

48 423 68 20 under
136 422 71 28 någon
221 423 31 20 tid
267 423 21 21 af
303 423 44 21 året
361 423 65 21 vistas
441 423 7 20 i
463 423 112 27 Ryssland,
589 423 8 20 i
612 423 90 21 Finland
717 423 37 21 vill
768 423 50 28 ingå
832 423 37 21 bo-

48 451 40 28 lag.
117 451 64 21 Huru
199 451 53 21 skall
268 451 35 21 det
317 451 86 21 utredas
417 451 54 21 hvar
485 452 42 20 han
542 451 120 28 egentligen
678 454 23 18 är
715 451 85 22 bosatt?
828 451 42 22 Det

49 479 41 21 kan
113 479 27 21 då
162 479 65 22 blifva
248 480 79 27 ganska
349 479 106 28 krångligt
477 482 30 19 att
521 480 22 21 få
558 480 71 21 denna
642 480 134 27 bestämning
792 480 78 27 åtlydd,

49 508 84 49 PUT
154 508 36 28 jag
210 508 55 21 hälst
287 509 68 21 skulle
377 514 23 16 se
423 510 30 20 att
473 509 48 21 hela
542 508 161 28 bestämningen
724 509 74 21 härom
813 509 56 20 bort-

86 543 28 15 er.

116 592 34 22 Hr
171 600 52 14 von
238 593 106 21 Pfaler:
360 593 42 27 Jag
417 593 69 21 skulle
501 593 26 21 be
543 595 30 19 att
587 593 22 21 få
623 593 128 22 understöda
766 594 26 20 hr
807 592 61 22 Göös”

49 621 82 28 förslag.
160 621 48 22 Den
229 622 137 28 bestämning,
389 628 45 14 som
459 622 25 20 hr
507 622 56 21 Göös
577 622 95 28 påpekat,
687 623 38 20 har
739 622 47 21 icke
804 621 66 21 häller

49 650 127 21 förefunnits
198 650 8 20 i
228 650 190 28 lagberedningens
432 650 85 28 förslag,
533 651 39 21 och
587 657 64 21 synes
665 651 43 26 mig
722 650 47 22 icke
784 657 51 14 vara
850 650 21 20 af

49 678 99 22 behofvet
162 678 102 28 påkallad.

117 735 33 21 Hr
170 735 141 21 Forsman:
333 735 41 28 Jag
388 735 89 21 föreslär
492 737 30 19 att
537 736 66 20 orden
618 736 60 26 ,med
693 735 128 27 anteckning
836 741 34 15 om

50 763 42 21 den
117 763 52 21 eller
193 764 26 20 de
240 770 46 14 som
311 765 74 26 utgöra
409 764 96 27 bolagets
526 764 100 27 styrelse"
641 764 86 27 utbytas
745 766 45 18 mot
805 763 65 21 orden

50 793 66 26 »samt
138 792 45 20 däri
203 792 68 21 tillika
290 792 79 21 infördt
390 792 64 21 hvem
477 793 52 21 eller
543 792 72 21 hvilka
629 794 74 26 utgöra
717 792 96 27 bolagets
827 794 43 24 sty-

49 820 72 21 relse'.
152 820 72 21 Såsom
247 820 124 28 stadgandet
393 827 30 14 nu
445 822 24 19 är
485 821 144 27 formuleradt,
651 823 32 19 ter
705 820 35 21 det
755 821 32 27 sig
802 820 69 21 såsom

50 855 26 14 en
91 848 59 21 bisak
166 851 30 19 att
210 850 63 26 jämte
288 849 186 27 inregistreringen
491 849 63 21 ocksä
569 856 26 14 en
611 849 127 27 anteckning
748 849 53 20 skall
810 850 60 26 göras

50 884 34 14 om
105 877 95 27 bolagets
222 877 94 27 styrelse.
345 878 50 20 Men
416 878 27 20 dä
465 878 71 21 denna
559 878 127 27 anteckning
700 878 47 20 icke
763 879 23 19 är
800 877 70 27 någon

49 905 182 28 biomständighet,
247 908 52 18 utan
313 906 43 21 lika
370 906 67 28 viktig
452 912 47 15 som
514 906 191 28 inregistreringen,
721 906 39 20 och
776 905 28 21 dä
814 906 57 20 detta

49 934 97 21 framstär
168 934 109 28 tydligare,
299 941 33 14 om
352 934 26 22 de
393 934 22 21 af
429 934 45 28 mig
489 935 87 27 angifna
591 934 114 28 ordalagen
720 934 112 28 begagnas,
848 934 23 21 sä

49 962 64 27 vägar
126 963 36 27 jag
176 963 80 27 päyrka
271 963 126 28 vidtagande
413 963 21 21 af
449 969 28 15 en
493 963 66 21 sädan
573 963 128 28 förändring.

115 1019 69 21 Sedan
200 1019 147 22 diskussionen
362 1019 51 22 härä
427 1019 114 22 förklarats
555 1020 97 27 afslutad,
664 1019 122 22 framstälde
798 1020 25 20 hr
832 1019 39 21 tal-

48 1053 93 15 mannen
157 1048 33 21 till
205 1048 52 21 först
271 1048 93 27 följande
379 1049 283 27 omröstningsproposition
653 1044 12 36 :

116 1103 39 27 De,
179 1104 74 21 hvilka
274 1104 73 21 säsom
368 1105 218 28 kontraproposition
600 1107 46 19 mot
659 1105 113 20 utskottets
787 1104 83 27 förslag

49 1132 35 23 till
98 1132 79 27 lydelse
191 1132 36 27 för
240 1133 16 25 $
270 1134 29 19 12
312 1133 55 27 vilja
381 1133 115 28 uppställa
511 1133 125 21 återremiss
650 1133 9 20 i
673 1133 35 21 det
723 1132 28 28 af
763 1133 27 20 hr
804 1133 64 20 Jusé-

49 1160 43 21 lus
106 1160 96 27 angifna
217 1161 62 27 syfte,
295 1163 59 19 rösta
363 1161 39 28 ja;
418 1162 31 25 de,
466 1162 36 21 det
516 1162 45 21 icke
572 1164 59 25 göra,
647 1163 59 19 rösta
721 1161 49 28 nej;

115 1189 80 20 vinner
213 1189 42 28 nej,
271 1189 42 21 har
328 1190 178 27 borgareständet
519 1190 10 20 i
543 1190 80 21 sådant
637 1190 100 27 afseende
751 1189 121 28 föredragit

48 1217 34 21 det
102 1217 83 28 förslag
206 1217 35 21 till
264 1218 83 27 lydelse,
369 1225 48 14 som
437 1218 81 27 gifvits
529 1218 138 28 paragrafen
681 1219 36 20 uti
731 1218 43 21 den
788 1218 82 27 nädiga

45 1245 172 28 propositsonen.

114 1302 34 21 Dä
158 1303 70 20 denna
238 1303 273 28 omröstningsproposition
522 1303 126 22 besvarades
657 1304 49 21 med
715 1303 155 28 öfvervägande

46 1331 27 27 ja,
88 1331 66 21 erhöll
170 1331 42 21 den
227 1331 64 28 därpå
305 1332 93 27 följande
413 1332 161 21 nedanstående
589 1332 148 27 formulering:

117 1387 39 27 De,
177 1388 74 21 hvilka
273 1388 73 22 såsom
366 1389 219 28 kontraproposition
602 1390 46 20 mot
661 1390 113 20 utskottets
788 1388 82 28 förslag

48 1416 36 20 till
99 1416 79 27 lydelse
192 1416 36 28 för
242 1417 15 27 $
272 1418 29 20 12
315 1417 116 27 föredraga
445 1418 128 21 återremiss
587 1418 10 20 i
611 1418 35 20 det
659 1418 58 27 syfte
732 1418 27 20 hr
774 1416 98 22 Juselius

46 1444 119 28 föreslagit,
181 1447 59 19 rösta
250 1445 40 28 ja;
306 1446 31 25 de,
352 1446 35 20 det
401 1446 45 20 icke
461 1449 61 24 göra,
537 1448 60 19 rösta
611 1446 48 27 nej;

114 1473 80 21 vinner
210 1474 42 27 nej,
268 1474 41 21 har
325 1474 178 27 borgareståndet
516 1475 10 20 i
540 1475 81 20 sådant
635 1474 101 27 afseende
751 1473 121 28 föredragit

45 1501 27 20 hr
98 1501 62 21 Göös
176 1502 83 27 förslag
274 1504 33 19 att
322 1502 168 28 bestämningen
505 1510 36 14 om
555 1504 34 20 att
602 1502 97 28 flertalet
713 1502 30 28 af
753 1503 55 25 dem,
824 1508 47 15 som
