1017 1731
280 112 179 21 Borgareståndet
472 113 53 16 1891.
549 112 26 17 23
587 113 48 20 maj.
797 107 54 22 1379

257 191 82 26 Utdrag
360 197 25 14 ur
400 191 166 20 bondeståndets
581 191 112 26 protokoll,
711 191 56 21 fördt
782 191 12 20 å
808 192 70 21 landt-

188 219 67 28 dagen
271 219 8 20 i
293 219 135 27 Helsingfors
443 219 42 21 den
501 219 26 20 22
543 219 42 27 Maj
603 219 61 21 1891.

118 275 117 28 Föredrogs
253 275 220 21 Ekonomiutskottets
493 275 79 27 förslag
587 275 32 21 till
635 275 206 28 sammanjämkning
856 275 22 21 af

50 304 25 21 de
91 304 120 27 skiljaktiga
226 304 75 26 beslut,
316 303 8 20 i
338 303 73 21 hvilka
429 303 90 21 stånden
534 305 85 19 stannat
633 303 35 21 vid
684 303 156 28 behandlingen
856 304 22 21 af

49 332 112 21 utskottets
176 332 134 21 betänkande
325 338 35 14 n:o
377 333 18 25 3,
410 332 8 20 i
433 332 116 27 anledning
566 332 21 20 af
602 331 61 22 Hans
678 332 119 27 Kejserliga
811 332 66 27 Maje-

49 362 51 19 stäts
116 360 77 28 nådiga
208 360 128 27 proposition
359 360 32 21 till
406 360 103 21 Finlands
525 360 91 26 ständer,
638 360 146 21 innefattande
799 360 79 27 förslag

49 389 31 20 till
102 389 153 27 förordningar,
278 388 109 27 angående
403 389 19 26 ej
439 389 83 20 mindre
538 389 137 26 tillvärkning
691 389 38 20 och
745 389 132 26 distillering,

49 419 27 18 än
98 417 131 27 försäljning,
251 417 89 27 forsling
363 417 39 20 och
425 417 79 27 upplag
519 417 21 20 af
555 417 90 21 bränvin
661 417 40 20 och
715 417 67 21 andra
797 417 81 21 brända

49 445 52 21 eller
116 445 128 22 distillerade
261 445 146 27 spritdrycker.

118 473 64 22 Detta
204 473 298 27 sammanjämkningsförslag
520 473 43 21 blef
579 473 21 21 af
615 473 84 22 ståndet
713 474 7 20 i
735 474 69 27 öfriga
819 474 58 20 delar

49 502 114 28 godkändt,
186 504 59 19 utom
265 502 55 20 hvad
335 501 100 22 beträffar
450 503 27 19 74
493 502 12 27 $
521 502 7 20 i
543 502 152 27 förordningen
711 502 109 27 angående
836 502 41 20 till-

48 531 105 27 värkning
173 531 39 21 och
235 530 125 27 distillering
379 530 21 21 af
415 530 90 21 bränvin
521 532 54 19 samt
591 531 27 20 23
634 531 38 20 och
689 531 26 20 63
731 530 27 27 $$
774 531 7 19 i
796 530 81 21 förord-

49 559 80 27 ningen
152 559 109 27 angående
277 558 130 28 försäljning,
430 559 90 27 forsling
535 559 40 20 och
590 558 78 28 upplag
683 559 21 21 af
719 559 90 21 bränvin
823 560 54 19 samt

49 588 66 20 andra
130 587 80 21 brända
225 587 52 21 eller
292 587 129 21 distillerade
437 587 148 27 spritdrycker,
601 587 129 21 beträffande
745 587 73 21 hvilka
832 587 45 27 lag-

48 622 48 14 rum
112 615 84 22 ståndet
216 616 68 21 beslöt
303 617 30 19 att
349 616 102 20 vidblifva
467 616 36 20 sitt
517 616 7 20 i
539 615 89 21 ärendet
642 616 88 27 tidigare
745 615 80 21 fattade
842 615 35 21 be-

49 644 47 27 slut,
112 644 116 27 hvarjämte
249 644 84 21 ståndet
347 643 68 21 beslöt
431 650 78 21 genom
524 650 27 14 en
567 644 130 27 deputation,
719 644 59 20 hvari
794 644 26 26 på
835 644 42 20 för-

48 672 46 28 slag
109 672 21 21 af
144 672 123 21 talmannen
280 672 31 21 till
323 672 140 21 medlemmar
475 672 87 27 utsågos
572 672 206 28 landtdagsmännen
789 672 87 20 Castrén

49 701 39 21 och
110 701 102 26 Niemelä,
234 700 93 27 inbjuda'
343 700 48 21 dem
407 700 22 21 af
443 700 146 27 medstånden,
604 700 82 22 hvilkas
701 700 71 21 beslut
786 700 8 20 i
808 706 68 15 omor-

48 729 51 21 dadt
114 729 100 21 afseende
228 729 47 21 icke
291 729 190 21 öfverensstämma
500 729 49 21 med
571 729 164 21 bondeståndets
749 728 76 27 beslut,
847 730 30 19 att

49 758 88 20 omfatta
156 757 36 21 det
206 757 75 27 beslut,
304 757 59 21 hvari
378 757 156 21 bondeståndet
554 757 32 21 uti
600 757 160 27 ifrågavarande
776 756 100 22 afseende

49 787 89 19 stannat.
168 785 64 21 Detta
253 785 70 21 beslut
345 786 69 20 skulle
438 786 107 20 dessutom
563 786 102 27 delgifvas
680 785 140 21 medstånden
836 785 39 21 och

49 814 201 21 ekonomiutskottet
265 820 77 21 genom
357 814 77 27 utdrag
449 820 26 14 ur
490 814 133 27 protokollet.

658 870 26 21 In
699 870 73 21 fidem:

635 915 27 21 E.
679 915 119 21 Andersin.

117 983 33 20 Hr
170 982 92 22 Heikel
284 983 95 21 fortsatte
402 983 102 22 härefter:
534 983 33 21 Hr
589 983 109 22 Snellman
721 984 37 20 har
780 985 47 25 sagt
848 985 30 19 att

48 1013 166 25 reservanterna,
236 1018 45 14 som
305 1011 48 21 stält
375 1011 32 28 sig
429 1011 28 28 på
475 1018 26 15 en
517 1012 111 27 principiel
643 1011 136 28 ståndpunkt,
802 1011 75 27 själfva

50 1039 64 21 hafva
128 1039 92 28 frångått
234 1041 79 19 tvänne
328 1040 112 27 principer,
461 1040 72 21 hvilka
549 1040 84 21 ståndet
647 1040 56 21 förut
717 1040 39 20 har
770 1039 107 21 fasthållit.

48 1067 51 22 Men
121 1067 148 28 beklagligtvis
291 1068 67 21 måste
380 1069 36 26 jag
439 1070 51 25 säga
513 1070 29 19 att
565 1069 26 20 de
609 1068 35 21 två
657 1068 112 27 principer,
792 1074 44 14 som
852 1068 26 20 hr

49 1095 109 22 Snellman
180 1096 121 27 framhållit,
324 1096 68 27 aldrig
412 1097 65 20 hafva
499 1098 80 19 ansetts
601 1096 69 21 såsom
685 1096 66 27 några
767 1096 111 27 principer,

48 1126 27 19 än
90 1124 83 21 mindre
188 1124 70 21 blifvit
273 1124 21 21 af
309 1125 113 20 ständerna
438 1125 118 27 godkända.
579 1125 189 20 Bränvinsskatten
783 1125 39 20 har
836 1124 42 21 vis-

48 1152 91 27 serligen
155 1152 111 21 öfverförts
282 1153 31 20 till
328 1153 284 27 kommunikationsfonden,
632 1159 49 15 men
697 1153 58 21 detta
769 1153 39 20 har
822 1153 56 20 skett

48 1180 72 21 därför
134 1182 30 19 att
178 1180 284 28 kommunikationsfonden,
477 1181 33 21 för
524 1183 30 19 att
570 1181 87 22 betäcka
667 1181 115 27 utgifterna
791 1181 33 20 för
834 1187 44 20 nya

47 1208 230 28 järnvägsbyggnader,
299 1209 54 21 varit
374 1209 8 20 i
404 1209 66 22 behof
493 1209 20 21 af
533 1210 128 20 densamma.
691 1209 64 21 Detta
770 1209 38 20 har
822 1209 57 20 skett

48 1237 102 27 landtdag
165 1236 33 22 för
212 1237 107 28 landtdag,
334 1243 50 15 men
399 1237 37 22 det
451 1238 40 21 har
505 1238 46 21 icke
566 1238 87 21 uttalats
667 1237 70 22 såsom
752 1243 27 22 en
794 1237 84 27 princip

48 1267 30 19 att
93 1265 184 22 bränvinsskatten
293 1265 54 21 skall
362 1266 27 27 gå
401 1266 32 21 till
444 1266 282 21 kommunikationsfonden.
748 1261 36 24 Än
794 1265 84 20 mindre

47 1294 39 21 har
100 1294 36 27 jag
150 1293 141 28 någonstädes
305 1296 41 19 sett
360 1294 82 21 uttalad
459 1295 42 20 den
511 1295 66 20 andra
586 1295 115 27 principen,
717 1300 45 14 som
773 1293 26 20 hr
809 1292 68 22 Snell-

47 1329 50 14 man
119 1322 121 27 framhållit,
263 1324 30 19 att
314 1322 188 21 bränvinsskatten
524 1323 47 20 icke
593 1323 33 20 får
640 1322 109 22 användas
765 1321 31 22 till
811 1317 66 57 några

48 1350 105 21 ordinarie
174 1351 92 27 utgifter.
296 1350 48 21 Den
366 1351 39 20 har
419 1351 73 20 blifvit
507 1351 84 20 använd
606 1351 32 21 till
652 1350 225 28 järnvägsbyggnader

47 1379 71 21 därför
132 1380 31 20 att
178 1379 40 21 den
235 1379 70 21 därtill
319 1380 38 20 har
372 1379 91 28 behöfts,
481 1386 50 14 men
547 1380 36 20 det
597 1380 38 20 har
650 1380 67 26 aldrig
732 1378 93 27 uttalats,
848 1380 30 18 att

47 1407 42 21 den
104 1407 47 21 icke
167 1407 68 21 skulle
250 1407 22 21 få
287 1407 108 21 användas
411 1408 33 20 till
459 1408 68 21 andra
546 1408 91 27 utgifter.
666 1407 33 21 Hr
715 1407 109 21 Snellman
839 1406 40 21 har

47 1437 47 26 sagt
116 1437 30 19 att
169 1436 35 20 det
225 1442 50 14 vore
291 1436 93 27 orimligt
399 1438 30 18 att
445 1436 98 21 använda
558 1436 187 21 bränvinsmedlen
759 1435 33 21 till
807 1434 70 21 betäc-

46 1463 71 21 kande
133 1464 21 20 af
169 1464 105 21 ordinarie
297 1464 92 27 utgifter.
420 1464 43 21 För
478 1465 45 20 min
539 1464 34 21 del
587 1464 43 21 kan
644 1465 35 27 jag
695 1463 115 27 omöjligen
825 1462 52 21 fatta

46 1492 60 20 hvari
129 1492 36 20 det
184 1492 97 27 orimliga
296 1492 45 20 däri
357 1492 69 21 skulle
442 1492 64 28 ligga.
536 1492 189 22 Bränvinsskatten
740 1493 23 19 är
779 1496 27 16 en
821 1490 56 21 ordi-
