1017 1731
265 134 180 21 Borgareståndet
458 134 56 17 1891.
538 135 27 16 28
578 135 47 20 maj.

777 130 40 20 152

821 130 10 20 1

98 209 72 26 Ärade
186 214 81 21 herrar!
283 213 58 21 Vårt
356 213 48 21 värf
420 221 46 13 som
483 213 36 21 det
534 214 67 20 finska
617 214 80 21 folkets
713 218 148 24 representan-

28 247 33 17 ter
76 245 23 18 är
114 251 29 12 nu
159 242 109 21 afslutadt.
299 242 43 20 Det
357 241 93 21 återstår
468 243 45 27 mig
529 241 76 22 endast
619 245 32 18 att

29 272 36 21 det
82 271 22 21 af
119 271 186 21 talmansklubban
321 270 80 21 afsluta
417 270 60 21 detta
493 267 51 24 sista
561 271 91 27 plenum.

665 243 49 20 med
731 243 130 27 nedläggan-

682 271 52 21 Men
751 272 64 20 innan
826 272 36 27 jag

30 300 36 21 det
87 301 44 26 gör,
147 299 42 21 kan
204 300 36 27 jag
255 299 48 21 icke
318 298 113 21 underlåta
448 302 31 17 att
493 299 33 20 till
542 299 177 27 borgareståndet
735 300 67 20 uttala
818 301 43 19 min

31 329 123 28 uppriktiga
180 328 133 27 högaktning
329 327 39 21 och
386 327 42 20 den
445 335 67 13 sanna
527 327 187 22 tillfredsställelse
729 329 36 27 jag
781 328 81 21 känner

31 357 63 21 ötver
109 357 37 20 det
162 359 48 23 sätt,
225 356 82 28 hvarpå
322 355 179 28 borgareståndet
516 355 38 21 vid
576 355 70 22 denna
668 356 104 28 landtdag
795 357 67 20 utfört

31 386 37 20 sitt
91 385 49 21 värf
162 387 30 18 att
216 384 67 21 under
307 392 26 13 en
353 384 100 28 brydsam
469 384 102 28 tidpunkt
587 384 46 21 föra
649 385 83 21 landets
747 385 58 20 talan
822 385 40 21 och

378 421 9 40 !

32 416 66 19 värna
114 413 48 21 dess
179 415 47 19 rätt.
256 413 53 20 Man
324 413 43 20 kan

31 444 62 25 gifva
107 441 89 22 vitsord.
225 441 33 26 Ja,
274 441 29 21 Ni
319 449 20 13 är
357 449 75 20 jäfvig.

390 421 13 12 u
420 415 62 25 säga:
499 413 37 20 det
550 413 128 20 tillkommer
693 413 48 21 icke
757 413 59 21 Eder
831 416 31 18 att

691 441 7 7 a
730 444 8 3 ch
847 443 4 3 :

462 441 33 26 Ja,
513 449 49 13 man
578 441 41 21 kan
636 441 65 21 också
717 449 52 20 säga
784 445 32 17 att
831 442 31 20 hi-

32 471 80 20 storien
131 470 106 21 måhända
259 470 96 21 kommer
377 473 29 17 att
430 469 134 22 annorlunda
585 469 90 22 bedöma
691 471 53 20 1891
762 470 34 21 års
814 471 48 20 bor-

32 499 116 28 gareständ
172 501 26 19 än
213 499 28 21 Ni
257 500 38 26 gör
311 499 42 21 det.
382 498 43 27 Jag
440 501 45 18 tror
501 498 36 21 det
553 498 98 28 visserlig

33 528 42 21 den
90 528 24 21 sä
129 530 45 26 gör,
189 527 23 21 sä
228 528 62 20 beror
306 527 35 21 det
358 527 66 27 enligt
440 528 44 20 min
501 526 143 29 öfvertygelse

33 557 113 20 forskaren
169 564 25 13 ur
214 556 26 21 de
255 556 107 21 bevarade
378 556 90 20 akterna
482 556 48 20 icke
546 556 43 20 kan
604 556 44 20 läsa

34 584 133 27 hällandena,
183 592 45 14 som
244 592 28 14 nu
288 584 68 21 råder.
385 584 52 20 Han
453 592 34 12 ser
503 584 38 21 vär
556 584 32 20 tid
603 584 48 20 från

34 613 74 29 punkt,
128 613 41 21 han
195 614 41 20 kan
260 613 73 21 därför
356 612 40 21 ock
412 612 41 21 lätt
469 620 22 13 se
507 612 42 21 den
565 612 64 21 skeft.

34 642 50 20 med
99 641 59 21 Eder
173 642 52 21 stått
240 642 50 20 inne
306 643 6 19 i
329 641 62 21 dessa
405 640 158 27 förhållanden,
582 641 65 21 churu

34 671 39 20 har
95 671 55 20 varit
172 670 91 21 hindrad
284 673 31 18 att
329 669 118 21 medvärka
463 670 7 20 i
485 669 59 21 Edra
560 669 85 28 rädslag

34 702 45 18 tror
101 700 43 26 mig
166 698 74 21 därför
262 699 70 21 bättre
355 700 26 18 än
400 698 72 28 nägon
489 706 70 13 annan
574 698 72 20 kunna

38 727 102 21 Finlands
156 727 155 27 borgareständ
327 726 36 22 vid
379 726 72 21 denna
466 726 103 28 landtdag
582 726 49 21 med
646 734 12 13 a

35 763 49 13 men
107 759 52 17 utan
178 754 111 23 öfvermod
312 756 37 20 har
369 755 49 21 sökt
434 757 28 19 vä

36 841 23 21 af
81 838 96 24 ständets
200 842 137 20 medlemmar
352 841 34 20 för
401 840 28 21 all
445 840 43 21 den
503 840 96 28 vänskap
616 840 39 22 och

36 877 46 13 som
105 870 5 20 i
134 869 23 21 sä
172 870 42 20 rikt
232 870 55 21 mätt
301 870 38 20 har
354 869 91 21 kommit
460 870 43 26 mig
518 869 32 21 till
567 869 33 21 del
617 869 39 21 och

37 901 55 17 samt
108 899 70 20 minne
194 898 54 21 skall
263 898 85 21 bevara.

38 928 4 19 i
67 926 73 28 vänlig
162 926 119 29 hägkomst.
311 926 41 28 Jag
375 928 22 19 är
417 926 130 27 öfvertygad
563 934 34 13 om
613 929 30 18 att

490 763 12 13 a
517 755 79 21 folkets
612 757 47 19 rätti

36 787 31 18 att
89 784 35 21 för
146 792 54 20 egen
223 784 34 22 del
280 784 23 21 fä
321 784 33 21 till
371 783 86 21 ständet
473 783 103 21 framföra
591 784 43 20 min
650 792 12 12 u

36 813 134 26 tacksägelse
185 813 34 21 för
234 813 37 21 det
286 812 123 21 förtroende
425 812 36 28 jag
477 812 72 21 städse
564 812 42 20 fått
621 812 43 20 ätnj

378 898 41 27 Jag
435 898 40 20 ber
489 897 65 27 Eder,
569 898 93 20 inneslut:

652 506 26 14 en
693 499 54 26 icke,
763 506 49 14 men
828 506 34 14 om

660 527 67 28 därpä
741 530 33 18 att
787 527 75 21 häfda-

663 556 42 20 den
721 564 39 20 syn
775 556 29 28 pä
819 556 44 20 för-

667 592 25 13 en
709 592 70 13 annan
790 584 74 21 ständ-

658 613 41 27 Jag
715 612 97 22 däremot
826 613 38 20 har

663 642 34 27 jag
713 642 22 20 af
750 642 43 20 min
810 641 54 28 plikt

661 670 40 21 och
716 670 76 20 beslut.
822 670 42 27 Jag

661 699 59 20 vitna
744 698 74 21 därom
834 701 30 18 att

667 734 38 14 var
728 727 40 21 och
784 727 81 21 fasthet

661 756 80 27 gheter.
770 755 42 27 Jag
827 755 39 21 ber

664 792 10 12 r
689 784 78 28 hjärtat
781 783 83 28 gäende

666 815 41 23 uta,
730 812 32 21 till
786 812 80 21 enhvar

671 841 28 20 all
714 840 41 21 den
772 840 94 28 välvilja,

672 877 45 13 som
732 870 36 26 jag
783 870 6 19 i
805 869 61 21 tack-

664 905 26 13 en
708 898 9 20 I
735 897 65 21 äfven
823 898 43 26 mig

660 927 33 26 jag
708 926 65 21 äfven
789 926 77 21 uttalar

36 954 189 29 borgareständets
248 956 92 27 mening,
363 955 28 20 då
412 955 37 27 jag
462 946 49 41 till
524 946 92 41 ständets
632 955 129 20 sekreterare
778 954 88 21 hembär

38 983 97 21 ständets
151 984 133 28 tacksägelse
300 983 34 21 för
349 983 37 21 det
401 983 108 21 utmärkta
525 985 48 24 sätt,
588 983 73 28 hvarpi

657 983 12 21 ä
683 983 42 20 han
737 983 39 21 har
784 983 41 20 löst
834 983 33 20 sin

39 1012 115 27 ingalunda
174 1013 52 20 lätta
248 1012 97 28 uppgift;
368 1012 34 20 för
423 1019 56 20 egen
495 1011 33 21 del
545 1012 74 21 tackar
633 1012 34 27 jag
682 1012 78 20 honom
776 1011 34 20 för
825 1011 41 20 den

38 1041 58 27 hjälp
118 1041 41 21 och
175 1041 36 20 det
227 1041 86 27 vänliga
327 1040 188 27 tillmötesgående
531 1041 35 27 jag
581 1040 60 21 alltid

38 1069 102 20 Ständets
162 1069 134 28 stenografer
311 1069 37 20 ber
363 1070 35 27 jag
413 1069 67 20 äfven
496 1071 30 18 att
542 1069 23 20 få
581 1076 54 20 egna
650 1076 9 13 s

39 1098 34 19 het
88 1097 35 20 för
138 1097 42 21 den
196 1097 91 28 osparda
303 1097 68 26 möda,
387 1097 49 21 med
451 1097 89 21 hvilken
556 1097 27 21 de
599 1097 46 20 sökt

38 1125 97 21 ständets
151 1126 167 27 förhandlingar.

39 1154 71 21 lertid:
127 1153 51 22 Gud
193 1154 79 29 bevare
288 1153 147 22 fosterlandet.

108 1211 63 20 Talet
188 1210 129 22 besvarades
333 1211 23 20 af
372 1210 98 21 ständets
487 1210 179 29 älderspresident

39 1247 45 13 som
100 1239 93 28 yttrade:

663 1039 41 22 från
719 1040 78 20 honom
813 1041 54 19 rönt.

671 1068 74 21 åndets
760 1067 108 22 tacksam-

661 1097 28 28 på
703 1099 91 25 pappret
810 1095 57 22 fästa

348 1126 52 20 Mitt
415 1126 55 20 sista
481 1125 37 21 ord
532 1125 47 21 från
591 1125 69 21 denna
671 1125 55 28 plats
740 1132 50 13 vare
802 1125 65 20 emel-

682 1210 24 21 hr
722 1210 146 25 Wascnius,

108 1295 73 22 Arade
204 1296 89 21 talman!
316 1296 43 20 För
382 1295 41 22 den
442 1296 59 26 tack,
516 1303 45 14 som
576 1296 122 21 talmannen
714 1295 37 21 har
768 1297 64 26 egnat
847 1294 22 21 ät

40 1324 184 27 borgareständet,
246 1324 107 21 frambära
375 1325 23 20 vi
418 1324 41 21 vär
476 1327 105 18 varmaste
597 1327 64 18 motta

663 1324 32 21 ck.
725 1323 53 21 Sant
795 1325 23 18 är
833 1322 37 21 det

40 1356 30 18 att
94 1353 80 20 enhvar
197 1353 23 20 af
244 1360 34 13 oss
294 1353 38 20 har
347 1360 44 14 mer
406 1355 27 18 än
449 1352 107 28 någonsin
571 1353 58 20 förut
643 1353 52 20 känt
710 1352 61 28 djupt
787 1351 83 21 hvilket

40 1385 62 24 tungt
118 1389 84 18 ansvar,
218 1389 44 13 som
278 1381 69 21 hvilar
362 1381 27 28 pä
407 1382 77 27 hvarje
495 1381 84 21 enskild
592 1381 67 21 medle

41 1410 80 20 enhvar
137 1410 22 20 af
174 1417 35 14 oss
225 1410 38 20 har
277 1410 35 20 väl
328 1409 66 22 också
409 1410 49 20 icke
475 1410 98 20 förestält
589 1410 32 27 sig
636 1417 26 13 ani

41 1440 44 19 rien
109 1446 26 12 en
158 1438 42 28 dag
222 1438 69 21 skulle
314 1438 62 21 döma
399 1438 64 21 öfver
485 1438 57 21 hvad
557 1439 21 20 vi
594 1438 38 20 här
646 1438 14 20 h

41 1466 104 21 oväntadt
167 1467 40 21 och
230 1467 47 20 kärt
300 1468 23 19 är
344 1466 36 21 det
402 1469 31 18 att
457 1466 58 21 ifrän
533 1466 40 21 vär
587 1466 63 21 ärade

661 1389 20 13 m
693 1382 7 19 i
713 1380 91 22 ständet.
820 1380 50 20 Och

663 1412 36 18 nat
714 1411 27 19 än
757 1411 31 18 att
803 1408 67 20 histo-

661 1438 50 21 afva
725 1438 62 27 gjort.
818 1436 52 20 Men

665 1466 79 21 talman
759 1465 68 21 redan
842 1472 29 12 nu

40 1495 67 21 hafva
129 1494 41 21 fått
195 1498 29 18 ett
248 1494 77 22 sådant
347 1494 146 27 erkännande,
515 1502 46 14 som
583 1495 42 20 han
644 1495 38 21 har
699 1494 64 28 gifvit
780 1492 91 22 ståndet.

44 1523 80 21 Därför
146 1523 38 21 vär
200 1526 106 18 varmaste
321 1523 41 21 och
377 1523 136 28 hjärtligaste
528 1523 55 21 tack.
614 1523 43 21 Det

671 1525 23 18 är
708 1522 49 21 icke
773 1521 23 21 sä
812 1520 60 22 svårt

780 1560 22 18 96
