1017 1731
288 121 179 20 Borgareståndet
480 122 52 16 1891.
557 121 26 17 23
595 121 48 21 maj.
800 116 54 20 1427

52 201 72 20 kunna
148 200 107 28 fräntagas
277 201 25 20 de
325 201 85 26 vanliga
433 201 214 27 frälselägenheterna
671 203 50 18 utan
737 200 69 27 någon
822 201 56 26 slags

52 229 121 27 ersättning.
203 229 41 21 Det
267 235 50 14 vore
339 229 83 21 således
445 230 75 20 endast
535 230 103 26 hänsyns-
654 229 39 21 och
708 229 172 27 billighetsgrun-

52 258 42 26 der,
117 264 45 14 som
185 258 72 20 kunde
280 257 81 27 skydda
377 258 150 27 frälsejordens
542 258 137 21 innehafvare
695 257 45 21 från
757 259 29 19 att
801 257 77 20 förlora

52 286 40 20 alla
108 286 46 21 sina
169 286 125 27 privilegier.
325 286 49 21 Men
389 287 36 26 jag
441 287 74 20 tänker
530 287 44 26 mig
589 288 30 19 att
633 293 50 14 man
699 286 53 21 dock
767 286 47 21 icke
825 285 53 21 skall

53 315 49 26 vilja
125 315 93 20 etablera
240 317 30 18 ett
291 315 176 27 betraktelsesätt,
491 321 45 14 som
552 315 68 20 skulle
636 315 63 20 hafva
714 315 22 20 så
752 314 126 27 vidtgående

52 343 163 21 konsekvenser.
246 343 41 27 Jag
306 343 36 21 ber
358 343 71 21 därför
444 345 31 19 att
489 344 22 20 få
525 344 74 20 förena
613 344 44 27 mig
673 350 33 14 om
717 343 24 20 hr
752 343 126 20 Serlachius?

52 372 101 25 yrkande.

120 434 33 21 Hr
176 431 104 24 Öhman:
310 435 41 27 Jag
375 435 37 21 ber
435 435 64 21 också
518 437 29 19 att
562 435 21 20 få
598 435 31 20 till
645 435 126 26 protokollet
786 434 94 21 anmäldt

53 465 29 18 att
97 463 44 21 min
157 463 54 21 åsikt
226 466 191 18 överensstämmer
433 464 49 21 med
499 464 39 20 den
551 463 21 21 af
582 464 25 20 hr
617 463 120 21 Serlachius
747 463 132 25 framhållna,

53 492 38 20 och
114 494 30 19 att
166 493 35 26 jag
219 498 62 15 anser
297 492 35 21 det
347 493 20 20 af
383 492 104 22 utskottet
501 492 120 28 föreslagna
637 491 125 28 stadgandet
777 491 103 21 innefatta

53 522 29 20 ett
96 521 89 27 ingrepp
200 521 7 20 i
223 521 40 21 den
280 521 95 21 enskilda
391 521 159 27 eganderätten.

121 583 33 21 Hr
168 584 126 26 Federley
310 584 143 21 understödde
470 584 62 21 äfven
549 584 24 20 hr
589 584 125 20 Serlachius”
730 583 84 27 förslag.

120 646 154 21 Diskussionen
297 646 131 21 förklarades
450 647 88 21 härmed
559 646 96 27 afslutad,
671 646 64 21 hvarä
750 646 26 20 hr
790 646 89 20 talman-

53 682 40 14 nen
109 676 7 20 i
129 676 115 26 anledning
259 675 22 20 af
296 675 35 21 det
346 676 21 20 af
382 676 25 20 hr
422 675 121 21 Serlachius
559 675 73 27 gjorda
642 674 104 27 yrkandet
756 674 122 21 framstälde

53 710 27 14 en
96 704 22 20 sä
134 704 92 26 lydande
242 704 287 27 omröstningsproposition
517 700 15 36 :

122 767 38 26 De,
185 767 74 21 hvilka
280 767 117 27 godkänna
413 768 115 20 utskottets
543 767 82 27 förslag
641 766 35 21 till
691 766 78 28 lydelse
784 766 36 27 för
834 767 14 25 $
864 766 16 20 2

54 796 148 26 oförändradt,
218 797 59 19 rösta
287 796 38 26 ja;
341 796 31 26 de,
389 796 35 20 det
439 796 46 20 icke
499 798 60 25 göra,
575 797 59 19 rösta
648 795 47 27 nej;

122 824 79 21 vinner
219 824 42 28 nej,
283 824 40 20 har
339 824 179 27 borgareständet
533 824 87 20 beslutit
635 823 159 21 äterremittera
806 830 71 21 para-

52 852 79 28 grafen
146 853 10 20 i
170 853 35 20 det
218 852 58 28 syfte
291 853 27 20 hr
334 852 136 22 Serlachius”
486 853 120 27 föreslagit.

121 916 43 20 Vid
187 916 81 20 anstäld
290 916 96 27 votering
410 916 129 21 besvarades
559 916 70 20 denna
643 916 130 27 proposition
788 915 48 21 med
853 915 26 20 22

53 945 21 26 ja
97 945 39 20 och
155 945 27 20 24
197 945 41 26 nej,
253 945 86 20 hvarför
355 945 85 21 ständet
455 945 84 20 säledes
555 945 85 20 beslutit
655 947 29 18 att
700 944 151 21 äterremittera
867 944 12 26 $

54 974 18 26 2,
88 973 32 20 för
135 975 30 18 att
180 973 141 27 omredigeras
337 973 79 21 därhän
433 975 31 19 att
479 974 42 20 den
536 973 63 21 frihet
613 973 46 20 från
675 973 125 26 deltagande
811 973 6 19 i
828 973 53 26 byg-

54 1002 68 26 gande
138 1002 38 20 och
192 1001 111 21 underhäll
319 1002 21 20 af
354 1002 101 27 prästbol,
471 1009 46 14 som
533 1004 22 18 är
570 1001 139 22 tillförsäkrad
725 1001 35 20 det
770 1001 110 27 ypperliga

53 1030 78 27 frälset,
147 1030 84 21 komme
247 1032 30 19 att
292 1030 46 21 från
355 1031 120 20 detsamma
491 1031 80 20 aflösas.

123 1087 25 28 $$
172 1089 54 20 3—5
250 1090 54 18 samt
323 1088 166 27 förordningens
511 1088 72 20 rubrik
606 1088 38 20 och
660 1088 81 27 ingress
757 1086 123 27 godkändes

54 1117 49 20 utan
120 1117 145 26 anmärkning.

121 1173 99 21 Härefter
234 1175 91 25 upptogs
340 1173 31 21 till
387 1173 132 28 behandling
530 1173 162 28 ,förordningen
707 1171 110 28 angående
833 1173 47 26 prä-

54 1202 126 27 sterskapets
202 1202 7 20 i
232 1202 26 21 de
281 1202 244 27 evangelisk-lutherska
547 1202 175 27 församlingarna
743 1201 31 20 uti
790 1200 89 21 Finland

54 1230 121 21 boställen".

123 1287 26 27 $$
166 1287 68 20 1—21
250 1287 123 28 godkändes
389 1287 76 21 härvid
482 1289 51 19 utan
549 1287 144 27 anmärkning.

122 1344 98 21 Rörande
237 1345 11 26 $
265 1345 26 20 22
308 1344 83 27 yttrade

121 1402 25 20 hr
169 1402 156 21 Serlachius:
356 1402 11 20 I
389 1402 26 20 22
441 1402 12 26 S
477 1402 40 21 och
532 1402 41 21 den
589 1402 85 20 därmed
689 1402 8 20 i
712 1403 52 18 nära
779 1400 103 21 samband

54 1430 86 21 stående
157 1431 26 19 42
200 1432 12 25 $
228 1431 39 20 har
282 1430 102 21 utskottet
399 1430 68 21 infört
482 1430 66 27 några
562 1430 152 27 förändringar,
729 1429 72 21 hvilka
816 1428 67 27 enligt

53 1459 45 20 min
120 1459 135 27 uppfattning
275 1459 63 21 hafva
361 1459 61 27 gifvit
446 1459 21 21 ät
488 1459 61 21 dessa
564 1458 129 28 stadganden
710 1464 27 15 en
752 1457 44 21 helt
811 1463 71 13 annan

53 1487 104 21 innebörd
180 1489 26 19 än
231 1488 26 20 de
281 1488 7 20 i
309 1488 161 27 propositionen
491 1488 69 20 hafva.
589 1487 10 21 I
623 1488 12 26 &
656 1488 27 19 22
701 1487 8 20 i
724 1485 158 29 propositionen

54 1516 84 27 stadgas
160 1516 116 27 nämligen:
311 1516 194 27 ,Boställshafvare
527 1522 49 14 vare
597 1516 84 27 skyldig
696 1517 29 19 att
741 1514 34 21 väl
790 1513 65 21 vårda
871 1513 13 21 &
