1017 1731
181 105 54 20 1264
390 111 178 21 Borgareständet
581 112 53 16 1891.
657 111 21 17 19
691 111 48 20 maj.

223 189 34 20 Hr
271 189 136 28 Eneberg:
431 190 41 27 Jag
487 190 68 21 skulle
571 190 6 20 i
592 190 67 21 likhet
674 190 49 21 med
739 190 25 20 hr
779 189 108 22 Snellman
903 190 77 21 föreslä

152 219 31 19 att
197 217 162 28 bestämningen
374 218 8 20 i
399 218 52 21 1889
468 218 33 21 ärs
511 219 125 27 författning
646 219 7 20 i
664 219 58 20 detta
734 218 100 21 afseende
848 218 68 21 skulle
927 225 52 20 upp-

152 247 59 25 tagas
233 246 8 19 i
264 246 69 21 denna
355 247 102 26 paragraf.
487 246 44 21 Där
549 247 84 27 stadgas
649 246 108 27 nämligen
773 248 29 19 att
818 247 162 26 ,reservfonden

152 273 38 21 bör
206 273 81 28 ärligen
302 274 51 21 ökas
371 275 48 20 med
435 281 26 15 en
477 275 103 27 fjärdedel
596 275 21 21 af
632 275 25 21 de
673 275 33 21 till
721 275 97 20 bankens
833 275 146 21 vinstmedels-

152 301 91 28 räkning
259 302 120 21 öfverförda
393 303 82 28 belopp,
490 303 32 21 till
538 303 48 21 dess
601 303 78 27 jämväl
695 303 71 20 denna
781 303 51 20 fond
848 303 80 28 uppgär
948 303 31 21 till

152 330 102 21 likaledes
271 331 26 20 10
313 331 98 27 miljoner
425 331 73 21 mark"
515 338 17 14 o.
549 338 14 14 s.
580 339 18 13 v.
629 331 95 21 Sålunda
739 331 69 21 skulle
823 332 73 27 hvarje
912 331 22 21 är
950 331 29 21 ef-

152 360 32 19 ter
206 359 75 26 själfva
304 359 106 22 bokslutet
432 366 26 15 en
473 360 102 27 fjärdedel
591 360 116 21 öfverföras
723 360 32 20 till
770 360 151 21 reservfonden
937 361 43 20 och

152 387 121 20 sedermera
289 387 68 21 skulle
373 388 34 21 det
422 388 113 21 ankomma
550 388 26 27 pä
591 389 120 26 ständerna,
720 395 34 14 om
771 388 26 21 de
809 388 51 27 vilja
873 389 107 20 öfverföra

152 415 31 20 dit
198 417 57 18 ännu
270 421 47 15 mer
331 416 21 20 af
368 417 145 20 vinstmedlen.
543 416 42 28 Jag
599 417 38 20 ber
652 418 30 19 att
697 416 22 21 fä
733 417 77 20 föreslä
832 419 29 18 att
882 423 97 22 paragra-

152 443 35 20 fen
210 443 8 20 i
240 444 39 20 och
303 444 32 21 för
356 445 110 20 redaktion
481 445 7 20 i
503 445 76 20 sädant
593 445 56 26 syfte
665 445 163 20 äterremitteras
844 445 32 20 till
891 445 88 21 bankut-

151 471 82 21 skottet.

223 528 10 20 I
248 529 117 27 anledning
380 530 21 20 af
415 530 36 20 hrr
465 530 120 20 Snellmans
600 530 39 20 och
655 529 115 28 Hallbergs
786 530 56 20 olika
856 530 78 26 förslag
944 536 35 14 om

152 556 79 27 ökning
250 557 21 20 af
286 557 96 21 bankens
397 558 81 26 fonder,
494 558 121 21 framstälde
631 559 25 20 hr
671 558 130 25 talmannen,
816 558 66 21 sedan
898 558 81 20 diskus-

152 585 74 20 sionen
241 585 112 21 förklarats
369 586 97 27 afslutad,
482 586 31 21 till
528 586 53 21 först
591 586 94 28 följande
697 586 281 27 omröstningsproposition:

224 641 39 27 De,
287 642 72 21 hrilka
381 643 72 21 säsom
476 643 216 27 kontraproposition
707 644 47 20 mot
770 643 112 21 utskottets
896 642 83 28 förslag

152 670 35 20 till
202 670 80 27 lydelse
297 670 36 28 för
348 672 15 25 $
379 672 15 20 3
408 672 115 27 jöredraga
539 671 125 21 återremiss
679 671 9 21 i
699 671 35 21 det
749 671 57 28 syfte
822 671 26 21 hr
864 671 115 21 Snellman

152 698 120 27 föreslagit,
289 700 58 20 rösta
357 700 41 26 ja;
415 700 30 26 de,
461 700 34 20 det
509 700 45 21 icke
567 702 60 25 göra,
643 701 62 20 rösta
719 700 48 27 nej;

223 726 80 22 vinner
318 728 43 27 nej,
377 728 42 20 har
434 728 173 27 borgareständet
621 728 10 21 i
645 728 83 21 sädant
745 728 100 27 afseende
860 728 120 27 föredragit

152 754 27 20 hr
194 754 117 28 Hallbergs
325 755 90 28 förslag.

223 816 163 28 Propositionen
402 818 125 21 besvarades
538 819 49 20 med
598 818 157 27 öfvervägande
766 818 26 27 ja,
803 818 39 20 och
853 818 64 20 erhöll
930 818 49 21 med

152 844 115 28 anledning
289 846 59 20 däraf
371 846 40 21 den
432 846 92 28 följande
539 847 159 27 propositionen
713 846 157 22 nedanstående
885 846 91 26 lydelse:

224 906 39 27 De,
287 908 74 20 hvilka
381 908 117 28 godkänna
512 909 111 21 utskottets
639 909 84 27 förslag
739 908 36 21 till
790 908 78 28 lydelse
883 908 35 27 för
932 908 15 28 $
964 909 14 19 3

153 934 151 29 oförändradt,
320 938 60 19 rösta
389 937 40 27 ja;
445 937 31 26 de,
492 937 34 21 det
540 937 45 21 icke
599 940 59 25 göra,
674 939 61 19 rösta
750 937 48 27 nej;

224 964 81 21 vinner
325 965 42 27 nej,
387 966 41 20 har
443 965 174 28 borgareståndet
632 966 90 21 beslutit
736 965 159 21 återremittera
907 973 69 20 para-

150 992 80 27 grafen
245 992 10 21 i
270 993 35 20 det
319 993 56 27 syfte
391 994 26 20 hr
433 993 115 22 Snellman
563 994 120 27 föreslagit.

224 1055 44 20 Vid
284 1055 82 21 anstäld
382 1056 96 27 votering
493 1056 94 27 afgåfvos
603 1057 26 20 23
644 1057 21 26 ja
682 1057 40 20 och
738 1056 26 21 31
776 1056 41 27 nej,
830 1056 82 20 hvadan
922 1056 57 21 stån-

153 1082 35 21 det
209 1082 82 22 således
314 1083 87 22 beslutit
423 1087 29 18 att
474 1085 151 20 återremittera
642 1085 128 27 paragrafen
786 1084 31 21 till
832 1084 101 21 utskottet
947 1085 33 20 för

152 1112 30 19 att
204 1111 163 22 omformnleras
390 1113 85 27 därhän,
496 1115 29 18 att
547 1113 94 21 bankens
656 1113 81 27 kapital
753 1113 69 20 skulle
837 1112 51 21 ökas
902 1113 48 20 med
967 1113 12 20 5

151 1139 99 26 miljoner
266 1140 60 20 mark
342 1141 83 20 utöfver
441 1141 34 21 det
490 1141 75 28 belopp
581 1143 101 20 utskottet
701 1141 114 27 föreslagit,
837 1141 87 20 hvarvid
947 1143 33 19 ut-

152 1167 77 21 skottet
250 1168 54 27 egde
327 1168 77 22 föreslå
426 1175 35 15 om
483 1169 69 21 denna
573 1170 124 27 ytterligare
719 1169 81 27 ökning
815 1169 67 21 skulle
898 1169 82 21 tillfalla

152 1195 79 27 grund-
248 1196 53 21 eller
315 1197 157 22 reservfonden.

223 1258 136 22 Beträffande
383 1259 35 21 det
441 1260 66 21 andra
529 1261 21 20 af
570 1261 25 20 hr
617 1260 112 21 Snellman
744 1260 75 21 väckta
834 1260 99 27 förslaget
948 1261 32 19 rö-

152 1286 67 21 rande
235 1287 177 28 omformulering
427 1289 21 19 af
462 1289 66 26 tredje
549 1291 116 19 momentet
680 1289 124 20 framstälde
819 1289 25 20 hr
858 1288 122 21 talmannen

151 1313 94 28 följande
261 1316 280 27 omröstningsproposition:

224 1377 39 26 De,
281 1378 74 21 hvilka
369 1379 117 26 godkänna
501 1380 112 20 utskottets
631 1380 86 27 förslag
733 1379 36 21 till
783 1379 78 27 lydelse
870 1378 36 28 för
916 1379 65 27 tredje

153 1407 118 19 momentet
293 1406 28 27 af
339 1408 15 24 $
379 1408 15 19 3
417 1407 148 27 oförändradt,
587 1410 60 19 rösta
656 1409 42 27 ja;
715 1408 31 26 de,
762 1408 35 20 det
811 1407 45 21 icke
870 1409 58 25 göra,
943 1410 36 18 rö-

150 1435 36 19 sta
198 1434 49 27 nej;

224 1451 82 33 vinner
313 1464 43 27 nej,
365 1464 42 21 har
416 1464 175 28 borgareståndet
609 1464 90 22 beslutit
719 1464 159 21 återremittera
900 1464 82 21 nämda

153 1492 97 19 moment
265 1491 10 20 i
289 1492 36 20 det
339 1493 57 27 syfte
411 1493 28 21 hr
455 1492 114 22 Snellman
583 1492 122 28 föreslagit.
