1017 1731
255 104 182 24 Borgarestämdet
442 105 74 20 1891.
529 105 20 17 15
561 105 49 22 maj.
771 101 55 22 1185

28 184 54 27 ning,
105 183 24 23 sä
142 185 32 21 är
195 183 76 24 def.en
288 183 141 28 beskattning,
444 189 36 16 om
495 183 65 23 också
574 183 21 21 af
617 185 31 20 ett
667 183 88 24 alldeles
770 186 82 27 säreget

27 212 49 28 slag,
98 212 39 21 och
153 213 73 21 ..staten
248 212 43 23 kan
312 211 141 28 tillgodogöra
467 211 35 28 sig
517 211 58 22 detta
589 212 102 27 monopol
705 212 104 29 antingen
822 213 30 26 :sä,

26 242 29 19 att
77 240 41 22 den
133 240 48 28 själf
200 239 107 23 bedrifver
320 239 162 49 KSS,
497 239 52 22 eller
565 239 23 22 sä
603 241 30 20 att
648 240 42 21 den
705 240 148 24 utarrenderar

26 269 47 22 den.
102 268 51 23 Man
173 268 43 22 kan
231 267 64 24 också.
309 267 64 24 tänka
387 268 32 27 sig
429 270 42 24 det
485 269 42 20 sätt
541 268 33 23 för
590 268 129 28 uppbörden,
735 270 30 19 att
779 275 74 16 mono-

25 297 68 27 polets
108 296 188 28 -tillgodogörande
319 296 111 21 öfverlätes
453 298 14 19 .t.
490 303 33 15 ex.
546 295 22 22 ät
587 296 160 28 kommunerna,
757 297 97 25 emedan

26 331 52 15 man
98 331 61 18 anser
181 326 30 19 att
233 325 36 20 det
284 324 93 23 sålunda
388 324 73 22 ställer
475 325 33 27 sig
523 324 98 28 billigare
636 325 33 23 för
684 327 69 21 staten
768 325 40 21 och
823 327 30 22 att

24 355 71 20 staten
116 353 121 21 sedermera
254 352 91 23 erhåller
359 352 128 23 inkomsten.
516 352 51 23 Man
582 353 72 21 kunde
670 353 66 21 också
748 353 106 24 behandla

27 381 175 28 bränvinsfrägan
224 381 26 28 på
273 381 57 21 detta
344 382 47 25 sätt,
405 387 37 14 om
456 388 53 16 man
522 381 50 21 ville
587 387 23 15 se
625 381 66 23 saken
706 381 47 25 från
768 384 48 19 rent
830 381 24 24 fi-

26 409 83 22 nanstel
123 409 114 28 synpunkt.
266 409 36 22 Nu
316 409 97 23 kommer
425 409 39 22 det
479 409 125 28 visserligen
619 409 32 21 till
665 412 31 19 att
710 410 43 21 den
768 410 86 24 finansi-

26 438 44 21 ella
84 438 135 27 synpunkten
235 439 24 19 är
273 443 28 16 en
315 437 60 21 bisak
389 438 7 20 i
411 437 72 24 denna
497 437 66 28 fräga,
572 438 41 22 och
628 437 73 23 vidare
715 440 30 20 att
757 439 97 20 kommu-

28 472 66 15 nerna
116 466 66 27 enligt
203 466 77 21 sakens
303 468 62 18 natur
386 467 35 20 äro
445 466 27 21 de
488 466 61 26 enda,
564 473 46 14 som
625 466 49 21 med
689 466 111 28 framgång
815 467 39 20 och

27 494 135 22 konsekvens
185 494 74 21 kunna
279 494 123 27 genomföra
423 495 32 21 ett
472 494 27 28 pä
514 494 150 22 befordrandet
679 495 21 21 af
714 495 141 27 nykterheten

28 522 79 22 riktadt
121 522 71 22 arbete
207 529 78 21 genom
299 522 181 28 monopolisering
495 523 40 21 och
549 523 126 27 försäljning.
690 523 21 21 af
720 523 134 27 rusdrycker.

27 550 53 22 Men
100 558 35 14 om
157 558 29 14 nu
209 551 70 21 denna
299 551 142 27 monopolrätt
463 551 142 21 öfverlämnas
621 551 21 21 åt
656 551 161 27 kommunerna,
832 551 23 21 sä

28 579 44 21 kan
96 586 48 14 man
167 579 47 21 icke
235 579 79 21 förbise
335 581 30 19 att
386 579 125 27 därigenom
534 579 64 21 ocksä
615 579 21 21 ät
651 579 48 21 dem
714 580 142 21 öfverlämnas

28 609 43 19 rätt
92 610 31 18 att
144 608 127 20 tillförsäkra
291 608 33 26 sig
345 608 118 20 inkomster
485 608 32 20 till
532 608 121 26 betydande
668 608 82 27 belopp,
766 608 40 21 och
820 614 36 14 om

28 636 64 20 dessa
113 636 57 21 förut
191 636 54 21 varit
259 637 64 26 stora,
337 636 24 20 sä
375 636 87 21 komma
477 636 32 27 de,
525 636 54 21 efter
593 636 27 21 de
636 636 74 26 beslut,
725 636 60 21 hvari
800 636 56 21 stän-

28 664 44 21 den
95 664 59 21 torde
176 664 63 21 hafva
262 666 89 25 stannat,
373 666 30 19 att
425 664 116 21 framdeles
562 664 122 27 flerdublas,
699 664 32 27 ity
745 666 31 19 att
790 664 64 21 bland

29 694 65 19 annat
107 692 30 21 all
152 692 125 28 försäljning
291 692 47 20 från
353 692 125 22 brännerier
492 693 41 20 och
547 692 188 28 distilleringsvärk
743 692 36 21 till
789 692 67 22 andra

29 722 29 19 än
78 720 153 28 återförsäljare
253 720 8 21 i
281 720 106 21 hufvusak
409 721 34 21 för
465 721 114 21 framtiden
601 721 96 21 kommer
711 722 30 20 att
755 722 101 26 upphöra,

29 749 41 20 och
92 749 72 21 vidare
184 749 124 27 därigenom
329 751 30 19 att
381 749 100 21 städerna
495 750 74 20 kunna
583 750 8 20 i
606 749 55 21 ändå
675 749 71 21 vidare
762 749 52 28 grad
829 751 27 18 än

30 777 104 21 härintills
149 777 123 27 genomföra
287 777 126 27 monopolet.
443 777 43 21 Det
501 784 64 20 synes
580 778 44 26 mig
639 777 34 21 vid
689 777 74 21 sädant
778 777 78 21 förhäl-

30 804 64 22 lande
115 805 47 21 icke
185 805 74 21 kunna
281 805 49 21 med
352 805 64 28 nägot
436 806 93 27 anspräk
549 806 27 27 pä
595 806 133 20 konsekvens
742 805 70 28 pästäs
827 807 31 19 att

29 833 101 21 städerna
151 833 69 21 skulle
242 834 63 20 hafva
327 833 69 28 nägon
412 833 59 28 slags
486 834 136 21 uteslutande
637 836 40 18 rätt
693 834 31 20 till
739 834 70 21 denna
824 834 32 20 in-

30 861 76 27 komst,
121 862 27 27 pä
169 868 80 14 samma
269 864 42 19 sätt
329 868 46 14 :som
397 868 36 14 om
448 862 94 22 handeln
557 862 49 21 med
622 862 127 26 rusdrycker
763 868 51 15 vore
830 868 27 14 en

29 889 29 21 fri
79 890 79 28 näring.
188 890 42 21 Det
250 890 42 21 kan
314 892 60 26 sägas
393 892 36 24 att,
445 890 92 22 emedan
559 890 121 22 städerna
709 891 14 20 tagit
738 890 118 26 initiativet,

30 918 91 21 emedan
142 918 26 21 de
191 920 35 19 äro
249 918 140 21 intresserade
407 918 22 21 af
453 919 102 26 rörelsen,
579 918 90 22 emedan
708 920 21 19 det
752 918 27 28 pä
796 918 62 21 deras

31 946 134 21 värksamma
186 947 71 21 arbete
280 947 67 27 beror,
369 953 34 15 om
417 947 96 21 inkomst
527 947 92 21 erhälles
632 947 41 21 och
687 947 56 20 huru
757 949 44 19 stor
816 947 42 20 den

32 974 46 27 blir,
101 975 25 21 de
147 975 63 21 hafva
234 981 27 15 en
277 975 157 22 företrädesrätt:
449 975 33 22 till
497 975 127 27 inkomsten,
640 981 48 15 men
703 981 50 15 man
767 975 42 20 kan
825 975 35 20 väl

31 1002 48 22 icke
100 1003 59 21 däraf
181 1003 64 28 draga
268 1003 42 21 den
325 1003 85 22 slutsats
426 1005 32 20 att
473 1004 36 21 det
524 1010 49 15 vore
589 1003 108 22 städernas
713 1003 66 21 ensak
794 1005 30 19 att
836 1003 24 20 fä

31 1031 49 21 hela
102 1031 71 22 denna
196 1032 60 21 vinst.
287 1031 40 21 För
348 1032 45 20 min
413 1032 35 21 del
464 1032 38 21 vill
517 1032 36 27 jag
568 1032 71 21 därför
653 1031 86 22 alldeles
755 1031 105 22 bestämdt

32 1059 84 22 ansluta
138 1060 44 27 mig
203 1060 32 21 till
257 1060 36 21 det
315 1060 48 27 slut,
384 1060 61 21 hvari
468 1061 25 20 hr
515 1060 117 21 Rönnbäck
647 1060 37 21 har
699 1061 89 20 stannat.
818 1059 42 28 Jag

32 1093 51 15 vore
104 1087 32 22 till
159 1089 40 20 och
219 1088 48 21 med
283 1088 97 27 benägen
395 1090 30 19 att
440 1088 56 21 afstä
511 1089 64 26 något
590 1094 63 17 mera,
669 1094 48 15 men
733 1088 26 21 dä
774 1089 36 26 jag
824 1088 36 21 be-

30 1115 60 21 farar
111 1117 30 20 att
163 1118 30 19 ett
215 1116 75 21 sådant
304 1117 79 27 förslag
397 1117 48 20 icke
461 1117 56 20 hade
532 1117 70 26 någon
617 1116 65 21 utsikt
694 1117 34 20 till
743 1116 117 27 framgång,

33 1143 38 21 vill
93 1144 35 27 jag
148 1144 84 21 ansluta
247 1145 44 27 mig
306 1145 31 20 till
352 1145 25 20 hr
391 1144 126 22 Rönnbäck.
546 1145 63 20 Hvad
625 1145 98 20 särskildt
737 1145 123 20 landskom-

31 1177 107 16 munerna
159 1172 138 27 vidkommer,
320 1173 24 21 sä
360 1173 71 21 måste
448 1173 37 21 det
499 1173 87 22 beaktas
601 1175 30 19 att
645 1173 46 21 icke
707 1173 52 20 blott
775 1179 26 14 en
816 1175 44 18 stor

34 1199 35 22 del
84 1199 21 22 af
119 1200 202 22 konsummenterna
336 1203 35 19 äro
387 1201 48 21 frän
451 1201 155 28 landsbygden,
616 1203 51 19 utan
677 1201 65 23 ocksä
751 1203 29 19 att
790 1201 71 20 lands-

33 1228 93 28 bygden,
145 1228 70 22 såsom
230 1229 25 21 hr
270 1229 119 21 Rönnbäck
401 1229 39 22 har
453 1229 118 22 framhällit
586 1230 7 20 i
608 1230 32 20 sin
655 1229 135 25 reservation,
806 1229 7 20 i
828 1229 33 20 sin

34 1256 50 21 män
106 1257 38 21 har
162 1259 30 19 att
207 1257 50 21 bära
273 1257 163 28 olägenheterna
451 1258 23 21 af
488 1258 167 27 rusdryckernas
666 1257 134 22 öfverdrifna
812 1257 50 27 nju-

33 1285 71 27 tande,
126 1285 39 21 och
184 1285 72 22 vidare
271 1287 30 20 att
317 1286 26 21 de
357 1292 59 15 mera
435 1287 27 20 än
486 1286 99 21 städerna
607 1286 65 21 sakna
687 1286 26 21 de
728 1285 135 27 nödvändiga

34 1312 162 29 betingelserna,
218 1314 32 21 för
273 1316 30 19 att
317 1314 58 21 inom
390 1314 36 21 sitt
441 1314 88 21 område
545 1315 72 20 kunna
632 1314 116 21 motarbeta
763 1313 101 21 behofvet

34 1341 23 20 af
76 1341 133 28 rusdrycker.
239 1342 103 22 Städerna
363 1342 64 21 hafva
451 1343 67 22 redan
534 1342 23 21 sä
571 1342 78 27 många
663 1341 121 22 företräden
798 1341 64 21 fram-

33 1369 35 21 för
82 1369 148 29 landsbygden
244 1372 31 20 att
289 1370 37 22 det
339 1377 64 21 synes
419 1371 46 27 -mig
478 1373 33 22 att
525 1371 21 21 vi
560 1370 116 28 ingalunda
691 1369 65 25 borde
766 1369 97 22 förmena

33 1397 149 28 landsbygden
204 1398 71 28 någon
298 1399 34 23 del
355 1399 22 22 af
398 1399 43 21 den
461 1401 57 22 stora
533 1400 62 26 vinst,
610 1406 46 16 som
670 1398 193 28 utminuteringens

33 1426 43 20 och
97 1427 183 27 utskänkningens
302 1427 109 23 ordnande
433 1427 100 24 kommer
554 1429 30 20 att
606 1427 77 23 tillföra
702 1426 104 25 städerna.
837 1427 28 20 Vi

34 1453 53 22 böra
111 1455 47 21 icke
183 1455 96 22 förmena
300 1455 150 28 landsbygden
473 1456 35 20 del
530 1456 21 21 af
573 1456 89 26 vinsten,
683 1455 32 21 för
730 1456 30 21 att
774 1454 91 25 sålunda

34 1482 74 22 kunna
123 1483 125 28 möjliggöra
263 1484 32 20 för
309 1483 151 29 landsbygden
476 1486 30 22 att
520 1483 66 24 också
598 1483 97 24 förskaffa
705 1484 44 29 just
759 1483 43 21 den
812 1483 54 21 folk-

774 1522 22 17 75
