1017 1731
298 104 179 21 Borgareståndet
491 105 55 16 1891.
572 105 21 16 15
606 105 47 20 maj.
804 101 55 20 1183

56 183 95 20 bränvin.
182 182 74 27 Någon
278 189 70 14 annan
371 183 55 20 form
448 183 33 20 för
500 183 135 27 beskattning
651 183 32 20 till
699 183 107 21 allmänna
821 185 63 20 ända-

56 211 43 20 mål
114 212 23 19 är
152 210 88 21 alldeles
255 211 106 27 onaturlig
376 211 39 20 och
431 211 58 21 detta
503 211 93 28 framgår
611 211 64 21 också
690 211 59 21 däraf
761 214 31 19 att
802 213 36 20 det
848 219 36 14 en-

57 239 46 20 dast
125 241 23 18 är
169 239 7 20 i
199 241 29 18 ett
250 239 44 26 fall,
316 239 19 20 d.
350 246 19 13 v.
385 246 16 14 s.
417 239 27 20 då
459 239 154 27 försäljningen
628 240 39 20 har
681 240 52 27 tagit
749 240 134 28 bolagsform,

56 274 46 14 som
116 273 51 14 man
182 267 42 21 kan
239 267 86 21 komma
340 267 21 21 åt
376 267 71 21 denna
466 268 60 21 vinst.
556 268 33 20 Hr
603 267 100 28 Eneberg
717 269 38 20 har
770 269 114 20 framhållit

56 297 30 20 att
106 296 42 20 han
171 296 55 27 gjort
248 296 36 20 sitt
305 296 79 27 förslag
402 296 21 20 af
439 302 84 21 omsorg
536 296 33 21 för
583 296 110 21 städernas
709 300 48 24 eget
772 297 64 23 bästa,
851 297 33 20 för

56 326 30 19 att
100 324 175 27 utminuterings-
290 325 38 20 och
344 324 259 27 utskänkningsbolagens
619 325 127 20 vinstmedel
762 325 46 21 icke
824 325 60 20 skola

57 352 66 21 blifva
138 353 32 20 till
193 352 109 21 städernas
317 353 81 26 olycka.
427 352 42 27 Jag
485 355 44 18 tror
544 355 29 18 att
589 353 53 20 hans
657 353 137 27 framtidssyn
810 355 23 19 är
847 353 37 20 nå-

56 383 36 25 got
102 381 32 20 för
144 381 139 27 pessimistisk
295 381 39 20 och
345 383 30 18 att
387 387 50 14 man
448 381 62 27 lugnt
520 381 41 20 kan
571 381 80 21 förbise
663 381 53 21 hans
729 381 91 28 farhåga.
833 381 50 21 Han

56 409 37 21 har
104 409 53 20 dock
168 409 99 20 särskildt
279 409 114 21 framhållit
410 415 27 15 en
450 409 115 28 synpunkt,
576 416 46 14 som
632 410 35 27 jag
677 410 47 20 icke
734 410 43 21 kan
788 410 45 21 helt
844 410 39 20 och

56 437 64 21 hållet
134 437 88 27 förbigä,
232 437 8 20 i
250 437 36 21 det
297 438 41 20 han
348 437 108 28 nämligen
467 439 47 26 sagt
524 439 29 19 att
565 438 23 26 ju
601 444 58 15 mera
669 438 142 21 vinstmedlen
823 440 59 24 växa,

56 466 48 21 dess
125 472 59 15 mera
206 466 69 20 skulle
297 473 50 13 man
362 466 73 20 kunna
451 465 73 22 befara
539 468 30 19 att
584 466 98 21 städerna
697 467 85 20 komme
798 469 30 18 att
842 467 41 20 för-

57 495 44 21 bise
124 494 189 27 nykterhetssyftet
336 495 38 20 och
391 494 79 21 sträfva
485 496 30 19 att
530 494 21 21 få
566 494 23 21 så
605 498 43 17 stor
663 495 56 21 vinst
734 501 46 15 som
794 495 88 27 möjligt.

56 522 41 22 Det
112 529 64 21 synes
191 523 44 27 mig
250 529 46 14 som
311 530 34 14 om
361 523 65 21 saken
442 523 67 21 borde
525 530 33 14 ses
573 523 47 20 från
636 530 27 14 en
678 530 71 14 annan
759 524 52 24 sida,
824 525 58 19 näm-

57 552 56 26 ligen
129 552 30 20 att
174 552 24 26 ju
213 551 83 21 mindre
311 551 34 21 del
361 558 50 14 man
427 558 37 20 ger
479 551 21 21 åt
515 551 104 27 städerna,
634 552 23 26 ju
673 552 82 21 mindre
771 558 48 14 man
830 552 52 20 läm-

56 586 38 14 nar
116 579 99 22 städerna
234 580 81 20 tillfälle
331 581 30 19 att
377 580 47 20 med
440 580 161 27 ifrågavarande
617 580 126 20 vinstmedel
759 580 75 27 främja
850 580 33 20 så-

56 608 55 20 dana
132 610 58 18 utom
212 608 42 20 den
277 608 105 20 ordinarie
397 608 109 26 budgeten
521 608 88 21 stående
625 608 76 27 syften,
716 615 45 13 som
777 609 44 20 afse
837 608 45 21 dels

56 638 30 19 att
100 636 76 27 främja
196 636 146 26 nykterheten,
363 636 44 20 dels
423 638 31 18 att
468 636 135 27 undanrödja
618 637 103 26 superiets
736 636 82 27 följder,
834 636 48 21 dess

56 671 58 15 mera
134 664 67 21 måste
224 671 49 14 man
295 665 63 20 tänka
381 664 32 27 sig
429 666 30 19 att
474 664 99 21 städerna
588 664 66 21 blifva
669 665 117 27 angelägna
802 671 34 14 om
852 666 30 19 att

56 693 42 21 den
112 693 44 20 lilla
179 693 34 21 del
229 700 50 13 man
294 693 137 21 tillerkänner
447 693 49 21 dem
511 693 65 21 måtte
591 693 66 20 blifva
672 693 23 21 så
709 695 43 19 stor
768 699 45 15 som
828 693 53 26 möj-

55 722 43 26 ligt.
128 721 30 21 Ju
173 723 65 19 större
254 721 120 21 inkomsten
389 721 46 26 blir,
451 721 49 21 dess
515 722 82 20 mindre
613 722 44 20 fara
673 721 68 21 finnes
756 722 36 20 det
807 722 33 20 för
852 723 30 19 att

55 750 97 20 städerna
167 750 69 20 skulle
251 750 78 20 förbise
344 750 153 26 nykterhetens
516 750 95 26 intresse,
627 752 89 18 tvärtom
731 750 60 20 skola
807 750 31 25 de,
855 749 26 20 då

55 778 25 20 de
97 778 107 27 värkligen
221 778 63 20 hafva
299 780 56 18 stora
369 778 120 27 tillgångar,
504 778 85 27 vidtaga
605 778 139 20 alvarsamma
760 778 97 26 åtgärder
874 778 6 19 i

55 806 35 21 det
105 806 61 27 syfte,
188 812 46 14 som
250 806 73 21 afsetts
337 806 50 21 med
404 806 101 27 bolagens
521 806 132 21 vinstmedel.
683 806 32 20 Hr
729 806 99 26 Eneberg
843 806 38 20 har

55 834 71 21 vidare
148 834 115 21 framhällit
285 837 30 19 att
335 835 36 26 jag
393 834 70 21 skulle
486 834 63 21 hafva
563 835 55 20 varit
632 834 156 21 inkonsekvent
802 840 77 21 genom

55 863 35 20 det
104 862 150 28 medgifvande
269 863 35 27 jag
319 863 56 27 gjort
389 863 32 20 till
433 863 84 20 förmån
528 863 33 20 för
572 863 222 20 landskommunerna.
817 861 64 22 Detta

55 891 41 20 kan
119 898 35 19 nu,
170 891 66 27 enligt
252 892 44 19 min
313 891 69 27 tanke,
398 892 122 26 egentligen
535 892 47 20 icke
598 892 67 20 kallas
679 891 163 26 inkonsekvens,
858 892 22 25 ty

54 920 35 27 jag
104 920 38 20 har
156 919 143 28 uttryckligen
315 922 46 24 sagt
377 922 29 18 att
417 920 62 20 dessa
490 920 70 20 medel
571 920 121 27 egentligen
702 919 51 21 böra
763 919 118 21 tillkomma

54 948 103 26 städerna,
173 954 48 14 men
236 949 36 26 jag
287 949 38 20 har
339 948 68 21 tillika
422 949 54 26 tagit
490 949 7 19 i
510 948 139 21 betraktande
664 954 27 15 en
707 954 70 14 annan
788 949 93 19 omstän-

54 976 76 27 dighet,
141 976 107 27 nämligen
265 976 41 21 den
322 978 29 19 att
366 977 219 20 landskommunerna
600 977 7 19 i
623 976 70 27 någon
703 976 48 20 mån
762 975 64 20 äfven
837 975 44 20 lida

54 1004 21 21 af
90 1004 121 21 bränvinets
232 1005 112 25 missbruk,
366 1011 50 14 men
436 1005 49 20 icke
507 1005 63 20 hafva
585 1005 70 20 medel
671 1006 29 19 att
715 1004 91 26 afhjälpa
821 1005 60 18 miss-

53 1032 165 21 förhållandena.
248 1032 77 21 Därför
341 1033 38 20 har
393 1033 36 27 jag
444 1035 70 18 ansett
529 1035 30 18 att
574 1033 98 28 städerna
688 1032 67 21 skulle
769 1032 73 20 kunna
855 1031 26 28 gå

53 1061 22 20 in
96 1061 27 26 pä
145 1063 30 18 att
190 1061 54 20 afstä
259 1067 27 14 en
302 1061 34 21 del
352 1061 33 20 för
400 1061 57 20 detta
473 1061 104 20 ändamål.
608 1061 127 20 Ändamålet
750 1062 23 18 är
787 1060 23 26 ju
826 1060 54 20 dock

53 1089 6 20 i
76 1089 37 20 sak
134 1089 123 27 detsamma,
279 1089 84 21 hvartill
385 1090 35 26 jag
443 1096 64 14 anser
522 1089 61 21 dessa
598 1089 70 21 medel
684 1089 50 20 böra
750 1088 108 21 användas
874 1088 5 19 i

53 1117 103 20 städerna.
179 1117 41 20 Det
236 1119 23 18 är
273 1118 47 20 icke
335 1119 67 19 större
417 1117 166 27 inkonsekvens,
599 1119 26 19 än
642 1124 34 13 om
692 1123 26 14 en
735 1116 82 21 enskild
835 1123 46 20 per-

53 1151 38 14 son
113 1145 54 20 hade
189 1147 41 19 rätt
250 1146 30 20 till
304 1153 26 14 en
346 1146 98 26 inkomst,
459 1153 47 14 men
523 1146 60 20 däraf
598 1145 77 27 ansäge
692 1145 31 27 sig
738 1145 74 20 kunna
828 1144 53 21 afstä

53 1179 27 15 en
102 1173 34 21 del
158 1173 32 20 till
206 1175 30 19 ett
250 1176 65 19 annat
330 1174 104 26 ändamäl,
450 1174 101 21 liknande
567 1174 42 27 det,
624 1174 84 20 hvartill
723 1174 42 19 han
781 1173 48 26 själf
844 1179 36 14 an-

52 1201 80 21 vänder
146 1201 33 21 sin
195 1201 96 22 inkomst.
316 1202 76 27 Någon
407 1203 159 20 inkonsekvens
582 1204 23 19 är
613 1203 36 20 det
660 1202 53 26 icke,
725 1208 35 14 om
772 1201 35 21 det
818 1201 64 20 också

52 1230 46 21 icke
114 1231 22 19 är
151 1231 30 20 att
196 1229 56 22 hålla
273 1233 80 24 strängt
368 1231 27 26 på
410 1231 171 20 konsekvensen.
611 1231 32 20 Hr
658 1230 109 27 Enebergs
783 1229 98 27 yttrande

52 1265 34 14 om
109 1260 30 19 att
153 1258 101 27 förslaget
269 1265 50 14 vore
335 1261 29 18 ett
378 1259 106 26 lockbete,
500 1259 107 20 utkastadt
623 1259 20 20 åt
658 1258 224 25 landskommunerna,

52 1293 62 14 anser
128 1287 35 26 jag
178 1287 44 26 mig
236 1287 48 20 icke
299 1287 91 21 behöfva
405 1287 97 21 besvara.

119 1371 34 21 Hr
169 1371 140 28 Clouberg:
339 1371 44 21 För
403 1372 43 20 min
473 1371 34 21 del
529 1371 43 21 kan
588 1372 35 27 jag
639 1371 47 21 icke
701 1371 67 21 häller
779 1370 57 20 finna
851 1372 31 18 att

51 1399 26 21 de
93 1399 51 27 skäl,
155 1406 45 14 som
216 1400 6 20 i
239 1400 41 20 den
296 1399 79 28 nådiga
403 1400 152 27 propositionen
570 1400 40 20 och
621 1400 114 20 utskottets
746 1397 136 22 betänkande

50 1427 65 21 hafva
130 1427 82 21 anförts
233 1428 35 20 för
283 1431 31 17 att
329 1407 90 42 beröva
435 1428 253 27 utskänkningsbolagen
704 1428 6 20 i
726 1426 100 22 städerna
839 1427 43 19 rät-

50 1456 95 27 tigheten
168 1458 32 18 att
218 1456 78 28 själfva
311 1456 114 28 disponera
442 1456 64 21 öfver
521 1457 85 20 vinsten
621 1456 48 20 från
685 1454 197 26 utskänkningsbo-

50 1484 66 27 lagen,
139 1484 69 21 skulle
228 1492 52 14 vara
295 1484 101 26 hållbara,
411 1484 43 21 och
472 1492 33 12 om
521 1484 65 27 något
602 1484 67 21 skulle
685 1483 89 22 invärka
788 1481 28 28 på
831 1482 50 27 mig,
