1017 1731
294 116 180 21 Borgareståndet
486 117 53 16 1891.
564 117 11 16 7
587 116 59 21 april
816 110 40 21 581

56 195 173 22 statsunderstöd.
259 195 42 21 Det
321 195 72 21 kunde
415 196 24 26 ju
455 195 71 21 hända
541 197 30 19 att
587 195 21 20 vi
624 195 68 20 under
707 194 50 21 våra
771 193 115 21 förhållan-

56 224 41 21 den
120 224 72 21 kunde
214 224 22 21 få
255 225 82 26 privata
357 224 168 27 handelsskolor,
541 230 46 15 som
602 223 34 21 väl
652 225 35 19 äro
709 222 179 27 ändamålsenligt

56 253 153 27 organiserade,
225 259 48 14 men
289 259 46 14 som
351 252 70 21 därför
435 253 48 20 icke
499 254 36 19 äro
551 252 22 21 af
587 251 100 22 behofvet
706 251 116 27 påkallade.
853 249 35 22 Då

55 281 35 27 jag
112 287 46 14 som
180 281 61 27 sagdt
258 281 47 20 icke
321 281 41 20 kan
377 281 114 27 godkänna
507 281 114 21 utskottets
635 280 64 26 kläm,
713 279 71 21 såsom
799 279 41 20 den
856 285 30 14 nu

55 309 67 27 lyder,
144 309 38 21 ber
202 310 36 26 jag
261 311 30 19 att
312 309 21 21 få
355 309 78 21 föreslå
455 309 32 21 till
503 309 120 27 antagande
639 309 41 20 den
695 308 21 21 af
730 308 44 27 mig
789 307 98 28 upplästa

55 337 113 22 klämmen.

124 400 32 21 Hr
170 400 101 21 Heikel:
287 399 34 22 Då
334 401 36 26 jag
384 400 70 21 under
468 400 77 27 många
561 399 24 22 år
599 400 39 21 har
653 400 80 21 arbetat
742 400 33 21 för
785 400 100 21 handels-

55 429 81 20 skolors
152 429 113 27 uppkomst
280 429 7 20 i
302 429 46 20 vårt
362 429 56 26 land,
434 429 61 20 torde
510 429 35 26 jag
560 429 47 20 icke
623 429 72 20 kunna
710 428 126 21 misstänkas
851 428 33 21 för

55 459 30 19 att
100 457 137 21 underskatta
259 457 124 27 betydelsen
399 457 21 20 af
435 457 75 27 dylika
525 457 106 20 anstalter.
662 456 102 22 Särskildt
779 457 105 20 erkänner

54 486 36 27 jag
104 485 32 22 till
151 485 53 21 fullo
220 485 100 21 behofvet
335 486 39 20 och
389 487 80 26 gagnet
484 485 21 21 af
521 492 24 14 en
563 485 159 21 handelsskolas
743 485 119 21 inrättande
876 485 8 20 i

54 514 140 21 Tammerfors
210 514 39 21 och
265 514 101 22 likaledes
381 515 7 19 i
403 514 139 28 Björneborg.
568 514 50 21 Men
634 514 57 21 detta
701 514 85 21 oaktadt
796 514 41 20 kan
848 514 36 27 jag

54 542 47 22 icke
122 543 73 21 förena
215 543 45 27 mig
275 549 34 14 om
325 543 40 21 den
381 543 58 20 kläm
455 543 102 21 utskottet
572 542 114 28 föreslagit,
702 545 49 18 utan
769 542 36 21 ber
820 542 63 20 äfven

54 570 33 21 för
109 572 44 19 min
168 571 35 21 del
218 573 30 19 att
263 571 21 21 få
299 571 128 21 understöda
442 571 159 21 reservationen
617 578 35 14 n:o
668 572 18 20 2.
716 570 41 28 Jag
772 572 38 26 gör
825 570 36 21 det
875 570 8 20 i

54 599 218 21 öfverensstämmelse
287 600 49 20 med
351 600 27 20 de
393 600 144 28 grundsatser,
552 606 46 14 som
613 600 36 27 jag
663 600 65 20 redan
744 599 35 20 vid
795 601 29 19 ett
835 598 48 21 tidi-

53 634 49 20 gare
118 628 87 27 plenum
220 628 54 21 hade
290 630 49 19 äran
355 628 72 21 uttala.
458 628 130 21 Ändamålet
603 630 24 18 är
641 628 56 27 godt,
712 634 48 14 men
777 627 105 27 styrelsen

53 656 38 21 har
106 656 53 21 visat
174 658 31 20 att
219 657 42 21 den
277 656 31 21 till
322 656 53 22 fullo
390 657 126 27 uppskattar
531 656 117 21 detsamma
663 656 39 21 och
717 658 30 19 att
757 656 42 20 den
811 656 72 26 rikligt

53 685 140 21 understöder
212 685 41 21 alla
275 685 166 27 handelsskolor,
464 692 47 14 som
533 692 77 20 genom
631 685 68 27 privat
713 684 91 21 initiativ
819 684 63 20 hafva

53 714 137 26 uppkommit.
216 714 41 26 Jag
273 714 38 20 har
324 714 45 27 mig
383 714 46 20 icke
445 714 81 21 bekant
541 716 30 18 att
585 714 71 26 någon
672 713 54 21 enda
737 712 99 21 anhållan
846 718 36 14 om

53 742 167 20 statsunderstöd
241 742 52 21 eller
313 749 34 14 om
370 742 126 27 förhöjande
517 742 22 20 af
553 742 126 27 statsanslag
693 742 33 20 för
741 748 27 14 en
784 740 98 21 handels-

52 770 60 21 skola
132 770 69 21 skulle
224 770 70 21 blifvit
315 771 95 27 afslagen
425 771 22 20 af
463 771 111 26 styrelsen.
603 770 98 21 Tvärtom
724 770 37 20 har
776 769 106 27 styrelsen

52 798 62 22 äfven
137 799 49 26 själf
203 799 52 27 tagit
270 799 112 21 initiativet
397 799 32 21 till
445 799 120 21 inrättande
581 799 21 21 af
617 806 43 19 nya
675 798 163 26 handelsskolor,
854 797 27 21 de

52 829 78 19 tvänne
144 827 155 27 finskspräkiga
313 828 7 20 i
335 828 89 26 Wiborg
440 828 41 20 och
496 828 90 26 Kuopio.
614 827 40 21 Vid
665 827 74 21 sädant
749 826 132 21 förhällande

52 862 62 14 anser
128 856 36 27 jag
178 856 88 21 alldeles
281 856 109 27 olämpligt
405 858 30 19 att
450 856 115 21 ständerna
575 859 115 23 yttermera
700 855 68 21 skulle
781 854 101 28 päminna

51 884 126 27 regeringen
192 891 35 14 om
243 884 70 21 denna
329 884 63 28 fräga.
422 884 43 28 Jag
481 891 62 14 anser
558 884 108 28 nämligen
676 886 29 19 att
718 883 162 28 petitionärerne

51 912 7 20 i
74 912 71 21 denna
160 912 37 21 sak
212 913 54 21 hade
281 913 48 21 bort
343 913 69 21 vända
427 913 34 27 sig
477 913 69 21 direkt
557 913 32 21 till
600 913 129 27 regeringen,
742 912 38 20 där
792 912 26 20 de
829 913 52 18 utan

52 941 73 21 tvifvel
140 941 40 21 fått
194 941 58 21 bifall
269 942 31 20 till
315 942 34 20 sin
364 942 164 27 framställning,
539 942 39 21 och
593 942 47 21 icke
655 942 73 20 härom
738 940 94 21 inlämna
844 945 36 22 pe-

51 970 61 21 tition
128 970 31 21 till
175 970 118 21 ständerna.

119 1038 33 21 Hr
174 1039 127 20 Jusölius:
323 1039 42 27 Jag
388 1039 92 27 begärde
501 1039 122 27 ytterligare
646 1038 64 23 ordet,
727 1037 90 22 emedan
833 1037 47 20 mitt

52 1067 108 20 uttalande
180 1073 64 20 synes
265 1067 62 21 hafva
343 1067 21 21 af
378 1068 25 20 hr
419 1067 58 22 Göös
493 1067 69 21 blifvit
581 1066 175 28 missuppfattadt.
786 1065 41 27 Jag
842 1065 39 20 har

50 1095 118 27 ingalunda
182 1095 99 28 framlagt
296 1096 70 26 nägon
382 1096 79 21 allmän
478 1096 55 21 äsikt
548 1096 79 20 därhän
644 1097 29 19 att
689 1101 25 15 en
729 1094 89 27 petition
832 1093 48 21 icke

50 1123 40 21 bör
104 1123 77 21 väckas
196 1124 7 20 i
219 1124 70 27 nägon
305 1125 43 26 sak,
364 1125 70 20 därest
449 1125 74 20 denna
537 1124 47 21 icke
599 1124 57 21 förut
671 1123 53 21 varit
738 1123 45 20 före
798 1122 38 21 hos
846 1128 34 14 re-

50 1152 108 27 geringen,
173 1154 51 19 utan
238 1153 37 27 jag
289 1153 69 20 talade
374 1153 75 21 endast
465 1159 36 14 om
517 1159 29 14 nu
561 1152 144 27 föreliggande
721 1153 61 18 ämne
794 1151 38 20 och
843 1157 37 14 an-

50 1180 38 27 säg
100 1182 30 19 att
144 1187 27 14 en
186 1181 89 27 petition
290 1181 7 20 i
312 1181 70 21 denna
403 1181 60 27 fräga
482 1187 50 15 vore
547 1181 130 26 fullkomligt
691 1179 83 27 onödig,
790 1179 89 21 emedan

50 1209 131 27 regeringen,
196 1209 70 21 såsom
281 1209 62 21 äfven
359 1210 25 20 hr
399 1209 79 22 Heikel
494 1209 120 27 framhållit,
630 1209 54 20 visat
699 1209 31 26 sig
741 1207 92 21 särdeles
844 1207 36 21 be-

49 1237 99 27 redvillig
170 1239 30 19 att
219 1238 129 21 understöda
370 1238 82 27 privata
468 1238 167 21 handelsskolor.
665 1237 41 21 Det
721 1237 54 20 lider
790 1235 90 21 sälunda

50 1266 18 27 ej
86 1265 64 28 något
165 1266 73 21 tvifvel
254 1269 30 18 att
297 1267 47 20 icke
360 1267 128 27 regeringen
504 1267 63 20 äfven
582 1266 54 21 skall
651 1266 108 27 bispringa
773 1264 107 21 Tammer-

49 1294 44 21 fors
115 1294 155 27 handelsskola,
293 1295 45 20 ifall
356 1295 48 20 dess
426 1295 129 27 principaler
571 1295 72 20 därom
659 1294 88 21 anhålla.
778 1293 42 26 Jag
834 1295 21 18 är
872 1292 7 21 i

50 1322 82 21 tillfälle
147 1325 30 18 att
192 1323 91 27 upplysa
297 1323 36 21 det
347 1325 87 19 senaten
451 1324 36 20 för
501 1323 47 21 icke
563 1330 58 14 mera
637 1325 26 18 än
680 1323 64 27 några
759 1321 78 22 veckor
847 1327 33 14 se-

50 1351 48 27 dan,
113 1351 27 28 på
154 1351 120 28 ansökning
290 1352 21 20 af
326 1351 197 22 handelsinstitutet
533 1352 7 20 i
550 1345 54 34 Åbo,
619 1351 69 21 beslöt
702 1350 51 28 ingå
762 1350 32 21 till
805 1350 75 26 högsta

50 1382 32 18 ort
96 1380 49 20 med
161 1380 155 28 framställning
331 1387 34 14 om
382 1383 29 18 ett
426 1380 109 28 betydligt
545 1380 89 22 tillskott
643 1380 8 20 i
661 1380 96 27 anslaget
766 1379 33 21 för
809 1378 71 21 denna

48 1407 128 22 läroanstalt.

118 1476 32 20 Hr
165 1476 121 21 Kivekäs:
302 1476 73 21 Mikäli
391 1477 47 21 olisi
453 1477 163 27 kysymyksenä
626 1477 94 27 säätyjen
732 1476 93 28 puolelta
836 1474 44 21 vai-

48 1504 74 21 kuttaa
144 1504 140 27 yksinomaan
305 1505 85 21 meidän
405 1506 142 20 kotimaiseen
563 1505 183 21 hallitukseemme
761 1504 61 21 esillä
836 1503 44 21 ole-
