1017 1731
159 107 55 20 1476
367 112 178 21 Borgareståndet
559 113 51 16 1891.
630 113 25 17 25
669 113 48 21 maj.

132 192 188 26 handelslärovärk
335 192 52 21 eller
402 193 64 26 högre
479 193 110 26 afdelning
602 193 21 20 af
632 192 211 21 landtbruksinstitut
853 192 31 21 till
895 192 57 27 tredj:

134 221 116 27 kategorin.
281 221 51 21 Men
355 227 27 14 en
405 221 66 20 sådan
493 221 189 27 oméklassificering
704 221 54 20 låter
772 220 47 21 icke
838 220 22 21 så
876 221 77 20 alldele

133 250 39 21 lätt
187 249 115 21 värkställa
318 249 37 28 sig,
371 256 34 14 om
421 249 42 21 den
478 249 54 21 skall
547 249 66 21 blifva
627 250 74 20 rättvis
717 249 40 21 och
775 249 65 27 billig,
856 249 39 20 och
911 249 41 20 nöd

134 285 37 20 gas
186 279 35 26 jag
244 278 70 21 därför
335 278 78 21 föreslå
436 280 30 19 att
488 278 173 27 borgareståndet
676 278 69 21 skulle
761 277 129 21 beträffande
907 278 12 26 $
936 279 18 20 3:

134 306 103 21 vidblifva
252 307 41 20 den
310 306 76 27 nådiga
401 307 166 26 propositionen,
582 313 45 14 som
642 307 120 20 innehåller
777 313 81 14 samma
872 306 81 21 bestäm

134 336 58 26 ning,
203 341 46 15 som
264 335 81 21 härtills
358 335 53 21 varit
421 335 104 27 gällande,
535 335 53 21 blott
603 335 48 21 med
664 337 30 19 ett
705 342 37 21 par
753 335 73 27 tillägg
840 335 8 20 i
863 335 93 20 afseend«

135 364 12 21 å
162 371 44 19 nya
220 363 77 27 skolor,
318 370 46 14 som
379 363 126 22 tillkommit.
536 360 71 24 Afven
629 364 62 21 dessa
714 363 132 28 stadganden
870 363 87 21 vidläda:

135 392 125 27 visserligen
282 392 21 21 af
325 392 82 21 mindre
429 392 172 27 oegentligheter,
624 399 49 14 men
696 393 27 26 pä
746 392 60 27 långt
826 393 38 19 när
878 392 47 21 icke
940 391 18 21 si

135 421 61 21 svära
212 427 46 14 som
274 421 112 20 utskottets
401 421 84 27 förslag.
512 421 50 20 Men
577 421 61 20 äfven
654 421 33 20 för
703 421 41 20 den
760 421 100 20 händelse
876 422 30 19 att
916 421 42 20 bor-

136 449 135 28 gareständet
293 449 50 21 ville
361 451 76 26 antaga
459 449 112 21 utskottets
593 449 78 28 förslag
686 450 8 19 i
710 450 12 26 $
745 449 33 26 32,
793 449 38 20 ber
848 449 36 27 jag
898 451 30 18 att
942 448 17 21 få

136 479 54 20 fästa
213 478 212 27 uppmärksamheten
449 478 36 20 vid
506 479 29 20 ett
558 478 87 21 alldeles
667 477 117 28 oegentligt
800 477 89 27 uttryck.
918 477 42 20 Här

136 507 53 21 talas
205 513 35 15 om
254 506 187 22 handelslärovärk
456 506 48 22 med
520 507 83 21 kortare
618 507 76 21 kurser
716 507 40 20 och
778 505 182 22 handelslärovärk

137 535 49 22 med
202 535 73 27 längre
291 535 80 21 kurser.
401 535 50 21 Men
466 535 35 21 det
516 537 23 19 är
554 535 87 21 alldeles
656 536 47 20 icke
714 535 62 27 sagdt
788 537 30 19 att
828 541 26 14 en
866 534 95 21 handels-

138 564 65 27 skola,
220 570 46 14 som
282 564 37 20 har
331 570 27 14 en
374 564 72 27 längre
462 564 56 27 kurs,
533 564 86 20 faktiskt
635 566 23 18 är
673 564 21 20 af
709 564 65 26 högre
789 563 57 27 grad.
870 563 48 21 Ofta
932 563 30 20 in-

136 592 72 21 träffar
230 594 90 19 tvärtom
343 594 120 19 motsatsen.
493 592 46 21 Hos
562 598 34 15 oss
618 594 36 19 äro
670 594 13 19 t.
700 598 33 15 ex.
750 592 41 20 alla
806 591 156 21 handelsskolor

136 621 135 27 tväklassiga,
286 621 54 21 både
355 621 64 27 högre
435 621 40 21 och
489 621 64 27 lägre,
569 621 35 21 det
618 621 69 21 finnes
704 620 82 21 således
802 620 64 28 ingen
881 620 83 20 skilnad

136 650 8 20 i
155 649 99 21 afseende
264 649 11 21 ä
286 650 113 20 kursernas
410 650 69 26 längd,
491 656 50 14 men
557 650 35 20 det
603 649 116 21 förefinnes
729 656 28 14 en
770 649 80 27 ganska
862 651 43 18 stor
915 648 49 20 skil-

137 678 42 20 nad
194 678 8 20 i
218 678 100 20 afseende
329 678 12 20 ä
353 678 26 20 de
395 678 158 27 förkunskaper,
569 684 45 14 som
625 678 106 20 erfordras
742 678 33 20 för
784 677 82 21 inträde
881 677 7 20 i
904 677 60 20 dessa

137 706 167 22 handelsskolor,
320 706 39 21 och
375 706 89 21 sålunda
479 706 117 21 medelbart
611 706 62 21 äfven
689 706 8 20 i
712 706 100 20 afseende
828 706 12 20 å
863 706 25 20 de
911 705 53 21 kun-

138 735 81 27 skaper,
235 741 46 15 som
296 735 73 20 kunna
384 735 108 21 meddelas
510 737 103 19 eleverna.
644 734 105 22 Särskildt
771 734 37 21 vill
830 735 35 26 jag
887 736 77 18 nämna

138 765 30 19 att
182 764 8 20 i
204 764 108 26 Tyskland
328 763 25 21 de
369 764 74 27 högsta
457 764 188 20 handelsskolorna
660 764 64 20 hafva
740 763 75 27 ettärig
837 763 57 26 kurs,
916 768 49 15 men

139 792 26 20 dä
180 792 82 20 fordras
278 792 62 21 äfven
355 792 33 20 för
407 792 80 21 inträde
510 792 160 28 genomgängen
692 792 125 26 fullständig
838 790 127 28 gymnasial-

138 821 57 26 kurs,
210 820 79 21 medan
305 820 25 21 de
345 820 58 28 lägre
418 820 63 21 hafva
495 827 27 14 en
537 822 31 19 tre
583 820 52 22 eller
647 820 94 28 fyraärig
751 820 57 20 kurs.
835 820 131 26 Uttryckena

141 849 200 21 »handelslärovärk
363 849 49 21 med
434 849 71 27 längre
528 849 86 21 kurser»
639 850 40 20 och
704 848 198 21 »handelslärovärk
916 848 50 20 med

138 878 84 20 kortare
237 878 87 20 kurser»
341 877 66 21 borde
423 878 69 20 därför
507 878 7 20 i
529 878 41 20 alla
585 878 113 20 händelser
714 877 86 27 utbytas
821 879 44 18 mot
889 876 76 27 »högre

138 906 199 21 handelslärovärk>
355 906 39 21 och
411 906 69 27 »lägre
495 906 204 21 handelslärovärk.»

208 992 33 21 Hr
263 992 129 21 Neovius:
423 992 41 27 Jag
484 993 84 20 förenar
589 993 44 26 mig
654 993 49 20 med
727 992 25 20 hr
768 991 78 21 Heikel
860 991 8 20 i
883 991 35 20 det
933 997 34 20 yr-

140 1021 79 20 kandet
234 1022 30 19 att
279 1021 113 26 uttrycken
408 1021 196 27 ,handelslärovärk
619 1021 49 20 med
685 1021 84 20 kortare
782 1020 61 20 kurs"
855 1020 38 20 och
905 1019 62 27 ,han-

140 1049 144 21 delslärovärk
299 1049 49 21 med
363 1049 72 28 längre
451 1049 61 21 kurs"
528 1049 65 21 borde
607 1049 110 21 förändras
734 1049 31 20 till
786 1049 68 26 lägre
870 1048 97 21 handels-

139 1077 109 21 lärovärk*
265 1079 40 20 och
320 1079 76 26 ,högre
412 1078 201 21 handelslärovärk*.
637 1077 102 22 Däremot
754 1077 41 20 kan
812 1077 35 27 jag
861 1077 46 20 icke
920 1076 48 21 dela

139 1106 53 21 hans
208 1106 78 21 äsikter
301 1107 7 20 i
323 1107 68 27 öfrigt.
413 1106 42 21 Det
469 1109 23 18 är
506 1107 106 27 nämligen
626 1107 71 27 enligt
711 1106 48 21 mitt
774 1107 41 19 sätt
830 1107 30 19 att
870 1111 22 15 se
903 1105 63 21 saken

140 1135 80 26 ganska
237 1135 163 21 beaktansvärdt
415 1137 30 19 att
459 1135 136 27 lagutskottet
609 1135 8 20 i
632 1135 36 20 sitt
683 1135 80 26 förslag
778 1134 47 21 sökt
835 1135 30 20 att
875 1134 93 20 undvika

140 1163 26 21 de
181 1163 187 26 inkonsekvenser,
391 1170 45 14 som
451 1164 124 21 förefunnos
590 1164 7 20 i
612 1163 42 21 den
670 1163 89 27 tidigare
775 1163 97 27 gällande
888 1162 80 21 förord-

139 1191 86 28 ningen,
241 1192 40 21 och
297 1192 72 20 därvid
385 1192 107 27 föreslagit
507 1199 26 14 en
548 1192 80 21 lättnad
649 1193 7 19 i
672 1191 158 28 värnepliktens
846 1191 121 27 utgörande.

139 1219 65 22 Detta
224 1222 23 19 är
268 1220 111 27 förslagets
401 1221 101 26 förtjänst.
532 1221 41 27 Jag
596 1221 36 20 vill
654 1222 57 19 emot
727 1220 25 21 hr
766 1219 78 22 Heikel
858 1219 111 21 framhälla

141 1251 35 25 att,
192 1256 35 14 om
242 1251 30 19 ett
287 1249 186 21 handelslärovärk
488 1249 81 21 fordrar
589 1249 33 21 för
636 1249 84 22 inträde
736 1249 7 20 i
758 1248 119 21 lärovärket
892 1254 27 14 en
934 1254 35 21 ge-

140 1277 137 28 nomgängen
293 1279 22 19 4-
331 1277 52 21 eller
398 1277 68 28 5-ärig
481 1278 50 20 kurs
547 1278 34 20 vid
597 1278 92 26 lyceum,
710 1277 100 21 eleverna
824 1277 23 26 ju
862 1276 66 21 redan
943 1275 27 21 dä

142 1306 25 20 de
190 1307 89 26 inträda,
302 1306 67 27 enligt
390 1306 147 27 lagutskottets
552 1306 83 27 förslag,
658 1305 71 22 skulle
745 1312 39 21 ega
800 1305 126 27 rättigheten
941 1306 29 19 att

141 1333 27 28 pä
192 1334 47 27 11/,
262 1335 23 20 är
307 1335 63 20 hafva
392 1335 95 27 fullgjort
509 1335 34 20 sin
564 1335 119 27 värneplikt
699 1334 36 20 vid
752 1334 91 21 aktiven.
873 1333 56 27 Afgä
944 1333 26 20 de

140 1362 47 21 frän
202 1363 120 21 lärovärket
336 1363 44 21 förr
395 1365 27 19 än
437 1363 26 21 de
479 1363 84 21 afslutat
579 1363 47 21 dess
641 1363 58 27 kurs,
723 1362 23 21 sä
761 1369 39 21 ega
816 1362 26 21 de
858 1362 39 20 ock
912 1361 58 21 bibe-

140 1391 57 21 hålla
219 1392 71 20 denna
312 1392 115 27 utvidgade
449 1392 104 28 rättighet,
575 1398 45 15 som
643 1392 68 27 enligt
727 1392 42 20 den
784 1391 74 21 hittills
873 1390 97 28 gällande

140 1420 63 27 lagen
224 1420 47 21 icke
294 1420 69 21 skulle
385 1421 88 20 kommit
495 1421 48 21 dem
564 1421 31 20 till
617 1421 39 21 del.
687 1420 69 21 Deras
771 1420 123 26 rättigheter
908 1419 63 20 hafva

141 1448 82 22 således
238 1455 78 21 genom
331 1449 101 27 förslaget
447 1450 58 20 ökats
521 1449 82 21 utöfver
618 1449 56 21 hvad
691 1448 26 21 de
733 1448 105 20 härintills
853 1448 49 20 haft.
932 1447 39 21 Af-

141 1477 56 21 sluta
212 1477 26 21 de
254 1478 85 26 kursen,
355 1478 23 20 sä
393 1480 24 18 är
431 1478 35 20 det
481 1478 51 20 visst
547 1480 46 18 sant
611 1479 30 19 att
657 1477 125 27 därigenom
798 1476 60 21 deras
873 1476 99 27 rättighet

141 1505 47 21 icke
204 1506 73 20 vidare
293 1506 57 27 ökas,
372 1512 49 15 men
437 1506 36 21 det
487 1508 23 18 är
524 1506 23 27 ju
563 1506 54 21 dock
632 1506 60 20 fallet
708 1507 35 25 att,
764 1505 8 20 i
787 1505 101 21 händelse
904 1504 25 21 de
945 1504 26 21 dä
