<?xml version="1.0" encoding="UTF-8"?>
<alto xmlns="http://www.loc.gov/standards/alto/ns-v3#" xmlns:xlink="http://www.w3.org/1999/xlink" xmlns:xsi="http://www.w3.org/2001/XMLSchema-instance" xsi:schemaLocation="http://www.loc.gov/standards/alto/ns-v3# http://www.loc.gov/alto/v3/alto-3-0.xsd">
	<Description>
		<MeasurementUnit>pixel</MeasurementUnit>
		<sourceImageInformation>
			<fileName>/tmp/tess_rqvyvhrh_input.PNG</fileName>
		</sourceImageInformation>
		<OCRProcessing ID="OCR_0">
			<ocrProcessingStep>
				<processingSoftware>
					<softwareName>tesseract 5.3.4</softwareName>
				</processingSoftware>
			</ocrProcessingStep>
		</OCRProcessing>
	</Description>
	<Layout>
		<Page WIDTH="1017" HEIGHT="1731" PHYSICAL_IMG_NR="0" ID="page_0">
			<PrintSpace HPOS="0" VPOS="0" WIDTH="1017" HEIGHT="1731">
				<ComposedBlock ID="cblock_0" HPOS="155" VPOS="108" WIDTH="573" HEIGHT="26">
					<TextBlock ID="block_0" HPOS="155" VPOS="108" WIDTH="573" HEIGHT="26">
						<TextLine ID="line_0" HPOS="155" VPOS="108" WIDTH="573" HEIGHT="26">
							<String ID="string_0" HPOS="155" VPOS="108" WIDTH="55" HEIGHT="20" WC="0.96" CONTENT="1168"/><SP WIDTH="169" VPOS="108" HPOS="210"/>
							<String ID="string_1" HPOS="379" VPOS="113" WIDTH="179" HEIGHT="21" WC="0.91" CONTENT="Borgareståndet"/><SP WIDTH="13" VPOS="113" HPOS="558"/>
							<String ID="string_2" HPOS="571" VPOS="114" WIDTH="54" HEIGHT="17" WC="0.94" CONTENT="1891."/><SP WIDTH="22" VPOS="114" HPOS="625"/>
							<String ID="string_3" HPOS="647" VPOS="113" WIDTH="21" HEIGHT="18" WC="0.96" CONTENT="15"/><SP WIDTH="13" VPOS="113" HPOS="668"/>
							<String ID="string_4" HPOS="681" VPOS="113" WIDTH="47" HEIGHT="21" WC="0.96" CONTENT="maj."/>
						</TextLine>
					</TextBlock>
				</ComposedBlock>
				<GraphicalElement ID="cblock_1" HPOS="130" VPOS="145" WIDTH="825" HEIGHT="6"></GraphicalElement >
				<ComposedBlock ID="cblock_2" HPOS="128" VPOS="192" WIDTH="830" HEIGHT="57">
					<TextBlock ID="block_1" HPOS="128" VPOS="192" WIDTH="830" HEIGHT="57">
						<TextLine ID="line_1" HPOS="128" VPOS="192" WIDTH="830" HEIGHT="28">
							<String ID="string_5" HPOS="128" VPOS="194" WIDTH="30" HEIGHT="19" WC="0.96" CONTENT="att"/><SP WIDTH="15" VPOS="194" HPOS="158"/>
							<String ID="string_6" HPOS="173" VPOS="192" WIDTH="8" HEIGHT="21" WC="0.96" CONTENT="i"/><SP WIDTH="15" VPOS="192" HPOS="181"/>
							<String ID="string_7" HPOS="196" VPOS="192" WIDTH="71" HEIGHT="21" WC="0.96" CONTENT="denna"/><SP WIDTH="15" VPOS="192" HPOS="267"/>
							<String ID="string_8" HPOS="282" VPOS="193" WIDTH="34" HEIGHT="20" WC="0.95" CONTENT="del"/><SP WIDTH="15" VPOS="193" HPOS="316"/>
							<String ID="string_9" HPOS="331" VPOS="193" WIDTH="22" HEIGHT="20" WC="0.96" CONTENT="få"/><SP WIDTH="14" VPOS="193" HPOS="353"/>
							<String ID="string_10" HPOS="367" VPOS="193" WIDTH="33" HEIGHT="20" WC="0.93" CONTENT="för"/><SP WIDTH="15" VPOS="193" HPOS="400"/>
							<String ID="string_11" HPOS="415" VPOS="193" WIDTH="174" HEIGHT="27" WC="0.91" CONTENT="borgareståndet"/><SP WIDTH="15" VPOS="193" HPOS="589"/>
							<String ID="string_12" HPOS="604" VPOS="193" WIDTH="77" HEIGHT="21" WC="0.92" CONTENT="fåreslå"/><SP WIDTH="15" VPOS="193" HPOS="681"/>
							<String ID="string_13" HPOS="696" VPOS="193" WIDTH="120" HEIGHT="26" WC="0.96" CONTENT="antagande"/><SP WIDTH="16" VPOS="193" HPOS="816"/>
							<String ID="string_14" HPOS="832" VPOS="193" WIDTH="22" HEIGHT="20" WC="0.96" CONTENT="af"/><SP WIDTH="14" VPOS="193" HPOS="854"/>
							<String ID="string_15" HPOS="868" VPOS="193" WIDTH="42" HEIGHT="21" WC="0.93" CONTENT="den"/><SP WIDTH="11" VPOS="193" HPOS="910"/>
							<String ID="string_16" HPOS="921" VPOS="193" WIDTH="37" HEIGHT="21" WC="0.92" CONTENT="nå-"/>
						</TextLine>
						<TextLine ID="line_2" HPOS="129" VPOS="221" WIDTH="228" HEIGHT="28">
							<String ID="string_17" HPOS="129" VPOS="221" WIDTH="49" HEIGHT="28" WC="0.93" CONTENT="diga"/><SP WIDTH="15" VPOS="221" HPOS="178"/>
							<String ID="string_18" HPOS="193" VPOS="221" WIDTH="164" HEIGHT="27" WC="0.96" CONTENT="propositionen."/>
						</TextLine>
					</TextBlock>
				</ComposedBlock>
				<ComposedBlock ID="cblock_3" HPOS="127" VPOS="278" WIDTH="831" HEIGHT="475">
					<TextBlock ID="block_2" HPOS="127" VPOS="278" WIDTH="831" HEIGHT="475">
						<TextLine ID="line_3" HPOS="197" VPOS="278" WIDTH="761" HEIGHT="27">
							<String ID="string_19" HPOS="197" VPOS="278" WIDTH="33" HEIGHT="21" WC="0.96" CONTENT="Hr"/><SP WIDTH="21" VPOS="278" HPOS="230"/>
							<String ID="string_20" HPOS="251" VPOS="278" WIDTH="129" HEIGHT="27" WC="0.91" CONTENT="Högman:"/><SP WIDTH="31" VPOS="278" HPOS="380"/>
							<String ID="string_21" HPOS="411" VPOS="278" WIDTH="90" HEIGHT="27" WC="0.91" CONTENT="Pyydän"/><SP WIDTH="22" VPOS="278" HPOS="501"/>
							<String ID="string_22" HPOS="523" VPOS="278" WIDTH="64" HEIGHT="21" WC="0.92" CONTENT="saada"/><SP WIDTH="22" VPOS="278" HPOS="587"/>
							<String ID="string_23" HPOS="609" VPOS="279" WIDTH="116" HEIGHT="20" WC="0.92" CONTENT="kannattaa"/><SP WIDTH="22" VPOS="279" HPOS="725"/>
							<String ID="string_24" HPOS="747" VPOS="278" WIDTH="144" HEIGHT="21" WC="0.91" CONTENT="valiokunnan"/><SP WIDTH="15" VPOS="278" HPOS="891"/>
							<String ID="string_25" HPOS="906" VPOS="279" WIDTH="52" HEIGHT="21" WC="0.92" CONTENT="mie-"/>
						</TextLine>
						<TextLine ID="line_4" HPOS="128" VPOS="306" WIDTH="830" HEIGHT="21">
							<String ID="string_26" HPOS="128" VPOS="307" WIDTH="66" HEIGHT="20" WC="0.93" CONTENT="tintöä"/><SP WIDTH="22" VPOS="307" HPOS="194"/>
							<String ID="string_27" HPOS="216" VPOS="307" WIDTH="52" HEIGHT="20" WC="0.95" CONTENT="sekä"/><SP WIDTH="21" VPOS="307" HPOS="268"/>
							<String ID="string_28" HPOS="289" VPOS="307" WIDTH="150" HEIGHT="20" WC="0.96" CONTENT="ensimmäisen"/><SP WIDTH="21" VPOS="307" HPOS="439"/>
							<String ID="string_29" HPOS="460" VPOS="308" WIDTH="43" HEIGHT="19" WC="0.96" CONTENT="että"/><SP WIDTH="20" VPOS="308" HPOS="503"/>
							<String ID="string_30" HPOS="523" VPOS="307" WIDTH="130" HEIGHT="20" WC="0.96" CONTENT="kolmannen"/><SP WIDTH="23" VPOS="307" HPOS="653"/>
							<String ID="string_31" HPOS="676" VPOS="306" WIDTH="86" HEIGHT="21" WC="0.96" CONTENT="kohdan"/><SP WIDTH="18" VPOS="306" HPOS="762"/>
							<String ID="string_32" HPOS="780" VPOS="307" WIDTH="96" HEIGHT="20" WC="0.96" CONTENT="suhteen."/><SP WIDTH="30" VPOS="307" HPOS="876"/>
							<String ID="string_33" HPOS="906" VPOS="307" WIDTH="52" HEIGHT="20" WC="0.96" CONTENT="Mitä"/>
						</TextLine>
						<TextLine ID="line_5" HPOS="127" VPOS="335" WIDTH="831" HEIGHT="27">
							<String ID="string_34" HPOS="127" VPOS="335" WIDTH="70" HEIGHT="26" WC="0.96" CONTENT="jotkut"/><SP WIDTH="15" VPOS="335" HPOS="197"/>
							<String ID="string_35" HPOS="212" VPOS="335" WIDTH="137" HEIGHT="21" WC="0.93" CONTENT="kuvernöörit"/><SP WIDTH="15" VPOS="335" HPOS="349"/>
							<String ID="string_36" HPOS="364" VPOS="335" WIDTH="128" HEIGHT="21" WC="0.92" CONTENT="lienevätkin"/><SP WIDTH="15" VPOS="335" HPOS="492"/>
							<String ID="string_37" HPOS="507" VPOS="335" WIDTH="120" HEIGHT="27" WC="0.96" CONTENT="lausuneet,"/><SP WIDTH="16" VPOS="335" HPOS="627"/>
							<String ID="string_38" HPOS="643" VPOS="335" WIDTH="44" HEIGHT="21" WC="0.96" CONTENT="niin"/><SP WIDTH="16" VPOS="335" HPOS="687"/>
							<String ID="string_39" HPOS="703" VPOS="335" WIDTH="82" HEIGHT="27" WC="0.96" CONTENT="luulen,"/><SP WIDTH="15" VPOS="335" HPOS="785"/>
							<String ID="string_40" HPOS="800" VPOS="337" WIDTH="42" HEIGHT="19" WC="0.96" CONTENT="että"/><SP WIDTH="13" VPOS="337" HPOS="842"/>
							<String ID="string_41" HPOS="855" VPOS="335" WIDTH="103" HEIGHT="21" WC="0.96" CONTENT="kokemus"/>
						</TextLine>
						<TextLine ID="line_6" HPOS="127" VPOS="363" WIDTH="830" HEIGHT="27">
							<String ID="string_42" HPOS="127" VPOS="369" WIDTH="84" HEIGHT="14" WC="0.96" CONTENT="maassa"/><SP WIDTH="21" VPOS="369" HPOS="211"/>
							<String ID="string_43" HPOS="232" VPOS="363" WIDTH="87" HEIGHT="27" WC="0.96" CONTENT="yleensä"/><SP WIDTH="21" VPOS="363" HPOS="319"/>
							<String ID="string_44" HPOS="340" VPOS="370" WIDTH="27" HEIGHT="14" WC="0.96" CONTENT="on"/><SP WIDTH="21" VPOS="370" HPOS="367"/>
							<String ID="string_45" HPOS="388" VPOS="370" WIDTH="29" HEIGHT="20" WC="0.96" CONTENT="se,"/><SP WIDTH="16" VPOS="370" HPOS="417"/>
							<String ID="string_46" HPOS="433" VPOS="365" WIDTH="42" HEIGHT="20" WC="0.96" CONTENT="että"/><SP WIDTH="15" VPOS="365" HPOS="475"/>
							<String ID="string_47" HPOS="490" VPOS="364" WIDTH="47" HEIGHT="20" WC="0.96" CONTENT="siitä"/><SP WIDTH="16" VPOS="364" HPOS="537"/>
							<String ID="string_48" HPOS="553" VPOS="370" WIDTH="28" HEIGHT="14" WC="0.96" CONTENT="on"/><SP WIDTH="16" VPOS="370" HPOS="581"/>
							<String ID="string_49" HPOS="597" VPOS="363" WIDTH="52" HEIGHT="21" WC="0.96" CONTENT="ollut"/><SP WIDTH="16" VPOS="363" HPOS="649"/>
							<String ID="string_50" HPOS="665" VPOS="366" WIDTH="50" HEIGHT="19" WC="0.96" CONTENT="etua"/><SP WIDTH="16" VPOS="366" HPOS="715"/>
							<String ID="string_51" HPOS="731" VPOS="363" WIDTH="72" HEIGHT="21" WC="0.96" CONTENT="viinan"/><SP WIDTH="16" VPOS="363" HPOS="803"/>
							<String ID="string_52" HPOS="819" VPOS="364" WIDTH="138" HEIGHT="21" WC="0.96" CONTENT="nauttimisen"/>
						</TextLine>
						<TextLine ID="line_7" HPOS="128" VPOS="391" WIDTH="829" HEIGHT="28">
							<String ID="string_53" HPOS="128" VPOS="391" WIDTH="175" HEIGHT="28" WC="0.92" CONTENT="ehkäisemiselle,"/><SP WIDTH="23" VPOS="391" HPOS="303"/>
							<String ID="string_54" HPOS="326" VPOS="394" WIDTH="42" HEIGHT="19" WC="0.96" CONTENT="että"/><SP WIDTH="22" VPOS="394" HPOS="368"/>
							<String ID="string_55" HPOS="390" VPOS="392" WIDTH="109" HEIGHT="27" WC="0.96" CONTENT="suurempi"/><SP WIDTH="20" VPOS="392" HPOS="499"/>
							<String ID="string_56" HPOS="519" VPOS="393" WIDTH="72" HEIGHT="19" WC="0.96" CONTENT="määrä"/><SP WIDTH="20" VPOS="393" HPOS="591"/>
							<String ID="string_57" HPOS="611" VPOS="399" WIDTH="28" HEIGHT="14" WC="0.96" CONTENT="on"/><SP WIDTH="16" VPOS="399" HPOS="639"/>
							<String ID="string_58" HPOS="655" VPOS="393" WIDTH="104" HEIGHT="26" WC="0.96" CONTENT="määrätty"/><SP WIDTH="15" VPOS="393" HPOS="759"/>
							<String ID="string_59" HPOS="774" VPOS="392" WIDTH="125" HEIGHT="27" WC="0.96" CONTENT="alimmaksi,"/><SP WIDTH="15" VPOS="392" HPOS="899"/>
							<String ID="string_60" HPOS="914" VPOS="393" WIDTH="43" HEIGHT="26" WC="0.96" CONTENT="jota"/>
						</TextLine>
						<TextLine ID="line_8" HPOS="128" VPOS="420" WIDTH="828" HEIGHT="27">
							<String ID="string_61" HPOS="128" VPOS="426" WIDTH="36" HEIGHT="15" WC="0.96" CONTENT="saa"/><SP WIDTH="22" VPOS="426" HPOS="164"/>
							<String ID="string_62" HPOS="186" VPOS="420" WIDTH="86" HEIGHT="27" WC="0.93" CONTENT="myydä."/><SP WIDTH="31" VPOS="420" HPOS="272"/>
							<String ID="string_63" HPOS="303" VPOS="420" WIDTH="67" HEIGHT="21" WC="0.96" CONTENT="Pidän"/><SP WIDTH="23" VPOS="420" HPOS="370"/>
							<String ID="string_64" HPOS="393" VPOS="421" WIDTH="36" HEIGHT="20" WC="0.96" CONTENT="siis"/><SP WIDTH="22" VPOS="421" HPOS="429"/>
							<String ID="string_65" HPOS="451" VPOS="422" WIDTH="124" HEIGHT="25" WC="0.96" CONTENT="suotavana,"/><SP WIDTH="16" VPOS="422" HPOS="575"/>
							<String ID="string_66" HPOS="591" VPOS="422" WIDTH="42" HEIGHT="19" WC="0.96" CONTENT="että"/><SP WIDTH="15" VPOS="422" HPOS="633"/>
							<String ID="string_67" HPOS="648" VPOS="421" WIDTH="64" HEIGHT="20" WC="0.96" CONTENT="vähin"/><SP WIDTH="15" VPOS="421" HPOS="712"/>
							<String ID="string_68" HPOS="727" VPOS="421" WIDTH="135" HEIGHT="26" WC="0.96" CONTENT="myytäväksi"/><SP WIDTH="16" VPOS="421" HPOS="862"/>
							<String ID="string_69" HPOS="878" VPOS="421" WIDTH="78" HEIGHT="21" WC="0.96" CONTENT="sallittu"/>
						</TextLine>
						<TextLine ID="line_9" HPOS="128" VPOS="448" WIDTH="828" HEIGHT="28">
							<String ID="string_70" HPOS="128" VPOS="448" WIDTH="130" HEIGHT="21" WC="0.92" CONTENT="viinamäärä"/><SP WIDTH="20" VPOS="448" HPOS="258"/>
							<String ID="string_71" HPOS="278" VPOS="449" WIDTH="81" HEIGHT="27" WC="0.96" CONTENT="pysyisi"/><SP WIDTH="23" VPOS="449" HPOS="359"/>
							<String ID="string_72" HPOS="382" VPOS="450" WIDTH="13" HEIGHT="19" WC="0.92" CONTENT="2"/><SP WIDTH="21" VPOS="450" HPOS="395"/>
							<String ID="string_73" HPOS="416" VPOS="449" WIDTH="83" HEIGHT="26" WC="0.92" CONTENT="litrana,"/><SP WIDTH="23" VPOS="449" HPOS="499"/>
							<String ID="string_74" HPOS="522" VPOS="449" WIDTH="98" HEIGHT="20" WC="0.96" CONTENT="niinkuin"/><SP WIDTH="23" VPOS="449" HPOS="620"/>
							<String ID="string_75" HPOS="643" VPOS="449" WIDTH="124" HEIGHT="21" WC="0.95" CONTENT="valiokunta"/><SP WIDTH="15" VPOS="449" HPOS="767"/>
							<String ID="string_76" HPOS="782" VPOS="455" WIDTH="28" HEIGHT="14" WC="0.96" CONTENT="on"/><SP WIDTH="16" VPOS="455" HPOS="810"/>
							<String ID="string_77" HPOS="826" VPOS="449" WIDTH="130" HEIGHT="21" WC="0.96" CONTENT="ehdottanut."/>
						</TextLine>
						<TextLine ID="line_10" HPOS="128" VPOS="476" WIDTH="828" HEIGHT="28">
							<String ID="string_78" HPOS="128" VPOS="476" WIDTH="44" HEIGHT="21" WC="0.96" CONTENT="Sitä"/><SP WIDTH="18" VPOS="476" HPOS="172"/>
							<String ID="string_79" HPOS="190" VPOS="477" WIDTH="63" HEIGHT="26" WC="0.96" CONTENT="paitsi"/><SP WIDTH="15" VPOS="477" HPOS="253"/>
							<String ID="string_80" HPOS="268" VPOS="477" WIDTH="67" HEIGHT="26" WC="0.97" CONTENT="yleisö"/><SP WIDTH="16" VPOS="477" HPOS="335"/>
							<String ID="string_81" HPOS="351" VPOS="484" WIDTH="28" HEIGHT="14" WC="0.96" CONTENT="on"/><SP WIDTH="15" VPOS="484" HPOS="379"/>
							<String ID="string_82" HPOS="394" VPOS="478" WIDTH="21" HEIGHT="26" WC="0.96" CONTENT="jo"/><SP WIDTH="16" VPOS="478" HPOS="415"/>
							<String ID="string_83" HPOS="431" VPOS="479" WIDTH="94" HEIGHT="19" WC="0.96" CONTENT="tottunut"/><SP WIDTH="15" VPOS="479" HPOS="525"/>
							<String ID="string_84" HPOS="540" VPOS="477" WIDTH="63" HEIGHT="21" WC="0.93" CONTENT="tähän"/><SP WIDTH="16" VPOS="477" HPOS="603"/>
							<String ID="string_85" HPOS="619" VPOS="477" WIDTH="169" HEIGHT="27" WC="0.91" CONTENT="myyntitapaan,"/><SP WIDTH="16" VPOS="477" HPOS="788"/>
							<String ID="string_86" HPOS="804" VPOS="477" WIDTH="45" HEIGHT="20" WC="0.97" CONTENT="niin"/><SP WIDTH="16" VPOS="477" HPOS="849"/>
							<String ID="string_87" HPOS="865" VPOS="479" WIDTH="42" HEIGHT="19" WC="0.93" CONTENT="että"/><SP WIDTH="15" VPOS="479" HPOS="907"/>
							<String ID="string_88" HPOS="922" VPOS="478" WIDTH="34" HEIGHT="20" WC="0.91" CONTENT="sii-"/>
						</TextLine>
						<TextLine ID="line_11" HPOS="127" VPOS="505" WIDTH="828" HEIGHT="28">
							<String ID="string_89" HPOS="127" VPOS="505" WIDTH="77" HEIGHT="21" WC="0.92" CONTENT="täkään"/><SP WIDTH="23" VPOS="505" HPOS="204"/>
							<String ID="string_90" HPOS="227" VPOS="507" WIDTH="73" HEIGHT="25" WC="0.96" CONTENT="syystä"/><SP WIDTH="23" VPOS="507" HPOS="300"/>
							<String ID="string_91" HPOS="323" VPOS="506" WIDTH="20" HEIGHT="21" WC="0.96" CONTENT="ei"/><SP WIDTH="23" VPOS="506" HPOS="343"/>
							<String ID="string_92" HPOS="366" VPOS="506" WIDTH="33" HEIGHT="21" WC="0.96" CONTENT="ole"/><SP WIDTH="15" VPOS="506" HPOS="399"/>
							<String ID="string_93" HPOS="414" VPOS="508" WIDTH="94" HEIGHT="24" WC="0.96" CONTENT="suotava,"/><SP WIDTH="16" VPOS="508" HPOS="508"/>
							<String ID="string_94" HPOS="524" VPOS="507" WIDTH="43" HEIGHT="20" WC="0.96" CONTENT="että"/><SP WIDTH="15" VPOS="507" HPOS="567"/>
							<String ID="string_95" HPOS="582" VPOS="507" WIDTH="56" HEIGHT="19" WC="0.96" CONTENT="tämä"/><SP WIDTH="14" VPOS="507" HPOS="638"/>
							<String ID="string_96" HPOS="652" VPOS="507" WIDTH="71" HEIGHT="19" WC="0.96" CONTENT="määrä"/><SP WIDTH="16" VPOS="507" HPOS="723"/>
							<String ID="string_97" HPOS="739" VPOS="505" WIDTH="77" HEIGHT="28" WC="0.96" CONTENT="jälleen"/><SP WIDTH="16" VPOS="505" HPOS="816"/>
							<String ID="string_98" HPOS="832" VPOS="508" WIDTH="123" HEIGHT="19" WC="0.96" CONTENT="muutetaan"/>
						</TextLine>
						<TextLine ID="line_12" HPOS="127" VPOS="534" WIDTH="829" HEIGHT="27">
							<String ID="string_99" HPOS="127" VPOS="534" WIDTH="21" HEIGHT="26" WC="0.96" CONTENT="ja"/><SP WIDTH="15" VPOS="534" HPOS="148"/>
							<String ID="string_100" HPOS="163" VPOS="534" WIDTH="48" HEIGHT="20" WC="0.96" CONTENT="sillä"/><SP WIDTH="14" VPOS="534" HPOS="211"/>
							<String ID="string_101" HPOS="225" VPOS="534" WIDTH="73" HEIGHT="21" WC="0.96" CONTENT="tavoin"/><SP WIDTH="15" VPOS="534" HPOS="298"/>
							<String ID="string_102" HPOS="313" VPOS="534" WIDTH="112" HEIGHT="21" WC="0.96" CONTENT="alituiseen"/><SP WIDTH="15" VPOS="534" HPOS="425"/>
							<String ID="string_103" HPOS="440" VPOS="534" WIDTH="126" HEIGHT="21" WC="0.96" CONTENT="vaihdetaan"/><SP WIDTH="14" VPOS="534" HPOS="566"/>
							<String ID="string_104" HPOS="580" VPOS="534" WIDTH="139" HEIGHT="27" WC="0.96" CONTENT="määräyksiä."/><SP WIDTH="31" VPOS="534" HPOS="719"/>
							<String ID="string_105" HPOS="750" VPOS="534" WIDTH="52" HEIGHT="21" WC="0.95" CONTENT="Mitä"/><SP WIDTH="15" VPOS="534" HPOS="802"/>
							<String ID="string_106" HPOS="817" VPOS="534" WIDTH="57" HEIGHT="21" WC="0.93" CONTENT="tulee"/><SP WIDTH="11" VPOS="534" HPOS="874"/>
							<String ID="string_107" HPOS="885" VPOS="534" WIDTH="71" HEIGHT="21" WC="0.92" CONTENT="lakka-"/>
						</TextLine>
						<TextLine ID="line_13" HPOS="128" VPOS="562" WIDTH="828" HEIGHT="28">
							<String ID="string_108" HPOS="128" VPOS="562" WIDTH="122" HEIGHT="21" WC="0.92" CONTENT="vernissaan"/><SP WIDTH="19" VPOS="562" HPOS="250"/>
							<String ID="string_109" HPOS="269" VPOS="563" WIDTH="22" HEIGHT="27" WC="0.93" CONTENT="ja"/><SP WIDTH="14" VPOS="563" HPOS="291"/>
							<String ID="string_110" HPOS="305" VPOS="563" WIDTH="129" HEIGHT="27" WC="0.92" CONTENT="polityyriin,"/><SP WIDTH="16" VPOS="563" HPOS="434"/>
							<String ID="string_111" HPOS="450" VPOS="563" WIDTH="45" HEIGHT="20" WC="0.96" CONTENT="niin"/><SP WIDTH="15" VPOS="563" HPOS="495"/>
							<String ID="string_112" HPOS="510" VPOS="570" WIDTH="38" HEIGHT="14" WC="0.96" CONTENT="sen"/><SP WIDTH="15" VPOS="570" HPOS="548"/>
							<String ID="string_113" HPOS="563" VPOS="563" WIDTH="137" HEIGHT="26" WC="0.96" CONTENT="myymisellä"/><SP WIDTH="15" VPOS="563" HPOS="700"/>
							<String ID="string_114" HPOS="715" VPOS="569" WIDTH="27" HEIGHT="14" WC="0.96" CONTENT="on"/><SP WIDTH="17" VPOS="569" HPOS="742"/>
							<String ID="string_115" HPOS="759" VPOS="563" WIDTH="44" HEIGHT="20" WC="0.96" CONTENT="niin"/><SP WIDTH="16" VPOS="563" HPOS="803"/>
							<String ID="string_116" HPOS="819" VPOS="565" WIDTH="74" HEIGHT="19" WC="0.93" CONTENT="suurta"/><SP WIDTH="15" VPOS="565" HPOS="893"/>
							<String ID="string_117" HPOS="908" VPOS="565" WIDTH="48" HEIGHT="19" WC="0.92" CONTENT="vää-"/>
						</TextLine>
						<TextLine ID="line_14" HPOS="127" VPOS="590" WIDTH="829" HEIGHT="28">
							<String ID="string_118" HPOS="127" VPOS="590" WIDTH="33" HEIGHT="20" WC="0.96" CONTENT="rin"/><SP WIDTH="15" VPOS="590" HPOS="160"/>
							<String ID="string_119" HPOS="175" VPOS="590" WIDTH="98" HEIGHT="26" WC="0.96" CONTENT="käytöstä"/><SP WIDTH="15" VPOS="590" HPOS="273"/>
							<String ID="string_120" HPOS="288" VPOS="591" WIDTH="127" HEIGHT="27" WC="0.96" CONTENT="harjoitettu,"/><SP WIDTH="11" VPOS="591" HPOS="415"/>
							<String ID="string_121" HPOS="426" VPOS="593" WIDTH="42" HEIGHT="19" WC="0.96" CONTENT="että"/><SP WIDTH="15" VPOS="593" HPOS="468"/>
							<String ID="string_122" HPOS="483" VPOS="592" WIDTH="74" HEIGHT="20" WC="0.96" CONTENT="minun"/><SP WIDTH="16" VPOS="592" HPOS="557"/>
							<String ID="string_123" HPOS="573" VPOS="591" WIDTH="120" HEIGHT="22" WC="0.96" CONTENT="mielestäni"/><SP WIDTH="15" VPOS="591" HPOS="693"/>
							<String ID="string_124" HPOS="708" VPOS="598" WIDTH="23" HEIGHT="14" WC="0.96" CONTENT="se"/><SP WIDTH="16" VPOS="598" HPOS="731"/>
							<String ID="string_125" HPOS="747" VPOS="592" WIDTH="19" HEIGHT="20" WC="0.96" CONTENT="ei"/><SP WIDTH="15" VPOS="592" HPOS="766"/>
							<String ID="string_126" HPOS="781" VPOS="591" WIDTH="86" HEIGHT="21" WC="0.96" CONTENT="vaikuta"/><SP WIDTH="10" VPOS="591" HPOS="867"/>
							<String ID="string_127" HPOS="877" VPOS="592" WIDTH="79" HEIGHT="20" WC="0.96" CONTENT="mitään"/>
						</TextLine>
						<TextLine ID="line_15" HPOS="128" VPOS="618" WIDTH="828" HEIGHT="29">
							<String ID="string_128" HPOS="128" VPOS="618" WIDTH="58" HEIGHT="21" WC="0.96" CONTENT="asian"/><SP WIDTH="23" VPOS="618" HPOS="186"/>
							<String ID="string_129" HPOS="209" VPOS="620" WIDTH="157" HEIGHT="27" WC="0.95" CONTENT="päättämiseen,"/><SP WIDTH="21" VPOS="620" HPOS="366"/>
							<String ID="string_130" HPOS="387" VPOS="620" WIDTH="33" HEIGHT="27" WC="0.93" CONTENT="jos"/><SP WIDTH="21" VPOS="620" HPOS="420"/>
							<String ID="string_131" HPOS="441" VPOS="620" WIDTH="163" HEIGHT="27" WC="0.90" CONTENT="maanpoliisilla"/><SP WIDTH="22" VPOS="620" HPOS="604"/>
							<String ID="string_132" HPOS="626" VPOS="620" WIDTH="57" HEIGHT="21" WC="0.96" CONTENT="tulee"/><SP WIDTH="23" VPOS="620" HPOS="683"/>
							<String ID="string_133" HPOS="706" VPOS="619" WIDTH="97" HEIGHT="21" WC="0.96" CONTENT="olemaan"/><SP WIDTH="21" VPOS="619" HPOS="803"/>
							<String ID="string_134" HPOS="824" VPOS="620" WIDTH="68" HEIGHT="20" WC="0.91" CONTENT="vähän"/><SP WIDTH="20" VPOS="620" HPOS="892"/>
							<String ID="string_135" HPOS="912" VPOS="620" WIDTH="44" HEIGHT="20" WC="0.91" CONTENT="ikä-"/>
						</TextLine>
						<TextLine ID="line_16" HPOS="128" VPOS="647" WIDTH="828" HEIGHT="28">
							<String ID="string_136" HPOS="128" VPOS="647" WIDTH="90" HEIGHT="26" WC="0.91" CONTENT="vyyksiä"/><SP WIDTH="25" VPOS="647" HPOS="218"/>
							<String ID="string_137" HPOS="243" VPOS="648" WIDTH="114" HEIGHT="21" WC="0.96" CONTENT="asetuksen"/><SP WIDTH="26" VPOS="648" HPOS="357"/>
							<String ID="string_138" HPOS="383" VPOS="648" WIDTH="170" HEIGHT="21" WC="0.95" CONTENT="noudattamisen"/><SP WIDTH="25" VPOS="648" HPOS="553"/>
							<String ID="string_139" HPOS="578" VPOS="648" WIDTH="146" HEIGHT="21" WC="0.94" CONTENT="valvonnasta."/><SP WIDTH="31" VPOS="648" HPOS="724"/>
							<String ID="string_140" HPOS="755" VPOS="648" WIDTH="50" HEIGHT="21" WC="0.94" CONTENT="Kun"/><SP WIDTH="25" VPOS="648" HPOS="805"/>
							<String ID="string_141" HPOS="830" VPOS="648" WIDTH="40" HEIGHT="20" WC="0.96" CONTENT="sitä"/><SP WIDTH="24" VPOS="648" HPOS="870"/>
							<String ID="string_142" HPOS="894" VPOS="648" WIDTH="62" HEIGHT="27" WC="0.96" CONTENT="paitsi"/>
						</TextLine>
						<TextLine ID="line_17" HPOS="128" VPOS="675" WIDTH="827" HEIGHT="29">
							<String ID="string_143" HPOS="128" VPOS="675" WIDTH="197" HEIGHT="22" WC="0.90" CONTENT="denaturoimislaki"/><SP WIDTH="22" VPOS="675" HPOS="325"/>
							<String ID="string_144" HPOS="347" VPOS="676" WIDTH="92" HEIGHT="21" WC="0.96" CONTENT="kaikissa"/><SP WIDTH="22" VPOS="676" HPOS="439"/>
							<String ID="string_145" HPOS="461" VPOS="677" WIDTH="132" HEIGHT="27" WC="0.97" CONTENT="tapauksissa"/><SP WIDTH="22" VPOS="677" HPOS="593"/>
							<String ID="string_146" HPOS="615" VPOS="677" WIDTH="58" HEIGHT="21" WC="0.96" CONTENT="tulee"/><SP WIDTH="22" VPOS="677" HPOS="673"/>
							<String ID="string_147" HPOS="695" VPOS="676" WIDTH="153" HEIGHT="27" WC="0.96" CONTENT="annettavaksi,"/><SP WIDTH="15" VPOS="676" HPOS="848"/>
							<String ID="string_148" HPOS="863" VPOS="676" WIDTH="45" HEIGHT="20" WC="0.96" CONTENT="niin"/><SP WIDTH="20" VPOS="676" HPOS="908"/>
							<String ID="string_149" HPOS="928" VPOS="683" WIDTH="27" HEIGHT="14" WC="0.96" CONTENT="on"/>
						</TextLine>
						<TextLine ID="line_18" HPOS="127" VPOS="704" WIDTH="828" HEIGHT="28">
							<String ID="string_150" HPOS="127" VPOS="704" WIDTH="93" HEIGHT="20" WC="0.96" CONTENT="minusta"/><SP WIDTH="24" VPOS="704" HPOS="220"/>
							<String ID="string_151" HPOS="244" VPOS="705" WIDTH="94" HEIGHT="20" WC="0.96" CONTENT="tämäkin"/><SP WIDTH="23" VPOS="705" HPOS="338"/>
							<String ID="string_152" HPOS="361" VPOS="706" WIDTH="78" HEIGHT="26" WC="0.95" CONTENT="yhtenä"/><SP WIDTH="15" VPOS="706" HPOS="439"/>
							<String ID="string_153" HPOS="454" VPOS="707" WIDTH="68" HEIGHT="25" WC="0.96" CONTENT="syynä"/><SP WIDTH="16" VPOS="707" HPOS="522"/>
							<String ID="string_154" HPOS="538" VPOS="705" WIDTH="145" HEIGHT="21" WC="0.96" CONTENT="valiokunnan"/><SP WIDTH="18" VPOS="705" HPOS="683"/>
							<String ID="string_155" HPOS="701" VPOS="705" WIDTH="133" HEIGHT="21" WC="0.93" CONTENT="ehdotuksen"/><SP WIDTH="16" VPOS="705" HPOS="834"/>
							<String ID="string_156" HPOS="850" VPOS="704" WIDTH="105" HEIGHT="27" WC="0.91" CONTENT="hyväksy-"/>
						</TextLine>
						<TextLine ID="line_19" HPOS="127" VPOS="738" WIDTH="86" HEIGHT="15">
							<String ID="string_157" HPOS="127" VPOS="738" WIDTH="86" HEIGHT="15" WC="0.96" CONTENT="miseen."/>
						</TextLine>
					</TextBlock>
				</ComposedBlock>
				<Illustration ID="cblock_4" HPOS="713" VPOS="512" WIDTH="12" HEIGHT="14"></Illustration>
				<ComposedBlock ID="cblock_5" HPOS="124" VPOS="788" WIDTH="832" HEIGHT="568">
					<TextBlock ID="block_3" HPOS="124" VPOS="788" WIDTH="832" HEIGHT="568">
						<TextLine ID="line_20" HPOS="196" VPOS="788" WIDTH="760" HEIGHT="30">
							<String ID="string_158" HPOS="196" VPOS="788" WIDTH="33" HEIGHT="22" WC="0.96" CONTENT="Hr"/><SP WIDTH="15" VPOS="788" HPOS="229"/>
							<String ID="string_159" HPOS="244" VPOS="789" WIDTH="142" HEIGHT="22" WC="0.92" CONTENT="Forsman:"/><SP WIDTH="31" VPOS="789" HPOS="386"/>
							<String ID="string_160" HPOS="417" VPOS="790" WIDTH="101" HEIGHT="21" WC="0.91" CONTENT="Tillständ"/><SP WIDTH="16" VPOS="790" HPOS="518"/>
							<String ID="string_161" HPOS="534" VPOS="792" WIDTH="30" HEIGHT="20" WC="0.93" CONTENT="att"/><SP WIDTH="15" VPOS="792" HPOS="564"/>
							<String ID="string_162" HPOS="579" VPOS="791" WIDTH="52" HEIGHT="27" WC="0.92" CONTENT="sälja"/><SP WIDTH="15" VPOS="791" HPOS="631"/>
							<String ID="string_163" HPOS="646" VPOS="791" WIDTH="67" HEIGHT="20" WC="0.96" CONTENT="minst"/><SP WIDTH="15" VPOS="791" HPOS="713"/>
							<String ID="string_164" HPOS="728" VPOS="796" WIDTH="27" HEIGHT="15" WC="0.93" CONTENT="en"/><SP WIDTH="15" VPOS="796" HPOS="755"/>
							<String ID="string_165" HPOS="770" VPOS="790" WIDTH="48" HEIGHT="20" WC="0.93" CONTENT="liter"/><SP WIDTH="16" VPOS="790" HPOS="818"/>
							<String ID="string_166" HPOS="834" VPOS="796" WIDTH="49" HEIGHT="15" WC="0.93" CONTENT="vore"/><SP WIDTH="15" VPOS="796" HPOS="883"/>
							<String ID="string_167" HPOS="898" VPOS="790" WIDTH="8" HEIGHT="20" WC="0.95" CONTENT="i"/><SP WIDTH="15" VPOS="790" HPOS="906"/>
							<String ID="string_168" HPOS="921" VPOS="790" WIDTH="35" HEIGHT="20" WC="0.95" CONTENT="det"/>
						</TextLine>
						<TextLine ID="line_21" HPOS="127" VPOS="818" WIDTH="828" HEIGHT="28">
							<String ID="string_169" HPOS="127" VPOS="818" WIDTH="106" HEIGHT="20" WC="0.96" CONTENT="närmaste"/><SP WIDTH="24" VPOS="818" HPOS="233"/>
							<String ID="string_170" HPOS="257" VPOS="824" WIDTH="27" HEIGHT="14" WC="0.93" CONTENT="en"/><SP WIDTH="23" VPOS="824" HPOS="284"/>
							<String ID="string_171" HPOS="307" VPOS="818" WIDTH="101" HEIGHT="28" WC="0.90" CONTENT="ätergäng"/><SP WIDTH="20" VPOS="818" HPOS="408"/>
							<String ID="string_172" HPOS="428" VPOS="819" WIDTH="31" HEIGHT="21" WC="0.96" CONTENT="till"/><SP WIDTH="15" VPOS="819" HPOS="459"/>
							<String ID="string_173" HPOS="474" VPOS="819" WIDTH="40" HEIGHT="21" WC="0.93" CONTENT="den"/><SP WIDTH="16" VPOS="819" HPOS="514"/>
							<String ID="string_174" HPOS="530" VPOS="820" WIDTH="56" HEIGHT="20" WC="0.92" CONTENT="förra"/><SP WIDTH="15" VPOS="820" HPOS="586"/>
							<String ID="string_175" HPOS="601" VPOS="818" WIDTH="262" HEIGHT="28" WC="0.91" CONTENT="halfstopsförsäljningen."/><SP WIDTH="30" VPOS="818" HPOS="863"/>
							<String ID="string_176" HPOS="893" VPOS="818" WIDTH="62" HEIGHT="21" WC="0.96" CONTENT="Detta"/>
						</TextLine>
						<TextLine ID="line_22" HPOS="127" VPOS="846" WIDTH="829" HEIGHT="29">
							<String ID="string_177" HPOS="127" VPOS="852" WIDTH="50" HEIGHT="14" WC="0.93" CONTENT="vore"/><SP WIDTH="23" VPOS="852" HPOS="177"/>
							<String ID="string_178" HPOS="200" VPOS="846" WIDTH="55" HEIGHT="21" WC="0.95" CONTENT="dock"/><SP WIDTH="23" VPOS="846" HPOS="255"/>
							<String ID="string_179" HPOS="278" VPOS="848" WIDTH="29" HEIGHT="19" WC="0.96" CONTENT="ett"/><SP WIDTH="22" VPOS="848" HPOS="307"/>
							<String ID="string_180" HPOS="329" VPOS="847" WIDTH="104" HEIGHT="27" WC="0.93" CONTENT="betydligt"/><SP WIDTH="20" VPOS="847" HPOS="433"/>
							<String ID="string_181" HPOS="453" VPOS="847" WIDTH="93" HEIGHT="28" WC="0.91" CONTENT="baksteg."/><SP WIDTH="31" VPOS="847" HPOS="546"/>
							<String ID="string_182" HPOS="577" VPOS="847" WIDTH="74" HEIGHT="21" WC="0.90" CONTENT="Säsom"/><SP WIDTH="22" VPOS="847" HPOS="651"/>
							<String ID="string_183" HPOS="673" VPOS="847" WIDTH="36" HEIGHT="21" WC="0.96" CONTENT="vid"/><SP WIDTH="24" VPOS="847" HPOS="709"/>
							<String ID="string_184" HPOS="733" VPOS="848" WIDTH="55" HEIGHT="20" WC="0.92" CONTENT="1885"/><SP WIDTH="19" VPOS="848" HPOS="788"/>
							<String ID="string_185" HPOS="807" VPOS="847" WIDTH="33" HEIGHT="21" WC="0.92" CONTENT="ärs"/><SP WIDTH="15" VPOS="847" HPOS="840"/>
							<String ID="string_186" HPOS="855" VPOS="847" WIDTH="101" HEIGHT="27" WC="0.92" CONTENT="landtdag"/>
						</TextLine>
						<TextLine ID="line_23" HPOS="127" VPOS="874" WIDTH="829" HEIGHT="29">
							<String ID="string_187" HPOS="127" VPOS="874" WIDTH="116" HEIGHT="27" WC="0.84" CONTENT="framhölls,"/><SP WIDTH="22" VPOS="874" HPOS="243"/>
							<String ID="string_188" HPOS="265" VPOS="876" WIDTH="23" HEIGHT="19" WC="0.93" CONTENT="är"/><SP WIDTH="22" VPOS="876" HPOS="288"/>
							<String ID="string_189" HPOS="310" VPOS="875" WIDTH="183" HEIGHT="27" WC="0.91" CONTENT="halfstopsflaskan"/><SP WIDTH="19" VPOS="875" HPOS="493"/>
							<String ID="string_190" HPOS="512" VPOS="876" WIDTH="61" HEIGHT="27" WC="0.96" CONTENT="billig"/><SP WIDTH="20" VPOS="876" HPOS="573"/>
							<String ID="string_191" HPOS="593" VPOS="876" WIDTH="38" HEIGHT="21" WC="0.96" CONTENT="och"/><SP WIDTH="16" VPOS="876" HPOS="631"/>
							<String ID="string_192" HPOS="647" VPOS="876" WIDTH="38" HEIGHT="20" WC="0.93" CONTENT="lätt"/><SP WIDTH="16" VPOS="876" HPOS="685"/>
							<String ID="string_193" HPOS="701" VPOS="875" WIDTH="108" HEIGHT="27" WC="0.96" CONTENT="åtkomlig,"/><SP WIDTH="16" VPOS="875" HPOS="809"/>
							<String ID="string_194" HPOS="825" VPOS="875" WIDTH="41" HEIGHT="21" WC="0.96" CONTENT="den"/><SP WIDTH="16" VPOS="875" HPOS="866"/>
							<String ID="string_195" HPOS="882" VPOS="877" WIDTH="23" HEIGHT="19" WC="0.93" CONTENT="är"/><SP WIDTH="15" VPOS="877" HPOS="905"/>
							<String ID="string_196" HPOS="920" VPOS="875" WIDTH="36" HEIGHT="21" WC="0.81" CONTENT="be-"/>
						</TextLine>
						<TextLine ID="line_24" HPOS="127" VPOS="902" WIDTH="828" HEIGHT="30">
							<String ID="string_197" HPOS="127" VPOS="902" WIDTH="63" HEIGHT="20" WC="0.92" CONTENT="kväm"/><SP WIDTH="22" VPOS="902" HPOS="190"/>
							<String ID="string_198" HPOS="212" VPOS="904" WIDTH="30" HEIGHT="20" WC="0.93" CONTENT="att"/><SP WIDTH="16" VPOS="904" HPOS="242"/>
							<String ID="string_199" HPOS="258" VPOS="904" WIDTH="147" HEIGHT="27" WC="0.93" CONTENT="transportera,"/><SP WIDTH="15" VPOS="904" HPOS="405"/>
							<String ID="string_200" HPOS="420" VPOS="904" WIDTH="89" HEIGHT="21" WC="0.92" CONTENT="bekväm"/><SP WIDTH="16" VPOS="904" HPOS="509"/>
							<String ID="string_201" HPOS="525" VPOS="904" WIDTH="64" HEIGHT="21" WC="0.92" CONTENT="ocksä"/><SP WIDTH="15" VPOS="904" HPOS="589"/>
							<String ID="string_202" HPOS="604" VPOS="906" WIDTH="30" HEIGHT="19" WC="0.93" CONTENT="att"/><SP WIDTH="15" VPOS="906" HPOS="634"/>
							<String ID="string_203" HPOS="649" VPOS="904" WIDTH="98" HEIGHT="28" WC="0.92" CONTENT="begagna"/><SP WIDTH="15" VPOS="904" HPOS="747"/>
							<String ID="string_204" HPOS="762" VPOS="903" WIDTH="70" HEIGHT="21" WC="0.93" CONTENT="säsom"/><SP WIDTH="15" VPOS="903" HPOS="832"/>
							<String ID="string_205" HPOS="847" VPOS="904" WIDTH="108" HEIGHT="27" WC="0.91" CONTENT="tillhygge,"/>
						</TextLine>
						<TextLine ID="line_25" HPOS="126" VPOS="930" WIDTH="830" HEIGHT="30">
							<String ID="string_206" HPOS="126" VPOS="931" WIDTH="22" HEIGHT="26" WC="0.96" CONTENT="ja"/><SP WIDTH="22" VPOS="931" HPOS="148"/>
							<String ID="string_207" HPOS="170" VPOS="930" WIDTH="32" HEIGHT="21" WC="0.95" CONTENT="till"/><SP WIDTH="23" VPOS="930" HPOS="202"/>
							<String ID="string_208" HPOS="225" VPOS="932" WIDTH="40" HEIGHT="20" WC="0.95" CONTENT="och"/><SP WIDTH="20" VPOS="932" HPOS="265"/>
							<String ID="string_209" HPOS="285" VPOS="932" WIDTH="49" HEIGHT="21" WC="0.93" CONTENT="med"/><SP WIDTH="19" VPOS="932" HPOS="334"/>
							<String ID="string_210" HPOS="353" VPOS="932" WIDTH="69" HEIGHT="21" WC="0.92" CONTENT="säsom"/><SP WIDTH="15" VPOS="932" HPOS="422"/>
							<String ID="string_211" HPOS="437" VPOS="933" WIDTH="135" HEIGHT="27" WC="0.92" CONTENT="mordvapen."/><SP WIDTH="30" VPOS="933" HPOS="572"/>
							<String ID="string_212" HPOS="602" VPOS="932" WIDTH="43" HEIGHT="22" WC="0.96" CONTENT="Det"/><SP WIDTH="14" VPOS="932" HPOS="645"/>
							<String ID="string_213" HPOS="659" VPOS="935" WIDTH="24" HEIGHT="18" WC="0.93" CONTENT="är"/><SP WIDTH="16" VPOS="935" HPOS="683"/>
							<String ID="string_214" HPOS="699" VPOS="932" WIDTH="71" HEIGHT="27" WC="0.93" CONTENT="kändt,"/><SP WIDTH="16" VPOS="932" HPOS="770"/>
							<String ID="string_215" HPOS="786" VPOS="934" WIDTH="30" HEIGHT="19" WC="0.96" CONTENT="att"/><SP WIDTH="14" VPOS="934" HPOS="816"/>
							<String ID="string_216" HPOS="830" VPOS="932" WIDTH="70" HEIGHT="21" WC="0.96" CONTENT="under"/><SP WIDTH="14" VPOS="932" HPOS="900"/>
							<String ID="string_217" HPOS="914" VPOS="932" WIDTH="42" HEIGHT="21" WC="0.97" CONTENT="den"/>
						</TextLine>
						<TextLine ID="line_26" HPOS="127" VPOS="959" WIDTH="828" HEIGHT="30">
							<String ID="string_218" HPOS="127" VPOS="959" WIDTH="30" HEIGHT="20" WC="0.89" CONTENT="tid"/><SP WIDTH="20" VPOS="959" HPOS="157"/>
							<String ID="string_219" HPOS="177" VPOS="959" WIDTH="230" HEIGHT="30" WC="0.89" CONTENT="halfstopsförsäljning"/><SP WIDTH="14" VPOS="959" HPOS="407"/>
							<String ID="string_220" HPOS="421" VPOS="968" WIDTH="38" HEIGHT="14" WC="0.93" CONTENT="var"/><SP WIDTH="14" VPOS="968" HPOS="459"/>
							<String ID="string_221" HPOS="473" VPOS="961" WIDTH="81" HEIGHT="22" WC="0.91" CONTENT="tilläten"/><SP WIDTH="22" VPOS="961" HPOS="554"/>
							<String ID="string_222" HPOS="576" VPOS="961" WIDTH="77" HEIGHT="27" WC="0.91" CONTENT="mänga"/><SP WIDTH="16" VPOS="961" HPOS="653"/>
							<String ID="string_223" HPOS="669" VPOS="961" WIDTH="22" HEIGHT="21" WC="0.96" CONTENT="af"/><SP WIDTH="16" VPOS="961" HPOS="691"/>
							<String ID="string_224" HPOS="707" VPOS="961" WIDTH="26" HEIGHT="21" WC="0.96" CONTENT="de"/><SP WIDTH="15" VPOS="961" HPOS="733"/>
							<String ID="string_225" HPOS="748" VPOS="961" WIDTH="63" HEIGHT="25" WC="0.96" CONTENT="brott,"/><SP WIDTH="15" VPOS="961" HPOS="811"/>
							<String ID="string_226" HPOS="826" VPOS="967" WIDTH="45" HEIGHT="14" WC="0.93" CONTENT="som"/><SP WIDTH="15" VPOS="967" HPOS="871"/>
							<String ID="string_227" HPOS="886" VPOS="961" WIDTH="69" HEIGHT="20" WC="0.93" CONTENT="föran-"/>
						</TextLine>
						<TextLine ID="line_27" HPOS="127" VPOS="987" WIDTH="828" HEIGHT="30">
							<String ID="string_228" HPOS="127" VPOS="987" WIDTH="73" HEIGHT="22" WC="0.96" CONTENT="leddes"/><SP WIDTH="22" VPOS="987" HPOS="200"/>
							<String ID="string_229" HPOS="222" VPOS="989" WIDTH="21" HEIGHT="20" WC="0.93" CONTENT="af"/><SP WIDTH="22" VPOS="989" HPOS="243"/>
							<String ID="string_230" HPOS="265" VPOS="989" WIDTH="95" HEIGHT="27" WC="0.92" CONTENT="omättlig"/><SP WIDTH="22" VPOS="989" HPOS="360"/>
							<String ID="string_231" HPOS="382" VPOS="990" WIDTH="210" HEIGHT="27" WC="0.91" CONTENT="bränvinsförtäring,"/><SP WIDTH="16" VPOS="990" HPOS="592"/>
							<String ID="string_232" HPOS="608" VPOS="991" WIDTH="43" HEIGHT="26" WC="0.96" CONTENT="just"/><SP WIDTH="15" VPOS="991" HPOS="651"/>
							<String ID="string_233" HPOS="666" VPOS="989" WIDTH="74" HEIGHT="21" WC="0.93" CONTENT="kunde"/><SP WIDTH="16" VPOS="989" HPOS="740"/>
							<String ID="string_234" HPOS="756" VPOS="989" WIDTH="90" HEIGHT="21" WC="0.93" CONTENT="skrifvas"/><SP WIDTH="16" VPOS="989" HPOS="846"/>
							<String ID="string_235" HPOS="862" VPOS="989" WIDTH="26" HEIGHT="27" WC="0.93" CONTENT="pä"/><SP WIDTH="14" VPOS="989" HPOS="888"/>
							<String ID="string_236" HPOS="902" VPOS="989" WIDTH="53" HEIGHT="21" WC="0.73" CONTENT="half-"/>
						</TextLine>
						<TextLine ID="line_28" HPOS="126" VPOS="1016" WIDTH="830" HEIGHT="30">
							<String ID="string_237" HPOS="126" VPOS="1016" WIDTH="153" HEIGHT="27" WC="0.92" CONTENT="stopsflaskans"/><SP WIDTH="22" VPOS="1016" HPOS="279"/>
							<String ID="string_238" HPOS="301" VPOS="1018" WIDTH="95" HEIGHT="28" WC="0.83" CONTENT="räkning,"/><SP WIDTH="31" VPOS="1018" HPOS="396"/>
							<String ID="string_239" HPOS="427" VPOS="1018" WIDTH="44" HEIGHT="21" WC="0.96" CONTENT="Och"/><SP WIDTH="22" VPOS="1018" HPOS="471"/>
							<String ID="string_240" HPOS="493" VPOS="1018" WIDTH="27" HEIGHT="21" WC="0.93" CONTENT="dä"/><SP WIDTH="20" VPOS="1018" HPOS="520"/>
							<String ID="string_241" HPOS="540" VPOS="1018" WIDTH="119" HEIGHT="21" WC="0.95" CONTENT="åtkomsten"/><SP WIDTH="22" VPOS="1018" HPOS="659"/>
							<String ID="string_242" HPOS="681" VPOS="1018" WIDTH="23" HEIGHT="20" WC="0.93" CONTENT="af"/><SP WIDTH="21" VPOS="1018" HPOS="704"/>
							<String ID="string_243" HPOS="725" VPOS="1018" WIDTH="90" HEIGHT="20" WC="0.96" CONTENT="bränvin"/><SP WIDTH="19" VPOS="1018" HPOS="815"/>
							<String ID="string_244" HPOS="834" VPOS="1019" WIDTH="22" HEIGHT="19" WC="0.97" CONTENT="är"/><SP WIDTH="15" VPOS="1019" HPOS="856"/>
							<String ID="string_245" HPOS="871" VPOS="1018" WIDTH="85" HEIGHT="26" WC="0.95" CONTENT="mycket"/>
						</TextLine>
						<TextLine ID="line_29" HPOS="126" VPOS="1044" WIDTH="829" HEIGHT="30">
							<String ID="string_246" HPOS="126" VPOS="1044" WIDTH="81" HEIGHT="27" WC="0.96" CONTENT="lättare,"/><SP WIDTH="23" VPOS="1044" HPOS="207"/>
							<String ID="string_247" HPOS="230" VPOS="1051" WIDTH="35" HEIGHT="14" WC="0.95" CONTENT="om"/><SP WIDTH="23" VPOS="1051" HPOS="265"/>
							<String ID="string_248" HPOS="288" VPOS="1052" WIDTH="50" HEIGHT="14" WC="0.93" CONTENT="man"/><SP WIDTH="21" VPOS="1052" HPOS="338"/>
							<String ID="string_249" HPOS="359" VPOS="1046" WIDTH="32" HEIGHT="21" WC="0.93" CONTENT="fär"/><SP WIDTH="21" VPOS="1046" HPOS="391"/>
							<String ID="string_250" HPOS="412" VPOS="1053" WIDTH="63" HEIGHT="14" WC="0.96" CONTENT="varan"/><SP WIDTH="22" VPOS="1053" HPOS="475"/>
							<String ID="string_251" HPOS="497" VPOS="1047" WIDTH="7" HEIGHT="20" WC="0.94" CONTENT="i"/><SP WIDTH="18" VPOS="1047" HPOS="504"/>
							<String ID="string_252" HPOS="522" VPOS="1047" WIDTH="83" HEIGHT="20" WC="0.93" CONTENT="mindre"/><SP WIDTH="16" VPOS="1047" HPOS="605"/>
							<String ID="string_253" HPOS="621" VPOS="1047" WIDTH="85" HEIGHT="27" WC="0.92" CONTENT="partier,"/><SP WIDTH="16" VPOS="1047" HPOS="706"/>
							<String ID="string_254" HPOS="722" VPOS="1046" WIDTH="23" HEIGHT="21" WC="0.96" CONTENT="sä"/><SP WIDTH="15" VPOS="1046" HPOS="745"/>
							<String ID="string_255" HPOS="760" VPOS="1048" WIDTH="24" HEIGHT="18" WC="0.96" CONTENT="är"/><SP WIDTH="15" VPOS="1048" HPOS="784"/>
							<String ID="string_256" HPOS="799" VPOS="1046" WIDTH="35" HEIGHT="21" WC="0.93" CONTENT="det"/><SP WIDTH="14" VPOS="1046" HPOS="834"/>
							<String ID="string_257" HPOS="848" VPOS="1046" WIDTH="107" HEIGHT="27" WC="0.90" CONTENT="pätagligt,"/>
						</TextLine>
						<TextLine ID="line_30" HPOS="126" VPOS="1073" WIDTH="830" HEIGHT="29">
							<String ID="string_258" HPOS="126" VPOS="1074" WIDTH="30" HEIGHT="19" WC="0.96" CONTENT="att"/><SP WIDTH="16" VPOS="1074" HPOS="156"/>
							<String ID="string_259" HPOS="172" VPOS="1073" WIDTH="57" HEIGHT="21" WC="0.93" CONTENT="detta"/><SP WIDTH="15" VPOS="1073" HPOS="229"/>
							<String ID="string_260" HPOS="244" VPOS="1073" WIDTH="132" HEIGHT="22" WC="0.92" CONTENT="förhällande"/><SP WIDTH="15" VPOS="1073" HPOS="376"/>
							<String ID="string_261" HPOS="391" VPOS="1075" WIDTH="66" HEIGHT="21" WC="0.92" CONTENT="mäste"/><SP WIDTH="16" VPOS="1075" HPOS="457"/>
							<String ID="string_262" HPOS="473" VPOS="1075" WIDTH="63" HEIGHT="21" WC="0.92" CONTENT="alstra"/><SP WIDTH="15" VPOS="1075" HPOS="536"/>
							<String ID="string_263" HPOS="551" VPOS="1075" WIDTH="77" HEIGHT="27" WC="0.93" CONTENT="fylleri,"/><SP WIDTH="15" VPOS="1075" HPOS="628"/>
							<String ID="string_264" HPOS="643" VPOS="1075" WIDTH="88" HEIGHT="26" WC="0.96" CONTENT="mycket"/><SP WIDTH="14" VPOS="1075" HPOS="731"/>
							<String ID="string_265" HPOS="745" VPOS="1081" WIDTH="59" HEIGHT="14" WC="0.96" CONTENT="mera"/><SP WIDTH="14" VPOS="1081" HPOS="804"/>
							<String ID="string_266" HPOS="818" VPOS="1076" WIDTH="28" HEIGHT="19" WC="0.96" CONTENT="än"/><SP WIDTH="15" VPOS="1076" HPOS="846"/>
							<String ID="string_267" HPOS="861" VPOS="1081" WIDTH="35" HEIGHT="14" WC="0.96" CONTENT="om"/><SP WIDTH="10" VPOS="1081" HPOS="896"/>
							<String ID="string_268" HPOS="906" VPOS="1081" WIDTH="50" HEIGHT="14" WC="0.96" CONTENT="man"/>
						</TextLine>
						<TextLine ID="line_31" HPOS="126" VPOS="1103" WIDTH="829" HEIGHT="27">
							<String ID="string_269" HPOS="126" VPOS="1103" WIDTH="24" HEIGHT="18" WC="0.88" CONTENT="är"/><SP WIDTH="24" VPOS="1103" HPOS="150"/>
							<String ID="string_270" HPOS="174" VPOS="1103" WIDTH="94" HEIGHT="26" WC="0.88" CONTENT="tvungen"/><SP WIDTH="24" VPOS="1103" HPOS="268"/>
							<String ID="string_271" HPOS="292" VPOS="1104" WIDTH="31" HEIGHT="19" WC="0.96" CONTENT="att"/><SP WIDTH="21" VPOS="1104" HPOS="323"/>
							<String ID="string_272" HPOS="344" VPOS="1103" WIDTH="55" HEIGHT="27" WC="0.93" CONTENT="köpa"/><SP WIDTH="22" VPOS="1103" HPOS="399"/>
							<String ID="string_273" HPOS="421" VPOS="1105" WIDTH="12" HEIGHT="19" WC="0.92" CONTENT="t."/><SP WIDTH="22" VPOS="1105" HPOS="433"/>
							<String ID="string_274" HPOS="455" VPOS="1110" WIDTH="32" HEIGHT="14" WC="0.96" CONTENT="ex."/><SP WIDTH="17" VPOS="1110" HPOS="487"/>
							<String ID="string_275" HPOS="504" VPOS="1110" WIDTH="26" HEIGHT="14" WC="0.96" CONTENT="en"/><SP WIDTH="16" VPOS="1110" HPOS="530"/>
							<String ID="string_276" HPOS="546" VPOS="1104" WIDTH="34" HEIGHT="20" WC="0.96" CONTENT="hel"/><SP WIDTH="16" VPOS="1104" HPOS="580"/>
							<String ID="string_277" HPOS="596" VPOS="1104" WIDTH="76" HEIGHT="20" WC="0.96" CONTENT="kanna."/><SP WIDTH="33" VPOS="1104" HPOS="672"/>
							<String ID="string_278" HPOS="705" VPOS="1103" WIDTH="33" HEIGHT="20" WC="0.93" CONTENT="En"/><SP WIDTH="15" VPOS="1103" HPOS="738"/>
							<String ID="string_279" HPOS="753" VPOS="1103" WIDTH="106" HEIGHT="27" WC="0.91" CONTENT="ordentlig"/><SP WIDTH="14" VPOS="1103" HPOS="859"/>
							<String ID="string_280" HPOS="873" VPOS="1109" WIDTH="82" HEIGHT="21" WC="0.96" CONTENT="person,"/>
						</TextLine>
						<TextLine ID="line_32" HPOS="126" VPOS="1131" WIDTH="830" HEIGHT="28">
							<String ID="string_281" HPOS="126" VPOS="1135" WIDTH="46" HEIGHT="15" WC="0.93" CONTENT="som"/><SP WIDTH="21" VPOS="1135" HPOS="172"/>
							<String ID="string_282" HPOS="193" VPOS="1131" WIDTH="110" HEIGHT="26" WC="0.91" CONTENT="värkligen"/><SP WIDTH="24" VPOS="1131" HPOS="303"/>
							<String ID="string_283" HPOS="327" VPOS="1131" WIDTH="102" HEIGHT="21" WC="0.87" CONTENT="behöfver"/><SP WIDTH="22" VPOS="1131" HPOS="429"/>
							<String ID="string_284" HPOS="451" VPOS="1132" WIDTH="89" HEIGHT="20" WC="0.96" CONTENT="bränvin"/><SP WIDTH="21" VPOS="1132" HPOS="540"/>
							<String ID="string_285" HPOS="561" VPOS="1132" WIDTH="8" HEIGHT="20" WC="0.95" CONTENT="i"/><SP WIDTH="20" VPOS="1132" HPOS="569"/>
							<String ID="string_286" HPOS="589" VPOS="1133" WIDTH="36" HEIGHT="20" WC="0.96" CONTENT="sitt"/><SP WIDTH="19" VPOS="1133" HPOS="625"/>
							<String ID="string_287" HPOS="644" VPOS="1132" WIDTH="47" HEIGHT="26" WC="0.93" CONTENT="hus,"/><SP WIDTH="17" VPOS="1132" HPOS="691"/>
							<String ID="string_288" HPOS="708" VPOS="1131" WIDTH="66" HEIGHT="28" WC="0.96" CONTENT="köper"/><SP WIDTH="14" VPOS="1131" HPOS="774"/>
							<String ID="string_289" HPOS="788" VPOS="1137" WIDTH="27" HEIGHT="15" WC="0.96" CONTENT="en"/><SP WIDTH="16" VPOS="1137" HPOS="815"/>
							<String ID="string_290" HPOS="831" VPOS="1131" WIDTH="70" HEIGHT="21" WC="0.96" CONTENT="kanna"/><SP WIDTH="15" VPOS="1131" HPOS="901"/>
							<String ID="string_291" HPOS="916" VPOS="1132" WIDTH="40" HEIGHT="20" WC="0.96" CONTENT="och"/>
						</TextLine>
						<TextLine ID="line_33" HPOS="125" VPOS="1157" WIDTH="830" HEIGHT="30">
							<String ID="string_292" HPOS="125" VPOS="1157" WIDTH="42" HEIGHT="21" WC="0.96" CONTENT="kan"/><SP WIDTH="23" VPOS="1157" HPOS="167"/>
							<String ID="string_293" HPOS="190" VPOS="1165" WIDTH="43" HEIGHT="20" WC="0.93" CONTENT="nog"/><SP WIDTH="22" VPOS="1165" HPOS="233"/>
							<String ID="string_294" HPOS="255" VPOS="1159" WIDTH="84" HEIGHT="21" WC="0.90" CONTENT="förvara"/><SP WIDTH="24" VPOS="1159" HPOS="339"/>
							<String ID="string_295" HPOS="363" VPOS="1160" WIDTH="47" HEIGHT="26" WC="0.96" CONTENT="den,"/><SP WIDTH="17" VPOS="1160" HPOS="410"/>
							<String ID="string_296" HPOS="427" VPOS="1162" WIDTH="50" HEIGHT="19" WC="0.96" CONTENT="utan"/><SP WIDTH="16" VPOS="1162" HPOS="477"/>
							<String ID="string_297" HPOS="493" VPOS="1162" WIDTH="29" HEIGHT="19" WC="0.96" CONTENT="att"/><SP WIDTH="16" VPOS="1162" HPOS="522"/>
							<String ID="string_298" HPOS="538" VPOS="1160" WIDTH="70" HEIGHT="21" WC="0.93" CONTENT="därför"/><SP WIDTH="15" VPOS="1160" HPOS="608"/>
							<String ID="string_299" HPOS="623" VPOS="1160" WIDTH="94" HEIGHT="21" WC="0.93" CONTENT="behöfva"/><SP WIDTH="14" VPOS="1160" HPOS="717"/>
							<String ID="string_300" HPOS="731" VPOS="1159" WIDTH="67" HEIGHT="21" WC="0.92" CONTENT="blifva"/><SP WIDTH="14" VPOS="1159" HPOS="798"/>
							<String ID="string_301" HPOS="812" VPOS="1159" WIDTH="71" HEIGHT="28" WC="0.93" CONTENT="nägon"/><SP WIDTH="15" VPOS="1159" HPOS="883"/>
							<String ID="string_302" HPOS="898" VPOS="1160" WIDTH="57" HEIGHT="20" WC="0.93" CONTENT="drin-"/>
						</TextLine>
						<TextLine ID="line_34" HPOS="125" VPOS="1186" WIDTH="830" HEIGHT="30">
							<String ID="string_303" HPOS="125" VPOS="1186" WIDTH="56" HEIGHT="21" WC="0.94" CONTENT="kare."/><SP WIDTH="31" VPOS="1186" HPOS="181"/>
							<String ID="string_304" HPOS="212" VPOS="1186" WIDTH="50" HEIGHT="21" WC="0.93" CONTENT="Men"/><SP WIDTH="24" VPOS="1186" HPOS="262"/>
							<String ID="string_305" HPOS="286" VPOS="1187" WIDTH="63" HEIGHT="22" WC="0.96" CONTENT="äfven"/><SP WIDTH="19" VPOS="1187" HPOS="349"/>
							<String ID="string_306" HPOS="368" VPOS="1188" WIDTH="47" HEIGHT="27" WC="0.96" CONTENT="den,"/><SP WIDTH="16" VPOS="1188" HPOS="415"/>
							<String ID="string_307" HPOS="431" VPOS="1195" WIDTH="45" HEIGHT="14" WC="0.96" CONTENT="som"/><SP WIDTH="15" VPOS="1195" HPOS="476"/>
							<String ID="string_308" HPOS="491" VPOS="1189" WIDTH="121" HEIGHT="27" WC="0.93" CONTENT="egentligen"/><SP WIDTH="15" VPOS="1189" HPOS="612"/>
							<String ID="string_309" HPOS="627" VPOS="1189" WIDTH="47" HEIGHT="20" WC="0.96" CONTENT="icke"/><SP WIDTH="17" VPOS="1189" HPOS="674"/>
							<String ID="string_310" HPOS="691" VPOS="1189" WIDTH="39" HEIGHT="20" WC="0.93" CONTENT="har"/><SP WIDTH="15" VPOS="1189" HPOS="730"/>
							<String ID="string_311" HPOS="745" VPOS="1188" WIDTH="64" HEIGHT="21" WC="0.92" CONTENT="behof"/><SP WIDTH="15" VPOS="1188" HPOS="809"/>
							<String ID="string_312" HPOS="824" VPOS="1189" WIDTH="21" HEIGHT="19" WC="0.93" CONTENT="af"/><SP WIDTH="15" VPOS="1189" HPOS="845"/>
							<String ID="string_313" HPOS="860" VPOS="1188" WIDTH="95" HEIGHT="27" WC="0.96" CONTENT="bränvin,"/>
						</TextLine>
						<TextLine ID="line_35" HPOS="125" VPOS="1215" WIDTH="831" HEIGHT="29">
							<String ID="string_314" HPOS="125" VPOS="1215" WIDTH="75" HEIGHT="20" WC="0.92" CONTENT="frästas"/><SP WIDTH="23" VPOS="1215" HPOS="200"/>
							<String ID="string_315" HPOS="223" VPOS="1218" WIDTH="30" HEIGHT="18" WC="0.96" CONTENT="att"/><SP WIDTH="24" VPOS="1218" HPOS="253"/>
							<String ID="string_316" HPOS="277" VPOS="1216" WIDTH="43" HEIGHT="21" WC="0.96" CONTENT="ofta"/><SP WIDTH="15" VPOS="1216" HPOS="320"/>
							<String ID="string_317" HPOS="335" VPOS="1217" WIDTH="55" HEIGHT="27" WC="0.96" CONTENT="köpa"/><SP WIDTH="15" VPOS="1217" HPOS="390"/>
							<String ID="string_318" HPOS="405" VPOS="1217" WIDTH="36" HEIGHT="20" WC="0.93" CONTENT="det"/><SP WIDTH="14" VPOS="1217" HPOS="441"/>
							<String ID="string_319" HPOS="455" VPOS="1217" WIDTH="70" HEIGHT="20" WC="0.92" CONTENT="halfva"/><SP WIDTH="16" VPOS="1217" HPOS="525"/>
							<String ID="string_320" HPOS="541" VPOS="1219" WIDTH="68" HEIGHT="25" WC="0.92" CONTENT="stopet"/><SP WIDTH="16" VPOS="1219" HPOS="609"/>
							<String ID="string_321" HPOS="625" VPOS="1217" WIDTH="38" HEIGHT="21" WC="0.96" CONTENT="och"/><SP WIDTH="17" VPOS="1217" HPOS="663"/>
							<String ID="string_322" HPOS="680" VPOS="1217" WIDTH="43" HEIGHT="20" WC="0.96" CONTENT="blir"/><SP WIDTH="14" VPOS="1217" HPOS="723"/>
							<String ID="string_323" HPOS="737" VPOS="1217" WIDTH="123" HEIGHT="26" WC="0.96" CONTENT="därigenom"/><SP WIDTH="16" VPOS="1217" HPOS="860"/>
							<String ID="string_324" HPOS="876" VPOS="1217" WIDTH="38" HEIGHT="20" WC="0.96" CONTENT="lätt"/><SP WIDTH="15" VPOS="1217" HPOS="914"/>
							<String ID="string_325" HPOS="929" VPOS="1223" WIDTH="27" HEIGHT="14" WC="0.96" CONTENT="en"/>
						</TextLine>
						<TextLine ID="line_36" HPOS="125" VPOS="1243" WIDTH="830" HEIGHT="30">
							<String ID="string_326" HPOS="125" VPOS="1243" WIDTH="104" HEIGHT="22" WC="0.92" CONTENT="drinkare."/><SP WIDTH="33" VPOS="1243" HPOS="229"/>
							<String ID="string_327" HPOS="262" VPOS="1244" WIDTH="40" HEIGHT="21" WC="0.96" CONTENT="Om"/><SP WIDTH="16" VPOS="1244" HPOS="302"/>
							<String ID="string_328" HPOS="318" VPOS="1251" WIDTH="49" HEIGHT="14" WC="0.93" CONTENT="man"/><SP WIDTH="16" VPOS="1251" HPOS="367"/>
							<String ID="string_329" HPOS="383" VPOS="1247" WIDTH="107" HEIGHT="26" WC="0.91" CONTENT="uppväger"/><SP WIDTH="11" VPOS="1247" HPOS="490"/>
							<String ID="string_330" HPOS="501" VPOS="1245" WIDTH="120" HEIGHT="21" WC="0.93" CONTENT="fördelarna"/><SP WIDTH="10" VPOS="1245" HPOS="621"/>
							<String ID="string_331" HPOS="631" VPOS="1246" WIDTH="39" HEIGHT="20" WC="0.93" CONTENT="och"/><SP WIDTH="13" VPOS="1246" HPOS="670"/>
							<String ID="string_332" HPOS="683" VPOS="1245" WIDTH="165" HEIGHT="27" WC="0.92" CONTENT="olägenheterna"/><SP WIDTH="10" VPOS="1245" HPOS="848"/>
							<String ID="string_333" HPOS="858" VPOS="1245" WIDTH="27" HEIGHT="27" WC="0.93" CONTENT="pä"/><SP WIDTH="10" VPOS="1245" HPOS="885"/>
							<String ID="string_334" HPOS="895" VPOS="1245" WIDTH="60" HEIGHT="20" WC="0.93" CONTENT="hvar-"/>
						</TextLine>
						<TextLine ID="line_37" HPOS="125" VPOS="1271" WIDTH="830" HEIGHT="30">
							<String ID="string_335" HPOS="125" VPOS="1271" WIDTH="50" HEIGHT="21" WC="0.93" CONTENT="dera"/><SP WIDTH="15" VPOS="1271" HPOS="175"/>
							<String ID="string_336" HPOS="190" VPOS="1272" WIDTH="69" HEIGHT="28" WC="0.96" CONTENT="sidan,"/><SP WIDTH="16" VPOS="1272" HPOS="259"/>
							<String ID="string_337" HPOS="275" VPOS="1273" WIDTH="23" HEIGHT="20" WC="0.93" CONTENT="sä"/><SP WIDTH="15" VPOS="1273" HPOS="298"/>
							<String ID="string_338" HPOS="313" VPOS="1275" WIDTH="44" HEIGHT="18" WC="0.92" CONTENT="tror"/><SP WIDTH="14" VPOS="1275" HPOS="357"/>
							<String ID="string_339" HPOS="371" VPOS="1274" WIDTH="36" HEIGHT="27" WC="0.96" CONTENT="jag"/><SP WIDTH="15" VPOS="1274" HPOS="407"/>
							<String ID="string_340" HPOS="422" VPOS="1275" WIDTH="30" HEIGHT="19" WC="0.96" CONTENT="att"/><SP WIDTH="15" VPOS="1275" HPOS="452"/>
							<String ID="string_341" HPOS="467" VPOS="1274" WIDTH="26" HEIGHT="21" WC="0.93" CONTENT="de"/><SP WIDTH="15" VPOS="1274" HPOS="493"/>
							<String ID="string_342" HPOS="508" VPOS="1276" WIDTH="86" HEIGHT="25" WC="0.93" CONTENT="tyngsta"/><SP WIDTH="15" VPOS="1276" HPOS="594"/>
							<String ID="string_343" HPOS="609" VPOS="1274" WIDTH="75" HEIGHT="21" WC="0.93" CONTENT="skälen"/><SP WIDTH="16" VPOS="1274" HPOS="684"/>
							<String ID="string_344" HPOS="700" VPOS="1273" WIDTH="43" HEIGHT="21" WC="0.93" CONTENT="tala"/><SP WIDTH="15" VPOS="1273" HPOS="743"/>
							<String ID="string_345" HPOS="758" VPOS="1273" WIDTH="34" HEIGHT="20" WC="0.96" CONTENT="för"/><SP WIDTH="11" VPOS="1273" HPOS="792"/>
							<String ID="string_346" HPOS="803" VPOS="1274" WIDTH="30" HEIGHT="20" WC="0.96" CONTENT="att"/><SP WIDTH="10" VPOS="1274" HPOS="833"/>
							<String ID="string_347" HPOS="843" VPOS="1273" WIDTH="112" HEIGHT="20" WC="0.96" CONTENT="minimum"/>
						</TextLine>
						<TextLine ID="line_38" HPOS="124" VPOS="1300" WIDTH="832" HEIGHT="29">
							<String ID="string_348" HPOS="124" VPOS="1300" WIDTH="72" HEIGHT="21" WC="0.92" CONTENT="ställes"/><SP WIDTH="23" VPOS="1300" HPOS="196"/>
							<String ID="string_349" HPOS="219" VPOS="1301" WIDTH="66" HEIGHT="27" WC="0.96" CONTENT="högre"/><SP WIDTH="24" VPOS="1301" HPOS="285"/>
							<String ID="string_350" HPOS="309" VPOS="1303" WIDTH="27" HEIGHT="19" WC="0.96" CONTENT="än"/><SP WIDTH="16" VPOS="1303" HPOS="336"/>
							<String ID="string_351" HPOS="352" VPOS="1308" WIDTH="26" HEIGHT="15" WC="0.93" CONTENT="en"/><SP WIDTH="16" VPOS="1308" HPOS="378"/>
							<String ID="string_352" HPOS="394" VPOS="1302" WIDTH="53" HEIGHT="27" WC="0.91" CONTENT="liter,"/><SP WIDTH="16" VPOS="1302" HPOS="447"/>
							<String ID="string_353" HPOS="463" VPOS="1303" WIDTH="38" HEIGHT="20" WC="0.93" CONTENT="och"/><SP WIDTH="16" VPOS="1303" HPOS="501"/>
							<String ID="string_354" HPOS="517" VPOS="1302" WIDTH="90" HEIGHT="21" WC="0.93" CONTENT="sälunda"/><SP WIDTH="16" VPOS="1302" HPOS="607"/>
							<String ID="string_355" HPOS="623" VPOS="1303" WIDTH="60" HEIGHT="20" WC="0.96" CONTENT="torde"/><SP WIDTH="17" VPOS="1303" HPOS="683"/>
							<String ID="string_356" HPOS="700" VPOS="1301" WIDTH="27" HEIGHT="21" WC="0.93" CONTENT="dä"/><SP WIDTH="15" VPOS="1301" HPOS="727"/>
							<String ID="string_357" HPOS="742" VPOS="1301" WIDTH="36" HEIGHT="21" WC="0.93" CONTENT="tvä"/><SP WIDTH="14" VPOS="1301" HPOS="778"/>
							<String ID="string_358" HPOS="792" VPOS="1301" WIDTH="48" HEIGHT="21" WC="0.93" CONTENT="liter"/><SP WIDTH="16" VPOS="1301" HPOS="840"/>
							<String ID="string_359" HPOS="856" VPOS="1308" WIDTH="49" HEIGHT="13" WC="0.97" CONTENT="vara"/><SP WIDTH="16" VPOS="1308" HPOS="905"/>
							<String ID="string_360" HPOS="921" VPOS="1301" WIDTH="35" HEIGHT="21" WC="0.96" CONTENT="det"/>
						</TextLine>
						<TextLine ID="line_39" HPOS="124" VPOS="1327" WIDTH="258" HEIGHT="29">
							<String ID="string_361" HPOS="124" VPOS="1327" WIDTH="133" HEIGHT="29" WC="0.92" CONTENT="lämpligaste"/><SP WIDTH="16" VPOS="1327" HPOS="257"/>
							<String ID="string_362" HPOS="273" VPOS="1330" WIDTH="109" HEIGHT="21" WC="0.93" CONTENT="kvantum."/>
						</TextLine>
					</TextBlock>
				</ComposedBlock>
				<ComposedBlock ID="cblock_6" HPOS="122" VPOS="1385" WIDTH="834" HEIGHT="143">
					<TextBlock ID="block_4" HPOS="122" VPOS="1385" WIDTH="834" HEIGHT="143">
						<TextLine ID="line_40" HPOS="192" VPOS="1385" WIDTH="764" HEIGHT="30">
							<String ID="string_363" HPOS="192" VPOS="1385" WIDTH="33" HEIGHT="21" WC="0.92" CONTENT="Hr"/><SP WIDTH="15" VPOS="1385" HPOS="225"/>
							<String ID="string_364" HPOS="240" VPOS="1386" WIDTH="127" HEIGHT="21" WC="0.89" CONTENT="Jusölius:"/><SP WIDTH="30" VPOS="1386" HPOS="367"/>
							<String ID="string_365" HPOS="397" VPOS="1387" WIDTH="62" HEIGHT="21" WC="0.89" CONTENT="Hvad"/><SP WIDTH="16" VPOS="1387" HPOS="459"/>
							<String ID="string_366" HPOS="475" VPOS="1388" WIDTH="52" HEIGHT="20" WC="0.93" CONTENT="först"/><SP WIDTH="21" VPOS="1388" HPOS="527"/>
							<String ID="string_367" HPOS="548" VPOS="1388" WIDTH="137" HEIGHT="27" WC="0.93" CONTENT="paragrafens"/><SP WIDTH="20" VPOS="1388" HPOS="685"/>
							<String ID="string_368" HPOS="705" VPOS="1388" WIDTH="11" HEIGHT="19" WC="0.96" CONTENT="1"/><SP WIDTH="17" VPOS="1388" HPOS="716"/>
							<String ID="string_369" HPOS="733" VPOS="1393" WIDTH="63" HEIGHT="14" WC="0.93" CONTENT="mom."/><SP WIDTH="22" VPOS="1393" HPOS="796"/>
							<String ID="string_370" HPOS="818" VPOS="1386" WIDTH="138" HEIGHT="26" WC="0.92" CONTENT="vidkommer,"/>
						</TextLine>
						<TextLine ID="line_41" HPOS="124" VPOS="1414" WIDTH="832" HEIGHT="29">
							<String ID="string_371" HPOS="124" VPOS="1414" WIDTH="22" HEIGHT="19" WC="0.96" CONTENT="är"/><SP WIDTH="14" VPOS="1414" HPOS="146"/>
							<String ID="string_372" HPOS="160" VPOS="1414" WIDTH="36" HEIGHT="26" WC="0.94" CONTENT="jag"/><SP WIDTH="15" VPOS="1414" HPOS="196"/>
							<String ID="string_373" HPOS="211" VPOS="1414" WIDTH="7" HEIGHT="20" WC="0.93" CONTENT="i"/><SP WIDTH="16" VPOS="1414" HPOS="218"/>
							<String ID="string_374" HPOS="234" VPOS="1415" WIDTH="54" HEIGHT="20" WC="0.93" CONTENT="teori"/><SP WIDTH="15" VPOS="1415" HPOS="288"/>
							<String ID="string_375" HPOS="303" VPOS="1415" WIDTH="130" HEIGHT="28" WC="0.90" CONTENT="fullkomligt"/><SP WIDTH="20" VPOS="1415" HPOS="433"/>
							<String ID="string_376" HPOS="453" VPOS="1422" WIDTH="50" HEIGHT="14" WC="0.92" CONTENT="ense"/><SP WIDTH="15" VPOS="1422" HPOS="503"/>
							<String ID="string_377" HPOS="518" VPOS="1416" WIDTH="50" HEIGHT="21" WC="0.93" CONTENT="med"/><SP WIDTH="15" VPOS="1416" HPOS="568"/>
							<String ID="string_378" HPOS="583" VPOS="1417" WIDTH="139" HEIGHT="20" WC="0.92" CONTENT="reservanten"/><SP WIDTH="15" VPOS="1417" HPOS="722"/>
							<String ID="string_379" HPOS="737" VPOS="1416" WIDTH="25" HEIGHT="20" WC="0.96" CONTENT="hr"/><SP WIDTH="16" VPOS="1416" HPOS="762"/>
							<String ID="string_380" HPOS="778" VPOS="1414" WIDTH="116" HEIGHT="22" WC="0.93" CONTENT="Rönnbäck"/><SP WIDTH="16" VPOS="1414" HPOS="894"/>
							<String ID="string_381" HPOS="910" VPOS="1414" WIDTH="46" HEIGHT="21" WC="0.92" CONTENT="där-"/>
						</TextLine>
						<TextLine ID="line_42" HPOS="123" VPOS="1442" WIDTH="833" HEIGHT="29">
							<String ID="string_382" HPOS="123" VPOS="1448" WIDTH="35" HEIGHT="14" WC="0.95" CONTENT="om"/><SP WIDTH="23" VPOS="1448" HPOS="158"/>
							<String ID="string_383" HPOS="181" VPOS="1444" WIDTH="31" HEIGHT="18" WC="0.96" CONTENT="att"/><SP WIDTH="21" VPOS="1444" HPOS="212"/>
							<String ID="string_384" HPOS="233" VPOS="1442" WIDTH="36" HEIGHT="22" WC="0.93" CONTENT="det"/><SP WIDTH="22" VPOS="1442" HPOS="269"/>
							<String ID="string_385" HPOS="291" VPOS="1443" WIDTH="47" HEIGHT="21" WC="0.96" CONTENT="icke"/><SP WIDTH="19" VPOS="1443" HPOS="338"/>
							<String ID="string_386" HPOS="357" VPOS="1450" WIDTH="50" HEIGHT="14" WC="0.96" CONTENT="vore"/><SP WIDTH="16" VPOS="1450" HPOS="407"/>
							<String ID="string_387" HPOS="423" VPOS="1444" WIDTH="44" HEIGHT="20" WC="0.96" CONTENT="skäl"/><SP WIDTH="16" VPOS="1444" HPOS="467"/>
							<String ID="string_388" HPOS="483" VPOS="1446" WIDTH="29" HEIGHT="19" WC="0.93" CONTENT="att"/><SP WIDTH="15" VPOS="1446" HPOS="512"/>
							<String ID="string_389" HPOS="527" VPOS="1444" WIDTH="56" HEIGHT="21" WC="0.93" CONTENT="hålla"/><SP WIDTH="14" VPOS="1444" HPOS="583"/>
							<String ID="string_390" HPOS="597" VPOS="1444" WIDTH="186" HEIGHT="27" WC="0.92" CONTENT="minimibeloppet"/><SP WIDTH="15" VPOS="1444" HPOS="783"/>
							<String ID="string_391" HPOS="798" VPOS="1443" WIDTH="33" HEIGHT="21" WC="0.93" CONTENT="för"/><SP WIDTH="14" VPOS="1443" HPOS="831"/>
							<String ID="string_392" HPOS="845" VPOS="1442" WIDTH="111" HEIGHT="22" WC="0.90" CONTENT="minutför-"/>
						</TextLine>
						<TextLine ID="line_43" HPOS="123" VPOS="1470" WIDTH="831" HEIGHT="29">
							<String ID="string_393" HPOS="123" VPOS="1470" WIDTH="93" HEIGHT="28" WC="0.91" CONTENT="säljning"/><SP WIDTH="19" VPOS="1470" HPOS="216"/>
							<String ID="string_394" HPOS="235" VPOS="1471" WIDTH="24" HEIGHT="21" WC="0.93" CONTENT="sä"/><SP WIDTH="21" VPOS="1471" HPOS="259"/>
							<String ID="string_395" HPOS="280" VPOS="1472" WIDTH="56" HEIGHT="27" WC="0.92" CONTENT="högt,"/><SP WIDTH="15" VPOS="1472" HPOS="336"/>
							<String ID="string_396" HPOS="351" VPOS="1478" WIDTH="46" HEIGHT="14" WC="0.96" CONTENT="som"/><SP WIDTH="20" VPOS="1478" HPOS="397"/>
							<String ID="string_397" HPOS="417" VPOS="1472" WIDTH="35" HEIGHT="21" WC="0.93" CONTENT="det"/><SP WIDTH="15" VPOS="1472" HPOS="452"/>
							<String ID="string_398" HPOS="467" VPOS="1472" WIDTH="72" HEIGHT="21" WC="0.92" CONTENT="hittills"/><SP WIDTH="16" VPOS="1472" HPOS="539"/>
							<String ID="string_399" HPOS="555" VPOS="1473" WIDTH="54" HEIGHT="20" WC="0.96" CONTENT="varit"/><SP WIDTH="15" VPOS="1473" HPOS="609"/>
							<String ID="string_400" HPOS="624" VPOS="1473" WIDTH="39" HEIGHT="20" WC="0.94" CONTENT="och"/><SP WIDTH="16" VPOS="1473" HPOS="663"/>
							<String ID="string_401" HPOS="679" VPOS="1479" WIDTH="48" HEIGHT="14" WC="0.96" CONTENT="som"/><SP WIDTH="15" VPOS="1479" HPOS="727"/>
							<String ID="string_402" HPOS="742" VPOS="1472" WIDTH="39" HEIGHT="20" WC="0.96" CONTENT="här"/><SP WIDTH="14" VPOS="1472" HPOS="781"/>
							<String ID="string_403" HPOS="795" VPOS="1473" WIDTH="23" HEIGHT="19" WC="0.93" CONTENT="är"/><SP WIDTH="15" VPOS="1473" HPOS="818"/>
							<String ID="string_404" HPOS="833" VPOS="1471" WIDTH="121" HEIGHT="27" WC="0.92" CONTENT="föreslaget;"/>
						</TextLine>
						<TextLine ID="line_44" HPOS="122" VPOS="1498" WIDTH="834" HEIGHT="30">
							<String ID="string_405" HPOS="122" VPOS="1504" WIDTH="50" HEIGHT="14" WC="0.96" CONTENT="men"/><SP WIDTH="16" VPOS="1504" HPOS="172"/>
							<String ID="string_406" HPOS="188" VPOS="1498" WIDTH="36" HEIGHT="22" WC="0.93" CONTENT="det"/><SP WIDTH="15" VPOS="1498" HPOS="224"/>
							<String ID="string_407" HPOS="239" VPOS="1500" WIDTH="88" HEIGHT="20" WC="0.92" CONTENT="oaktadt"/><SP WIDTH="14" VPOS="1500" HPOS="327"/>
							<String ID="string_408" HPOS="341" VPOS="1502" WIDTH="24" HEIGHT="19" WC="0.96" CONTENT="är"/><SP WIDTH="14" VPOS="1502" HPOS="365"/>
							<String ID="string_409" HPOS="379" VPOS="1501" WIDTH="35" HEIGHT="27" WC="0.96" CONTENT="jag"/><SP WIDTH="15" VPOS="1501" HPOS="414"/>
							<String ID="string_410" HPOS="429" VPOS="1501" WIDTH="96" HEIGHT="21" WC="0.96" CONTENT="besluten"/><SP WIDTH="16" VPOS="1501" HPOS="525"/>
							<String ID="string_411" HPOS="541" VPOS="1503" WIDTH="30" HEIGHT="19" WC="0.93" CONTENT="att"/><SP WIDTH="12" VPOS="1503" HPOS="571"/>
							<String ID="string_412" HPOS="583" VPOS="1503" WIDTH="55" HEIGHT="19" WC="0.93" CONTENT="rösta"/><SP WIDTH="10" VPOS="1503" HPOS="638"/>
							<String ID="string_413" HPOS="648" VPOS="1501" WIDTH="35" HEIGHT="21" WC="0.93" CONTENT="för"/><SP WIDTH="11" VPOS="1501" HPOS="683"/>
							<String ID="string_414" HPOS="694" VPOS="1500" WIDTH="113" HEIGHT="22" WC="0.89" CONTENT="utskottets"/><SP WIDTH="10" VPOS="1500" HPOS="807"/>
							<String ID="string_415" HPOS="817" VPOS="1500" WIDTH="139" HEIGHT="27" WC="0.93" CONTENT="betänkande,"/>
						</TextLine>
					</TextBlock>
				</ComposedBlock>
			</PrintSpace>
		</Page>
	</Layout>
</alto>
