1017 1731
171 100 42 21 678
381 105 179 21 Borgareståndet
573 106 55 17 1891.
652 106 23 17 14
687 105 60 21 april.

145 186 79 28 dighet,
239 186 40 21 hos
294 185 87 22 hvilken
396 185 63 28 bolag
473 186 154 27 inregistreras,
641 186 68 21 kallas
724 185 7 20 i
747 185 12 27 $
777 186 28 21 34
821 186 75 21 endast
906 192 72 21 ,myn-

145 215 121 28 digheten'';
282 215 7 20 i
305 215 27 26 $$
347 215 34 26 45,
397 215 33 26 47,
445 215 35 26 48,
494 215 35 26 49,
544 215 40 20 och
594 215 102 27 möjligen
706 214 64 21 äfven
783 214 27 27 pä
820 215 67 20 andra
897 215 82 26 ställen,

144 243 119 22 benämnes
286 243 124 21 densamma
432 243 303 27 ,registreringsmyndighet".
767 243 38 21 Uti
827 243 152 28 förordningen

144 272 22 21 af
182 272 41 21 den
240 272 26 20 11
283 271 116 22 november
412 272 55 21 1889
483 271 110 28 angående
609 271 167 28 skeppsregister
785 271 68 21 kallas
864 271 42 22 den
916 278 63 21 myn-

145 301 79 26 dighet,
246 300 40 21 hos
309 300 86 21 hvilken
417 300 70 27 fartyg
501 300 154 27 inregistreras,
671 300 245 27 ,registermyndighet'.
946 300 33 21 Dä

144 329 92 20 sålunda
251 329 61 21 ordet
327 329 237 27 ,,registermyndighet"
576 331 62 25 utgör
647 329 24 20 sä
681 330 30 19 att
723 330 52 26 säga
785 335 26 14 en
825 329 84 20 teknisk
919 331 60 24 term,

144 357 89 21 hvilken
248 357 67 22 redan
330 357 57 21 förut
401 357 78 21 vunnit
493 357 93 27 burskap
601 357 8 20 i
623 357 169 27 lagstiftningen,
808 357 50 21 ville
873 358 36 27 jag
921 357 58 22 hem-

145 386 62 21 ställa
226 393 35 14 om
279 386 121 21 återremiss
417 386 8 20 i
440 386 36 21 det
491 385 56 28 syfte
562 387 30 20 att
607 386 46 21 icke
669 385 77 22 endast
760 386 8 20 i
784 386 71 21 denna
876 386 102 28 paragraf,

145 417 53 18 utan
214 415 65 20 också
293 415 27 27 på
335 415 68 27 öfriga
417 415 82 26 ställen,
515 414 38 21 där
567 414 162 28 ifrågavarande
745 414 127 28 myndighet
884 415 94 26 omtalas,

145 443 109 27 uttrycket
269 443 238 28 ,registermyndighet"
524 443 69 21 skulle
609 443 114 21 användas.

215 518 33 20 Hr
271 524 52 14 von
347 518 105 21 Pfaler:
483 517 64 21 Detta
569 518 86 26 uttryck
675 518 40 20 har
736 517 81 21 influtit
839 518 37 20 här
895 517 27 28 på
938 517 40 21 den

146 546 70 28 grund
232 548 31 19 att
277 546 7 20 i
300 546 86 28 Sverige
402 552 81 15 samma
498 546 38 21 ord
551 546 113 28 begagnas.
695 545 43 22 Det
753 548 23 18 är
792 546 124 28 visserligen
931 548 47 19 sant

145 576 30 20 att
190 575 7 20 i
213 574 41 22 den
271 575 22 21 af
307 575 25 20 hr
346 575 95 21 Jusélius
457 574 118 28 åberopade
590 575 62 27 lagen
668 574 109 28 uttrycket
792 574 186 28 registermyndig-

144 603 37 21 het
196 603 149 27 förekommer,
360 610 50 14 men
426 603 27 21 då
468 604 35 20 det
518 604 38 20 här
570 603 176 21 förekommande
762 604 108 26 uttrycket
881 605 23 19 är
913 604 65 20 minst

144 631 44 21 lika
203 632 102 27 lämpligt,
321 632 60 21 torde
397 632 35 21 det
447 632 34 21 väl
495 632 74 21 kunna
584 632 123 21 bibehållas.

214 694 12 21 I
241 694 117 28 anledning
373 695 22 21 af
409 695 25 21 hr
441 695 102 21 Jusölius'
552 695 79 27 förslag
637 702 36 14 om
681 694 125 28 förändring
815 694 21 21 af
846 694 26 21 de
883 694 7 21 i
900 694 78 28 lagför-

144 723 102 27 förslaget
261 723 98 21 använda
375 724 65 20 orden
455 724 149 27 ,myndighet'
621 724 39 20 och
671 723 306 27 ,registreringsmyndighet',

144 752 125 20 framstälde
284 752 25 20 hr
324 752 123 21 talmannen
461 752 52 21 härå
527 752 159 21 nedanstående
695 752 281 27 omröstningsproposition:

215 808 39 27 De,
278 808 75 21 hvilka
376 809 141 21 härutinnan
530 809 117 27 godkänna
662 808 115 21 utskottets
791 808 84 28 förslag
891 808 35 21 till
942 808 33 28 ly-

144 837 57 21 delse
223 837 37 27 för
282 838 15 26 $
321 838 28 20 34
369 837 39 21 och
425 837 74 28 öfriga
513 837 135 28 paragrafer
669 837 10 21 i
694 836 146 28 förevarande
857 837 119 27 lagförslag

144 865 154 27 oförändrade,
314 868 60 19 rösta
383 866 40 28 ja;
439 866 32 27 de,
486 866 36 21 det
535 866 46 21 icke
594 868 55 26 göra
663 868 62 18 rösta
740 865 48 28 nej;

214 894 81 21 vinner
309 894 43 28 nej,
369 895 41 21 har
425 894 176 28 borgareståndet
616 894 90 22 beslutit
721 895 33 19 att
768 894 160 21 återremittera
944 894 33 20 be-

146 922 121 22 tänkandet
288 923 37 28 för
343 925 33 19 att
388 924 102 21 utskottet
504 923 63 22 såväl
582 923 35 21 uti
639 924 7 27 $
663 924 29 21 34
707 929 48 14 som
770 922 10 21 i
794 922 98 29 följande
904 930 71 20 para-

143 951 82 28 grafer,
246 952 41 21 där
302 952 81 21 sådant
397 954 27 19 är
439 952 106 27 behöfligt,
561 952 68 21 måtte
643 952 80 27 utbyta
739 951 67 22 orden
821 947 18 36 ,,
835 951 142 28 myndighet"

144 980 40 21 och
199 980 311 29 ,,registreringsmyndighet"
525 983 46 18 mot
586 980 256 28 ,registermyndighet*.

214 1043 164 28 Propositionen
406 1043 127 21 besvarades
557 1043 50 21 med
627 1043 159 27 öfvervägande
808 1043 26 27 ja,
857 1043 27 27 på
907 1043 69 28 grund

145 1071 75 21 hvaraf
235 1072 126 27 paragrafen
377 1072 82 21 således
475 1072 20 20 af
510 1072 84 21 ståndet
609 1071 129 22 oförändrad
754 1071 110 28 godkänts.

214 1129 136 21 Beträffande
367 1129 12 27 $
395 1129 27 21 35
437 1129 83 26 yttrade

215 1186 25 20 br
255 1185 137 21 Forsman:
413 1186 79 20 Tämän
500 1185 92 28 pykälän
602 1186 88 21 toisessa
698 1185 108 20 kohdassa
813 1185 75 27 löytyy
895 1192 84 14 suoma-

144 1214 88 21 laisessa
254 1214 98 21 tekstissä
367 1214 136 27 erehdyttävä
519 1214 64 21 virhe.
607 1215 57 20 Siinä
679 1214 82 21 seisoo:
781 1230 4 10 ,
787 1213 99 27 Hallitus
901 1214 77 20 älköön

144 1243 99 20 muutoin
259 1243 53 20 kuin
327 1243 184 26 yhtiökokouksen
527 1243 100 26 erityisen
642 1243 118 27 päätöksen
776 1242 79 27 nojalla
862 1242 115 27 myöntäkö

144 1271 127 27 kiinnitystä
286 1271 75 26 yhtiön
372 1271 107 22 kiinteään
489 1272 165 21 omaisuuteen.
684 1271 65 21 Tosin
761 1271 143 26 yhtiökokous
915 1271 63 20 edus-

144 1301 35 19 taa
202 1299 116 27 osakkaita,
333 1302 68 19 mutta
417 1301 26 20 22
457 1301 36 26 &:n
507 1300 93 21 mukaan
617 1307 27 14 on
660 1299 120 22 osakkailla
794 1299 112 21 kuitenkin
921 1299 57 21 valta

144 1328 139 21 muutoinkin
305 1328 52 21 kuin
380 1329 205 26 yhtiökokouksessa
607 1331 83 25 päättää
707 1328 75 26 yhtiön
798 1328 91 27 asioista,
904 1328 32 27 jos
951 1328 26 20 he

143 1357 74 21 kaikki
240 1359 49 19 ovat
311 1357 132 27 päätöksestä
466 1357 144 27 yksimieliset.
641 1357 125 21 Sentähden
781 1357 69 27 pitäisi
865 1358 56 20 tässä
936 1356 42 21 olla

144 1392 68 14 sanan
228 1403 4 10 ,
234 1386 203 27 yhtiökokouksen*
454 1387 73 26 sijassa
543 1392 51 15 sana
609 1386 146 27 ,osakasten*,
770 1386 65 26 jonka
845 1386 74 20 kautta
929 1392 49 14 suo-

144 1414 109 22 malainen
275 1414 62 21 teksti
359 1415 100 27 myöskin
483 1415 58 21 tulisi
563 1414 156 28 yhtäpitäväksi
739 1414 141 21 ruotsalaisen
900 1414 78 21 tekstin

144 1442 84 22 kanssa.
259 1443 105 27 Ehdotan,
380 1445 42 19 että
446 1445 55 19 tämä
521 1444 65 20 kohta
601 1444 101 26 lykätään
719 1442 91 22 takaisin
826 1443 152 21 valiokuntaan

143 1471 154 27 korjattavaksi
312 1472 45 20 niin
372 1472 53 21 kuin
439 1474 40 25 nyt
494 1472 48 21 olen
557 1472 130 21 ehdottanut.
