1017 1731
290 101 179 22 Borgareståndet
483 103 52 16 1891.
559 103 27 16 26
598 103 47 20 maj.
805 97 54 21 1495

62 182 88 20 kommit
171 182 27 27 på
220 182 68 27 grund
306 182 21 21 af
341 182 24 20 R.
382 189 17 13 o.
415 183 38 20 A:s
468 182 75 27 beslut,
567 189 34 14 om
616 182 80 21 hvilket
711 183 153 26 prästeståndet
878 183 7 20 i

62 210 120 21 hufvudsak
196 211 83 21 förenat
293 211 37 26 sig,
346 210 40 21 och
401 211 66 26 enligt
482 211 80 20 hvilket
577 211 36 20 det
627 211 65 20 borde
707 211 105 20 bestämdt
826 212 60 26 poin-

62 241 61 24 teras,
138 241 30 18 att
182 239 41 21 den
238 239 110 21 förutsatta
361 239 163 27 öfverföringen,
539 239 134 27 naturligtvis
683 239 54 20 ifrån
748 239 137 27 statsfonden,

62 267 69 20 skulle
153 267 36 22 ske
210 268 31 20 till
263 267 145 21 förstärkande
431 267 21 21 af
467 267 166 21 militiefondens
648 268 104 21 ordinarie
769 267 116 28 tillgångar.

62 295 63 21 Detta
147 303 61 14 anser
229 297 36 26 jag
283 296 33 21 för
337 296 45 20 min
405 296 32 21 del
462 303 51 14 vara
535 296 106 21 stridande
656 298 45 19 mot
715 296 56 21 hvad
786 303 50 14 man
850 296 35 21 vid

63 324 87 27 tidigare
165 325 129 26 behandling
309 324 20 21 af
345 324 62 21 dessa
421 325 95 20 ärenden
530 325 59 20 inom
604 325 113 20 ständerna
732 327 74 24 ansett,
828 325 58 20 såväl

63 352 36 21 vid
114 353 126 27 antagandet
255 353 21 20 af
291 353 192 27 värnepliktslagen
499 359 46 14 som
560 353 63 20 också
638 359 74 15 senare
728 353 34 20 vid
778 353 58 28 fråga
852 360 35 14 om

63 383 31 18 att
108 381 65 20 skaffa
188 381 77 27 nödiga
279 381 70 21 medel
365 381 32 21 till
420 381 135 21 bestridande
571 381 21 21 af
606 381 141 22 kostnaderna
763 382 33 20 för
810 382 76 20 militä-

62 416 44 14 ren.
135 409 41 28 Jag
191 416 61 15 anser
266 410 29 21 alt
309 410 136 27 fortfarande,
461 411 30 20 att
505 410 113 21 ständerna
633 410 51 21 böra
699 410 92 21 vidhålla
806 412 30 19 att
846 410 40 27 det,

63 445 46 14 som
131 438 103 21 erfordras
257 439 82 20 utöfver
362 438 26 21 de
404 439 105 20 ordinarie
525 438 145 28 tillgångarna,
685 439 61 20 äfven
763 439 23 20 så
800 439 87 20 förmin-

63 467 65 21 skade
150 473 46 14 som
218 467 24 20 de
265 473 30 14 nu
310 467 75 26 blifvit,
407 467 38 20 bör
460 467 99 21 betäckas
574 473 76 21 genom
666 467 83 26 skatter,
770 474 46 14 som
832 469 55 19 stän-

64 495 65 21 derna
151 495 60 28 åtaga
233 495 37 28 sig.
299 495 42 28 Jag
363 495 38 21 vill
419 495 46 21 icke
482 497 51 26 göra
547 495 64 28 något
626 496 78 28 förslag
719 496 31 20 till
765 496 123 27 förändring

63 524 21 20 af
100 524 68 21 demna
184 524 61 27 kläm,
266 524 86 21 hvilken
367 525 23 26 ju
406 524 54 21 dock
476 524 63 21 äfven
553 524 43 21 kan
611 531 61 14 anses
687 524 101 21 innebära
803 524 83 28 möjlig-

63 553 36 21 het
121 553 21 20 af
164 559 26 15 en
205 552 88 22 särskild
311 553 56 21 skatt
381 552 34 21 för
429 553 166 21 militiefondens
611 553 150 27 förstärkande,
784 560 50 14 men
850 553 36 21 har

62 581 172 21 reservationsvis
249 581 56 21 velat
319 583 51 26 göra
385 581 56 21 detta
459 582 108 20 uttalande
583 582 31 20 till
630 582 129 27 protokollet.

131 638 43 20 Hrr
188 645 49 13 von
253 638 94 21 Pfaler
362 638 40 21 och
417 638 98 28 Elving
531 638 74 21 delade
621 639 24 20 hr
661 638 119 22 Snellmans
796 638 58 21 åsikt.

132 695 116 21 Utskottets
263 694 161 28 ifrågavarande
440 695 57 21 kläm
513 695 44 21 blef
571 695 52 21 härå
638 695 135 21 oförändradt
782 695 104 28 godkänd.

131 752 133 22 Beträffande
284 753 112 20 utskottets
412 752 57 21 kläm
485 752 26 28 på
526 752 37 21 sid.
580 752 12 20 6
608 753 7 19 i
630 752 257 28 sammanjämkningsför-

63 782 67 26 slaget
144 781 82 27 yttrade

131 838 25 20 hr
171 834 104 25 Öhman:
305 838 34 21 Då
353 840 76 19 trenne
448 838 67 26 stånd,
536 838 107 28 nämligen
658 838 22 21 R.
697 845 18 14 o.
731 838 25 20 A.
773 840 54 18 samt
841 840 46 25 prä-

64 868 40 20 ste-
120 867 38 20 och
173 867 166 27 bondeständen,
354 867 155 27 samstämmigt
519 867 87 21 beslutit
617 869 30 19 att
656 866 27 28 2/;
694 867 21 21 af
724 866 163 27 utskänknings-

64 896 38 20 och
125 895 323 27 utminuteringsaktiebolagens
471 896 127 20 vinstmedel
620 895 59 21 skola
693 896 32 20 till
740 895 148 21 kommunika-

64 924 134 21 tionsfonden
214 924 121 27 öfverföras,
350 924 39 21 har
403 924 156 21 statsutskottet
573 924 46 21 icke
635 924 80 21 kunnat
729 924 72 27 undgä
816 925 30 20 att
856 924 32 20 för

64 952 112 21 ständerna
198 953 77 20 föreslä
289 959 25 14 en
331 953 57 20 kläm
403 953 22 20 af
441 953 41 21 den
498 953 87 27 lydelse,
608 959 44 14 som
669 953 40 20 den
725 953 20 20 af
759 953 26 20 hr
799 953 88 20 talman-

63 987 42 15 nen
120 987 50 20 nyss
185 981 101 27 upplästa.

132 1009 68 21 Sedan
224 1010 56 21 detta
303 1010 100 21 ärendei
425 1009 38 27 gär
477 1009 144 21 behandlades
636 1009 7 20 i
658 1008 177 28 borgareständet,
850 1009 38 20 har

63 1038 117 21 detsamma
202 1038 65 27 enligt
289 1039 46 20 mitt
353 1038 140 21 förmenande
509 1038 88 21 kommit
612 1038 7 20 i
634 1039 29 20 ett
678 1037 130 26 väsentligen
823 1039 65 18 annat

63 1067 70 20 skede.
163 1067 94 20 Numera
271 1067 62 20 hafva
349 1067 109 27 nämligen
473 1067 98 26 samtliga
585 1066 122 21 förenämda
725 1065 61 21 ständ
801 1065 87 22 beslutit

63 1097 35 25 att,
114 1095 7 20 i
136 1095 51 20 strid
202 1097 44 19 mot
268 1095 186 27 borgareständets
477 1095 140 27 uppfattning,
641 1094 63 21 uttala
720 1095 30 20 att
763 1093 75 28 frägan
853 1100 34 14 om

64 1123 61 21 dessa
140 1123 137 21 vinstmedels
292 1123 148 22 öfverförande
456 1123 32 21 till
504 1122 273 22 kommunikationsfonden
792 1123 18 26 ej
828 1124 22 19 är
861 1128 27 15 en

64 1151 148 28 anslagsfräga,
227 1152 33 21 för
274 1153 62 20 hvars
349 1152 116 27 afgörande
476 1152 105 21 erfordras
591 1152 46 26 fyra
647 1151 71 21 ständs
729 1152 159 19 sammanstäm-

63 1180 77 21 mande
156 1180 74 21 beslut.
255 1181 74 20 Under
344 1181 80 20 sädana
439 1180 148 21 förhällanden
601 1181 39 20 och
655 1180 32 21 för
701 1181 30 19 att
746 1180 18 26 ej
778 1179 110 20 framkalla

64 1215 27 14 en
106 1209 159 21 konstitutionel
280 1209 129 28 tvistefräga,
431 1209 71 21 finner
517 1209 34 27 jag
566 1209 43 27 mig
625 1208 127 28 uppfordrad
768 1209 29 19 att
811 1207 77 21 föreslå

64 1237 36 21 det
115 1237 170 27 borgareständet
306 1238 49 20 ville
372 1237 89 22 omfatta
477 1244 26 14 en
521 1237 116 21 resolution
652 1237 21 20 af
687 1236 92 27 följande
794 1235 93 28 lydelse:

64 1267 42 26 yätt
120 1265 178 28 borgareständet,
313 1266 147 21 vidblifvande
476 1266 33 21 sin
525 1265 58 27 åsikt,
599 1266 35 21 det
649 1265 72 27 frågan
737 1263 109 28 angående
862 1270 26 14 en

64 1294 35 21 del
121 1294 21 21 af
163 1294 152 21 vinstmedlens
337 1295 132 27 öfverföring
491 1294 31 21 till
542 1292 279 27 kommunikationsfonden,
842 1292 47 21 bort

64 1323 115 21 behandlas
194 1323 7 20 i
217 1323 41 20 den
281 1323 89 28 ordning
386 1323 12 27 $
415 1324 27 19 72
458 1323 8 20 i
481 1323 22 20 L.
519 1323 23 20 O.
558 1323 139 26 föreskrifver,
720 1323 54 20 samt
789 1321 49 20 med
852 1321 36 20 be-

64 1351 104 28 klagande
184 1351 20 21 af
219 1353 29 19 att
263 1351 139 22 förevarande
419 1352 80 21 ärende
515 1351 108 28 angäende
639 1351 94 27 tolkning
748 1349 21 21 af
784 1349 104 28 grundlag

64 1380 69 21 blifvit
153 1380 21 21 af
189 1380 112 21 ständerna
323 1380 131 21 behandladt
469 1382 52 19 utan
537 1382 30 19 att
581 1380 122 20 ständernas
718 1378 115 28 lagutskott
847 1378 41 21 för-

63 1410 52 19 satts
130 1409 7 20 i
152 1409 82 21 tillfälle
250 1410 29 19 att
293 1409 8 20 i
316 1409 65 21 saken
397 1409 68 21 uttala
481 1409 38 27 sig,
534 1408 117 28 medgifver
663 1410 30 19 att
702 1408 7 20 i
719 1407 102 27 kalkylen
830 1406 59 21 öfver

64 1437 284 21 kommunikationsfondens
370 1437 115 28 tillgångar
507 1437 33 21 för
559 1437 49 21 åren
633 1436 139 22 1892—1894
787 1437 102 25 upptages

64 1472 27 14 en
106 1468 55 24 post:
177 1466 27 26 2/,
220 1466 21 20 af
256 1466 174 27 utminuterings-
447 1466 40 20 och
498 1465 254 28 utskänkningsbolagens
763 1463 126 21 vinstmedel

63 1494 61 21 F:mk
142 1494 127 28 1,000,000*.
