1017 1731
280 104 179 21 Borgareståndet
472 105 53 16 1891.
551 106 23 15 14
587 105 59 20 april.
810 101 40 21 659

113 184 80 21 vinner
207 184 43 27 nej,
275 184 41 20 har
331 183 178 27 borgareståndet
527 183 89 21 beslutit
631 184 161 21 återremittera
806 185 69 27 sagda

46 214 96 19 moment
156 212 10 21 i
180 213 35 20 det
229 212 101 27 afseende
345 212 28 20 hr
387 211 78 22 Heikel
477 212 104 28 påyrkat.

113 275 31 20 På
166 275 73 20 därom
262 274 109 21 framstäld
394 274 94 27 begäran
504 274 107 21 anstäldes
626 275 103 27 votering,
751 281 46 14 som
813 275 62 20 utföll

44 303 48 20 med
109 303 26 20 30
150 303 22 26 ja
187 303 39 20 och
243 303 26 20 19
285 303 40 26 nej,
341 303 40 20 och
396 303 54 20 hade
467 303 83 20 ståndet
565 303 59 26 altså,
639 303 50 20 med
705 303 135 21 förkastande
853 303 21 21 af

44 331 25 21 hr
90 331 88 21 Heikels
199 331 85 27 förslag,
307 331 127 20 härutinnan
453 331 95 27 godkänt
563 331 66 20 första
643 333 117 19 momentet
775 332 21 21 af
812 332 12 27 &
840 332 33 20 20.

112 393 134 22 Beträffande
270 393 65 20 andra
353 395 118 19 momentet
486 393 54 21 hade
556 393 50 28 inga
622 394 165 27 anmärkningar
802 394 71 27 gjorts,

44 422 39 21 och
99 429 37 14 var
152 422 117 21 detsamma
284 421 82 21 således
381 421 115 28 godkändt.

112 484 70 21 Sedan
197 485 26 20 hr
237 484 150 21 Wasenius
403 484 98 28 återtagit
516 484 36 21 sitt
566 484 79 28 förslag
661 491 34 14 om
717 484 119 21 återremiss
852 484 21 21 af

43 513 136 27 paragrafens
194 513 68 27 tredje
277 515 100 24 moment,
395 514 52 19 enär
463 513 118 21 detsamma
596 513 46 20 icke
658 513 76 21 vunnit
749 513 123 27 understöd,

44 541 43 21 blef
103 541 88 21 berörda
206 543 95 19 moment
317 541 136 21 oförändradt
469 542 114 26 godkändt.

111 603 11 21 I
145 604 116 26 anledning
281 604 21 20 af
323 604 26 20 hr
370 596 98 28 Åströms
490 604 78 26 förslag
591 605 30 19 att
638 604 66 26 fjärde
719 605 117 19 momentet
851 603 21 21 af

42 632 125 27 paragrafen
182 632 65 21 måtte
263 632 44 20 helt
322 632 39 20 och
376 632 65 20 hållet
457 632 51 27 utgå
523 632 134 20 framstäldes
675 632 93 27 följande
784 633 88 19 omröst-

43 660 191 28 ningsproposition
242 668 3 12 :

112 716 38 27 De,
167 717 75 20 hvilka
256 717 117 27 godkänna
388 716 73 28 fjärde
476 719 118 19 momentet
609 717 29 27 af
649 718 15 25 $
680 718 32 19 20
727 716 145 28 oförändradt

43 745 69 27 enligt
126 745 112 21 utskottets
252 745 90 27 förslag,
358 747 59 19 rösta
426 746 41 26 ja;
484 745 31 27 de,
531 746 35 20 det
581 746 44 20 icke
640 748 59 24 göra,
714 746 61 20 rösta
789 745 49 27 nej;

111 774 80 20 vinner
212 774 42 27 nej,
278 774 42 20 har
343 774 177 26 borgareständet
541 774 88 20 beslutit
644 776 33 18 att
691 774 68 27 sagda
774 775 98 19 moment

42 802 56 21 skall
113 802 44 21 helt
172 802 38 21 och
225 802 68 21 hället
307 809 29 13 ur
348 802 140 27 paragrafen
505 802 58 28 utgä.

110 859 161 27 Propositionen
292 859 126 21 besvarades
440 859 51 21 med
513 859 154 26 öfvervägande
683 859 26 27 ja,
731 858 39 21 och
786 865 37 13 var
838 858 32 20 sä-

40 887 58 21 ledes
121 888 112 20 utskottets
253 888 79 26 förslag
355 887 31 21 till
408 887 84 27 lydelse
515 888 33 20 för
563 888 67 26 fjärde
645 888 117 20 momentet
777 886 21 21 af
814 886 12 27 $
842 886 27 20 20

41 916 135 20 oförändradt
191 916 113 27 godkändt.

109 973 57 20 Utan
182 973 70 27 yppad
268 973 178 26 meningsolikhet
462 975 89 25 antogos
568 973 26 26 $$
611 973 24 20 21
653 973 39 20 och
708 973 32 20 22.

108 1029 134 21 Beträffande
259 1030 12 26 $
289 1030 27 20 23
332 1029 102 27 begärdes
451 1029 61 21 ordet
527 1029 22 21 af

108 1086 26 20 hr
156 1085 141 27 Forsman,
319 1092 46 15 som
387 1086 96 27 yttrade:
514 1086 41 27 Jag
577 1085 88 21 föreslår
687 1087 30 18 att
739 1084 47 21 från
802 1083 66 21 andra

39 1116 117 19 momentet
171 1114 65 21 orden
252 1115 19 26 ,i
287 1115 26 20 26
330 1115 11 26 &
358 1115 21 20 af
394 1115 72 20 denna
481 1115 35 26 lag
531 1115 63 20 eller"
610 1114 64 20 måtte
689 1113 56 27 utgå,
761 1113 40 20 och
816 1114 30 19 att
860 1112 8 20 i

39 1142 67 27 tredje
121 1142 96 27 punkten
233 1143 21 20 af
269 1149 80 15 samma
364 1145 97 18 moment
476 1143 83 27 intages
575 1149 26 14 en
617 1142 126 27 hänvisning
757 1141 33 20 till
806 1140 26 21 26
849 1140 18 27 $.

40 1171 26 20 26
90 1171 12 26 &
123 1171 90 20 handlar
235 1171 108 27 nämligen
365 1178 35 13 om
419 1171 43 20 den
478 1171 155 26 röstöfvervikt,
655 1177 45 14 som
715 1169 105 21 erfordras
836 1169 33 20 för

39 1199 183 28 ävägabringande
238 1199 21 21 af
274 1199 69 21 beslut
359 1206 33 14 om
408 1199 93 28 ändring
516 1200 7 19 i
537 1199 170 28 bolagsordning.
733 1197 64 22 Detta
812 1197 56 21 stad-

39 1228 69 27 gande
123 1230 23 18 är
160 1228 47 21 icke
223 1228 120 27 tillämpligt
358 1228 26 27 pä
398 1228 73 27 nägon
487 1235 71 14 annan
573 1230 27 18 än
616 1228 41 21 den
672 1227 67 26 tredje
752 1226 22 21 af
784 1226 26 21 de
820 1226 48 25 fyra

39 1257 96 26 punkter,
150 1256 7 20 i
172 1256 72 21 hvilka
259 1257 66 20 andra
345 1258 118 19 momentet
486 1256 143 21 sönderfaller.
659 1255 40 28 Jag
714 1254 92 28 päyrkar
822 1254 46 20 där-

39 1285 32 20 för
94 1285 119 20 äterremiss
234 1285 21 20 af
278 1285 124 27 paragrafen
417 1285 7 20 i
441 1285 57 26 syfte
521 1287 30 18 att
566 1285 67 26 tredje
647 1284 95 27 punkten
757 1283 57 26 finge
829 1281 39 21 föl-

38 1313 64 27 jande
117 1313 91 26 lydelse:
232 1315 42 25 att
289 1313 7 20 i
311 1313 66 21 andra
392 1313 37 20 fall
446 1315 29 18 än
491 1313 35 21 det
541 1313 7 20 i
564 1313 26 20 26
607 1313 12 26 $
635 1312 77 21 nämda
725 1311 70 21 såsom
810 1310 58 21 bola-

39 1343 45 26 gets
106 1341 71 21 beslut
198 1341 66 28 gäller
285 1341 42 21 den
342 1342 93 26 mening,
459 1342 34 20 för
507 1341 87 21 hvilken
610 1341 26 20 de
651 1341 61 20 flesta
727 1341 96 19 rösterna
838 1338 30 20 af-

38 1370 86 27 gifvas*.

108 1432 70 21 Sedan
199 1433 25 20 hr
244 1432 135 21 Jus6lius
395 1432 128 20 understödt
537 1432 26 20 hr
577 1432 113 20 Forsmans
705 1430 85 31 förslag,
805 1429 64 21 fram-

38 1460 67 21 stälde
128 1461 25 20 hr
175 1461 122 21 talmannen
320 1460 89 21 rörande
433 1460 120 21 detsamma
571 1460 93 27 följande
680 1460 190 24 omröstningspro-

37 1489 101 27 position:
