1017 1731
158 111 42 21 684
366 117 179 21 Borgareståndet
559 118 54 17 1891.
637 118 24 17 14
673 117 60 21 april.

200 197 12 20 I
228 197 116 28 anledning
359 197 22 21 af
395 198 25 20 hr
434 197 89 21 Heikels
539 197 182 28 ändringsförslag
736 197 130 20 beträffande
884 197 6 20 3
900 203 64 14 mom.

132 225 124 22 framstälde
272 226 25 20 hr
311 226 124 21 talmannen
450 226 93 27 följande
560 226 285 27 omröstningsproposition:

202 288 39 27 De,
264 288 75 21 hvilka
358 289 117 27 godkänna
495 289 114 20 utskottets
631 288 84 28 förslag
739 288 35 21 till
796 287 79 29 lydelse
897 287 37 28 för
950 289 16 19 3

132 323 66 14 mom.
216 317 29 27 af
257 317 15 27 $
288 317 31 21 37
334 317 150 27 oförändradt,
499 319 60 19 rösta
564 317 40 28 ja;
620 318 31 26 de,
666 317 36 21 det
713 317 46 20 icke
768 319 61 25 göra,
844 317 60 20 rösta
915 317 49 27 nej;

202 345 81 21 vinner
303 346 42 27 nej,
367 346 42 21 har
431 345 177 28 borgareständet
629 345 90 22 beslutit
741 347 33 19 att
797 346 15 20 3
826 351 65 15 mom.
908 345 58 21 skall

132 381 29 13 ur
180 374 139 27 paragrafen
342 375 53 26 utgå
418 375 39 20 och
479 376 14 19 4
515 381 66 14 mom.
603 375 50 20 med
674 374 103 27 afseende
798 374 14 21 å
828 374 72 21 denna
915 375 48 20 ute-

133 403 101 26 slutning
250 403 153 26 omredigeras.

202 464 32 21 Pä
254 465 93 28 begäran
369 465 106 21 anstäldes
491 465 103 28 votering,
613 472 46 15 som
674 465 63 21 utföll
753 465 49 21 med
819 466 26 20 36
861 465 21 27 ja
898 465 39 21 och
952 465 14 20 9

133 493 43 27 nej,
192 493 40 21 och
248 500 38 14 var
301 493 82 22 säledes
406 495 5 20 3
426 501 63 14 mom.
505 494 136 21 oförändradt
656 494 116 28 godkändt.

204 556 134 21 Beträffande
360 557 25 20 hr
407 557 88 21 Heikels
517 557 80 27 förslag
622 564 34 14 om
679 557 122 21 äterremiss
824 557 21 21 af
866 558 14 19 4
902 563 65 14 mom.

134 585 135 21 framstäldes
285 585 92 27 följande
394 586 282 27 omröstningsproposition:

203 647 39 27 De,
265 647 75 21 hvilka
360 648 118 27 godkänna
500 648 112 21 utskottets
634 648 85 27 förslag
743 648 35 20 till
802 648 78 27 lydelse
902 648 36 26 för
953 649 14 19 4

134 682 66 14 mom.
226 676 28 27 af
272 678 15 24 $
309 677 31 20 37
363 676 148 27 oförändradt,
535 678 60 20 rösta
611 677 41 27 ja;
679 676 32 27 de,
735 676 35 21 det
790 676 46 21 icke
849 678 60 26 göra,
928 678 37 19 rö-

134 706 36 18 sta
185 704 50 28 nej;

205 733 80 21 vinner
304 734 43 27 nej,
370 734 41 20 har
433 734 175 27 borgareständet
631 733 90 21 beslutit
742 733 160 21 äterremittera
917 740 50 14 mo-

136 763 81 19 mentet
233 762 36 20 till
283 762 102 21 utskottet
399 762 10 20 i
423 762 35 21 det
472 762 57 28 syfte
543 762 28 21 hr
586 762 77 21 Heikel
675 762 105 28 päyrkat.

206 824 162 28 Propositionen
391 825 126 21 besvarades
539 825 50 21 med
613 824 158 28 öfvervägande
789 824 27 27 ja,
838 824 8 20 i
861 824 106 20 anseende

137 853 84 20 hvartill
244 853 63 21 äfven
330 854 57 20 detta
409 856 94 18 moment
525 854 69 20 blifvit
609 854 21 20 af
645 853 86 21 ständet
746 853 70 21 säsom
832 852 138 22 oförändradt

137 883 90 25 antaget.

206 944 12 28 8
236 945 27 20 38
279 945 122 27 godkändes
417 947 52 19 utan
485 945 145 28 anmärkning.

206 1007 118 27 Angående
341 1007 12 27 $
369 1008 26 20 39
411 1007 82 27 yttrade

206 1070 26 21 hr
252 1070 164 21 Nummelin:
447 1070 50 21 Med
515 1070 100 21 afseende
630 1070 13 21 å
658 1071 37 20 det
710 1069 77 27 beslut,
809 1076 46 14 som
871 1069 98 28 borgare-

137 1098 85 21 ståndet
236 1099 62 20 fattat
313 1099 129 21 beträffande
459 1099 25 27 $$
501 1099 10 20 1
529 1099 39 21 och
584 1099 19 27 6,
618 1099 38 21 ber
670 1099 38 27 jag
723 1098 22 21 få
760 1098 78 21 föreslå
853 1099 29 20 att
892 1098 79 27 ifräga-

137 1127 93 21 varande
246 1127 98 28 paragraf
358 1127 65 22 mätte
438 1128 47 20 frän
499 1127 63 28 lagen
581 1128 55 27 utgä,
652 1128 41 21 och
709 1129 31 18 att
755 1127 135 27 lagförslaget
900 1126 71 21 skulle

138 1155 164 22 äterremitteras
325 1156 31 21 till
374 1156 102 21 utskottet
490 1156 33 21 för
537 1156 127 27 vidtagande
681 1155 22 21 af
718 1155 125 28 härigenom
859 1155 111 27 päkallade

137 1183 149 28 förändringar
302 1185 127 20 beträffande
445 1185 158 27 paragrafernas
619 1184 127 27 numrering
761 1184 40 21 och
813 1184 157 26 hänvisningar.

206 1247 34 20 Hr
263 1247 123 21 Nissinen
404 1247 50 22 sade
469 1248 32 27 sig
516 1254 51 14 vara
581 1247 150 21 förekommen
747 1247 21 20 af
783 1247 25 20 hr
824 1246 123 22 Nummelin
963 1245 7 20 i

137 1275 56 21 hvad
209 1276 43 20 han
268 1277 72 19 ämnat
355 1278 62 24 yttra.

208 1333 89 21 Ständet
320 1333 69 20 beslöt
409 1333 51 20 härä
482 1335 48 19 utan
548 1332 183 28 meningsolikhet
746 1334 30 19 att
791 1332 11 27 $
819 1332 26 20 39
862 1331 68 21 skulle
946 1337 27 14 ur

137 1361 138 28 lagförslaget
290 1361 109 27 uteslutas,
415 1361 48 22 med
479 1361 114 28 anledning
608 1361 75 22 hvaraf
698 1360 104 22 utskottet
818 1360 53 28 egde
887 1360 85 27 vidtaga

138 1390 42 20 den
195 1391 125 27 härigenom
335 1390 110 27 päkallade
462 1390 155 28 omredigering
633 1390 20 21 af
668 1389 140 28 lagförslaget
823 1390 7 19 i
846 1388 100 22 afseende
960 1388 13 20 ä

137 1419 253 27 paragrafnumreringen
405 1419 39 21 och
460 1419 155 27 hänvisningar.

208 1476 119 21 Utskottets
349 1476 79 28 förslag
450 1476 31 21 till
496 1476 81 27 lydelse
593 1476 32 21 för
641 1476 12 27 $
668 1476 29 20 40
715 1476 76 26 antogs
806 1475 96 21 däremot
918 1474 56 20 oför-

138 1504 96 21 ändradt.
