1017 1731
270 125 179 20 Borgareståndet
462 125 55 16 1891.
541 125 27 16 23
580 125 47 20 maj.
793 119 54 20 1421

42 205 35 20 för
92 205 43 19 min
152 204 34 21 del
202 206 65 25 gärna
285 203 79 21 beredd
380 205 30 19 att
426 204 89 21 omfatta
531 204 70 20 denna
616 203 122 27 resolution,
754 206 30 19 att
799 204 75 19 nämli-

44 239 40 21 gen
101 239 26 14 en
143 234 63 25 präst,
220 239 46 14 som
281 233 39 20 har
337 232 95 23 boställe,
449 232 94 27 deltager
562 232 7 20 i
585 232 168 27 kyrkobyggnad
770 232 53 20 efter
839 232 35 20 sitt

44 261 100 20 boställes
160 261 84 26 mantal,
259 267 49 14 men
325 267 71 14 annan
407 263 57 24 präst
475 261 95 26 deltager
581 261 88 20 likasom
683 261 66 20 andra
759 260 47 21 icke
817 260 57 27 jord-

44 289 82 27 egande
142 289 139 21 medlemmar
295 289 21 20 af
331 289 152 27 församlingen
500 289 52 21 eller
567 289 70 20 såsom
652 289 133 26 tjänstemän,
800 289 7 20 i
820 288 53 21 hvil-

45 317 35 21 ket
95 317 36 21 fall
148 324 26 14 en
190 317 119 21 återremiss
325 323 49 15 vore
391 317 21 21 af
427 318 77 20 nöden.

116 373 33 21 Då
171 374 64 27 ingen
250 373 72 21 vidare
337 373 93 28 begärde
446 374 65 27 ordet,
527 374 130 21 förklarades
673 373 149 21 diskussionen
837 380 36 13 an-

44 402 82 27 gående
142 403 12 26 &
172 403 10 19 1
198 402 97 26 afslutad,
310 402 79 27 hvarpä
404 403 25 19 hr
445 403 129 25 talmannen,
590 403 6 20 i
612 402 115 27 anledning
742 402 21 20 af
778 402 36 20 hrr
826 401 47 22 Ser-

44 431 89 20 lachius”
156 431 39 20 och
219 437 41 14 von
279 431 81 20 Pfalers
375 431 97 26 yrkande
488 431 27 27 på
530 431 128 26 antagandet
673 431 21 20 af
709 431 25 20 hr
749 430 124 28 Stjernvalls

46 459 143 21 betänkandet
200 459 111 27 vidfogade
325 459 136 27 reservation,
477 459 122 21 framstälde
615 459 92 27 följande
723 459 151 27 omröstnings-

45 488 138 28 proposition:

117 545 39 26 De,
175 544 73 21 hvilka
264 544 10 20 i
288 544 73 21 denna
376 544 35 21 del
424 545 120 26 godkänna
559 544 112 21 utskottets
687 544 83 28 förslag
787 544 35 21 till
838 544 34 20 ly-

45 573 55 21 delse
116 573 35 27 för
166 573 15 27 $
196 574 17 25 1,
229 572 148 28 oförändradt,
394 575 61 19 rösta
465 573 40 27 ja;
521 573 31 26 de,
569 573 35 21 det
617 573 46 21 icke
677 576 59 24 göra,
752 575 60 19 rösta
825 572 47 28 nej;

117 602 79 20 vinner
215 602 42 27 nej,
277 602 42 20 har
334 601 178 27 borgareståndet
527 601 89 21 beslutit
630 601 158 21 återremittera
802 608 70 20 para-

44 630 80 26 grafen
139 630 36 27 för
190 632 33 18 att
237 630 145 26 omredigeras
397 630 10 20 i
421 630 37 20 det
472 630 57 28 syfte
545 630 27 20 hr
588 630 120 27 Stjernvall
724 630 34 20 uti
780 630 36 20 sin
840 629 34 21 till

46 658 143 21 betänkandet
203 658 77 28 fogade
295 658 134 21 reservation
444 658 121 28 föreslagit.

117 715 30 21 På
162 715 92 27 begäran
269 715 106 21 anstäldes
390 716 105 26 votering,
511 722 45 14 som
571 716 62 20 utföll
648 716 49 20 med
713 716 26 20 30
755 715 21 27 ja
792 715 38 21 och
847 715 25 20 21

46 744 41 26 nej,
103 744 39 20 och
157 744 54 20 hade
226 743 83 21 ståndet
324 743 82 21 således
421 744 96 26 godkänt
533 744 12 27 $
562 744 10 20 1
590 744 7 20 i
612 744 70 21 denna
695 744 34 20 del
740 743 132 21 oförändrad.

117 800 33 20 En
166 800 64 20 blank
244 800 102 21 röstsedel
361 800 54 21 hade
432 801 37 20 vid
485 801 158 27 omröstningen
659 800 115 21 aflämnats.

117 857 99 21 Härefter
231 857 132 21 framstäldes
379 858 21 20 af
415 858 26 20 hr
456 858 130 26 talmannen,
601 858 6 20 i
624 858 115 26 anledning
754 857 22 21 af
791 858 24 20 hr
829 857 44 27 Ap-

45 885 97 27 pelbergs
158 886 39 20 och
214 892 41 14 von
270 886 81 20 Pfalers
367 886 105 20 särskilda
487 886 79 26 förslag
582 886 109 27 angående
702 888 67 25 prästs
780 885 94 27 skyldig-

45 914 36 20 het
96 916 29 18 att
140 914 83 26 deltaga
238 914 8 20 i
261 914 112 27 byggande
389 914 39 21 och
447 914 113 22 underhåll
576 914 21 21 af
612 914 73 27 kyrka,
701 921 27 14 en
743 914 23 21 så
781 914 93 27 lydande

44 943 280 26 omröstningsproposition:

117 999 39 26 De,
176 999 75 21 hvilka
269 999 73 21 såsom
362 1000 219 27 kontraproposition
598 1002 47 19 mot
661 1000 113 21 utskottets
789 999 84 27 förslag

46 1027 35 21 till
96 1028 78 27 lydelse
190 1027 36 28 för
240 1028 15 27 $
270 1029 12 19 1
296 1028 116 27 föredraga
427 1029 29 20 hr
472 1029 131 27 Appelbergs
618 1028 89 27 förslag,
723 1029 60 20 rösta
790 1027 40 28 ja;
842 1027 31 26 de,

42 1055 38 21 det
94 1056 44 21 icke
152 1059 60 24 göra,
228 1058 60 19 rösta
303 1057 47 27 nej;

116 1085 80 20 vinner
210 1085 42 27 nej,
268 1085 41 20 har
325 1085 179 27 borgareståndet
518 1085 10 21 i
542 1085 81 21 sådant
638 1085 120 21 hänseende
772 1084 100 27 föredra-

42 1112 36 27 git
92 1113 26 20 hr
134 1120 42 13 von
191 1113 88 27 Pfalers
293 1113 90 28 förslag.

115 1168 77 21 Denna
213 1170 128 27 proposition
364 1170 130 21 besvarades
510 1171 49 20 med
575 1170 154 27 öfvervägande
744 1170 28 27 ja,
788 1170 38 20 och
843 1175 32 14 er-

43 1197 45 49 van
95 1197 39 48 äl
149 1197 53 27 följd
217 1198 59 21 däraf
291 1198 40 21 den
347 1199 86 26 slutliga
455 1199 302 28 omröstningspropositionen
780 1197 94 27 följande

52 1232 82 19 lydelse:

116 1282 38 27 De,
178 1282 74 21 hvilka
272 1283 117 27 godkänna
409 1284 116 21 utskottets
539 1283 83 28 förslag
639 1284 34 20 till
689 1283 79 28 lydelse
783 1282 36 27 för
834 1283 14 25 $
864 1282 12 20 1

43 1310 151 27 oförändradt,
209 1313 60 19 rösta
279 1312 39 27 ja;
335 1312 30 26 de,
381 1312 36 21 det
431 1312 48 21 icke
493 1315 60 24 göra,
569 1314 60 19 rösta
643 1312 48 27 nej;

116 1339 80 21 vinner
216 1340 42 27 nej,
275 1340 41 21 har
332 1340 180 27 borgareståndet
527 1341 88 20 beslutit
630 1340 159 21 återremittera
802 1346 71 21 para-

41 1367 81 27 grafen
137 1368 9 20 i
161 1368 34 20 det
210 1368 57 28 syfte
282 1369 27 20 hr
324 1369 122 27 Appelberg
463 1369 120 28 föreslagit.

116 1424 41 21 Vid
173 1425 82 20 anstäld
271 1426 96 27 votering
382 1426 131 21 besvarades
529 1426 69 21 denna
613 1426 129 27 proposition
752 1425 49 21 med
816 1425 26 20 13
854 1424 22 26 ja

43 1452 40 21 och
106 1453 26 20 36
156 1454 40 26 nej.
227 1453 88 21 Ständet
337 1454 54 21 hade
411 1454 86 21 således
512 1455 87 21 beslutit
614 1457 30 18 att
659 1454 152 21 återremittera
828 1453 12 26 $
858 1453 18 25 1,

42 1480 34 20 för
92 1483 29 19 att
136 1481 142 27 omredigeras
294 1482 79 20 därhän
389 1484 30 19 att
435 1485 65 25 präst,
517 1490 45 14 som
577 1483 105 21 innehade
698 1482 96 26 boställe,
809 1480 67 21 borde

43 1508 84 28 deltaga
150 1510 30 20 uti
202 1510 125 27 paragrafen
348 1511 143 21 omförmälda
507 1511 74 21 besvär
596 1512 53 20 efter
663 1511 110 21 boställets
789 1509 87 27 mantal,
