1017 1731
164 117 54 20 1422
380 123 178 20 Borgareständet
572 123 54 17 1891.
650 124 27 16 23
689 127 48 16 maj.

136 207 48 15 men
200 203 64 25 präst,
280 208 45 15 som
340 202 47 21 icke
402 202 78 27 ätnjöte
496 202 58 27 dylik
573 202 90 27 förmän,
679 204 76 25 utgöra
770 201 70 21 denna
855 204 66 25 tunga
936 201 28 21 ef-

136 235 32 16 ter
190 236 82 15 samma
293 230 98 27 grunder,
411 237 45 14 som
473 231 66 20 andra
554 231 128 26 tjänstemän
698 231 40 20 och
753 229 47 22 icke
815 230 129 27 jordegande
959 236 6 13 i

136 258 157 27 församlingen.

207 315 34 20 En
257 315 64 21 blank
337 316 57 21 sedel
410 316 53 21 hade
480 316 45 21 äter
540 316 35 20 vid
591 317 161 26 omröstningen
768 315 115 21 aflämnats.

209 372 12 26 $
238 372 12 20 2
267 372 122 27 godkändes
405 374 51 19 utan
472 372 147 27 anmärkning.

207 429 118 26 Angående
342 429 11 27 $
370 430 13 19 3
398 429 83 26 yttrade

203 486 25 19 hr
244 485 146 22 Wasenius:
406 486 41 27 Jag
462 487 38 20 har
515 486 73 27 begärt
603 486 60 21 ordet
679 485 76 22 endast
770 486 33 20 för
813 487 29 19 att
852 486 29 21 till
896 488 69 25 proto-

133 514 66 21 kollet
221 514 21 20 få
265 515 128 20 antecknadt
416 517 29 19 att
459 515 36 27 jag
511 515 68 20 skulle
595 515 66 20 önska
677 516 31 19 att
723 514 71 27 någon
809 515 105 20 föreskrift
930 521 34 14 om

134 544 29 19 att
185 542 69 27 kyrka
276 544 38 19 och
334 543 130 27 klockstapel
480 543 53 21 skall
549 545 44 19 mot
608 543 103 21 eldskada
725 543 106 21 försäkras
846 543 46 21 icke
908 543 34 20 mä
957 544 6 19 i

133 570 152 28 författningen
305 571 55 27 ingå,
381 573 51 19 utan
448 572 35 20 det
498 572 141 20 öfverlämnas
655 572 20 20 åt
691 572 153 26 församlingen
860 574 28 18 att
903 572 7 20 i
924 572 40 20 lik-

133 599 37 20 het
184 599 50 21 med
249 599 138 21 kommunala
403 600 116 20 samhällen
533 600 8 20 i
557 600 39 20 den
613 600 66 20 saken
695 600 80 20 handla
790 600 52 20 efter
852 600 58 20 bästa
922 600 42 20 för-

133 627 61 21 stånd
210 628 40 20 och
266 628 55 20 hvad
337 628 40 21 den
393 635 61 14 anser
470 635 49 14 vara
534 628 107 28 nyttigast.

201 684 33 20 Hr
249 680 104 25 Öhman:
377 684 50 22 Man
442 685 42 21 kan
499 685 48 21 med
563 685 45 20 skäl
624 692 51 14 anse
691 684 37 21 det
743 684 141 28 tvifvelaktigt
898 684 65 20 huru-

132 712 49 21 vida
196 712 83 21 landets
295 713 98 27 regering
408 714 39 20 och
462 714 85 20 ständer
562 714 21 20 af
598 713 154 27 landsfaderlig
763 720 83 20 omsorg
858 719 34 14 om
904 713 59 20 kom-

132 748 116 14 munernas
268 741 59 21 bästa
342 742 51 20 böra
408 742 92 27 påbjuda
515 744 30 18 att
559 742 68 26 kyrka
643 742 40 20 och
698 741 131 27 klockstapel
845 741 59 21 skola
918 743 44 19 mot

132 769 102 21 eldskada
255 770 112 27 försäkras,
389 777 50 14 men
461 771 35 26 jag
517 770 36 20 vill
576 770 64 20 likväl
656 770 47 21 icke
719 772 99 18 motsätta
833 770 44 27 mig
892 770 70 20 denna

132 798 140 26 bestämning.
302 798 101 21 Däremot
425 805 64 20 synes
505 799 35 20 det
555 805 50 14 vara
620 801 59 18 utom
696 798 30 21 alt
741 798 74 21 tvifvel
831 800 29 18 att
876 798 86 20 återsto-

132 826 41 20 den
189 826 21 20 af
226 827 125 27 paragrafen
367 827 52 21 eller
434 827 161 27 bestämningen
611 827 74 21 därom
701 828 30 20 att
747 826 145 28 försäkringen
908 826 54 20 skall

132 854 125 21 värkställas
272 855 7 20 i
295 855 66 27 ,finsk
384 856 281 26 brandförsäkringsanstalt,
688 862 48 14 som
759 855 87 21 allmänt
863 855 7 20 i
891 855 71 20 landet

132 882 79 22 drifver
232 883 97 27 rörelse",
351 884 88 20 alldeles
461 884 33 20 för
513 884 86 26 mycket
621 884 141 27 kringgärdar
777 883 185 27 församlingarnas

131 911 173 21 beslutanderätt.
341 912 42 26 Jag
410 912 42 21 kan
478 912 70 21 därför
569 912 47 21 icke
639 912 114 21 underlåta
776 914 30 18 att
828 912 76 20 föreslå
927 912 35 20 det

132 939 61 21 dessa
208 940 22 20 af
244 940 45 27 mig
311 940 96 28 upplästa
430 941 37 21 ord
485 940 64 22 måtte
565 941 103 21 uteslutas
684 940 41 21 och
740 940 125 28 paragrafen
881 940 82 21 således

130 968 86 21 komma
239 971 30 18 att
286 969 59 26 lyda:
362 969 85 27 ,Kyrka
463 970 38 20 och
516 969 130 28 klockstapel
661 969 62 21 skola
739 976 50 13 vara
803 971 45 18 mot
863 969 99 20 eldskada

131 996 141 21 försäkrade".
302 997 39 28 Då,
357 998 68 20 såsom
449 999 101 20 utskottet
565 998 48 27 själf
627 997 127 28 medgifver,
770 997 7 20 i
789 997 72 21 landet
876 1003 87 21 operera

131 1025 113 21 utländska
267 1025 68 28 bolag,
356 1027 72 20 hvilka
443 1029 35 18 äro
494 1027 31 20 till
541 1027 39 20 och
594 1027 49 20 med
660 1027 87 20 säkrare
762 1028 28 18 än
805 1026 26 20 de
846 1025 116 27 inhemska,

131 1053 23 20 så
170 1060 64 19 synes
250 1054 35 21 det
301 1055 32 20 för
348 1055 63 27 ingen
428 1055 33 20 del
477 1062 50 13 vara
542 1055 45 20 skäl
603 1057 30 18 att
643 1055 23 20 så
685 1054 90 27 fråntaga
788 1054 174 27 församlingarna

130 1081 28 20 all
180 1082 169 21 beslutanderätt
371 1083 128 21 beträffande
515 1083 146 21 försäkrandet
677 1083 22 21 af
715 1083 62 20 deras
792 1082 110 27 egendom,
917 1089 44 14 som

130 1110 102 21 utskottet
246 1111 93 20 föreslär.

198 1166 34 21 Hr
246 1167 125 28 Eneberg:
387 1167 12 21 I
413 1168 157 27 propositionen
586 1175 50 14 voro
653 1168 117 27 ordalagen
781 1167 79 22 sådana
870 1169 30 19 att
912 1174 50 13 man

129 1194 67 21 mäste
212 1195 87 21 komma
314 1196 32 21 till
361 1196 42 21 den
418 1197 114 20 slutsatsen
547 1198 30 19 att
591 1197 122 26 försäkring
728 1196 76 21 endast
818 1195 56 28 finge
885 1197 58 26 tagas
955 1196 7 19 i

130 1223 26 21 de
170 1223 113 22 inhemska
299 1225 127 27 ömsesidiga
441 1225 222 27 brandstodsbolagen,
679 1225 21 20 d.
717 1231 18 14 v.
751 1231 16 14 s.
777 1224 185 21 brandstodsbola-

129 1254 35 25 get
186 1252 34 21 för
241 1252 74 21 landet
330 1253 39 20 och
385 1253 210 28 brandstodsbolaget
610 1254 33 20 för
658 1253 107 22 städerna.
795 1252 50 21 Men
861 1253 101 20 utskottet

129 1280 49 21 ville
194 1282 67 25 gärna
276 1281 65 27 nägot
355 1281 88 28 utvidga
461 1282 61 26 detta,
538 1282 89 21 emedan
642 1289 52 14 man
710 1281 72 27 tyckte
798 1283 30 18 att
844 1281 62 20 ocksä
921 1281 41 20 för-

129 1308 161 28 säkringsbolag
312 1309 27 27 pä
361 1310 68 21 aktier
450 1310 64 21 borde
535 1310 84 21 komma
634 1311 7 20 i
656 1310 68 27 fräga,
747 1310 41 20 och
810 1309 63 21 äfven
891 1309 21 20 af
927 1309 35 20 det

128 1336 45 21 skäl
190 1339 30 18 att
235 1337 128 28 ömsesidiga
378 1338 63 28 bolag
456 1339 46 20 icke
517 1339 60 20 torde
593 1341 108 25 emottaga
717 1338 32 21 till
759 1338 119 26 försäkring
889 1337 73 26 kyrka,

128 1371 46 14 som
197 1367 59 19 ännu
279 1367 23 19 är
324 1366 68 21 under
414 1367 105 27 byggnad.
550 1367 107 21 Utskottet
681 1367 70 21 beslöt
770 1367 31 26 sig
817 1366 54 21 dock
885 1365 33 21 för
933 1367 29 19 att

127 1393 115 21 inskränka
258 1394 32 27 sig
305 1394 32 21 till
352 1395 111 21 inhemska
479 1396 66 26 bolag,
561 1402 46 14 som
622 1396 7 20 i
644 1395 77 21 landet
743 1395 88 21 allmänt
846 1394 68 20 drifva
929 1396 33 18 rö-

127 1422 61 26 relse,
204 1422 40 20 och
261 1422 57 21 detta
334 1423 21 20 af
370 1425 78 19 tvänne
463 1424 51 20 skäl.
540 1418 19 26 Ä
576 1430 39 14 ena
631 1424 62 21 sidan
710 1424 66 26 ansäg
791 1429 51 14 man
856 1424 30 19 att
895 1422 68 26 kyrka

126 1450 47 20 icke
189 1450 66 21 borde
271 1451 106 21 försäkras
391 1452 8 20 i
414 1452 61 21 dessa
489 1452 133 21 kommunal-
638 1452 55 21 eller
707 1451 147 27 häradsbolag,
869 1450 71 21 hvilka
955 1451 7 20 i

127 1478 75 26 själfva
225 1479 74 21 värket
321 1480 107 27 svärligen
450 1481 72 20 kunna
542 1481 49 21 bära
607 1487 27 15 en
649 1482 70 20 större
734 1480 82 26 förlust,
832 1479 88 21 emedan
936 1479 26 21 de

126 1506 47 21 icke
196 1507 65 21 hafva
284 1507 70 28 någon
375 1509 130 27 reservfond,
521 1510 39 20 och
580 1509 37 21 där
632 1509 7 20 i
655 1508 78 28 själfva
749 1508 74 21 värket
838 1508 102 20 förlusten
955 1508 7 20 i
