1017 1731
172 99 40 20 790
371 105 180 20 Borgareståndet
564 106 52 16 1891.
641 106 26 16 29
681 105 58 20 april

146 185 30 19 att
191 184 35 27 jag
241 190 63 14 anser
319 184 61 20 dessa
395 184 76 21 fonder
487 191 48 14 vara
551 185 118 26 någonting
683 184 34 20 för
732 183 38 21 vär
780 184 198 27 finansförvaltning

146 212 22 20 så
190 212 97 25 skadligt,
307 214 29 19 att
351 213 35 26 jag
402 213 68 20 skulle
487 219 50 14 anse
553 213 44 26 mig
612 213 36 20 illa
663 212 54 27 fylla
732 212 44 20 min
792 213 54 26 plats
862 213 68 20 såsom
946 219 31 14 re-

146 243 122 24 presentant
290 241 6 20 i
319 241 89 22 ständet,
429 241 69 20 därest
512 241 46 49 jae
563 242 46 20 icke
624 241 129 31 begagnade
763 241 73 33 hvarje
851 241 82 20 tillfälle
949 243 29 18 att

146 269 65 20 uttala
228 269 43 32 mig
287 272 44 18 mot
347 269 113 21 desamma.
491 269 67 27 Jag
554 277 34 13 kan
605 270 46 20 icke
667 271 66 19 annat
748 269 46 20 inse
810 271 26 18 än
853 271 35 25 att,
904 269 26 21 då
946 272 32 18 ut-

146 297 78 20 skottet
240 298 18 26 ej
275 298 71 20 funnit
362 298 65 20 andra
443 298 88 21 föremål
547 298 33 20 för
595 299 35 20 sitt
645 297 106 27 ogillande
763 300 27 17 än
802 298 35 20 det
848 299 29 19 att
884 286 34 33 ett
929 305 49 20 pap-

146 326 109 26 persbruk,
271 333 45 13 som
333 327 100 26 möjligen
445 327 46 20 icke
503 327 54 20 hade
569 327 54 20 varit
675 327 46 26 förtjänt
730 326 65 26 däraf,
804 326 38 20 fätt
851 328 29 19 ett
888 326 33 21 län
931 327 46 20 frän

146 355 136 20 statsvärkets
292 355 165 26 utläningsfond,
467 362 49 13 man
525 355 38 20 lätt
571 355 41 20 kan
621 355 50 20 råka
686 356 23 19 ut
722 355 33 20 för
768 350 29 25 att
808 355 20 20 få
841 356 29 19 ett
882 357 53 18 orätt
947 355 31 20 in-

146 383 60 26 tryck
216 383 20 20 af
244 371 166 33 statsutskottets
419 371 115 36 uttalande,
543 383 28 21 låt
582 390 49 14 vara
640 386 29 17 ett
678 385 65 18 annat
750 383 97 26 intryck
842 385 26 18 än
875 383 35 20 det
918 385 60 19 stats-

147 411 101 20 utskottet
257 411 49 27 själf
317 412 30 20 har
363 412 66 21 afsett.
445 412 42 27 Jag
495 411 96 22 befinner
599 412 43 26 mig
654 412 109 20 dessutom
776 411 69 21 säsom
856 412 122 20 industriid-

146 439 50 23 kare
213 439 32 20 vid
264 440 57 20 detta
335 440 82 21 tillfälle
433 441 6 19 i
456 440 35 21 det
506 429 148 38 egendomliga
670 440 47 26 läge
730 441 29 19 att
770 440 40 27 jag,
822 440 85 20 oaktadt
918 440 59 27 gjord

146 468 113 27 förfrågan,
282 469 47 20 icke
351 469 82 26 lyckats
452 469 79 20 erhålla
546 469 35 20 län
597 469 46 20 från
659 469 137 20 statsvärkets
812 468 165 27 utlåningsfond.

148 496 48 21 Men
220 497 36 27 jag
276 497 67 21 måste
359 497 94 21 erkänna
469 499 30 19 att
514 497 55 21 detta
586 497 46 21 icke
648 497 39 21 hos
707 497 44 27 mig
767 497 60 21 väckt
844 497 41 20 den
901 497 76 21 minsta

148 525 149 21 afundsamma
312 526 73 21 känsla
401 529 44 17 mot
461 526 25 20 de
502 532 45 14 mer
563 526 91 26 lyckliga
666 526 177 26 yrkeskamrater,
854 532 45 14 som
911 526 67 20 erhäl-

146 553 24 21 lit
186 554 84 20 sådana.
301 554 73 21 Såsom
391 555 24 19 hr
431 554 112 21 Wasenius
556 555 65 20 redan
634 554 121 21 framhållit,
769 556 35 18 äro
816 554 76 26 mänga
905 554 73 21 inrätt-

148 582 76 26 ningar
247 583 14 19 i'
273 583 35 20 det
327 583 47 27 läge
391 585 28 18 att
435 583 25 21 de
477 583 134 20 existerande
627 582 199 21 kreditanstalterna
843 583 62 20 hafva
921 583 57 20 svårt

147 613 29 18 att
191 610 55 21 förse
263 612 47 19 dem
328 612 48 20 med
391 612 69 20 kredit
475 612 21 20 af
511 612 41 20 den
567 611 150 22 beskaffenhet,
733 617 44 14 som
796 613 8 9 är
830 611 32 20 för
874 612 48 20 dem
936 611 40 20 den

147 639 106 27 egentliga
270 640 38 19 och
325 640 81 26 riktiga.
437 640 93 20 Härmed
547 640 36 20 vill
599 641 36 25 jag
646 639 116 27 ingalunda
799 646 26 20 säga
836 641 29 19 att
876 640 35 20 det
921 640 56 26 prin-

146 667 71 27 cipielt
233 670 23 18 är
271 668 72 26 riktigt
359 670 29 18 att
404 668 125 21 statsvärket
544 668 107 21 bedrifver
666 668 198 26 utlåningsrörelse;
881 670 95 20 tvärtom,

148 696 35 20 det
205 698 23 18 är
250 696 131 27 fullkomligt
403 697 85 26 oriktigt
504 697 4 19 i
525 697 87 27 princip.
643 696 50 21 Men
710 698 38 18 när
763 703 48 13 man
829 702 25 14 en
870 696 56 27 gång
941 696 35 20 be-

147 724 55 20 trädt
224 731 25 14 en
274 725 76 27 oriktig
367 725 59 26 bana,
443 726 63 20 sådan
523 732 46 14 som
585 726 40 20 den
642 727 29 19 att
688 724 100 21 underslå
804 725 127 20 statskassan
950 731 26 14 en

147 754 43 18 stor
206 753 32 20 del
257 754 20 19 af
293 754 41 20 den
350 754 181 26 kapitalbildning,
547 754 74 20 hvaraf
637 753 72 21 landet
725 755 23 18 är
763 753 94 27 mäktigt,
874 753 25 21 då
911 753 65 21 mäste

147 787 48 14 man
222 782 104 26 själffallet
349 782 84 20 komma
455 783 22 19 in
500 783 25 26 på
549 782 78 20 sådana
651 784 70 24 vägar,
737 782 39 20 och
792 788 49 14 man
857 782 34 20 mä
907 782 70 20 därför

147 809 45 21 icke
209 823 27 1 —
251 810 36 26 jag
303 817 104 20 upprepar
423 811 34 20 det
475 813 56 18 ännu
549 817 25 14 en
635 818 12 8 g
666 823 25 2 —
707 810 7 20 i
731 810 45 20 sina
792 810 146 20 bedömanden
956 810 21 20 af

148 838 59 20 dessa
224 838 145 21 förhallanden
387 839 37 20 sila
441 846 89 20 myggor
546 840 37 20 och
601 839 66 27 svälja
682 838 101 21 kameler.

215 923 33 21 Hr
266 924 152 20 Wasenius:
443 924 42 27 Jag
502 924 42 21 kan
559 924 46 21 icke
622 923 113 22 underlåta
751 925 29 19 att
796 924 79 26 påpeka
891 923 86 20 hurule-

147 951 37 21 des
199 952 25 19 hr
239 952 77 21 Heikel
332 959 62 14 anser
409 955 30 18 att
454 953 25 20 de
495 953 40 26 län,
551 959 45 14 som
613 953 94 26 utgifvas
726 952 45 20 från
788 952 136 21 statsvärkets
940 952 36 20 all-

146 982 78 19 männa
240 981 167 26 utläningsfond,
423 981 182 27 hufvudsakligast
621 981 50 20 böra
688 981 45 20 afse
749 981 115 20 understöd
876 980 32 21 för
915 980 62 21 indu-

147 1009 121 26 strigrenar,
291 1015 46 14 som
357 1009 46 21 icke
419 1010 62 20 hafva
497 1010 65 20 utsikt
577 1012 30 18 att
621 1010 88 20 komma
725 1009 32 27 sig
772 1009 44 20 före
833 1012 49 17 utan
900 1009 77 20 under-

146 1037 47 20 stöd
208 1037 46 20 frän
272 1039 79 19 statens
367 1038 50 21 sida.
435 1037 63 22 Detta
513 1038 76 21 strider
605 1038 53 21 dock
674 1039 46 19 mot
736 1037 41 20 den
794 1037 134 27 uppfattning
942 1038 36 26 jag

146 1065 50 26 haft,
212 1068 30 18 att
258 1066 79 20 sådana
354 1066 32 20 län
403 1067 46 20 icke
465 1067 51 20 böra
531 1067 68 26 gifvas
610 1067 47 20 från
665 1066 109 21 allmänna
783 1066 194 27 utlaningsfonden,

147 1082 50 32 utan
221 1094 67 21 hällre
311 1094 46 21 från
380 1082 233 40 undsättningsfonden.
643 1094 79 21 Denna
737 1096 24 18 är
776 1094 71 21 bildad
863 1082 32 32 för
910 1083 68 32 nödli-

147 1122 75 26 dande,
245 1129 49 14 men
318 1123 47 20 från
387 1123 106 21 allmänna
516 1123 189 34 utlåningsfonden
727 1123 49 20 böra
795 1123 41 24 lån,
853 1123 65 27 enligt
933 1123 44 20 min

147 1139 142 38 uppfattning,
305 1152 73 20 endast
394 1152 67 27 gifvas
475 1154 22 18 ut
511 1152 28 27 på
554 1152 79 20 sådana
645 1151 50 22 håll,
703 1151 38 20 där
753 1158 50 13 man
812 1151 47 20 med
869 1151 25 20 all
904 1151 74 29 möjlig

147 1179 98 21 säkerhet
268 1180 40 20 kan
326 1180 92 26 påräkna
434 1183 29 18 att
478 1181 20 20 få
514 1181 146 26 penningarna
677 1179 95 21 tillbaka.
802 1179 62 21 Hvad
881 1174 98 26 beträffar

146 1207 36 20 det
197 1207 21 20 af
234 1208 25 19 hr
273 1208 78 21 Heikel
366 1209 107 26 påpekade
489 1209 146 22 förhållandet,
650 1211 30 18 att
697 1208 145 20 finanschefen
859 1208 5 19 i
882 1208 22 20 R.
921 1215 17 13 o.
952 1208 25 20 A.

146 1235 48 20 med
218 1236 27 20 all
263 1237 130 20 tacksamhet
412 1237 51 27 tagit
479 1239 56 18 emot
550 1237 171 26 anmärkningen
737 1237 38 20 och
792 1236 66 21 lofvat
873 1239 29 18 att
917 1236 59 20 ställa

146 1264 32 26 sig
200 1265 166 20 statsutskottets
388 1266 130 27 uppmaning
533 1266 32 20 till
581 1265 140 21 efterrättelse
737 1265 40 20 och
792 1271 53 20 egna
862 1265 26 20 all
905 1265 73 26 möjlig

147 1293 128 27 urskiljning
291 1294 34 19 vid
342 1293 129 28 beviljandet
487 1295 20 19 af
524 1295 39 25 lån,
579 1295 23 19 så
617 1295 102 19 förvånar
735 1293 57 21 detta
807 1293 44 26 mig
866 1293 52 26 icke,
929 1293 48 20 med

146 1321 41 20 den
203 1321 121 21 kännedom
341 1329 49 13 man
407 1323 38 20 har
460 1329 34 14 om
509 1323 40 20 den
566 1323 97 26 ovanliga
680 1322 76 20 renhet
772 1322 5 19 i
791 1322 130 22 karaktären,
932 1327 46 14 som

146 1350 110 21 utmärker
279 1350 37 20 vår
331 1350 122 21 finanschef.
484 1350 41 21 Det
541 1351 38 20 har
593 1351 46 20 icke
655 1350 57 21 fallit
728 1351 79 20 honom
822 1350 21 19 in
860 1352 29 18 att
904 1356 22 14 se
942 1349 36 20 nå-

146 1380 36 24 got
201 1379 90 21 klander
311 1380 7 19 i
334 1379 55 21 detta
407 1379 113 21 uttalande.
537 1380 41 26 Jag
593 1380 74 26 tycker
684 1381 31 18 att
731 1379 57 21 detta
804 1381 23 18 är
842 1380 30 19 ett
887 1378 45 20 skäl
948 1378 30 20 till

146 1408 29 18 att
191 1409 53 23 väga
260 1408 61 20 hvart
337 1408 36 20 ord
390 1414 49 14 man
455 1408 82 20 uttalar.
553 1408 50 20 Men
619 1408 35 27 jag
669 1410 26 18 är
708 1407 125 27 öfvertygad
850 1414 33 13 om
894 1408 30 19 att
932 1406 47 26 alla,

145 1440 45 14 som
207 1435 47 21 icke
270 1436 71 20 känna
356 1436 200 32 personligheterna,
572 1436 59 21 skola
646 1436 60 20 finna
723 1437 29 19 att
763 1436 30 20 uti
805 1436 55 20 detta
870 1424 109 32 uttalande

145 1462 68 28 ligger
228 1465 30 19 ett
274 1464 93 27 klander,
384 1465 79 20 hvilket
481 1465 34 27 jag
531 1465 73 26 tycker
619 1467 23 18 är
657 1464 149 27 oberättigadt.
