1017 1731
167 110 54 19 1294
381 113 176 22 Borgareståndet
570 115 54 16 1891.
649 113 23 18 20
683 113 48 20 maj.

138 199 73 21 nerna,
226 195 24 18 är
263 193 66 21 likväl
345 194 35 21 det
390 195 29 19 att
426 194 35 27 jag
469 200 62 14 anser
539 193 109 21 desamma
656 193 45 21 icke
710 193 64 20 hafva
782 193 83 20 erhållit
875 192 89 21 tillräck-

137 222 31 27 lig
190 222 39 20 och
251 221 100 28 tillbörlig
371 221 122 28 beredning.
522 221 49 21 Den
586 221 30 21 tid
632 221 103 21 utskottet
750 221 45 20 haft
810 223 30 18 att
854 221 110 26 disponera

139 250 59 21 öfver
216 250 33 20 för
264 250 67 26 dessa,
346 250 38 20 har
398 250 119 27 påtagligen
533 250 47 21 icke
597 250 53 20 varit
665 249 138 27 synnerligen
818 251 48 24 stor,
882 249 39 21 och
936 250 30 19 att

138 278 120 27 respektive
280 278 162 27 landtdagsmän
464 278 47 21 icke
533 278 82 21 kunnat
636 285 54 20 egna
706 277 49 21 dem
771 277 71 27 någon
857 277 109 26 synnerlig

140 306 191 27 uppmärksamhet,
347 307 58 20 torde
426 307 52 20 hvar
499 307 39 20 och
558 313 28 14 en
600 306 69 21 måsta
682 305 115 28 medgifva,
813 305 26 21 då
854 305 112 21 utskottets

139 334 134 21 betänkande
288 335 111 20 inkommit
414 335 67 20 under
496 335 141 26 landtdagens
650 335 50 20 sista
711 334 85 20 timmar
807 334 39 21 och
856 333 53 21 altså
918 333 47 21 icke

139 363 81 20 kunnat
243 363 67 20 blifva
325 363 20 20 af
360 365 197 25 representanterna
572 363 70 20 såsom
657 362 94 27 önskligt
766 369 50 14 vore
831 361 133 22 behandladt.

139 391 50 20 Men
212 397 34 14 om
269 397 50 14 man
342 391 48 20 med
413 391 45 20 skäl
480 391 42 20 kan
537 391 117 20 framställa
669 391 165 26 anmärkningar
850 391 71 20 därom
936 391 30 19 att

139 419 109 20 motionen
271 419 128 21 beträffande
422 419 125 28 försäljning
570 419 21 21 af
605 419 145 26 maltdrycker
764 419 47 20 icke
827 418 83 21 erhållit
924 418 41 21 till-

139 447 80 27 räcklig
234 448 40 20 och
290 447 121 28 nödvändig
425 448 123 27 beredning,
563 447 24 21 så
602 447 67 28 gäller
683 447 58 20 detta
753 447 7 20 i
771 449 58 18 ännu
839 447 65 27 högre
914 446 52 27 grad

140 476 41 20 den
204 481 75 15 senare
300 476 21 20 af
336 476 101 21 utskottet
452 476 113 21 omfattade
581 476 114 26 motionen,
712 475 53 21 eller
780 475 42 21 den
837 475 129 21 beträffande

140 504 60 20 viner
215 504 39 20 och
270 504 66 21 andra
351 511 87 20 svagare
453 504 133 26 rusdrycker.
616 503 33 22 De
664 503 178 28 motionsförslag,
857 510 45 14 som
912 503 54 21 före-

140 532 62 27 ligga,
218 534 42 25 äro,
275 532 69 21 säsom
360 539 63 19 synes
439 533 20 20 af
469 532 148 27 betänkandet,
628 532 99 21 indelade
737 532 8 20 i
755 533 28 19 44
792 532 124 27 paragrafer.
938 531 29 20 Af

140 560 61 21 dessa
216 560 39 20 har
271 561 102 20 utskottet
387 560 66 22 bildat
469 562 28 19 ett
512 561 79 27 förslag
605 560 28 28 pä
649 562 11 19 7
677 560 127 28 paragrafer.
834 560 60 20 Altsä
904 560 63 20 hafva

140 588 26 21 de
188 588 71 20 blifvit
277 589 8 19 i
306 589 33 20 sin
361 589 70 21 helhet
447 589 186 26 omformulerade;
651 590 38 20 och
706 595 35 13 om
756 595 51 13 man
822 589 63 19 äfven
900 588 66 20 mäste

140 616 107 28 medgifva
263 618 30 20 att
307 617 132 21 motionerna
453 617 200 27 öfverhufvudtaget
673 617 77 20 vunnit
768 623 77 21 genom
855 616 111 20 utskottets

140 644 135 49 kania,
291 645 24 21 sä
329 645 84 21 fruktar
427 646 34 26 jag
476 646 65 20 likväl
557 647 30 19 att
601 652 78 20 genom
695 646 30 19 ett
740 644 23 21 sä
779 644 141 21 brädstörtadt
934 644 32 20 in-

139 673 88 21 förande
243 680 11 13 af
279 680 43 20 nya
337 674 104 26 principer
450 674 8 20 i
467 674 160 26 lagstiftningen
643 673 87 27 mycket
745 673 52 21 ondt
811 672 71 21 kunde
898 672 68 21 ästad-

139 702 102 20 kommas.
272 701 74 21 Säsom
365 703 29 19 ett
410 702 57 20 bevis
482 703 8 19 i
504 702 33 20 sin
553 702 49 20 män
619 702 64 27 därpä
699 703 30 19 att
745 702 101 20 utskottet
860 701 47 21 icke
923 700 43 21 haft

140 729 113 27 tillräcklig
269 730 30 20 tid
314 730 33 20 för
362 729 129 28 behandling
505 730 21 20 af
542 730 57 21 detta
614 730 85 26 ärende,
715 730 60 20 torde
791 730 63 20 äfven
869 729 40 21 den
922 736 44 13 om-

140 758 149 26 ständigheten
304 758 73 20 kunna
392 758 83 21 anföras
490 760 29 19 att
535 758 36 22 det
585 758 128 27 föregående
726 758 197 26 motionsförslaget,
934 757 32 21 till

140 786 80 20 hvilket
242 786 156 21 motionärerne
420 787 35 20 hrr
470 786 94 22 Jusölius
580 787 39 20 och
635 786 108 27 Olouberg
757 786 8 20 i
780 786 36 21 sitt
830 786 136 20 motionsme-

140 814 75 20 morial
230 814 109 28 föreslagit
354 821 26 14 en
395 815 87 27 ingress,
498 815 83 21 erhällit
596 821 26 15 en
638 815 73 26 sädan,
726 821 50 14 men
792 816 51 19 enär
858 814 25 20 de
899 814 67 26 öfriga

140 842 156 21 motionärerne
318 843 47 20 icke
387 843 107 27 föreslagit
515 843 71 27 nägon
604 844 82 26 ingress
702 842 33 21 till
751 843 35 21 det
801 848 73 15 senare
888 842 78 26 lagför-

140 870 72 27 slaget,
227 870 40 21 har
281 871 102 21 utskottet
397 871 46 21 icke
458 871 67 21 häller
538 872 8 20 i
561 872 30 20 tid
605 872 77 20 hunnit
697 871 65 21 tänka
776 870 28 28 pä
816 872 30 20 att
856 870 34 21 det
901 870 64 20 borde

140 898 79 21 erhälla
242 905 26 14 en
291 899 72 23 sädan,
378 901 51 19 utan
444 900 89 26 nödgats
548 900 7 20 i
571 901 30 19 ett
615 900 89 27 nyligen
721 899 96 21 utdeladt
832 898 133 28 tilläggsblad

139 927 78 21 föreslå
235 927 83 28 ingress
339 928 75 21 därtill.
430 940 28 3 —
472 928 49 21 Med
541 928 84 27 hänsyn
640 928 32 21 till
687 928 44 21 den
746 928 60 20 korta
822 927 36 27 tid,
873 933 44 14 som
933 928 33 19 ut-

140 956 78 20 skottet
232 956 45 20 haft
292 956 32 20 till
339 956 36 21 sitt
389 956 129 27 förfogande,
534 957 40 20 och
589 957 48 20 med
653 957 85 26 hänsyn
753 956 33 21 till
802 956 40 21 den
853 957 57 19 ännu
919 955 47 20 kor-

139 985 45 20 tare
199 984 36 26 tid,
251 990 46 15 som
312 986 197 25 representanterna
523 985 59 20 inom
597 985 131 26 landtdagen
743 984 83 21 kunnat
840 990 54 21 egna
905 983 61 21 dessa

139 1012 80 27 viktiga
234 1012 120 27 lagförslag,
370 1013 80 27 nödgas
464 1013 35 27 jag
514 1013 82 20 säledes
611 1013 110 20 vördsamt
736 1012 77 21 föreslä
828 1014 31 19 att
868 1012 98 27 borgare-

139 1040 89 27 ständet,
251 1041 69 20 under
341 1041 140 27 förhoppning
501 1043 30 19 att
550 1041 129 27 proposition
695 1041 7 20 i
719 1041 87 20 ärendet
820 1041 76 20 varder
910 1042 56 19 näst-

139 1069 200 20 sammanträdande
362 1069 85 21 ständer
467 1069 100 28 förelagd,
589 1069 50 21 ville
659 1069 95 21 förklara
777 1071 30 18 att
828 1068 138 21 förevarande

138 1097 106 20 motioner
259 1097 48 20 icke
321 1097 110 21 föranleda
446 1097 32 21 till
492 1097 71 28 nägon
579 1098 72 27 ätgärd
667 1097 48 21 frän
731 1097 94 21 ständets
840 1097 50 20 sida.

143 1194 8 3 W
207 1169 32 21 Hr
255 1170 135 21 Borenius:
406 1171 41 27 Jag
462 1171 37 21 ber
514 1173 30 19 att
558 1172 8 19 i
581 1171 40 21 allo
637 1171 22 21 fä
671 1171 86 21 ansluta
767 1171 44 26 mig
820 1170 32 21 till
865 1170 35 20 det
910 1170 20 20 af
942 1171 25 20 hr

138 1198 83 20 Öhman
244 1205 29 14 nu
295 1199 74 26 gjorda
385 1199 122 21 uttalandet.
537 1199 98 21 Likasom
650 1200 44 20 han
710 1205 63 15 anser
786 1199 36 26 jag
837 1198 35 21 det
887 1198 79 27 ganska

137 1226 119 27 betänkligt
271 1229 30 18 att
316 1227 23 20 sä
353 1227 38 20 här
406 1227 27 27 pä
447 1228 38 20 rak
499 1234 46 14 arm
560 1228 85 27 vidtaga
657 1228 23 20 sä
691 1227 181 27 genomgripande
882 1226 84 21 föränd-

137 1255 73 26 ringar
224 1255 7 20 i
246 1261 31 14 nu
293 1255 98 28 gällande
406 1255 137 28 lagstiftning,
559 1257 39 20 och
613 1258 44 19 tror
671 1257 37 26 jag
723 1257 30 19 att
764 1255 65 21 saken
840 1255 75 20 endast
924 1254 42 20 kan

137 1283 66 20 vinna
224 1283 27 27 pä
273 1285 31 19 att
326 1283 21 21 fä
370 1284 56 20 hvila
448 1284 32 21 till
495 1286 60 19 nästa
569 1285 106 27 landtdag.
707 1284 42 27 Jag
763 1284 39 20 ber
817 1283 69 20 därför
902 1284 29 19 att
946 1282 21 20 fä

137 1311 105 26 tillstyrka
265 1312 129 27 antagandet
416 1312 21 21 af
458 1313 35 20 det
515 1313 21 20 af
558 1313 25 20 hr
603 1313 82 20 Öhman
702 1312 120 27 föreslagna
838 1311 128 20 motiverade

137 1339 94 27 afslaget.

207 1406 33 21 Hr
255 1407 129 21 Kivekäs:
415 1408 59 20 Minä
495 1408 119 27 puolestani
635 1408 100 20 uskallan
758 1408 42 20 olla
824 1407 62 20 aivan
908 1406 59 27 päin-

138 1435 100 21 vastaista
261 1436 139 26 mielipidettä
414 1436 53 20 kuin
483 1436 95 21 edelliset
601 1436 92 21 arvoisat
711 1436 96 26 puhujat.
837 1434 130 21 Valiokunta

136 1463 39 21 itse
198 1464 168 20 mietinnössään
381 1464 143 27 huomauttaa,
547 1466 42 20 että
603 1471 22 14 se
641 1465 20 20 ei
683 1464 36 20 ole
734 1464 101 20 katsonut
856 1462 111 21 mahdolli-

137 1492 56 20 seksi
210 1492 73 21 niiden
295 1493 172 26 sääty-esitysten
479 1493 102 27 johdosta,
591 1493 51 27 joita
653 1492 82 21 muissa
745 1492 109 26 säädyissä
864 1498 27 13 on
903 1491 64 27 tehty,
