1017 1731
171 95 40 20 616
375 101 178 22 Borgareståndet
565 103 52 17 1891.
641 103 24 17 10
678 102 59 21 april.

145 180 87 21 hvilken
254 180 54 21 våda
330 181 119 28 egentligen
471 181 68 21 skulle
559 182 56 27 ligga
631 182 44 20 däri
691 183 30 18 att
735 181 43 20 han
794 181 48 21 med
858 188 26 14 en
900 181 34 21 del
950 181 21 20 af

145 209 34 20 sin
198 209 147 27 förmögenhet
366 210 106 21 bedrifver
487 216 27 15 en
528 210 79 21 rörelse
622 210 27 27 på
663 209 70 28 grund
749 209 22 21 af
786 210 122 27 aktielagen.
938 209 33 21 Då

146 237 36 28 jag
197 238 118 21 emellertid
337 239 38 20 har
395 238 64 27 ordet,
482 238 37 21 vill
533 239 36 27 jag
584 240 55 25 yttra
654 239 44 26 mig
713 238 64 21 äfven
792 239 49 20 med
857 238 114 27 anledning

147 265 21 21 af
182 266 26 20 hr
222 266 112 21 Borenius'
350 267 79 27 förslag
444 267 32 20 till
491 267 92 27 språklig
602 267 90 28 ändring
707 267 7 20 i
729 267 69 27 lagen.
828 267 40 27 Jag
883 268 43 19 tror
942 269 29 18 att

147 294 35 21 det
204 295 46 20 icke
273 297 22 18 är
315 295 121 21 välbetänkt
457 297 30 19 att
506 302 26 13 ur
547 295 83 28 språket
645 297 118 20 utmönstra
779 295 79 21 sådana
873 295 37 21 ord
925 301 46 14 som

146 324 14 19 t.
183 329 33 15 ex.
238 323 106 27 uttrycket
366 323 73 28 ,lägga
458 324 80 27 bolag",
558 324 80 21 hvilket
653 327 24 18 är
694 324 50 21 fullt
759 324 65 21 exakt
838 324 38 21 och
891 323 80 21 hvilket

146 351 48 21 icke
208 351 43 21 kan
267 354 87 19 ersättas
369 352 48 21 med
433 353 35 20 det
480 353 119 26 föreslagna
614 353 69 27 ,bilda
694 352 82 27 bolag",
791 353 79 20 hvilket
880 353 8 20 i
900 352 71 27 spräk-

146 379 39 28 ligt
205 380 121 21 hänseende
348 381 105 21 bestämdt
475 383 22 18 är
519 381 90 27 oriktigt.
640 381 52 21 Vårt
710 381 64 27 språk
789 383 23 18 är
826 381 46 21 icke
887 381 23 20 så
924 381 47 26 rikt,

147 410 30 19 att
198 415 51 14 man
271 409 38 20 har
330 409 37 20 råd
390 411 30 19 att
437 409 59 21 kasta
511 409 48 21 bort
573 410 76 26 riktiga
663 409 87 27 uttryck
766 409 70 21 därför
850 411 30 19 att
894 409 26 21 de
936 411 36 18 äro

147 437 75 26 gamla.
252 437 101 21 Däremot
375 437 38 22 ber
432 438 35 27 jag
486 439 29 20 att
529 438 22 21 få
566 438 73 21 förena
653 439 44 26 mig
713 445 35 14 om
763 438 26 20 hr
804 437 110 22 Borenius'
930 438 42 20 för-

147 465 46 27 slag
213 467 30 19 att
266 465 65 22 orden
353 466 64 27 efter
432 467 40 26 ty",
495 467 71 20 hvilka
585 467 46 21 icke
646 467 54 20 blott
720 468 36 19 äro
772 468 75 25 ytterst
861 466 45 21 fula
921 468 50 18 utan

148 493 62 22 äfven
226 493 157 29 ålderdomliga,
399 495 64 21 måtte
479 495 85 27 utbytas
579 497 44 19 mot
639 495 108 27 uttrycket
762 495 38 27 ,på
816 495 56 21 sätt".

216 550 33 22 Då
271 552 64 26 ingen
358 552 73 20 vidare
453 552 71 21 anhöll
539 559 34 14 om
589 552 64 28 ordet,
676 552 132 21 förklarades
824 552 147 20 diskussionen

147 579 90 21 rörande
254 580 12 26 $
283 580 11 20 1
310 580 50 20 härä
375 580 97 27 afslutad,
494 581 39 20 och
555 581 121 21 framstälde
695 581 26 20 hr
736 581 122 21 talmannen
874 580 31 21 till
920 580 53 21 först

147 608 7 19 i
177 608 116 27 anledning
313 609 22 20 af
357 608 25 21 de
405 609 56 21 olika
481 609 79 27 förslag
578 615 45 15 som
638 610 67 27 gjorts
720 609 130 21 beträffande
866 609 34 21 det
915 609 56 20 antal

147 642 105 21 personer,
276 637 73 20 hvaraf
370 637 139 28 aktiebolaget
524 638 65 21 minst
603 638 65 21 borde
684 639 93 26 utgöras,
800 644 26 14 en
842 638 23 20 sä
879 638 93 26 lydande

148 665 269 27 omröstningsproposition
423 673 4 13 :

217 721 39 27 De,
280 722 74 21 hvilka
374 722 72 22 säsom
467 724 214 27 kontraproposition
701 724 47 20 mot
762 723 112 21 utskottets
889 722 83 28 förslag

148 750 35 21 till
198 750 79 27 lydelse
292 750 35 28 för
342 751 15 27 $
371 752 12 20 1
397 752 10 20 i
422 752 71 20 denna
508 752 34 20 del
556 752 115 27 föredraga
691 752 36 20 det
741 751 83 27 förslag
840 751 133 27 beträffande

148 785 87 14 samma
254 780 116 26 paragraf,
393 787 46 13 som
461 780 124 27 framstälts
603 780 10 21 i
634 781 41 21 den
700 780 144 20 betänkandet
858 780 115 27 vidfogade

147 807 169 27 reservationen,
331 810 60 19 rösta
401 808 39 28 ja;
456 809 30 27 de,
502 809 35 21 det
550 809 45 21 icke
609 812 59 24 göra,
685 810 61 19 rösta
761 808 48 28 nej;

216 836 81 20 vinner
310 836 42 28 nej,
369 836 41 22 har
426 837 174 27 borgareständet
613 838 10 20 i
637 838 60 20 detta
717 837 121 21 hänseende
853 836 121 28 föredragit

146 864 41 20 den
202 864 83 28 nädiga
297 865 178 27 propositionens
490 866 79 27 lydelse
583 866 36 27 för
633 868 15 24 $
665 867 16 20 1.

217 921 304 29 Omröstningspropositionen
547 923 126 21 besvarades
697 922 49 21 med
770 922 154 27 öfvervägande
946 922 27 27 ja,

147 949 33 20 till
194 949 53 28 följd
263 951 74 20 hvaraf
351 951 42 21 den
415 951 64 28 därpä
501 951 93 28 följande
609 951 159 28 propositionen
784 951 65 21 erhöll
865 957 27 14 en
908 950 64 21 sädan

148 977 148 29 formulering:

218 1035 39 27 De,
280 1036 73 21 hvilka
373 1037 35 20 uti
427 1037 172 27 ifrågavarande
614 1037 102 28 afseende
730 1036 118 27 godkänna
862 1036 112 21 utskottets

147 1064 84 27 förslag
255 1064 35 21 till
313 1065 78 27 lydelse
413 1065 35 28 för
469 1066 15 27 $
506 1067 12 19 1
533 1065 149 28 oförändradt,
702 1067 61 19 rösta
772 1065 40 27 ja;
834 1065 31 26 de,
881 1065 34 20 det
929 1065 45 20 icke

146 1095 60 24 göra,
222 1095 61 18 rösta
298 1093 47 27 nej;

216 1121 81 21 vinner
319 1122 42 27 nej,
385 1122 41 21 har
448 1123 174 27 borgareständet
644 1121 136 28 beträffande
799 1121 176 21 minimiantalet

150 1149 128 28 bolagsmän
291 1151 110 26 godkändt
415 1151 35 20 det
463 1151 88 28 förslag,
567 1159 46 13 som
629 1151 126 28 framstälts
770 1150 10 21 i
794 1151 40 20 den
851 1150 35 21 till
899 1150 74 20 betän-

150 1178 80 20 kandet
244 1178 77 27 fogade
336 1179 166 27 reservationen,
518 1182 59 18 samt
591 1180 88 21 beslutit
691 1179 161 20 äterremittera
864 1185 110 20 paragra-

150 1206 38 27 fen
203 1207 37 27 för
254 1207 159 28 omredigering
427 1208 10 20 i
451 1208 58 21 detta
523 1208 64 28 syfte.

222 1263 83 22 Genom
327 1264 81 21 anstäld
431 1265 100 27 votering,
554 1271 46 15 som
618 1265 61 20 utföll
696 1264 49 21 med
762 1265 26 20 23
804 1264 21 27 ja
840 1264 39 20 och
895 1263 25 20 31
936 1263 41 26 nej,

150 1291 69 22 beslöt
234 1292 90 27 ständet,
338 1293 49 20 med
403 1293 134 21 förkastande
552 1294 21 20 af
588 1294 113 21 utskottets
717 1293 79 26 förslag
812 1292 31 21 till
853 1291 81 27 lydelse
945 1291 33 20 för

152 1321 12 26 $
181 1320 18 27 1,
220 1322 31 19 att
267 1321 151 22 återremittera
432 1322 124 27 paragrafen
579 1322 32 21 till
625 1322 110 26 utskottet,
756 1321 33 20 för
804 1323 30 18 att
848 1319 130 22 beträffande

150 1349 165 21 minimiantalet
330 1356 106 21 personer,
451 1351 73 20 hvaraf
539 1352 29 19 ett
583 1351 121 26 aktiebolag
716 1349 66 21 borde
793 1351 91 25 utgöras,
899 1348 79 21 erhälla

152 1378 40 20 den
209 1378 88 28 lydelse,
313 1385 45 14 som
373 1379 118 27 föreslagits
507 1380 30 20 uti
553 1379 41 21 den
609 1380 31 20 till
660 1378 147 22 betänkandet
821 1377 76 28 fogade
912 1383 66 15 reser-

150 1406 107 22 vationen.

221 1463 134 21 Beträffande
379 1464 36 21 det
429 1464 21 21 af
465 1464 25 21 hr
503 1464 105 21 Borenius
623 1464 77 21 väckta
716 1463 80 27 förslag
811 1464 29 19 att
854 1461 125 29 paragrafen

152 1491 68 21 skulle
242 1492 163 21 äterremitteras
427 1493 34 21 för
477 1494 29 20 att
520 1492 123 28 förtydligas
659 1492 88 26 därhän,
772 1493 30 20 att
816 1498 26 14 ur
857 1490 122 21 densamma
