1017 1731
288 113 177 20 Borgareständäet
481 114 54 16 1891.
560 114 26 16 29
600 114 57 20 april.
826 109 38 20 797

62 193 70 20 arbete
148 192 138 27 öfvertlödigt.
312 192 41 27 Jag
368 192 69 20 skulle
453 192 82 21 säledes
551 193 53 26 yrka
620 194 29 19 att
665 192 74 27 frågan
755 193 68 20 skulle
840 193 51 20 hän-

61 221 81 26 skjutas
158 221 32 20 till
206 221 153 26 delegationen.

129 294 33 21 Hr
184 294 150 20 Rönnbäck:
370 293 166 27 Delegationens
559 294 160 21 ifrågavarande
743 295 56 20 kläm
822 297 23 18 är
868 295 23 20 så

60 323 102 26 lydande:
194 323 48 25 Att
264 323 113 20 ständerna
400 323 65 20 mätte
488 323 65 20 uttala
577 329 9 13 sig
631 329 33 14 om
688 323 80 21 hvilket
791 323 99 20 afseende

60 351 113 20 ständerna
197 351 49 20 ville
269 351 52 20 fästa
338 351 33 20 vid
389 351 100 27 förslaget
505 353 29 19 att
550 351 105 27 uppställa
670 352 220 20 Alexanders-monu-

61 381 79 19 mentet
156 380 26 27 på
197 379 81 28 platsen
295 379 92 21 emellan
402 379 103 21 Finlands
521 380 56 20 bank
593 380 38 20 och
669 380 143 21 ständerhuset".
836 379 54 21 Där-

60 409 48 20 med
124 410 23 18 är
162 408 82 21 således
259 408 46 21 icke
322 408 61 27 sagdt
398 410 29 18 att
443 408 149 27 delegationen
612 408 64 27 begär
692 411 29 18 ett
737 409 104 20 bestämdt
857 411 33 18 ut-

60 437 84 20 talande
166 437 21 20 af
209 437 119 22 ständerna,
351 436 106 21 huruvida
473 439 70 24 statyn
560 437 52 20 skall
630 437 71 20 ställas
717 437 37 20 där
770 437 51 21 eller
836 437 53 26 icke,

60 467 50 18 utan
134 465 147 27 delegationen
306 465 63 27 begär
385 465 75 20 endast
476 468 30 18 att
521 465 21 20 få
558 467 48 19 veta
621 465 80 21 hvilket
717 466 99 20 afseende
832 467 57 19 stän-

60 493 65 21 derna
148 494 51 27 vilja
221 494 54 20 fästa
296 493 35 21 vid
354 493 105 25 förslaget.
491 494 40 20 För
550 494 44 20 min
611 494 34 20 del
660 501 61 13 anser
736 495 36 26 jag
788 496 29 18 att
832 496 56 18 stän-

60 522 66 21 derna
141 522 51 21 böra
207 522 73 21 därvid
296 522 53 21 fästa
365 523 43 25 just
423 526 30 17 ett
469 523 76 20 sädant
560 523 100 20 afseende
676 529 44 14 som
737 523 24 20 hr
776 522 112 26 Tallgvists

59 550 58 21 kläm
132 551 94 26 innebär,
250 551 19 20 d.
285 558 18 12 v.
320 557 15 13 s.
351 554 30 17 att
396 551 114 21 ständerna
527 558 50 14 anse
595 551 146 27 delegationen
758 552 50 20 böra
824 553 64 25 ytter-

59 579 65 27 ligare
139 580 7 20 i
162 579 84 21 samråd
261 579 48 21 med
325 580 136 26 konstnären,
480 586 45 14 som
541 580 39 20 har
595 580 32 26 sig
643 580 116 27 uppdraget
775 582 29 18 att
819 580 69 20 utföra

58 608 86 26 arbetet,
160 608 127 27 öfverlägga,
310 608 105 20 huruvida
431 614 27 14 en
480 608 124 27 förändring
619 608 5 21 i
641 608 99 21 afseende
757 608 11 20 &
784 608 41 20 den
841 608 48 20 tidi-

60 643 49 20 gare
133 636 109 21 bestämda
265 636 81 27 platsen
367 636 33 20 för
415 639 71 24 statyn
503 637 41 20 kan
561 637 86 20 komma
662 637 5 19 i
684 637 63 27 fråga,
771 636 68 21 under
854 636 36 21 det

58 665 114 21 ständerna
194 665 120 27 principielt
336 665 65 20 uttala
417 665 32 27 sig
465 665 33 20 för
513 667 30 19 att
559 665 41 21 den
617 668 70 18 senast
702 665 118 27 föreslagna
836 665 52 27 plat-

57 700 39 14 sen
111 694 7 19 i
134 694 98 20 afseende
249 694 11 19 &
277 693 145 27 omgifningen
439 694 140 26 ovilkorligen
597 700 49 14 vore
665 694 40 20 den
722 694 136 26 lämpligaste.

127 772 31 21 Hr
178 773 143 26 Federley:
353 773 129 21 Godkändes
505 774 24 19 hr
551 773 112 27 Tallgvists
679 774 62 21 kläm,
765 773 53 20 hade
841 772 47 20 bor-

56 801 136 27 gareständet
207 802 7 19 i
230 802 39 20 och
284 802 48 20 med
349 802 118 20 detsamma
484 802 75 20 uttalat
575 804 30 18 att
620 802 179 26 borgareständet,
816 801 26 20 dä
853 801 35 21 det

56 829 70 21 finner
140 830 77 26 många
233 830 136 26 olägenheter
384 836 49 14 vara
449 830 102 20 förenade
567 830 49 20 med
632 832 81 25 statyns
726 830 138 26 förläggande
876 830 12 20 ä

56 860 146 25 senatstorget,
225 858 32 20 för
272 859 31 20 sin
328 858 33 21 del
377 858 46 21 icke
439 859 80 20 önskar
533 861 78 24 statyns
631 859 137 27 förläggande
784 858 56 27 uppå
856 864 31 14 se-

56 888 122 26 natstorget,
194 889 49 19 utan
261 889 29 18 att
306 887 91 20 beslutet
413 887 74 20 därom
504 887 37 20 bör
558 887 116 27 upphäfvas
690 888 38 20 och
745 894 28 19 ny
790 886 54 27 plats
855 886 33 20 för

56 917 71 25 statyn
149 918 92 25 antagas.
271 915 33 21 Då
328 915 148 27 delegationen
501 916 46 20 icke
570 916 38 20 har
623 916 74 20 uttalat
713 916 32 26 sig
760 915 126 21 bestämdt
875 911 14 36 i

56 943 71 21 denna
142 944 74 27 punkt,
239 944 22 20 så
277 944 62 20 hafva
355 944 115 21 ständerna
494 945 119 26 egentligen
629 945 46 20 icke
691 947 30 18 att
736 944 56 20 hålla
808 944 32 27 sig
856 943 30 20 till

56 972 64 27 något
135 973 79 26 förslag
229 973 46 20 från
292 973 160 26 delegationens
469 973 51 20 sida.
543 973 42 26 Jag
600 973 33 20 för
647 973 44 20 min
707 973 34 20 del
757 972 69 20 skulle
836 978 50 14 anse

56 1002 30 19 att
108 1002 29 19 ett
160 1001 75 20 sådant
259 1001 108 20 uttalande
389 1001 67 20 borde
472 1001 109 27 föreligga,
604 1001 63 20 innan
684 1001 114 21 ständerna
813 1001 73 19 kunna

57 1028 82 21 besluta
155 1029 32 27 sig
202 1029 7 20 i
225 1029 71 26 saken,
320 1030 39 20 och
375 1029 69 20 skulle
459 1030 38 27 jag
511 1030 32 20 för
559 1030 41 20 den
616 1029 55 21 skull
687 1036 50 14 anse
754 1031 30 18 att
799 1029 87 20 ärendet

55 1057 66 20 borde
145 1057 163 21 äterremitteras
329 1058 30 20 till
377 1058 150 27 delegationen
542 1058 50 21 med
608 1058 130 27 uppmaning
754 1057 32 21 till
802 1057 84 26 delega-

54 1085 73 21 tionen
144 1088 29 19 att
188 1086 108 21 inkomma
311 1086 48 21 med
376 1086 107 21 bestämdt
498 1087 109 20 uttalande
617 1087 7 20 i
635 1089 76 23 ämnet,
722 1087 66 19 innan
799 1085 87 21 ärendet

54 1113 32 21 till
102 1114 73 27 slutlig
189 1115 100 26 pröfning
304 1116 107 26 upptages.

123 1187 33 21 Hr
170 1188 163 21 Rönnbäck:
365 1188 39 21 Om
421 1188 175 27 borgareståndet
612 1189 76 20 uttalar
704 1190 29 19 att
749 1187 137 27 olägenheter

54 1216 115 21 förefinnas
192 1217 8 19 i
222 1217 100 20 afseende
345 1217 11 20 &
372 1219 83 24 statyns
472 1217 108 27 placering
595 1217 26 27 pä
637 1218 145 25 senatstorget,
805 1216 22 20 så
843 1218 43 18 tror

53 1245 36 26 jag
111 1247 30 18 att
164 1245 56 20 detta
243 1247 23 18 är
288 1252 26 13 en
331 1245 42 26 sak,
397 1252 46 13 som
459 1246 65 27 ingen
541 1245 111 21 människa
667 1246 42 20 kan
725 1245 97 20 bestrida.
853 1244 33 20 Hr

54 1273 112 26 Tallqvists
182 1273 78 27 förslag
275 1274 90 20 innebär
380 1273 92 21 sålunda
488 1274 46 21 icke
551 1274 116 27 någonting
679 1276 52 25 nytt,
748 1275 51 18 utan
811 1273 75 20 endast

54 1303 30 19 ett
107 1301 103 27 vädjande
233 1302 30 20 till
288 1302 148 27 delegationen
461 1304 31 19 att
513 1303 52 20 efter
587 1303 82 20 samråd
690 1302 49 21 med
755 1301 131 20 konstnären

54 1332 74 24 pröfva
143 1330 41 21 den
200 1337 30 14 nu
246 1331 119 26 föreslagna
381 1330 95 27 platsens
491 1331 127 27 lämplighet.
649 1331 62 20 Hvad
730 1331 25 19 hr
772 1329 114 26 Federleys

53 1358 79 28 förslag
155 1365 34 14 om
212 1359 120 21 återremiss
355 1359 104 26 beträffar,
484 1359 23 21 så
528 1359 68 21 skulle
617 1359 35 27 jag
667 1361 99 19 motsätta
781 1357 44 27 mig
841 1357 44 21 det-

54 1393 85 15 samma.
170 1387 42 21 Det
233 1388 68 20 skulle
323 1388 62 20 hafva
408 1387 32 21 till
457 1388 80 27 påföljd
553 1388 101 26 antingen
669 1390 30 18 att
714 1388 57 20 detta
787 1392 41 20 nya
844 1386 20 20 fö

54 1415 46 27 slag
114 1416 47 20 icke
178 1416 68 20 skulle
267 1416 73 20 kunna
361 1416 86 21 komma
464 1416 33 21 till
513 1417 124 20 ständernas
653 1416 132 26 granskning
800 1414 20 21 fö

54 1443 35 21 vid
105 1446 59 18 nästa
180 1444 107 27 landtdag,
303 1444 80 20 hvilket
398 1446 23 18 är
440 1444 67 28 något
522 1445 32 20 för
569 1447 53 24 sent,
638 1444 51 21 eller
705 1444 63 21 också
784 1445 30 19 att
829 1443 56 21 dele-

53 1472 100 26 gationen
176 1472 68 21 skulle
267 1473 82 26 skynda
365 1474 29 19 att
409 1473 96 20 inlämna
522 1473 133 21 betänkande
670 1473 6 20 i
693 1473 72 25 saken,
788 1474 51 18 utan
856 1472 30 20 att

53 1500 124 21 densamma
200 1501 81 20 kunnat
305 1501 52 21 eller
378 1502 78 20 hunnit
480 1502 96 20 samråda
599 1502 48 20 med
663 1501 129 21 konstnären
808 1500 27 26 på
850 1500 36 20 det
