1017 1731
160 113 54 20 1256
375 118 180 21 Borgareståndet
568 119 54 16 1891.
644 119 22 17 19
679 119 47 20 maj.

134 197 32 27 cip
189 197 65 20 också
276 197 129 27 fullkomligt
427 197 32 21 till
477 198 25 20 hr
517 197 114 22 Forselius'
646 197 61 27 åsikt,
722 197 85 21 hvilken
823 197 56 22 förut
894 198 68 20 finnes

133 225 95 27 uttryckt
242 226 7 20 i
265 226 25 20 hr
305 225 123 28 Landgrens
442 226 136 21 reservation.
608 225 42 22 Det
665 228 24 18 är
704 232 26 14 en
746 225 69 21 under
830 226 40 21 alla
886 226 76 20 förhål-

133 254 77 21 landen
227 254 67 27 viktig
309 255 39 20 och
364 260 53 15 sann
433 256 42 19 sats
490 256 31 19 att
535 254 64 27 ingen
615 254 42 21 kan
673 255 58 26 tjäna
747 256 77 19 tvänne
835 255 77 26 herrar,
923 254 38 20 och

134 282 36 21 det
191 284 23 18 är
236 282 100 21 särskildt
358 282 75 27 viktigt
455 284 30 19 att
499 282 102 21 Finlands
616 282 68 21 banks
701 282 103 21 direktion
820 282 60 24 skall,
895 282 67 21 såvidt

133 310 89 27 möjligt,
237 310 33 21 stå
284 310 27 21 fri
325 310 48 21 från
389 311 40 20 alla
449 311 66 20 andra
530 311 133 20 influerande
674 311 146 21 förhållanden
832 311 8 20 i
855 311 107 26 affärsväg.

134 338 94 21 Sålunda
251 339 54 20 skall
327 339 36 20 det
381 339 44 21 helt
439 339 52 20 visst
505 339 64 20 lända
585 339 31 20 till
631 339 98 20 bankens
744 339 84 27 båtnad,
844 346 34 14 om
894 339 68 21 direk-

134 367 83 21 tionens
239 367 140 21 medlemmar
401 367 134 21 uteslutande
559 367 74 21 bindas
657 367 36 20 vid
709 367 71 21 denna
796 367 166 28 sysselsättning,

134 396 40 20 och
196 395 110 21 dessutom
328 397 43 19 tror
391 396 36 27 jag
446 396 35 20 det
497 395 64 21 också
575 395 54 21 skall
643 395 120 28 medgifvas
778 398 30 19 att
822 396 7 20 i
845 396 49 20 våra
909 396 54 20 tider

135 430 27 14 en
177 423 110 27 värkligen
303 423 64 21 nitisk
382 424 155 26 bankdirektör,
553 430 45 15 som
614 424 37 20 vill
667 424 52 27 följa
734 424 49 21 med
798 424 164 26 förhållandena,

134 451 47 21 icke
204 451 55 21 blott
273 452 58 21 inom
354 452 89 27 banken,
459 454 52 19 utan
526 452 63 21 äfven
605 454 59 19 utom
681 452 124 21 densamma
820 452 58 21 såväl
893 453 7 19 i
916 455 47 24 eget

134 480 50 20 land
200 487 47 14 som
262 480 7 20 i
285 480 101 27 utlandet,
408 481 79 20 hvilket
511 481 64 20 äfven
589 481 26 20 hr
632 480 100 21 Stenroth
747 480 90 27 påpekat
852 481 68 20 såsom
936 487 26 14 en

135 508 164 28 nödvändighet,
314 509 47 21 icke
377 509 53 21 skall
444 509 63 21 hafva
529 509 30 21 tid
582 509 32 21 till
629 509 66 27 något
709 511 70 19 annat.
810 509 48 21 Men
875 510 35 20 det
924 509 39 20 fin-

136 543 37 15 nes
189 539 29 19 ett
234 537 51 27 skäl,
301 543 44 15 som
361 537 44 21 blef
420 538 114 26 afgörande
555 538 33 20 för
610 537 172 21 bankutskottets
796 538 112 27 pluralitet,
924 538 38 20 och

136 565 56 21 detta
208 567 23 18 är
252 567 35 25 att,
304 572 34 14 om
354 572 49 14 man
419 566 36 20 vill
470 566 69 20 införa
555 572 26 14 en
596 566 65 20 sådan
677 566 128 27 restriktion,
820 572 45 14 som
879 566 25 20 hr
913 565 50 21 For-

136 593 64 21 selius
215 594 110 26 föreslagit
340 594 39 20 och
395 600 44 15 som
455 594 62 21 äfven
533 595 35 26 jag
584 596 46 25 sagt
645 594 7 20 i
667 594 82 27 princip
766 601 49 14 vara
830 594 68 27 riktig,
914 600 48 14 man

136 621 62 21 oskså
212 621 68 21 måste
296 622 82 21 besluta
394 623 31 26 sig
440 622 32 21 för
487 624 30 19 att
532 622 105 28 betydligt
651 623 50 26 höja
712 622 210 21 bankdirektörernas
934 622 30 20 af-

135 650 79 27 löning,
229 652 23 24 ty
268 657 50 14 man
333 650 42 21 kan
391 650 12 21 å
417 650 65 21 andra
497 651 61 20 sidan
574 651 47 21 icke
638 651 91 27 pålägga
744 651 49 20 dem
808 650 155 21 inskränkande

136 678 165 27 bestämningar,
316 679 6 20 i
338 679 100 21 händelse
453 685 49 14 man
517 679 48 21 icke
580 680 7 19 i
603 679 101 21 afseende
721 679 12 20 å
747 679 170 27 löneförhöjning
927 678 37 27 går

136 706 83 21 utöfver
233 706 57 21 hvad
305 713 46 15 som
366 714 30 13 nu
411 708 38 20 har
458 707 124 27 föreslagits.
602 707 41 21 Det
659 710 23 18 är
693 707 140 27 grundlönen,
843 713 45 15 som
899 707 64 20 borde

136 735 64 26 höjas,
224 735 36 20 det
282 737 23 18 är
325 735 47 21 icke
394 735 53 21 blott
465 736 170 27 löneförhöjning
651 736 54 20 efter
720 742 27 14 en
761 736 73 26 längre
850 735 112 27 tjänstetid,

136 769 46 14 som
196 763 39 21 bör
250 763 86 21 komma
351 764 7 20 i
373 764 63 27 fråga.
466 764 28 20 Vi
509 766 48 18 veta
572 765 29 26 ju,
617 764 70 21 såsom
704 764 63 20 också
782 764 7 20 i
805 764 110 20 utskottets
927 763 36 21 be-

136 791 106 21 tänkande
265 794 66 25 säges,
354 794 30 19 att
401 798 26 15 en
443 792 142 21 chefdirektör
599 792 7 20 i
621 792 26 21 de
663 796 58 17 stora
735 792 176 27 privatbankerna
926 792 38 20 här

136 820 6 20 i
166 820 73 20 landet
260 820 39 20 har
321 820 46 21 sina
387 821 81 27 40,000,
484 821 82 27 60,000,
581 821 26 27 ja,
623 821 32 20 till
671 821 41 21 och
726 820 49 21 med
791 820 75 27 80,000
882 820 60 20 mark
956 820 7 20 i

136 848 41 26 lön,
200 848 39 20 och
262 848 56 20 huru
339 848 54 21 skall
407 855 50 14 man
472 848 26 21 då
514 849 77 27 begära
606 850 30 20 att
651 855 27 15 en
694 849 48 21 chef
757 849 33 20 för
804 851 30 19 ett
848 848 116 21 bankinsti-

136 878 38 25 tut,
190 876 76 21 sådant
281 883 45 15 som
342 877 101 21 Finlands
457 877 62 25 bank,
534 878 63 20 hvars
612 878 69 20 bilans
698 877 54 21 dock
768 879 23 18 är
806 878 65 19 större
884 878 26 19 än
922 876 42 27 pri-

136 904 162 28 vatbankernas,
321 906 53 20 skall
397 912 50 14 vara
469 906 50 27 nöjd
537 906 50 20 med
609 912 27 14 en
658 906 95 26 aflöning
771 905 21 21 af
808 905 74 26 15,000
897 905 65 20 mark.

136 933 41 28 Jag
202 935 44 19 tror
271 934 70 21 därför
364 936 30 19 att
416 934 31 25 de,
463 940 44 15 som
531 934 50 27 vilja
605 934 41 21 den
669 934 22 21 af
716 934 25 21 hr
766 933 106 22 Forselius
898 933 66 20 föror-

137 961 53 21 dade
213 962 188 27 inskränkningen,
423 963 66 20 måste
508 963 83 21 besluta
605 963 31 27 sig
652 963 33 20 för
701 964 30 19 att
746 963 49 26 höja
810 962 154 21 direktörernas

136 990 94 27 aflöning
250 992 60 25 samt,
333 991 52 21 först
407 991 65 21 sedan
487 991 57 21 detta
559 991 61 27 skett,
635 991 87 20 komma
737 991 54 20 fram
806 991 48 20 med
870 990 42 21 den
927 992 37 18 nö-

137 1019 35 26 dig
188 1019 100 22 ansedda,
311 1019 156 21 inskränknade
483 1019 156 28 stipulationen,
655 1020 41 20 och
713 1019 26 20 då
754 1019 54 20 skall
822 1019 36 27 jag
872 1019 33 20 för
919 1019 45 20 min

137 1047 33 20 del
194 1054 50 14 vara
265 1053 27 15 en
309 1048 20 20 af
345 1047 25 21 de
385 1048 70 27 första,
471 1054 32 15 om
520 1049 35 26 jag
571 1048 37 20 har
623 1047 65 28 något
704 1049 30 19 att
749 1047 65 21 skaffa
829 1047 48 20 med
893 1047 71 26 saken,

136 1077 30 19 att
188 1075 86 21 förorda
297 1075 128 22 densamma.
454 1076 50 21 Men
527 1076 70 27 någon
620 1076 67 21 utsikt
707 1075 60 21 torde
786 1075 33 21 för
834 1075 130 20 närvarande

136 1103 46 21 icke
197 1103 70 21 finnas
283 1104 75 20 därtill.
388 1104 37 21 Ett
446 1105 74 20 sådant
542 1104 85 27 intryck
644 1104 43 21 fick
703 1104 58 21 detta
776 1103 72 21 stånds
864 1103 101 21 medlem-

136 1139 46 13 mar
197 1132 21 20 af
234 1132 26 21 de
277 1132 150 27 diskussioner,
442 1139 45 14 som
501 1133 59 20 inom
576 1133 102 20 utskottet
694 1132 138 21 förekommo.

206 1160 104 27 Slutligen
326 1161 38 20 ber
378 1161 35 26 jag
429 1163 29 18 att
472 1163 108 25 gentemot
599 1161 25 20 hr
639 1161 111 20 Stenroths
766 1161 50 20 sista
831 1160 97 27 yttrande
944 1159 21 20 få

136 1190 78 19 nämna
236 1191 31 18 att
290 1189 41 20 den
352 1189 120 21 kännedom
493 1189 7 20 i
520 1189 99 21 afseende
635 1189 12 20 å
663 1189 26 20 de
706 1189 108 20 allmänna
828 1188 138 21 ekonomiska

136 1217 162 20 förhållandena
313 1217 7 20 i
335 1217 94 27 världen,
444 1224 45 14 som
504 1218 25 20 hr
544 1217 99 22 Stenroth
658 1219 71 19 ansett
743 1217 65 27 nödig
823 1217 32 20 för
863 1223 27 14 en
901 1216 65 21 bank-

136 1245 127 27 fullmäktig,
279 1245 66 21 redan
360 1245 27 28 på
401 1245 89 22 förhand
513 1246 54 21 skall
582 1245 115 21 förefinnas
713 1245 39 21 hos
768 1252 27 14 en
810 1244 155 21 bankfullmäk-

136 1273 30 27 tig
187 1273 50 21 med
259 1274 27 20 de
309 1273 168 22 kvalifikationer
499 1281 46 14 som
568 1274 101 21 utskottet
692 1273 95 27 föreslår,
806 1279 50 15 men
872 1273 94 20 däremot

136 1301 64 21 äfven
214 1302 50 20 med
281 1302 41 27 god
338 1302 50 27 vilja
403 1302 44 21 ofta
461 1303 46 20 icke
522 1303 74 20 kunna
611 1302 118 21 förvärfvas
740 1302 21 20 af
774 1308 26 14 en
810 1300 156 22 bankfullmäk-

136 1329 30 27 tig
188 1329 22 21 af
232 1333 66 18 annat
317 1330 50 27 slag.
397 1331 41 26 Jag
459 1333 44 18 tror
522 1331 89 20 sålunda
630 1332 29 19 att
674 1330 80 21 sådana
770 1329 196 26 bankfullmäktige,

136 1364 46 14 som
204 1358 104 21 utskottet
328 1359 39 20 har
381 1359 60 21 tänkt
456 1359 37 28 sig,
508 1359 64 21 också
586 1361 52 19 utan
654 1359 79 26 vidare,
750 1358 62 21 äfven
828 1364 34 14 om
878 1357 26 21 de
919 1357 47 21 icke

136 1386 92 28 ständigt
244 1387 123 26 sysselsätta
383 1387 32 27 sig
429 1388 48 20 med
493 1388 104 26 styrelsen
617 1388 21 20 af
653 1387 103 21 Finlands
772 1387 62 26 bank,
850 1392 42 21 nog
907 1385 59 21 skola

135 1414 51 27 följa
201 1414 49 21 med
267 1415 36 21 det
319 1415 137 21 ekonomiska
471 1416 60 20 lifvet
546 1416 38 20 och
604 1416 41 20 den
661 1415 140 21 ekonomiska
817 1414 149 26 utvecklingen

135 1442 7 20 i
158 1443 93 27 världen,
267 1443 24 21 så
307 1445 29 19 att
351 1443 26 21 de
393 1446 36 18 äro
444 1451 27 13 au
487 1444 77 21 niveau
579 1444 48 20 med
646 1444 170 25 förhållandena,
832 1442 26 21 då
873 1442 35 20 det
924 1442 44 26 gäl-

136 1470 31 22 ler
182 1471 32 21 för
230 1471 49 21 dem
295 1474 30 18 att
340 1472 81 20 infinna
437 1473 31 27 sig
483 1472 35 20 vid
534 1472 204 27 bankfullmäktiges
753 1470 177 22 sammanträden.
