1017 1731
153 116 41 21 562
364 121 181 22 Borgareständet
557 123 54 16 1891.
635 124 14 16 4
661 123 60 21 april.

126 209 92 15 munens
239 205 171 25 representanter
432 203 46 20 icke
499 204 69 19 ansett
583 203 109 20 desamma
708 209 50 14 vara
774 202 135 21 af:behofvet
923 202 39 27 på-

126 231 99 21 kallade?
239 231 57 21 Litet
311 237 74 15 senare
401 231 27 28 på
443 237 82 14 samma
539 231 47 20 sida
597 233 91 18 nämner
697 231 141 27 petitionären
849 231 112 27 angående

126 260 205 21 landsortsstäderna
353 261 31 19 att
405 266 50 14 man
475 259 38 20 där
528 259 45 21 haft
588 261 44 19 stor
646 259 108 27 svårighet
769 261 31 18 att
814 259 148 21 åstadkomma

126 288 262 27 arbetareundervisning;
411 288 76 21 endast
507 288 13 20 3
543 287 21 21 af
585 287 84 21 landets
693 288 26 21 18
741 287 219 28 arbetareföreningar

126 317 64 20 hafva
204 317 83 20 kunnat
301 317 7 19 i
324 316 57 21 detta
396 316 100 21 afseende
511 315 22 22 få
548 316 117 27 någonting
680 317 7 19 i
703 316 56 27 gång
775 316 21 20 af
811 317 66 20 större
899 316 60 27 bety-

127 345 63 21 delse.
220 345 145 20 Petitionären
387 345 107 20 förmodar
509 346 30 19 att
555 345 58 20 detta
627 344 70 21 berott
713 345 102 26 antingen
830 344 22 20 af
867 344 51 21 brist
932 344 28 27 på

126 373 149 21 lärarekrafter
291 373 52 21 eller
356 373 28 27 på
398 373 118 20 materiella
526 379 100 15 resurser.
651 373 110 20 Utskottet
776 373 39 20 har
826 372 47 21 icke
888 373 72 20 utredt

126 401 139 21 hvilkendera
281 401 21 21 af
317 401 62 22 dessa
401 401 86 21 orsaker
509 401 110 27 härvidlag
641 402 55 20 varit
711 401 113 20 värkande.
855 401 50 20 Man
921 401 39 20 har

127 431 33 26 sig
174 430 78 21 bekant
267 432 31 19 att
313 437 14 14 s.
343 431 19 20 k.
378 430 102 27 populära
494 429 99 28 föredrag
608 430 8 20 i
631 429 51 22 flere
699 429 21 21 af
735 429 83 21 landets
834 429 70 21 städer
918 436 41 13 un-

127 459 38 20 der
178 458 64 27 långa
252 459 55 20 tider
317 459 63 20 hafva
390 458 70 21 hållits
470 458 33 21 för
514 458 41 21 den
566 458 116 21 arbetande
693 458 158 27 befolkningen.
876 457 82 21 Härom

126 489 89 18 nämnes
237 487 48 20 icke
307 487 48 20 med
379 489 30 18 ett
427 487 42 25 ord,
485 487 94 20 hvarken
595 487 7 20 i
616 486 203 28 petitionsförslaget
834 487 18 26 ej
868 486 68 20 häller
950 486 8 20 i

128 515 147 21 betänkandet.
300 516 41 27 Jag
357 516 37 20 vill
409 516 33 20 för
457 517 30 19 att
501 515 71 21 lämna
588 517 30 19 ett
631 515 48 21 litet
693 515 76 27 bidrag
784 514 32 22 till
826 515 85 27 frågans
922 514 38 21 be-

126 544 87 27 lysning
227 544 8 20 i
250 544 58 20 detta
323 544 100 21 afseende
438 546 83 24 nämna,
537 546 36 24 att,
588 545 13 19 t.
617 550 32 14 ex.
665 544 8 20 i
689 544 41 20 den
747 543 46 21 stad
808 544 36 26 jag
858 543 38 21 har
906 545 52 19 äran

126 574 151 25 representera,
293 572 72 27 dylika
379 572 99 27 föredrag
493 572 70 20 hållits
574 572 8 20 i
595 574 58 18 snart
667 572 37 20 två
714 572 119 20 decennier.
860 571 33 21 De
904 578 54 20 upp-

126 600 60 21 stodo
208 600 90 21 sålunda
321 603 29 18 att
372 607 27 15 en
419 600 32 21 för
464 600 204 28 folkupplysningen
684 602 70 19 varmt
768 600 128 21 intresserad
912 606 44 20 ung

126 635 50 14 man
191 628 93 28 begynte
299 629 48 21 med
363 629 102 27 populära
479 629 98 27 föredrag
586 629 7 20 i
603 628 104 21 Finlands
722 629 87 20 historia
824 630 50 18 utan
886 628 69 27 någon

125 657 161 27 inträdesafgift.
316 657 68 21 Dessa
399 657 98 27 föredrag
511 664 72 14 vunno
599 664 26 14 en
641 657 87 26 ovanlig
743 656 107 28 genklang
865 657 38 20 hos
913 656 42 21 den

126 685 115 21 arbetande
264 685 161 28 befolkningen;
441 685 85 21 lokalen
541 692 38 14 var
594 686 73 26 hvarje
683 686 57 27 gång
755 685 99 21 öfverfull
869 684 22 21 af
906 684 50 21 åhö-

126 720 52 14 rare.
208 713 48 21 Den
272 720 57 21 unge
344 720 93 14 mannen
453 714 98 20 lämnade
572 716 60 18 orten
647 714 68 27 några
729 714 23 20 år
768 713 92 21 därefter
874 713 39 21 och
929 713 27 21 då

126 742 86 20 väcktes
226 742 60 20 inom
301 742 190 27 stadsfullmäktige
506 742 79 28 förslag
600 742 73 21 därom
689 744 31 19 att
739 742 132 20 kommunen
886 742 70 20 skulle

125 770 33 20 för
172 770 138 27 föredragens
325 770 137 21 fortsättande
478 770 57 28 gifva
549 770 66 28 något
629 771 53 20 visst
701 770 80 28 anslag.
811 770 63 20 Detta
889 770 67 20 bevil-

124 798 60 27 jades
200 799 38 20 och
253 799 8 20 i
277 799 41 21 den
334 799 64 21 stund
413 805 45 15 som
473 801 24 19 är
510 799 88 21 fortfara
613 799 62 21 dessa
685 798 103 28 populära
800 798 107 27 föredrag;
918 798 38 20 nå-

126 829 36 23 got
184 826 79 22 afbrott
283 827 7 21 i
312 828 157 20 kontinuiteten
491 828 37 20 har
550 828 47 20 icke
617 828 56 20 skett
695 827 40 21 och
757 828 36 26 jag
815 826 66 21 måste
904 833 51 14 anse

126 855 62 21 dessa
210 855 99 27 föredrag
331 862 89 14 numera
441 862 50 14 vara
510 856 23 20 så
548 856 102 27 guterade
666 858 31 18 att
712 856 26 20 de
753 856 47 20 icke
815 855 74 21 kunna
904 862 53 20 upp-

125 884 58 26 höra,
198 883 74 21 såvida
287 890 50 14 man
352 884 47 21 icke
415 884 68 21 direkt
498 884 37 20 vill
550 884 144 27 undertrycka
705 884 114 20 desamma.
847 884 37 20 Alt
899 884 58 20 detta

126 912 38 20 har
178 918 50 14 man
244 912 83 21 kunnat
343 912 145 21 åstadkomma
502 912 130 28 fullkomligt
647 915 52 19 utan
716 914 30 19 att
764 912 74 27 anslag
852 912 48 20 från
915 914 42 19 sta-

125 943 36 18 ten
182 940 73 21 behöft
276 941 105 21 utvärkas.
411 940 45 21 Min
477 941 54 21 åsikt
545 941 7 20 i
568 941 71 21 denna
661 941 61 27 fråga
741 943 24 18 är
787 941 47 26 den,
854 942 30 19 att
899 940 57 21 det
944 936 15 37 i

125 969 87 20 främsta
227 972 93 19 rummet
335 971 23 19 är
372 970 160 26 kommunerna,
545 976 46 14 som
601 970 52 21 böra
665 970 68 27 draga
744 969 83 27 försorg
838 975 35 14 om
886 969 70 20 denna

125 997 79 28 viktiga
227 997 160 28 angelägenhet.
417 997 53 22 Sker
491 998 62 27 detta,
574 998 23 21 så
611 999 76 20 kunna
701 999 24 26 ju
740 998 156 20 kommunerna
911 997 45 20 vid-

124 1027 48 26 taga
193 1026 47 20 sina
261 1028 174 25 arrangementer
448 1027 53 20 efter
523 1027 26 20 de
565 1027 70 20 lokala
649 1027 115 26 behofven,
780 1028 51 19 utan
847 1028 30 19 att
891 1025 65 28 något

124 1054 86 27 intrång
224 1056 69 25 göres,
308 1055 94 20 hvarken
417 1055 47 20 från
480 1055 40 20 den
537 1061 40 15 ena
592 1055 52 21 eller
659 1055 68 20 andra
741 1055 67 20 sidan.
838 1054 63 21 Hvad
914 1054 41 21 den

124 1083 92 20 kontroll
232 1083 104 27 beträffar,
352 1089 45 15 som
412 1083 7 20 i
435 1083 111 21 utskottets
561 1083 135 21 betänkande
712 1083 89 21 omtalas
818 1083 70 20 såsom
904 1083 52 20 nöd-

124 1111 78 27 vändig
217 1112 8 19 i
240 1111 102 21 händelse
363 1112 126 27 statsbidrag
504 1111 68 22 skulle
587 1112 126 27 medgifvas,
729 1111 24 21 så
768 1117 62 15 anser
844 1111 36 27 jag
894 1111 7 20 i
916 1111 40 20 lik-

124 1139 36 20 het
174 1139 49 21 med
238 1140 27 20 hr
279 1140 123 27 Appelberg
417 1146 27 15 en
459 1140 59 27 dylik
533 1140 77 21 officiel
625 1140 95 21 kontroll
742 1139 130 27 fullkomligt
887 1139 69 21 öfver-

123 1167 71 27 flödig.
219 1167 43 27 Jag
277 1168 67 21 håller
359 1169 106 26 nämligen
481 1169 44 20 före
541 1171 30 18 att
586 1169 41 20 den
643 1169 51 20 fullt
707 1170 24 19 ut
739 1168 44 21 lika
795 1168 34 20 väl
841 1168 42 20 kan
894 1168 62 20 värk-

124 1195 72 21 ställas
212 1195 21 21 af
248 1196 157 21 kommunerna
426 1197 75 26 själfva
521 1203 77 21 genom
619 1203 27 15 en
668 1197 35 20 för
720 1196 121 21 ändamålet
855 1196 48 21 vald
919 1196 37 21 be-

124 1223 89 27 styrelse
229 1225 40 20 och
285 1226 30 19 att
330 1225 42 20 den
387 1225 62 20 äfven
465 1225 27 27 på
507 1225 57 21 detta
579 1227 40 19 sätt
634 1225 40 21 bör
695 1225 42 21 ske.
768 1225 11 20 I
794 1224 132 27 Björneborg
941 1226 14 19 t.

124 1258 32 15 ex.
172 1252 88 21 tillsatte
275 1259 51 14 man
341 1253 32 20 till
388 1259 27 15 en
431 1253 72 27 början
520 1260 27 15 en
557 1253 65 21 sådan
633 1253 126 27 bestyrelse,
769 1259 47 14 som
828 1253 68 20 skulle
906 1255 50 24 taga

122 1280 58 21 hand
202 1287 35 14 om
254 1281 27 20 de
296 1281 102 27 populära
417 1281 131 28 föredragen,
563 1288 50 15 men
627 1288 92 15 numera
735 1283 23 19 är
774 1281 35 21 det
823 1281 133 27 folkupplys-

122 1309 190 27 ningssällskapets
327 1309 52 21 filial
393 1309 27 28 på
435 1312 66 25 orten,
516 1316 46 15 som
577 1311 57 20 utför
649 1311 59 20 detta
724 1310 50 20 värf.
799 1310 42 27 Jag
850 1309 38 21 vill
898 1311 57 18 ännu

123 1339 51 24 göra
190 1343 27 14 en
233 1343 71 15 annan
321 1338 140 27 anmärkning
475 1340 44 19 mot
533 1339 114 20 utskottets
661 1338 143 21 betänkande.
828 1338 47 21 Den
892 1337 63 21 ärade

121 1365 143 27 petitionären
287 1366 39 21 har
346 1366 108 28 föreslagit
476 1369 30 19 att
527 1373 28 15 en
570 1373 83 15 summa
669 1367 22 21 af
708 1367 76 26 10,000
799 1367 60 20 mark
874 1366 80 27 årligen

122 1394 68 20 skulle
213 1394 86 21 anvisas
322 1394 21 21 af
366 1395 105 26 styrelsen
486 1395 33 21 för
533 1395 152 21 befordrandet
701 1396 21 20 af
736 1395 161 27 ifrågavarande
913 1394 42 21 ele-

121 1422 162 21 mentarkurser
297 1423 39 21 och
351 1423 99 27 föredrag
464 1424 33 20 för
511 1424 102 26 arbetare,
623 1430 51 15 men
685 1424 56 20 hvad
752 1424 80 26 betyda
842 1430 30 14 nu
882 1426 73 24 egent-

120 1450 57 27 ligen
194 1450 63 21 dessa
271 1451 30 20 tio
317 1453 62 19 tusen
394 1452 75 20 mark?
485 1452 40 20 Om
539 1458 51 14 man
605 1454 38 25 gör
655 1459 29 14 en
700 1452 51 21 liten
762 1452 73 26 kalkyl
846 1464 27 2 —
884 1451 71 21 denna

120 1478 55 21 hade
190 1479 23 26 ju
229 1478 110 22 allmänna
360 1480 189 21 besvärsutskottet
570 1480 58 21 såväl
643 1481 85 20 kunnat
743 1487 46 14 som
804 1480 48 20 bort
866 1482 51 25 göra
927 1492 27 2 —

120 1507 39 19 och
183 1507 27 20 då
232 1509 61 25 tager
308 1508 7 19 i
331 1507 138 22 betraktande
490 1510 30 19 att
539 1508 98 28 omkring
653 1509 92 27 250,000
761 1509 22 20 af
797 1508 83 21 landets
895 1508 59 20 invå-
