1017 1731
276 112 179 21 Borgareständet
467 113 53 16 1891.
544 113 26 16 23
582 111 47 23 maj.
788 107 55 20 1433

42 191 76 22 föreslå
134 192 96 27 åtgärder
244 193 7 19 i
267 191 98 21 ändamål
381 194 30 19 att
425 192 76 28 bringa
517 194 78 19 statens
619 192 114 27 skogsvård
756 192 7 20 i
786 194 29 19 ett
837 193 33 20 för

42 220 214 28 statshushållningen
279 220 148 27 förmånligare
443 221 40 20 och
499 227 58 14 mera
571 221 192 27 inkomstgifvande
780 222 88 25 system;

111 279 19 25 5)
146 278 19 26 ej
181 277 82 21 mindre
280 284 34 13 om
329 277 132 21 anställande
477 278 22 20 af
513 278 183 27 undersökningar
711 277 105 21 huruvida
830 278 38 20 och

43 306 4 19 i
63 306 55 20 hvad
134 306 48 20 mån
198 306 26 21 de
240 306 141 27 olägenheter,
396 306 73 21 hvilka
483 307 125 26 jordbruket
623 307 39 20 och
685 307 155 20 kommunerna
862 307 7 19 i

42 334 72 21 landet
136 335 20 20 få
178 335 117 20 vidkännas
315 335 8 19 i
338 334 52 27 följd
407 335 20 20 af
443 341 30 14 nu
489 335 93 20 rådande
597 335 143 27 anordningar
755 335 7 20 i
777 335 92 20 kronans

42 363 120 27 skogsvård,
178 363 72 20 kunde
266 363 109 27 aflägsnas,
391 365 28 18 än
435 363 63 21 äfven
514 370 34 14 om
563 363 128 28 vidtagande
707 363 20 20 af
742 363 79 20 sådana
844 363 26 27 på

41 391 159 27 ifrågavarande
217 391 158 28 undersökning
391 392 110 27 grundade
525 392 102 27 åtgärder,
642 392 137 27 hvarigenom
793 391 77 21 omför-

43 420 69 21 mälda
127 420 97 21 ändamål
240 420 71 21 kunde
327 420 70 26 ernås;

110 477 20 26 6)
146 477 73 21 därom
234 479 30 18 att
275 477 41 20 den
327 477 160 28 vetenskapliga
496 477 234 28 forstundervisningen
741 477 64 20 måtte
818 479 50 18 utan

42 505 99 28 dröjsmål
157 505 130 27 öfverflyttas
303 505 31 21 till
349 505 150 28 polytekniska
513 506 111 26 institutet;
641 506 38 21 och

112 564 18 26 7)
154 569 33 14 om
205 562 126 28 vidtagande
346 562 21 21 af
382 562 135 22 värksamma
532 562 97 28 åtgärder
644 563 31 20 till
690 562 144 22 förbättrande
849 562 21 21 af

42 591 208 27 forstförvaltningen
273 591 39 21 och
335 593 80 19 statens
438 592 121 27 skogsvård,
582 592 63 20 bland
661 593 64 19 annat
740 591 62 21 äfven
819 591 51 26 däri,

43 622 29 19 att
94 620 92 20 kronans
202 620 81 26 skogar,
300 620 101 26 börjande
417 620 56 20 ifrån
488 620 171 27 kronoparkerna
675 620 6 20 i
697 620 61 20 södra
774 620 96 26 Finland,

42 648 166 21 underkastades
231 648 121 27 forstnärlig
366 648 167 28 undersökning,
548 650 55 19 samt
617 650 30 19 att
661 648 133 21 forststatens
809 648 61 20 värk-

43 677 81 21 samhet
144 677 70 21 blefvo
237 677 80 20 ordnad
335 677 27 27 på
377 677 134 27 grundvalen
528 678 21 20 af
563 677 26 21 de
605 677 142 21 erfarenheter
763 683 26 15 en
804 676 65 21 sådan

42 706 160 26 undersökning
216 705 43 21 kan
273 705 57 27 gifva
346 706 34 20 vid
396 706 92 20 handen.

111 848 10 20 I
143 848 109 21 skrifvelse
268 848 31 21 till
315 848 83 21 ståndet
413 849 126 21 meddelade
554 849 44 27 lag-
614 849 38 20 och
668 848 201 22 ekonomiutskottet

42 878 30 19 att
87 876 35 21 det
137 877 45 20 icke
198 877 126 21 medhunnit
339 877 160 27 behandlingen
515 878 20 20 af
551 879 29 19 ett
595 877 32 21 till
643 878 101 20 utskottet
759 877 46 20 från
822 877 47 20 bor-

42 905 133 27 gareståndet
197 906 130 20 remitteradt
349 906 174 27 motionsförslag
543 906 32 20 till
596 906 89 27 ändring
703 906 21 20 af
740 906 26 20 10
783 906 12 26 $
811 906 6 19 i
833 905 37 21 nå-

42 934 48 27 diga
109 934 150 27 förordningen
280 934 41 21 den
344 934 13 21 8
376 934 115 21 december
507 936 54 20 1873
577 934 110 27 angående
702 934 166 21 kommunalför-

42 963 122 26 valtningen
179 963 7 20 i
202 963 45 20 stad
262 963 7 20 i
285 963 54 26 syfte
355 965 30 18 att
399 963 116 27 förtydliga
531 963 6 20 i
553 963 77 20 nämda
644 963 98 27 paragraf
764 963 105 27 ingående

42 991 129 27 stadganden
188 997 34 14 om
237 991 114 21 utöfvande
367 991 22 21 af
403 993 87 20 rösträtt
506 992 33 20 vid
556 992 173 20 rådhusstämma.

113 1133 69 21 Bland
203 1134 93 21 ståndets
319 1135 140 20 medlemmar
482 1135 53 21 hade
551 1135 91 21 utdelats
657 1136 38 20 och
711 1134 112 21 bordlades
838 1134 32 20 till

42 1164 59 19 nästa
116 1162 96 27 plenum:

112 1219 74 27 tillägg
206 1219 31 21 till
261 1220 214 21 ekonomiutskottets
491 1221 132 20 betänkande
639 1227 34 14 n:o
690 1221 18 26 5,
723 1219 146 22 innefattande

41 1247 79 28 förslag
135 1247 31 21 till
181 1248 123 27 förordning
320 1249 111 27 angående
447 1249 126 28 försäljning
587 1249 7 20 i
610 1249 45 21 stad
671 1249 21 21 af
708 1249 60 20 viner
783 1248 38 21 och
833 1254 37 14 an-

42 1276 36 21 dra
94 1283 87 20 svagare
196 1277 136 26 rusdrycker;

112 1333 106 21 allmänna
237 1333 201 22 besvärsutskottets
454 1335 133 20 betänkande
603 1341 34 14 n:o
653 1335 25 20 21
695 1335 7 20 i
718 1334 116 27 anledning
849 1333 21 21 af

41 1362 103 20 särskilda
165 1362 7 20 i
194 1362 97 28 samtliga
310 1362 61 21 stånd
387 1363 77 21 väckta
480 1363 177 27 petitionsförslag
671 1363 90 21 rörande
778 1363 91 21 elemen-

40 1390 168 22 tarlärovärkens
224 1392 151 26 organisation;

113 1447 238 27 bevillningsutskottets
373 1448 137 21 betänkande
526 1455 33 14 n:o
577 1450 10 19 7
603 1449 7 20 i
626 1449 115 27 anledning
757 1448 21 21 af
793 1447 76 27 nådiga

40 1476 157 26 propositionen
213 1476 109 27 angående
338 1477 55 20 accis
409 1477 28 27 på
453 1478 116 26 prässtjäst;
586 1480 53 18 samt
