1017 1731
156 105 41 20 882
380 109 180 21 Borgareståndet
573 109 54 18 1891.
651 110 14 17 4
676 109 49 21 maj.

130 189 221 28 författningsförslag,
373 195 46 15 som
440 189 103 21 utskottet
564 189 8 20 i
592 189 36 20 sitt
655 188 135 21 betänkande
816 189 93 21 förordat
930 189 32 21 till

131 218 134 27 antagande
259 213 12 36 ;
281 218 39 21 och
343 217 74 22 skreds
440 217 73 21 härvid
536 217 75 21 främst
632 217 32 21 till
679 217 132 27 behandling
826 217 22 21 af
862 218 102 27 förslaget

130 247 32 20 till
187 246 137 27 »förordning
339 253 35 14 om
390 246 107 21 allmänna
513 245 188 28 upplagsmagasin
715 245 50 21 med
780 247 41 20 rätt
836 248 30 19 att
880 247 83 27 utgifva

130 276 123 19 Wwarrants».

202 331 12 27 $
230 331 11 20 1
259 331 122 28 godkändes
397 333 51 19 utan
464 331 183 28 meningsolikhet.

200 388 135 21 Beträffande
352 388 12 26 $
380 388 13 20 2
408 388 103 27 begärdes
526 388 61 21 ordet
601 387 22 21 af

200 445 26 20 hr
248 445 123 27 Eneberg,
394 451 45 14 som
461 445 92 26 yttrade:
584 444 42 27 Jag
645 444 38 21 ber
699 445 30 19 att
743 443 23 21 få
780 444 54 21 fästa
849 445 113 26 uppmärk-

132 473 109 21 samheten
257 473 36 20 vid
309 473 41 21 den
365 473 66 21 första
445 473 164 21 reservationen.
639 472 110 21 Utskottet
763 473 39 20 har
816 473 64 20 infört
892 473 70 20 denna

132 502 13 27 8
168 502 12 20 2
196 501 56 21 ifrån
273 501 41 21 den
337 501 134 28 kungörelse,
491 508 45 14 som
559 501 69 21 finnes
647 500 86 28 bifogad
749 501 157 27 propositionen
922 502 40 20 och

132 537 46 14 som
194 530 35 21 det
243 530 40 21 har
297 530 54 21 varit
365 530 115 28 meningen
496 532 29 19 att
540 530 7 20 i
558 530 156 20 administrativ
727 531 41 26 väg
779 530 88 20 utfärda.
887 530 76 21 Andra

131 560 118 19 momentet
271 560 23 19 är
316 565 77 14 annars
417 559 112 27 ordagrant
550 560 57 26 taget
622 558 47 20 från
685 558 71 20 denna
771 558 126 27 kungörelse
912 559 48 20 med

132 587 110 27 undantag
257 589 30 19 att
303 587 91 20 därifrån
411 587 106 21 uteslutits
532 587 66 20 orden
615 589 68 18 »samt
699 586 45 21 skäl
760 586 32 20 till
803 586 67 28 afslag
880 587 18 27 ej
910 587 53 27 eljes

132 616 162 20 förekommer».
324 615 68 21 Dessa
413 616 37 20 ord
473 616 188 20 öfverensstämma
683 614 50 21 med
750 615 144 27 stadgandena
909 616 7 19 i
931 622 30 14 nu

132 644 99 26 gällande
253 643 98 27 banklag.
382 643 85 21 Liksom
483 644 36 20 det
533 644 39 20 har
587 645 80 19 ansetts
682 643 132 27 nödvändigt
830 645 29 19 att
874 645 87 19 senaten

132 672 7 20 i
162 672 100 20 afseende
285 672 12 20 å
319 672 129 21 inrättandet
470 672 21 21 af
511 672 82 21 banker
607 678 51 21 eger
673 672 42 20 den
735 678 60 14 mera
810 671 152 21 diskretionära

132 700 104 27 rättighet,
259 706 46 15 som
326 700 91 21 innebor
437 701 8 19 i
465 700 61 21 dessa
549 700 44 27 ord,
615 699 68 22 likasä
705 700 39 20 har
767 700 62 20 ocksä
849 706 26 15 en
891 700 34 21 del
940 700 22 20 af

132 728 102 21 utskottet
250 730 69 19 ansett
334 730 30 19 att
379 735 81 15 samma
475 729 153 21 diskretionära
643 728 127 27 myndighet
785 728 65 21 borde
864 728 99 28 tilläggas

132 759 89 19 senaten
235 757 8 20 i
259 756 100 22 afseende
375 757 12 21 å
401 757 218 27 upplagsmagasinen,
635 757 27 21 dä
679 756 26 21 de
717 758 35 19 äro
766 763 27 14 en
805 764 29 19 ny
845 757 117 27 inrättning

132 785 40 21 och
194 792 50 14 man
266 785 47 21 icke
336 787 36 19 vet
392 786 86 20 hvilken
501 786 96 26 riktning
619 786 110 20 desamma
745 785 126 21 ätminstone
887 785 31 21 till
934 792 27 14 en

132 812 75 28 början
228 813 87 21 komma
336 815 30 19 att
381 815 54 26 taga.
464 814 41 27 Jag
520 814 32 20 får
567 814 72 20 därför
653 814 34 20 för
701 814 46 20 min
763 814 35 20 del
813 814 103 26 tillstyrka
932 816 30 18 att

132 841 66 21 andra
213 843 118 19 momentet
345 842 22 20 af
382 842 13 26 $
411 842 12 20 2
439 842 64 21 måtte
519 844 87 26 antagas
621 842 6 20 i
644 842 97 26 enlighet
755 842 50 20 med
820 842 64 21 första
894 848 68 15 reser-

131 870 106 20 vationen.

200 925 33 22 Hr
254 925 137 28 Hallberg:
422 926 10 21 I
451 926 46 21 vårt
519 927 50 21 land
591 928 36 19 äro
642 927 21 20 vi
679 933 56 14 vana
751 929 30 19 att
795 926 61 28 lägga
870 927 93 26 mycket,

130 954 22 27 ja
172 956 76 19 nästan
269 955 30 20 alt
319 955 27 27 pä
365 955 136 28 regeringens
516 955 65 21 breda
599 955 106 26 skuldror,
722 955 39 21 och
777 962 35 14 om
827 955 35 21 det
876 955 64 21 ocksä
954 956 8 20 i

130 982 57 21 vissa
201 983 37 20 fall
254 983 42 20 kan
313 990 49 14 vara
377 983 136 28 nödvändigt,
527 983 42 21 kan
579 990 51 15 man
641 983 56 22 dock
708 983 100 22 stundom
819 984 26 27 gä
854 984 33 21 för
897 984 64 27 längt,

130 1011 21 26 ja
169 1013 49 18 rent
240 1011 21 20 af
281 1011 62 28 lägga
363 1013 46 19 sten
428 1011 27 28 pä
475 1011 86 22 bördan.
591 1012 50 21 Man
657 1011 69 22 borde
742 1012 54 21 dock
811 1018 27 15 en
852 1012 56 27 gähg
923 1013 39 20 hos

130 1045 35 14 oss
187 1039 55 20 inslä
263 1045 27 15 en
311 1046 70 15 annan
405 1042 40 25 väg
460 1041 38 20 och
513 1040 83 21 försöka
612 1041 50 20 med
679 1046 27 15 en
723 1040 183 21 decentralisation
922 1041 39 20 och

129 1067 91 27 minska,
242 1067 47 21 icke
310 1068 93 27 ständigt
425 1069 40 20 öka
480 1069 136 26 regeringens
631 1068 102 28 göromål.
763 1068 42 21 Det
820 1071 23 18 är
857 1075 42 21 nog
914 1072 48 24 eget

130 1097 31 19 att
181 1095 127 28 regeringen
329 1096 48 21 icke
397 1097 48 26 själf
465 1097 56 20 velat
541 1099 48 25 taga
604 1097 93 21 initiativ
712 1097 77 26 härtill,
804 1099 52 18 utan
870 1099 91 18 tvärtom

130 1129 64 20 synes
217 1130 51 14 vara
290 1125 117 26 angelägen
427 1131 34 14 om
481 1127 30 18 att
525 1125 67 21 samla
607 1125 24 21 sä
645 1125 89 27 mycket
748 1131 45 14 som
808 1125 82 27 möjligt
905 1125 57 28 uppä

129 1151 37 28 sig.
198 1151 27 21 Sä
239 1154 24 19 är
278 1152 62 21 äfven
356 1153 38 20 här
408 1153 65 27 fallet,
488 1153 26 21 dä
529 1155 88 19 senaten
629 1154 78 20 ändrat
719 1153 42 21 den
771 1153 21 21 af
802 1153 93 21 komiten
906 1154 55 21 före-

129 1179 75 28 slagna
219 1180 143 28 stiliseringen
378 1181 39 21 och
432 1181 98 21 särskildt
540 1182 47 20 sökt
599 1182 89 27 utvidga
699 1181 33 21 sin
744 1181 128 28 befogenhet
883 1188 78 21 genom

128 1207 127 22 inflikandet
270 1209 21 20 af
307 1209 26 20 de
348 1209 44 27 ord,
407 1209 72 21 hvilka
491 1210 46 21 icke
553 1210 114 21 äterfinnas
677 1210 8 20 i
696 1209 114 22 utskottets
821 1210 140 26 betänkande,

128 1241 51 16 men
201 1236 35 21 väl
257 1237 7 20 i
284 1237 41 21 den
345 1237 66 21 första
433 1238 162 21 reservationen.
625 1239 69 27 Ingen
713 1237 97 22 betviflar
824 1238 137 27 regeringens

129 1264 138 28 rätträdighet
283 1265 39 20 och
337 1265 56 27 goda
408 1266 51 27 vilja
473 1268 30 19 att
518 1266 90 21 bedöma
623 1267 42 20 alla
681 1266 28 21 de
719 1266 77 27 frägor,
806 1273 45 14 som
861 1267 100 26 hänskju-

128 1293 32 20 tas
182 1293 32 20 till
233 1293 77 27 henne,
325 1299 50 15 men
390 1300 51 15 man
456 1301 49 20 eger
520 1295 54 20 dock
589 1296 41 19 rätt
645 1296 30 20 att
691 1294 123 27 ifrägasätta
828 1295 80 21 hennes
923 1295 39 20 all-

128 1321 74 21 vishet.
232 1321 38 21 Ett
289 1321 76 22 sådant
384 1322 47 21 kraf
446 1329 64 20 synes
524 1323 45 27 mig
583 1323 65 20 likväl
663 1323 75 21 ställas
753 1323 27 27 pä
794 1323 124 27 regeringen
934 1323 27 20 dä

127 1349 49 27 hon,
199 1349 86 21 utöfver
307 1349 42 22 den
369 1352 42 19 rätt
432 1351 42 20 hon
490 1357 50 21 eger
555 1353 30 19 att
599 1351 76 27 pröfva
690 1351 107 21 huruvida
812 1351 148 28 ansökningar,

127 1383 47 14 som
188 1378 117 27 inkomma,
323 1378 188 22 öfverensstämma
525 1380 49 20 med
589 1380 36 27 lag
639 1380 41 20 och
696 1380 125 27 författning
836 1380 40 21 och
890 1379 70 21 därtill

126 1404 42 21 kan
184 1405 35 21 vid
235 1406 107 21 tillständs
364 1407 124 27 utgifvande
503 1408 49 27 foga
567 1408 56 20 vissa
637 1408 167 27 bestämningar,
820 1410 55 18 ännu
892 1408 69 21 skulle

126 1433 99 27 tilläggas
246 1440 27 14 en
294 1434 23 20 sä
332 1434 141 22 diskretionär
487 1436 126 27 myndighet
627 1442 46 15 som
690 1438 31 19 att
736 1436 27 27 gå
778 1436 31 21 till
824 1436 136 27 granskning,

124 1460 48 22 icke
188 1462 90 20 allenast
293 1462 7 20 i
315 1462 38 21 sak
368 1465 52 19 utan
435 1464 63 20 äfven
513 1464 90 21 rörande
617 1467 48 18 rent
674 1464 124 28 personliga
808 1464 151 21 förhällanden.

124 1487 34 22 Dä
180 1490 96 20 ansökan
298 1496 35 15 om
353 1491 132 28 anläggande
501 1492 21 20 af
537 1494 30 19 ett
581 1492 190 28 warrantmagasin
788 1492 31 21 till
834 1493 125 27 regeringen
