1017 1731
283 121 180 22 Borgareständet
476 121 55 17 1891.
558 121 21 17 15
592 121 48 21 maj.
790 116 54 21 1121

41 201 89 21 kommit
146 200 33 21 till
194 200 42 21 den
251 199 161 29 öfvertygelsen
427 202 32 19 att
475 200 36 21 det
526 200 48 21 icke
590 201 23 20 är
628 200 55 21 blott
701 200 42 21 och
765 200 47 21 bart
833 208 38 20 ge-

42 237 49 14 nom
106 229 148 21 restriktioner
270 228 48 21 med
333 228 102 21 afseende
451 228 14 21 å
479 228 162 28 försäljningen,
656 236 47 13 som
723 236 50 13 man
794 229 78 21 vinner

42 257 70 26 målet,
134 260 51 18 utan
208 256 67 22 måste
299 264 49 13 man
363 257 66 22 äfven
444 257 90 21 uttänka
549 257 66 28 något
630 259 43 18 sätt
688 259 31 19 att
734 257 94 21 afhjälpa
844 257 27 22 de

42 285 83 29 följder,
148 293 46 14 som
215 293 77 20 genom
314 285 141 21 superilasten
479 285 138 28 olyckligtvis
640 285 84 29 uppstå.
780 288 92 19 Utskottet

42 315 38 20 har
94 314 62 21 tänkt
171 315 33 26 sig
219 317 31 18 att
265 313 251 28 utskänkningsbolagen
531 321 78 20 genom
619 317 32 18 att
663 314 78 28 själfva
752 313 24 22 få
788 313 84 22 fördela

43 343 41 21 och
106 342 99 22 använda
228 343 46 20 sina
293 342 127 21 vinstmedel
437 343 101 28 möjligen
553 343 86 20 komme
654 345 31 18 att
699 343 79 20 frestas
792 343 34 20 till
841 346 31 17 att

44 371 40 21 öka
106 372 33 20 sin
160 371 127 28 försäljning
309 370 72 22 såvidt
401 371 84 28 möjligt
500 373 28 19 är.
558 371 39 21 Ser
613 379 49 13 man
677 371 28 28 på
720 371 42 21 den
777 371 95 22 förteck-

43 401 51 26 ning
116 399 61 22 öfver
200 399 151 21 användandet
373 399 22 21 af
413 399 65 21 dessa
492 399 135 27 vinstmedel,
642 407 46 14 som
703 400 67 21 finnes
786 401 7 19 i
809 399 63 22 brän-

44 429 153 20 vinskomiténs
213 427 142 27 betänkande,
370 427 24 21 så
409 428 68 21 finner
492 435 49 14 man
556 428 126 27 visserligen
698 431 31 18 att
744 428 63 21 dessa
828 435 44 14 me-

44 457 34 20 del
94 456 76 28 många
185 456 82 28 gånger
282 456 72 21 blifvit
369 456 90 28 oriktigt
474 456 99 21 använda
588 457 41 20 och
645 456 77 28 många
731 457 82 28 gånger
823 457 49 21 icke

44 485 105 21 användts
165 486 6 19 i
187 485 222 21 öfverensstämmelse
432 485 51 21 med
505 485 162 28 författningen.
702 485 53 21 Men
776 493 96 13 summan

44 514 23 21 af
82 514 26 21 de
124 514 75 26 medel,
214 521 47 13 som
276 514 88 27 oriktigt
379 514 114 26 användts,
508 515 23 20 är
544 514 24 21 så
578 514 154 21 försvinnande
741 514 52 21 liten
803 515 6 19 i
820 514 52 28 jäm-

44 543 78 21 förelse
146 542 49 21 med
216 542 47 26 den,
286 550 45 13 som
347 542 72 21 blifvit
434 542 77 28 riktigt
526 542 91 27 använd,
633 545 30 19 att
678 544 35 26 jag
728 542 35 22 för
777 543 45 21 min
837 542 35 22 del

44 571 48 21 icke
107 571 42 21 kan
164 570 74 26 förstå,
253 571 54 20 huru
323 578 48 13 man
387 570 55 22 skall
458 571 72 21 kunna
542 571 72 28 bygga
624 579 44 20 upp
681 579 26 13 en
718 572 84 28 princip
817 571 55 21 blott

45 599 27 29 pä
90 599 42 21 den
154 599 70 27 grund
246 602 31 18 att
293 599 62 21 dessa
370 599 70 21 medel
456 599 74 22 blifvit
545 600 88 27 oriktigt
649 600 103 21 använda.
782 600 32 20 Af
828 600 45 20 för-

44 628 130 28 teckningen
196 628 67 21 finner
278 635 49 13 man
342 628 65 20 äfven
423 631 32 17 att
470 629 6 20 i
492 628 81 28 ganska
589 628 77 28 många
681 628 37 21 fall
729 628 84 21 medlen
824 628 50 21 blif-

44 658 32 20 vit
92 656 100 22 använda
206 657 32 20 till
254 656 82 26 sådant,
351 664 46 13 som
412 656 84 22 kunnat
511 656 84 28 förtaga
611 656 26 22 de
653 656 157 28 förskräckliga
824 656 50 21 följ-

45 685 65 21 derna
126 685 23 21 af
164 684 145 29 fyllerilasten,
325 685 41 21 och
381 684 64 22 dessa
461 685 38 21 fall
514 685 65 21 hafva
601 686 56 20 varit
679 686 50 20 flere
748 687 27 19 än
796 685 34 21 de'
861 684 13 22 då

45 714 27 21 de
87 714 73 21 blifvit
175 714 89 27 oriktigt
279 713 103 21 använda.
412 713 43 28 Jag
470 717 45 17 tror
537 713 73 21 därför
632 717 31 18 att
685 722 48 13 man
755 714 49 20 icke
824 713 49 21 med

46 742 46 21 skäl
106 742 43 21 kan
165 742 96 28 beskylla
276 742 99 21 städerna
391 742 34 21 för
446 745 33 18 att
499 742 65 21 hafva
587 742 85 21 förfarit
694 742 64 21 altför
780 742 94 28 oriktigt.

45 770 48 22 Har
108 774 30 18 ett
154 770 88 28 oriktigt
257 770 123 22 förfarande
396 770 64 27 skett,
477 771 24 21 så
515 771 38 21 har
568 770 59 22 detta
642 772 7 20 i
664 771 77 27 många
753 770 39 22 fall
804 770 71 21 berott

46 799 66 28 därpå
134 802 32 18 att
188 806 48 14 man
259 799 48 21 icke
322 799 89 21 kommit
433 799 30 28 på
484 799 37 21 det
535 799 60 21 klara
609 799 49 21 med
673 800 54 20 huru
741 806 50 14 man
806 799 69 21 skulle

46 827 98 21 använda
159 827 94 26 medlen;
269 834 27 14 en
311 828 72 27 längre
399 828 124 21 erfarenhet
539 828 53 21 skall
608 828 66 21 också
688 828 61 28 gifva
764 827 110 21 städernas

46 856 126 27 befolkning
195 857 67 19 större
285 856 84 21 visdom
384 857 7 20 i
407 856 154 22 användandet
583 856 22 22 af
623 856 62 22 dessa
701 856 69 22 medel
786 856 34 21 för
841 856 34 21 så-

46 884 54 21 dana
123 884 98 21 ändamål
237 892 46 13 som
299 884 89 28 bidraga
403 888 31 18 att
450 885 29 28 på
494 885 66 28 något
575 887 42 19 sätt
632 885 84 21 minska
730 884 106 29 följderna
852 884 24 22 af

46 912 236 29 dryckenskapslasten.
312 913 42 28 Jag
368 913 35 21 för
421 914 46 20 min
491 914 34 20 del
546 914 43 20 kan
611 913 83 22 således
715 913 88 21 alldeles
826 913 48 21 icke

45 942 56 21 finna
116 940 66 29 något
198 942 46 21 skäl
259 941 34 21 för
308 945 31 18 att
355 942 112 21 öfverföra
479 950 27 13 en
521 942 35 21 del
571 943 23 21 af
609 942 142 22 vinstmedlen
766 942 33 21 till
814 942 61 21 kom-

44 970 232 21 munikationsfonden.
307 970 84 21 Genom
416 973 33 18 att
472 971 71 28 bygga
564 972 113 27 järnvägar
699 971 42 21 och
762 970 44 21 låta
828 970 47 21 folk

44 1006 48 13 resa
106 999 32 20 hit
153 999 41 20 och
210 998 31 21 dit
259 999 38 20 har
319 1007 49 13 man
391 1000 138 27 sannerligen
551 999 47 22 icke
621 999 93 22 minskat
734 999 141 28 fyllerilasten

45 1027 41 21 och
106 1027 49 21 dess
178 1027 83 28 följder.
291 1027 52 21 Men
366 1035 48 14 man
437 1027 46 22 kan
498 1028 83 21 minska
597 1028 63 21 dessa
677 1027 84 28 följder,
776 1035 35 13 om
826 1035 49 13 man

44 1055 80 28 uppför
139 1055 328 28 barmhärtighetsinrättningar,
483 1064 34 13 om
532 1064 48 13 man
595 1057 82 28 bygger
692 1056 95 28 sjukhus,
809 1057 66 19 inrät-

44 1086 33 18 tar
93 1083 119 22 folkskolor
227 1091 19 14 o.
261 1092 16 13 s.
293 1092 19 13 v.
342 1084 41 28 Jag
399 1085 70 21 måste
485 1085 73 21 därför
573 1085 50 21 fullt
637 1085 75 21 förena
726 1085 44 27 mig
781 1091 35 14 om
827 1084 48 26 den,

44 1119 47 14 som
113 1113 44 26 mig
178 1113 83 27 tyckes,
284 1113 111 28 praktiska
415 1113 145 28 användning,
576 1121 46 14 som
637 1115 24 19 är
675 1113 122 28 föreslagen
812 1112 23 21 af
850 1113 25 20 hr

43 1140 120 21 Rönnbäck
184 1141 8 20 i
210 1141 53 21 hans
284 1142 137 20 reservation.
463 1142 75 21 Äfven
560 1143 7 20 i
588 1150 26 13 en
637 1149 69 14 annan
727 1141 147 28 principfråga

43 1169 43 20 kan
105 1169 35 28 jag
162 1169 49 21 icke
234 1169 52 28 följa
302 1170 110 26 utskottet,
427 1171 110 27 nämligen
553 1170 110 29 angående
678 1171 100 20 böternas
794 1169 80 21 fördel-

44 1198 56 27 ning.
130 1197 47 21 Här
199 1197 39 22 har
258 1198 73 21 blifvit
353 1198 87 21 anfördt
461 1202 32 18 att
508 1199 37 21 det
559 1199 84 22 fordras
658 1199 50 21 mod
723 1199 35 20 för
774 1206 26 13 en
816 1197 59 22 åkla-

43 1233 51 20 gare
109 1229 31 18 att
154 1225 72 22 utföra
241 1227 33 20 sin
289 1227 39 20 sak
343 1227 41 21 och
399 1230 32 18 att
446 1230 52 25 taga
512 1227 52 22 reda
578 1227 28 29 på
621 1226 202 23 missförhållanden
834 1226 41 21 och

43 1254 113 21 missbruk.
185 1254 67 22 Detta
274 1257 23 19 är
318 1256 55 21 visst
395 1258 55 24 sant,
473 1264 49 13 men
543 1264 34 13 om
595 1264 49 13 man
659 1255 142 22 understöder
816 1255 59 21 detta

43 1283 51 21 mod
114 1290 78 21 genom
213 1286 31 18 att
265 1283 61 28 gifva
347 1283 117 28 åklagaren
487 1285 63 21 andel
565 1286 6 19 i
587 1285 94 26 böterna,
701 1284 24 21 så
740 1284 43 21 kan
798 1291 49 13 man
862 1283 13 20 å

43 1311 67 21 andra
132 1311 62 21 sidan
216 1319 77 20 genom
316 1315 31 18 att
369 1312 62 28 gifva
455 1313 127 28 angifvaren
597 1313 63 21 andel
675 1314 6 19 i
698 1313 89 21 böterna
802 1311 72 22 åstad-

43 1339 85 22 komma
143 1343 31 18 ett
189 1344 64 17 annat
268 1341 113 26 missbruk,
396 1348 47 14 som
460 1342 67 27 enligt
541 1343 44 20 min
600 1341 139 29 uppfattning
755 1343 23 18 är
800 1340 74 21 mång-

42 1367 78 29 faldigt
142 1370 62 20 värre
225 1371 27 19 än
275 1370 100 28 superiet.
404 1369 32 23 Vi
461 1370 96 22 behöfva
571 1370 76 22 endast
661 1370 66 21 tänka
742 1377 36 13 oss
794 1372 32 18 ett
841 1376 34 14 så-

43 1396 52 22 dant
116 1397 38 21 fall
176 1405 47 13 som
241 1398 42 26 det,
298 1401 32 18 att
352 1406 26 13 en
394 1406 80 21 person
489 1399 78 21 frestar
582 1407 26 13 en
624 1406 69 14 annan
709 1401 31 19 att
755 1398 53 28 sälja
824 1398 50 20 eller

42 1425 107 22 utskänka
164 1426 90 22 bränvin
271 1427 50 21 eller
337 1427 72 21 starka
425 1427 94 28 drycker
535 1428 40 21 och
593 1427 66 22 sedan
679 1427 99 28 angifver
796 1426 78 21 honom

42 1453 72 21 såsom
128 1454 117 28 försäljare.
275 1455 44 21 Det
334 1455 117 22 moraliska
468 1456 62 26 onda,
545 1464 45 13 som
612 1456 68 28 ligger
694 1457 8 19 i
717 1455 65 26 detta,
805 1456 23 19 är
851 1454 24 21 så

42 1485 55 18 stort
111 1485 31 18 att
158 1482 36 22 det
212 1483 41 21 blir
276 1483 143 29 mångfaldigt
440 1484 89 22 svårare
550 1488 31 18 att
603 1484 72 22 kunna
696 1484 120 21 motarbeta
838 1482 38 21 det

42 1511 27 19 än
84 1514 32 17 att
130 1511 119 21 motarbeta
265 1512 147 28 superilasten.
443 1512 44 29 Jag
502 1513 39 21 har
555 1513 126 27 visserligen
702 1512 49 22 hört
773 1513 31 19 att
826 1518 49 14 man

782 1550 21 18 7
