1017 1731
175 103 40 20 970
391 109 181 21 Borgareståndet
585 110 53 16 1891.
660 109 12 16 6
685 108 48 21 maj.

218 187 79 21 vinner
311 188 42 27 nej,
370 188 42 20 har
427 188 178 27 borgareståndet
619 188 90 21 beslutit
724 189 33 19 att
771 187 10 20 i
793 188 73 21 denna
876 189 34 20 del
920 188 58 21 åter-

148 216 112 21 remittera
277 217 144 20 betänkandet
435 217 10 20 i
460 217 35 20 det
509 217 58 27 syfte
582 217 27 21 hr
623 217 116 20 Frenckell
753 216 121 28 föreslagit.

216 273 51 20 Med
283 274 26 19 32
325 275 67 19 röster
407 275 44 19 mot
467 274 25 20 21
516 274 43 21 blef
574 273 113 22 utskottets
703 273 56 21 kläm
776 273 129 21 beträffande
921 273 58 20 biba-

148 308 41 14 nan
206 301 30 21 till
253 302 124 27 Nykarleby
393 303 21 20 af
429 302 84 21 ståndet
528 302 105 27 godkänd.

216 358 34 21 Hr
270 359 123 20 talmannen
413 359 99 27 föredrog
529 359 52 21 härå
596 359 113 21 utskottets
726 359 108 27 uttalande
850 359 129 21 beträffande

148 387 26 20 de
197 387 122 20 inlämnade
342 387 140 27 petitionerna
505 388 110 27 angäende
637 389 90 26 järnväg
747 387 47 20 från
811 384 121 30 Östermyra
948 387 30 21 till

148 415 148 27 Kristinestad,
312 418 107 25 upptagna
435 416 68 21 under
517 417 52 20 n:ris
585 417 11 20 7
613 417 39 29 och
668 417 13 19 8
698 416 7 20 i
721 416 147 21 betänkandet.

218 472 66 21 Ordet
300 473 102 26 begärdes
417 473 73 20 därvid
506 473 21 20 af

219 530 25 20 hr
264 529 144 27 Malmberg,
429 536 46 14 som
489 530 93 26 yttrade:
599 530 32 20 Då
646 531 36 26 jag
698 530 36 20 vid
750 530 102 20 remissen
868 530 20 20 af
903 530 76 27 ifråga-

149 558 92 20 varande
264 558 179 28 petitionsförslag
461 561 35 25 tog
511 559 44 27 mig
571 559 89 20 friheten
678 560 31 19 att
723 558 111 20 framhålla
850 558 64 26 några
930 565 49 20 syn-

148 586 98 27 punkter,
261 586 78 24 hvilka,
355 587 66 27 enligt
435 587 45 20 min
495 587 60 27 åsikt,
571 587 65 21 borde
652 590 61 24 tagas
729 587 6 19 i
747 587 154 27 öfvervägande
914 587 64 20 innan

149 614 105 28 definitivt
277 614 69 22 beslut
369 615 88 21 fattades
481 616 109 26 angående
613 622 27 14 en
659 615 223 27 järnvägssträckning
902 622 77 20 genom

149 643 62 21 södra
227 643 141 22 Österbotten,
384 644 22 20 så
421 644 42 20 kan
478 644 35 27 jag
528 644 46 21 icke
591 644 113 20 underlåta
719 646 30 18 att
764 644 98 26 uttrycka
877 644 44 20 min
937 644 41 20 till-

148 671 151 21 fredsställelse
323 672 97 20 däröfver
442 674 29 19 att
491 672 102 21 utskottet
607 673 72 20 funnit
692 672 61 21 dessa
770 672 131 27 synpunkter
916 672 63 20 beak-

149 700 118 20 tansvärda.
298 700 73 27 Enligt
389 701 212 27 järnvägsutskottets
623 700 147 28 föreliggande
793 700 133 21 betänkande
943 700 37 21 har

149 728 109 27 nämligen
281 729 58 20 inom
355 729 101 21 utskottet
472 730 84 20 uttalats
572 729 129 22 tvifvelsmål
717 729 79 26 därom,
812 729 104 20 huruvida
931 729 48 20 Kri-

149 757 102 27 stinestad
275 764 50 14 vore
349 758 40 20 den
408 760 53 19 rätta
477 758 139 27 slutpunkten
630 758 33 21 för
679 764 27 14 en
722 758 88 26 järnväg
825 764 77 20 genom
918 757 61 21 södra

149 785 142 27 Österbotten,
313 786 38 20 och
375 786 38 20 har
427 786 102 21 utskottet
544 787 75 26 därför,
635 786 49 22 med
702 786 94 26 antydan
812 788 30 18 att
856 786 122 27 lämpligare

149 814 112 26 ändpunkt
275 814 33 20 för
323 814 70 21 denna
409 815 54 20 bana
478 815 100 27 möjligen
594 816 72 20 kunde
680 814 92 22 erhållas
782 814 7 20 i
799 814 71 21 Kaskö
882 814 51 21 eller
943 813 35 21 vid

149 842 80 26 Sideby
244 842 63 27 udde,
323 845 69 19 ansett
407 844 92 26 önskligt
514 845 30 20 att
560 844 113 26 utredning
689 843 70 21 skulle
775 843 74 21 vinnas
860 850 34 13 om
905 843 74 20 hamn-

148 870 162 22 förhållandena
327 872 12 20 &
354 872 77 20 nämda
447 874 60 24 orter,
523 874 55 19 samt
593 879 34 14 om
642 872 146 21 kostnaderna
802 872 33 20 för
850 878 27 14 en
891 872 88 26 järnväg

149 899 30 20 till
196 899 114 21 desamma.
341 900 74 20 Ehuru
430 901 35 26 jag
481 900 81 22 således
578 901 7 20 i
600 901 41 20 allo
657 900 69 21 måste
739 900 74 20 förena
823 900 44 27 mig
877 906 34 14 om
922 900 57 20 detta

149 928 117 21 uttallande
289 928 21 21 af
333 928 106 28 utskottet,
455 929 41 21 kan
511 930 36 27 jag
562 930 62 20 likväl
642 930 53 23 icke,
709 929 7 20 i
727 928 66 21 likhet
808 928 49 21 med
871 929 108 26 järnvägs-

149 957 108 25 utskottet,
280 963 51 14 anse
354 959 29 19 att
405 964 26 14 en
446 958 40 20 slik
502 958 114 27 utredning
631 958 38 21 bör
684 958 84 20 lämmas
784 957 105 21 beroende
905 957 31 20 till
952 963 27 14 en

149 985 109 20 obestämd
275 985 91 21 framtid.
396 986 41 27 Jag
452 987 68 20 skulle
531 989 113 18 tvärtemot
655 986 104 21 utskottet
770 992 50 14 anse
831 988 29 18 att
871 992 26 14 en
909 985 70 21 utred-

148 1013 53 28 ning
223 1014 66 21 borde
311 1014 22 21 så
355 1016 58 19 snart
434 1015 82 27 möjligt
535 1017 24 18 är
580 1015 158 28 ästadkommas
753 1015 7 20 i
776 1014 75 27 antydt
874 1014 104 21 afseende.

149 1041 81 28 Frågan
252 1049 35 14 om
307 1049 26 14 en
352 1043 87 27 järnväg
454 1050 76 20 genom
545 1044 62 20 södra
623 1043 137 21 Österbotten
776 1043 38 20 har
828 1043 54 20 varit
897 1043 12 20 å
925 1043 53 20 bane

148 1070 66 21 redan
230 1071 65 20 sedan
314 1072 60 22 1882,
390 1072 39 20 och
445 1072 34 20 vid
491 1073 72 26 hvarje
574 1072 145 21 ständermöte
730 1072 38 20 har
778 1071 201 27 järnvägsutskottet

148 1101 52 18 utan
219 1099 244 28 meningsskiljaktighet
478 1101 74 20 erkänt
567 1103 74 24 nyttan
658 1101 39 20 och
715 1100 186 27 nödvändigheten
916 1100 20 20 af
952 1106 27 14 en

148 1127 65 20 sådan
229 1128 228 27 järnvägssträckning.
488 1129 73 20 Likväl
573 1129 39 21 har
621 1128 205 28 järnvägsutskottet
838 1130 68 19 ansett
917 1130 29 19 att
956 1128 23 20 så

147 1155 79 28 många
240 1156 67 21 andra
322 1156 93 21 känbara
426 1157 125 28 trafikbehof
562 1158 7 19 i
579 1158 72 20 landet
661 1158 55 20 först
726 1157 66 20 borde
802 1157 64 26 fyllas
876 1157 65 20 innan
952 1163 27 14 en

146 1184 90 27 järnväg
251 1191 78 20 genom
345 1185 62 21 södra
423 1182 133 25 Österbotten
572 1186 69 21 skulle
656 1186 89 21 komma
760 1185 32 20 till
807 1185 117 20 utförande.
952 1185 28 20 Sä

147 1213 143 20 resonnerade
306 1220 49 14 man
365 1216 12 18 t.
386 1220 33 15 ex.
428 1215 34 19 vid
480 1215 53 20 1885
549 1215 34 20 års
598 1215 108 26 landtdag.
738 1213 42 21 Vid
797 1214 55 20 1888
868 1213 32 20 års
911 1213 68 20 landt-

148 1241 46 27 dag,
210 1241 27 20 dä
252 1244 175 24 representanten
442 1243 32 20 för
489 1243 141 21 Kristinestad
645 1242 157 28 petitionerade
818 1249 34 14 om
865 1248 26 14 en
903 1241 76 21 under-

147 1269 91 28 sökning
262 1270 21 21 af
306 1277 27 14 en
355 1271 222 28 järnvägssträekning
599 1278 77 21 genom
693 1271 64 20 södra
774 1270 140 27 Österbotten,
928 1270 51 20 fann

146 1298 204 27 järnvägsutskottet
370 1299 76 28 skäligt
466 1300 93 26 afstyrka
579 1307 27 14 en
621 1300 40 20 slik
677 1299 164 27 undersökning
856 1299 68 20 under
938 1298 42 21 för-

146 1327 107 28 menande
274 1330 31 19 att
324 1327 71 28 någon
411 1328 159 27 undersökning
585 1329 21 20 af
621 1335 26 14 en
662 1327 226 28 järnvägssträckning
903 1333 76 21 genom

146 1355 63 21 södra
232 1356 134 21 Österbotten
389 1357 46 21 icke
456 1363 50 15 vore
522 1357 21 21 af
559 1357 99 21 behofvet
673 1356 107 28 päkallad,
796 1356 90 21 emedan
901 1357 79 19 terrän-

146 1390 42 20 gen
210 1384 48 20 icke
281 1385 87 27 erbjöde
390 1385 65 27 några
479 1386 129 27 svårigheter
630 1386 39 20 och
693 1385 153 27 sträckningen
864 1390 50 15 vore
929 1384 51 20 klar.
1002 1385 2 2 '

149 1412 40 20 Vid
214 1413 53 19 1891
292 1412 34 21 ärs
348 1413 107 28 landtdag,
479 1414 26 20 dä
527 1421 26 14 en
568 1414 226 27 järnvägssträckning
810 1415 23 19 är
848 1412 132 28 uppgängen,

145 1440 70 21 finner
240 1441 102 21 utskottet
362 1442 149 28 sträckningen
532 1443 47 20 icke
601 1442 124 26 tillräckligt
741 1442 122 26 undersökt,
879 1443 51 19 utan
945 1440 36 28 pä-

146 1469 66 25 yrkar
232 1470 123 27 ytterligare
379 1471 163 27 undersökning.
573 1470 41 22 Det
635 1477 34 15 ser
688 1470 73 21 därför
777 1472 23 18 ut
815 1476 45 14 som
876 1476 34 14 om
925 1470 56 26 järn-

146 1498 158 26 vägsutskottet
325 1499 69 21 skulle
415 1501 11 19 a
447 1500 63 27 priori
531 1502 51 18 utan
606 1500 71 20 vidare
694 1498 158 28 öfvervägande
869 1498 61 21 hafva
946 1498 35 21 be-
