1017 1731
163 96 42 21 984
377 101 180 22 Borgareständet
569 102 53 17 1891.
646 102 13 17 6
671 101 49 21 maj.

138 181 56 26 dare,
210 181 40 20 och
266 181 35 27 jag
316 181 38 20 vill
369 181 99 20 särskildt
483 181 111 20 framhålla
614 182 30 19 att
666 181 27 20 de
712 180 76 27 städer,
812 187 45 14 som
880 187 29 14 nu
931 187 41 21 ega

138 209 139 27 hamnbanor,
299 209 64 21 hafva
383 209 39 21 fått
440 209 81 28 ganska
538 209 62 28 länge
619 211 63 19 vänta
697 209 28 27 på
741 209 114 20 desamma.
885 209 28 21 Så
927 216 45 20 var,

139 244 35 15 om
189 238 36 27 jag
239 238 48 21 icke
301 238 137 21 missminner
453 238 50 27 mig,
518 237 59 22 fallet
592 238 63 21 äfven
670 237 50 21 med
736 237 78 21 Sörnäs
831 237 85 22 bibana:
928 237 42 22 den

139 266 95 21 utfördes
256 266 47 21 icke
321 266 8 21 i
347 269 30 18 ett
391 266 155 27 sammanhang
560 266 49 21 med
624 265 295 28 Tavastehus—Helsingfors
934 266 38 21 ba-

139 301 49 14 nan.
218 295 43 26 Jag
275 295 37 20 vill
331 295 70 20 erinra
416 295 44 27 mig
475 297 30 18 att
520 295 41 20 den
577 295 82 20 tillkom
675 294 66 27 något
755 294 24 21 år
794 301 79 14 senare.
903 295 11 20 I
928 294 42 21 alla

138 323 39 21 fall
192 323 38 21 har
244 323 137 27 Helsingfors
396 323 46 21 stad
457 323 30 21 alt
501 323 66 21 sedan
583 323 23 21 år
622 323 55 21 1862
693 322 39 21 fått
747 324 64 19 vänta
823 323 27 27 på
862 323 41 21 den
914 323 59 27 ring-

138 352 62 26 bana,
222 358 47 14 som
291 358 31 14 nu
347 353 23 19 är
394 352 7 20 i
423 351 60 28 fråga
508 352 39 21 och
571 358 46 15 som
638 353 93 20 voterats
752 351 35 21 vid
810 351 69 21 denna
901 351 69 22 landt-

139 380 47 27 dag.
216 380 90 27 Wiborg
327 379 42 22 fick
385 380 62 21 äfven
463 380 80 27 ganska
557 380 63 27 länge
636 382 64 19 vänta
715 379 27 28 på
757 379 36 21 sitt
807 380 119 27 hamnspår,
940 382 30 25 ty,

138 408 56 21 ifrån
210 409 35 20 det
261 410 30 19 att
305 408 32 21 S:t
351 408 139 28 Petersburgs
505 409 88 27 järnväg
608 415 38 14 var
661 408 91 21 slutförd
768 408 23 21 år
807 409 61 26 1870,
883 408 89 27 bevilja-

139 437 38 20 des
200 437 75 27 anslag
296 437 33 20 för
347 437 112 21 utförande
477 437 22 20 af
516 437 100 28 Wiborgs
631 436 122 22 hamnbana
768 437 54 20 först
836 437 35 20 vid
886 438 85 19 senaste

139 465 108 28 landtdag.
279 465 44 21 Och
346 472 35 14 om
403 466 35 27 jag
459 466 47 20 icke
529 467 23 19 är
574 467 54 20 orätt
646 465 145 27 underrättad,
810 465 23 20 så
847 465 39 21 har
900 465 71 21 denna

138 494 56 21 bana
208 494 8 20 i
231 494 52 21 sista
297 494 65 21 stund
377 496 50 19 stött
445 494 26 28 på
486 494 65 28 några
566 494 82 27 hinder,
663 500 47 14 som
726 493 115 27 möjligtvis
854 495 116 25 yttermera

138 523 86 20 komma
240 524 30 19 att
290 523 93 27 fördröja
401 523 48 21 dess
469 523 117 21 utförande.
615 522 65 22 Hvad
703 522 26 21 hr
750 522 70 21 Walle
844 522 68 21 anfört
934 529 35 14 om

138 551 98 28 Wasklot
252 551 70 21 banan
338 553 23 19 är
376 552 62 20 äfven
454 553 29 19 ett
497 552 66 20 motiv
579 552 33 20 för
627 552 41 20 den
684 550 59 21 kläm
756 551 36 27 jag
802 553 73 19 ämnar
887 550 84 22 föreslå.

139 579 71 21 Äfven
226 579 67 21 Wasa
307 579 42 21 fick
364 582 63 19 vänta
443 580 80 27 ganska
537 580 62 27 länge
615 580 52 21 eller
682 579 55 21 ifrån
754 579 24 21 år
789 580 61 26 1883,
862 579 27 21 då
899 579 70 21 banan

139 608 32 21 till
190 608 67 21 Wasa
275 615 38 13 var
331 608 76 27 utförd,
423 609 39 20 och
477 608 32 21 till
524 610 83 19 senaste
623 608 109 27 landtdag,
748 607 27 21 då
791 608 35 20 det
841 608 44 20 blef
899 608 73 20 beslu-

139 638 30 19 tet
184 638 30 19 att
228 636 78 27 banan,
321 637 7 19 i
344 637 101 20 händelse
459 637 74 21 staden
549 637 50 21 ville
614 639 51 25 göra
687 638 68 19 större
778 636 144 27 uppoffringar
942 638 27 18 än

139 664 26 21 de
188 664 111 28 erbjudna,
318 665 69 21 skulle
404 665 85 21 komma
504 665 32 21 till
551 665 118 21 utförande.
700 664 33 21 De
749 664 21 21 af
785 665 44 26 mig
844 664 126 21 framhällna

138 693 67 21 motiv
220 699 67 21 synas
301 693 103 27 berättiga
419 694 32 20 till
466 694 41 20 den
523 694 81 20 åsikten
620 696 30 19 att
665 693 145 27 Björneborgs
826 692 45 22 stad
885 693 47 21 icke
945 692 26 21 li-

139 721 38 21 der
199 721 72 27 någon
292 722 109 27 synnerlig
415 722 71 27 skada,
501 728 35 15 om
551 722 63 21 äfven
630 722 42 21 den
688 722 7 20 i
711 722 32 20 sin
759 723 36 19 tur
809 721 32 21 får
856 723 62 19 vänta
933 721 38 21 nå-

139 751 41 26 got.
210 749 43 21 Det
268 752 24 18 är
306 750 39 20 här
359 750 60 28 fråga
434 757 34 14 om
484 757 26 14 en
527 751 26 20 19
568 750 115 22 kilometer
695 750 52 27 lång
757 750 56 20 bana
823 752 24 18 ut
859 750 32 20 till
900 749 71 21 Räfsö.

139 778 89 21 Ståndet
242 778 40 21 har
296 779 7 20 i
319 778 41 28 dag
375 779 83 27 afslagit
473 779 99 21 anhållan
588 786 34 14 om
636 786 25 14 en
678 779 58 20 bana
751 778 33 21 till
798 778 130 27 Nykarleby,
944 784 27 15 en

138 806 57 21 bana
217 813 35 14 om
277 806 75 22 endast
372 808 13 20 8
406 807 111 21 kilometer
539 808 40 20 och
598 808 71 20 därtill
685 806 131 28 smalspårig.
846 806 41 28 Jag
902 806 70 21 skulle

139 835 72 21 därför
233 841 52 15 anse
307 837 31 19 att
357 836 41 20 den
418 836 63 26 kläm,
496 842 45 14 som
557 836 102 21 utskottet
674 835 111 27 föreslagit
800 835 32 21 för
847 834 124 28 Nykarleby

138 862 72 22 banan
226 864 69 20 skulle
310 870 51 14 vara
376 864 49 20 vida
439 870 46 15 mer
499 864 88 28 lämplig
601 865 33 20 för
645 864 71 21 banan
729 864 32 20 till
775 863 139 27 Mäntyluoto.
928 864 43 26 Jag

137 891 90 21 föreslår
241 892 71 20 därför
327 892 128 28 antagandet
470 893 21 20 af
505 893 94 27 följande
614 893 67 21 kläm:
699 894 30 20 att
743 892 160 27 ifrågavarande
918 892 53 27 peti-

138 920 137 28 tionsförslag
289 920 33 21 för
338 920 71 22 denna
423 921 56 28 gång
493 921 46 22 icke
554 921 65 22 måtte
635 921 112 22 föranleda
762 920 32 21 till
809 920 69 28 någon
898 920 73 28 åtgärd

138 949 48 20 från
201 949 126 21 ständernas
342 949 51 21 sida.

208 1034 34 21 Hr
257 1033 146 28 Federley:
434 1035 41 27 Jag
497 1035 37 20 ber
552 1037 30 19 att
596 1036 111 26 gentemot
722 1034 26 21 hr
762 1034 81 21 Walles
858 1033 115 28 påstående

139 1064 30 19 att
184 1062 36 21 det
235 1069 52 14 vore
302 1069 27 14 en
344 1063 157 21 inkonsekvens
517 1065 30 19 att
562 1063 35 21 vid
613 1063 72 21 denna
700 1062 104 28 landtdag
813 1063 73 20 förena
896 1063 32 27 sig
936 1069 35 14 om

139 1091 42 20 den
196 1091 22 20 af
232 1091 45 27 mig
292 1091 121 28 föreslagna
427 1092 113 27 klämmen,
555 1092 27 21 då
597 1092 116 21 ständerna
729 1091 35 20 vid
776 1093 83 19 senaste
870 1091 103 28 landtdag

138 1119 74 21 biföllo
235 1119 32 21 till
290 1119 123 28 byggandet
432 1120 21 21 af
473 1120 96 21 Wasklot
584 1120 71 21 banan
670 1119 71 22 under
756 1119 90 28 ungefär
861 1119 111 21 enahanda

139 1147 75 26 vilkor,
230 1154 46 15 som
291 1148 104 21 utskottet
413 1149 38 20 har
466 1149 107 27 föreslagit
589 1148 132 21 beträffande
737 1147 143 28 Björneborgs
896 1148 77 27 banan,

138 1176 114 21 framhålla
275 1179 30 19 att
327 1177 36 27 jag
377 1177 33 20 för
424 1177 45 20 min
485 1177 33 21 del
533 1177 47 21 icke
596 1184 37 14 var
648 1177 51 21 med
716 1176 34 21 vid
767 1178 83 19 senaste
865 1176 108 28 landtdag,

138 1204 24 21 så
182 1206 31 19 att
232 1205 37 20 det
287 1205 128 21 åtminstone
437 1205 46 21 icke
506 1205 47 21 från
568 1206 45 20 min
629 1205 46 21 sida
691 1205 83 27 förelåg
789 1205 69 26 någon
874 1205 99 20 inkonse-

137 1233 75 27 kvens,
227 1233 27 20 då
269 1233 36 28 jag
319 1233 93 28 föreslog
426 1234 45 20 min
483 1234 63 21 kläm.
572 1233 117 22 Dessutom
701 1239 63 15 anser
773 1233 36 28 jag
820 1235 29 19 att
859 1233 113 21 ständerna

137 1261 119 27 ingalunda
271 1261 51 22 böra
337 1261 59 22 finna
411 1263 32 27 sig
458 1262 88 21 bundna
561 1263 21 20 af
596 1262 131 27 föregående
743 1261 71 21 beslut
827 1261 55 21 ända
893 1261 79 21 därhän

138 1291 30 20 att
191 1290 26 21 de
240 1290 60 21 alltid
323 1290 70 22 skulle
414 1286 127 37 formulera:
547 1286 50 37 sina
618 1291 73 21 beslut
709 1290 55 21 efter
779 1296 81 15 samma
874 1291 98 20 mönster.

138 1317 42 22 För
196 1318 63 28 öfrigt
278 1319 100 21 framhöll
400 1319 25 20 hr
440 1319 69 21 Walle
525 1321 30 19 att
569 1319 115 21 ständerna
700 1319 48 20 icke
763 1318 64 21 hafva
841 1318 133 21 motionsrätt

137 1346 8 20 i
160 1347 178 28 järnvägsfrägor,
361 1348 40 20 och
421 1349 30 20 att
465 1347 36 22 det
516 1354 50 14 vore
579 1350 30 18 att
623 1347 100 22 betrakta
738 1353 46 14 som
800 1353 27 15 en
842 1347 79 20 motion
938 1353 35 14 om

137 1375 116 21 ständerna
275 1376 85 21 besluta
380 1382 27 15 en
422 1376 67 21 banas
508 1376 119 28 byggande,
647 1378 58 19 samt
721 1378 30 18 ett
766 1375 76 21 sädant
857 1375 69 21 beslut
941 1375 33 21 sä-

136 1403 68 21 lunda
224 1410 51 14 vore
291 1404 108 21 stridande
414 1406 45 20 mot
473 1404 28 21 L.
517 1404 24 22 O.
570 1404 64 22 Detta
649 1407 23 19 är
688 1410 32 14 nu
735 1410 27 15 en
778 1404 120 25 fullkomlig
912 1404 63 20 miss-

136 1432 137 27 uppfattning
295 1433 22 20 af
331 1433 26 21 hr
371 1433 76 21 Walle.
476 1433 168 21 Motionsrätten
659 1434 42 20 har
715 1433 113 27 ingenting
843 1434 132 26 gemensamt

137 1460 50 21 med
202 1463 31 18 ett
249 1460 70 22 beslut
339 1468 36 14 om
390 1464 30 18 ett
435 1461 74 28 anslag
523 1462 34 20 för
571 1464 30 18 ett
616 1462 53 20 eller
685 1463 67 19 annat
768 1461 103 20 ändamål.
902 1460 72 21 Slutli-

136 1495 43 20 gen
202 1489 51 21 ville
275 1490 36 26 jag
327 1492 50 25 säga
393 1492 30 19 att
435 1491 36 27 jag
486 1490 111 28 ingenting
611 1490 38 21 har
664 1491 61 20 emot
741 1489 40 21 den
798 1490 20 20 af
831 1490 24 20 hr
870 1488 103 28 Hallberg
