1017 1731
167 113 55 19 1428
384 117 177 22 Borgareståndet
575 119 53 17 1891.
653 120 26 16 23
691 119 48 20 maj.

140 197 99 22 bostället
262 197 105 28 befintligt
382 197 47 28 laga
444 198 45 21 hus.
520 199 49 20 Alla
585 199 70 25 skada,
671 205 46 14 som
733 204 77 21 genom
827 199 75 26 uppsåt
918 199 50 21 eller

140 227 56 27 groft
219 226 97 21 vållande
332 227 21 20 af
368 227 78 20 honom
461 227 13 20 å
489 226 74 21 sådant
578 227 40 20 hus
633 223 136 51 tillkommer,
785 226 53 21 skall
854 227 21 20 af
889 228 78 20 honom

140 255 32 21 till
194 255 189 27 byggnadskassan
405 255 105 27 ersättas",
533 256 39 20 och
595 256 7 19 i
621 256 8 26 8
647 248 43 39 42:
701 252 43 30 ,Är
759 255 12 20 å
786 255 48 26 laga
847 255 41 21 hus
903 256 65 21 sådan

140 284 58 26 brist,
214 290 46 14 som
275 283 108 27 jämlikt
374 279 12 36 $
401 284 25 19 22
443 283 37 21 bör
496 272 101 39 afhjälpas
613 284 22 20 af
645 257 196 48 buställshatvaren,
852 284 52 21 eller
914 285 54 20 före-

140 300 96 33 kommer
259 311 12 21 &
290 319 77 19 egurna
372 294 108 45 ”vanhäfd,
497 312 52 20 skall
564 313 42 20 han
622 313 44 20 före
683 313 32 20 sin
732 306 123 33 afflyttning
870 313 45 20 från
932 313 36 21 bo-

140 341 70 20 stället
226 324 118 47 värkställa.
355 341 34 20 det
405 329 106 32 eftersatta
527 341 86 27 arbetet,
629 341 37 20 där
681 341 42 20 han
740 341 19 26 ej
770 328 139 34 "annorlunda
919 342 47 20 med

140 369 152 21 efterträdaren
308 369 211 21 öfverenskommer*'.
550 353 106 46 Utskottet
669 370 38 20 har
721 376 30 13 nu
768 369 66 21 tolkat
849 370 26 20 22
887 370 18 27 $,
916 371 52 26 jäm-

140 398 46 20 förd
209 397 50 21 med
280 398 11 26 $
314 398 33 26 42,
363 397 90 21 sålunda
468 399 30 19 att
513 398 26 20 42
557 399 12 25 $
585 398 68 20 skulle
669 397 90 28 utvidga
774 398 41 20 den
831 399 136 26 ersättnings-

140 426 127 27 skyldighet,
289 433 46 13 som
350 426 7 20 i
373 427 26 19 22
416 427 12 25 $
443 428 130 25 omnämnes,
589 427 39 20 och
643 428 30 19 att
689 426 90 21 sålunda
795 425 172 23 boställshafvare

139 455 69 20 skulle
230 461 90 14 ansvara
342 455 46 20 icke
411 455 53 20 blott
482 455 32 20 för
529 455 66 20 skada
610 455 12 20 å
637 455 110 21 boställets
762 455 46 26 hus,
825 455 140 27 uppkommen

139 490 78 20 genom
239 483 54 20 hans
316 483 76 27 uppsåt
407 483 52 21 eller
474 483 73 27 grofva
562 483 103 26 vållande,
682 485 52 19 utan
750 483 40 21 ock
806 483 32 21 för
853 483 26 21 all
897 484 70 22 skada,

139 519 47 13 som
202 512 140 27 uppkommer
357 518 75 21 genom
449 512 70 27 någon
534 512 52 21 hans
601 512 156 21 försummelse.
778 512 72 27 Enligt
860 512 44 20 min
915 520 52 20 upp-

141 541 91 27 fattning
258 542 23 19 är
303 540 36 21 det
361 540 86 21 alldeles
463 540 154 28 otvifvelaktigt
631 543 30 19 att
676 541 159 27 propositionen
850 541 46 21 icke
912 541 56 21 afser

141 570 118 26 någonting
279 569 80 21 sådant.
389 569 159 27 Propositionen
564 569 36 20 vill
616 572 50 24 säga
682 570 39 20 och
737 569 79 21 uttalar
830 570 36 20 det
880 569 87 21 alldeles

142 598 77 27 tydligt
234 598 7 20 i
257 598 26 20 22
300 598 19 26 $,
334 599 29 19 att
379 597 172 21 boställshafvare
566 604 101 14 ansvarar
682 598 76 20 endast
773 598 33 20 för
820 598 66 20 sådan
896 598 71 27 skada,

140 633 46 14 som
202 632 76 22 genom
295 626 52 20 hans
363 626 75 27 uppsåt
453 626 52 20 eller
519 626 74 27 grofva
608 626 99 21 vållande
724 626 144 27 uppkommer,
885 627 39 20 och
938 628 28 19 42

140 656 12 26 $
176 655 85 27 stadgar
283 654 52 21 blott
359 656 29 19 att
404 654 69 21 denna
488 654 65 22 skada
568 655 54 20 skall
637 657 89 19 ersättas
743 654 52 22 eller
810 655 35 20 det
860 655 106 21 eftersatta

139 684 102 26 fullgöras
264 683 71 20 förrän
357 683 188 21 boställshafvaren
566 683 46 21 från
629 683 99 21 bostället
743 683 98 27 afflyttar.
857 684 27 20 42
901 684 12 26 $
929 684 36 20 vill

139 712 46 20 icke
209 712 87 26 utvidga
318 711 125 27 stadgandet
464 712 7 20 i
493 712 25 20 22
543 712 18 26 $,
584 712 39 21 och
645 712 57 21 detta
718 714 24 18 är
757 712 87 20 alldeles
860 712 104 28 naturligt.

138 741 96 27 Tidigare
250 740 39 20 har
303 740 46 20 icke
365 740 69 27 någon
450 746 70 14 annan
535 740 120 27 skyldighet
670 741 6 19 i
693 747 30 13 nu
739 740 161 27 ifrågavarande
912 741 53 21 afse-

139 769 55 21 ende
215 769 70 27 ålegat
299 768 136 21 innehafvare
451 769 21 20 af
487 769 92 27 prästbol
594 771 27 18 än
637 769 41 21 den
695 769 103 21 utskottet
813 776 30 13 nu
858 769 38 21 har
910 770 55 20 velat

138 798 59 20 finna
219 798 6 19 i
249 798 27 19 42
298 798 12 25 $
326 797 85 21 uttalad.
441 797 50 21 Men
505 804 34 14 om
555 798 170 26 propositionens
740 798 88 26 mening
843 798 54 20 hade
912 798 54 20 varit

138 826 72 27 sädan,
226 832 46 14 som
287 826 102 20 utskottet
403 832 134 20 supponerar,
553 825 22 21 sä
588 828 23 18 är
621 826 36 21 det
667 826 89 20 alldeles
769 826 125 27 obegripligt
905 827 60 20 hvar-

138 855 33 20 för
192 854 176 21 boställshafvare
388 854 32 20 för
438 854 113 21 framtiden
563 854 69 21 skulle
648 861 51 14 vara
715 854 85 27 skyldig
816 856 29 19 att
860 855 83 27 deltaga
959 856 4 19 i

138 882 189 28 byggnadskassan
349 882 68 21 såsom
440 883 156 27 propositionen
611 883 144 21 föreskrifver.
789 883 39 21 Att
842 884 123 26 propositio-

138 918 43 14 nen
196 911 137 21 föreskrifver
348 918 25 13 en
390 911 65 21 sädan
470 911 120 27 skyldighet
605 914 30 18 att
649 912 130 26 participera
794 912 7 20 i
817 911 101 27 bidragen
934 912 31 20 till

138 940 188 27 byggnadskassan
349 940 62 21 beror
434 940 165 27 uppenbarligen
622 940 65 27 därpä
710 942 31 19 att
767 947 49 14 man
842 940 122 28 härigenom

138 969 56 21 velat
213 969 77 27 fritaga
309 969 173 20 boställshafvaro
504 969 47 20 frän
573 971 30 18 att
617 975 91 14 ansvara
723 969 34 20 för
772 975 71 14 annan
858 969 66 21 skada
938 971 26 19 än

138 998 48 26 den,
210 1004 47 14 som
273 997 86 27 uppstär
373 1003 77 21 genom
465 997 52 20 hans
533 997 75 28 uppsät
623 997 52 21 eller
690 997 76 28 grofva
782 997 102 21 vällande.
915 997 49 22 Man

137 1027 38 20 har
197 1026 57 21 velat
275 1025 82 21 frikalla
373 1025 171 21 boställshafvare
566 1026 47 20 frän
636 1026 151 27 skyldigheten
808 1028 30 19 att
854 1026 68 21 säsom
938 1033 26 14 en

137 1055 42 27 god
201 1054 142 27 familjefader
363 1054 65 21 vårda
450 1055 32 26 sig
504 1061 34 14 om
560 1054 108 21 hoställets
692 1054 120 27 underhåll,
828 1055 39 20 och
882 1057 41 18 satt
938 1061 26 14 en

137 1090 71 14 annan
231 1083 122 27 skyldighet
374 1083 7 20 i
401 1083 68 20 stället
484 1083 33 20 för
531 1083 75 20 denna.
636 1083 43 21 Det
693 1085 25 18 är
733 1083 71 20 därför
819 1083 101 28 naturligt
935 1085 29 19 att

137 1112 174 21 boställshafvare
332 1111 33 20 för
384 1111 114 21 framtiden
519 1111 52 20 skall
594 1118 91 14 ansvara
703 1111 77 21 endast
795 1111 33 21 för
843 1111 35 21 det
892 1112 72 27 grofva

136 1140 113 21 vällandet.
279 1139 74 21 Såsom
369 1139 35 21 det
419 1146 29 14 nu
463 1141 23 19 är
501 1140 68 24 stäldt,
579 1140 68 21 skulle
664 1139 176 22 boställshafvare
854 1140 33 21 för
902 1141 62 20 fram-

136 1169 58 20 tiden
217 1169 48 20 icke
287 1168 75 21 endast
384 1168 63 21 hafva
469 1175 80 14 samma
561 1169 127 27 skyldighet,
704 1175 47 14 som
767 1169 78 20 honom
860 1169 104 20 härintills

136 1197 38 20 har
193 1197 75 26 älegat,
284 1198 51 19 utan
350 1197 43 20 han
408 1197 68 20 skulle
492 1197 107 20 dessutom
615 1197 63 21 hafva
694 1197 27 20 de
737 1197 68 27 dryga
820 1197 102 27 bidragen
933 1197 31 21 till

136 1225 170 21 boställskassan.
337 1225 40 20 Om
398 1231 49 15 man
463 1225 132 27 genomläser
609 1232 30 14 nu
654 1225 101 28 gällande
772 1225 131 28 stadganden
918 1226 7 20 i
940 1226 24 20 B.

135 1254 24 21 B.
178 1254 111 27 angående
312 1255 67 25 prästs
402 1254 120 27 skyldighet
545 1256 29 19 att
594 1254 127 21 underhålla
744 1254 94 27 boställe,
859 1254 23 20 sä
896 1254 68 21 finner

135 1289 50 14 man
202 1285 29 18 att
246 1283 43 20 han
305 1282 46 21 icke
367 1282 67 20 häller
449 1284 23 19 är
487 1283 84 27 skyldig
586 1285 29 18 att
631 1283 72 27 bygga
719 1282 83 27 sädant,
817 1289 46 14 som
874 1283 20 20 af
906 1282 58 21 älder

135 1311 39 20 har
196 1311 70 20 blifvit
289 1310 101 27 odugligt.
421 1310 72 28 Enligt
515 1311 112 21 utskottets
641 1311 82 27 förslag
738 1311 97 20 kommer
850 1311 63 20 också
928 1317 36 14 en-

135 1339 47 21 dast
198 1339 71 21 denna
284 1339 83 20 förmän
381 1339 79 20 honom
476 1339 31 21 till
515 1340 60 26 godo,
584 1339 110 22 hvaremot
710 1340 43 20 han
755 1335 12 36 i
784 1339 29 21 alt
823 1339 63 28 öfrigt
896 1339 67 22 skulle

134 1374 91 14 ansvara
240 1367 33 21 för
288 1367 244 28 boställsbyggnaderna,
543 1368 38 21 och
594 1368 69 22 under
673 1368 82 21 sädana
766 1368 146 21 förhällanden
922 1368 41 21 kan

134 1396 129 21 ätminstone
283 1396 36 27 jag
337 1396 47 21 icke
402 1396 59 21 finna
476 1397 41 20 den
532 1397 92 27 ringaste
639 1397 73 27 grund
728 1397 33 20 för
776 1397 53 20 hans
844 1396 120 28 skyldighet

133 1427 31 19 att
180 1425 85 27 deltaga
279 1425 8 20 i
302 1425 194 27 byggnadskassan.
526 1425 41 21 För
581 1426 45 20 min
642 1426 35 20 del
693 1426 71 20 skulle
780 1426 36 26 jag
830 1425 53 27 yrka
897 1425 27 27 pä
935 1427 29 19 att

133 1454 28 20 22
182 1454 12 26 &
216 1454 40 20 och
275 1454 42 20 den
332 1453 87 21 därmed
433 1454 8 20 i
457 1454 152 27 sammanhang
623 1454 90 21 stående
729 1454 28 20 42
774 1454 12 26 $
803 1454 68 20 skulle
887 1454 20 20 få
923 1454 40 21 den

132 1482 89 27 lydelse,
237 1488 46 15 som
299 1482 6 20 i
320 1482 158 27 propositionen
494 1482 92 21 föresläs.
