1017 1731
122 104 2 2 *
155 101 55 23 1200
371 106 188 28 Bergereståpdet
564 107 65 20 1891..
643 106 25 19 15.
677 107 49 21 mej.

128 187 31 20 att
181 184 143 25 vinstmedlen
347 185 70 24 skulle
439 185 114 24 användas
563 185 75 24 främat
650 185 35 22 till
698 185 159 27 nykterhetens,
869 185 89 26 ordnin-

127 214 110 27 gens..och
252 213 168 28 upplysningens
435 214 152 27 befrämjande.
615 214 35 27 Ty
662 213 125 28 därigenom
798 213 85 24 komma
896 213 62 23 dessa

128 242 130 23 vinstmede]
272 244 31 20 att
317 242 51 28 ingå
379 242 77 24 såsom:
467 249 27 14 en
509 242 106 23 ordinarie
630 241 112 24 inkomst
734 237 10 37 i
754 241 109 24 städernas
873 241 85 28 budget,

129 270 41 21 och
179 270 63 23 detta
254 271 41 21 vill
309 271 36 27 jag
356 272 102 22 motsätta
472 270 50 28 mig.

198 326 33 24 Hr
252 327 134 28 Hallberg
407 327 167 28 kompletterade
596 327 36 22 sitt
654 327 93 26 tidigare
758 327 100 26 yttrande
873 327 85 26 därhän,

130 356 30 21 att
175 355 42 22 han
232 355 95 23 önskade
342 355 120 24 äterremiss
477 355 21 22 af
512 355 127 28 paragrafen
652 355 9 23 i
676 355 36 24 det
727 355 56 26 syfte
797 355 42 21 han
844 351 13 37 i
876 355 36 21 sitt
922 361 36 15 an-

129 383 109 27 dragande
254 385 97 21 närmare
366 384 81 27 antydt.

199 439 72 22 Sedan
285 440 150 22 diskussionen
449 440 87 22 härmed
551 440 104 27 afslutats,
667 439 124 23 framstälde
801 440 25 22 hr
836 439 122 22 talmannen

129 467 9 21 i
162 467 117 28 anledning
291 469 30 22 af
343 469 25 20 hr
389 469 102 22 Jusölius'
514 469 140 27 anmärkning
677 467 130 24 beträffande
824 467 134 28 paragrafens

130 495 67 24 första
210 499 97 19 moment
321 497 94 27 följande
431 497 286 27 omröstningsproposition
708 491 14 38 ;

200 552 40 27 De,
264 553 75 21 hvilka
357 553 117 27 godkänna
487 553 114 21 utskottets
616 553 84 27 förslag
715 552 38 22 till
768 552 78 28 lydelse
860 552 36 27 för
910 552 47 28 för-

130 582 36 19 sta
186 583 119 19 momentet
328 581 30 27 af
376 583 15 25 $
412 582 14 20 9
447 582 150 26 oförändradt,
618 583 61 20 rösta
689 581 41 27 ja;
745 581 31 26 de,
792 581 35 21 det
840 580 46 21 icke
898 583 60 25 göra,

130 610 62 20 rösta
205 609 49 27 mej;

200 637 81 21 vinner
302 638 43 27 nej,
369 638 42 21 har
431 638 176 27 borgarestämdet
627 637 91 22 beslutit
737 636 158 22 återremittera
910 644 47 14 mo-

130 666 82 21 mentet
226 665 10 21 i
250 666 37 20 det
300 666 58 27 syfte
373 666 27 20 hr.
414 665 97 22 Juselius
525 666 110 28 förslagit.

200 721 162 28 Propositionen
378 722 125 23 besvarades
518 722 49 22 med
577 721 158 29 öfvervägando
745 722 28 27 ja,
778 717 38 37 till
825 721 51 27 följd
887 721 73 21 hvaraf

131 749 83 22 säledes
241 750 66 21 första
332 752 117 20 momentet
474 751 21 21 af
516 752 11 24 &
550 751 13 20 9
584 757 37 15 var
643 750 22 22 af
689 750 86 22 ständet
800 751 85 26 antaget
908 752 51 19 utan

132 777 96 28 ändring.

200 828 136 24 Beträffande
357 830 26 20 hr
403 829 113 28 Hallbergs
538 829 79 28 förslag
637 829 93 23 rörande
755 828 66 23 andra
844 830 116 20 momentet

131 856 134 23 framstäldes
281 864 28 15 en
323 857 24 23 så
362 858 92 26 lydande
470 858 283 28 omröstningsproposition:

201 907 39 27 De,
257 908 75 21 hvilka
345 908 118 28 godkänna
477 908 112 22 utskottets
604 908 84 28 förslag
704 908 36 21 till
755 908 78 28 lydelse
843 907 36 28 för
889 907 71 21 andra

131 938 119 19 momentet
264 936 29 28 af
303 937 16 26 $
336 937 13 20 9
363 936 10 21 i
387 937 36 21 det
437 937 26 21 hr
477 936 104 29 Hallberg
596 936 121 22 anmärkta
731 936 106 28 afseende,
848 937 60 20 rösta
920 936 24 27 ja
950 944 8 17 ;

133 964 31 27 de,
180 965 36 20 det
230 965 46 20 icke
290 967 60 25 göra,
365 967 60 19 rösta
439 965 49 28 nej;

200 993 82 21 vinner
303 993 42 28 nej,
368 993 43 21 har
425 993 176 28 borgareständet
615 993 90 21 beslutit
720 992 159 21 äterremittera
893 992 67 28 sagda

131 1023 98 18 moment
243 1021 10 20 i
268 1021 35 21 det
317 1021 58 28 syfte
390 1022 27 21 hr
431 1021 104 28 Hallberg
549 1021 121 28 föreslagit.

201 1071 73 22 Sedan
296 1071 84 22 ståndet
401 1073 50 20 med
473 1073 82 27 afgjord:
577 1072 155 28 röstpluralitet
745 1072 103 21 förkastat
862 1072 25 20 hr
900 1071 60 22 Hall-

131 1099 63 28 bergs
216 1099 85 28 förslag,
323 1100 123 23 framstälde
467 1101 25 20 hr
510 1101 127 21 talmannen
656 1100 93 22 rörande
768 1100 26 21 hr
808 1099 100 22 Jusölius'
924 1107 37 14 an-

132 1127 114 28 märkning
262 1130 30 19 att
307 1129 94 20 ansökan
417 1135 35 14 om
467 1129 132 21 öfverlätelse
615 1129 22 21 af
651 1129 76 27 bolags
742 1128 164 28 utskänknings-
922 1129 38 21 och

131 1156 250 28 utminuteringsrätt
353 1152 29 37 på
395 1157 136 21 innehafvare
547 1157 21 21 af
582 1157 71 27 hotell,
664 1157 143 21 restauration
822 1156 52 21 eller
887 1157 74 20 kondi-

131 1183 41 21 tori
190 1183 66 22 borde
279 1184 83 28 åtföljas
385 1185 21 21 af
427 1185 126 28 fräjdebevis
575 1187 55 19 samt
645 1185 86 28 uppgift
744 1185 27 27 pä
786 1185 75 27 stället,
876 1185 38 21 där
928 1187 32 19 ut-

132 1211 150 29 skänkningen
307 1213 52 21 eller
372 1214 186 27 -utminuteringen
580 1213 85 22 komme
681 1215 32 20 att
728 1219 40 22 ega
783 1219 53 21 rum,
850 1213 112 22 nedanstä-

131 1240 55 21 ende
202 1241 282 28 omröstningsproposition:

200 1291 40 27 De,
256 1291 75 22 hvilka
344 1292 118 27 godkänna
476 1293 112 21 utskottets
603 1293 84 27 förslag
704 1292 36 21 till
756 1292 79 28 lydelse
844 1291 37 28 för
890 1292 71 21 andra

130 1321 119 19 momentet
272 1320 29 27 af
319 1320 16 27 $
359 1321 14 20 9
392 1320 11 21 i
423 1321 125 27 förenämdt
568 1321 109 27 afseende,
693 1322 61 19 rösta
763 1321 43 27 ja;
822 1321 30 26 de,
868 1320 35 21 det
916 1320 45 21 icke

129 1348 61 25 göra,
205 1349 62 19 rösta
281 1348 49 28 nej;

200 1376 81 20 vinner
295 1376 43 28 nej,
354 1376 43 22 har
412 1376 176 28 borgareständet
602 1377 91 22 beslutit.
708 1378 35 20 att
757 1377 75 21 andra
845 1378 117 20 momentet

130 1403 56 21 skall
200 1403 175 23 återremitteras
389 1405 10 20 i
413 1405 36 21 det
463 1405 28 27 af
501 1405 28 21 hr
543 1405 100 21 Jusélius
657 1405 100 28 angifna
771 1405 67 28 syfte.

200 1454 163 28 Propositionen.
394 1456 128 24 besvarades
545 1456 48 23 med
618 1456 160 28 :öfvervägande
802 1456 27 27 ja,
854 1456 32 21 till
910 1456 51 27 följd

130 1481 75 23 hvaraf
220 1482 125 24 således:
324 1477 20 39 hr
358 1484 102 23 Jusélius'
470 1484 84 28 förslag
565 1491 40 16 var
619 1484 126 24 förkastadt.
