1017 1731
180 106 54 20 1452
394 112 179 21 Borgareständet
587 113 52 16 1891.
663 113 26 16 25
701 112 48 20 maj.

221 190 36 21 Hr
271 190 139 29 Federley
425 191 115 21 förordade
555 191 32 21 till
603 191 121 28 antagande
740 191 42 20 den
793 191 62 26 kläm,
867 198 45 14 som
922 190 32 21 för

154 219 74 28 slagits
243 220 8 20 i
266 220 159 21 reservationen
440 227 35 14 n:o
491 221 18 20 3.

221 275 36 21 Då
280 277 63 27 ingen
366 276 73 21 vidare
461 276 72 21 anhöll
548 284 34 13 om
598 277 67 26 ordet,
679 276 135 21 förklarades
829 275 129 22 diskussion«

153 304 101 26 afslutad,
275 305 108 21 hvarefter
398 305 25 20 hr
437 305 121 21 talmannen
574 305 125 21 framstälde
714 305 96 28 följande
826 305 132 27 omröstning

154 333 142 28 proposition:
624 343 13 15 o

222 391 39 26 De,
283 391 75 20 hvilka
379 391 72 21 såsom
467 391 215 28 kontraproposition
697 393 58 19 emot
770 391 111 21 utskottets
895 391 67 27 försla

154 419 117 27 föredraga
286 419 35 21 det
334 419 10 20 i
359 420 27 20 hr
400 419 86 22 Lindhs
501 427 29 14 m.
547 420 22 27 fl.
587 420 134 21 reservation
737 420 107 27 ingående
865 420 96 27 yrkande

154 449 60 19 rösta
224 448 40 27 ja;
280 448 31 27 de,
327 448 34 21 det
375 448 45 21 icke
434 451 59 24 göra,
510 450 59 19 rösta
584 449 47 26 nej;

222 476 81 21 vinner
316 477 42 27 nej,
373 477 42 20 har
433 477 174 27 borgareständet
622 477 10 20 i
646 477 82 21 sådant
743 477 100 27 afseende
858 477 107 27 föredragi

153 505 28 21 hr
195 505 108 27 Löfgrens
318 505 89 28 förslag.

222 562 166 28 Propositionen
404 562 127 22 besvarades
547 563 48 21 med
611 562 162 28 öfvervägande
788 563 25 28 ja.

222 618 49 22 Den
293 619 94 28 följande
409 620 159 28 propositionen
589 620 66 20 erhöll
671 620 50 21 med
737 620 115 27 anledning
867 619 61 21 häraf
942 627 26 13 ne

154 646 133 22 danstäende
302 648 91 28 lydelse:

222 704 39 27 De,
277 704 74 21 hvilka
365 705 116 27 godkänna
496 705 112 21 utskottets
623 713 77 13 senare
712 705 33 28 pä
755 705 67 21 sidan
833 706 28 20 44
872 704 101 28 ingående

153 733 65 27 kläm,
234 734 60 20 rösta
303 733 40 27 ja;
359 734 30 26 de,
405 734 34 20 det
453 734 45 21 icke
511 736 60 25 göra,
587 736 59 19 rösta
661 734 48 28 nej;

222 761 78 21 vinner
314 762 41 27 nej,
371 762 42 20 har
427 762 175 28 borgareständet
615 763 89 21 beslutit
715 764 33 19 att
757 762 78 27 förena
845 762 33 27 sig
891 768 34 14 om
938 762 37 20 den

152 789 29 27 af
192 790 27 20 hr
233 790 77 20 Lindh
324 797 29 14 m.
371 790 22 27 fl.
411 791 176 27 undertecknade,
605 792 34 20 till
655 791 146 21 betänkandet
816 790 76 28 fogade
909 797 67 13 reser-

152 818 111 21 vationen.

222 875 164 35 Propositionen
411 875 127 22 besvarades
561 876 48 21 med
637 876 163 28 öfvervägande
822 876 41 28 nej,
878 876 31 20 till
924 875 55 28 följd

153 903 77 21 hvaraf
245 903 86 21 ständet
346 903 83 22 säledes
444 904 88 21 beslutit
547 908 36 23 att,
598 904 49 21 med
662 904 141 21 förkastande
819 904 23 21 af
863 904 115 20 utskottets

152 932 88 28 förslag,
262 932 75 21 förena
357 933 33 28 sig
413 940 33 13 om
467 940 25 14 en
507 934 90 27 petition
613 931 73 24 därom
703 936 32 18 att
750 932 42 22 den
807 933 57 20 reala
879 933 65 28 linjen
959 933 18 27 ej

152 960 82 21 mindre
255 961 38 21 vid
308 961 72 28 Borgä
395 961 82 28 lyceum
493 964 26 18 än
535 962 64 21 äfven
614 962 37 21 vid
667 962 70 21 finska
753 961 105 21 klassiska
872 961 83 28 lyceum
971 962 5 19 i

155 989 109 28 Uleåborg
279 989 66 21 måtte
359 990 120 21 utsträekas
494 991 77 27 jämväl
586 998 78 20 genom
680 991 27 20 de
719 989 136 22 återstående
868 989 47 29 fyra
925 989 53 28 hög-

152 1020 33 18 sta
200 1017 110 22 klasserna
325 1018 23 21 af
363 1018 62 21 dessa
440 1019 103 21 lärovärk.

220 1149 122 28 Föredrogs
365 1150 105 21 allmänna
492 1151 205 21 besvärsutskottets
720 1150 38 21 vid
782 1150 86 28 plenum
890 1149 41 21 den
950 1151 26 20 22

150 1177 41 28 maj
215 1177 119 28 bordlagda
353 1178 134 21 betänkande
503 1187 34 13 n:o
553 1180 26 20 29
595 1180 5 19 i
617 1179 118 27 anledning
751 1179 23 20 af
789 1178 103 21 särskilda
908 1179 6 20 i
930 1180 48 26 prä-

151 1208 49 23 ste-,
215 1205 100 28 borgare-
331 1207 39 20 och
381 1207 162 21 bondestånden
555 1207 121 22 inlämnade
689 1207 187 28 petitionsförslag
888 1207 89 20 rörande

150 1234 99 21 lärovärk
265 1234 34 21 för
313 1235 180 28 kvinnobildning
507 1237 6 19 i
528 1236 78 21 landet.

220 1297 70 21 Ordet
305 1297 103 28 begärdes
423 1299 33 20 till
471 1298 54 21 först
539 1299 23 20 af
576 1299 25 20 hr
617 1299 150 25 Alopaeus,
782 1305 46 14 som
840 1297 92 28 yttrade:
945 1297 32 21 På

150 1323 27 22 de
192 1325 7 20 i
214 1327 161 20 reservationen
389 1334 35 13 n:o
440 1328 12 19 2
468 1327 125 21 framhållna
612 1327 45 21 skäl
689 1335 24 13 ber
737 1327 33 28 jag
793 1329 31 18 att
845 1325 24 22 få
890 1325 87 22 förorda

149 1353 159 27 godkännande
323 1355 23 21 af
361 1355 41 21 den
418 1356 6 20 i
440 1355 69 21 denna
524 1357 131 20 reservation
671 1335 126 48 föreslacaa
806 1355 112 21 klämmen.
934 1354 43 21 För

149 1381 67 29 öfrigt
236 1383 39 21 vill
295 1384 35 27 jag
350 1383 65 21 äfven
435 1384 90 28 upplysa
540 1387 31 18 att
586 1384 225 22 fruntimmersskolan
826 1384 7 20 i
849 1383 32 21 S:t
895 1382 81 22 Michel

148 1410 67 21 sedan
232 1412 55 20 1879
303 1413 55 20 varit
373 1413 5 19 i
394 1412 141 22 värksamhet.

217 1473 34 21 Hr
267 1473 140 29 Clouberg:
427 1475 43 28 Jag
485 1477 22 19 är
521 1476 36 20 väl
572 1475 23 21 af
609 1475 42 21 den
674 1476 89 26 mening
784 1477 32 18 att
838 1474 36 21 det
896 1474 80 21 beträf-

147 1500 65 22 fande
228 1504 76 19 nästan
319 1502 73 28 hvarje
407 1503 99 22 lärovärk
514 1506 23 18 är
544 1503 34 21 för
589 1504 115 21 ständerna
714 1503 84 28 ganska
808 1502 59 22 svårt
879 1505 30 19 att
917 1502 59 22 bilda
