1017 1731
283 111 178 22 Borgareståndet
475 112 54 17 1891.
553 111 12 17 6
578 112 48 20 maj.
803 107 40 21 921

38 193 66 20 andra
118 191 150 22 vii
323 191 93 49 i
439 197 50 15 men
508 191 89 21 orsaken
613 191 33 21 till
661 193 30 19 att
707 192 41 20 den
764 192 106 21 förekom-

38 227 46 15 mer
99 223 43 18 tror
156 221 36 26 jag
204 220 67 21 oftare
297 220 59 27 ligger
368 219 69 22 däruti
451 221 30 19 att
493 220 164 21 seminariernas
668 219 72 22 elever
749 220 47 21 icke
807 221 63 20 hafva

39 249 121 26 tillräckligt
182 248 71 21 medel
275 249 30 20 att
326 247 57 22 lefva
407 247 23 21 sä
447 248 122 27 hygieniskt
584 248 41 26 väl,
640 254 47 14 som
703 248 36 21 det
753 248 70 21 skulle
839 255 31 15 er-

38 277 83 21 fordras
137 277 33 20 för
184 278 30 19 ett
228 276 24 21 sä
267 278 109 25 ansträngt
391 276 78 21 arbete.
499 276 41 21 Om
553 276 66 21 bland
630 276 240 21 folkskollärarinnorna

39 305 115 28 sjuklighet
175 305 148 26 förekommer,
345 304 24 21 sä
391 306 44 19 tror
456 305 35 27 jag
513 306 30 20 att
565 305 58 20 detta
645 304 118 27 ingalunda
785 305 39 21 har
838 305 32 20 sin

40 334 69 27 grund
130 333 45 21 däri
198 335 30 19 att
250 333 26 21 de
299 333 66 20 blifva
387 333 190 27 öfveransträngda
592 333 36 20 vid
644 333 159 27 seminarierna,
819 335 52 19 utan

39 363 35 26 jag
89 364 45 19 tror
148 362 36 21 det
198 361 68 28 ligger
280 361 8 20 i
303 361 76 27 själfva
394 361 61 21 deras
471 361 72 21 arbete
559 361 70 21 såsom
644 361 124 22 lärarinnor.
797 361 73 21 Vihe-

39 391 63 20 höfva
124 390 47 21 icke
187 390 72 21 vidare
274 391 27 19 än
317 389 64 21 tänka
396 396 34 14 oss
446 395 27 15 en
488 389 112 27 lärarinna,
616 389 103 22 skötande
735 391 13 19 4
764 390 106 21 afdelnin-

40 426 38 20 gar
97 418 27 28 pä
140 425 26 14 en
182 418 55 27 gäng
251 418 8 20 i
275 420 29 19 ett
322 418 81 27 ganska
417 417 72 28 trängt
503 425 48 13 rum
567 417 69 22 under
651 417 78 28 mänga
744 419 86 20 timmar
844 418 27 28 pä

41 447 75 28 dagen,
138 447 32 20 för
194 449 29 18 att
245 446 65 21 förstä
331 448 30 19 att
375 446 58 21 detta
449 446 71 21 arbete
536 446 67 21 mäste
618 453 51 14 vara
684 448 75 25 ytterst
775 449 96 18 ansträn-

41 475 74 28 gande.
145 475 43 21 Det
209 477 24 18 är
253 475 76 26 därför,
344 477 44 18 tror
402 475 41 27 jag,
459 475 30 20 alt
504 475 46 20 skäl
565 476 31 19 att
611 481 56 20 man,
683 475 68 20 säsom
769 475 103 20 utskottet

41 503 93 28 föreslår,
148 503 131 22 undersöker
294 503 161 21 förhållandena
471 503 110 27 angående
596 503 157 21 lärarinnornas
769 503 101 21 hälsotill-

42 532 66 21 stånd.
138 532 64 21 Detta
217 534 23 18 är
254 532 117 27 ingalunda
387 533 30 19 ett
431 532 216 20 misstroendevotum
662 534 45 18 mot
717 532 153 20 lärarinnorna.

42 561 41 27 Jag
105 563 44 19 tror
169 562 30 20 att
219 560 81 27 följden
315 560 60 21 däraf
390 560 54 21 skall
459 560 66 21 blifva
541 562 30 19 att
585 566 51 14 man
651 560 64 21 också
729 560 99 21 kommer
842 562 30 19 att

42 589 121 21 undersöka
184 588 161 22 förhållandena
367 588 48 21 med
440 588 95 22 lärarene
558 589 7 20 i
588 588 58 21 detta
668 589 106 26 afseende,
790 589 40 21 och
845 588 27 21 då

42 618 75 26 tycker
131 618 35 27 jag
181 617 65 21 målet
261 623 50 15 vore
326 619 87 19 vunnet.

112 691 33 21 Hr
166 690 149 22 Wasenius:
338 690 33 20 Då
386 690 7 20 i
409 690 41 27 dag
465 690 114 27 föreligger
594 690 31 20 till
640 690 131 27 behandling
786 696 27 15 en
828 697 44 14 mo-

43 719 44 21 tion
110 726 35 14 om
168 719 68 21 ökade
257 718 126 28 lönebidrag
405 718 32 21 för
460 718 239 21 folkskollärarinnorna
714 718 27 28 på
755 718 79 28 landet,
849 718 23 21 så

44 754 62 14 anser
127 748 35 26 jag
184 749 30 19 att
236 747 158 27 behandlingen
415 747 22 21 af
460 746 71 22 denna
545 747 58 21 kläm
619 747 65 21 borde
699 747 126 27 uppskjutas
840 747 32 21 till

44 776 48 21 dess
107 776 109 20 motionen
231 775 96 21 kommer
342 775 68 21 under
425 775 136 27 behandling.
592 775 42 21 Det
648 777 23 19 är
683 776 23 26 ju
719 775 88 21 alldeles
818 775 54 21 klart

44 806 30 19 att
88 804 108 20 klämmen
212 804 38 20 och
266 804 109 20 motionen
391 804 32 20 stå
437 804 7 20 i
460 804 51 20 strid
527 804 49 20 med
592 804 125 26 hvarandra,
733 804 39 20 och
780 804 36 26 jag
827 805 45 25 tyc-

44 833 38 21 ker
104 834 30 19 att
156 832 35 22 det
213 832 65 21 borde
299 832 81 21 lämnas
396 832 83 21 tillfälle
494 832 33 21 för
542 832 26 21 de
584 832 139 21 medlemmar
738 832 21 20 af
774 832 98 27 borgare-

44 860 89 27 ståndet,
148 867 46 14 som
209 860 51 27 vilja
277 860 130 21 understöda
421 860 116 28 motionen,
553 862 30 19 att
598 862 51 26 göra
664 860 63 27 detta,
742 860 24 21 så
781 862 30 19 att
826 860 47 21 bor-

45 889 133 27 gareståndet
198 889 47 21 icke
265 895 75 21 genom
357 890 29 20 ett
401 888 72 22 beslut
489 891 29 19 att
533 889 113 27 godkänna
661 888 70 22 denna
745 888 59 21 kläm
819 889 55 27 gjort

45 918 72 27 hvarje
139 917 120 21 diskussion
275 917 21 21 af
310 917 195 28 motionsförslaget
519 917 130 28 öfverflödig.
680 917 48 21 Mitt
743 917 79 28 förslag
837 916 37 29 går

46 946 64 27 därpå
132 948 24 19 ut
177 948 30 19 att
230 946 148 21 diskussionen
401 953 34 14 om
459 946 71 21 denna
548 946 57 21 kläm
621 945 68 22 skulle
705 945 60 22 anstå
780 946 40 20 och
835 952 39 21 ega

45 981 47 14 rum
108 975 7 20 i
130 975 154 26 sammanhang
298 974 49 21 med
364 975 41 20 den
421 974 77 21 väckta
513 975 114 20 motionen.

113 1041 33 21 Hr
168 1041 93 22 Walle:
284 1041 11 21 I
317 1042 67 20 likhet
401 1042 50 21 med
467 1042 26 20 hr
507 1042 103 21 Sundvall
626 1041 37 22 ber
677 1042 35 27 jag
727 1043 30 19 att
772 1041 22 21 få
808 1041 66 21 uttala

46 1072 29 19 ett
90 1072 68 19 varmt
178 1070 136 21 erkännande
330 1070 31 21 till
377 1070 161 27 statsutskottet,
559 1070 33 21 för
607 1072 30 19 att
651 1070 58 21 detta
723 1069 81 22 utskott
819 1069 56 22 velat

46 1098 78 21 föreslå
139 1100 29 19 att
184 1098 113 21 ständerna
312 1098 69 21 skulle
396 1098 43 21 låta
454 1099 123 20 införskaffa
590 1099 39 20 och
645 1098 64 21 sedan
725 1098 34 21 för
774 1098 32 27 sig
820 1098 54 21 före-

45 1127 63 26 lägga
122 1126 120 27 utredning,
258 1127 106 20 huruvida
378 1127 47 20 icke
441 1127 43 20 den
499 1127 33 20 för
546 1127 239 21 folkskollärarinnorna
800 1126 33 21 för
842 1132 33 14 er-

46 1154 98 21 hållande
166 1155 22 20 af
209 1155 89 26 pension
320 1155 127 20 föreskrifna
470 1155 137 27 tjänstetiden
630 1157 23 18 är
668 1155 33 20 för
715 1155 55 26 lång.
800 1154 75 21 Under

46 1183 41 21 den
110 1183 30 20 tid
158 1183 145 21 folkskolorna
323 1183 55 21 varit
393 1183 7 20 i
415 1183 136 21 värksamhet
566 1184 38 20 har
619 1184 35 27 jag
668 1189 45 15 mer
735 1185 26 18 än
778 1189 27 14 en
820 1182 56 27 gång

46 1211 54 21 varit
114 1211 8 20 i
137 1211 81 21 tillfälle
234 1213 30 19 att
279 1211 121 22 konstatera
415 1213 30 19 att
461 1212 62 21 dessa
538 1219 30 13 nu
583 1211 159 28 ifrågavarande
757 1211 119 20 lärarinnor

47 1240 43 20 lida
106 1239 20 21 af
141 1239 212 28 öfveransträngning
375 1240 40 21 och
430 1242 31 19 att
477 1241 26 20 de
518 1240 49 21 med
583 1240 116 27 anledning
715 1239 59 21 däraf
789 1239 39 21 och
843 1239 32 21 till

46 1268 52 27 följd
114 1268 21 21 af
150 1268 114 27 sjuklighet
279 1268 26 21 då
320 1269 40 20 och
375 1268 27 21 då
416 1268 69 21 måste
500 1269 21 20 få
537 1269 162 26 tjänstledighet.
724 1267 42 22 Det
778 1269 23 19 är
812 1268 24 27 ju
848 1274 28 14 en

45 1297 47 20 klar
107 1296 37 21 sak
160 1298 30 19 att
204 1297 73 26 dylika
293 1297 50 20 ofall
362 1297 3 20 i
380 1297 87 26 mycket
483 1297 64 27 högre
563 1297 52 28 grad
630 1297 85 20 komma
730 1298 30 19 att
772 1302 40 21 ega
822 1303 53 19 rum,

46 1325 27 20 då
87 1325 147 20 lärarinnorna
248 1325 66 20 blifva
329 1325 64 27 äldre,
409 1325 40 21 och
465 1328 31 19 att
511 1325 62 21 äfven
589 1325 74 21 skolan
679 1325 96 21 kommer
786 1326 30 19 att
827 1324 49 25 lida,

47 1360 34 13 om
96 1360 49 14 man
161 1353 81 27 nödgas
257 1353 36 20 vid
309 1353 124 21 densamma
443 1353 67 21 binda
522 1360 27 15 en
560 1354 79 27 sjuklig
651 1354 39 20 och
701 1351 175 29 öfveransträngd

46 1382 111 20 lärarinna.
188 1382 40 20 Om
252 1382 166 21 statsutskottets
441 1382 80 28 förslag
536 1382 69 21 skulle
621 1382 64 21 vinna
701 1381 124 22 ständernas
836 1387 41 14 un-

46 1410 90 27 derstöd,
152 1410 23 20 så
190 1412 44 18 tror
247 1410 36 27 jag
299 1412 29 19 att
343 1417 49 14 man
408 1410 125 28 därigenom
547 1411 48 21 icke
611 1411 88 21 allenast
713 1410 55 20 visat
783 1416 25 14 en
825 1409 51 27 gärd

46 1438 22 20 af
89 1438 117 21 humanitet
227 1440 46 19 mot
294 1438 237 28 lärarinnepersonalen
553 1440 36 20 vid
606 1439 125 26 folkskolan,
748 1440 50 19 utan
814 1438 63 20 äfven

46 1466 31 21 till
93 1467 39 20 och
147 1466 49 21 med
209 1466 69 22 skulle
289 1467 58 27 tjäna
359 1467 76 27 själfva
445 1467 122 21 folkskolan
578 1468 123 26 därigenom
712 1469 30 19 att
752 1466 124 21 densamma

46 1495 88 27 tidigare
150 1495 78 21 erhölle
244 1501 67 21 yngre
327 1495 79 21 krafter
421 1496 33 20 för
471 1496 33 20 sin
519 1496 150 20 lärarinnekår.
