1017 1731
303 105 180 21 Borgareståndet
496 105 54 17 1891.
575 105 12 17 6
600 105 48 21 maj.
825 99 39 21 967

60 186 61 27 gäng,
144 185 48 22 tack
207 192 49 14 vare
273 185 25 21 de
314 185 72 25 banor,
401 191 46 15 som
463 185 174 27 grannstäderna,
653 185 74 21 Gamla
742 185 96 26 Karleby
854 185 38 20 och

59 214 123 27 Jakobstad,
197 214 44 21 fått.
258 213 97 21 Rörande
372 220 29 14 nu
417 214 71 20 denna
504 213 124 27 Nykarleby
645 213 55 21 bana
715 215 74 18 ämnar
799 214 35 26 jag
845 213 46 20 icke

60 243 32 20 slå
106 243 26 26 på
148 243 41 20 den
209 242 123 27 patriotiska
353 244 108 19 trumman
478 243 39 20 och
533 242 48 21 med
597 242 91 21 statistik
704 242 39 21 och
758 242 68 21 fraser
841 241 51 21 söka

60 273 50 24 göra
133 271 71 27 troligt
220 271 41 20 den
277 272 56 19 stora
348 271 110 26 betydelse
475 271 70 20 denna
560 271 56 20 bana
631 271 69 20 skulle
716 271 62 20 hafva
794 271 40 20 och
850 271 41 20 den

59 300 68 20 ökade
149 299 61 22 trafik
228 300 42 20 den
285 299 68 21 skulle
370 299 77 21 tillföra
463 299 126 21 stambanan
605 306 18 14 o.
639 306 15 13 s.
670 306 18 13 v.
718 299 41 27 Jag
775 301 61 24 säger
851 300 41 19 rätt

59 328 40 21 och
114 328 49 21 slätt
178 330 29 19 att
223 328 35 21 det
273 330 23 18 är
311 334 25 14 en
353 328 94 20 bibana
463 329 39 20 och
518 328 69 21 därtill
603 328 43 21 den
658 328 92 27 ringaste
761 327 73 27 sådan,
845 333 46 15 som

60 357 89 26 begärts,
172 357 39 20 och
232 363 27 14 en
281 356 60 27 bana,
363 363 46 14 som
431 356 47 21 icke
501 357 43 20 kan
565 359 66 24 tynga
646 356 92 21 särdeles
753 356 27 27 pä
796 356 42 21 den
854 355 37 21 all-

60 387 78 18 männa
153 385 114 27 budgeten,
282 391 49 14 men
347 391 44 14 som
407 385 38 20 har
461 391 28 14 en
504 385 56 20 lokal
575 385 110 26 betydelse
701 385 32 20 för
743 384 147 28 angränsande

60 414 90 20 socknar
172 415 39 19 och
234 414 33 20 för
286 413 124 27 Nykarleby
425 413 48 21 stad
489 416 23 19 är
527 414 21 20 af
563 413 130 28 fullkomligt
708 413 50 21 vital
774 413 116 27 betydelse.

60 441 41 22 Det
121 442 67 27 gäller
209 442 44 21 helt
274 442 71 21 enkelt
367 442 86 21 stadens
474 449 51 14 vara
543 442 52 21 eller
610 442 47 21 icke
672 449 55 16 vara,
743 442 39 21 och
797 443 36 26 jag
848 442 42 20 kan

59 471 47 20 icke
122 473 30 18 tro
169 473 29 18 att
214 471 127 20 åtminstone
357 470 175 27 borgareståndet
546 471 33 20 för
595 471 90 26 300,000
700 471 60 20 mark
776 470 52 21 eller
839 471 51 19 kan-

59 499 37 21 ske
119 499 82 21 mindre
224 499 37 21 vill
283 499 62 21 döma
368 499 31 21 till
419 499 127 28 undergång
561 505 26 15 en
604 499 52 27 stad,
671 505 46 15 som
732 499 65 21 sedan
815 498 75 21 Gustaf

59 528 76 20 Adolfs
158 528 30 20 tid
202 528 41 20 fört
259 534 26 14 en
301 528 144 21 blomstrande
461 528 83 21 tillvaro
561 528 39 21 och
615 528 77 21 bestått
708 528 6 20 i
728 528 161 20 konkurrensen

59 556 48 21 med
130 556 171 28 grannstäderna.
331 556 34 20 En
387 557 42 20 viss
453 556 125 22 medkänsla
593 557 33 20 för
641 557 64 21 saken
724 556 69 21 finner
808 556 35 27 jag
858 556 32 20 till

59 585 43 20 min
118 585 77 27 fägnad
210 586 7 20 i
232 585 112 21 utskottets
361 585 140 27 betänkande,
517 585 26 21 då
559 586 102 20 utskottet
675 585 54 21 talar
744 591 34 14 om
794 591 27 14 en
837 584 53 27 möj-

59 613 65 27 lighet
146 614 33 20 för
201 614 74 20 staden
298 615 29 19 att
347 620 77 20 genom
447 614 90 26 järnväg
552 614 110 20 återvinna
677 614 36 20 sitt
728 613 67 21 delvis
812 619 78 21 genom

59 642 161 21 konkurrensen
242 642 104 21 förlorade
362 640 183 29 handelsområde.
575 642 42 21 För
631 642 65 21 saken
711 644 61 25 säger
787 642 103 20 utskottet

58 670 72 21 vidare
153 671 33 27 (pä
208 677 46 21 pag.
278 671 43 26 98):
343 671 29 26 JA
395 671 66 20 andra
481 672 60 20 sidan
561 671 68 27 ligger
644 671 35 21 det
693 671 44 21 åter
753 670 114 27 onekligen
883 670 6 19 i

58 699 135 21 statsvärkets
209 700 39 20 och
263 700 150 26 järnvägarnes
429 701 49 25 eget
493 700 89 20 intresse
599 701 30 19 att
643 706 76 20 genom
734 699 90 21 bibanor
837 705 52 20 upp-

58 728 67 20 samla
140 730 76 18 största
230 728 86 26 möjliga
331 728 61 20 trafik
408 728 47 20 frän
472 728 79 21 sädana
567 728 26 27 pä
609 728 59 20 sidan
685 734 33 14 om
733 727 155 27 hufvudbanan

57 755 99 28 liggande
179 758 55 18 orter
254 756 40 20 och
313 756 127 27 landsdelar,
457 756 92 21 därifrän
566 759 29 18 ett
611 756 110 21 nämvärdt
733 756 89 20 tillskott
839 761 49 15 vore

57 786 31 18 att
102 784 98 27 päräkna,
216 784 85 21 hvarför
315 791 49 14 man
381 785 64 21 ocksä
461 786 36 20 vid
513 785 135 21 beslutandet
663 792 34 14 om
713 785 42 20 den
771 784 117 26 Uleäborg-

57 812 37 21 ska
117 813 81 20 banans
221 813 120 27 sträckning
363 814 71 20 tänkte
457 814 32 26 sig
504 814 130 20 tillkomsten
652 814 43 20 förr
710 813 51 21 eller
776 818 75 16 senare
867 812 22 20 af

57 840 89 22 bibanor
168 842 31 20 till
219 842 152 20 kuststäderna.
402 842 31 21 Ur
449 849 31 13 nu
496 842 88 21 anförda
599 842 132 27 synpunkter
746 842 91 26 förtjäna
852 847 36 21 pe-

56 869 114 21 titionerna
192 877 35 13 om
248 870 121 27 byggandet
385 871 20 20 af
421 877 27 14 en
465 871 56 21 bana
536 870 31 21 till
583 870 123 27 Nykarleby
721 870 113 27 onekligen
851 869 36 21 be-

56 898 127 26 hjärtande*.

126 926 106 22 Utskottet
247 927 66 21 häller
328 928 45 21 före
389 929 29 20 att
433 928 73 21 banan
522 928 65 21 borde
603 928 75 27 dragas
693 929 24 19 ut
731 927 32 21 till
778 928 109 20 hamnen

56 955 39 20 och
118 955 121 21 framhåller
261 956 26 27 pä
309 956 69 27 grund
401 957 61 20 däraf
484 957 67 20 ökade
571 957 120 20 kostnader.
720 955 33 22 Då
768 955 119 21 emellertid

56 984 73 21 staden
151 984 48 27 själf
220 985 47 20 icke
288 985 32 20 för
338 985 134 21 närvarande
494 991 61 15 anser
571 985 57 21 detta
643 985 130 26 nödvändigt
789 985 39 20 och
844 986 44 18 tror

54 1012 33 27 sig
107 1019 49 14 vara
179 1013 99 26 betjänad
297 1013 20 20 af
332 1013 71 21 banan
425 1013 65 22 äfven
514 1014 57 21 detta
586 1014 90 26 förutan,
692 1013 23 21 så
730 1019 62 14 anser
806 1013 36 26 jag
857 1014 31 18 att

54 1040 70 21 denna
147 1041 33 20 del
202 1041 21 20 af
244 1041 65 21 saken
330 1042 13 20 f.
364 1049 19 13 n.
405 1042 42 21 kan
470 1043 81 20 lämnas
569 1042 130 27 fullkomligt
714 1041 79 21 därhän
809 1041 33 20 för
857 1042 31 19 att

54 1069 142 21 kostnaderna
211 1069 46 21 icke
273 1070 59 20 skola
348 1070 65 21 blifva
428 1072 69 19 större
513 1073 26 18 än
554 1071 56 20 hvad
626 1071 25 20 de
667 1073 35 18 äro
718 1069 114 28 planerade
848 1069 38 21 till.

123 1097 32 20 En
179 1098 69 27 tanke,
266 1105 45 14 som
331 1101 24 18 är
369 1099 32 20 för
417 1099 69 27 dagen
503 1100 38 20 och
557 1106 45 14 som
619 1099 31 20 till
665 1099 44 20 min
723 1098 79 27 fägnad
818 1098 27 27 på
857 1099 30 19 ett

54 1126 80 27 ganska
150 1127 85 26 positivt
250 1129 40 18 sätt
305 1127 101 21 förfäktas
421 1128 7 19 i
445 1128 114 21 utskottets
575 1127 137 27 betänkande,
728 1129 23 18 är
764 1126 123 28 byggandet

53 1155 43 26 just
111 1155 38 20 här
164 1155 21 20 af
200 1161 25 14 en
248 1155 157 28 smalspårig
426 1156 75 21 bana.
534 1156 105 21 Utskottet
654 1158 60 25 säger
729 1155 107 27 nämligen
852 1154 34 27 (på

53 1183 38 20 sid.
109 1183 57 26 100):
184 1183 22 27 ,I
221 1184 75 27 själfva
311 1184 73 21 värket
398 1185 117 20 förefinnas
530 1185 51 20 flere
592 1185 184 26 omständigheter,
787 1190 46 14 som
843 1183 43 20 låta

53 1217 27 14 en
101 1211 123 28 förändring
240 1213 21 20 af
275 1212 217 27 byggnadssystemet
507 1213 34 21 vid
559 1214 68 20 denna
643 1213 54 21 bana
712 1212 88 21 framstä
816 1212 70 21 säsom

53 1239 101 28 möjligen
178 1241 123 20 motiverad.
331 1241 42 20 Vid
397 1242 41 20 den
455 1242 62 21 korta
532 1242 79 21 distans
626 1242 87 21 hvarom
729 1241 38 21 här
782 1243 24 18 är
820 1240 66 27 fräga,

52 1269 39 20 har
106 1275 27 14 en
148 1270 66 19 större
230 1269 51 21 eller
296 1269 82 21 mindre
394 1270 140 28 farhastighet
549 1271 31 20 als
595 1271 64 27 ingen
676 1269 108 28 betydelse
800 1269 33 21 för
845 1271 41 18 tra-

52 1297 64 26 fiken,
138 1297 85 21 hvarför
244 1305 50 13 man
317 1298 53 21 altsä
392 1298 39 21 bör
451 1299 75 21 kunna
540 1299 84 20 minska
639 1299 132 26 hastigheten
788 1297 12 21 &
814 1298 72 20 banan

52 1328 56 18 samt
132 1325 86 22 därmed
241 1326 62 21 äfven
326 1327 135 21 skenvikten.
491 1327 68 21 Häraf
581 1327 59 21 torde
661 1327 66 21 blifva
743 1333 26 14 en
782 1326 59 27 följd,
857 1327 30 18 att

52 1354 164 21 hufvudbanans
232 1361 79 21 vagnar
326 1355 47 21 icke
389 1355 74 22 kunde
479 1356 112 21 fullastade
607 1356 70 27 inlöpa
688 1355 27 28 pä
725 1354 98 27 bibanan,
834 1355 52 20 utan

52 1384 30 18 att
98 1389 24 14 en
140 1383 54 21 skild
210 1384 118 26 vagnspark
351 1384 66 21 mäste
434 1385 118 22 anskaffas;
569 1386 40 20 och
625 1385 26 21 dä
665 1383 129 23 framställer
808 1383 32 27 sig
856 1382 30 21 äf-

52 1417 41 14 ven
116 1411 74 27 frägan
213 1418 34 14 om
265 1412 18 27 ej
306 1418 27 15 en
349 1413 118 27 öfvergäng
489 1414 31 20 till
535 1416 30 18 ett
580 1414 89 20 smalare
685 1413 48 27 spär
748 1412 72 21 kunde
836 1418 51 14 vara

52 1439 26 27 pä
94 1440 32 20 sin
141 1440 59 26 plats.
230 1440 51 21 Man
297 1440 72 22 kunde
385 1441 27 21 dä
427 1442 109 20 mähända
553 1442 68 27 bygga
637 1448 25 14 en
679 1442 66 20 sädan
761 1440 127 27 smalspärig

52 1467 55 21 bana
127 1468 26 27 pä
172 1468 41 21 den
236 1469 108 27 landsväg,
367 1476 46 14 som
437 1470 61 21 leder
518 1470 47 21 frän
580 1468 92 29 Kovjoki
688 1470 31 21 till
735 1470 81 25 staden,
832 1470 56 18 samt

50 1496 94 20 därifrån
167 1497 71 21 vidare
259 1498 59 20 öfver
333 1498 32 20 till
380 1499 73 26 Lappo
470 1499 29 20 älf
513 1499 48 21 med
578 1499 138 27 begagnande
733 1498 20 20 af
768 1497 67 21 redan
851 1497 36 20 be-
