1017 1731
284 111 179 22 Borgareståndet
477 112 54 17 1891.
554 112 27 16 25
593 112 47 20 maj.
790 105 53 21 1451

44 193 32 18 att
98 190 104 21 utskottet
224 190 48 21 haft
292 190 37 21 det
343 191 94 27 ringaste
453 191 47 20 skäl
515 193 32 18 att
562 191 8 20 i
584 190 61 27 fråga
660 197 35 14 om
709 197 42 21 nya
766 190 105 21 klassiska

45 219 73 21 skolor
140 218 78 28 frångå
239 219 70 21 denna
329 219 121 27 grundsats.
480 219 42 27 Jag
543 219 82 28 hoppas
648 221 32 18 att
695 218 176 28 borgareståndet

46 247 54 21 skall
116 247 66 21 hafva
196 247 124 28 tillräckligt
335 249 70 26 öppen
421 247 59 22 blick
493 247 34 21 för
542 247 26 21 de
599 247 54 21 gamla
666 247 111 21 skolornas
788 247 82 25 brister,

47 275 33 21 för
96 278 30 18 att
141 275 49 21 icke
205 275 74 22 vidare
293 275 52 28 vilja
359 283 116 21 uppamma
489 276 50 21 flere
555 275 80 21 sådana
651 275 76 22 skolor.
743 275 42 28 Jag
798 275 72 21 anhål-

45 304 30 20 ler
90 307 31 18 att
136 303 176 28 borgareståndet
331 304 50 21 ville
397 304 132 21 understöda
543 304 42 21 den
601 304 22 21 af
638 305 44 26 mig
696 303 173 22 undertecknade

44 333 165 20 reservationen.
375 343 14 14 N

112 389 69 28 Ingen
196 389 95 21 önskade
307 389 72 22 vidare
394 392 58 25 yttra
468 391 39 26 sig,
522 389 87 22 hvarför
624 389 150 21 diskussionen
789 389 80 20 förkla-

43 417 61 22 rades
120 417 100 22 afslutad.

112 475 34 21 Hr
168 475 121 20 talmannen
311 475 124 21 framstälde
456 475 94 20 härefter
567 475 95 28 följande
677 475 193 28 omröstningspro-

44 504 102 28 position:

112 561 39 27 De,
174 561 75 21 hvilka
269 562 116 27 godkänna
408 562 117 20 allmänna
543 562 197 20 besvärsutskottets
755 560 70 28 första
838 560 30 28 pä

44 589 66 21 sidan
132 591 28 19 44
182 590 9 20 i
213 590 144 21 betänkandet
378 592 117 26 upptagna
517 590 64 26 kläm,
603 592 60 18 rösta
672 590 40 28 ja;
728 590 31 26 de,
775 590 34 20 det
824 589 44 21 icke

43 620 60 25 göra,
119 620 59 19 rösta
192 618 48 28 nej;

111 647 80 21 vinner
210 647 42 27 nej,
276 647 41 21 har
339 647 178 27 borgareståndet
534 647 88 27 förenat
635 646 34 28 sig
684 654 35 14 om
734 646 36 21 det
783 646 83 21 resolu-

44 675 147 27 tionsförslag,
214 682 47 14 som
283 675 110 27 förordats
411 676 10 20 i
439 676 43 20 den
497 676 71 20 andra
584 676 35 20 till
635 675 142 21 betänkandet
792 674 76 28 fogade

44 704 166 21 reservationen.

112 760 83 21 Genom
217 760 84 21 anstäld
322 761 106 27 votering,
447 768 47 14 som
509 760 63 21 utföll
587 760 48 21 med
652 761 25 20 21
693 760 21 28 ja
729 760 41 20 och
786 760 26 20 32
828 760 40 27 nej,

42 788 70 22 beslöt
132 788 91 26 ständet,
242 788 49 22 med
306 788 140 22 förkastande
462 789 23 21 af
500 789 115 21 utskottets
631 788 85 28 förslag,
731 791 32 18 att
778 788 90 20 omfatta

42 817 36 21 det
93 818 6 19 i
116 817 41 21 den
172 817 66 21 andra
252 818 161 20 reservationen
433 817 106 28 ingäende
554 817 111 29 yrkandet,
680 820 31 18 att
725 817 143 28 petitionerna

43 853 33 13 om
91 846 83 28 privata
190 846 67 20 finska
272 846 80 28 lyceets
368 846 7 20 i
390 846 68 21 Wasa
473 846 156 28 öfvertagande
644 846 23 20 af
681 848 70 18 staten
767 846 18 26 ej
802 844 64 22 mätte

41 874 32 20 till
88 874 71 28 nägon
174 874 76 28 ätgärd
264 874 48 21 frän
325 874 126 21 ständernas
468 874 47 21 sida
529 874 117 21 föranleda.

109 930 100 22 Rörande
231 931 116 22 utskottets
369 939 76 14 senare
483 931 13 22 pä
511 931 60 22 sidan
587 932 27 21 44
630 932 6 20 i
652 930 144 22 betänkandet
811 930 57 21 före-

41 960 127 21 kommande
183 960 210 28 resolutionsförslag
408 963 87 25 yttrade

109 1017 25 20 hr
148 1017 137 20 Borenius:
301 1017 12 20 I
329 1017 71 20 stället
415 1017 36 20 för
467 1017 42 21 den
524 1017 23 21 af
556 1017 105 21 utskottet
670 1017 122 26 föreslagna
800 1016 68 21 kläm-

42 1053 47 13 men
111 1045 28 28 pä
174 1053 32 20 pag.
224 1046 27 20 44
267 1045 38 21 ber
319 1046 36 27 jag
370 1048 32 18 att
417 1045 28 29 pä
461 1045 28 21 de
505 1046 6 20 i
526 1046 159 20 reservationen
699 1052 35 13 n:o
750 1046 12 19 3
778 1043 90 22 anförda

41 1073 94 28 grunder
149 1073 23 21 fä
187 1073 130 22 understöda
333 1074 42 21 den
391 1074 23 21 af
429 1077 164 18 reservanterne
608 1074 122 27 föreslagna
744 1072 125 28 utvidgnin-

41 1109 41 20 gen
104 1102 23 21 af
148 1102 68 21 finska
238 1102 70 28 lyceet
326 1103 3 20 i
344 1102 113 28 Uleåborg
473 1105 56 18 samt
543 1102 70 29 lyceet
628 1103 7 20 i
650 1101 71 28 Borgå
736 1100 49 22 med
800 1101 69 20 realli-

43 1131 50 20 nier.
123 1130 12 21 1
147 1130 59 21 detta
221 1130 38 21 fall
274 1130 129 22 ätminstone
420 1130 68 22 borde
504 1131 35 21 väl
554 1131 51 28 inga
619 1131 161 28 partiintressen
796 1129 72 21 kunna

42 1166 62 14 anses
119 1161 51 25 göra
186 1160 33 27 sig
233 1159 105 28 gällande,
353 1159 28 21 dä
396 1159 107 28 förslaget
517 1159 67 28 gäller
599 1159 59 21 såväl
674 1166 26 14 en
715 1158 55 21 finsk
786 1165 45 14 som
842 1165 26 14 en

41 1187 80 21 svensk
136 1187 66 21 skola.

110 1244 34 21 Hr
160 1238 98 27 Öhman
273 1244 103 21 förenade
387 1245 34 27 sig
431 1244 105 21 likaledes
547 1252 34 13 om
592 1244 37 21 det
637 1243 102 29 yrkande,
749 1251 46 13 som
805 1243 65 20 fram-

43 1273 61 20 stälts
119 1273 7 20 i
142 1272 41 21 den
198 1272 68 29 tredje
282 1273 33 20 till
329 1273 150 21 betänkandet
493 1273 79 28 fogade
587 1273 164 21 reservationen.

112 1330 34 21 Hr
166 1330 134 27 Löfgren:
323 1330 77 21 Koska
423 1331 159 27 porvarissääty
602 1331 73 20 minun
692 1328 179 29 ymmärtääkseni

44 1366 26 14 on
91 1359 111 28 hyljännyt
223 1357 89 23 Vaasan
335 1359 141 21 suomalaista
495 1359 82 28 lyseota
592 1358 109 22 koskevan
716 1356 156 23 anomusehdo-

43 1388 78 21 tuksen
136 1388 48 20 siitä
200 1389 78 27 syystä,
294 1389 44 19 että
353 1389 61 27 sääty
429 1388 79 20 katsoo
523 1388 121 20 klassillisia
659 1387 89 28 lyseoita
762 1386 22 28 jo
795 1385 75 21 olevan

43 1416 108 28 tarpeeksi
170 1416 86 21 meidän
280 1424 83 13 maassa
385 1417 20 27 ja
428 1419 120 18 tunnustaa
567 1415 77 22 näiden
666 1414 110 30 lyseoiden
799 1416 73 18 suuret

44 1448 102 24 puutteet,
168 1445 45 20 niin
235 1444 110 21 rohkenen
367 1444 130 28 puolestani,
519 1445 51 20 mitä
590 1444 99 21 Porvoon
705 1444 89 28 lyseoon
808 1442 64 26 tulee,

44 1473 100 21 ehdottaa
160 1472 140 27 anottavaksi,
316 1474 44 20 että
375 1475 58 19 tämä
449 1473 60 28 lyseo
525 1473 152 21 muutettaisiin
691 1471 152 28 realilyseoksi.
