1017 1731
305 102 180 21 Borgareståndet
498 103 54 16 1891.
578 103 19 16 11
613 103 46 21 maj.
823 99 54 20 1069

74 181 101 21 likställas
191 181 48 21 med
255 181 25 20 de
296 187 117 20 personers,
429 181 70 20 hvilka
515 181 7 20 i
538 181 202 28 samhällsställning
755 182 32 20 stå
799 183 46 20 dem
857 185 48 18 när-

73 212 63 23 mast;
154 210 37 20 och
208 210 6 19 i
230 209 74 20 sådant
319 209 100 20 afseende
435 211 35 18 äro
488 209 255 26 boktryckerifaktorerna
766 210 139 27 ovilkorligen

73 240 93 18 närmast
181 237 118 27 jämförliga
314 237 49 20 med
379 237 143 21 värkmästare
539 238 37 20 och
589 239 104 20 sättarene
705 238 47 21 med
764 238 88 21 fabriks-
866 239 38 20 och

74 265 223 28 handtvärksgesäller.
327 265 42 26 Jag
389 265 70 20 skulle
483 266 70 20 därför
574 266 83 25 föreslå,
680 268 30 19 att
733 267 25 26 på
779 267 61 20 sidan
856 267 49 20 18
893 261 17 36 i

73 295 41 20 den
136 294 77 27 nådiga
234 294 157 27 propositionen
415 293 69 21 under
509 296 116 18 momentet
648 295 25 19 10
700 295 206 26 boktryckerifaktor

74 322 68 21 skulle
158 322 101 21 likställas
274 322 48 20 med
339 321 156 27 ,värkmästare
511 323 38 19 och
565 322 122 21 maskinist*
703 326 55 17 samt
768 325 76 18 sättare
856 323 48 20 med

74 351 100 26 yfabriks-
196 351 38 20 och
257 350 213 27 handtvärksgesäll".
501 350 94 21 Sålunda
616 351 68 20 skulle
700 351 205 26 boktryckerifaktor

72 379 86 20 komma
180 381 29 18 att
231 379 32 20 för
283 378 154 27 lysningssedel
461 379 70 20 betala
549 385 27 14 en
592 379 150 27 stämpelafgift
757 380 22 20 af
794 381 13 19 8
823 380 58 20 mark
897 379 6 20 i

73 407 69 21 stället
157 407 32 20 för
205 408 32 25 15,
253 407 38 20 och
307 408 76 19 sättare
400 413 25 14 en
443 407 61 26 afgift
519 407 21 20 af
556 407 12 20 2
585 407 58 20 mark
659 407 7 20 i
681 408 70 20 stället
766 408 32 21 för
815 409 31 19 10.

141 475 33 20 Hr
196 475 121 20 Andstén:
340 474 33 20 Då
388 474 145 27 föreliggande
550 475 77 26 nådiga
641 476 130 26 proposition
787 475 116 20 remittera-

73 503 37 21 des
132 503 31 21 till
180 503 105 26 utskottet,
299 503 96 20 framhöll
412 503 36 27 jag
464 503 102 21 hurusom
582 503 26 21 de
619 503 122 27 dokument,
756 503 26 28 på
798 503 68 27 grund
883 503 21 21 af

73 532 71 20 hvilka
164 531 246 21 nationalitetscertifikat
433 532 100 26 utfärdas,
557 534 35 18 äro
615 532 119 27 föreslagna
757 534 30 19 att
804 532 98 26 beläggas

72 560 49 20 med
144 566 26 14 en
194 560 136 20 öfverhöfvan
353 559 54 27 dryg
429 560 96 27 stämpel.
555 560 42 26 Jag
615 566 33 14 ser
663 560 31 20 till
709 560 44 20 min
770 560 86 21 ledsnad
874 562 29 19 att

74 588 100 21 utskottet
189 588 46 21 icke
250 588 71 20 funnit
336 587 45 21 skäl
397 590 30 18 att
442 588 78 21 föreslå
535 588 71 27 någon
622 589 90 27 ändring
722 589 7 19 i
739 589 163 27 propositionen.

73 617 9 20 I
99 617 81 27 princip
196 616 65 21 borde
277 616 53 20 dock
346 616 26 20 de
388 616 123 27 dokument,
528 617 37 19 här
575 616 77 21 bilbref
663 617 38 20 och
712 617 108 26 mätebref,
832 616 70 20 hvilka

73 645 55 27 ligga
149 645 30 20 till
203 645 67 27 grund
291 645 32 19 för
345 644 255 23 nationalitetscertifikat,
620 645 45 21 icke
682 645 98 27 beläggas
797 645 46 20 med
860 644 44 21 lika

72 673 54 27 höga
146 673 173 27 stämpelafgifter
339 679 45 13 som
408 673 269 21 nationalitetscertifikatet
703 674 62 26 själft.
798 673 106 20 Utskottet

73 702 39 20 har
133 701 121 27 visserligen
277 701 113 20 framhållit
406 703 29 19 att
452 702 88 26 afgiften
556 702 33 20 för
603 702 60 20 dessa
679 702 118 20 dokument
812 703 23 18 är
850 702 54 20 rela-

74 730 38 20 tivt
128 730 34 26 låg
177 730 38 20 och
231 731 75 25 ytterst
321 729 66 20 sällan
404 729 149 21 förekommer.
584 730 47 20 Men
649 730 56 20 detta
720 732 23 18 är
759 730 30 20 als
804 730 47 20 icke
867 729 37 20 nå-

74 760 36 24 got
130 758 46 20 skäl
196 758 33 20 för
248 759 29 19 att
293 757 104 21 bibehålla
413 764 26 14 en
456 758 43 20 lika
515 758 41 26 hög
572 758 60 26 afgift
648 758 31 20 för
695 758 47 20 dem
758 764 46 14 som
819 758 32 20 för
867 764 37 14 na-

74 785 223 26 tionalitetscertifikat,
319 786 40 20 och
382 786 108 20 dessutom
515 788 23 18 är
552 786 22 26 ju
591 786 124 21 certifikatet
729 786 47 20 icke
792 786 66 20 häller
874 786 29 20 af-

74 814 46 20 sedt
143 816 29 18 att
194 814 131 20 förekomma
347 820 56 14 mera
426 816 27 18 än
479 820 26 15 en
521 814 56 27 gång
592 814 32 20 för
639 815 72 26 hvarje
726 814 76 27 fartyg.
834 814 28 20 På
878 814 25 20 de

74 842 51 23 skäl,
146 849 46 14 som
213 842 25 20 hr
259 842 94 20 Jusélius
369 842 37 20 har
421 842 122 26 framhållit,
559 842 38 21 ber
611 843 35 27 jag
661 843 70 20 därför
746 844 30 19 att
791 842 21 20 få
827 842 77 20 föreslå

74 872 30 19 att
126 870 99 21 rubriken
249 870 93 26 ,Bilbref
365 870 207 27 (byggnadsattest)"
593 871 86 20 alldeles
703 871 68 20 skulle
794 870 54 27 utgå,
864 870 40 20 och

74 898 95 21 anhåller
183 899 35 27 jag
233 898 66 21 tillika
315 900 29 19 att
360 898 175 27 borgareståndet
556 899 49 21 ville
621 899 72 21 förena
708 900 32 26 sig
756 906 34 13 om
806 899 41 20 den
862 898 42 20 för-

74 927 90 26 ändring
180 926 128 22 beträffande
323 927 104 20 mätebref
443 929 30 19 att
489 928 36 20 det
540 928 46 20 icke
602 927 67 21 skulle
686 928 99 27 beläggas
804 927 47 20 med
868 927 36 20 hö-

74 962 36 20 gre
126 955 148 27 kartastämpel
289 957 27 18 än
333 956 7 19 1
360 955 65 21 mark.
457 956 98 20 Afsikten
572 956 48 20 med
637 956 40 21 den
693 963 41 19 nya
747 955 157 28 registerlagen,

74 990 46 13 som
136 986 22 18 är
173 984 41 20 den
230 984 81 20 direkta
326 984 89 20 orsaken
432 984 31 20 till
481 986 30 19 att
526 984 246 21 nationalitetscertifikat
786 984 97 20 kommer
898 983 5 20 i

74 1012 64 27 fräga,
161 1012 38 20 har
220 1013 21 26 ju
264 1012 45 20 icke
325 1012 54 20 varit
394 1015 27 17 att
439 1013 28 26 pä
483 1013 62 26 nägot
561 1015 40 18 sätt
616 1013 84 26 fördyra
716 1013 32 20 för
763 1012 140 26 allmogeman

75 1040 79 21 medlet
174 1040 32 20 för
226 1041 52 19 hans
301 1040 77 27 sjöfart.
409 1040 32 20 Då
464 1041 41 20 han
527 1041 54 20 skall
602 1041 139 20 underkastas
761 1040 42 20 alla
818 1039 87 27 möjliga

74 1068 142 22 formaliteter,
232 1068 23 21 sä
271 1070 22 19 är
308 1069 35 20 det
359 1068 87 21 alldeles
463 1069 102 26 naturligt
580 1071 29 18 att
624 1069 41 20 han
681 1069 41 20 blir
736 1068 108 27 betungad
856 1067 48 21 med

74 1096 104 26 åtskilliga
194 1097 89 26 afgifter,
299 1103 44 14 som
360 1097 69 20 denna
444 1097 37 27 lag
496 1097 83 20 förutan
595 1097 46 20 icke
656 1097 54 20 hade
721 1097 89 20 kommit
820 1097 7 19 i
839 1096 65 27 fråga.

74 1124 93 20 Sälunda
188 1125 32 20 fär
240 1125 42 20 han
303 1125 116 20 vidkännas
436 1125 152 21 omkostnader
603 1126 32 19 för
651 1125 111 26 märkning
778 1125 20 20 af
813 1125 35 20 sitt
864 1124 41 20 far-

74 1154 37 25 tyg
126 1153 39 20 och
180 1153 149 20 omkostnader
350 1153 32 20 för
399 1155 30 18 att
445 1153 22 20 få
482 1154 92 27 fartyget
589 1153 163 27 inregistreradt,
768 1153 40 20 och
823 1153 23 20 sä
861 1153 18 19 lä

73 1187 37 20 ges
126 1183 58 18 ännu
199 1183 46 18 sten
262 1181 25 27 pä
303 1181 65 20 börda
383 1182 6 19 i
405 1182 64 20 dessa
485 1182 178 27 stämpelafgifter.
688 1182 41 27 Jag
739 1182 80 26 hoppas
835 1181 71 20 därför

73 1211 31 18 att
119 1209 172 26 borgareständet
313 1210 84 20 förenar
413 1210 33 27 sig
463 1217 35 14 om
513 1212 30 19 att
558 1211 12 26 $
587 1211 12 20 5
615 1211 63 20 mätte
695 1209 163 22 äterremitteras
873 1208 31 21 till

74 1237 106 26 utskottet,
202 1243 45 14 som
270 1238 68 21 skulle
361 1238 20 20 få
397 1238 6 20 i
419 1239 99 26 uppdrag
541 1241 29 18 att
589 1239 91 20 utesluta
696 1238 99 20 rubriken
812 1237 94 26 ,Bilbref

74 1265 205 28 (byggnadsattest)*,
295 1268 54 19 samt
371 1266 101 21 förändra
496 1267 175 26 stämpelafgiften
695 1267 33 20 för
751 1266 103 21 mätebref
874 1265 31 20 till

74 1294 11 20 1
102 1294 64 20 mark.

142 1366 32 20 Hr
197 1367 196 27 Neppenström:
419 1367 45 27 Jag
482 1367 77 21 tilläter
574 1368 43 26 mig
632 1368 46 20 icke
694 1367 98 27 bestrida,
808 1369 29 19 att
852 1367 53 26 icke,

73 1394 68 21 säsom
158 1395 25 20 hr
198 1395 115 21 Rönnbäck
329 1396 38 19 här
381 1396 124 26 framhällit,
521 1402 26 14 en
559 1396 124 27 motsägelse
694 1397 7 19 i
713 1396 154 26 motiveringen
879 1396 27 26 pä

73 1423 59 20 sidan
146 1423 12 19 6
175 1430 50 20 eger
246 1430 53 14 rum.
330 1423 49 21 Men
402 1430 34 14 om
463 1431 48 14 man
535 1430 26 15 en
580 1425 55 26 gäng
650 1425 56 20 rider
721 1424 26 27 pä
763 1424 142 26 stiliseringen

70 1457 48 14 som
134 1452 24 19 hr
174 1451 116 21 Rönnbäck
306 1452 39 20 och
360 1452 46 20 icke
422 1452 70 21 häller
502 1453 32 26 sig
549 1453 30 20 till
596 1453 43 26 sak,
655 1453 22 20 sä
693 1453 35 20 vill
745 1453 35 26 jag
793 1452 65 26 fräga,
870 1458 35 14 om

72 1486 48 14 man
145 1479 38 21 när
203 1480 35 20 det
252 1482 54 18 rätta
325 1480 64 20 målet
405 1486 79 21 genom
501 1483 29 18 att
545 1481 42 21 låta
603 1488 26 14 en
644 1487 87 21 persons
746 1480 159 21 samhällsställ-
