1017 1731
271 104 179 21 Borgarestän2et
463 105 52 16 1891.
541 104 21 17 15
576 105 46 20 maj.

785 101 53 20 1113

36 187 28 19 att
80 185 6 20 i
102 185 26 20 de
144 184 143 27 föreliggande
303 184 112 27 förslagen,
432 184 143 27 synnerligast
590 185 7 19 i
612 184 206 27 försäljningslagen,
833 186 32 20 in-

35 213 51 21 förts
99 219 25 14 en
140 219 71 14 massa
225 212 150 27 restriktioner,
390 212 78 27 hvilka,
484 212 23 21 sä
522 213 33 20 väl
571 213 90 20 menade
673 213 26 21 de
714 215 27 18 än
757 215 42 25 äro,
811 214 54 20 dock

35 248 64 21 synas
121 241 44 27 mig
188 241 70 27 skjuta
279 241 55 20 förbi
354 240 69 27 mälet,
444 241 91 20 emedan
550 241 51 20 flere
617 241 21 20 af
653 241 49 21 dem
717 243 36 19 äro
769 242 6 19 i
791 242 74 26 högsta

36 270 50 27 grad
102 270 126 27 opraktiska.
258 269 11 21 I
284 269 152 27 förordningen
452 269 110 27 angående
578 269 138 28 tillvärkning
738 271 38 20 och
799 270 66 21 distil-

35 299 68 27 lering
118 298 22 21 af
155 298 88 21 bränvin
259 300 35 18 äro
310 297 46 21 icke
372 297 119 28 synnerligt
507 298 76 27 många
600 298 89 26 nyheter
701 298 164 21 vidkommande

36 327 74 27 själfva
132 327 158 27 anläggningen
310 326 21 21 af
346 326 124 21 brännerier
486 327 39 20 och
540 326 157 21 fabrikationen
711 327 90 26 införda,
816 333 49 14 men

36 356 7 19 i
58 355 69 21 stället
142 355 38 20 har
195 361 27 15 en
237 355 121 26 förhöjning
373 355 21 20 af
409 355 185 20 bränvinsskatten
611 357 34 25 egt
660 362 54 20 rum,
725 355 89 21 likasom
826 355 39 21 ock

36 384 101 27 åtskilligt
159 385 65 19 annat
243 383 107 28 gammalt,
369 383 120 28 förkastligt
505 383 124 21 bibehållits.
659 383 63 21 Hvad
739 384 70 21 denna
823 384 42 21 för-

36 413 91 26 fattning
142 412 103 26 beträffar,
261 411 71 22 ställer
347 412 35 27 jag
396 411 45 28 mig
457 412 44 21 helt
516 412 39 20 och
568 411 64 22 hållet
645 412 26 27 på
683 412 41 21 den
735 412 131 27 ståndpunkt

37 441 40 20 den
94 441 20 20 af
129 441 25 20 hr
174 441 116 20 Rönnbäck
314 440 173 21 undertecknade
509 441 156 20 reservationen
689 441 119 20 innehåller
830 441 36 20 be-

37 469 101 21 träffande
153 469 97 27 samtliga
265 469 91 27 punkter
371 469 48 20 med
435 469 111 26 undantag
561 469 21 20 af
598 469 41 20 den
662 469 50 20 sista
734 469 131 27 paragrafen.

37 498 62 20 Hvad
122 497 98 21 särskildt
238 498 83 20 skatten
337 497 139 27 vidkommer,
491 503 64 21 synes
571 497 36 21 det
622 497 33 21 väl
671 504 45 14 som
733 505 34 13 om
783 504 25 14 en
824 498 42 20 för-

36 527 89 27 höjning
140 526 46 21 från
203 526 26 20 62
245 526 32 21 till
293 526 26 20 65
335 526 65 27 penni
415 526 48 21 icke
485 532 50 15 vore
558 527 21 19 af
602 526 118 28 synnerligt
739 529 44 19 stor
806 526 60 27 bety-

38 555 62 21 delse.
130 554 50 22 Men
204 555 26 20 då
251 555 36 21 det
309 561 26 14 en
357 554 55 28 gång
427 556 24 19 är
466 555 146 20 konstateradt
635 555 38 21 och
689 555 99 21 särskildt
802 555 65 21 fram-

38 584 63 20 hållet
116 584 21 20 af
152 583 229 27 guvernörsämbetena
395 583 7 20 i
417 582 86 28 Kuopio
520 583 38 21 och
574 583 31 21 S:t
620 583 83 27 Michel,
719 586 30 18 att
766 584 100 20 lönbrän-

37 612 51 27 ning
109 612 37 20 där
168 612 104 20 existerar
294 612 38 20 och
353 611 88 21 florerar
464 612 7 20 i
487 612 79 26 ganska
582 612 41 27 hög
638 612 57 26 grad,
711 612 22 20 så
748 612 67 20 måste
831 612 36 20 det

37 641 91 27 ringaste
145 640 88 21 tillskott
247 641 6 19 i
269 640 186 21 bränvinsskatten
472 642 74 25 utgöra
567 642 29 19 ett
618 640 121 28 ytterligare
760 640 106 27 premium

37 669 32 21 för
80 669 168 21 lönbrännarene
265 672 49 18 utan
331 670 30 19 att
376 668 71 21 denna
463 669 165 27 prisförhöjning
643 669 21 20 af
680 670 12 20 3
707 669 67 27 penni
789 675 37 21 per
841 668 25 20 li-

38 699 31 19 ter
86 698 42 20 kan
144 698 6 20 i
167 697 100 21 nämvärd
283 698 49 20 mån
348 697 118 21 förminska
481 698 170 20 konsumtionen.
683 697 38 21 Om
737 698 65 26 priset
818 697 47 20 med

38 726 56 20 detta
106 726 75 27 belopp
196 726 63 26 höjes,
275 726 60 20 skola
349 726 171 20 lönbrännarene
537 726 74 20 endast
627 726 62 20 hafva
703 728 26 18 än
746 726 74 20 lättare
836 727 31 19 att

38 754 74 21 afsätta
128 755 32 20 sin
177 761 49 14 vara
242 756 26 19 än
283 754 40 21 den
340 754 77 27 lagliga
433 754 141 26 fabrikanten,
583 754 38 21 och
638 754 27 20 då
680 754 98 20 särskildt
793 761 25 13 ur
828 760 38 14 ren

38 783 178 27 skattesynpunkt
237 783 46 21 icke
305 783 63 27 nägot
389 782 92 22 tillskott
501 783 107 22 behöfves,
631 783 41 20 kan
687 783 47 20 icke
755 789 38 14 ens
809 782 58 21 detta

38 812 107 20 förebäras
160 812 33 20 för
208 812 119 26 förhöjning
343 811 21 21 af
379 811 90 21 skatten.
499 811 62 21 Hvad
578 811 66 21 sedan
663 811 65 27 angär
751 811 25 21 de
800 810 67 28 öfriga

38 840 182 27 förändringarna,
237 840 36 20 ber
287 840 35 27 jag
338 842 29 18 att
382 840 45 20 ifall
443 840 22 20 af
475 840 64 20 behof
551 840 21 20 få
581 840 130 20 återkomma
719 840 31 20 till
759 840 109 20 desamma

39 868 34 20 vid
85 868 228 28 detaljbehandlingen.

107 897 172 21 Vidkommande
294 897 45 21 åter
354 897 60 27 lagen
431 903 36 14 om
483 897 125 27 försäljning
624 896 21 21 af
660 896 88 21 bränvin
759 902 63 15 anser
831 896 36 27 jag

40 925 122 21 densamma
178 925 32 21 till
226 925 22 21 sä
264 925 103 28 väsentlig
382 925 51 28 grad
449 925 97 27 förfelad,
561 927 30 19 att
606 926 35 27 jag
656 925 55 21 hälst
725 924 69 21 skulle
805 931 22 14 se
839 927 30 18 att

40 954 122 21 densamma
184 954 69 21 blefve
273 954 44 21 helt
339 955 38 20 och
401 954 66 21 hället
488 954 107 21 förkastad
614 955 39 20 och
669 956 29 19 att
713 960 49 14 man
779 953 25 21 de
820 955 48 18 när-

39 984 67 19 maste
122 985 30 18 tre
169 982 51 21 ären
235 983 78 26 hjälpte
329 983 32 26 sig
375 983 54 20 fram
446 983 49 20 med
513 983 40 20 den
568 989 30 14 nu
613 982 104 27 gällande,
733 982 39 21 och
795 984 30 18 att
848 981 20 20 vi

40 1011 88 20 sälunda
151 1011 33 20 vid
207 1017 26 14 en
255 1011 93 27 följande
371 1011 104 27 landtdag
497 1011 68 21 skulle
581 1011 62 20 hafva
659 1013 30 18 att
703 1013 67 18 motse
786 1017 26 14 en
828 1010 41 27 lag,

40 1039 56 27 bygd
112 1039 26 27 pä
154 1039 44 21 helt
212 1039 67 21 andra
293 1040 109 27 principer.
433 1039 51 21 Men
501 1039 27 21 dä
544 1039 57 21 detta
615 1039 95 27 yrkande
728 1039 27 27 pä
776 1041 29 18 ett
827 1039 42 20 för-

40 1068 101 20 kastande
163 1074 29 14 nu
208 1068 46 21 icke
270 1068 59 21 torde
344 1068 73 21 kunna
432 1068 112 21 föranleda
559 1068 32 21 till
606 1068 70 27 nägon
689 1067 78 27 ätgärd,
778 1067 91 20 emedan

40 1096 65 21 redan
121 1098 79 19 tvänne
216 1097 72 20 ständs
304 1097 69 20 beslut
389 1097 38 20 och
445 1097 68 20 delvis
529 1097 36 20 det
579 1097 79 26 tredjes
673 1096 108 27 föreligga,
792 1095 23 20 sä
825 1095 44 20 mä-

40 1127 31 18 ste
94 1131 50 14 man
162 1125 34 20 väl
211 1125 49 27 foga
275 1125 32 26 sig
321 1125 7 20 i
344 1127 30 19 att
389 1127 79 25 antaga
484 1125 129 25 densamma,
628 1131 49 14 men
692 1123 128 22 förbehåller
834 1124 36 26 jag

40 1153 44 26 mig
99 1155 35 23 att,
150 1153 26 20 dä
192 1154 35 26 jag
242 1155 23 19 är
280 1153 21 21 af
318 1156 86 18 motsatt
419 1153 62 27 äsikt,
497 1153 35 21 vid
548 1153 222 27 detaljbehandlingen
786 1151 21 21 fä
822 1153 48 19 när-

40 1187 58 15 mare
119 1181 103 21 motivera
244 1182 26 21 de
293 1182 146 27 förändringar
460 1183 36 26 jag
514 1188 62 15 anser
591 1181 101 27 önskliga.
721 1181 42 26 Jag
778 1180 92 27 begärde

41 1210 119 27 egentligen
184 1210 60 21 ordet
265 1211 32 20 för
319 1213 30 18 att
371 1210 84 27 föreslä,
472 1213 30 18 att
517 1210 178 27 borgareständet,
711 1209 27 21 dä
753 1209 117 20 detsamma

40 1239 102 26 granskar
158 1239 61 20 dessa
234 1239 153 27 författningar,
403 1239 50 20 ville
471 1239 32 20 till
518 1239 35 20 sitt
569 1239 69 20 beslut
653 1239 48 26 foga
716 1240 29 19 ett
761 1237 109 21 uttalande

41 1267 21 20 af
85 1267 89 27 ungefär
196 1267 93 27 följande
304 1267 90 27 lydelse:
411 1270 31 17 att
458 1267 34 21 för
507 1267 41 21 den
563 1267 101 20 händelse
680 1267 26 20 H.
721 1266 26 21 K.
763 1265 28 21 M.
807 1265 21 21 af
844 1271 27 15 en

41 1295 52 20 eller
108 1302 70 14 annan
194 1296 117 27 anledning
324 1296 47 21 icke
386 1296 42 20 kan
444 1296 105 21 fastställa
571 1295 247 28 författningsförslagen,
841 1300 30 13 nu

41 1324 97 27 gällande
154 1324 159 27 bestämningar
334 1324 117 21 tillsvidare
468 1324 69 21 skulle
553 1324 63 21 lända
631 1324 32 21 till
686 1323 144 21 efterrättelse.
860 1321 11 20 I

42 1352 98 21 afseende
164 1352 12 21 å
196 1353 140 27 formulering
359 1353 20 20 af
402 1353 59 20 detta
485 1353 108 20 uttalande
609 1352 65 21 borde
691 1351 87 22 ärendet
794 1351 77 20 äterre-

41 1381 94 21 mitteras
151 1382 31 20 till
198 1382 207 20 ekonomiutskottet.

110 1467 32 20 Hr
157 1467 156 27 Appelberg:
331 1466 73 22 Redan
420 1466 37 21 vid
473 1466 176 22 remissdebatten
666 1465 105 27 uttryckte
784 1465 36 26 jag
830 1464 43 31 den

42 1495 87 28 äsikten,
145 1497 29 19 att
190 1496 40 20 den
248 1495 76 27 nädiga
344 1495 161 27 propositionen
520 1496 43 26 just
577 1495 46 20 icke
639 1494 71 21 kunde
726 1493 99 21 hänföras
840 1492 32 20 till
