1017 1731
278 105 178 20 Borgareständet
469 106 52 16 1891.
546 105 26 17 29
586 106 53 20 april
816 100 39 20 795

54 184 58 21 lanes
129 184 54 20 bank
199 185 38 19 och
254 184 147 20 ständerhusct
417 184 52 20 eller
485 184 108 21 eventuelt
604 184 25 27 på
642 185 89 20 skvären
743 185 87 20 framför
841 185 41 20 rid-

51 213 105 20 darhuset.

120 281 32 20 Hr
168 280 156 21 Nummelin:
341 280 32 20 Då
389 281 114 20 ständerna
520 281 34 20 vid
571 281 54 20 1885
637 281 33 20 års
682 281 100 26 landtdag
796 280 85 27 beslöto,

52 311 29 18 att
92 309 124 20 Alexander
227 311 145 18 monumentet
384 309 69 20 skulle
465 315 101 21 uppresas
623 312 134 24 enatstorget,
769 309 23 20 så
802 309 79 20 skedde

52 338 35 20 det
103 338 24 26 på
144 337 68 27 grund
229 338 21 19 af
265 337 41 20 den
322 337 113 26 utredning
452 338 39 20 och
508 338 34 20 det
558 337 83 27 förslag,
657 344 45 14 som
722 338 105 20 allmänna
847 337 34 21 be-

52 366 162 21 svärsutskottet
229 366 5 19 i
251 366 64 20 saken
332 366 54 20 hade
402 366 88 26 afgifvit.
516 366 115 20 Allmänna
642 366 188 21 besvärsutskottet
841 368 41 24 ytt-

51 395 51 20 rade
126 395 26 20 dä
175 395 63 20 bland
263 396 70 21 annat,
349 396 30 19 att
394 394 117 27 ingendera
527 395 20 20 af
563 395 26 20 de
605 395 34 20 tvä
655 397 82 24 tomter,
753 401 45 14 som
815 395 68 20 under

52 423 26 20 dä
102 423 92 20 varande
217 423 102 26 landtdag
334 423 53 20 varit
403 423 100 26 pätänkta
519 423 32 20 för
566 423 154 22 ständerhuset,
736 424 54 20 hade
806 425 28 19 att
850 429 32 14 er-

52 451 65 27 bjuda
141 452 69 27 någon
232 451 141 20 framstående
397 453 69 25 öppen
493 452 59 26 plats,
573 451 122 27 tillräckligt
711 452 77 27 rymlig
803 452 38 20 och
856 451 25 27 pä

53 486 81 14 samma
150 480 55 27 gång
221 479 121 27 tillräckligt
357 480 90 20 centralt
463 480 89 27 belägen
569 480 32 20 för
617 487 29 13 nu
662 480 160 27 ifrågavarande
838 487 44 13 mo-

52 511 94 18 nument.
178 509 78 20 Vidare
296 515 37 19 säger
349 508 106 27 utskottet,
472 511 29 18 att
517 511 140 25 senatstorget
673 510 53 20 varit
737 509 33 20 för
781 509 25 20 de
821 509 4 19 i
840 509 41 20 den

53 544 51 20 nyss
125 538 151 26 försiggangna
297 537 107 27 pristäflan
428 537 127 27 deltagande
578 537 147 27 skulptörerne
741 538 94 26 angifvet
850 537 32 20 sä-

52 572 46 14 som
115 568 81 24 statyns
212 566 107 20 blifvande
335 565 54 27 plats
405 566 39 20 och
461 568 30 18 att
507 566 152 20 konstnärerne
675 566 82 20 således
766 566 60 20 fattat
836 566 45 20 sina

52 594 166 27 kompositioner
240 594 6 20 i
269 594 220 21 öfverensstämmelse
513 594 92 21 därmed.
637 594 158 27 Otvifvelaktigt
818 600 64 20 synes

52 622 36 21 det
104 623 62 20 också
182 630 56 15 vara,
254 624 29 19 att
299 622 170 21 dimensionerna
487 623 10 20 a
514 625 69 24 statyn
601 623 52 20 hade
669 623 69 21 blifvit
753 623 44 21 helt
810 623 72 26 andra,

52 653 26 18 än
104 652 25 20 de
154 658 27 14 nu
198 651 115 26 faststälda,
332 651 2 19 i
351 651 101 20 händelse
470 653 147 19 monumentet
631 652 54 20 hade
702 652 52 20 varit
770 651 67 21 afsedt
853 653 29 19 att

53 680 99 26 uppföras
173 680 26 26 pä
220 680 40 20 den
285 686 29 13 nu
335 679 121 27 ifrågasatta
480 680 81 26 platsen
583 680 88 20 framför
697 680 123 20 bankhuset.
850 680 31 26 Ty

52 708 106 20 storleken
175 708 21 20 af
211 710 146 18 monumentet
374 711 65 17 maste
456 708 134 26 naturligtvis
607 715 48 13 vara
672 708 106 21 beroende
794 708 21 20 af
830 708 52 27 plat-

53 743 49 14 sens
118 737 151 20 vidsträcktare
285 736 51 21 eller
351 736 137 21 inkränktare
505 737 91 27 omfång.
627 736 40 21 Det
683 739 23 18 är
721 737 47 20 med
782 736 100 21 afseende

54 765 49 20 härä
122 766 38 19 och
179 765 26 27 på
220 765 69 26 grund
309 765 21 20 af
346 765 25 20 de
387 767 56 18 stora
460 765 174 27 betänkligheter,
650 772 45 14 som
712 765 146 27 delegationen
876 765 4 19 i

54 794 32 20 sin
110 793 112 21 berättelse
240 794 27 26 på
289 794 58 20 sidan
365 794 10 20 7
393 793 79 21 uttalar
487 794 5 20 i
510 794 58 26 fråga
584 800 33 14 om
634 796 158 18 monumentets
808 800 74 20 uppre-

54 822 66 20 sande
136 822 35 20 vid
189 822 123 22 bankhuset,
328 829 44 13 som
388 822 35 26 jag
439 822 34 20 för
489 823 43 19 min
549 822 32 21 del
599 822 46 20 icke
662 822 39 20 kan
717 822 112 26 godkänna
840 822 42 20 för-

52 850 73 27 slaget,
141 853 29 18 att
186 850 113 21 ständerna
314 857 29 13 nu
359 850 68 21 skulle
443 851 68 20 ändra
527 851 53 20 hvad
597 851 113 20 ständerna
726 850 33 20 vid
779 851 53 19 1885
849 850 33 20 års

52 878 102 27 landtdag
169 880 5 19 i
192 879 63 21 saken
273 879 90 21 beslutit.

122 953 32 20 Hr
170 953 157 20 Rönnbäck:
353 953 42 27 Jag
411 953 38 20 har
465 954 48 20 med
530 953 182 21 tillfredsställelse
728 953 46 20 hört
790 953 24 20 hr
829 952 54 21 Tall-

54 981 65 27 gvists
136 981 135 27 andragando
287 982 5 19 i
309 981 69 21 denna
394 982 43 20 sak.
469 982 42 27 Jag
526 983 38 19 har
585 982 59 20 däraf
659 982 70 20 funnit
745 985 29 16 att
790 981 41 20 han
848 981 35 20 be-

54 1010 76 20 traktat
153 1010 64 20 saken
241 1010 23 20 sä
286 1010 49 27 godt
358 1017 45 14 som
422 1010 45 21 helt
483 1011 38 20 och
538 1011 64 20 hället
617 1010 46 21 frän
679 1017 80 14 samma
776 1009 108 27 synpunkt

54 1039 39 20 och
109 1038 89 21 kommit
212 1039 32 20 till
260 1045 79 14 samma
355 1039 86 20 slutsats
458 1045 46 14 som
520 1039 41 27 jag,
577 1039 26 20 dä
618 1039 35 26 jag
668 1041 96 18 närmare
776 1038 108 26 öfvervägt

53 1067 150 26 lämpligheten
226 1067 20 20 af
269 1067 26 20 de
316 1067 77 26 platser
416 1074 46 14 som
485 1068 32 20 för
532 1067 212 26 Alexanders-statyn
762 1067 53 20 varit
831 1066 53 21 före-

54 1095 79 26 slagna.
164 1095 33 20 Dä
212 1095 102 27 därjämte
330 1095 41 21 den
387 1096 21 20 af
423 1096 25 20 hr
464 1096 103 26 Tallyvist
581 1096 120 27 föreslagna
715 1095 107 20 klämmen
838 1095 46 20 icke

53 1123 119 20 innehåller
187 1125 29 19 ett
232 1124 103 20 bestämdt
351 1124 110 21 uttalande
479 1125 78 22 därom,
580 1127 30 18 att
625 1124 112 21 ständerna
753 1123 87 20 beslutit
855 1124 30 19 att

54 1153 70 24 statyn
145 1151 52 20 skall
221 1152 78 21 erhålla
323 1152 121 27 någondera
465 1153 22 20 af
502 1153 60 21 dessa
578 1153 83 26 platser,
677 1154 49 19 utan
743 1151 143 20 öfverlämnar

54 1180 20 20 åt
98 1180 147 27 delegationen
268 1183 29 18 att
318 1181 5 20 i
347 1181 83 20 samråd
451 1181 50 21 med
518 1181 129 20 konstnären
663 1181 71 20 därom
751 1179 88 27 besluta,
862 1179 24 20 sä

54 1215 64 20 synes
142 1209 34 20 det
198 1209 44 26 mig
257 1215 45 14 som
318 1216 34 13 om
368 1209 113 28 ingenting
497 1210 65 20 borde
578 1209 72 21 kunna
666 1209 75 21 hindra
757 1208 83 21 ståndet
856 1209 30 19 att

53 1231 75 26 förena
150 1237 32 27 sig
204 1244 33 14 om
262 1239 29 19 ett
311 1237 74 21 sådant
392 1226 92 33 "beslut.
514 1238 79 21 Finner
615 1238 127 20 konstnären
767 1239 29 18 att
815 1239 70 24 statyn

54 1265 62 21 äfven
138 1265 42 21 kan
200 1266 71 20 ställas
293 1266 26 27 pä
335 1266 80 32 platsen
432 1267 93 20 emellan
543 1267 118 20 bankhuset
677 1267 39 20 och
731 1259 155 32 ständerhuset,

55 1294 38 20 där
108 1294 46 20 hela
171 1295 144 26 omgifningen
331 1295 43 20 står
390 1295 5 20 i
412 1295 100 21 harmoni
528 1295 45 20 icke
585 1295 53 20 blott
648 1295 48 20 med
707 1294 76 27 själfva
794 1281 92 32 hufvad-

54 1322 82 27 figuren
161 1325 49 18 utan
231 1323 62 20 äfven
316 1323 48 20 med
381 1323 25 20 de
422 1330 100 21 grupper,
544 1330 45 14 som
605 1323 92 27 omgifva
713 1323 129 24 densamma,
864 1321 23 20 sä

55 1338 35 33 vot
104 1351 40 32 jag
155 1351 46 20 icke
216 1351 87 21 hvarför
321 1352 119 22 ständerna,
465 1359 78 27 genom
558 1354 29 18 att
603 1352 30 20 als
641 1339 53 33 icke
711 1351 71 20 lämna
797 1356 49 13 svar
861 1349 26 27 på

55 1380 159 26 delegationens
228 1380 131 26 hemställan,
375 1376 69 25 skulle
462 1383 51 25 göra
529 1381 36 20 det
580 1380 95 27 omöjligt
690 1380 32 20 för
738 1378 148 28 delegationen

55 1410 30 18 att
108 1408 94 27 förlägga
224 1411 70 24 statyn
316 1408 27 28 på
357 1404 85 25 nämda
462 1393 61 47 plats.
553 1408 42 22 Det
609 1409 66 20 måste
691 1409 24 27 ju
730 1407 55 21 dock
800 1406 87 28 medges

55 1439 30 17 att
108 1436 41 21 den
171 1437 68 21 skulle
263 1431 62 26 hafva
347 1438 32 19 sin
401 1440 55 18 rätta
478 1438 53 26 plats
547 1438 42 20 här.
619 1437 41 27 Jag
675 1437 70 21 tviflar
760 1438 30 18 att
805 1436 83 33 platsen

54 1464 89 21 framför
158 1465 133 21 riddarhusst
307 1472 48 14 vore
371 1466 96 27 lämplig,
484 1473 48 14 men
548 1466 35 27 jag
601 1466 37 20 vill
647 1454 60 32 "dock
723 1465 47 21 icke
784 1466 52 25 göra
851 1464 37 20 nå-

54 1500 42 20 gon
120 1494 90 26 ändring
230 1494 5 20 i
259 1494 25 20 hr
305 1494 119 26 Tallgvists'
449 1494 81 28 förslag
551 1495 6 19 i
573 1494 70 21 denna
659 1494 39 24 del,
720 1493 27 21 då
762 1493 36 20 det
813 1492 75 21 endast
