1017 1731
293 133 180 22 Borgareståndet
487 134 54 17 1891.
565 134 26 16 25
603 134 48 21 maj.
801 127 55 21 1465

182 241 163 32 Måndagen
365 241 59 26 den
443 240 34 27 25
496 240 61 33 maj
577 240 40 27 kl.
637 240 15 27 7
672 247 21 20 e.
713 247 38 19 m.

122 303 42 20 Vid
180 303 115 21 värkstäldt
311 309 80 21 upprop
406 303 109 20 befunnos
530 303 94 20 ståndets
635 303 97 27 samtliga
742 303 140 21 medlemmar

54 331 138 27 närvarande,
214 331 92 21 förutom
328 331 35 20 hrr
382 331 143 21 Frenckell
541 331 38 21 och
595 331 128 27 Kivekäs,
738 331 72 21 hvilka
825 331 56 20 förut

54 360 98 21 utvärkat
168 360 32 27 sig
214 359 94 22 tillstånd
324 361 30 20 att
369 359 66 22 utebli
451 359 48 21 från
515 360 80 27 dagens
610 359 93 28 plenum.

122 491 113 28 Upplästes
257 491 31 20 till
311 491 103 27 justering
436 491 40 21 och
499 490 122 28 godkändes
644 490 103 21 särskilda
765 491 75 27 utdrag
857 497 25 13 ur

54 520 183 28 borgareståndets
252 519 35 21 vid
302 519 159 27 förmiddagens
477 519 88 28 plenum
580 519 60 21 förda
655 519 108 27 protokoll.

122 650 113 28 Upplästes
250 650 102 21 särskilda
367 650 195 27 protokollsutdrag
577 650 46 20 från
639 650 144 21 medstånden.

122 781 118 27 Föredrogs
255 781 214 21 ekonomiutskottets
485 780 34 20 vid
535 781 158 27 förmiddagens
708 780 87 28 plenum
818 780 62 20 bord-

53 810 63 26 lagda
131 809 65 21 andra
211 809 79 27 förslag
305 809 31 21 till
351 809 209 27 sammanjämkning
575 809 22 20 af
615 809 26 21 de
662 809 120 27 skiljaktiga
804 808 75 27 beslut,

54 838 7 20 i
76 838 72 20 hvilka
164 838 89 20 stånden
269 839 83 19 stannat
367 838 35 20 vid
418 837 159 28 behandlingen
593 838 22 20 af
625 838 111 20 utskottets
747 837 133 21 betänkande

54 872 34 14 n:o
104 867 12 19 3
136 866 8 20 i
164 866 114 27 anledning
300 866 21 20 af
342 866 77 27 nådiga
443 866 159 26 propositionen
625 872 34 14 n:o
681 866 32 26 11,
734 865 146 21 innefattande

53 894 79 28 förslag
154 894 32 20 till
208 894 146 27 förordningar
375 894 112 27 angående
511 895 18 26 ej
545 894 83 21 mindre
643 894 137 27 tillvärkning
794 894 39 20 och
850 894 30 20 di-

53 923 109 27 stillering,
185 924 27 19 än
234 922 129 28 försäljning,
385 922 92 27 forsling
499 923 39 20 och
555 922 77 28 upplag
647 922 22 21 af
683 922 89 21 bränvin
788 922 40 21 och
843 928 37 15 an-

54 951 36 20 dra
112 951 80 20 brända
214 951 52 21 eller
288 951 127 21 distillerade
443 951 153 27 spritdrycker;
621 953 54 19 samt
696 951 7 20 i
726 951 153 26 sammanhang

53 975 92 35 därmed,
786 981 5 2 N

120 1035 164 22 bondeständets
307 1043 76 20 genom
407 1036 124 27 deputation
548 1037 38 20 och
602 1036 192 27 protokollsutdrag
816 1035 64 20 fram-

52 1064 66 21 stälda
133 1064 128 27 inbjudning
276 1065 31 20 till
326 1065 174 26 borgareständet
516 1067 30 18 att
561 1065 87 20 omfatta
663 1063 165 22 bondeständets
843 1063 36 21 be-

52 1092 42 21 slut
114 1092 128 21 beträffande
266 1093 12 26 $
302 1094 26 19 74
345 1093 7 20 i
371 1093 154 27 förordningen
551 1093 109 27 angående
682 1092 137 27 tillvärkning
840 1092 39 20 och

52 1121 125 26 distillering
199 1121 21 20 af
239 1121 89 20 bränvin
351 1123 54 19 samt
425 1121 28 27 $$
469 1122 19 26 9,
505 1121 32 26 10,
553 1122 26 20 23
601 1121 39 21 och
663 1121 26 21 63
705 1121 7 20 i
727 1120 153 27 förordningen

51 1149 109 27 angäende
184 1149 129 27 försäljning,
335 1150 88 27 forsling
447 1150 40 21 och
510 1149 77 28 upplag
608 1150 21 20 af
651 1149 88 21 bränvin
759 1149 38 20 och
814 1148 66 21 andra

51 1177 80 21 brända
146 1177 52 21 eller
213 1177 128 22 distillerade
357 1178 151 27 spritdrycker.

119 1233 11 21 I
152 1233 116 28 anledning
290 1235 21 20 af
333 1235 114 20 utskottets
466 1234 79 27 förslag
560 1234 129 21 beträffande
705 1234 12 27 $
735 1235 25 19 74
776 1233 8 20 i
798 1233 81 20 förord-

51 1262 78 27 ningen
145 1261 109 28 angäende
270 1263 137 27 tillvärkning
422 1263 41 20 och
479 1263 126 26 distillering
624 1263 21 20 af
665 1262 90 21 bränvin
776 1261 103 27 begärdes

51 1291 59 20 ordet
126 1290 20 21 af

119 1347 25 20 hr
158 1347 144 27 Rönnbäck,
318 1354 45 14 som
379 1348 97 26 yttrade:
507 1347 33 21 Dä
555 1347 183 28 borgareständets
753 1346 71 21 beslut
846 1348 33 19 rö-

50 1376 66 20 rande
132 1376 70 20 denna
216 1376 98 27 paragraf
328 1376 69 21 hvilar
411 1376 28 28 pä
455 1376 96 21 ständets
566 1376 134 28 uppfattning
715 1376 22 20 af
752 1375 36 21 det
799 1375 80 20 konsti-

50 1404 99 20 tutionelt
163 1404 82 27 riktiga,
261 1404 39 21 och
316 1404 27 21 dä
357 1405 128 27 regeringen
501 1405 47 21 icke
564 1405 71 20 vidare
658 1405 38 20 har
718 1403 108 28 föreslagit
849 1404 30 19 att

50 1432 63 27 lagen
135 1432 75 21 endast
230 1432 54 21 skall
299 1433 56 27 gälla
369 1433 28 27 pä
412 1433 44 21 viss
472 1433 37 27 tid,
524 1436 51 18 utan
591 1435 30 19 att
636 1433 40 21 den
691 1432 54 21 skall
761 1432 55 27 gälla
831 1431 48 21 frän

50 1466 27 14 en
93 1460 42 20 viss
150 1460 30 21 tid
195 1460 55 21 intill
266 1460 48 22 dess
330 1461 137 21 annorlunda
482 1461 27 27 pä
524 1461 173 27 grundlagsenlig
710 1463 40 25 väg
760 1460 42 20 kan
815 1459 65 21 varda

50 1488 96 27 beslutet,
170 1489 22 20 sä
213 1489 40 20 kan
276 1490 41 26 jag,
339 1490 56 20 huru
416 1491 68 25 gärna
506 1490 36 26 jag
560 1492 26 18 än
602 1490 69 20 skulle
686 1489 51 27 vilja
752 1487 129 27 tillmötesgä

50 1516 165 22 bondeständets
230 1517 129 28 inbjudning
373 1518 8 20 i
396 1518 73 20 denna
485 1518 40 27 del,
541 1518 53 20 dock
609 1518 47 20 icke
671 1518 32 20 för
718 1517 45 21 min
779 1516 34 21 del
829 1516 51 26 god-
