1017 1731
253 128 179 21 Borgareständet
445 129 53 16 1891.
523 129 24 16 10
559 129 58 20 april.
788 124 41 21 609

31 211 30 18 att
82 215 50 14 man
154 208 67 21 hällre
236 210 38 25 gör
289 208 75 21 affärer
379 208 49 21 med
444 210 30 19 ett
489 208 83 27 dugligt
587 208 120 27 aktiebolag
722 210 27 19 än
764 208 49 21 med
829 215 27 14 en

31 237 101 21 medellös
147 236 82 21 enskild
244 243 82 20 person,
341 243 51 14 men
407 237 57 20 detta
479 237 99 20 invärkar
592 237 8 20 i
615 237 75 26 själfva
700 237 73 21 värket
783 237 74 27 ingen-

32 266 51 27 ting,
104 267 23 25 ty
149 271 50 14 man
214 265 66 21 måste
296 265 61 20 ställa
371 267 46 18 mot
431 265 120 21 hvarandra
566 267 30 19 ett
610 265 112 21 medellöst
737 265 120 28 aktiebolag

32 294 39 21 och
100 300 26 15 en
159 293 103 21 medellös
291 293 83 21 enskild
404 300 82 21 person.
531 293 34 21 Då
594 293 130 28 aktiebolags
756 296 42 19 rätt
826 295 30 20 att

31 323 69 20 ikläda
130 322 32 27 sig
184 322 139 21 förbindelser
345 322 48 21 från
415 323 90 26 juridisk
529 322 109 27 synpunkt
660 322 67 21 måste
749 323 107 21 betraktas

32 351 68 20 såsom
123 357 27 14 en
175 351 160 27 undantagslag,
357 350 23 21 sä
403 352 23 19 är
441 351 36 21 dot
493 351 102 27 naturligt
609 353 30 18 att
655 351 35 21 det
705 351 82 21 fordras
802 351 56 21 vissa

33 379 104 28 garantier
159 379 51 21 eller
232 379 24 20 så
276 381 30 19 att
321 381 49 25 säga
389 379 111 28 möjlighet
515 379 21 21 af
551 386 27 14 en
593 379 42 21 viss
650 379 116 28 publicitet,
781 380 33 20 för
829 381 29 19 att

34 408 56 21 detta
111 407 131 21 förhållande
263 407 53 21 skall
337 408 22 20 få
381 414 40 21 ega
441 415 54 13 rum.
526 407 45 22 Och
589 415 50 13 man
653 408 43 21 kan
710 408 47 21 icke
773 408 85 21 komma

34 436 69 21 därtill
117 436 49 21 med
182 438 78 19 tvänne
275 442 108 21 personer;
395 436 36 21 det
441 436 82 21 fordras
533 436 50 21 med
592 437 122 27 nödvändig
723 437 135 20 konsekvens

34 466 29 19 att
85 465 35 21 det
134 465 54 20 skall
202 465 69 20 finnas
286 465 127 20 åtminstone
428 467 38 25 tre,
482 465 81 21 hvilket
578 467 23 18 är
616 465 35 20 det
666 467 93 25 yttersta,
774 465 85 20 hvartill

34 500 49 14 man
99 500 41 14 kan
154 493 90 21 komma.
274 493 179 21 Reservanternas
469 493 54 22 åsikt
538 495 30 19 att
583 493 78 22 antalet
676 494 123 27 bolagsmän
812 494 46 21 icke

34 522 68 20 skulle
117 522 90 21 behöfva
222 529 50 14 vara
284 529 45 14 mer
344 524 27 18 än
386 522 41 27 två,
443 522 62 27 utgår
519 522 47 21 från
579 522 41 21 den
630 522 120 28 personliga
760 522 100 21 bekväm-

34 550 98 27 ligheten,
150 550 86 21 hvilken
252 551 23 26 ju
291 553 23 18 är
328 557 27 14 en
371 551 67 27 viktig
453 551 43 26 sak,
512 551 73 21 såvida
601 551 40 21 den
656 551 43 21 kan
713 551 85 21 förenas
811 551 49 21 med

36 579 41 21 den
107 579 69 27 lagliga
196 579 115 27 principen,
332 586 50 14 men
398 579 42 21 den
456 579 97 21 enskilda
568 580 184 27 bekvämligheten
767 580 33 20 får
814 579 46 21 icke

36 608 102 26 upphöjas
153 608 31 20 till
199 608 74 27 högsta
288 614 60 14 norm
363 608 7 20 i
385 608 222 27 lagstiftningsfrågor,
622 615 50 13 man
684 608 84 21 komme
780 608 80 28 därige-

36 642 50 14 nom
107 636 32 20 till
163 638 75 24 ytterst
260 636 75 27 farliga
349 636 165 21 konsekvenser.
544 636 11 21 I
569 636 75 27 själfva
660 637 72 21 värket
746 637 73 21 kunde
835 636 26 21 de

37 664 70 28 motiv,
129 665 72 20 hvilka
219 665 112 20 utskottets
345 665 110 21 minoritet
470 665 69 21 anfört
553 665 32 21 till
600 665 83 21 förmån
697 666 33 20 för
745 666 42 20 den
802 665 60 24 åsikt,

38 695 29 18 att
88 693 62 21 äfven
172 695 76 19 tvänne
264 700 99 20 personer
378 693 66 21 borde
459 694 22 20 få
496 694 57 20 bilda
569 695 29 19 ett
613 694 68 27 bolag,
695 694 43 20 lika
754 694 34 20 väl
804 694 58 20 anfö-

37 728 33 14 ras
86 722 31 20 till
132 722 82 20 förmån
229 722 32 20 för
277 722 41 20 den
333 722 54 20 åsikt
402 723 29 19 att
447 728 28 14 en
490 722 55 21 enda
557 728 76 21 person
643 722 69 21 skulle
724 722 74 21 kunna
806 722 57 21 bilda

38 752 30 18 ett
82 750 67 27 bolag.
179 750 50 20 Man
244 750 71 21 kunde
330 750 83 21 således
429 750 88 21 därmed
532 751 103 21 motivera
647 752 30 20 att
687 757 27 15 en
724 751 83 21 enskild
817 757 46 21 per-

38 784 39 15 son
91 778 56 28 finge
162 778 95 27 lösbryta
272 785 26 14 en
314 778 34 21 del
364 778 21 21 af
400 779 32 20 sin
448 779 148 27 förmögenhet
609 780 39 20 och
663 780 86 20 därmed
765 779 58 21 bilda
835 781 30 19 ett

39 807 123 27 aktiebolag,
183 807 33 21 för
238 808 30 20 att
289 807 65 21 inlåta
373 808 32 26 sig
420 807 28 27 på
463 809 30 19 ett
508 808 87 27 företag,
610 814 34 14 om
659 808 62 21 hvars
736 808 130 21 räntabilitet

38 836 43 20 han
102 836 46 20 icke
166 837 23 19 är
204 836 66 20 säker.
299 835 51 21 Man
365 836 42 20 kan
423 836 23 26 ju
463 836 60 21 alltid
537 836 90 27 försöka,
643 836 35 22 det
693 837 42 20 kan
750 836 70 21 hända
836 838 29 19 att

39 870 49 14 man
103 864 81 27 vinner,
202 864 39 20 och
257 864 26 20 då
299 866 22 18 är
333 864 30 21 alt
377 864 44 27 bra,
436 871 51 14 men
503 872 35 14 om
554 872 50 14 man
619 865 94 27 förlorar,
725 865 23 21 så
763 866 39 20 har
816 872 49 14 man

38 892 47 21 icke
106 892 87 21 förlorat
214 899 46 14 mer
274 894 27 18 än
316 899 27 14 en
358 892 97 22 bestämd
471 900 84 14 summa
570 894 39 20 och
624 894 38 20 har
676 894 33 20 för
723 894 63 27 öfrigt
800 894 66 27 ingen

39 920 169 28 obekvämlighet
230 921 64 20 däraf.
323 921 39 21 Att
383 928 57 20 man,
466 922 71 21 såsom
557 922 135 21 minoriteten
707 924 66 26 säger,
788 928 78 21 genom

39 949 124 28 aktiebolag,
186 950 37 20 där
245 949 94 21 aktierna
358 952 35 19 äro
410 950 69 21 stälda
494 951 27 27 på
535 951 158 27 innehafvaren,
709 951 69 21 skulle
793 951 73 21 kunna

40 977 87 22 eludera
148 978 72 27 lagens
236 978 131 27 stadganden
383 985 35 14 om
434 979 179 27 bolagsmännens
628 979 62 28 antal,
706 981 43 19 tror
763 980 36 27 jag
813 979 53 21 icke.

40 1006 62 21 Huru
124 1013 50 14 man
199 1008 26 19 än
248 1009 107 25 upprättar
377 1007 33 20 sin
426 1007 172 28 bolagsordning,
613 1008 66 21 måste
695 1015 50 14 man
759 1008 108 27 nämligen

41 1034 59 21 alltid
115 1035 45 20 däri
175 1035 62 20 hafva
252 1035 70 27 någon
337 1035 142 28 bestämning,
487 1043 46 14 som
545 1038 38 25 gör
594 1036 35 21 det
639 1037 130 26 nödvändigt
780 1039 29 18 att
822 1043 46 14 mer

42 1065 27 18 än
84 1069 26 14 en
126 1063 51 20 eller
192 1063 35 21 två
241 1069 100 22 personer
355 1064 68 21 måste
434 1071 51 14 vara
497 1065 35 20 vid
542 1065 178 27 bolagsstämman
730 1065 137 20 närvarande.

40 1091 31 26 Ty
86 1093 35 18 äro
136 1091 47 21 icke
198 1098 46 14 mer
259 1093 26 19 än
300 1098 26 15 en
342 1092 52 21 eller
405 1092 37 21 två
454 1099 102 20 personer
566 1093 136 27 närvarande,
713 1093 23 21 så
749 1093 59 20 torde
819 1093 49 27 föga

41 1120 64 27 något
128 1119 234 27 bolagsstämmobeslut
383 1121 76 20 kunna
482 1121 161 28 åstadkommas,
667 1122 39 20 och
730 1121 27 21 då
772 1121 96 22 kommer

42 1154 49 14 man
106 1148 7 20 i
129 1147 103 28 trångmål
247 1148 28 27 på
289 1150 30 19 ett
333 1151 65 18 annat
413 1151 52 24 sätt;
483 1150 35 20 det
534 1152 23 18 är
571 1150 7 20 i
594 1150 57 21 detta
665 1150 105 26 afseende,
787 1156 46 14 som
843 1151 25 20 hr

42 1176 120 21 Sundmans
184 1177 139 27 anmärkning
345 1179 24 18 är
391 1177 90 21 alldeles
505 1178 64 27 riktig
591 1179 39 20 och
645 1179 100 27 förtjänar
761 1179 106 20 afseende.

41 1205 50 20 Just
115 1206 29 19 att
159 1205 83 26 skydda
257 1205 66 28 tredje
337 1212 61 14 mans
413 1208 42 19 rätt
471 1208 23 19 är
509 1207 36 20 det
559 1207 107 27 praktiska
681 1207 64 21 målet
760 1207 49 21 med
824 1207 44 28 lag-

43 1233 123 27 stiftningen
194 1233 8 20 i
231 1233 70 22 denna
330 1234 70 27 fråga;
433 1235 161 28 lagstiftningen
623 1236 38 20 har
690 1236 8 20 i
727 1236 58 20 detta
814 1235 54 22 afse-

43 1261 54 21 ende
118 1261 149 28 skyldigheter,
290 1263 39 20 och
351 1263 35 20 det
408 1265 23 18 är
455 1263 63 28 detta,
540 1270 44 15 som
600 1264 59 21 alltid
674 1264 66 21 måste
755 1264 67 21 hållas
836 1264 33 21 för

43 1292 89 25 ögonen,
161 1291 90 20 emedan
277 1297 49 14 man
351 1297 77 20 genom
456 1293 31 19 att
512 1292 77 21 förbise
617 1293 35 20 det
678 1293 83 20 komme
789 1293 80 20 därhän

44 1320 30 19 att
102 1325 49 14 man
182 1319 91 27 lagligen
303 1319 78 21 tillåter
405 1326 26 15 en
462 1321 197 27 associationsform,
689 1321 38 20 där
749 1328 50 13 man
827 1321 42 21 till

44 1347 130 27 spillogifver
196 1347 67 27 tredje
286 1354 60 14 mans
368 1350 46 19 rätt.
445 1348 65 21 Hvad
527 1349 26 20 hr
567 1349 77 28 Elving
659 1350 76 21 nämde
750 1356 34 14 om
802 1349 64 22 aktie-

44 1375 81 21 svindel
140 1376 157 21 sammanfaller
311 1376 130 28 fullkomligt
455 1378 51 20 med
522 1378 67 27 tredje
599 1384 60 14 mans
671 1381 46 24 rätt,
728 1378 25 21 de
764 1380 35 19 äro
813 1378 55 21 olika

44 1404 84 26 uttryck
143 1404 32 20 för
190 1410 81 15 samma
286 1405 42 20 sak.
357 1405 42 27 Jag
414 1412 64 14 anser
493 1406 27 27 på
535 1406 70 21 denna
620 1407 68 27 grund
704 1409 30 19 att
748 1407 120 21 utskottet
859 1400 13 38 i

44 1432 129 21 moderation
189 1433 43 27 gått
246 1433 24 21 så
284 1433 59 28 långt
357 1440 46 14 som
418 1434 56 21 varit
489 1435 82 27 möjligt
586 1435 48 21 med
649 1435 139 21 fasthållande
803 1435 21 21 af
838 1434 30 22 la-

44 1466 52 21 gens
119 1460 66 21 allvar
208 1462 38 20 och
267 1462 121 26 värdighet;
408 1462 124 22 därutöfver
547 1464 41 20 kan
602 1470 49 14 man
666 1464 48 20 icke
729 1463 31 28 gå.
790 1463 42 21 Det
846 1465 22 19 är

44 1488 46 21 icke
112 1489 66 21 häller
198 1490 61 27 sagdt
274 1492 29 19 att
317 1490 39 21 vår
369 1491 126 21 nuvarande
511 1492 90 26 aktielag
616 1491 77 22 tillåter
708 1494 29 19 att
752 1492 63 27 bolag
828 1491 40 21 bil-

45 1516 37 21 das
97 1517 21 20 af
132 1519 77 19 tvänne
224 1524 110 21 personer;
351 1518 57 22 detta
423 1519 79 21 strider
516 1522 45 18 mot
574 1520 67 27 öfriga
655 1520 131 28 stadganden
798 1520 7 20 i
813 1520 55 21 sam-

775 1559 22 18 39
