1017 1731
162 101 54 20 1302
380 106 178 21 Borgareständet
572 107 54 17 1891.
651 106 23 18 20
686 111 48 16 maj.

136 185 113 26 missbruk,
265 191 46 15 som
326 185 74 21 hittills
415 185 152 28 obestridligen
583 186 110 21 bedrifvits
708 185 50 21 med
774 185 19 20 öl
810 186 38 20 och
864 185 100 21 särskilda

135 213 201 28 spritblandningar,
344 214 68 21 skulle
421 214 73 20 kunna
501 214 94 26 fortfara,
603 214 23 21 sä
634 216 30 19 att
672 213 126 28 försäljning
806 213 20 21 af
834 213 64 28 sagda
904 213 61 27 dryc-

135 243 38 20 ker
181 244 52 19 utan
241 242 93 21 kontroll
342 243 21 20 af
370 243 63 20 hvem
448 249 45 14 som
502 243 55 20 hälst
567 242 56 27 finge
635 243 61 20 idkas
705 243 40 20 och
753 242 36 21 det
796 242 46 21 icke
851 242 53 21 blott
913 242 53 20 hvar

136 277 46 14 som
197 270 56 21 hälst
268 273 51 18 utan
335 271 62 20 äfven
412 271 86 20 hvilken
514 271 30 20 tid
560 271 27 27 pä
605 271 80 27 dygnet
701 277 45 14 som
762 270 60 21 hälst.
851 270 41 27 Jag
907 270 58 21 med-

136 299 69 27 gifver
220 299 34 20 väl
270 301 30 18 att
315 299 35 20 det
365 305 29 14 nu
409 299 145 27 föreliggande
577 299 101 28 förslaget
692 299 48 20 icke
756 301 24 18 är
794 299 68 27 nägon
879 305 86 21 genom-

136 327 60 21 tänkt
212 327 40 21 och
267 327 87 27 utförlig
369 327 34 28 lag
423 328 90 20 rörande
536 334 87 21 svagare
640 327 134 27 rusdrycker.
804 327 50 21 Men
870 334 34 13 om
920 327 46 21 där-

136 356 55 20 ifrän
208 355 104 21 uteslutes
327 357 13 19 4
355 363 62 13 mom.
434 356 21 21 af
470 358 13 18 4
499 357 18 26 $,
533 356 23 21 sä
571 359 44 18 tror
629 357 36 26 jag
681 358 30 19 att
727 356 70 20 denna
812 355 124 28 författning
946 356 18 26 ej

136 384 67 21 häller
218 384 54 21 skall
287 384 96 21 medföra
398 384 65 28 några
479 385 69 20 vädor.
579 385 70 20 Anses
657 384 248 21 straffbestämmelserna
916 391 50 14 vara

136 413 33 20 för
184 413 60 27 höga,
260 412 24 21 sä
299 413 72 20 kunna
387 413 24 20 de
434 414 23 26 ju
480 413 37 20 lätt
535 413 82 20 ändras.
647 413 42 27 Jag
705 413 69 20 skulle
790 412 75 27 därför,
881 419 35 14 om
930 413 36 26 jag

136 441 64 21 ocksä
223 441 46 20 icke
292 447 62 15 anser
376 441 69 21 denna
468 442 35 27 lag
525 448 51 14 vara
599 441 21 21 af
635 442 24 20 sä
674 441 118 27 trängande
808 441 158 27 nödvändighet

136 476 46 14 som
205 469 40 21 den
269 469 63 27 förra,
355 470 53 20 dock
426 470 66 20 önska
507 472 30 18 att
552 470 62 21 äfven
631 470 70 21 denna
717 469 65 21 mätte
797 469 86 21 komma
898 469 68 20 under

136 497 202 28 detaljgranskning.
368 497 41 28 Jag
424 500 37 26 gör
484 498 35 21 det
534 500 57 19 ännu
608 498 27 28 pä
649 500 30 20 ett
695 498 52 26 skäl,
762 504 46 14 som
823 497 46 21 icke
885 497 80 21 härtills

136 526 70 21 blifvit
228 526 125 27 framhället,
377 527 104 27 nämligen
504 527 26 27 pä
545 527 43 21 den
603 527 69 27 grund
689 529 31 18 att
734 527 36 26 jag
785 526 96 26 förutser,
897 526 46 26 (och
958 526 7 20 i

136 555 42 20 den
193 555 7 19 i
216 555 143 20 betänkandet
374 555 86 27 intagna
475 556 64 20 första
555 556 110 20 motionen
680 555 70 21 finner
765 556 35 26 jag
815 555 45 20 skäl
875 554 32 20 för
918 554 48 21 mitt

137 583 132 27 antagande),
286 585 35 24 att,
337 590 34 14 om
387 583 64 27 nägra
460 584 158 26 bestämningar
639 584 92 20 rörande
747 583 92 21 handeln
855 583 48 21 med
919 589 46 14 sva-

136 618 50 20 gare
201 611 129 27 rusdrycker
345 612 46 20 icke
407 619 30 13 nu
452 612 84 20 komma
558 612 32 21 till
608 612 68 27 ständ,
693 612 129 26 agitationen
838 613 29 18 att
882 611 29 20 till
929 613 36 18 nä-

136 642 32 18 sta
183 640 102 26 landtdag
301 640 20 20 fä
337 646 25 14 en
378 640 129 28 författning,
523 640 48 21 vida
587 647 45 14 mer
650 640 107 21 restriktiv
774 642 26 18 än
816 640 40 20 den
872 646 30 13 nu
916 639 49 21 ifrä-

136 668 126 27 gavarande,
286 671 51 17 utan
359 669 73 20 tvifvel
454 669 46 20 icke
515 669 54 21 skall
592 669 101 27 upphöra,
709 671 51 18 utan
776 674 84 14 snarare
876 670 48 24 taga
939 674 26 14 en

136 698 66 19 större
218 696 47 20 fart.
296 696 39 21 Om
351 697 94 21 däremot
461 698 34 20 det
511 704 29 14 nu
555 697 162 27 ifrägavarande
731 696 235 27 författningsförslaget

136 725 70 20 blefve
228 724 35 28 lag
287 725 38 20 och
349 732 34 14 om
407 726 35 20 det
462 726 31 23 dä,
509 726 69 20 såsom
593 726 36 27 jag
643 726 88 26 hoppas,
747 725 67 20 skulle
831 725 43 19 visa
890 724 31 27 sig
936 726 30 19 att

136 760 78 20 genom
237 753 26 21 de
285 760 30 13 nu
337 754 119 27 föreslagna
473 754 207 27 inskränkningarna
695 754 7 20 i
718 754 93 20 handeln
826 753 49 20 med
890 752 76 27 ifräga-

136 781 93 21 varande
252 782 92 26 drycker
366 782 25 20 de
413 782 194 27 hufvudsakligaste
623 783 22 20 af
660 782 26 21 de
703 781 149 27 öfverklagade
868 781 98 20 oordnin-

137 816 66 20 garna
218 810 7 20 i
240 810 71 20 denna
326 810 77 21 handel
426 811 68 20 blifvit
514 811 167 27 undanrödjade,
703 810 24 20 sä
741 810 80 27 hoppas
836 810 35 26 jag
886 811 29 19 att
930 810 36 20 be-

136 838 73 21 hofvet
232 838 21 20 af
276 845 25 14 en
324 839 48 20 vida
394 846 45 14 mer
455 841 70 25 sträng
541 840 39 20 och
596 839 131 21 omfattande
743 839 35 27 lag
793 838 7 20 i
816 844 80 14 samma
910 838 55 26 syfte

136 866 47 21 icke
199 866 53 21 skall
268 866 114 21 framträda
397 868 49 20 med
462 868 34 20 det
511 868 47 20 kraf
580 868 26 26 pä
621 870 30 18 att
666 867 115 27 uppfyllas,
796 868 30 19 att
840 866 125 28 regeringen

137 895 54 20 skall
212 901 51 15 anse
287 895 31 27 sig
341 896 107 20 nödsakad
472 898 29 18 att
517 896 73 20 därom
605 896 119 27 framlägga
739 895 135 27 proposition,
890 895 39 20 och
946 895 18 26 ej

136 923 68 21 häller
225 924 115 21 ständerna
362 926 29 19 att
413 926 77 25 antaga
513 930 26 15 en
559 924 72 21 sådan.
661 924 43 27 Jag
720 926 43 19 tror
779 925 29 19 att
824 923 34 21 det
874 929 49 15 vore
939 929 25 15 en

136 952 82 27 värklig
240 953 57 20 vinst
320 954 29 19 att
372 959 29 14 nu
423 953 54 21 efter
498 953 105 20 värkstäld
627 952 198 28 detaljgranskning
840 953 75 26 antaga
931 951 35 21 det

136 980 165 27 hufvudsakliga
317 981 6 20 i
339 981 62 20 dessa
416 981 54 21 båda
484 981 153 28 författningar.

205 1037 33 20 Hr
260 1037 135 21 Neovius:
425 1034 70 25 Äfven
517 1039 36 26 jag
575 1038 78 21 önskar
671 1044 26 15 en
715 1037 115 27 öfvergäng
846 1037 31 20 till
892 1037 74 26 detalj-

136 1065 131 27 granskning
290 1065 21 21 af
333 1066 26 21 de
382 1067 143 26 föreliggande
544 1067 148 26 lagförslagen.
724 1065 32 21 Då
772 1072 26 14 en
814 1065 23 20 sä
852 1065 114 20 vidsträckt

136 1094 87 26 opinion
245 1094 7 20 i
276 1094 72 21 landet
371 1095 102 20 existerar
487 1095 33 20 för
535 1095 102 27 åtgärder,
653 1094 83 28 gående
751 1094 7 20 i
775 1094 41 20 den
831 1093 93 27 riktning
940 1094 25 20 de

135 1121 146 28 föreliggande
304 1122 107 27 förslagen
433 1123 108 27 innefatta,
563 1123 24 21 så
608 1130 49 14 vore
677 1123 37 20 det
729 1124 30 19 ett
774 1122 66 27 enligt
854 1122 44 20 min
915 1129 51 20 upp-

136 1150 92 27 fattning
243 1151 62 26 högst
321 1151 102 27 olyckligt
438 1151 74 24 beslut,
528 1158 33 14 om
579 1151 176 27 borgareståndet
770 1152 51 19 utan
837 1150 81 27 hänsyn
935 1151 31 20 till

136 1185 27 14 en
186 1179 23 20 så
232 1179 90 20 utbredd
339 1179 85 27 opinion
441 1180 48 21 ville
505 1182 50 19 utan
572 1180 71 21 vidare
661 1180 95 21 förkasta
772 1179 61 20 dessa
848 1178 118 27 lagförslag.

136 1207 70 20 Sedan
230 1207 152 28 förordningen
404 1208 89 21 rörande
513 1209 125 26 försäljning
653 1209 41 20 och
712 1207 143 26 utskänkning
870 1207 21 20 af
906 1207 60 20 malt-

136 1235 91 27 drycker
242 1238 75 25 antogs
334 1236 39 20 och
388 1236 124 27 faststäldes,
521 1237 62 20 hafva
598 1237 21 26 ju
637 1237 66 20 redan
721 1236 42 21 åtta
774 1235 23 21 år
806 1235 93 21 förflutit.
922 1235 44 20 Un-

136 1263 38 21 der
188 1264 62 21 dessa
265 1264 24 21 år
304 1264 63 21 hafva
389 1264 105 28 åtskilliga
515 1265 201 21 missförhållanden
735 1264 61 27 gifvit
811 1264 32 27 sig
858 1263 108 26 tillkänna,

136 1292 40 20 och
192 1293 35 20 det
242 1295 23 18 är
281 1293 186 26 undanrödjandet
481 1293 21 21 af
517 1293 61 21 dessa
593 1293 208 26 missförhållanden,
816 1299 45 13 som
875 1298 48 13 man
934 1293 32 18 sö-

136 1320 38 21 ker
190 1320 142 27 åvägabringa
347 1327 78 21 genom
441 1321 26 21 de
482 1322 81 20 mindre
582 1322 155 26 förändringar,
753 1327 46 14 som
814 1320 86 21 föreslås
915 1320 7 19 i
937 1326 29 15 nu

135 1348 147 28 föreliggande
297 1349 119 27 lagförslag.
447 1349 41 22 Det
510 1350 68 21 finnes
593 1350 128 27 visserligen
737 1349 45 20 däri
797 1349 65 27 några
877 1348 90 21 bestäm-

135 1377 82 27 ningar,
240 1378 50 20 med
312 1378 72 20 hvilka
406 1379 35 26 jag
463 1379 46 20 icke
531 1379 42 20 kan
589 1379 73 20 förena
677 1378 52 27 mig,
744 1384 50 14 men
810 1377 156 21 reservationen

135 1405 120 21 innehåller
269 1406 24 26 ju
308 1406 80 28 förslag
403 1407 6 19 1
425 1409 30 19 ett
470 1407 60 27 syfte,
553 1414 45 14 som
618 1409 38 25 gör
672 1407 37 20 det
725 1406 83 27 möjligt
822 1408 30 18 att
867 1405 47 21 med
931 1412 36 13 an-

134 1433 96 27 slutning
246 1434 32 20 till
294 1435 158 21 reservationen
468 1437 75 25 antaga
558 1436 40 20 den
615 1436 67 26 öfriga
699 1435 62 20 delen
778 1434 21 20 af
809 1434 111 20 utskottets
932 1433 35 21 be-

135 1462 112 21 tänkande.
279 1462 41 27 Jag
335 1463 36 20 vill
388 1463 67 21 tillika
471 1464 109 20 framhålla
596 1466 29 18 att
641 1464 63 20 äfven
722 1462 110 28 angående
847 1462 119 26 försäljnin-

134 1496 42 20 gen
192 1490 21 20 af
236 1491 61 21 viner
319 1492 39 20 och
375 1498 88 21 svagare
478 1492 127 26 rusdrycker
620 1492 61 20 svåra
697 1490 200 22 missförhållanden
912 1491 55 26 gjort
