1017 1731
166 100 55 20 1472
375 105 178 21 Borgareståndet
567 106 54 16 1891.
641 105 26 17 25
681 105 47 21 maj.

138 183 61 28 fråga
214 190 51 14 vara
281 190 26 14 en
323 183 132 28 skattefråga.
487 183 49 22 Men
552 184 69 21 under
636 184 36 21 det
687 185 36 26 jag
738 183 91 21 sålunda
841 183 107 21 fullkomli

138 212 74 21 ställer
228 212 43 27 mig
286 212 27 27 pä
327 213 26 20 hr
367 212 101 21 Jusélius”
485 212 130 27 ståndpunkt
630 212 7 21 i
653 212 101 21 afseende
770 211 12 21 å
801 211 111 28 principen
932 218 16 14 o

139 247 63 14 anser
218 242 30 19 att
264 240 171 27 borgareståndet
451 240 139 27 ovilkorligen
607 241 38 20 bör
659 240 94 21 vidhålla
772 240 128 27 densamma,
921 246 26 15 en

139 269 49 26 den,
204 268 67 28 enligt
286 269 43 20 min
346 268 59 27 åsikt,
420 269 39 20 har
473 275 28 14 en
516 269 89 27 ofantlig
620 269 95 26 bärvidd,
731 274 63 15 anser
808 269 36 26 jag
862 268 59 27 dock,
942 275 8 14 a

140 297 36 21 det
192 303 49 14 vore
258 303 26 15 en
300 297 129 27 fullkomligt
444 297 65 28 laglig
524 297 72 27 åtgärd
613 297 21 20 af
653 296 175 29 borgareståndet
848 298 30 19 att
899 297 51 20 bifal

140 325 114 21 utskottets
275 325 302 28 sammanjämkningsförslag,
601 326 38 20 och
663 325 90 21 sålunda
777 326 51 19 utan
851 326 30 19 att
897 324 55 28 fräng

139 354 34 20 sin
195 353 88 28 princip,
305 354 73 21 förena
400 354 32 27 sig
454 354 49 21 med
519 354 26 21 de
563 356 31 19 tre
610 354 67 27 öfriga
693 353 91 22 stånden
800 360 34 14 om
850 355 30 19 att
894 353 26 22 de
936 355 16 19 tv

140 382 131 27 femtedelar,
287 388 45 15 som
347 384 36 19 äro
398 385 64 24 tagna
477 382 47 21 från
540 383 104 25 städerna,
659 382 66 21 måtte
748 382 26 27 gå
797 381 32 21 till
851 381 101 22 kommun

139 410 172 21 kationsfonden.
341 410 41 27 Jag
397 411 38 20 har
449 411 86 26 mycket
550 411 72 20 tvekat
637 411 6 20 i
659 411 71 20 denna
746 410 38 21 sak
800 410 38 21 och
854 410 68 21 skulle
946 412 8 19 t

140 439 42 20 den
198 439 47 20 icke
261 445 50 14 vara
326 439 23 20 så
364 439 59 27 långt
437 439 147 26 framskriden,
600 439 69 21 skulle
684 440 36 26 jag
736 438 139 27 ovilkorligen
894 439 60 20 föresl

141 469 31 18 att
187 467 174 27 borgareständet
377 467 68 21 skulle
461 467 21 21 åt
496 467 99 21 förstärkt
617 467 81 21 utskott
721 467 130 21 öfverlämna
874 473 82 14 ansvart

141 497 31 19 att
190 495 4 20 i
210 495 70 21 denna
295 495 38 21 sak
349 495 77 28 afgöra.
455 495 50 22 Men
521 495 27 21 dä
562 496 35 27 jag
610 496 54 21 dock
680 496 32 21 för
727 495 45 21 min
792 495 40 27 del,
851 495 69 21 såsom
938 502 18 14 se

140 524 41 20 ken
199 530 29 14 nu
244 524 49 24 står,
308 526 23 18 är
346 524 123 28 öfvertygad
486 531 34 14 om
535 526 30 19 att
580 524 186 28 borgareståndets
779 524 54 20 åsikt
843 524 47 21 icke
902 524 55 20 skull

140 552 74 20 kunna
230 552 21 20 få
267 552 120 28 tillräckligt
403 552 92 21 medhäll
510 553 7 20 i
532 555 29 19 ett
576 553 100 21 förstärkt
691 552 140 27 statsutskott,
846 552 23 21 sä
892 554 22 19 är
935 553 22 26 ja

140 580 8 20 i
163 580 71 20 denna
248 580 69 28 punkt
331 581 47 21 icke
394 581 73 27 ovillig
479 583 30 19 att
524 581 74 21 förena
618 582 45 26 mig
685 588 36 14 om
743 582 29 20 att
792 580 166 28 borgarestånde

140 608 50 21 med
206 608 106 21 bestämdt
327 608 134 22 vidhållande
477 610 21 20 af
512 610 33 20 sin
561 609 54 21 åsikt
630 616 35 14 om
681 610 71 20 denna
773 609 70 27 frågas
866 611 62 19 natur
950 616 10 14 a

140 636 152 28 anslagsfråga,
307 637 63 21 likväl
387 638 64 20 måtte
467 644 30 14 nu
511 638 75 27 frångå
601 638 35 20 sitt
651 638 57 21 förra
724 638 70 20 beslut
810 638 39 20 och
864 638 96 27 medgifv:

140 665 155 21 vinstmedlens
310 666 147 21 öfverförande
472 666 32 20 till
519 666 282 22 kommunikationsfonden.

210 727 33 21 Då
265 728 66 27 ingen
353 728 71 22 vidare
447 729 71 20 anhöll
541 735 34 14 om
593 729 66 27 ordet,
674 728 132 22 förklarades
822 728 140 21 diskussioner

140 755 52 21 härä
207 756 98 27 afslutad,
321 757 106 21 hvarefter
441 758 25 20 hr
481 757 122 21 talmannen
621 757 124 21 framstälde
766 757 94 27 följande
883 758 80 19 omröst

140 784 203 27 ningsproposition:

210 846 38 26 De,
266 846 75 22 hvilka
355 847 72 21 säsom
443 848 215 27 kontraproposition
671 850 46 19 mot
730 848 113 20 utskottets
853 854 113 14 samman-

134 874 218 28 jämkningsförslag
373 876 132 26 beträffande
526 876 15 27 $
556 877 29 19 10
599 876 118 28 föredraga
736 876 27 20 hr
778 876 130 21 Rönnbäcks
922 876 45 27 för-

140 903 54 27 slag,
210 904 60 19 rösta
280 904 41 26 ja;
337 904 31 26 de,
384 904 35 20 det
435 904 44 21 icke
492 907 60 24 göra,
568 906 59 19 rösta
642 905 49 27 nej;

209 931 81 21 vinner
304 932 42 27 nej,
363 932 42 21 har
420 932 175 28 borgareständet
608 933 10 20 i
633 933 82 21 sådant
729 932 101 28 afseende
851 932 117 28 föredragit

140 959 28 21 hr
182 959 107 22 Juselius'
305 960 90 28 förslag.

210 1022 163 27 Propositionen
389 1023 126 21 besvarades
530 1024 34 20 vid
582 1024 81 21 anstäld
681 1024 97 27 votering
794 1023 48 21 med
858 1024 26 19 22
900 1024 20 26 ja
932 1024 38 20 och

141 1050 23 20 31
184 1051 41 26 nej,
241 1051 40 20 och
297 1051 66 20 erhöll
379 1051 32 21 till
426 1052 51 27 följd
493 1052 59 21 däraf
567 1052 41 21 den
624 1054 61 19 nästa
705 1052 265 27 omröstniogspropositio-

140 1084 41 15 nen
197 1079 158 21 nedanstäende
372 1080 92 26 lydelse
453 1075 13 35 :

209 1140 39 27 De,
265 1141 74 21 hvilka
354 1142 117 27 godkänna
483 1143 112 20 utskottets
605 1142 317 28 sammanjämkningsförslag
934 1143 34 20 be-

140 1168 110 27 träffande
265 1169 16 27 $
298 1170 26 20 10
339 1170 150 27 oförändradt,
505 1173 59 18 rösta
574 1171 39 27 ja;
629 1171 32 26 de,
677 1171 37 20 det
725 1171 46 20 icke
781 1173 59 25 göra,
853 1173 59 19 rösta
921 1171 48 28 nej;

209 1197 80 21 vinner
304 1198 42 27 nej,
363 1199 42 20 har
420 1199 173 27 borgareständet
607 1199 90 27 förenat
711 1199 34 28 sig
761 1206 36 13 om
819 1199 27 20 hr
864 1199 105 21 Juselius

138 1225 90 28 förslag.

209 1282 164 27 Propositionen
395 1283 126 22 besvarades
544 1284 49 21 med
616 1284 158 27 öfvervägande
796 1285 41 26 nej,
858 1285 40 20 och
916 1284 54 21 hade

139 1309 176 27 borgareständet
329 1311 88 25 säledes,
433 1312 49 20 med
496 1312 135 21 förkastande
647 1313 21 20 af
684 1313 214 20 ekonomiutskottets
916 1319 54 14 sam-

138 1338 253 28 manjämkningsförslag
406 1340 89 21 rörande
512 1341 12 26 $
542 1341 31 26 10,
589 1341 108 20 vidblifvit
710 1341 35 20 det
758 1341 76 27 beslut,
844 1341 60 21 hvari
914 1341 56 20 stän-

138 1365 36 21 det
189 1365 90 28 tidigare
295 1367 128 22 härutinnan
439 1370 88 19 stannat.

207 1428 11 20 I
234 1428 220 23 öfverensstämmelse
470 1431 86 21 härmed
572 1431 80 21 vidblef
667 1431 177 27 borgareständet
859 1431 62 21 äfven
935 1432 35 21 sitt

138 1456 58 20 förut
211 1456 80 22 fattade
307 1458 70 20 beslut
391 1458 129 22 beträffande
537 1460 18 25 3,
577 1460 7 20 4
599 1460 40 20 och
655 1461 12 19 5
683 1466 64 14 mom.
764 1460 22 20 af
802 1460 11 26 $
830 1460 18 20 9.
