1017 1731
280 112 180 21 Borgareståndet
473 113 52 16 1891.
550 111 20 18 11
584 113 47 20 maj.
789 108 55 21 1105

44 193 66 22 derna
130 193 84 28 afgifna
236 192 90 21 relation
349 199 34 14 om
402 191 197 28 postsparbankens
615 191 98 21 tillständ
728 192 41 21 och
784 191 90 22 förvalt-

46 223 53 27 ning
113 221 68 21 under
197 220 51 22 ären
265 221 60 25 1887,
342 221 54 20 1888
412 219 41 22 och
470 220 61 21 1889.

112 277 151 22 Betänkandet
278 277 49 21 med
343 277 46 20 däri
405 277 121 20 framlagda
542 277 211 28 resolutionsförslag
767 277 45 21 blef
822 280 52 18 utan

46 307 123 21 diskussion
192 306 23 21 af
235 305 178 28 borgareståndet
429 305 104 28 enhälligt
547 305 118 28 godkändt,
680 305 33 21 till
728 305 54 28 följd
797 305 78 22 hvaraf

46 335 146 22 betänkandet
214 335 35 20 för
271 333 125 29 afgifvande
419 333 23 22 af
465 333 110 22 utlåtande
600 334 4 19 i
624 333 116 29 anledning
758 333 24 22 af
796 333 79 29 nådiga

44 363 174 29 postmanifestet
240 362 23 21 af
285 362 41 21 den
347 363 26 20 12
397 363 45 28 juni
459 363 33 27 (31
509 363 48 27 maj)
575 363 55 20 1890
646 362 68 21 skulle
729 362 145 22 öfverlämnas

44 392 34 21 till
93 392 146 27 lagutskottet.

118 545 31 21 På
171 544 99 22 anhållan
293 544 22 22 af
334 545 35 21 hrr
389 545 97 21 Heikel
502 544 40 22 och
557 545 143 21 Rönnbäck
715 545 73 22 blefvo
804 545 70 28 öfriga

47 574 27 28 på
89 573 227 28 föredragningslistan
333 576 110 26 upptagna
459 572 94 22 ärenden
568 573 52 21 härå
636 574 118 28 bordlagda
769 574 33 20 till
812 576 62 19 nästa

46 603 92 27 plenum.

118 761 58 21 Från
193 762 160 20 statsutskottet
368 761 54 21 hade
439 761 118 21 ankommit
573 768 26 14 en
615 761 119 26 skrifvelse,
749 762 79 20 hvarur
843 762 33 20 in-

48 790 110 21 hämtades
185 793 31 18 att
242 790 37 21 vid
306 790 159 27 behandlingen
491 790 23 20 af
539 789 115 21 utskottets
679 790 136 21 betänkande
840 797 35 14 n:o

49 820 12 20 3
77 820 6 19 i
99 818 115 28 anledning
230 818 22 21 af
267 818 234 28 finansexpeditionens
517 819 6 20 i
540 818 113 21 kejserliga
669 822 87 17 senaten
771 818 32 21 till
817 820 59 19 stän-

48 847 67 21 derna
130 847 83 27 afgifna
228 847 91 21 relation
334 854 35 14 om
384 847 143 20 statsvärkets
542 846 24 21 til
575 826 65 41 stånd

119 904 26 20 R.
162 911 18 13 0.
195 904 27 20 A.
237 903 96 28 godkänt
349 903 148 21 betänkandet
513 903 148 26 oförändradt;

120 932 159 28 prästeståndet
297 931 96 28 godkänt
414 931 148 22 betänkandet
577 932 7 20 i
599 931 72 28 öfrigt,
686 934 57 19 utom
759 932 117 21 utskottets

50 961 12 20 å
78 961 61 20 sidan
155 962 27 20 38
197 960 176 21 förekommande
389 960 127 21 uttalanden
535 968 34 13 om
585 960 89 21 statslån
689 960 22 21 åt
725 960 96 21 fabriker
835 957 43 24 och

50 989 60 26 bruk,
132 989 82 21 hvilket
238 989 109 20 uttalande
370 989 67 20 borde
462 988 70 21 såsom
557 989 116 27 obehöfligt
693 997 24 12 ur
731 988 147 21 betänkandet

50 1017 61 28 utgå;

122 1045 176 28 borgareståndet
321 1046 81 27 antagit
425 1045 148 21 betänkandet
596 1045 48 21 med
663 1045 110 21 enahanda
788 1046 90 20 uteslut-

51 1075 52 27 ning
118 1081 46 14 som
179 1073 166 29 prästeståndet,
365 1075 61 20 jämte
445 1074 38 21 det
499 1073 176 28 borgareståndet
691 1073 93 26 beslutit,
799 1077 31 17 att
846 1074 33 21 till

50 1103 116 20 utskottets
182 1102 110 21 uttalande
308 1102 13 21 å
336 1082 87 41 Sidorna
441 1103 28 20 10
483 1103 41 20 och
536 1103 24 20 11
573 1102 109 28 angående
693 1102 186 21 tullinkomsterna

51 1131 69 21 skulle
142 1131 63 28 fogas
224 1134 30 18 ett
270 1131 161 28 önskningsmål
448 1131 75 21 därom
539 1134 37 23 att,
591 1131 34 20 för
641 1130 137 21 undvikande
794 1130 22 21 af
831 1131 48 20 icke

52 1160 61 27 ringa
128 1159 101 21 förluster
244 1159 34 21 för
288 1159 239 26 affärsvärksamheten,
539 1159 102 28 vidtagna
652 1159 149 28 förändringar
813 1160 6 19 i
830 1159 50 20 tull-

52 1190 96 19 satserna
163 1187 66 21 måtte
244 1187 61 22 träda
320 1189 6 19 i
342 1187 57 22 kraft
417 1187 29 28 på
459 1188 124 28 lämpligare
596 1187 56 21 tider
664 1189 26 19 än
700 1187 114 26 härintills;
825 1190 55 18 samt

123 1215 159 22 bondeståndet
303 1216 97 27 godkänt
422 1216 149 21 betänkandet
589 1215 50 22 med
653 1223 80 14 samma
748 1216 132 27 uteslutning

52 1252 46 13 som
113 1246 81 27 präste-
216 1245 40 20 och
271 1244 191 28 borgarestånden,
478 1245 112 21 hvarutom
606 1244 163 26 bondeståndet,
784 1245 7 19 i
807 1244 74 21 anled-

52 1274 52 27 ning
119 1273 23 21 af
156 1273 116 21 utskottets
288 1273 158 28 framställning
463 1281 34 13 om
513 1273 196 21 donationsfonden
724 1272 13 21 å
752 1272 86 21 sidorna
853 1273 27 20 34

52 1303 56 20 —36
124 1301 23 21 af
161 1301 152 27 betänkandet,
332 1301 35 21 för
387 1303 32 19 sin
435 1301 38 21 del
489 1302 87 20 beslutit
591 1301 66 21 uttala
673 1301 41 21 den
729 1300 152 28 förhoppning,

52 1333 32 18 att
106 1330 104 28 styrelsen
232 1329 66 22 måtte
316 1330 89 21 tillsätta
420 1337 27 14 en
464 1330 140 21 kommission
619 1329 49 22 med
683 1329 97 28 uppdrag
795 1331 31 18 att
841 1337 40 12 un-

52 1358 93 22 dersöka
160 1358 115 21 orsakerna
290 1358 33 21 till
338 1358 36 21 det
390 1358 189 22 missförhållande
595 1361 31 18 att
641 1357 91 22 fondens
748 1357 67 22 dificit
827 1357 54 21 fort-

52 1386 90 22 farande
158 1387 68 21 ökats.

124 1415 53 21 Med
196 1415 102 21 afseende
318 1415 13 21 å
346 1415 63 21 dessa
424 1415 105 21 ståndens
546 1415 70 21 beslut
631 1415 97 21 anmälde
743 1414 139 21 statsutskot-

52 1446 32 18 tet
100 1446 36 23 att,
152 1443 27 21 då
199 1444 76 20 endast
293 1446 31 19 ett
339 1444 64 20 stånd
421 1444 100 27 godkänt
535 1444 116 20 utskottets
667 1442 109 22 uttalande
792 1442 12 21 å
820 1442 60 21 sidan

54 1473 26 20 38
97 1473 5 20 i
119 1472 145 21 betänkandet
279 1472 133 21 beträffande
427 1472 93 21 statslån
531 1472 22 21 åt
563 1472 96 21 fabriker
669 1472 40 20 och
720 1471 60 26 bruk,
790 1470 92 22 berörda

53 1500 109 21 uttalande
186 1500 124 28 därigenom
333 1500 96 26 förfallit,
453 1503 57 19 samt
533 1503 36 23 att,
585 1500 28 21 då
629 1500 26 21 de
670 1500 74 27 tillägg
759 1500 32 20 till
808 1499 74 21 betän-

791 1538 23 18 70
