<?xml version="1.0" encoding="UTF-8"?>
<alto xmlns="http://www.loc.gov/standards/alto/ns-v3#" xmlns:xlink="http://www.w3.org/1999/xlink" xmlns:xsi="http://www.w3.org/2001/XMLSchema-instance" xsi:schemaLocation="http://www.loc.gov/standards/alto/ns-v3# http://www.loc.gov/alto/v3/alto-3-0.xsd">
	<Description>
		<MeasurementUnit>pixel</MeasurementUnit>
		<sourceImageInformation>
			<fileName>/tmp/tess_ex1b086h_input.PNG</fileName>
		</sourceImageInformation>
		<OCRProcessing ID="OCR_0">
			<ocrProcessingStep>
				<processingSoftware>
					<softwareName>tesseract 5.3.4</softwareName>
				</processingSoftware>
			</ocrProcessingStep>
		</OCRProcessing>
	</Description>
	<Layout>
		<Page WIDTH="1017" HEIGHT="1731" PHYSICAL_IMG_NR="0" ID="page_0">
			<PrintSpace HPOS="0" VPOS="0" WIDTH="1017" HEIGHT="1731">
				<ComposedBlock ID="cblock_0" HPOS="272" VPOS="117" WIDTH="578" HEIGHT="26">
					<TextBlock ID="block_0" HPOS="272" VPOS="117" WIDTH="578" HEIGHT="26">
						<TextLine ID="line_0" HPOS="272" VPOS="117" WIDTH="578" HEIGHT="26">
							<String ID="string_0" HPOS="272" VPOS="120" WIDTH="180" HEIGHT="23" WC="0.91" CONTENT="Borgareståndet"/><SP WIDTH="13" VPOS="120" HPOS="452"/>
							<String ID="string_1" HPOS="465" VPOS="121" WIDTH="54" HEIGHT="18" WC="0.95" CONTENT="1891."/><SP WIDTH="25" VPOS="121" HPOS="519"/>
							<String ID="string_2" HPOS="544" VPOS="121" WIDTH="23" HEIGHT="18" WC="0.96" CONTENT="14"/><SP WIDTH="13" VPOS="121" HPOS="567"/>
							<String ID="string_3" HPOS="580" VPOS="121" WIDTH="59" HEIGHT="22" WC="0.78" CONTENT="april"/><SP WIDTH="171" VPOS="121" HPOS="639"/>
							<String ID="string_4" HPOS="810" VPOS="117" WIDTH="40" HEIGHT="21" WC="0.96" CONTENT="687"/>
						</TextLine>
					</TextBlock>
				</ComposedBlock>
				<GraphicalElement ID="cblock_1" HPOS="47" VPOS="156" WIDTH="826" HEIGHT="4"></GraphicalElement >
				<ComposedBlock ID="cblock_2" HPOS="48" VPOS="201" WIDTH="830" HEIGHT="257">
					<TextBlock ID="block_1" HPOS="48" VPOS="201" WIDTH="830" HEIGHT="257">
						<TextLine ID="line_1" HPOS="116" VPOS="201" WIDTH="762" HEIGHT="27">
							<String ID="string_5" HPOS="116" VPOS="201" WIDTH="32" HEIGHT="21" WC="0.96" CONTENT="Hr"/><SP WIDTH="23" VPOS="201" HPOS="148"/>
							<String ID="string_6" HPOS="171" VPOS="201" WIDTH="130" HEIGHT="21" WC="0.96" CONTENT="Stenroth:"/><SP WIDTH="30" VPOS="201" HPOS="301"/>
							<String ID="string_7" HPOS="331" VPOS="201" WIDTH="79" HEIGHT="20" WC="0.96" CONTENT="Tämän"/><SP WIDTH="23" VPOS="201" HPOS="410"/>
							<String ID="string_8" HPOS="433" VPOS="201" WIDTH="94" HEIGHT="27" WC="0.96" CONTENT="pykälän"/><SP WIDTH="22" VPOS="201" HPOS="527"/>
							<String ID="string_9" HPOS="549" VPOS="201" WIDTH="154" HEIGHT="27" WC="0.96" CONTENT="määräyksistä"/><SP WIDTH="21" VPOS="201" HPOS="703"/>
							<String ID="string_10" HPOS="724" VPOS="201" WIDTH="43" HEIGHT="27" WC="0.96" CONTENT="käy"/><SP WIDTH="22" VPOS="201" HPOS="767"/>
							<String ID="string_11" HPOS="789" VPOS="201" WIDTH="89" HEIGHT="27" WC="0.96" CONTENT="selville,"/>
						</TextLine>
						<TextLine ID="line_2" HPOS="48" VPOS="229" WIDTH="830" HEIGHT="28">
							<String ID="string_12" HPOS="48" VPOS="232" WIDTH="42" HEIGHT="19" WC="0.95" CONTENT="että"/><SP WIDTH="16" VPOS="232" HPOS="90"/>
							<String ID="string_13" HPOS="106" VPOS="236" WIDTH="36" HEIGHT="15" WC="0.95" CONTENT="sen"/><SP WIDTH="15" VPOS="236" HPOS="142"/>
							<String ID="string_14" HPOS="157" VPOS="230" WIDTH="93" HEIGHT="21" WC="0.96" CONTENT="mukaan"/><SP WIDTH="22" VPOS="230" HPOS="250"/>
							<String ID="string_15" HPOS="272" VPOS="230" WIDTH="95" HEIGHT="21" WC="0.96" CONTENT="ilmoitus"/><SP WIDTH="18" VPOS="230" HPOS="367"/>
							<String ID="string_16" HPOS="385" VPOS="229" WIDTH="48" HEIGHT="21" WC="0.96" CONTENT="aina"/><SP WIDTH="16" VPOS="229" HPOS="433"/>
							<String ID="string_17" HPOS="449" VPOS="237" WIDTH="28" HEIGHT="14" WC="0.96" CONTENT="on"/><SP WIDTH="16" VPOS="237" HPOS="477"/>
							<String ID="string_18" HPOS="493" VPOS="231" WIDTH="85" HEIGHT="20" WC="0.96" CONTENT="tehtävä"/><SP WIDTH="14" VPOS="231" HPOS="578"/>
							<String ID="string_19" HPOS="592" VPOS="229" WIDTH="135" HEIGHT="28" WC="0.94" CONTENT="kirjallisesti."/><SP WIDTH="30" VPOS="229" HPOS="727"/>
							<String ID="string_20" HPOS="757" VPOS="230" WIDTH="121" HEIGHT="21" WC="0.96" CONTENT="Mielestäni"/>
						</TextLine>
						<TextLine ID="line_3" HPOS="48" VPOS="258" WIDTH="830" HEIGHT="28">
							<String ID="string_21" HPOS="48" VPOS="259" WIDTH="47" HEIGHT="20" WC="0.96" CONTENT="olisi"/><SP WIDTH="15" VPOS="259" HPOS="95"/>
							<String ID="string_22" HPOS="110" VPOS="258" WIDTH="116" HEIGHT="21" WC="0.96" CONTENT="sentähden"/><SP WIDTH="16" VPOS="258" HPOS="226"/>
							<String ID="string_23" HPOS="242" VPOS="258" WIDTH="97" HEIGHT="27" WC="0.96" CONTENT="myöskin"/><SP WIDTH="16" VPOS="258" HPOS="339"/>
							<String ID="string_24" HPOS="355" VPOS="265" WIDTH="68" HEIGHT="20" WC="0.96" CONTENT="paras,"/><SP WIDTH="23" VPOS="265" HPOS="423"/>
							<String ID="string_25" HPOS="446" VPOS="260" WIDTH="44" HEIGHT="20" WC="0.96" CONTENT="että"/><SP WIDTH="14" VPOS="260" HPOS="490"/>
							<String ID="string_26" HPOS="504" VPOS="259" WIDTH="151" HEIGHT="20" WC="0.95" CONTENT="nimenomaan"/><SP WIDTH="19" VPOS="259" HPOS="655"/>
							<String ID="string_27" HPOS="674" VPOS="259" WIDTH="140" HEIGHT="27" WC="0.96" CONTENT="sanottaisiin,"/><SP WIDTH="22" VPOS="259" HPOS="814"/>
							<String ID="string_28" HPOS="836" VPOS="260" WIDTH="42" HEIGHT="19" WC="0.96" CONTENT="että"/>
						</TextLine>
						<TextLine ID="line_4" HPOS="48" VPOS="287" WIDTH="830" HEIGHT="27">
							<String ID="string_29" HPOS="48" VPOS="287" WIDTH="93" HEIGHT="21" WC="0.93" CONTENT="ilmoitus"/><SP WIDTH="22" VPOS="287" HPOS="141"/>
							<String ID="string_30" HPOS="163" VPOS="287" WIDTH="172" HEIGHT="21" WC="0.92" CONTENT="rekisteröimistä"/><SP WIDTH="23" VPOS="287" HPOS="335"/>
							<String ID="string_31" HPOS="358" VPOS="288" WIDTH="74" HEIGHT="19" WC="0.96" CONTENT="varten"/><SP WIDTH="23" VPOS="288" HPOS="432"/>
							<String ID="string_32" HPOS="455" VPOS="293" WIDTH="27" HEIGHT="15" WC="0.96" CONTENT="on"/><SP WIDTH="19" VPOS="293" HPOS="482"/>
							<String ID="string_33" HPOS="501" VPOS="287" WIDTH="85" HEIGHT="21" WC="0.96" CONTENT="tehtävä"/><SP WIDTH="15" VPOS="287" HPOS="586"/>
							<String ID="string_34" HPOS="601" VPOS="287" WIDTH="134" HEIGHT="27" WC="0.94" CONTENT="kirjallisesti."/><SP WIDTH="31" VPOS="287" HPOS="735"/>
							<String ID="string_35" HPOS="766" VPOS="287" WIDTH="112" HEIGHT="27" WC="0.96" CONTENT="Pyytäisin"/>
						</TextLine>
						<TextLine ID="line_5" HPOS="48" VPOS="315" WIDTH="829" HEIGHT="28">
							<String ID="string_36" HPOS="48" VPOS="315" WIDTH="116" HEIGHT="22" WC="0.96" CONTENT="sentähden"/><SP WIDTH="16" VPOS="315" HPOS="164"/>
							<String ID="string_37" HPOS="180" VPOS="315" WIDTH="104" HEIGHT="28" WC="0.96" CONTENT="ehdottaa,"/><SP WIDTH="15" VPOS="315" HPOS="284"/>
							<String ID="string_38" HPOS="299" VPOS="317" WIDTH="43" HEIGHT="19" WC="0.96" CONTENT="että"/><SP WIDTH="15" VPOS="317" HPOS="342"/>
							<String ID="string_39" HPOS="357" VPOS="315" WIDTH="93" HEIGHT="28" WC="0.93" CONTENT="pykälän"/><SP WIDTH="16" VPOS="315" HPOS="450"/>
							<String ID="string_40" HPOS="466" VPOS="315" WIDTH="98" HEIGHT="22" WC="0.92" CONTENT="alku-osa"/><SP WIDTH="15" VPOS="315" HPOS="564"/>
							<String ID="string_41" HPOS="579" VPOS="316" WIDTH="154" HEIGHT="21" WC="0.96" CONTENT="muutettaisiin"/><SP WIDTH="12" VPOS="316" HPOS="733"/>
							<String ID="string_42" HPOS="745" VPOS="315" WIDTH="132" HEIGHT="21" WC="0.96" CONTENT="kuulumaan"/>
						</TextLine>
						<TextLine ID="line_6" HPOS="48" VPOS="344" WIDTH="830" HEIGHT="27">
							<String ID="string_43" HPOS="48" VPOS="345" WIDTH="59" HEIGHT="20" WC="0.92" CONTENT="näin:"/><SP WIDTH="24" VPOS="345" HPOS="107"/>
							<String ID="string_44" HPOS="131" VPOS="361" WIDTH="4" HEIGHT="10" WC="0.86" CONTENT=","/><SP WIDTH="2" VPOS="361" HPOS="135"/>
							<String ID="string_45" HPOS="137" VPOS="344" WIDTH="103" HEIGHT="27" WC="0.93" CONTENT="Ilmoitus"/><SP WIDTH="21" VPOS="344" HPOS="240"/>
							<String ID="string_46" HPOS="261" VPOS="344" WIDTH="198" HEIGHT="21" WC="0.92" CONTENT="rekisteröimisestä"/><SP WIDTH="25" VPOS="344" HPOS="459"/>
							<String ID="string_47" HPOS="484" VPOS="351" WIDTH="27" HEIGHT="14" WC="0.95" CONTENT="on"/><SP WIDTH="27" VPOS="351" HPOS="511"/>
							<String ID="string_48" HPOS="538" VPOS="344" WIDTH="85" HEIGHT="21" WC="0.96" CONTENT="tehtävä"/><SP WIDTH="21" VPOS="344" HPOS="623"/>
							<String ID="string_49" HPOS="644" VPOS="344" WIDTH="129" HEIGHT="27" WC="0.96" CONTENT="kirjallisesti"/><SP WIDTH="23" VPOS="344" HPOS="773"/>
							<String ID="string_50" HPOS="796" VPOS="345" WIDTH="21" HEIGHT="26" WC="0.96" CONTENT="ja"/><SP WIDTH="23" VPOS="345" HPOS="817"/>
							<String ID="string_51" HPOS="840" VPOS="350" WIDTH="38" HEIGHT="15" WC="0.96" CONTENT="sen"/>
						</TextLine>
						<TextLine ID="line_7" HPOS="49" VPOS="373" WIDTH="828" HEIGHT="26">
							<String ID="string_52" HPOS="49" VPOS="373" WIDTH="74" HEIGHT="21" WC="0.94" CONTENT="ohessa"/><SP WIDTH="22" VPOS="373" HPOS="123"/>
							<String ID="string_53" HPOS="145" VPOS="373" WIDTH="96" HEIGHT="26" WC="0.93" CONTENT="säädetyt"/><SP WIDTH="21" VPOS="373" HPOS="241"/>
							<String ID="string_54" HPOS="262" VPOS="373" WIDTH="239" HEIGHT="20" WC="0.91" CONTENT="rekisteröimismaksut"/><SP WIDTH="19" VPOS="373" HPOS="501"/>
							<String ID="string_55" HPOS="520" VPOS="373" WIDTH="165" HEIGHT="24" WC="0.49" CONTENT="suoritettavat,"/><SP WIDTH="22" VPOS="373" HPOS="685"/>
							<String ID="string_56" HPOS="707" VPOS="373" WIDTH="43" HEIGHT="20" WC="0.96" CONTENT="tahi"/><SP WIDTH="15" VPOS="373" HPOS="750"/>
							<String ID="string_57" HPOS="765" VPOS="373" WIDTH="112" HEIGHT="20" WC="0.96" CONTENT="ruotsiksi:"/>
						</TextLine>
						<TextLine ID="line_8" HPOS="48" VPOS="401" WIDTH="830" HEIGHT="28">
							<String ID="string_58" HPOS="48" VPOS="401" WIDTH="117" HEIGHT="27" WC="0.0" CONTENT="wAnmälan"/><SP WIDTH="16" VPOS="401" HPOS="165"/>
							<String ID="string_59" HPOS="181" VPOS="408" WIDTH="35" HEIGHT="14" WC="0.93" CONTENT="om"/><SP WIDTH="14" VPOS="408" HPOS="216"/>
							<String ID="string_60" HPOS="230" VPOS="401" WIDTH="128" HEIGHT="28" WC="0.92" CONTENT="inskrifning"/><SP WIDTH="15" VPOS="401" HPOS="358"/>
							<String ID="string_61" HPOS="373" VPOS="401" WIDTH="54" HEIGHT="21" WC="0.93" CONTENT="skall"/><SP WIDTH="16" VPOS="401" HPOS="427"/>
							<String ID="string_62" HPOS="443" VPOS="403" WIDTH="62" HEIGHT="26" WC="0.96" CONTENT="göras"/><SP WIDTH="16" VPOS="403" HPOS="505"/>
							<String ID="string_63" HPOS="521" VPOS="401" WIDTH="100" HEIGHT="28" WC="0.95" CONTENT="skriftligt"/><SP WIDTH="15" VPOS="401" HPOS="621"/>
							<String ID="string_64" HPOS="636" VPOS="401" WIDTH="39" HEIGHT="21" WC="0.93" CONTENT="och"/><SP WIDTH="16" VPOS="401" HPOS="675"/>
							<String ID="string_65" HPOS="691" VPOS="401" WIDTH="83" HEIGHT="28" WC="0.95" CONTENT="åtföljas"/><SP WIDTH="16" VPOS="401" HPOS="774"/>
							<String ID="string_66" HPOS="790" VPOS="401" WIDTH="21" HEIGHT="22" WC="0.93" CONTENT="af"/><SP WIDTH="10" VPOS="401" HPOS="811"/>
							<String ID="string_67" HPOS="821" VPOS="401" WIDTH="57" HEIGHT="21" WC="0.91" CONTENT="stad-"/>
						</TextLine>
						<TextLine ID="line_9" HPOS="48" VPOS="429" WIDTH="317" HEIGHT="29">
							<String ID="string_68" HPOS="48" VPOS="430" WIDTH="53" HEIGHT="27" WC="0.91" CONTENT="gade"/><SP WIDTH="15" VPOS="430" HPOS="101"/>
							<String ID="string_69" HPOS="116" VPOS="429" WIDTH="249" HEIGHT="29" WC="0.18" CONTENT="registreringsafgifter*."/>
						</TextLine>
					</TextBlock>
				</ComposedBlock>
				<Illustration ID="cblock_3" HPOS="573" VPOS="208" WIDTH="36" HEIGHT="14"></Illustration>
				<ComposedBlock ID="cblock_4" HPOS="47" VPOS="497" WIDTH="831" HEIGHT="143">
					<TextBlock ID="block_2" HPOS="47" VPOS="497" WIDTH="831" HEIGHT="143">
						<TextLine ID="line_10" HPOS="116" VPOS="497" WIDTH="762" HEIGHT="29">
							<String ID="string_70" HPOS="116" VPOS="499" WIDTH="32" HEIGHT="21" WC="0.95" CONTENT="Hr"/><SP WIDTH="22" VPOS="499" HPOS="148"/>
							<String ID="string_71" HPOS="170" VPOS="499" WIDTH="161" HEIGHT="21" WC="0.93" CONTENT="Serlachius:"/><SP WIDTH="30" VPOS="499" HPOS="331"/>
							<String ID="string_72" HPOS="361" VPOS="497" WIDTH="34" HEIGHT="22" WC="0.92" CONTENT="Dä"/><SP WIDTH="20" VPOS="497" HPOS="395"/>
							<String ID="string_73" HPOS="415" VPOS="498" WIDTH="37" HEIGHT="22" WC="0.96" CONTENT="det"/><SP WIDTH="21" VPOS="498" HPOS="452"/>
							<String ID="string_74" HPOS="473" VPOS="500" WIDTH="23" HEIGHT="19" WC="0.93" CONTENT="är"/><SP WIDTH="15" VPOS="500" HPOS="496"/>
							<String ID="string_75" HPOS="511" VPOS="498" WIDTH="98" HEIGHT="28" WC="0.92" CONTENT="stadgadt"/><SP WIDTH="15" VPOS="498" HPOS="609"/>
							<String ID="string_76" HPOS="624" VPOS="500" WIDTH="30" HEIGHT="20" WC="0.92" CONTENT="att"/><SP WIDTH="15" VPOS="500" HPOS="654"/>
							<String ID="string_77" HPOS="669" VPOS="499" WIDTH="101" HEIGHT="27" WC="0.92" CONTENT="teckning"/><SP WIDTH="15" VPOS="499" HPOS="770"/>
							<String ID="string_78" HPOS="785" VPOS="499" WIDTH="21" HEIGHT="21" WC="0.93" CONTENT="af"/><SP WIDTH="16" VPOS="499" HPOS="806"/>
							<String ID="string_79" HPOS="822" VPOS="499" WIDTH="56" HEIGHT="21" WC="0.93" CONTENT="aktie"/>
						</TextLine>
						<TextLine ID="line_11" HPOS="48" VPOS="527" WIDTH="830" HEIGHT="28">
							<String ID="string_80" HPOS="48" VPOS="527" WIDTH="53" HEIGHT="21" WC="0.93" CONTENT="skall"/><SP WIDTH="15" VPOS="527" HPOS="101"/>
							<String ID="string_81" HPOS="116" VPOS="528" WIDTH="37" HEIGHT="20" WC="0.91" CONTENT="ske"/><SP WIDTH="16" VPOS="528" HPOS="153"/>
							<String ID="string_82" HPOS="169" VPOS="527" WIDTH="27" HEIGHT="28" WC="0.97" CONTENT="pä"/><SP WIDTH="14" VPOS="527" HPOS="196"/>
							<String ID="string_83" HPOS="210" VPOS="534" WIDTH="27" HEIGHT="14" WC="0.93" CONTENT="en"/><SP WIDTH="16" VPOS="534" HPOS="237"/>
							<String ID="string_84" HPOS="253" VPOS="527" WIDTH="83" HEIGHT="21" WC="0.91" CONTENT="afskrift"/><SP WIDTH="15" VPOS="527" HPOS="336"/>
							<String ID="string_85" HPOS="351" VPOS="527" WIDTH="21" HEIGHT="21" WC="0.93" CONTENT="af"/><SP WIDTH="15" VPOS="527" HPOS="372"/>
							<String ID="string_86" HPOS="387" VPOS="527" WIDTH="155" HEIGHT="27" WC="0.92" CONTENT="bolagsaftalet,"/><SP WIDTH="23" VPOS="527" HPOS="542"/>
							<String ID="string_87" HPOS="565" VPOS="527" WIDTH="23" HEIGHT="21" WC="0.93" CONTENT="sä"/><SP WIDTH="15" VPOS="527" HPOS="588"/>
							<String ID="string_88" HPOS="603" VPOS="534" WIDTH="70" HEIGHT="20" WC="0.93" CONTENT="synes,"/><SP WIDTH="19" VPOS="534" HPOS="673"/>
							<String ID="string_89" HPOS="692" VPOS="527" WIDTH="66" HEIGHT="28" WC="0.97" CONTENT="enligt"/><SP WIDTH="15" VPOS="527" HPOS="758"/>
							<String ID="string_90" HPOS="773" VPOS="528" WIDTH="48" HEIGHT="20" WC="0.93" CONTENT="mitt"/><SP WIDTH="14" VPOS="528" HPOS="821"/>
							<String ID="string_91" HPOS="835" VPOS="528" WIDTH="43" HEIGHT="20" WC="0.93" CONTENT="för-"/>
						</TextLine>
						<TextLine ID="line_12" HPOS="47" VPOS="556" WIDTH="831" HEIGHT="28">
							<String ID="string_92" HPOS="47" VPOS="556" WIDTH="111" HEIGHT="26" WC="0.90" CONTENT="menande,"/><SP WIDTH="16" VPOS="556" HPOS="158"/>
							<String ID="string_93" HPOS="174" VPOS="556" WIDTH="60" HEIGHT="21" WC="0.92" CONTENT="ordet"/><SP WIDTH="14" VPOS="556" HPOS="234"/>
							<String ID="string_94" HPOS="248" VPOS="556" WIDTH="172" HEIGHT="27" WC="0.92" CONTENT="teckningslistor"/><SP WIDTH="14" VPOS="556" HPOS="420"/>
							<String ID="string_95" HPOS="434" VPOS="556" WIDTH="49" HEIGHT="21" WC="0.90" CONTENT="icke"/><SP WIDTH="15" VPOS="556" HPOS="483"/>
							<String ID="string_96" HPOS="498" VPOS="562" WIDTH="51" HEIGHT="14" WC="0.93" CONTENT="vara"/><SP WIDTH="15" VPOS="562" HPOS="549"/>
							<String ID="string_97" HPOS="564" VPOS="556" WIDTH="110" HEIGHT="27" WC="0.93" CONTENT="sakenligt,"/><SP WIDTH="16" VPOS="556" HPOS="674"/>
							<String ID="string_98" HPOS="690" VPOS="558" WIDTH="51" HEIGHT="19" WC="0.93" CONTENT="utan"/><SP WIDTH="15" VPOS="558" HPOS="741"/>
							<String ID="string_99" HPOS="756" VPOS="556" WIDTH="122" HEIGHT="28" WC="0.91" CONTENT="tecknings-"/>
						</TextLine>
						<TextLine ID="line_13" HPOS="48" VPOS="584" WIDTH="830" HEIGHT="28">
							<String ID="string_100" HPOS="48" VPOS="584" WIDTH="69" HEIGHT="21" WC="0.92" CONTENT="sedlar"/><SP WIDTH="21" VPOS="584" HPOS="117"/>
							<String ID="string_101" HPOS="138" VPOS="591" WIDTH="51" HEIGHT="14" WC="0.92" CONTENT="vara"/><SP WIDTH="22" VPOS="591" HPOS="189"/>
							<String ID="string_102" HPOS="211" VPOS="584" WIDTH="105" HEIGHT="27" WC="0.91" CONTENT="riktigare."/><SP WIDTH="30" VPOS="584" HPOS="316"/>
							<String ID="string_103" HPOS="346" VPOS="584" WIDTH="51" HEIGHT="21" WC="0.96" CONTENT="Men"/><SP WIDTH="22" VPOS="584" HPOS="397"/>
							<String ID="string_104" HPOS="419" VPOS="584" WIDTH="44" HEIGHT="21" WC="0.96" CONTENT="kan"/><SP WIDTH="23" VPOS="584" HPOS="463"/>
							<String ID="string_105" HPOS="486" VPOS="591" WIDTH="50" HEIGHT="14" WC="0.96" CONTENT="man"/><SP WIDTH="23" VPOS="591" HPOS="536"/>
							<String ID="string_106" HPOS="559" VPOS="584" WIDTH="53" HEIGHT="21" WC="0.96" CONTENT="hitta"/><SP WIDTH="20" VPOS="584" HPOS="612"/>
							<String ID="string_107" HPOS="632" VPOS="584" WIDTH="27" HEIGHT="28" WC="0.93" CONTENT="pä"/><SP WIDTH="15" VPOS="584" HPOS="659"/>
							<String ID="string_108" HPOS="674" VPOS="584" WIDTH="65" HEIGHT="28" WC="0.91" CONTENT="nägot"/><SP WIDTH="14" VPOS="584" HPOS="739"/>
							<String ID="string_109" HPOS="753" VPOS="587" WIDTH="66" HEIGHT="19" WC="0.96" CONTENT="annat"/><SP WIDTH="15" VPOS="587" HPOS="819"/>
							<String ID="string_110" HPOS="834" VPOS="584" WIDTH="44" HEIGHT="27" WC="0.97" CONTENT="ord,"/>
						</TextLine>
						<TextLine ID="line_14" HPOS="48" VPOS="613" WIDTH="734" HEIGHT="27">
							<String ID="string_111" HPOS="48" VPOS="619" WIDTH="45" HEIGHT="15" WC="0.93" CONTENT="som"/><SP WIDTH="16" VPOS="619" HPOS="93"/>
							<String ID="string_112" HPOS="109" VPOS="620" WIDTH="49" HEIGHT="14" WC="0.92" CONTENT="vore"/><SP WIDTH="16" VPOS="620" HPOS="158"/>
							<String ID="string_113" HPOS="174" VPOS="613" WIDTH="73" HEIGHT="27" WC="0.96" CONTENT="bättre,"/><SP WIDTH="15" VPOS="613" HPOS="247"/>
							<String ID="string_114" HPOS="262" VPOS="613" WIDTH="23" HEIGHT="21" WC="0.96" CONTENT="sä"/><SP WIDTH="14" VPOS="613" HPOS="285"/>
							<String ID="string_115" HPOS="299" VPOS="613" WIDTH="40" HEIGHT="21" WC="0.96" CONTENT="har"/><SP WIDTH="13" VPOS="613" HPOS="339"/>
							<String ID="string_116" HPOS="352" VPOS="613" WIDTH="36" HEIGHT="27" WC="0.93" CONTENT="jag"/><SP WIDTH="15" VPOS="613" HPOS="388"/>
							<String ID="string_117" HPOS="403" VPOS="613" WIDTH="136" HEIGHT="27" WC="0.92" CONTENT="naturligtvis"/><SP WIDTH="15" VPOS="613" HPOS="539"/>
							<String ID="string_118" HPOS="554" VPOS="613" WIDTH="112" HEIGHT="27" WC="0.91" CONTENT="ingenting"/><SP WIDTH="15" VPOS="613" HPOS="666"/>
							<String ID="string_119" HPOS="681" VPOS="613" WIDTH="101" HEIGHT="21" WC="0.96" CONTENT="däremot."/>
						</TextLine>
					</TextBlock>
				</ComposedBlock>
				<ComposedBlock ID="cblock_5" HPOS="47" VPOS="675" WIDTH="831" HEIGHT="85">
					<TextBlock ID="block_3" HPOS="47" VPOS="675" WIDTH="831" HEIGHT="85">
						<TextLine ID="line_15" HPOS="116" VPOS="675" WIDTH="762" HEIGHT="28">
							<String ID="string_120" HPOS="116" VPOS="676" WIDTH="49" HEIGHT="21" WC="0.92" CONTENT="Med"/><SP WIDTH="21" VPOS="676" HPOS="165"/>
							<String ID="string_121" HPOS="186" VPOS="676" WIDTH="115" HEIGHT="27" WC="0.91" CONTENT="anledning"/><SP WIDTH="22" VPOS="676" HPOS="301"/>
							<String ID="string_122" HPOS="323" VPOS="676" WIDTH="21" HEIGHT="20" WC="0.96" CONTENT="af"/><SP WIDTH="21" VPOS="676" HPOS="344"/>
							<String ID="string_123" HPOS="365" VPOS="676" WIDTH="26" HEIGHT="20" WC="0.93" CONTENT="hr"/><SP WIDTH="15" VPOS="676" HPOS="391"/>
							<String ID="string_124" HPOS="406" VPOS="675" WIDTH="112" HEIGHT="21" WC="0.92" CONTENT="Stenroths"/><SP WIDTH="15" VPOS="675" HPOS="518"/>
							<String ID="string_125" HPOS="533" VPOS="676" WIDTH="80" HEIGHT="27" WC="0.96" CONTENT="förslag"/><SP WIDTH="14" VPOS="676" HPOS="613"/>
							<String ID="string_126" HPOS="627" VPOS="676" WIDTH="32" HEIGHT="20" WC="0.96" CONTENT="till"/><SP WIDTH="16" VPOS="676" HPOS="659"/>
							<String ID="string_127" HPOS="675" VPOS="676" WIDTH="91" HEIGHT="27" WC="0.96" CONTENT="ändring"/><SP WIDTH="15" VPOS="676" HPOS="766"/>
							<String ID="string_128" HPOS="781" VPOS="676" WIDTH="21" HEIGHT="20" WC="0.93" CONTENT="af"/><SP WIDTH="14" VPOS="676" HPOS="802"/>
							<String ID="string_129" HPOS="816" VPOS="682" WIDTH="62" HEIGHT="21" WC="0.93" CONTENT="para-"/>
						</TextLine>
						<TextLine ID="line_16" HPOS="47" VPOS="704" WIDTH="831" HEIGHT="28">
							<String ID="string_130" HPOS="47" VPOS="704" WIDTH="85" HEIGHT="28" WC="0.92" CONTENT="grafens"/><SP WIDTH="22" VPOS="704" HPOS="132"/>
							<String ID="string_131" HPOS="154" VPOS="704" WIDTH="65" HEIGHT="21" WC="0.96" CONTENT="första"/><SP WIDTH="20" VPOS="704" HPOS="219"/>
							<String ID="string_132" HPOS="239" VPOS="706" WIDTH="96" HEIGHT="19" WC="0.92" CONTENT="moment"/><SP WIDTH="19" VPOS="706" HPOS="335"/>
							<String ID="string_133" HPOS="354" VPOS="704" WIDTH="125" HEIGHT="21" WC="0.92" CONTENT="framstälde"/><SP WIDTH="20" VPOS="704" HPOS="479"/>
							<String ID="string_134" HPOS="499" VPOS="705" WIDTH="26" HEIGHT="20" WC="0.93" CONTENT="hr"/><SP WIDTH="20" VPOS="705" HPOS="525"/>
							<String ID="string_135" HPOS="545" VPOS="704" WIDTH="122" HEIGHT="22" WC="0.92" CONTENT="talmannen"/><SP WIDTH="16" VPOS="704" HPOS="667"/>
							<String ID="string_136" HPOS="683" VPOS="710" WIDTH="27" HEIGHT="16" WC="0.93" CONTENT="en"/><SP WIDTH="15" VPOS="710" HPOS="710"/>
							<String ID="string_137" HPOS="725" VPOS="704" WIDTH="153" HEIGHT="27" WC="0.91" CONTENT="omröstnings-"/>
						</TextLine>
						<TextLine ID="line_17" HPOS="47" VPOS="732" WIDTH="447" HEIGHT="28">
							<String ID="string_138" HPOS="47" VPOS="733" WIDTH="129" HEIGHT="27" WC="0.96" CONTENT="proposition"/><SP WIDTH="16" VPOS="733" HPOS="176"/>
							<String ID="string_139" HPOS="192" VPOS="733" WIDTH="22" HEIGHT="21" WC="0.93" CONTENT="af"/><SP WIDTH="14" VPOS="733" HPOS="214"/>
							<String ID="string_140" HPOS="228" VPOS="732" WIDTH="158" HEIGHT="22" WC="0.92" CONTENT="nedanstäende"/><SP WIDTH="14" VPOS="732" HPOS="386"/>
							<String ID="string_141" HPOS="400" VPOS="732" WIDTH="94" HEIGHT="28" WC="0.92" CONTENT="lydelse:"/>
						</TextLine>
					</TextBlock>
				</ComposedBlock>
				<ComposedBlock ID="cblock_6" HPOS="46" VPOS="795" WIDTH="835" HEIGHT="172">
					<TextBlock ID="block_4" HPOS="47" VPOS="795" WIDTH="829" HEIGHT="85">
						<TextLine ID="line_18" HPOS="117" VPOS="795" WIDTH="759" HEIGHT="29">
							<String ID="string_142" HPOS="117" VPOS="795" WIDTH="38" HEIGHT="27" WC="0.93" CONTENT="De,"/><SP WIDTH="24" VPOS="795" HPOS="155"/>
							<String ID="string_143" HPOS="179" VPOS="795" WIDTH="75" HEIGHT="21" WC="0.95" CONTENT="hvilka"/><SP WIDTH="16" VPOS="795" HPOS="254"/>
							<String ID="string_144" HPOS="270" VPOS="796" WIDTH="118" HEIGHT="27" WC="0.96" CONTENT="godkänna"/><SP WIDTH="14" VPOS="796" HPOS="388"/>
							<String ID="string_145" HPOS="402" VPOS="796" WIDTH="116" HEIGHT="21" WC="0.94" CONTENT="utskottets"/><SP WIDTH="15" VPOS="796" HPOS="518"/>
							<String ID="string_146" HPOS="533" VPOS="796" WIDTH="83" HEIGHT="28" WC="0.96" CONTENT="förslag"/><SP WIDTH="16" VPOS="796" HPOS="616"/>
							<String ID="string_147" HPOS="632" VPOS="796" WIDTH="35" HEIGHT="21" WC="0.93" CONTENT="till"/><SP WIDTH="16" VPOS="796" HPOS="667"/>
							<String ID="string_148" HPOS="683" VPOS="796" WIDTH="79" HEIGHT="28" WC="0.96" CONTENT="lydelse"/><SP WIDTH="14" VPOS="796" HPOS="762"/>
							<String ID="string_149" HPOS="776" VPOS="795" WIDTH="37" HEIGHT="28" WC="0.91" CONTENT="för"/><SP WIDTH="15" VPOS="795" HPOS="813"/>
							<String ID="string_150" HPOS="828" VPOS="795" WIDTH="48" HEIGHT="28" WC="0.91" CONTENT="för-"/>
						</TextLine>
						<TextLine ID="line_19" HPOS="47" VPOS="824" WIDTH="829" HEIGHT="28">
							<String ID="string_151" HPOS="47" VPOS="826" WIDTH="35" HEIGHT="18" WC="0.93" CONTENT="sta"/><SP WIDTH="21" VPOS="826" HPOS="82"/>
							<String ID="string_152" HPOS="103" VPOS="826" WIDTH="118" HEIGHT="19" WC="0.95" CONTENT="momentet"/><SP WIDTH="13" VPOS="826" HPOS="221"/>
							<String ID="string_153" HPOS="234" VPOS="824" WIDTH="30" HEIGHT="27" WC="0.93" CONTENT="af"/><SP WIDTH="11" VPOS="824" HPOS="264"/>
							<String ID="string_154" HPOS="275" VPOS="824" WIDTH="15" HEIGHT="27" WC="0.92" CONTENT="$"/><SP WIDTH="15" VPOS="824" HPOS="290"/>
							<String ID="string_155" HPOS="305" VPOS="825" WIDTH="31" HEIGHT="20" WC="0.93" CONTENT="48"/><SP WIDTH="15" VPOS="825" HPOS="336"/>
							<String ID="string_156" HPOS="351" VPOS="824" WIDTH="154" HEIGHT="28" WC="0.91" CONTENT="oförändvadt,"/><SP WIDTH="21" VPOS="824" HPOS="505"/>
							<String ID="string_157" HPOS="526" VPOS="826" WIDTH="60" HEIGHT="20" WC="0.95" CONTENT="rösta"/><SP WIDTH="9" VPOS="826" HPOS="586"/>
							<String ID="string_158" HPOS="595" VPOS="825" WIDTH="40" HEIGHT="27" WC="0.95" CONTENT="ja;"/><SP WIDTH="22" VPOS="825" HPOS="635"/>
							<String ID="string_159" HPOS="657" VPOS="825" WIDTH="31" HEIGHT="27" WC="0.96" CONTENT="de,"/><SP WIDTH="19" VPOS="825" HPOS="688"/>
							<String ID="string_160" HPOS="707" VPOS="824" WIDTH="35" HEIGHT="22" WC="0.96" CONTENT="det"/><SP WIDTH="14" VPOS="824" HPOS="742"/>
							<String ID="string_161" HPOS="756" VPOS="824" WIDTH="46" HEIGHT="21" WC="0.96" CONTENT="icke"/><SP WIDTH="13" VPOS="824" HPOS="802"/>
							<String ID="string_162" HPOS="815" VPOS="826" WIDTH="61" HEIGHT="25" WC="0.96" CONTENT="göra,"/>
						</TextLine>
						<TextLine ID="line_20" HPOS="47" VPOS="852" WIDTH="122" HEIGHT="32">
							<String ID="string_163" HPOS="47" VPOS="853" WIDTH="60" HEIGHT="20" WC="0.95" CONTENT="rösta"/><SP WIDTH="15" VPOS="853" HPOS="107"/>
							<String ID="string_164" HPOS="122" VPOS="852" WIDTH="47" HEIGHT="32" WC="0.85" CONTENT="nej;"/>
						</TextLine>
					</TextBlock>
					<TextBlock ID="block_5" HPOS="46" VPOS="880" WIDTH="835" HEIGHT="87">
						<TextLine ID="line_21" HPOS="116" VPOS="880" WIDTH="765" HEIGHT="29">
							<String ID="string_165" HPOS="116" VPOS="888" WIDTH="80" HEIGHT="14" WC="0.96" CONTENT="vinner"/><SP WIDTH="22" VPOS="888" HPOS="196"/>
							<String ID="string_166" HPOS="218" VPOS="881" WIDTH="42" HEIGHT="28" WC="0.95" CONTENT="nej,"/><SP WIDTH="24" VPOS="881" HPOS="260"/>
							<String ID="string_167" HPOS="284" VPOS="881" WIDTH="41" HEIGHT="21" WC="0.93" CONTENT="har"/><SP WIDTH="21" VPOS="881" HPOS="325"/>
							<String ID="string_168" HPOS="346" VPOS="881" WIDTH="179" HEIGHT="27" WC="0.92" CONTENT="borgareständet"/><SP WIDTH="22" VPOS="881" HPOS="525"/>
							<String ID="string_169" HPOS="547" VPOS="881" WIDTH="89" HEIGHT="21" WC="0.91" CONTENT="beslutit"/><SP WIDTH="21" VPOS="881" HPOS="636"/>
							<String ID="string_170" HPOS="657" VPOS="883" WIDTH="34" HEIGHT="19" WC="0.96" CONTENT="att"/><SP WIDTH="22" VPOS="883" HPOS="691"/>
							<String ID="string_171" HPOS="713" VPOS="881" WIDTH="78" HEIGHT="28" WC="0.95" CONTENT="början"/><SP WIDTH="19" VPOS="881" HPOS="791"/>
							<String ID="string_172" HPOS="810" VPOS="880" WIDTH="71" HEIGHT="28" WC="0.95" CONTENT="däraf"/>
						</TextLine>
						<TextLine ID="line_22" HPOS="46" VPOS="909" WIDTH="832" HEIGHT="29">
							<String ID="string_173" HPOS="46" VPOS="909" WIDTH="58" HEIGHT="21" WC="0.96" CONTENT="skall"/><SP WIDTH="22" VPOS="909" HPOS="104"/>
							<String ID="string_174" HPOS="126" VPOS="910" WIDTH="63" HEIGHT="27" WC="0.93" CONTENT="lyda:"/><SP WIDTH="23" VPOS="910" HPOS="189"/>
							<String ID="string_175" HPOS="212" VPOS="926" WIDTH="11" HEIGHT="10" WC="0.92" CONTENT=","/><SP WIDTH="4" VPOS="926" HPOS="223"/>
							<String ID="string_176" HPOS="227" VPOS="910" WIDTH="114" HEIGHT="21" WC="0.64" CONTENT="Anmälan"/><SP WIDTH="23" VPOS="910" HPOS="341"/>
							<String ID="string_177" HPOS="364" VPOS="916" WIDTH="36" HEIGHT="14" WC="0.93" CONTENT="om"/><SP WIDTH="21" VPOS="916" HPOS="400"/>
							<String ID="string_178" HPOS="421" VPOS="910" WIDTH="143" HEIGHT="28" WC="0.86" CONTENT="inskrifning"/><SP WIDTH="20" VPOS="910" HPOS="564"/>
							<String ID="string_179" HPOS="584" VPOS="910" WIDTH="57" HEIGHT="21" WC="0.95" CONTENT="skall"/><SP WIDTH="21" VPOS="910" HPOS="641"/>
							<String ID="string_180" HPOS="662" VPOS="910" WIDTH="35" HEIGHT="21" WC="0.95" CONTENT="ske"/><SP WIDTH="18" VPOS="910" HPOS="697"/>
							<String ID="string_181" HPOS="715" VPOS="910" WIDTH="109" HEIGHT="27" WC="0.95" CONTENT="skriftligt"/><SP WIDTH="14" VPOS="910" HPOS="824"/>
							<String ID="string_182" HPOS="838" VPOS="910" WIDTH="40" HEIGHT="20" WC="0.96" CONTENT="och"/>
						</TextLine>
						<TextLine ID="line_23" HPOS="47" VPOS="938" WIDTH="533" HEIGHT="29">
							<String ID="string_183" HPOS="47" VPOS="938" WIDTH="91" HEIGHT="28" WC="0.96" CONTENT="åtföljas"/><SP WIDTH="15" VPOS="938" HPOS="138"/>
							<String ID="string_184" HPOS="153" VPOS="938" WIDTH="29" HEIGHT="28" WC="0.96" CONTENT="af"/><SP WIDTH="10" VPOS="938" HPOS="182"/>
							<String ID="string_185" HPOS="192" VPOS="938" WIDTH="103" HEIGHT="28" WC="0.92" CONTENT="stadgade"/><SP WIDTH="14" VPOS="938" HPOS="295"/>
							<String ID="string_186" HPOS="309" VPOS="938" WIDTH="271" HEIGHT="29" WC="0.55" CONTENT="registreringsafgifter&quot;."/>
						</TextLine>
					</TextBlock>
				</ComposedBlock>
				<ComposedBlock ID="cblock_7" HPOS="46" VPOS="1001" WIDTH="832" HEIGHT="56">
					<TextBlock ID="block_6" HPOS="46" VPOS="1001" WIDTH="832" HEIGHT="56">
						<TextLine ID="line_24" HPOS="116" VPOS="1001" WIDTH="762" HEIGHT="28">
							<String ID="string_187" HPOS="116" VPOS="1001" WIDTH="161" HEIGHT="27" WC="0.96" CONTENT="Propositionen"/><SP WIDTH="21" VPOS="1001" HPOS="277"/>
							<String ID="string_188" HPOS="298" VPOS="1001" WIDTH="127" HEIGHT="22" WC="0.96" CONTENT="besvarades"/><SP WIDTH="22" VPOS="1001" HPOS="425"/>
							<String ID="string_189" HPOS="447" VPOS="1002" WIDTH="50" HEIGHT="21" WC="0.93" CONTENT="med"/><SP WIDTH="24" VPOS="1002" HPOS="497"/>
							<String ID="string_190" HPOS="521" VPOS="1002" WIDTH="155" HEIGHT="27" WC="0.90" CONTENT="öfvervägande"/><SP WIDTH="20" VPOS="1002" HPOS="676"/>
							<String ID="string_191" HPOS="696" VPOS="1002" WIDTH="27" HEIGHT="27" WC="0.96" CONTENT="ja,"/><SP WIDTH="22" VPOS="1002" HPOS="723"/>
							<String ID="string_192" HPOS="745" VPOS="1001" WIDTH="86" HEIGHT="21" WC="0.93" CONTENT="hvarför"/><SP WIDTH="15" VPOS="1001" HPOS="831"/>
							<String ID="string_193" HPOS="846" VPOS="1001" WIDTH="32" HEIGHT="20" WC="0.91" CONTENT="så-"/>
						</TextLine>
						<TextLine ID="line_25" HPOS="46" VPOS="1029" WIDTH="794" HEIGHT="28">
							<String ID="string_194" HPOS="46" VPOS="1029" WIDTH="59" HEIGHT="22" WC="0.92" CONTENT="ledes"/><SP WIDTH="15" VPOS="1029" HPOS="105"/>
							<String ID="string_195" HPOS="120" VPOS="1029" WIDTH="65" HEIGHT="22" WC="0.96" CONTENT="första"/><SP WIDTH="15" VPOS="1029" HPOS="185"/>
							<String ID="string_196" HPOS="200" VPOS="1031" WIDTH="117" HEIGHT="20" WC="0.96" CONTENT="momentet"/><SP WIDTH="14" VPOS="1031" HPOS="317"/>
							<String ID="string_197" HPOS="331" VPOS="1030" WIDTH="70" HEIGHT="21" WC="0.96" CONTENT="blifvit"/><SP WIDTH="15" VPOS="1030" HPOS="401"/>
							<String ID="string_198" HPOS="416" VPOS="1030" WIDTH="22" HEIGHT="21" WC="0.96" CONTENT="af"/><SP WIDTH="15" VPOS="1030" HPOS="438"/>
							<String ID="string_199" HPOS="453" VPOS="1030" WIDTH="86" HEIGHT="21" WC="0.96" CONTENT="ståndet"/><SP WIDTH="15" VPOS="1030" HPOS="539"/>
							<String ID="string_200" HPOS="554" VPOS="1032" WIDTH="51" HEIGHT="19" WC="0.96" CONTENT="utan"/><SP WIDTH="16" VPOS="1032" HPOS="605"/>
							<String ID="string_201" HPOS="621" VPOS="1030" WIDTH="91" HEIGHT="27" WC="0.93" CONTENT="ändring"/><SP WIDTH="14" VPOS="1030" HPOS="712"/>
							<String ID="string_202" HPOS="726" VPOS="1029" WIDTH="114" HEIGHT="28" WC="0.91" CONTENT="godkändt."/>
						</TextLine>
					</TextBlock>
				</ComposedBlock>
				<ComposedBlock ID="cblock_8" HPOS="47" VPOS="1086" WIDTH="830" HEIGHT="58">
					<TextBlock ID="block_7" HPOS="47" VPOS="1086" WIDTH="830" HEIGHT="58">
						<TextLine ID="line_26" HPOS="114" VPOS="1086" WIDTH="763" HEIGHT="29">
							<String ID="string_203" HPOS="114" VPOS="1086" WIDTH="99" HEIGHT="21" WC="0.96" CONTENT="Rörande"/><SP WIDTH="23" VPOS="1086" HPOS="213"/>
							<String ID="string_204" HPOS="236" VPOS="1087" WIDTH="26" HEIGHT="20" WC="0.93" CONTENT="hr"/><SP WIDTH="19" VPOS="1087" HPOS="262"/>
							<String ID="string_205" HPOS="281" VPOS="1086" WIDTH="128" HEIGHT="22" WC="0.92" CONTENT="Rönnbäcks"/><SP WIDTH="23" VPOS="1086" HPOS="409"/>
							<String ID="string_206" HPOS="432" VPOS="1087" WIDTH="82" HEIGHT="28" WC="0.96" CONTENT="förslag"/><SP WIDTH="15" VPOS="1087" HPOS="514"/>
							<String ID="string_207" HPOS="529" VPOS="1094" WIDTH="35" HEIGHT="14" WC="0.96" CONTENT="om"/><SP WIDTH="16" VPOS="1094" HPOS="564"/>
							<String ID="string_208" HPOS="580" VPOS="1087" WIDTH="119" HEIGHT="22" WC="0.96" CONTENT="återremiss"/><SP WIDTH="15" VPOS="1087" HPOS="699"/>
							<String ID="string_209" HPOS="714" VPOS="1087" WIDTH="22" HEIGHT="20" WC="0.95" CONTENT="af"/><SP WIDTH="15" VPOS="1087" HPOS="736"/>
							<String ID="string_210" HPOS="751" VPOS="1086" WIDTH="67" HEIGHT="21" WC="0.92" CONTENT="andra"/><SP WIDTH="14" VPOS="1086" HPOS="818"/>
							<String ID="string_211" HPOS="832" VPOS="1093" WIDTH="45" HEIGHT="14" WC="0.92" CONTENT="mo-"/>
						</TextLine>
						<TextLine ID="line_27" HPOS="47" VPOS="1115" WIDTH="638" HEIGHT="29">
							<String ID="string_212" HPOS="47" VPOS="1116" WIDTH="79" HEIGHT="20" WC="0.93" CONTENT="mentet"/><SP WIDTH="14" VPOS="1116" HPOS="126"/>
							<String ID="string_213" HPOS="140" VPOS="1115" WIDTH="135" HEIGHT="21" WC="0.91" CONTENT="framstäldes"/><SP WIDTH="14" VPOS="1115" HPOS="275"/>
							<String ID="string_214" HPOS="289" VPOS="1115" WIDTH="94" HEIGHT="28" WC="0.93" CONTENT="följande"/><SP WIDTH="16" VPOS="1115" HPOS="383"/>
							<String ID="string_215" HPOS="399" VPOS="1116" WIDTH="286" HEIGHT="28" WC="0.87" CONTENT="omröstningsproposition:"/>
						</TextLine>
					</TextBlock>
				</ComposedBlock>
				<ComposedBlock ID="cblock_9" HPOS="46" VPOS="1171" WIDTH="832" HEIGHT="172">
					<TextBlock ID="block_8" HPOS="46" VPOS="1171" WIDTH="832" HEIGHT="86">
						<TextLine ID="line_28" HPOS="115" VPOS="1171" WIDTH="763" HEIGHT="30">
							<String ID="string_216" HPOS="115" VPOS="1171" WIDTH="39" HEIGHT="28" WC="0.95" CONTENT="De,"/><SP WIDTH="16" VPOS="1171" HPOS="154"/>
							<String ID="string_217" HPOS="170" VPOS="1171" WIDTH="76" HEIGHT="22" WC="0.96" CONTENT="hvilka"/><SP WIDTH="12" VPOS="1171" HPOS="246"/>
							<String ID="string_218" HPOS="258" VPOS="1173" WIDTH="118" HEIGHT="27" WC="0.96" CONTENT="godkänna"/><SP WIDTH="15" VPOS="1173" HPOS="376"/>
							<String ID="string_219" HPOS="391" VPOS="1172" WIDTH="116" HEIGHT="22" WC="0.96" CONTENT="utskottets"/><SP WIDTH="14" VPOS="1172" HPOS="507"/>
							<String ID="string_220" HPOS="521" VPOS="1173" WIDTH="84" HEIGHT="32" WC="0.96" CONTENT="förslag"/><SP WIDTH="16" VPOS="1173" HPOS="605"/>
							<String ID="string_221" HPOS="621" VPOS="1173" WIDTH="35" HEIGHT="20" WC="0.96" CONTENT="till"/><SP WIDTH="15" VPOS="1173" HPOS="656"/>
							<String ID="string_222" HPOS="671" VPOS="1172" WIDTH="79" HEIGHT="28" WC="0.96" CONTENT="lydelse"/><SP WIDTH="9" VPOS="1172" HPOS="750"/>
							<String ID="string_223" HPOS="759" VPOS="1172" WIDTH="37" HEIGHT="27" WC="0.96" CONTENT="för"/><SP WIDTH="10" VPOS="1172" HPOS="796"/>
							<String ID="string_224" HPOS="806" VPOS="1172" WIDTH="72" HEIGHT="21" WC="0.96" CONTENT="andra"/>
						</TextLine>
						<TextLine ID="line_29" HPOS="46" VPOS="1185" WIDTH="829" HEIGHT="48">
							<String ID="string_225" HPOS="46" VPOS="1185" WIDTH="119" HEIGHT="48" WC="0.96" CONTENT="momentet"/><SP WIDTH="13" VPOS="1185" HPOS="165"/>
							<String ID="string_226" HPOS="178" VPOS="1201" WIDTH="30" HEIGHT="27" WC="0.93" CONTENT="af"/><SP WIDTH="10" VPOS="1201" HPOS="208"/>
							<String ID="string_227" HPOS="218" VPOS="1203" WIDTH="16" HEIGHT="24" WC="0.92" CONTENT="$"/><SP WIDTH="14" VPOS="1203" HPOS="234"/>
							<String ID="string_228" HPOS="248" VPOS="1202" WIDTH="31" HEIGHT="20" WC="0.90" CONTENT="48"/><SP WIDTH="16" VPOS="1202" HPOS="279"/>
							<String ID="string_229" HPOS="295" VPOS="1201" WIDTH="152" HEIGHT="28" WC="0.90" CONTENT="oförändradt,"/><SP WIDTH="24" VPOS="1201" HPOS="447"/>
							<String ID="string_230" HPOS="471" VPOS="1203" WIDTH="61" HEIGHT="20" WC="0.95" CONTENT="rösta"/><SP WIDTH="9" VPOS="1203" HPOS="532"/>
							<String ID="string_231" HPOS="541" VPOS="1209" WIDTH="38" HEIGHT="20" WC="0.93" CONTENT="ja;"/><SP WIDTH="23" VPOS="1209" HPOS="579"/>
							<String ID="string_232" HPOS="602" VPOS="1202" WIDTH="31" HEIGHT="27" WC="0.96" CONTENT="de,"/><SP WIDTH="21" VPOS="1202" HPOS="633"/>
							<String ID="string_233" HPOS="654" VPOS="1201" WIDTH="35" HEIGHT="21" WC="0.96" CONTENT="det"/><SP WIDTH="14" VPOS="1201" HPOS="689"/>
							<String ID="string_234" HPOS="703" VPOS="1201" WIDTH="46" HEIGHT="21" WC="0.96" CONTENT="icke"/><SP WIDTH="12" VPOS="1201" HPOS="749"/>
							<String ID="string_235" HPOS="761" VPOS="1203" WIDTH="62" HEIGHT="25" WC="0.93" CONTENT="göra,"/><SP WIDTH="15" VPOS="1203" HPOS="823"/>
							<String ID="string_236" HPOS="838" VPOS="1203" WIDTH="37" HEIGHT="18" WC="0.92" CONTENT="rö-"/>
						</TextLine>
						<TextLine ID="line_30" HPOS="46" VPOS="1230" WIDTH="98" HEIGHT="31">
							<String ID="string_237" HPOS="46" VPOS="1230" WIDTH="34" HEIGHT="19" WC="0.95" CONTENT="sta"/><SP WIDTH="15" VPOS="1230" HPOS="80"/>
							<String ID="string_238" HPOS="95" VPOS="1229" WIDTH="49" HEIGHT="32" WC="0.87" CONTENT="nej;"/>
						</TextLine>
					</TextBlock>
					<TextBlock ID="block_9" HPOS="46" VPOS="1257" WIDTH="832" HEIGHT="86">
						<TextLine ID="line_31" HPOS="114" VPOS="1257" WIDTH="763" HEIGHT="29">
							<String ID="string_239" HPOS="114" VPOS="1257" WIDTH="81" HEIGHT="22" WC="0.95" CONTENT="vinner"/><SP WIDTH="20" VPOS="1257" HPOS="195"/>
							<String ID="string_240" HPOS="215" VPOS="1258" WIDTH="42" HEIGHT="28" WC="0.95" CONTENT="nej,"/><SP WIDTH="24" VPOS="1258" HPOS="257"/>
							<String ID="string_241" HPOS="281" VPOS="1259" WIDTH="42" HEIGHT="20" WC="0.93" CONTENT="har"/><SP WIDTH="22" VPOS="1259" HPOS="323"/>
							<String ID="string_242" HPOS="345" VPOS="1258" WIDTH="180" HEIGHT="27" WC="0.92" CONTENT="borgareståndet"/><SP WIDTH="22" VPOS="1258" HPOS="525"/>
							<String ID="string_243" HPOS="547" VPOS="1259" WIDTH="89" HEIGHT="20" WC="0.90" CONTENT="beslutit"/><SP WIDTH="23" VPOS="1259" HPOS="636"/>
							<String ID="string_244" HPOS="659" VPOS="1260" WIDTH="34" HEIGHT="19" WC="0.96" CONTENT="att"/><SP WIDTH="23" VPOS="1260" HPOS="693"/>
							<String ID="string_245" HPOS="716" VPOS="1257" WIDTH="161" HEIGHT="22" WC="0.95" CONTENT="återremittera"/>
						</TextLine>
						<TextLine ID="line_32" HPOS="46" VPOS="1286" WIDTH="832" HEIGHT="29">
							<String ID="string_246" HPOS="46" VPOS="1286" WIDTH="67" HEIGHT="27" WC="0.95" CONTENT="sagda"/><SP WIDTH="23" VPOS="1286" HPOS="113"/>
							<String ID="string_247" HPOS="136" VPOS="1289" WIDTH="98" HEIGHT="18" WC="0.96" CONTENT="moment"/><SP WIDTH="18" VPOS="1289" HPOS="234"/>
							<String ID="string_248" HPOS="252" VPOS="1287" WIDTH="11" HEIGHT="20" WC="0.96" CONTENT="i"/><SP WIDTH="20" VPOS="1287" HPOS="263"/>
							<String ID="string_249" HPOS="283" VPOS="1287" WIDTH="58" HEIGHT="28" WC="0.96" CONTENT="syfte"/><SP WIDTH="22" VPOS="1287" HPOS="341"/>
							<String ID="string_250" HPOS="363" VPOS="1289" WIDTH="34" HEIGHT="18" WC="0.96" CONTENT="att"/><SP WIDTH="18" VPOS="1289" HPOS="397"/>
							<String ID="string_251" HPOS="415" VPOS="1287" WIDTH="63" HEIGHT="21" WC="0.93" CONTENT="ordet"/><SP WIDTH="14" VPOS="1287" HPOS="478"/>
							<String ID="string_252" HPOS="492" VPOS="1287" WIDTH="213" HEIGHT="28" WC="0.52" CONTENT=",,teckningssedlar&quot;"/><SP WIDTH="16" VPOS="1287" HPOS="705"/>
							<String ID="string_253" HPOS="721" VPOS="1287" WIDTH="68" HEIGHT="27" WC="0.92" CONTENT="blefve"/><SP WIDTH="15" VPOS="1287" HPOS="789"/>
							<String ID="string_254" HPOS="804" VPOS="1286" WIDTH="74" HEIGHT="28" WC="0.95" CONTENT="utbytt"/>
						</TextLine>
						<TextLine ID="line_33" HPOS="46" VPOS="1315" WIDTH="339" HEIGHT="28">
							<String ID="string_255" HPOS="46" VPOS="1316" WIDTH="47" HEIGHT="19" WC="0.95" CONTENT="mot"/><SP WIDTH="13" VPOS="1316" HPOS="93"/>
							<String ID="string_256" HPOS="106" VPOS="1317" WIDTH="73" HEIGHT="19" WC="0.95" CONTENT="annat"/><SP WIDTH="16" VPOS="1317" HPOS="179"/>
							<String ID="string_257" HPOS="195" VPOS="1315" WIDTH="130" HEIGHT="28" WC="0.95" CONTENT="lämpligare"/><SP WIDTH="15" VPOS="1315" HPOS="325"/>
							<String ID="string_258" HPOS="340" VPOS="1315" WIDTH="45" HEIGHT="22" WC="0.96" CONTENT="ord."/>
						</TextLine>
					</TextBlock>
				</ComposedBlock>
				<ComposedBlock ID="cblock_10" HPOS="46" VPOS="1371" WIDTH="832" HEIGHT="59">
					<TextBlock ID="block_10" HPOS="46" VPOS="1371" WIDTH="832" HEIGHT="59">
						<TextLine ID="line_34" HPOS="115" VPOS="1371" WIDTH="763" HEIGHT="29">
							<String ID="string_259" HPOS="115" VPOS="1372" WIDTH="162" HEIGHT="28" WC="0.95" CONTENT="Propositionen"/><SP WIDTH="21" VPOS="1372" HPOS="277"/>
							<String ID="string_260" HPOS="298" VPOS="1373" WIDTH="128" HEIGHT="21" WC="0.95" CONTENT="besvarades"/><SP WIDTH="23" VPOS="1373" HPOS="426"/>
							<String ID="string_261" HPOS="449" VPOS="1373" WIDTH="52" HEIGHT="21" WC="0.93" CONTENT="med"/><SP WIDTH="15" VPOS="1373" HPOS="501"/>
							<String ID="string_262" HPOS="516" VPOS="1373" WIDTH="155" HEIGHT="27" WC="0.92" CONTENT="öfvervägande"/><SP WIDTH="15" VPOS="1373" HPOS="671"/>
							<String ID="string_263" HPOS="686" VPOS="1373" WIDTH="27" HEIGHT="27" WC="0.96" CONTENT="ja,"/><SP WIDTH="23" VPOS="1373" HPOS="713"/>
							<String ID="string_264" HPOS="736" VPOS="1373" WIDTH="40" HEIGHT="21" WC="0.96" CONTENT="och"/><SP WIDTH="16" VPOS="1373" HPOS="776"/>
							<String ID="string_265" HPOS="792" VPOS="1379" WIDTH="38" HEIGHT="14" WC="0.93" CONTENT="var"/><SP WIDTH="14" VPOS="1379" HPOS="830"/>
							<String ID="string_266" HPOS="844" VPOS="1371" WIDTH="34" HEIGHT="22" WC="0.92" CONTENT="så-"/>
						</TextLine>
						<TextLine ID="line_35" HPOS="46" VPOS="1400" WIDTH="831" HEIGHT="30">
							<String ID="string_267" HPOS="46" VPOS="1401" WIDTH="58" HEIGHT="21" WC="0.91" CONTENT="ledes"/><SP WIDTH="15" VPOS="1401" HPOS="104"/>
							<String ID="string_268" HPOS="119" VPOS="1402" WIDTH="79" HEIGHT="26" WC="0.96" CONTENT="jämväl"/><SP WIDTH="16" VPOS="1402" HPOS="198"/>
							<String ID="string_269" HPOS="214" VPOS="1402" WIDTH="65" HEIGHT="20" WC="0.96" CONTENT="andra"/><SP WIDTH="15" VPOS="1402" HPOS="279"/>
							<String ID="string_270" HPOS="294" VPOS="1403" WIDTH="117" HEIGHT="19" WC="0.96" CONTENT="momentet"/><SP WIDTH="15" VPOS="1403" HPOS="411"/>
							<String ID="string_271" HPOS="426" VPOS="1402" WIDTH="23" HEIGHT="20" WC="0.96" CONTENT="af"/><SP WIDTH="16" VPOS="1402" HPOS="449"/>
							<String ID="string_272" HPOS="465" VPOS="1402" WIDTH="126" HEIGHT="28" WC="0.93" CONTENT="paragrafen"/><SP WIDTH="20" VPOS="1402" HPOS="591"/>
							<String ID="string_273" HPOS="611" VPOS="1402" WIDTH="136" HEIGHT="21" WC="0.91" CONTENT="oförändradt"/><SP WIDTH="15" VPOS="1402" HPOS="747"/>
							<String ID="string_274" HPOS="762" VPOS="1400" WIDTH="115" HEIGHT="29" WC="0.91" CONTENT="godkändt."/>
						</TextLine>
					</TextBlock>
				</ComposedBlock>
				<ComposedBlock ID="cblock_11" HPOS="45" VPOS="1458" WIDTH="833" HEIGHT="57">
					<TextBlock ID="block_11" HPOS="45" VPOS="1458" WIDTH="833" HEIGHT="57">
						<TextLine ID="line_36" HPOS="114" VPOS="1458" WIDTH="764" HEIGHT="28">
							<String ID="string_275" HPOS="114" VPOS="1458" WIDTH="46" HEIGHT="21" WC="0.96" CONTENT="Mot"/><SP WIDTH="20" VPOS="1458" HPOS="160"/>
							<String ID="string_276" HPOS="180" VPOS="1458" WIDTH="67" HEIGHT="28" WC="0.96" CONTENT="tredje"/><SP WIDTH="23" VPOS="1458" HPOS="247"/>
							<String ID="string_277" HPOS="270" VPOS="1459" WIDTH="39" HEIGHT="21" WC="0.96" CONTENT="och"/><SP WIDTH="22" VPOS="1459" HPOS="309"/>
							<String ID="string_278" HPOS="331" VPOS="1458" WIDTH="67" HEIGHT="28" WC="0.96" CONTENT="fjärde"/><SP WIDTH="24" VPOS="1458" HPOS="398"/>
							<String ID="string_279" HPOS="422" VPOS="1461" WIDTH="126" HEIGHT="19" WC="0.96" CONTENT="momenten"/><SP WIDTH="25" VPOS="1461" HPOS="548"/>
							<String ID="string_280" HPOS="573" VPOS="1459" WIDTH="54" HEIGHT="21" WC="0.96" CONTENT="hade"/><SP WIDTH="21" VPOS="1459" HPOS="627"/>
							<String ID="string_281" HPOS="648" VPOS="1459" WIDTH="65" HEIGHT="27" WC="0.96" CONTENT="ingen"/><SP WIDTH="23" VPOS="1459" HPOS="713"/>
							<String ID="string_282" HPOS="736" VPOS="1458" WIDTH="142" HEIGHT="27" WC="0.96" CONTENT="anmärkning"/>
						</TextLine>
						<TextLine ID="line_37" HPOS="45" VPOS="1486" WIDTH="654" HEIGHT="29">
							<String ID="string_283" HPOS="45" VPOS="1486" WIDTH="121" HEIGHT="28" WC="0.91" CONTENT="framstälts,"/><SP WIDTH="16" VPOS="1486" HPOS="166"/>
							<String ID="string_284" HPOS="182" VPOS="1487" WIDTH="39" HEIGHT="21" WC="0.96" CONTENT="och"/><SP WIDTH="15" VPOS="1487" HPOS="221"/>
							<String ID="string_285" HPOS="236" VPOS="1494" WIDTH="51" HEIGHT="14" WC="0.96" CONTENT="voro"/><SP WIDTH="16" VPOS="1494" HPOS="287"/>
							<String ID="string_286" HPOS="303" VPOS="1487" WIDTH="26" HEIGHT="21" WC="0.96" CONTENT="de"/><SP WIDTH="16" VPOS="1487" HPOS="329"/>
							<String ID="string_287" HPOS="345" VPOS="1487" WIDTH="83" HEIGHT="21" WC="0.96" CONTENT="således"/><SP WIDTH="17" VPOS="1487" HPOS="428"/>
							<String ID="string_288" HPOS="445" VPOS="1488" WIDTH="23" HEIGHT="20" WC="0.96" CONTENT="af"/><SP WIDTH="15" VPOS="1488" HPOS="468"/>
							<String ID="string_289" HPOS="483" VPOS="1488" WIDTH="84" HEIGHT="21" WC="0.96" CONTENT="ståndet"/><SP WIDTH="14" VPOS="1488" HPOS="567"/>
							<String ID="string_290" HPOS="581" VPOS="1488" WIDTH="118" HEIGHT="27" WC="0.96" CONTENT="godkända."/>
						</TextLine>
					</TextBlock>
				</ComposedBlock>
			</PrintSpace>
		</Page>
	</Layout>
</alto>
