1017 1731
280 107 179 22 Borgareståndet
473 109 55 16 1891.
553 108 21 17 13
587 108 47 21 maj.
801 103 54 20 1109

48 189 69 18 tetään
134 190 70 17 sanat:
221 188 24 25 ,5
261 187 69 26 jalkaa
346 188 53 25 syvä
413 186 150 27 kulkuväylä.
593 186 91 21 Mistään
700 187 182 21 saivartelemisen

48 215 82 20 halusta
151 221 27 14 en
196 215 134 20 todellakaan
347 215 32 20 ole
396 217 83 18 ottanut
495 217 43 18 tätä
553 215 56 20 asiaa
624 215 108 27 puheeksi.
763 215 39 20 Jos
817 215 65 20 kohta

47 244 38 20 hra
99 243 101 27 Tallgvist
215 244 114 20 kannattaa
338 243 100 27 järkevää
449 243 96 27 selitystä
555 243 95 21 senaatin
661 243 163 27 määräyksestä,
836 243 45 20 niin

48 272 19 20 ei
83 272 33 20 ole
132 272 81 20 samoin
236 271 100 21 kaikkien
357 272 69 20 hänen
443 272 107 21 arvoisten
566 272 163 27 virkaveljiensä
744 272 55 20 laita.
830 271 50 21 Kun

46 300 144 27 Tampereella
206 302 53 19 tästä
274 300 77 21 asiasta
366 300 63 20 viime
446 300 79 21 kesänä
541 300 97 27 pidettiin
653 300 88 26 kokous,
755 302 46 19 eräs
813 300 37 21 tie-
860 301 22 26 ja

47 329 153 20 vesihallitusta
216 329 101 20 edustava
332 328 103 21 insinööri
451 329 64 20 kiven
531 329 82 20 kovaan
629 329 66 20 tahtoi
710 329 76 20 tulkita
799 329 82 20 viittaa-

47 357 57 20 mani
119 357 138 20 keisarillisen
279 357 139 26 määräyksen
434 357 61 27 siten,
511 359 43 19 että
569 363 22 14 se
607 357 20 21 ei
642 357 125 21 tarkoittaisi
784 358 11 19 5
810 357 71 27 jalkaa

46 387 114 25 syvempää
183 385 80 27 väylää,
287 385 76 20 vaikka
385 385 51 21 sekä
458 387 61 19 useat
540 385 130 21 liikemiehet
685 387 43 19 että
742 387 62 25 myös
819 387 62 19 muut

46 414 112 20 insinöörit
172 414 70 21 hänen
258 414 181 27 käsitystapaansa
456 415 55 19 siinä
526 415 109 20 suhteessa
651 414 115 21 oikaisivat.

115 470 31 21 Hr
166 470 135 27 Högman:
332 470 90 27 Pyydän
445 477 55 14 vaan
516 471 37 20 hra
569 470 125 21 Kivekkään
709 471 110 20 viimeisen
835 471 45 20 lau-

46 505 84 14 sunnon
145 499 97 27 johdosta
258 499 143 27 huomauttaa,
417 501 43 19 että
476 499 37 21 hra
523 499 93 21 Kivekäs
627 499 19 21 ei
659 499 113 21 ollenkaan
783 501 34 19 ota
827 499 53 21 huo-

45 528 77 26 mioon,
141 529 42 19 että
199 528 122 20 valiokunta
336 528 39 20 itse
391 534 27 14 on
435 528 91 20 laatinut
541 528 77 20 sivulla
635 528 25 21 13
676 528 101 26 löytyvän
793 534 86 21 ponnen

44 556 22 26 ja
81 556 79 26 tietysti
183 556 114 20 sentähden
315 556 53 20 siinä
383 556 114 27 käyttänyt
513 556 122 21 semmoista
650 556 128 28 lausetapaa,
793 556 49 28 joka
858 556 21 21 ei

46 584 34 20 voi
96 586 63 19 antaa
174 584 78 22 aihetta
267 584 123 20 mihinkään
406 585 226 26 väärin-käsitykseen.
659 585 26 21 18
695 585 77 21 sivulla
782 586 40 20 sitä
833 591 47 15 vas-

45 612 44 21 toin
105 619 26 14 on
147 613 122 21 valiokunta
293 613 131 20 siteerannut
447 613 140 21 keisarillisen
607 614 94 20 senaatin
718 614 82 26 kirjeen
814 614 22 26 ja
851 620 29 14 on

45 641 36 20 siis
96 641 54 21 ollut
166 641 127 21 velvollinen
310 642 135 26 käyttämään
462 648 73 14 samaa
549 642 127 27 lausetapaa,
687 642 51 20 mitä
748 642 89 20 senaatti
851 648 28 14 on

46 670 110 26 käyttänyt
170 670 40 20 itse
225 670 106 26 kirjeessä,
353 670 99 20 niinkuin
469 670 38 20 hra
521 670 102 26 Tallgvist
638 677 26 13 on
681 670 69 21 oikein
766 671 113 20 huomaut-

44 700 66 18 tanut.

112 754 33 21 Då
160 755 63 27 ingen
234 755 71 20 vidare
317 754 69 21 anhöll
399 761 35 14 om
445 756 68 26 ordet,
525 756 130 20 förklarades
666 756 148 20 diskussionen
827 755 52 20 härä

44 783 98 25 afslutad,
158 784 40 20 och
213 783 44 21 blef
272 783 111 21 utskottets
399 783 162 27 ifrågavarande
577 784 207 27 resolutionsförslag
794 784 21 20 af
822 784 56 20 stån-

44 811 36 21 det
95 814 90 25 antaget,
201 812 82 20 hvadan
300 812 89 20 sålunda
405 812 214 27 järnvägsutskottets
633 812 134 21 betänkande
778 812 69 21 blifvit
857 812 22 20 af

44 840 174 26 borgareståndet
233 840 31 20 till
279 840 41 20 alla
336 840 59 20 delar
410 840 115 27 godkändt.

113 986 116 28 Föredrogs
250 987 107 21 allmänna
373 988 202 21 besvärsutskottets
592 989 34 20 vid
643 991 82 19 senaste
740 989 87 27 plenum
844 989 33 20 för

43 1014 66 21 andra
129 1015 85 27 gången
234 1016 116 27 bordlagda
374 1017 135 21 betänkande
533 1024 34 14 n:o
589 1018 26 20 26
632 1018 6 19 i
654 1018 115 27 anledning
789 1017 21 21 af
826 1018 51 20 ett
865 1010 15 39 i

43 1043 153 22 bondeståndet
211 1044 118 21 inlämnadt
344 1045 182 28 petitionsförslag
541 1053 34 13 om
591 1046 127 21 inrättandet
733 1046 21 20 af
769 1046 107 20 kreaturs-

42 1071 160 21 skötareskolor.

110 1128 65 21 Ordet
195 1129 102 27 begärdes
318 1130 21 20 af
355 1130 24 20 hr
393 1130 150 28 Rönnbäck,
567 1138 45 14 som
627 1132 91 25 yttrade:
749 1131 49 21 Den
813 1131 63 27 kläm,

41 1163 45 13 som
102 1157 141 21 förekommer
258 1158 7 20 i
280 1158 75 27 själfva
370 1159 241 26 petitionsmemorialet,
627 1162 22 18 är
665 1160 122 27 visserligen
800 1159 20 21 af
834 1160 42 21 den

41 1184 150 27 beskaffenhet,
215 1188 29 19 att
258 1187 35 26 jag
309 1186 68 21 skulle
401 1187 52 27 vilja
477 1188 86 21 hänföra
586 1189 115 26 petitionen
717 1188 32 21 till
765 1188 49 21 dem
830 1195 45 14 som

40 1213 46 20 icke
102 1213 21 20 af
138 1213 113 22 ständerna
271 1215 64 20 borde
352 1218 111 25 upptagas,
481 1217 88 20 emedan
586 1217 41 20 den
643 1217 60 20 berör
719 1217 157 27 omständighe-

40 1243 37 22 ter,
94 1248 44 14 som
155 1242 35 21 det
206 1243 127 21 tillkommer
349 1244 75 21 endast
439 1245 212 21 fackmannakretsar
666 1247 29 19 att
706 1245 95 21 bedöma.
824 1245 51 21 Men

39 1270 7 19 i
62 1270 40 20 den
123 1270 107 21 allmänna
250 1271 61 27 form,
333 1279 44 13 som
394 1273 105 21 utskottet
515 1273 120 22 sedermera
649 1274 60 27 gifvit
725 1273 20 21 åt
760 1273 115 27 klämmen,

40 1305 62 14 anser
122 1299 36 26 jag
178 1299 41 21 den
236 1300 71 21 kunna
323 1301 22 20 af
359 1301 118 21 ständerna
492 1304 93 25 antagas,
601 1304 50 19 enär
667 1301 35 22 det
716 1303 23 26 ju
755 1303 24 19 är
794 1308 25 14 en
836 1302 38 20 sak

38 1333 46 14 som
106 1327 52 20 hvar
180 1334 50 14 man
252 1329 69 20 under
342 1329 62 20 dessa
427 1330 62 27 tider,
505 1330 27 21 då
547 1331 228 27 mejerihandteringen
791 1330 45 21 haft
852 1329 24 21 så

38 1356 112 20 storartadt
167 1357 110 27 uppsving,
292 1357 38 21 har
345 1357 113 28 möjlighet
474 1361 30 19 att
519 1359 95 27 bedöma,
623 1359 106 28 nämligen
742 1360 30 20 att
782 1358 93 21 hufvud-

38 1384 71 20 vikten
125 1384 33 20 för
172 1385 127 27 främjandet
315 1386 21 20 af
351 1386 70 21 denna
438 1387 129 27 handtering
581 1388 44 26 just
637 1390 23 18 är
672 1387 203 22 kreatursskötselns

38 1412 148 21 förbättrande.
218 1413 32 21 Dä
265 1414 35 27 jag
315 1414 122 22 sedermera
457 1416 123 27 ytterligare
595 1419 59 24 tager
668 1416 6 20 i
691 1416 139 21 betraktande
845 1418 31 20 att

38 1440 26 21 de
80 1440 180 29 framställningar
282 1449 45 14 som
343 1443 5 19 i
366 1444 65 20 saken
452 1445 73 26 gjorts,
547 1445 98 20 särskildt
661 1445 20 20 af
696 1445 70 21 finska
780 1444 96 20 hushåll-

37 1469 183 28 ningssällskapet,
244 1471 62 20 hvars
329 1471 160 29 framställning
509 1473 7 20 i
535 1475 71 19 ämnet
621 1480 37 14 var
679 1473 53 21 stäld
749 1473 5 20 i
772 1472 103 21 samband

37 1498 47 20 med
102 1504 26 14 en
145 1498 104 28 betydligt
271 1506 59 14 mera
353 1500 134 22 omfattande
508 1501 64 27 fråga,
588 1502 19 20 d.
623 1509 18 13 v.
657 1508 15 14 s.
688 1501 187 27 mejeriskolornas
