1017 1731
286 99 180 21 Borgareståndet
479 99 53 17 1891.
556 100 14 15 4
582 99 48 21 maj.
814 95 42 20 899

48 182 41 19 rätt
110 181 7 19 i
138 186 72 20 varan,
231 186 50 14 men
305 179 66 27 enligt
393 179 12 26 $&
423 179 26 20 19
465 180 22 19 är
502 179 154 20 innehafvaren
671 179 23 20 af
709 179 173 27 upplagsbeviset

48 209 121 27 medgifven
185 210 41 19 rätt
241 209 30 20 att
286 208 38 20 hos
339 207 210 28 upplagsmagasinet
564 207 107 27 deponera
687 207 100 28 beloppet
802 208 21 21 af
838 208 42 21 den

48 237 92 27 fordran,
156 237 32 20 för
203 236 81 21 hvilket
294 242 64 15 varan
369 237 63 26 utgör
442 235 103 22 säkerhet.
575 235 132 28 Härigenom
718 236 37 27 går
765 236 116 27 fordrings-

49 272 78 21 egaren
148 265 33 20 sin
196 267 93 25 panträtt
303 265 104 26 förlustig,
423 264 208 28 upplagsmagasinet
648 264 40 20 blir
703 266 109 25 gentemot
827 272 53 14 war-

48 293 200 22 rantinnehafvaren
272 299 26 15 en
321 293 48 20 icke
390 293 176 26 befullmäktigad
589 292 120 27 syssloman
725 293 40 21 och
780 293 100 27 slutligen

49 323 37 27 går
108 323 70 20 denne
200 322 63 21 äfven
285 321 99 28 förlustig
406 321 42 21 den
468 321 141 26 förmånsrätt,
625 327 45 14 som
687 321 66 28 enligt
769 321 42 21 den
826 321 54 21 före-

49 351 73 28 slagna
143 350 210 28 tilläggsparagrafen
368 349 32 22 till
416 349 78 28 nådiga
509 349 152 28 förordningen
677 349 43 22 den
735 351 12 19 9
763 349 117 22 november

50 380 54 21 1868
121 386 35 14 om
171 379 115 27 borgenärs
301 381 41 18 rätt
357 379 40 20 och
411 378 106 21 företräde
533 380 23 19 är
566 379 79 20 honom
655 379 129 27 medgifven.
814 378 66 21 Däre-

48 411 45 19 mot
114 408 143 21 förekommer
279 407 35 21 det
334 407 44 27 mig
399 413 47 14 som
462 413 35 14 om
512 407 53 20 hans
580 408 41 19 rätt
636 413 50 14 vore
702 407 130 28 fullkomligt
847 409 32 18 sä-

48 437 92 20 kerstäld
156 443 76 20 genom
248 436 26 20 hr
289 443 42 14 von
346 435 120 28 Knorrings
481 435 79 28 förslag
575 437 30 19 att
620 435 99 28 beloppet
734 436 69 21 skulle
816 436 64 27 depo-

49 471 62 15 neras
126 465 38 21 hos
180 471 27 15 en
223 465 62 20 bank.
315 464 50 21 Man
381 464 73 21 kunde
469 464 93 21 invända
575 466 30 19 att
616 463 35 22 det
662 471 49 14 vore
722 464 98 21 förenadt
830 463 49 21 med

49 493 121 29 omgångar,
191 500 49 14 men
261 499 46 15 som
329 493 61 21 dessa
405 493 70 21 skulle
490 493 116 20 inskränka
621 493 32 27 sig
667 492 33 21 till
715 494 30 20 ett
760 492 66 22 besök
841 492 39 21 hos

50 529 26 15 en
92 522 62 28 bank,
170 524 35 19 äro
222 522 25 21 de
263 522 136 27 sannerligen
414 522 47 20 icke
477 522 138 26 synnerligen
627 524 62 18 stora.
719 521 42 27 Jag
771 521 39 21 ber
819 522 30 20 att
859 520 21 21 få

49 551 129 21 understöda
194 550 127 28 antagandet
337 550 20 21 af
372 550 26 20 hr
412 556 43 14 von
470 550 120 27 Knorrings
605 550 135 21 reservation.

117 608 33 20 Hr
166 608 128 21 Stenroth:
311 607 59 21 Minä
384 607 88 27 pyydän
488 607 98 27 myöskin
603 607 63 21 saada
681 608 117 25 kannattaa
812 608 38 20 hra
861 614 18 13 v.

49 636 130 28 Knorringin
194 636 97 21 tekemää
306 636 156 20 vastalausetta.
493 636 70 20 Ainoa
579 642 45 20 syy,
639 636 65 26 jonka
716 636 124 21 valiokunta
852 642 28 14 on

49 667 77 19 tuonut
144 665 54 21 esiin
213 665 39 21 sitä
268 664 112 22 ehdotusta
395 666 94 25 vastaan,
505 664 64 27 jonka
584 666 56 18 tämä
655 664 119 22 vastalause
790 664 90 27 sisältää,

50 700 27 14 on
93 700 29 20 se,
137 695 43 19 että
194 694 48 20 siitä
252 693 92 27 syntyisi
353 692 157 28 jonkunlainen
520 693 119 20 hankaluus
650 694 87 20 tavaran
748 692 132 28 omistajalle.

49 722 59 20 Minä
123 728 27 14 en
163 722 39 20 sitä
212 722 131 20 kuitenkaan
353 721 65 27 luule,
429 721 49 21 sillä
488 721 49 21 olen
548 721 125 21 vakuutettu
684 722 53 26 siitä,
747 723 43 19 että
800 721 80 27 pankin

48 750 143 21 konttooreita
212 750 56 21 tulee
290 750 123 26 löytymään
435 750 109 20 sellaisilla
563 750 182 27 paikkakunnilla,
759 750 68 27 joihin
842 750 38 20 täl-

49 779 60 20 läisiä
124 778 209 22 varastomakasiinia
348 778 72 21 meillä
435 780 142 26 perustetaan.
607 778 63 21 Tämä
678 778 119 22 vastalause
809 778 71 27 onkin,

49 807 73 21 mikäli
137 807 59 21 minä
211 807 48 21 olen
274 808 76 20 saanut
365 807 69 27 tietää,
449 807 22 27 jo
489 807 104 21 voittanut
607 807 86 21 kolmen
709 807 81 27 säädyn
800 806 80 27 hyväk-

49 842 100 20 symisen.

117 892 33 21 Hr
172 898 48 14 von
243 892 103 21 Pfaler:
369 892 34 20 Hr
425 892 101 21 Stenroth
545 893 39 20 har
605 892 114 21 framhållit
739 894 29 18 att
784 892 35 21 det
834 891 47 21 icke

50 920 68 22 skulle
134 927 50 14 vara
199 920 70 28 nägon
285 921 135 20 sannolikhet
435 920 34 21 för
485 922 30 20 att
529 921 186 27 upplagsmagasin
726 920 68 21 skulle
805 920 77 27 uppstä

48 949 28 28 pä
91 949 66 21 andra
172 952 56 19 orter
243 951 28 19 än
286 949 38 21 där
339 949 36 21 det
389 949 70 21 finnes
475 949 139 21 bankkontor.
644 949 74 21 Såsom
733 949 22 21 af
770 949 36 21 det
817 949 8 20 i
837 951 43 18 äm-

48 980 38 19 net
106 978 80 27 afgifna
206 978 223 21 komitebetänkandet
450 978 99 27 framgår,
569 979 38 20 har
626 978 35 21 det
682 978 54 21 dock
751 977 47 21 från
814 977 66 20 första

49 1007 74 26 början
146 1006 127 21 förefunnits
295 1013 28 14 en
345 1007 64 20 tanke
431 1006 28 27 pä
475 1009 30 18 att
520 1007 73 26 dylika
607 1007 96 26 magasin
718 1005 72 22 kunde
805 1005 77 28 uppstä

49 1035 63 20 äfven
133 1035 27 27 pä
178 1035 129 27 landsorten,
330 1035 99 20 särskildt
444 1035 29 27 pä
487 1035 26 21 de
529 1035 85 27 trakter,
630 1035 37 20 där
682 1037 66 18 större
764 1034 117 27 spanmäls-

49 1063 73 27 odling
142 1063 143 21 förekommer
305 1064 40 20 och
366 1063 38 21 där
423 1063 74 27 dylika
512 1064 96 27 magasin
623 1063 72 21 kunde
710 1070 51 13 vara
776 1062 105 27 behöfliga

48 1092 34 20 för
96 1091 154 27 befrämjandet
266 1092 21 20 af
302 1092 209 27 spanmälshandeln.
541 1092 31 21 Pä
587 1092 79 21 sädana
681 1093 56 20 orter
752 1091 72 21 kunde
846 1091 36 20 det

49 1127 51 13 vara
122 1120 80 27 ganska
218 1122 44 19 stor
276 1120 107 27 svårighet
404 1122 30 19 att
449 1121 115 20 värkställa
579 1121 70 20 denna
665 1120 118 27 deposition
798 1120 8 19 i
818 1119 63 21 bank.

48 1148 33 21 De
103 1147 173 28 betänkligheter,
296 1155 46 14 som
357 1149 25 20 hr
398 1155 42 14 von
455 1149 110 27 Knorring
580 1149 38 20 har
633 1148 69 21 anfört
716 1149 8 19 i
739 1148 33 20 sin
787 1154 95 15 reserva-

49 1177 50 24 tion,
115 1178 35 19 äro
166 1183 30 14 nu
211 1177 47 21 icke
273 1177 72 27 häller,
361 1183 65 21 synes
442 1177 37 21 det
493 1178 50 27 mig,
554 1177 21 21 af
587 1177 41 21 den
639 1176 186 27 öfverväldigande
837 1176 45 21 vikt

49 1207 31 19 att
98 1205 26 21 de
139 1205 65 21 borde
220 1205 110 21 föranleda
346 1206 31 20 till
393 1205 70 28 dylikt
479 1206 136 21 försvärande
631 1205 21 21 af
667 1205 71 21 denna
753 1205 128 27 angelägen-

49 1234 40 21 het.
120 1233 32 21 Hr
173 1240 42 14 von
230 1233 109 28 Knorring
355 1236 61 25 säger
431 1236 31 19 att
479 1235 35 20 det
528 1241 51 14 vore
595 1236 29 19 ett
639 1233 130 22 eluderande
785 1233 21 21 af
821 1235 60 26 pant-

48 1264 75 24 rätten,
138 1262 46 21 ifall
200 1262 147 27 depositionen
361 1263 34 20 för
409 1269 58 21 vara,
483 1269 46 14 som
545 1263 54 21 varit
613 1262 96 27 belänad,
725 1262 69 21 skulle
810 1262 22 20 fä
842 1268 39 21 ega

48 1297 48 14 rum
116 1291 7 20 i
142 1291 123 27 magasinet.
295 1291 10 20 I
321 1291 70 21 stället
410 1291 33 21 för
465 1291 42 21 den
522 1291 103 21 belånade
641 1297 65 14 varan
721 1290 69 21 skulle
806 1290 38 21 där
858 1291 24 26 ju

48 1319 69 21 finnas
132 1319 125 28 penningar,
271 1319 86 21 hvarför
371 1319 72 28 nägon
458 1320 46 21 fara
515 1320 33 21 för
555 1319 154 28 panthafvaren
719 1319 18 27 ej
750 1318 68 21 skulle
829 1325 53 20 upp-

49 1347 37 28 stä,
108 1348 98 21 särskildt
221 1354 40 21 om,
277 1348 70 21 säsom
362 1349 35 26 jag
412 1348 34 21 för
461 1349 46 20 min
523 1349 34 20 del
572 1348 94 28 päyrkat,
682 1354 81 14 samma
778 1346 104 21 förmäns-

48 1378 42 19 rätt
104 1376 69 21 skulle
189 1376 84 28 stadgas
288 1377 33 20 för
336 1377 60 26 dylik
412 1377 127 27 deposition,
554 1384 46 14 som
615 1376 32 21 för
663 1376 116 27 ersättning
791 1376 33 20 för
834 1375 48 21 ska-

49 1405 41 21 dad
106 1404 52 22 eller
172 1405 134 21 förkommen
321 1412 56 14 vara.

118 1461 32 21 Hr
173 1461 133 21 Borenius:
330 1461 41 21 För
393 1463 30 19 att
447 1462 135 27 undanrödja
605 1462 40 20 den
669 1461 106 27 svärighet
794 1460 25 20 hr
838 1466 43 14 von

48 1490 72 21 Pfaler
136 1496 62 15 anser
212 1490 57 28 ligga
285 1490 69 21 däruti
370 1492 30 19 att
416 1490 135 22 bankkontor
563 1490 101 27 möjligen
674 1490 47 20 icke
732 1488 69 22 skulle
811 1488 70 21 finnas
