1017 1731
289 111 179 21 Borgareståndet
482 112 53 16 1891.
555 112 13 16 4
580 112 47 20 maj.
811 107 40 20 861

48 192 74 26 direkt,
144 191 88 20 emedan
256 190 154 27 förtullningen
437 191 42 20 kan
505 190 94 27 försiggä
624 191 6 19 i
656 191 222 26 warrantmagasinen,

47 219 171 27 kreditnederlag
234 219 37 20 där
286 219 122 26 förefinnes,
424 225 27 14 m.
467 219 20 20 fl.
504 219 111 26 lättnader,
630 219 81 20 hvilket
727 221 37 25 gör
780 221 29 18 att
820 219 58 20 kom-

47 254 115 15 munernas
186 247 121 27 skyldighet
330 249 29 18 att
381 247 56 21 förse
453 247 33 27 sig
501 247 48 21 med
565 247 79 26 nödiga
659 247 219 28 packhusbyggnader

48 277 6 20 i
71 277 103 26 väsentlig
188 276 49 20 män
254 275 131 21 inskränkes.

116 305 33 20 Hr
165 305 103 20 Borenius
284 304 53 21 hade
353 306 66 25 gärna
434 306 41 19 sett
491 306 29 19 att
535 305 7 19 i
557 305 71 20 denna
644 304 35 27 lag
693 304 54 21 hade
757 304 121 27 medgifvits

48 335 41 18 rätt
104 333 32 20 för
151 333 187 26 warrantmagasin
354 334 30 19 att
402 333 82 26 utgifva
508 333 35 20 län
559 333 40 20 och
614 333 107 20 förmenar
737 334 29 19 att
781 339 49 14 man
847 339 31 14 se-

49 368 56 20 nare,
128 361 45 21 ifall
196 361 112 27 olägenhet
323 361 60 20 däraf
398 361 69 20 skulle
484 361 45 20 visa
544 361 37 27 sig,
605 361 72 20 kunde
694 361 84 26 vidtaga
793 361 85 21 restrik-

48 390 75 21 tioner.
153 390 41 27 Jag
217 392 23 18 är
262 390 7 19 i
292 389 57 21 detta
371 389 38 21 fall
432 389 21 21 af
476 396 25 14 en
521 389 88 21 alldeles
624 391 87 19 motsatt
726 389 54 22 äsikt
794 392 46 18 mot
854 389 25 20 hr

50 419 109 20 Borenius.
189 418 41 27 Jag
253 418 32 20 för
306 418 44 20 min
374 418 33 20 del
423 425 34 14 ser
473 420 65 25 gärna
553 420 36 23 att,
613 418 26 20 dä
654 425 50 13 man
719 419 68 20 stiftar
803 418 34 27 lag
852 418 26 27 pä

50 450 30 17 ett
95 447 86 20 alldeles
196 448 48 25 nytt
259 447 63 26 gebit,
337 453 50 14 man
403 447 47 20 icke
466 449 60 24 tager
540 449 23 18 ut
583 449 68 24 steget
666 447 23 20 sä
704 447 64 26 längt,
784 449 30 18 att
829 453 49 13 man

49 475 47 21 icke
111 475 49 21 med
177 475 78 21 visshet
271 479 34 16 vet
321 475 32 27 sig
369 475 104 20 behärska
489 475 134 20 situationen.
645 475 42 20 Det
702 477 23 18 är
739 475 87 26 mycket
840 475 38 20 lät-

49 506 44 18 tare
109 506 29 18 att
154 504 120 21 sedermera
289 503 56 27 gifva
361 503 54 21 ökad
431 503 64 21 frihet
510 505 26 19 än
557 505 30 19 att
602 504 83 27 knappa
700 504 22 20 in
738 503 69 27 därpå.
838 503 40 27 Jag

50 533 38 20 ber
110 533 73 20 endast
206 535 29 18 att
257 532 21 20 fä
301 532 80 27 päpeka
401 534 29 19 ett
446 532 104 27 exempel:
567 532 81 21 hvilket
663 532 68 21 skulle
747 532 63 20 hafva
825 532 53 20 varit

50 561 66 21 bättre
132 561 32 21 för
179 561 177 27 privatbankerna
372 561 6 19 i
394 560 46 21 värt
456 561 56 26 land,
524 568 34 13 om
574 561 26 21 de
615 561 47 21 icke
678 561 88 27 tidigare
782 560 45 21 haft
837 560 41 20 den

50 590 223 27 sedelutgifningsrätt,
296 596 45 14 som
361 589 122 21 sedermera
497 590 109 26 indragits,
622 590 52 20 eller
689 591 30 19 ett
733 591 86 19 motsatt
837 588 41 21 till-

50 618 135 27 vägagäende
208 618 112 26 iakttagits.
351 617 50 21 Som
424 618 68 27 sagdt,
514 618 35 26 jag
572 620 43 18 tror
637 618 46 20 icke
704 619 29 19 att
749 617 35 21 det
799 619 23 19 är
838 617 40 21 den

50 646 76 28 riktiga
148 648 68 26 vägen
240 648 30 19 att
292 646 59 27 börja
374 648 53 19 stort
448 646 40 21 och
504 646 65 21 sedan
585 646 84 27 knappa
683 647 23 19 in
722 646 26 27 pä
764 646 114 20 dimensio-

50 681 72 15 nerna.
152 674 42 22 Det
217 677 66 19 större
306 675 53 20 mätt
382 675 21 20 af
425 675 70 23 frihet,
518 681 46 14 som
586 675 47 27 läge
650 675 45 20 däri
710 677 29 18 att
753 674 125 27 magasinen

50 705 74 25 genast
146 703 68 21 skulle
236 703 79 21 erhålla
337 704 42 19 rätt
396 705 30 19 att
441 704 82 26 utgiiva
538 703 41 27 län,
603 703 89 21 förbiser
706 704 35 26 jag
755 702 122 28 ingalunda.

50 732 50 20 Men
115 732 108 27 praktiska
238 732 45 20 skäl
299 732 63 20 hafva
379 734 60 24 synts
455 732 44 27 mig
515 732 22 20 sä
553 732 51 26 högt
618 732 43 20 tala
672 732 33 20 för
715 732 42 20 den
768 731 110 20 inskränk-

51 760 56 27 ning,
129 766 45 15 som
197 760 7 20 i
226 760 158 27 propositionen
405 762 22 18 är
443 760 68 27 gjord,
534 762 29 19 att
578 761 35 26 jag
629 760 6 20 i
651 760 101 21 utskottet
767 762 66 18 röstat
847 759 33 20 för

58 789 149 27 propositionen
224 789 38 20 och
278 788 62 21 äfven
356 795 29 13 nu
401 789 7 19 i
424 789 86 20 ståndet
532 789 64 27 vågar
615 788 85 21 förorda
716 788 128 26 antagandet
859 787 21 21 af

52 817 122 21 densamma
189 817 6 20 i
212 817 40 21 den
268 817 53 21 form
339 817 40 20 den
395 823 78 21 genom
490 817 112 21 utskottets
618 817 129 27 behandling
762 816 88 20 erhällit.

119 902 33 20 Hr
170 902 105 26 Elving:
303 901 33 21 Då
351 902 35 26 jag
401 902 82 21 tillhört
498 902 41 20 den
554 902 85 26 komit6,
655 908 45 14 som
716 902 105 20 utarbetat
836 901 44 26 lag-

61 930 90 27 örslaget
166 937 34 14 om
216 930 249 27 warrantsinrättningar,
483 931 36 20 ber
535 930 64 21 ocksä
613 931 35 26 jag
663 932 30 19 att
708 930 21 21 fä
744 932 56 25 yttra
815 929 65 28 nägra

52 959 36 20 ord
112 959 31 20 till
166 959 82 20 förmån
271 959 32 20 för
318 959 113 20 utskottets
446 959 8 20 i
470 959 70 21 denna
555 959 68 27 punkt
638 959 47 20 med
702 958 179 27 komitöförslaget

52 987 157 28 samstämmiga
224 987 139 27 betänkande,
379 987 63 21 äfven
463 995 36 13 om
514 988 35 27 jag
565 987 68 21 skulle
649 987 48 28 löpa
712 987 71 20 risken
799 988 30 19 att
844 987 37 19 här

52 1022 93 21 upprepa
153 1016 65 27 några
233 1015 21 20 af
261 1015 25 21 de
303 1016 50 26 skäl,
369 1022 46 14 som
431 1016 67 21 redan
511 1016 22 21 af
548 1016 101 21 utskottet
665 1016 68 20 blifvit
748 1015 132 20 framhällna.

52 1044 9 20 I
77 1045 65 20 likhet
158 1044 48 21 med
222 1045 24 19 hr
261 1044 103 27 Hallberg
379 1051 63 14 anser
457 1045 41 26 jag,
514 1046 29 19 att
559 1051 49 14 man
624 1044 115 27 ingalunda
754 1043 27 27 pä
792 1043 89 20 förhand

67 1079 26 14 an
109 1074 76 25 antaga
200 1075 30 18 att
245 1073 245 26 warrantsinrättningar
506 1076 51 17 utan
573 1075 40 18 rätt
629 1075 28 18 att
673 1073 80 26 utgifva
769 1072 36 20 län
826 1071 56 21 häri

60 1101 64 20 andet
145 1101 47 20 icke
215 1101 58 20 skola
296 1101 73 20 kunna
387 1101 51 20 bära
454 1102 33 26 sig
503 1101 51 21 eller
569 1101 60 21 ställa
645 1101 32 27 sig
693 1100 133 21 ekonomiskt
841 1100 41 20 för-

52 1129 111 26 delaktiga.
194 1129 50 21 Men
267 1131 86 26 antages
369 1130 64 20 ocksä
456 1132 123 24 motsatsen,
595 1132 42 18 tror
651 1130 36 26 jag
702 1129 54 20 dock
772 1129 44 20 helt
831 1128 51 20 visst

52 1159 30 19 att
104 1157 78 20 sädana
205 1158 59 20 skola
286 1158 129 27 uppkomma
438 1158 27 27 pä
489 1159 40 20 alla
544 1158 84 27 platser,
643 1158 38 20 där
696 1157 26 21 de
737 1157 73 20 kunna
826 1156 58 27 spela

52 1185 70 28 någon
146 1187 66 19 större
234 1186 46 23 roll,
304 1186 18 20 d.
345 1193 19 13 v.
388 1193 15 14 s.
425 1187 28 26 pä
469 1187 41 20 alla
526 1188 65 19 större
607 1186 167 21 handelscentra.
804 1185 30 26 Ty
850 1185 36 20 det

62 1215 62 26 igger
135 1214 33 21 för
183 1216 69 26 öppen
267 1215 41 26 dag
323 1217 30 18 att
369 1215 60 20 deras
446 1215 104 20 tillkomst
569 1215 67 20 måste
651 1221 50 14 vara
716 1214 33 20 för
763 1213 122 28 partihand-

62 1243 81 20 andene
160 1243 20 20 af
196 1243 22 20 sä
233 1245 52 18 stort
301 1243 63 21 värde
381 1245 29 18 att
425 1249 27 14 en
469 1245 43 19 orts
528 1243 158 27 köpmannakär
700 1242 116 27 ingalunda
832 1241 53 21 skall

53 1271 111 20 underlåta
187 1271 41 20 alla
251 1271 26 21 de
293 1272 185 27 ansträngningar,
494 1279 45 13 som
555 1272 45 20 från
618 1272 47 20 dess
681 1271 45 21 sida
742 1273 36 18 äro
793 1271 93 26 möjliga,

52 1300 33 20 för
100 1301 30 19 att
142 1299 145 21 ästadkomma
303 1299 79 21 sädana
405 1300 148 27 inrättningar.
584 1300 45 21 Och
643 1301 35 26 jag
694 1301 44 19 tror
753 1301 30 18 att
798 1299 26 20 de
840 1298 46 21 icke

52 1328 61 21 skola
128 1328 96 21 befinnas
240 1328 23 20 sä
278 1328 53 26 dyra
354 1330 30 19 att
403 1329 18 26 ej
438 1335 28 14 en
483 1329 56 20 stads
555 1328 159 27 köpmannakär
729 1327 69 21 skulle
813 1327 74 20 kunna

54 1356 144 21 astadkomma
214 1357 55 27 dem,
284 1357 62 21 äfven
370 1363 35 14 om
427 1357 110 21 stiftarene
553 1357 52 21 eller
621 1363 88 21 egarene
725 1356 47 20 icke
788 1355 54 21 hade
858 1356 30 19 att

53 1385 93 27 päräkna
161 1385 70 27 någon
247 1387 65 19 större
329 1385 69 21 direkt
413 1386 96 20 inkomst
524 1386 21 20 af
560 1386 83 20 affären.
675 1386 27 19 Vi
718 1387 48 18 veta
781 1384 23 26 ju
815 1386 30 18 att
856 1382 32 22 sä-

52 1414 56 20 dana
129 1414 184 26 upplagsmagasin
329 1414 6 20 i
351 1414 76 26 själfva
442 1414 75 21 värket
532 1414 58 20 inom
606 1420 26 14 en
648 1414 98 23 branche,
761 1412 67 21 redan
844 1412 44 20 exi-

54 1445 56 17 stera
132 1442 7 20 i
160 1442 78 27 landet,
255 1442 39 20 och
315 1442 64 20 hafva
395 1442 25 21 de
437 1442 38 21 sitt
490 1443 79 27 upphof
585 1444 29 19 att
629 1442 60 21 tacka
704 1442 44 27 just
763 1440 126 22 association

53 1470 92 20 emellan
161 1473 70 18 ortens
246 1470 99 27 köpmän.
376 1470 117 22 Dessutom
509 1471 37 20 bör
561 1470 74 21 härvid
651 1471 46 20 icke
713 1470 90 20 förbises
814 1470 30 19 att
854 1468 36 21 det

52 1498 66 20 redan
133 1499 7 20 i
156 1499 156 27 propositionen
330 1500 61 26 säges
407 1501 31 18 att
454 1500 128 26 regeringen
600 1499 46 20 icke
663 1498 54 21 skall
733 1497 112 21 underläta
860 1498 30 19 att
