1017 1731
288 106 180 21 Borgareståndet
481 106 54 17 1891.
560 106 12 17 6
585 107 46 20 maj.
809 101 37 20 927

44 192 77 21 genom
145 185 81 21 födseln
241 185 130 26 berättigade
387 184 32 21 till
434 185 8 19 i
458 184 42 21 den
515 186 68 25 vägen
599 184 102 27 åtskilligt
716 191 46 14 mer
778 187 26 18 än
820 186 55 20 hvad

44 214 42 21 den
107 213 113 21 historiska
241 213 151 27 utvecklingen
416 213 113 27 medgifvit
547 213 21 20 åt
583 213 36 20 det
633 219 16 14 s.
665 213 19 20 k.
701 219 88 21 svagare
805 213 70 21 könet.

43 242 50 21 Men
116 241 106 21 huruvida
244 241 58 21 detta
319 243 23 18 är
357 241 95 26 rättvist,
468 241 36 21 det
518 241 38 21 ber
570 241 36 27 jag
621 243 30 18 att
666 241 22 20 få
703 241 71 21 lämna
790 242 84 21 därhän.

44 270 49 21 Man
109 272 60 25 säger
184 272 30 19 att
228 276 26 15 en
270 269 200 21 folkskollärarinna
485 269 41 21 kan
542 269 103 21 reducera
660 270 47 20 sina
717 270 93 27 utgifter,
821 271 55 20 däri-

44 305 76 20 genom
137 301 29 18 att
181 299 43 20 hon
239 300 24 19 är
276 298 8 20 i
299 298 82 21 tillfälle
397 299 30 19 att
442 297 33 21 för
491 298 34 20 sin
539 298 129 27 försörjning
683 305 78 20 genom
777 299 36 20 sitt
828 301 47 24 eget

44 327 72 21 arbete
131 327 88 27 bidraga
233 326 27 27 på
274 326 77 27 många
367 328 46 25 sätt,
429 332 46 15 som
491 326 46 21 icke
553 326 32 21 stå
600 333 27 14 en
642 333 51 14 man
703 326 32 21 till
748 327 60 20 buds.
824 326 50 21 Hon

44 355 42 21 kan
109 361 24 21 sy
157 355 46 21 sina
225 355 79 26 kläder,
321 355 44 20 hon
383 355 42 20 kan
446 361 51 20 sopa
515 355 36 20 sitt
565 355 51 27 golf,
631 355 43 20 hon
690 355 42 20 kan
747 357 66 19 tvätta
829 355 45 20 sina

44 383 90 22 matkärl
151 390 17 14 o.
185 390 15 14 s.
216 391 18 12 v.
265 383 50 21 Men
329 383 37 27 jag
381 383 37 20 vill
435 382 27 21 då
477 383 68 27 fråga:
563 389 34 14 om
612 383 43 20 hon
665 383 43 21 kan
721 383 63 28 detta,
795 384 42 20 kan
848 383 26 21 då

45 413 47 20 icke
115 418 27 15 en
164 418 50 15 man
236 411 12 21 ä
271 411 66 21 andra
356 411 61 21 sidan
433 411 70 27 ocksä,
518 411 85 21 utöfver
617 411 33 21 sin
665 411 209 27 lärarevärksamhet,

44 442 94 26 prästera
157 440 101 27 ätskilligt
275 442 65 19 annat
355 439 79 28 arbete,
450 446 52 21 som,
518 446 35 14 om
569 440 35 21 det
619 440 64 21 ocksä
698 441 47 20 icke
760 441 116 20 reducerar

45 469 53 20 hans
119 469 92 27 utgifter,
234 469 7 20 i
260 468 69 21 stället
343 469 61 26 höjer
418 468 54 21 hans
487 468 123 27 inkomster,
625 468 81 26 hyilket
721 469 34 20 väl
771 470 23 19 är
809 468 66 21 allde-

44 497 32 21 les
98 497 122 21 detsamma.
250 497 50 21 Man
322 503 62 15 anser
407 497 32 27 sig
459 497 22 20 af
499 503 26 15 en
541 497 84 27 kvinna,
640 503 47 15 som
701 503 50 15 man
768 497 54 21 dock
837 496 37 21 vill

45 526 111 21 framhälla
178 526 69 20 säsom
271 525 41 21 den
327 532 94 21 svagare,
440 525 74 21 kunna
531 525 77 27 fordra,
627 527 30 19 att
674 526 49 26 hon,
740 526 84 20 utöfver
838 525 36 21 sitt

46 554 127 28 ansträngda
191 554 71 21 arbete
280 554 7 20 i
305 554 81 27 skolan,
401 554 55 20 skall
471 554 63 20 hafva
549 554 80 20 krafter
644 556 30 18 att
689 554 69 20 utföra
773 554 101 26 ätskilligt

46 584 65 20 annat
126 582 78 28 arbete,
220 588 49 15 men
285 588 25 15 en
326 589 56 20 man,
397 582 43 20 han
457 582 62 21 orkar
534 582 134 28 naturligtvis
683 582 46 21 icke
745 582 49 21 med
810 582 64 27 nägot

46 613 65 19 annat
126 613 27 19 än
165 611 33 21 sin
210 611 135 21 värksamhet
356 610 27 28 pä
393 610 88 21 skolans
496 610 92 27 omräde,
604 611 40 21 och
659 611 54 21 dock
728 611 38 20 har
782 610 91 21 erfaren-

46 640 63 20 heten
124 640 60 27 visat,
200 641 29 19 att
244 646 26 14 en
286 641 43 19 stor
343 639 80 27 mängd
439 639 166 27 folkskollärare,
621 646 46 14 som
681 639 52 21 blott
746 639 68 21 önska
824 640 50 26 göra

46 668 41 27 det,
110 668 62 20 äfven
194 668 63 20 hafva
271 668 82 20 kunnat
368 667 108 21 förvärfva
491 668 32 27 sig
538 668 117 20 inkomster
669 674 77 21 genom
761 669 66 19 annat
842 674 34 14 ar-

47 696 53 21 bete.
130 696 50 21 Man
196 696 53 20 skall
265 696 72 20 vidare
353 696 80 20 kanske
450 695 97 28 åberopa,
563 698 30 18 att
608 702 27 15 en
645 702 49 15 man
705 696 102 20 behöfver
815 702 59 14 mera

45 724 49 21 föda
110 726 26 19 än
152 730 26 15 en
194 724 79 20 kvinna
289 724 38 21 och
343 726 30 19 att
388 724 53 21 hans
457 724 74 21 kläder
546 726 35 19 äro
598 724 75 27 dyrare
689 726 26 19 än
726 724 87 27 hennes,
824 730 49 14 men

45 753 35 27 jag
102 753 41 20 kan
166 752 47 22 icke
232 752 32 21 för
282 753 44 20 min
345 752 35 22 del
399 754 32 19 tro
447 754 32 19 att
493 753 21 20 vi
530 759 39 21 ega
584 754 41 20 rätt
639 755 30 19 att
684 752 110 28 uppdraga
809 752 64 27 nägra

46 781 79 21 sädana
140 781 106 27 generella
261 783 86 25 gränser
362 781 8 20 i
385 781 58 21 detta
459 781 107 27 afseende,
581 783 30 19 att
626 781 35 21 det
676 781 72 21 kunde
771 787 50 14 vara
844 780 29 21 af-

45 810 93 27 görande
153 809 33 21 för
200 809 85 27 frägans
299 809 139 21 bedömande.

116 838 41 27 Jag
175 840 44 18 tror
234 838 70 20 därför
319 838 38 21 sist
371 838 41 21 och
427 838 101 27 slutligen
544 837 55 21 ändä
614 839 30 19 att
659 838 41 20 den
715 837 87 21 rättvisa
817 837 56 27 prin-

46 866 61 27 cipen
130 868 23 18 är
175 866 47 27 den,
241 873 46 14 som
304 867 35 27 jag
358 866 107 27 åberopat,
481 866 19 20 d.
516 873 18 13 v.
551 872 15 14 s.
581 866 43 20 lika
639 866 35 20 lön
691 866 32 21 för
737 866 44 20 lika
796 866 76 20 arbete.

45 895 39 20 Att
99 894 70 21 denna
184 894 54 21 äsikt
252 894 50 22 med
317 894 59 22 tiden
390 895 8 20 i
413 894 90 22 världen
518 895 97 20 kommer
629 896 30 19 att
673 896 52 26 göra
740 894 32 28 sig
787 894 87 21 allmänt

47 923 104 27 gällande,
166 923 73 21 därom
254 925 24 19 är
291 923 36 28 jag
341 923 110 21 förvissad.

118 951 35 21 Nu
168 952 54 20 skall
236 958 50 14 man
301 952 81 21 kanske
398 954 51 25 säga
464 953 31 19 att
510 958 26 14 en
551 951 91 21 kvinnas
657 951 72 21 arbete
739 951 64 21 icke
792 947 13 37 i
817 951 57 28 detta

46 980 37 21 fall
99 981 23 19 är
137 980 117 21 detsamma
269 987 46 14 som
331 987 26 14 en
373 987 68 20 mans,
450 980 41 21 och
505 986 50 14 man
571 980 38 21 har
624 979 48 21 med
688 986 26 15 en
728 980 43 20 viss
782 979 92 20 hänfull-

46 1009 36 20 het
96 1008 73 27 frägat,
184 1008 85 21 hvarför
286 1009 42 20 hon
344 1009 47 20 icke
409 1009 74 26 ätager
498 1008 32 27 sig
545 1010 30 19 att
590 1010 57 25 styra
663 1009 39 20 och
717 1007 115 21 undervisa
846 1013 27 15 en

46 1037 106 27 gossklass
174 1037 27 26 pä
223 1043 80 14 samma
321 1039 41 18 sätt
380 1043 46 14 som
445 1043 28 14 en
490 1043 51 14 man
556 1038 38 26 gör
609 1037 40 20 det.
679 1036 50 21 Men
744 1036 36 27 jag
795 1035 37 22 ber
848 1035 26 21 dä

46 1067 30 19 att
98 1065 22 20 fä
137 1065 65 27 fräga,
216 1065 106 21 huruvida
336 1072 51 14 man
402 1068 44 18 tror
462 1067 31 19 att
507 1071 27 15 en
549 1071 61 15 mans
625 1065 72 20 arbete
712 1066 23 19 är
749 1064 44 21 lika
808 1064 66 27 lämp-

45 1093 39 27 ligt
98 1093 56 21 hvad
170 1093 26 21 de
211 1100 58 21 unga
283 1094 130 20 kvinnornas
428 1094 125 27 uppfostran
569 1093 103 21 beträffar.
694 1092 33 21 De
742 1099 73 14 varma
830 1092 44 26 ord,

46 1128 46 14 som
109 1122 25 19 hr
150 1121 102 21 Sundvall
268 1122 88 27 tidigare
371 1123 72 26 yttrat,
459 1122 60 21 torde
535 1129 50 14 vara
600 1124 29 19 ett
644 1121 77 28 tydligt
735 1121 60 21 bevis
810 1120 64 27 därpä

46 1152 35 24 att,
96 1156 35 14 om
147 1149 35 21 det
197 1149 68 22 finnes
279 1156 46 15 mer
339 1151 81 20 krafter
434 1151 40 20 hos
484 1157 99 20 mannen,
594 1150 35 21 det
641 1150 37 21 bor
690 1156 27 15 en
727 1155 72 15 annan
812 1155 62 21 egen-

47 1178 52 27 skap
115 1178 38 20 hos
168 1177 100 28 kvinnan,
284 1185 45 14 som
344 1179 50 20 fullt
409 1180 90 20 ersätter
515 1179 25 21 de
556 1179 56 20 förra
627 1179 39 20 och
682 1185 45 14 som
743 1179 38 26 gör
793 1177 81 21 hennes

46 1207 71 20 arbete
132 1206 32 21 till
179 1206 49 21 fullt
242 1207 43 20 lika
300 1207 86 27 mycket
404 1207 62 21 värdt
485 1207 39 21 och
542 1207 105 21 mähända
665 1207 7 20 i
695 1207 57 20 detta
774 1205 100 22 afseende

46 1237 58 18 ännu
122 1241 46 14 mer
184 1235 66 21 värdt.
281 1235 40 22 Om
339 1242 30 14 nu
385 1235 23 21 sä
423 1237 23 19 är
461 1235 60 22 fallet
537 1236 39 20 och
591 1235 40 27 det,
647 1235 69 21 säsom
731 1235 26 20 hr
772 1233 103 22 Sundvall

46 1264 72 26 riktigt
133 1263 114 27 anmärkte,
263 1266 23 18 är
301 1270 27 15 en
346 1264 38 21 sak
400 1264 21 21 af
436 1265 46 20 stor
496 1263 109 28 betydelse
621 1265 30 20 att
665 1264 22 19 vi
702 1264 38 20 hos
757 1269 34 14 oss
806 1262 69 21 sävidt

46 1292 83 27 möjligt
144 1291 68 22 skulle
228 1292 73 21 kunna
315 1292 54 21 fästa
385 1293 42 20 den
443 1292 86 21 bildade
545 1292 95 21 kvinnan
655 1292 36 21 vid
707 1292 70 20 denna
786 1291 33 20 för
829 1290 46 21 vårt

45 1321 51 20 land
119 1321 23 20 sä
163 1323 56 19 stora
237 1321 89 27 uppgift,
343 1321 24 20 sä
382 1323 35 18 vet
432 1321 37 27 jag
485 1321 27 20 dä
526 1321 47 20 icke
589 1327 34 14 om
638 1327 49 14 man
703 1320 45 21 haft
762 1319 46 20 skäl
823 1320 30 19 att
868 1319 7 19 i

46 1349 26 20 de
88 1349 173 27 betänkligheter,
277 1355 45 15 som
341 1350 36 27 jag
394 1349 48 21 sökt
461 1351 32 19 att
510 1349 69 21 sävidt
601 1349 83 27 möjligt
704 1349 90 25 bemöta,
816 1347 59 20 finna

45 1377 69 27 nägon
131 1378 69 27 grund
215 1378 32 20 för
263 1379 29 19 att
306 1378 94 20 förkasta
415 1378 107 26 förslaget.

114 1406 51 21 Men
182 1406 36 27 jag
236 1406 67 21 mäste
320 1413 30 13 nu
369 1406 133 21 äterkomma
517 1406 32 21 till
563 1406 75 27 frägan
653 1412 34 14 om
703 1404 118 29 pensionen
836 1404 40 20 och

45 1434 38 21 ber
98 1436 30 19 att
142 1434 22 21 fä
178 1434 81 28 päpeka
275 1437 34 24 att,
317 1434 80 22 medan
411 1441 51 15 man
480 1434 90 21 sälunda
585 1434 89 27 beviljar
686 1440 27 15 en
728 1432 146 22 folkskollära-

44 1462 69 27 rinna,
135 1463 86 21 hvilken
244 1470 50 14 man
312 1463 79 21 önskar
409 1465 30 19 att
458 1462 71 22 sävidt
543 1463 83 27 möjligt
640 1462 65 21 mätte
721 1468 51 14 vara
786 1460 47 20 frän
849 1460 27 20 de

44 1490 86 22 bildade
144 1491 115 27 klasserna,
275 1491 53 21 efter
343 1491 80 21 slutadt
438 1491 110 21 lifsarbete
564 1498 27 14 en
605 1491 89 27 pension
710 1490 21 21 af
749 1489 41 21 600
809 1488 67 27 mark,
