1017 1731
164 99 55 20 1352
379 105 176 22 Borgareståndet
569 107 54 16 1891.
647 105 22 18 22
681 106 49 20 maj.

205 183 44 22 Hrr
264 184 135 22 Stenroth,
413 185 144 27 Alopaeus,
574 185 74 26 Göös,
663 185 119 25 Kivekäs,
798 184 113 28 Löfgren
927 185 39 20 och

137 212 153 22 Gummerus
306 213 97 21 anmälde
419 216 30 19 att
464 214 26 21 de
505 214 47 21 icke
567 214 50 21 med
632 214 46 20 sina
693 215 68 19 röster
772 213 90 28 bidragit
877 213 31 21 till
919 213 47 20 bor-

136 241 146 27 gareständets
297 241 133 22 förestäende
446 242 75 21 beslut.

205 298 32 21 Hr
252 297 119 22 Forsman
387 299 91 26 yttrade:
494 299 33 20 Då
542 299 41 27 jag,
599 299 31 20 till
645 299 53 27 följd
715 299 60 20 däraf
790 300 30 19 att
829 299 26 20 hr
864 298 102 21 Juselius”

136 326 96 27 yrkande
248 333 38 14 var
301 327 22 20 sä
339 327 123 27 obestämdt,
477 327 46 21 icke
539 334 37 14 var
591 328 7 20 i
613 327 83 21 tillfälle
713 329 30 19 att
754 327 45 21 före
808 327 158 27 omröstningen

136 355 98 20 utveckla
258 355 25 21 de
306 355 51 27 skäl,
381 356 82 20 hvarför
485 357 36 26 jag
539 362 63 15 anser
616 356 75 27 frägan
707 362 35 14 om
758 355 129 27 öfverföring
902 355 22 21 af
938 361 27 15 en

136 383 34 20 del
186 383 21 20 af
222 383 256 28 utskänkningsbolagens
500 385 126 20 vinstmedel
642 385 31 20 till
688 383 277 22 kommunikationsfonden

135 411 47 20 icke
205 413 74 26 utgöra
303 418 26 15 en
351 412 149 28 anslagsfräga,
516 413 23 20 sä
555 413 38 20 ber
607 413 36 26 jag
658 414 29 19 att
703 412 22 21 fä
740 412 32 21 till
787 412 126 27 protokollet
928 419 37 14 an-

135 439 106 28 tecknadt,
257 442 30 19 att
301 440 36 27 jag
352 441 46 20 icke
414 441 89 27 bidragit
518 441 32 20 till
567 441 35 21 det
617 441 38 20 sist
670 441 80 20 fattade
766 441 96 20 beslutet.

205 496 41 21 Vid
260 497 35 21 det
311 497 111 21 utskottets
437 497 299 28 sammanjämkningsförslag
757 497 89 21 rörande
863 498 17 26 3,
896 498 13 20 4
926 497 38 21 och

136 525 12 20 5
171 527 123 19 momenten
318 526 21 20 af
361 526 12 26 &
390 526 18 25 9,
423 526 71 21 hvilka
509 526 70 21 härtill
593 526 92 21 lämnats
701 526 113 26 beroende,
830 532 29 14 nu
874 528 91 25 upptogs

134 553 32 20 till
189 553 136 27 behandling,
347 554 91 28 föreslog
460 555 25 20 hr
507 555 120 21 Jusölius
643 557 30 19 att
688 554 86 21 ständet
789 554 68 21 skulle
873 554 92 20 förkasta

135 581 100 27 förslaget
250 582 39 20 och
305 582 102 22 vidblifva
429 584 35 20 sitt
486 583 87 27 tidigare
592 583 131 21 beträffande
739 583 62 21 dessa
816 584 94 19 moment
925 582 40 21 fat-

135 610 48 20 tade
200 610 75 21 heslut.

203 666 49 21 Med
276 667 115 27 anledning
414 668 58 20 häraf
490 668 121 21 framstälde
627 669 25 19 hr
667 667 124 22 talmannen
808 667 96 27 följande
920 674 44 13 om-

134 695 238 27 röstningsproposition
380 703 3 13 :

204 751 38 27 De,
259 752 74 20 hvilka
347 752 116 27 godkänna
478 753 112 21 utskottets
604 753 84 27 förslag
705 752 135 27 beträffande
858 753 20 25 3,
894 753 14 19 4
925 752 39 20 och

136 780 15 20 5
166 782 125 18 momenten
305 780 29 27 af
345 780 15 28 $
377 782 18 25 9,
411 783 60 19 rösta
480 782 39 26 ja;
535 782 31 26 de,
582 782 35 20 det
631 781 45 21 icke
690 783 62 25 göra,
768 782 60 19 rösta
844 780 49 28 nej;

203 808 80 21 vinner
299 809 41 27 nej,
357 809 41 21 har
413 810 176 26 borgareständet
598 810 110 27 förkastat
716 809 246 27 sammanjämknings-

134 836 104 27 förslaget
254 837 39 20 och
310 837 110 27 vidblifvit
434 838 38 20 sitt
488 838 91 26 tidigare
595 838 142 21 härutinnan
755 838 85 26 fattade
857 837 75 21 beslut.

204 893 161 27 Propositionen
387 894 125 21 besvarades
533 895 48 21 med
605 894 158 28 öfvervägande
786 894 41 27 nej,
850 894 39 20 och
910 894 54 20 hade

134 921 84 21 ständet
233 922 83 21 säledes
331 922 163 22 vidkommande
511 924 18 26 3,
545 924 13 20 4
573 924 39 20 och
636 924 5 20 5
661 924 126 20 momenten
803 923 21 20 af
840 922 11 27 $
868 922 12 21 9
895 922 69 21 förka-

134 951 41 20 stat
198 950 112 22 utskottets
333 952 296 27 sammanjämkningsförslag
652 952 39 21 och
716 951 107 21 vidblifvit
844 951 36 20 det
895 951 70 20 beslut

134 978 84 21 ständet
232 979 7 20 i
255 979 100 21 afseende
371 979 11 21 ä
398 980 61 21 dessa
474 980 82 27 lagrum
571 981 89 26 tidigare
676 980 68 20 fattat.

205 1035 117 21 Utskottets
337 1036 79 27 förslag
439 1037 128 20 beträffande
584 1037 26 26 $$
628 1037 84 20 11—17
730 1036 124 27 godkändes
870 1036 94 20 däremot

136 1064 49 19 utan
202 1063 145 28 anmärkning.
626 1083 5 5 v

203 1120 118 27 Angäende
338 1121 12 26 $
366 1121 25 20 21
409 1121 82 26 yttrade

202 1176 25 20 hr
242 1176 103 21 Öhman:
362 1177 41 20 För
418 1178 44 19 min
477 1177 34 21 del
527 1178 40 20 kan
583 1179 36 26 jag
633 1179 47 20 icke
697 1178 115 27 godkänna
828 1178 132 21 ekonomiut-

134 1203 88 21 skottets
238 1205 295 28 sammanjämkniogsförslag
549 1206 128 21 beträffande
691 1207 72 20 denna
774 1207 97 26 paragraf
881 1207 31 20 till
923 1206 41 21 den

133 1232 34 21 del
190 1232 35 21 det
248 1233 66 27 angär
336 1233 23 20 R.
376 1240 17 13 o.
409 1234 38 20 A:s
463 1236 54 19 samt
539 1235 186 26 borgareständets
749 1234 70 21 beslut
841 1235 72 20 därom
936 1236 30 19 att

132 1260 139 27 länestyrelse
301 1261 46 21 icke
377 1262 35 20 mä
441 1263 92 26 päbjuda
559 1263 157 26 inskränkning
747 1263 21 21 af
794 1263 58 21 tiden
880 1263 26 20 dä
933 1265 32 18 ut-

132 1289 120 27 skänkning
278 1289 32 21 fär
333 1296 38 21 ega
392 1297 54 20 rum,
469 1291 6 20 i
498 1291 100 21 händelse
621 1291 195 28 stadsfullmäktige
837 1291 39 20 och
899 1291 66 26 magi-

132 1319 52 18 strat
215 1319 49 19 utan
296 1319 179 26 meningsolikhet
504 1320 89 26 afstyrkt
623 1320 65 21 sädan
718 1319 80 28 ätgärd.
838 1319 41 27 Jag
904 1325 62 14 anser

132 1345 108 28 nämligen
264 1348 31 19 att
316 1353 29 13 nu
368 1347 97 27 gällande
488 1348 115 27 stadgande
625 1349 7 19 i
655 1350 80 25 ämnet,
759 1349 26 19 21
806 1349 12 25 $
833 1348 6 19 i
856 1347 109 27 bränvins-

132 1373 70 28 lagen,
218 1374 32 20 till
267 1375 32 20 sin
315 1375 143 28 andemening
473 1378 22 18 är
505 1376 233 22 öfverensstämmande
749 1377 49 20 med
806 1376 24 21 R.
839 1383 17 14 o.
866 1377 38 19 A:s
912 1378 54 18 samt

133 1402 184 27 borgareständets
340 1410 29 14 nu
388 1404 6 20 i
410 1404 73 28 frågan
499 1405 78 21 fattade
593 1405 75 27 beslut,
685 1407 56 18 samt
757 1407 30 19 att
802 1404 163 27 sammanjämk-

131 1430 79 28 ningen
234 1430 71 24 därför
325 1432 47 20 bort
392 1434 104 25 uppgöras
511 1433 7 20 i
534 1433 223 21 öfverensstämmelse
773 1433 93 21 härmed.
883 1446 26 1 —
924 1432 42 21 Det

131 1459 60 21 heter
205 1459 7 20 i
228 1460 66 26 sagda
315 1461 98 26 paragraf
429 1463 30 18 att
475 1461 34 21 det
524 1462 124 20 ankommer
663 1462 11 20 å
692 1462 153 26 länestyrelsen
863 1463 35 25 att,
913 1461 53 21 efter

132 1487 34 21 det
182 1487 26 21 de
224 1488 71 20 lokala
309 1489 178 27 myndigheterna
503 1490 68 20 blifvit
587 1490 70 27 hörda,
673 1490 102 20 meddela
792 1490 25 20 de
830 1489 135 28 föreskrifter,
