1017 1731
290 104 179 21 Borgareståndet
483 105 54 17 1891.
562 105 21 16 11
597 105 48 21 maj.
812 101 55 20 1103

129 179 25 20 hr
177 179 158 20 Serlachius:
366 178 45 21 Det
433 180 24 19 är
474 179 50 20 med
542 179 116 27 förvåning
676 179 36 28 jag
727 179 39 21 har
780 179 42 22 läst
837 188 55 13 sam-

61 207 276 28 manjämkningsförslaget
351 207 8 20 i
374 206 71 21 denna
460 207 75 28 punkt.
560 207 33 28 Ty
609 207 28 21 då
652 210 32 18 tre
700 207 63 21 stånd
777 207 66 22 hafva
855 209 37 20 be-

61 237 60 20 slutit
144 239 30 18 att
198 235 61 22 ordet
283 238 114 18 »senaten»
423 235 69 22 skulle
507 236 88 27 utbytas
610 239 46 18 mot
673 239 112 18 »senatens
800 237 91 27 justitie-

61 265 167 28 departement»,
244 263 25 22 så
280 264 39 21 har
333 265 35 27 jag
379 263 130 22 åtminstone
520 265 48 20 icke
580 264 83 21 kunnat
672 265 57 20 finna
739 265 72 27 någon
821 265 70 27 grund

60 293 35 21 för
117 293 115 21 utskottets
252 292 306 29 sammanjämkningsförslag,
576 293 141 28 hvarigenom
735 293 117 21 utskottets
868 293 24 21 af

61 321 76 22 endast
160 324 31 18 ett
213 321 64 21 stånd
295 321 119 21 omfattade
429 321 138 21 betänkande
582 321 56 28 lagts
653 321 33 21 till
701 321 70 28 grund
786 321 34 22 för
836 329 54 14 sam-

60 350 193 28 manjämkningen.
283 349 42 28 Jag
347 351 23 19 är
393 349 129 29 öfvertygad
541 357 34 14 om
591 353 32 18 att
638 350 60 21 såväl
713 350 177 27 borgareståndet

61 385 45 14 som
129 379 27 20 de
177 378 39 21 två
234 378 69 27 öfriga
322 377 70 27 stånd,
407 385 47 14 som
469 378 67 21 hafva
550 379 89 20 beslutit
655 378 70 21 denna
740 379 97 28 ändring,
852 378 37 22 vid

60 407 108 21 fattandet
190 407 23 21 af
234 407 47 21 sina
304 406 71 21 beslut
389 414 54 13 voro
459 407 50 21 fullt
523 407 116 21 medvetna
655 415 34 13 om
704 407 109 21 beslutens
829 408 61 20 inne-

61 435 59 26 börd,
142 435 40 22 och
198 438 31 18 att
245 435 26 21 de
287 435 67 21 också
369 435 76 28 insågo
461 438 32 19 att
508 435 125 28 därigenom
649 435 48 22 icke
712 435 71 28 någon
798 435 92 28 ändring

60 464 23 21 af
98 463 38 22 vär
151 464 106 21 allmänna
271 464 36 27 lag
322 463 41 22 och
378 463 100 28 brukliga
493 463 216 29 rättegångsordning
725 464 93 21 indirekt
833 465 55 20 var
876 459 15 37 i

61 492 67 28 fråga.
158 493 42 27 Jag
214 493 38 21 har
268 492 47 22 icke
331 492 67 21 häller
413 493 50 21 med
478 493 63 21 bästa
556 493 51 28 vilja
623 493 6 20 i
640 493 89 21 världen
740 493 82 21 kunnat
832 493 57 21 finna

60 521 88 21 hvarför
169 521 76 28 frågan
269 521 79 26 därom,
370 521 39 21 hos
432 521 137 21 hvilketdera
587 521 24 21 af
625 524 100 18 scnatens
741 522 148 28 departement

61 549 90 28 ändring
166 550 6 20 i
188 549 287 29 registreringsmyndighets
496 550 76 28 åtgärd
587 550 55 20 skall
658 550 69 26 sökas,
742 550 68 21 borde
824 552 64 26 göras

62 578 106 21 beroende
184 578 23 21 af
221 578 87 21 hvilken
324 578 128 28 myndighet
470 578 55 22 skall
540 586 52 14 vara
607 578 281 28 registreringsmyndighet.

59 606 33 28 Ty
117 606 70 22 denna
209 606 125 29 myndighet
355 606 36 22 må
416 614 52 14 vara
491 607 88 21 hvilken
601 614 46 14 som
670 607 61 27 hälst,
754 607 24 21 så
802 609 23 19 är
850 606 37 22 det

59 635 87 28 mycket
161 636 97 28 lämpligt
273 636 40 20 och
328 636 83 28 möjligt
427 638 32 18 att
475 636 37 20 det
527 635 89 21 oaktadt
633 636 117 21 bestämma
765 638 32 18 att
811 636 77 27 högsta

59 664 153 28 myndigheten
234 664 55 21 skall
311 671 52 14 vara
384 664 88 28 judiciel
496 664 131 28 myndighet.
657 664 42 28 Jag
716 665 37 21 vill
768 664 119 26 framhålla,

59 692 114 22 huruledes
196 692 131 22 exempelvis
345 692 78 22 besvär
441 692 49 22 från
506 692 147 27 länenämden,
669 700 45 14 som
730 695 23 19 är
768 700 26 14 en
810 692 24 22 så
849 692 39 21 ad-

59 717 129 36 ministrativ
202 696 125 57 myndighet
345 728 47 14 som
402 722 90 27 möjligt,
504 721 39 28 går
553 722 32 20 till
595 725 100 17 senatens
706 721 181 29 justitiedeparte-

58 752 64 18 ment.
152 750 42 27 Jag
209 757 62 13 anser
286 749 73 21 därför
374 752 32 18 att
421 750 179 28 borgareståndet
615 750 67 21 borde
697 750 97 20 förkasta
804 750 83 20 utskot-

58 780 42 18 tets
116 778 127 28 inbjudning
259 778 40 21 och
315 778 95 21 vidhålla
426 779 39 20 sitt
480 778 59 21 förut
554 779 7 20 i
577 778 66 22 saken
659 778 82 21 fattade
756 778 76 21 beslut.

127 863 34 21 Hr
176 870 42 14 von
234 863 97 21 Pfaler:
350 863 48 22 Vid
414 864 236 28 sammanjämkningen
665 864 23 20 af
703 863 102 21 ståndens
816 863 72 21 beslut

58 892 7 20 i
88 891 70 21 denna
189 892 60 20 punkt
271 892 67 20 rådde
360 892 49 21 icke
429 892 63 28 ringa
507 892 180 28 meningsolikhet
702 893 58 19 inom
775 892 111 20 utskottet.

58 920 34 20 En
108 920 41 27 del,
163 900 32 41 till
211 920 88 22 hvilken
315 920 64 22 äfven
391 921 36 28 jag
438 920 73 27 hörde,
524 921 62 28 hyste
597 920 23 21 af
630 920 98 22 formella
740 920 46 21 skäl
797 920 90 21 betänk-

57 949 91 28 ligheter
163 952 45 18 mot
223 951 31 19 ett
269 949 81 28 förslag
365 952 32 18 att
412 949 91 28 inbjuda
518 949 92 22 stånden
626 952 31 18 att
672 949 75 22 förena
762 950 34 27 sig
806 957 35 13 om
853 951 34 18 ut-

58 977 92 22 skottets
166 977 145 28 formulering,
327 985 46 14 som
389 977 112 22 omfattats
518 978 77 21 endast
609 977 23 22 af
647 980 31 19 ett
693 977 68 22 stånd.
788 977 53 21 Men
853 980 34 18 ut-

58 1006 91 21 skottets
172 1007 109 28 pluralitet
302 1006 73 28 ansåg,
393 1019 28 3 —
444 1007 56 26 icke,
519 1007 71 20 såsom
608 1006 25 21 hr
649 1006 121 21 Serlachius
786 1005 101 28 antydde,

57 1037 31 18 att
110 1034 92 21 stånden
220 1035 49 21 icke
288 1035 68 20 skulle
372 1035 68 21 hafva
456 1036 57 20 varit
527 1035 116 21 medvetna
657 1035 23 21 af
694 1034 58 22 hvad
768 1035 26 20 de
810 1033 76 28 afsågo

57 1063 49 21 med
121 1064 37 20 sitt
173 1063 77 26 beslut,
265 1077 28 2 —
308 1071 49 13 men
372 1063 36 22 väl
423 1066 34 18 att
472 1063 60 22 detta
547 1063 70 22 beslut
633 1063 132 21 beträffande
781 1064 12 26 $
809 1063 33 26 49,
854 1063 32 20 åt-

56 1092 106 21 minstone
181 1091 72 22 såvidt
272 1091 37 22 det
328 1092 79 28 angick
424 1094 84 26 präste-
524 1092 40 21 och
579 1091 170 26 bondestånden,
763 1091 56 21 hade
835 1093 52 18 nära

57 1120 103 21 samband
176 1120 49 21 med
241 1120 41 21 och
297 1127 38 14 var
350 1120 111 21 beroende
477 1121 23 20 af
510 1120 63 21 dessa
583 1120 75 22 stånds
670 1120 71 21 beslut
751 1119 135 22 beträffande

57 1149 11 26 8
79 1149 34 26 47,
121 1149 6 20 i
136 1149 88 20 hvilken
232 1149 101 28 paragraf
341 1149 78 20 nämda
430 1149 66 21 stånd
504 1149 88 21 beslutit
600 1151 31 19 att
639 1147 247 30 registreringsmyndig-

55 1177 65 21 heten
136 1177 68 21 skulle
220 1178 102 21 antingen
337 1177 46 21 helt
398 1177 42 22 och
459 1177 66 22 hållet
536 1178 51 21 eller
599 1177 69 22 delvis
680 1177 61 22 bestå
753 1177 24 20 af
789 1176 97 28 lagfarne

55 1205 122 21 ledamöter.
208 1205 49 22 Och
269 1181 32 57 då
315 1206 107 21 utskottet
437 1206 30 28 på
483 1206 26 21 de
525 1206 52 27 skäl,
593 1213 46 14 som
654 1205 28 29 på
711 1206 64 27 pagina
790 1206 26 20 21
833 1206 6 19 i
852 1207 34 18 ut-

56 1234 91 21 skottets
170 1234 302 29 sammanjämkningsförslag
491 1237 37 18 äro
545 1234 96 27 anförda,
657 1242 66 20 ansåg
738 1235 33 26 sig
786 1233 52 21 böra
853 1234 33 20 in-

56 1262 65 29 bjuda
144 1262 91 22 stånden
254 1265 32 19 att
303 1263 76 21 förena
394 1263 34 28 sig
444 1271 35 13 om
495 1263 117 21 utskottets
627 1263 81 28 förslag
723 1261 133 22 beträffande
873 1263 13 26 $

54 1292 34 25 47,
104 1290 24 22 så
143 1291 67 28 ansåg
224 1292 18 20 sig
272 1291 107 21 utskottet
394 1291 68 22 äfven
477 1291 132 28 berättigadt
623 1294 32 19 att
664 1293 53 26 göra
729 1290 111 22 enahanda
852 1291 34 20 in-

54 1319 105 29 bjudning
182 1319 133 22 beträffande
336 1321 13 26 &
368 1320 34 21 49.
433 1320 46 21 För
499 1320 66 28 öfrigt
585 1327 63 21 synes
664 1320 37 21 det
715 1320 44 27 mig
774 1319 50 21 med
838 1318 48 21 skäl

54 1348 73 21 kunna
142 1348 86 21 anföras
244 1351 32 18 att
290 1348 153 28 mängahanda
458 1349 95 21 ärenden
568 1349 23 20 af
601 1349 44 20 lika
655 1347 90 30 juridisk
757 1350 69 24 natur,
838 1354 47 14 som

54 1376 37 22 det
105 1385 29 13 nu
150 1376 170 29 ifrågavarande,
335 1378 57 20 varit
407 1377 137 22 behandlade
561 1378 40 21 och
617 1377 100 28 dagligen
732 1376 86 28 afgöras
834 1377 7 19 i
852 1383 34 14 se-

53 1408 76 18 natens
146 1405 267 21 ekonomiedepartement.
440 1406 108 21 Särskildt
563 1406 28 21 dä
606 1406 105 21 utskottet
723 1406 38 20 har
779 1404 63 22 tänkt
851 1405 35 26 sig

53 1434 198 28 industristyrelsen
273 1441 70 14 säsom
366 1434 42 21 den
432 1434 134 29 myndighet,
589 1442 46 14 som
650 1442 51 14 vore
717 1434 121 28 lämpligast
854 1434 32 19 att

53 1462 113 28 Ofvertaga
180 1463 195 27 inregistreringen,
390 1462 65 22 torde
471 1463 38 21 det
523 1463 52 21 böra
590 1463 95 28 påpekas
701 1464 32 20 att
743 1462 71 21 denna
824 1468 62 20 myn-

53 1490 74 29 dighet
142 1499 29 13 nu
186 1491 65 21 redan
267 1491 97 21 handhar
383 1491 98 22 ärenden
498 1491 133 22 beträffande
647 1493 80 27 patent,
741 1489 144 23 varumärken
