1017 1731
167 105 41 20 868
386 111 179 20 Borgareständet
578 112 54 16 1891.
657 113 12 15 4
681 111 48 19 mai.

141 190 71 20 hvilka
235 190 36 20 vid
295 190 40 20 alla
351 190 66 27 öfriga
433 191 112 20 auktioner
560 191 117 26 uppbäras;
699 190 39 20 och
755 190 66 26 enligt
837 196 79 14 samma
932 190 42 20 för-

140 218 185 27 fattningsförslag
340 219 65 20 borde
421 219 86 20 auktion
524 219 69 20 städse
609 219 98 20 förrättas
723 219 59 19 inom
798 219 13 19 4
827 218 77 21 veckor
919 218 55 21 ifrån

142 247 35 20 det
198 247 105 26 yrkandet
325 247 72 20 därom
418 249 66 24 göres.
514 247 68 20 Dessa
603 247 54 21 båda
673 247 181 26 omständigheter
869 253 105 14 samman-

140 275 64 26 lagda
219 275 65 20 värka
299 275 134 27 naturligtvis
454 278 30 18 att
495 276 117 25 auktioner,
623 275 114 21 förrättade
749 275 21 20 af
783 275 191 27 upplagsmagasin,

141 303 33 20 för
189 303 160 21 vederbörande
369 310 115 21 varuegare
500 304 65 21 blifva
580 304 87 27 mycket
682 303 150 28 förmånligare
848 305 27 19 än
891 310 82 14 annars.

141 331 68 21 Häraf
229 332 72 21 kunde
323 332 51 27 följa
389 335 30 18 att
434 339 25 14 en
475 333 77 26 mängd
569 339 64 14 varor
647 334 102 19 strömma
766 332 29 21 till
813 332 161 27 upplagsmaga-

141 361 67 26 sinen,
233 363 51 18 utan
308 363 29 18 att
355 361 61 20 dessa
439 367 62 14 varor
516 361 30 20 als
562 363 35 18 äro
614 361 88 21 afsedda
718 363 29 18 att
763 361 57 26 ligga
835 361 69 20 såsom
920 360 53 21 real-

142 389 98 20 säkerhet
255 389 32 20 för
303 389 40 27 län,
359 396 45 13 som
421 389 58 20 skola
495 390 24 26 pä
537 389 48 21 dem
601 391 110 26 upptagas,
722 389 39 20 och
773 389 57 20 detta
840 389 71 20 kunde
924 389 49 24 äter,

142 417 27 20 då
184 417 183 21 varuinsättarene
383 418 59 20 skola
452 418 21 20 få
486 419 45 19 sina
547 425 62 13 varor
625 420 122 23 emottagna
763 418 6 19 i
786 418 39 19 den
842 417 90 20 ordning
948 417 25 20 de

142 445 84 21 anmäla
249 446 38 27 sig,
309 446 96 21 medföra
427 447 40 20 den
491 447 108 26 påföljden
615 448 30 19 att
660 453 27 14 en
704 453 82 20 person,

141 474 33 20 för
197 474 100 27 belåning
319 475 20 20 af
354 481 51 14 vara
419 475 54 20 hade
489 475 63 20 bchof
568 475 21 20 af
605 475 213 27 upplagsmagasinet,
832 474 56 27 finge
904 476 69 21 vänta,

142 503 68 20 under
226 503 35 21 det
277 505 29 19 att
321 503 122 27 magasinen
461 503 132 21 belamrades
608 503 48 21 med
674 510 27 14 en
717 503 78 27 mängd
812 503 78 21 sädana
906 509 66 18 varor,

141 538 46 13 som
203 533 35 19 äro
252 532 86 20 afsedda
355 532 52 20 blott
423 534 28 18 att
467 532 68 20 direkt
550 532 101 27 försäljas.
678 531 114 21 Dessutom
809 532 71 20 kunde
892 532 35 20 det
940 531 31 20 väl

141 560 63 20 äfven
219 560 43 20 låta
277 560 63 20 tänka
356 560 37 27 sig,
409 562 30 19 att
454 560 157 21 omvårdnaden
627 567 33 14 om
679 566 26 14 en
722 560 78 27 mängd
822 560 151 26 auktionsgods

140 588 68 20 skulle
224 588 117 20 förminska
356 577 124 33 säkerheten
496 589 32 21 för
543 590 39 20 och
599 588 158 21 omvärdnaden
776 596 33 13 om
826 588 25 20 de
867 577 103 38 egentliga

141 617 269 26 warrantdepositionerna.
440 618 41 26 Jag
503 618 42 22 vill,
571 617 69 21 såsom
661 617 63 27 sagdt,
740 617 46 21 icko
803 617 46 20 med
867 610 105 27 hestämd-

140 645 36 20 het
192 645 65 27 pästä,
273 647 29 19 att
318 645 35 21 det
368 646 115 20 tänkvärda
499 646 60 26 syfte,
576 652 45 14 som
639 646 110 26 härvidlag
765 646 37 20 har
820 646 41 20 ledt
873 646 99 22 komitén,

141 673 45 20 icke
202 680 50 14 voro
269 674 21 20 af
305 680 23 14 så
344 680 47 20 pass
407 677 43 17 stor
466 674 43 20 vikt
521 677 30 18 att
561 674 58 21 mina
632 674 170 27 betänkligheter
812 674 33 20 för
855 674 116 20 detsamma

140 701 65 21 borde
222 702 87 20 alldeles
325 702 54 26 vika,
395 709 48 14 men
459 704 35 26 jag
510 703 48 20 ville
575 703 112 20 hemställa
704 710 33 12 om
755 703 35 20 det
806 702 45 21 icke
868 702 52 20 hade
936 709 36 13 va-

140 730 26 20 rit
182 730 121 27 tillräckligt
318 730 32 21 för
366 731 57 20 detta
445 732 58 20 syftes
519 732 82 20 naende
618 734 29 18 att
658 732 73 19 lämna
743 732 26 20 de
781 731 191 27 upplagsmagasin,

140 764 45 14 som
210 758 75 21 sädant
306 759 71 26 önska,
401 766 25 14 en
464 760 83 26 rättighet
569 762 29 18 att
619 767 26 19 pa
661 760 94 26 begäran
772 759 112 48 sa
900 759 71 26 dylika

140 786 117 27 auktioner,
276 788 39 20 och
338 776 46 32 icke
407 777 104 31 bestämdt
534 788 65 26 aläget

139 815 38 20 Till
202 816 42 20 slut
255 810 59 26 ville
329 816 36 26 jag
381 816 62 20 ocksä
460 817 83 34 papeka
555 814 100 23 hurusom
674 816 33 20 väl
725 796 162 41 ötisekvonsön
903 816 69 20 skulle

139 843 63 21 hafva
217 844 81 20 fordrat
313 846 35 21 att,
364 852 34 12 om
415 852 47 13 man
479 852 24 14 en
521 846 55 26 gång
591 846 37 19 vill
644 845 76 26 stadga
736 851 24 14 en
779 845 64 20 sådan
865 844 107 20 auktions-

140 872 43 26 plikt
214 873 33 19 för
270 873 191 27 upplagsmagasin,
483 880 50 14 man
556 870 26 24 då
598 874 62 20 äfven
677 869 128 31 förpliktade
822 873 46 21 dem
886 875 28 18 att
930 873 42 20 för-

139 902 52 18 rätta
216 901 86 20 auktion
370 908 105 20 personer,
491 902 71 20 hvilka
577 903 65 20 insatt
657 902 47 20 sina
720 909 62 13 varor
798 904 43 18 mot
856 904 30 18 ett
901 902 71 20 enkelt

139 928 73 26 kvitto,
235 929 67 21 likaså
324 930 31 20 väl
373 936 46 15 som
434 930 32 21 för
482 930 46 23 den,
539 937 45 14 som
595 930 98 21 innehaft
707 933 29 18 ett
747 930 147 27 upplagsbevis
907 932 64 25 jämte

139 960 97 21 warrant,
252 965 46 13 som
314 959 101 26 möjligen
431 959 67 26 aldrig
514 959 90 21 därifran
622 960 71 20 blifvit
709 959 61 20 skild.
797 959 34 20 Nu
845 959 127 20 bestämmer

138 986 125 26 emellertid,
280 993 68 14 sasom
365 987 70 21 kändt,
451 988 244 27 författningsförslaget,
711 989 30 19 att
751 988 76 19 sadant
842 988 72 23 kvitto,
926 994 45 13 som

138 1016 88 19 nämnes
244 1015 8 20 i
271 1015 12 26 $
307 1016 32 25 32,
363 1016 47 20 icke
433 1018 23 18 är
479 1017 151 20 underkastadt
653 1016 147 27 stadgandena
816 1016 5 19 i
838 1016 69 20 denna
931 1015 41 21 för-

138 1043 97 27 ordning.

208 1128 32 20 Hr
256 1128 97 21 Hallbe
466 1129 100 27 beklagar
581 1130 62 27 lifligt
658 1132 31 18 att
705 1130 35 26 jag
756 1129 93 21 hvarkon
866 1129 21 20 af
898 1129 25 20 de
936 1136 36 13 an-

138 1156 115 22 föranden,
275 1163 46 14 som
343 1157 57 20 inom
449 1161 76 17 utskottet
547 1159 70 26 ejorts,
637 1156 56 23 eller
709 1155 26 23 af
745 1158 41 22 det,
802 1164 44 13 som
863 1158 18 19 här
915 1158 21 20 af
950 1159 26 19 hr

139 1185 127 20 Serlachius
281 1185 120 27 framstälts,
418 1187 80 20 kunnat
514 1187 64 20 blifva
594 1187 126 27 öfvertvgad
733 1193 31 13 om
779 1188 28 18 att
821 1187 39 20 den
872 1186 102 21 förmäns-

138 1215 47 20 rätt,
202 1220 46 13 som
265 1214 3 19 i
286 1203 152 37 författningen
453 1217 23 18 är
494 1215 70 26 tillagd
582 1215 75 20 insatta
672 1221 63 14 varor
747 1215 87 20 framför
844 1215 130 26 inteckning,

138 1242 69 20 skulle
224 1249 50 13 vara
290 1243 21 19 af
326 1243 22 20 så
365 1230 127 39 vidtgående
510 1236 76 28 värkan
603 1246 30 18 att
649 1250 51 14 man
717 1243 65 20 hällre
798 1249 49 20 sage
864 1243 46 20 hela
921 1250 53 13 war-

137 1271 197 20 rantinstitutionen
359 1271 46 20 icke
427 1271 83 21 komma
535 1272 29 20 till
589 1273 61 20 stånd
666 1274 28 18 än
712 1278 49 13 man
777 1271 111 27 medgafve
904 1271 70 20 donna

137 1299 142 20 förmansrätt.
310 1299 41 26 Jag
375 1299 35 20 vill
429 1300 46 21 icke
491 1300 65 21 inläta
571 1301 44 26 mig
631 1301 30 20 uti
678 1307 27 14 en
723 1300 49 20 tvist
788 1300 78 20 härom.
897 1299 20 20 M

137 1328 138 26 olägenheter
297 1327 73 21 kunna
391 1332 52 17 visst
458 1329 50 26 följa
525 1329 20 20 af
561 1329 69 20 denna
645 1328 145 23 förmansrätt,
807 1335 47 14 men
871 1328 102 27 praktiskt

137 1358 40 18 sett
200 1358 44 18 tror
261 1357 36 26 jag
313 1356 53 21 dock
382 1357 47 21 icke
445 1359 30 19 att
490 1357 69 21 denna
575 1359 55 25 tystä
646 1357 138 21 förmänsrätt
800 1357 51 20 skall
868 1357 61 20 hafva
946 1363 25 14 en

136 1384 65 20 sådan
226 1385 95 26 Därvidd,
343 1392 46 13 som
412 1388 12 18 t.
449 1392 32 14 ex.
505 1386 40 20 don
570 1389 55 23 tysta
640 1386 140 20 förmänsrätt
795 1385 177 27 förmynderskap

136 1413 88 19 medför.
256 1413 41 31 Jag
313 1402 74 32 menar
402 1414 86 20 härmed
506 1416 29 18 att
550 1408 117 33 längifvaro
685 1414 22 20 ät
723 1414 195 32 warrantmagasin,
930 1420 42 14 sär-

136 1441 65 20 skildt
217 1441 4 19 i
241 1448 49 13 våra
307 1448 43 14 små
368 1442 153 23 förhållanden,
537 1443 68 20 såsom
622 1443 24 20 hr
661 1443 82 26 Elving
758 1442 67 21 redan
841 1442 6 20 i
863 1444 29 18 ett
908 1444 65 18 annat

136 1470 155 26 sammanhang
312 1470 75 23 anfört,
410 1471 129 26 fullkomligt
562 1471 32 20 väl
618 1472 74 20 kunna
716 1459 94 32 beräkna
830 1471 40 20 den
887 1470 42 20 risk
946 1470 26 21 de

136 1498 70 20 ikläda
230 1498 32 26 sig
285 1504 75 22 genom
383 1501 30 19 ett
434 1499 142 27 längifvande,
599 1499 146 27 synnerligast
761 1506 45 14 som
822 1499 47 23 den,
886 1499 84 20 hvilken
