1017 1731
294 119 179 21 Borgareständet
487 119 54 17 1891.
566 119 11 16 6
590 119 48 20 maj.
798 114 54 21 1011

48 199 172 20 Suomenlahden
233 194 9 36 —
252 199 128 20 ranta-kiviä
412 198 133 28 Helsingistä
573 199 109 26 Turkuun,
712 199 168 20 mahdottamina

47 227 103 21 tuumina.

116 255 58 21 Minä
189 255 106 21 kannatan
312 255 144 21 valiokunnan
473 255 117 22 ehdotusta.

116 313 32 20 Hr
164 309 101 25 Öhman:
281 313 34 20 Dä
330 313 41 20 den
386 313 124 26 ifrägasatta
525 313 71 20 banan
612 312 91 21 emellan
726 313 98 20 Joensuu
840 313 39 20 och

48 341 80 27 Waala,
150 341 27 28 pä
200 344 40 18 sätt
254 341 7 20 i
277 341 158 21 reservationen
451 348 36 14 n:o
503 343 12 19 8
531 341 128 26 framhälles,
674 341 85 22 komme
776 343 30 19 att
820 341 59 21 ledas

48 376 76 21 genom
140 370 82 21 landets
238 370 78 27 glesast
331 370 98 21 bebodda
445 370 40 21 och
500 370 65 20 minst
581 369 75 21 odlade
672 370 84 26 trakter,
768 377 63 20 synes
844 370 36 21 det

47 399 44 27 mig
111 405 45 14 som
176 406 34 14 om
231 399 69 20 denna
316 399 125 20 bansträcka
464 398 117 21 tillsvidare
603 398 47 21 icke
666 398 65 21 borde
747 399 6 20 i
770 399 64 28 nägot
849 399 31 20 af-

48 427 78 21 seende
148 427 85 21 komma
248 427 6 20 i
270 427 64 28 fråga,
357 427 39 21 och
419 427 98 21 anhåller
533 427 35 27 jag
584 427 71 20 därför
669 429 30 19 att
714 427 21 20 få
750 427 130 21 understöda

48 455 77 21 nämda
146 456 129 21 reservation
299 463 34 13 n:o
357 457 19 25 8,
397 457 56 19 samt
468 455 65 27 yrkar
548 457 29 19 att
592 455 239 27 petitionsmemorialen
846 457 33 19 rö-

48 484 65 21 rande
135 484 105 21 bandelen
263 484 203 21 Joensuu—Waala
488 484 46 21 icke
556 484 65 21 måtte
637 484 109 21 föranleda
761 484 32 21 till
809 484 71 28 någon

48 512 78 28 åtgärd.
156 513 101 21 Däremot
277 520 62 14 anser
360 514 35 26 jag
418 515 31 19 att
471 513 71 21 banan
564 513 48 20 från
635 513 75 21 Waala
725 513 31 21 till
772 512 108 28 Uleåborg

48 541 71 27 borde,
134 542 26 27 på
176 544 40 18 sätt
230 544 161 19 reservanterna
406 542 116 27 föreslagit,
539 542 144 20 understödas.

116 598 32 21 Hr
168 598 124 28 Högman:
315 599 54 21 Olen
387 599 80 21 luullut
483 599 164 23 huomanneeni,
663 601 42 19 että
720 599 160 27 rantaseutujen

48 627 122 21 asukkaissa
186 634 27 14 on
228 628 85 20 vallalla
328 634 22 14 se
365 628 88 26 käsitys,
469 629 44 19 että
527 627 72 21 kaikki
615 628 57 20 mikä
687 634 27 14 on
729 628 111 20 sisämaata
851 634 29 14 on

47 656 97 26 myöskin
167 658 110 18 erämaata.
308 656 26 20 Se
358 662 26 14 on
407 656 84 26 käynyt
513 656 59 20 esille
595 656 51 20 sekä
661 658 38 24 nyt
715 658 42 19 että
772 656 107 21 edillisillä

48 684 149 28 valtiopäivillä
219 684 174 21 rautatie-asioita
413 684 151 21 käsiteltäessä.
595 684 49 21 Kun
661 684 27 21 oli
704 685 104 27 kysymys
822 684 57 20 Vaa-

47 719 38 15 san
100 713 67 21 radan
181 713 134 21 vetämisestä
325 713 127 27 Näsijärven
465 713 128 27 itäpuolelle,
605 713 45 20 niin
660 713 145 21 rantaseudun
816 713 62 21 asuk-

47 742 49 20 kaat
116 742 96 20 sanoivat
234 742 39 20 sitä
289 744 99 18 erämaan
403 742 92 20 radaksi.
525 741 76 21 Samaa
617 742 104 26 sanottiin,
737 742 44 20 kun
797 742 29 20 oli
840 742 39 26 ky-

48 776 72 21 symys
135 770 100 27 Kuopion
250 770 90 27 radasta,
350 770 21 27 ja
387 770 83 21 samoin
482 770 101 27 Karjalan
593 770 89 21 radasta.
708 770 116 27 Ylipäänsä
834 770 45 20 kun

48 805 27 13 on
90 799 56 27 puhe
161 799 128 26 sisämaasta,
305 799 44 20 niin
365 799 99 20 luullaan
480 800 39 20 sitä
534 799 91 21 kaikkea
635 799 122 21 erämaaksi.
785 798 94 21 Minusta

47 834 28 13 on
98 827 61 21 aivan
180 827 134 27 tarpeellista,
335 829 43 19 että
400 828 81 20 todella
502 828 91 20 saadaan
614 828 88 26 selville,
717 828 55 20 onko
788 828 91 20 sisämaa

46 855 143 21 kauttaaltaan
205 858 110 24 erämaata,
325 856 22 26 ja
362 858 43 18 että
415 856 163 21 taloudellisesti
588 856 129 24 selvitetään,
728 856 81 20 kuinka
819 855 60 21 suuri

47 886 71 18 erotus
134 891 25 13 on
177 884 74 21 niitten
267 884 81 27 tulojen
364 884 91 21 suhteen
471 885 52 20 mitä
539 885 90 20 voidaan
645 885 70 20 toivoa
730 885 115 20 sisämaan-
857 884 21 26 ja

48 912 209 21 rannikko-radoista.
287 912 91 27 Pyydän
401 913 118 21 sentähden
535 913 71 21 kaikin
622 913 73 27 puolin
711 913 64 21 saada
790 913 88 20 kannat-

47 943 33 19 taa
96 941 143 21 valiokunnan
254 942 114 20 mietintöä.

115 998 32 21 Hr
169 998 100 27 Elving:
290 999 165 20 Kusttrakterna
471 999 63 21 hafva
549 999 21 20 af
585 1001 90 19 naturen
691 1005 26 15 en
732 998 74 26 fördel,
822 998 18 21 d.
857 1005 21 14 v.

46 1034 15 13 s.
84 1027 221 27 sjökommunikation,
325 1034 49 14 men
396 1027 30 21 uti
449 1027 24 21 sä
488 1028 96 27 nordliga
599 1028 79 20 trakter
693 1034 45 14 som
753 1027 50 20 vära
818 1029 23 18 är
855 1027 23 27 ju

47 1055 70 21 denna
138 1055 182 22 kommunikation
343 1056 125 21 användbar
491 1056 75 21 endast
588 1063 27 14 en
636 1056 82 21 mindre
741 1055 33 21 del
791 1055 21 21 af
827 1055 50 21 äret.

46 1084 146 27 Järnvägarna
215 1084 61 21 hafva
295 1084 35 21 det
348 1085 116 20 företrädet
483 1087 30 18 att
527 1085 89 27 erbjuda
631 1084 184 21 kommunikation
830 1084 48 21 hela

47 1112 44 21 äret
114 1119 39 14 om.
184 1112 41 27 Jag
242 1113 33 20 för
294 1113 45 20 min
355 1113 34 20 del
403 1113 44 20 kan
463 1113 47 21 icke
526 1113 65 21 förstä
606 1113 41 21 den
663 1113 62 27 logik,
741 1119 45 14 som
802 1112 38 27 gär
855 1114 23 19 ut

46 1141 27 26 pä
95 1142 36 24 att,
148 1141 34 20 för
204 1141 35 20 det
261 1143 30 19 att
309 1147 26 15 en
351 1141 34 21 del
401 1141 21 21 af
438 1141 48 22 värt
500 1142 51 20 land
567 1142 21 21 af
603 1143 90 20 naturen
707 1141 39 21 fätt
761 1147 27 14 en
804 1141 74 26 fördel,

47 1175 48 14 man
112 1169 53 20 skall
180 1169 56 27 gifva
252 1170 26 21 de
294 1170 79 21 trakter
388 1170 21 21 af
423 1170 81 27 landet,
520 1177 45 14 som
580 1171 47 20 icke
643 1170 62 21 hafva
721 1170 69 21 denna
804 1171 73 18 natur-

46 1197 43 28 liga
106 1197 74 28 fördel,
196 1199 57 20 ännu
273 1199 67 20 bättre
356 1199 211 21 kommunikationer
583 1199 38 20 och
637 1199 89 20 sälunda
741 1197 51 22 söka
807 1197 71 21 vända

47 1233 34 13 om
96 1225 160 22 förhällandena
272 1227 39 21 och
326 1229 51 25 göra
393 1227 49 21 dem
458 1227 69 22 bättre
542 1227 85 27 lottade,
643 1234 45 14 som
703 1227 63 21 hafva
781 1226 39 21 fätt
836 1226 41 21 den

46 1257 69 18 sämre
130 1255 62 20 delen
211 1255 54 20 ifrän
281 1255 80 28 början.
391 1256 42 27 Jag
449 1256 76 27 tycker
539 1258 30 19 att
583 1263 51 14 man
649 1256 68 21 skulle
732 1262 51 14 vara
798 1255 79 26 rättvis,

47 1289 34 14 om
96 1289 50 14 man
162 1283 74 21 delade
251 1286 24 19 ut
286 1285 153 26 järnvägarnes
455 1285 108 20 förmäner
577 1285 27 27 pä
619 1286 30 19 ett
663 1286 65 19 annat
743 1285 45 20 sätt.

114 1340 33 21 Hr
162 1340 221 28 Neppenström:
413 1341 79 21 Ehuru
515 1342 70 21 denna
605 1342 89 27 petition
715 1342 62 21 äfven
792 1341 39 21 hör
846 1341 32 20 till

46 1368 25 21 de
86 1368 77 28 mänga
178 1369 175 28 masspetitioner,
373 1376 45 15 som
434 1370 66 21 hafva
515 1371 144 21 framkommit
673 1371 36 21 vid
724 1371 70 21 denna
809 1369 70 22 landt-

46 1397 46 27 dag,
114 1398 38 20 har
172 1398 41 26 jag,
228 1398 87 21 oaktadt
329 1398 135 28 Joensuubo,
480 1399 46 21 icke
539 1400 88 20 anslutit
641 1400 44 26 mig
699 1399 32 21 till
747 1399 131 21 densamma.

44 1425 42 27 Jag
107 1426 38 20 har
166 1426 54 20 dock
243 1426 47 21 icke
312 1427 82 20 afhällit
408 1427 47 27 mig
470 1428 48 20 frän
533 1430 30 18 att
577 1428 74 20 förena
665 1428 44 27 mig
725 1434 33 14 om
774 1427 105 27 ifrägava-

44 1454 66 20 rande
126 1454 160 28 önskningsmä]
302 1455 76 25 därför,
393 1457 31 19 att
439 1456 38 27 jag
488 1456 47 21 icke
551 1456 68 21 skulle
635 1458 68 19 ansett
713 1456 42 21 den
766 1462 51 14 vara
827 1455 52 20 värd

44 1482 36 20 det
95 1482 121 28 obetydliga
237 1483 190 28 tillmötesgäende,
445 1491 47 14 som
509 1485 20 20 af
543 1485 212 27 järnvägsutskottets
770 1483 110 29 pluralitet

43 1510 38 21 har
96 1510 89 22 kommit
200 1512 123 20 densamma
342 1512 32 20 till
389 1512 40 21 del.
462 1512 43 28 Jag
519 1514 38 20 har
572 1513 81 21 afhällit
667 1514 44 26 mig
725 1513 56 21 ifrån
796 1513 30 19 att
841 1512 37 21 be-
