1017 1731
166 113 54 21 1506
379 119 179 22 Borgareståndet
571 120 55 17 1891.
650 120 26 17 27
688 119 47 21 maj.

210 197 34 22 Hr
259 198 121 21 Neovius:
397 199 41 27 Jag
453 199 90 27 glömde,
559 199 27 20 då
600 199 35 28 jag
651 201 71 19 senast
737 199 54 20 hade
807 199 65 26 ordet,
887 201 30 18 att
932 199 25 20 be

140 228 48 19 röra
211 233 26 14 en
257 227 160 27 omständighet.
447 227 47 22 Den
510 227 44 21 lilla
569 227 137 27 kommunen,
721 227 171 27 Fredrikshamn,
906 227 52 21 hade

141 257 59 18 utom
216 255 42 21 den
273 255 66 27 skola,
355 262 45 14 som
415 256 66 21 redan
496 256 54 21 varit
565 256 59 27 fråga
639 262 40 21 om,
695 256 64 21 äfven
774 262 26 14 en
821 255 67 27 privat
908 255 49 21 flick

141 283 64 21 skola.
235 283 78 21 Denna
333 284 80 27 privata
436 284 109 21 flickskola
568 285 38 20 bar
626 285 31 26 sig
672 285 87 26 mycket
774 284 37 21 bra
826 283 48 21 med
890 284 40 21 den
946 291 12 14 a

140 312 26 20 hr
189 311 55 22 Göös
260 312 70 21 såsom
345 312 24 21 så
384 313 109 27 obetydlig
508 313 93 20 ansedda
616 313 157 21 subventionen
789 313 21 20 af
825 312 60 27 6,000
900 313 60 20 mark

141 340 78 21 Skolan
242 341 54 20 hade
318 341 12 20 6
346 341 80 21 klasser
441 342 39 20 och
495 341 112 28 uppnådde
623 341 55 27 goda
692 341 90 21 resultat
797 341 68 20 under
880 340 41 21 den
936 341 25 20 tic

142 369 41 20 den
199 375 38 14 var
251 369 7 20 i
274 369 139 21 värksamhet.
443 369 47 22 Den
505 370 80 21 förstod
601 372 30 18 att
645 370 82 27 ingifva
742 370 46 20 sina
804 369 70 21 elever
886 375 26 15 en
924 369 38 21 lust

141 397 33 20 för
198 397 86 28 studier,
307 404 45 15 som
375 398 35 27 gaf
432 399 32 26 sig
486 398 103 21 tillkänna
607 405 76 20 genom
700 398 35 21 det
751 397 212 28 anmärkningsvärda

142 428 56 18 stora
213 426 58 21 antal
286 426 21 21 af
321 426 14 21 f.
351 426 18 21 d.
386 427 69 20 elever
471 427 21 20 af
507 427 70 20 denna
591 427 64 26 skola,
672 433 45 14 som
733 427 47 20 sökt
795 426 71 21 vidare
882 427 81 20 utveck-

141 454 45 27 ling
201 455 36 20 vid
252 455 147 21 universitetet
413 455 39 21 och
469 455 141 21 annorstädes.
640 455 39 21 Att
694 455 71 20 denna
780 455 59 20 skola
854 455 110 26 upplöstes.

142 482 92 21 berodde
250 483 27 27 på
292 483 65 21 andra
372 483 45 21 skäl
433 485 26 19 än
475 484 142 20 ekonomiska.
647 484 41 27 Jag
706 484 39 20 har
759 484 8 19 i
782 483 58 21 tiden
855 483 49 20 stått
919 483 45 20 sko-

141 511 36 21 lan
192 512 86 26 mycket
293 514 56 25 nära,
365 512 68 21 kände
449 512 48 21 dess
513 512 97 21 ekonomi
625 512 135 27 fullständigt
776 512 38 21 och
830 513 35 19 vet
876 513 30 19 att
917 512 49 20 med

142 540 61 26 6,000
218 540 72 21 marks
305 540 127 21 subvention
447 541 42 20 kan
504 541 85 27 mycket
604 541 163 26 åstadkommas,
783 540 53 21 blott
851 546 48 14 man
917 540 49 20 stäl-

142 568 32 21 ler
189 568 161 28 elevafgifterna
365 569 69 21 såsom
449 570 32 26 sig
496 569 43 21 bör.
569 569 41 27 Jag
625 569 96 21 anhåller
736 568 128 22 fortfarande
880 570 30 20 att
919 568 47 21 bor-

142 597 135 27 gareståndet
291 597 50 21 ville
357 598 102 20 vidblifva
473 598 36 20 sitt
523 598 89 27 tidigare
627 598 77 21 beslut.

212 664 33 22 Hr
267 666 152 27 Appelberg:
443 666 40 27 Jag
503 666 38 20 har
556 666 75 21 endast
644 666 116 21 framhållit
776 666 35 20 det
826 665 118 27 oegentliga
959 666 7 19 i

142 695 29 19 att
185 693 86 21 komma
286 694 49 20 med
350 700 27 15 en
392 694 127 28 inbjudning
533 694 13 28 i,
561 694 33 21 för
609 696 30 19 att
653 695 98 27 begagna
771 694 35 21 det
821 694 21 20 af
864 694 24 20 hr
911 693 55 21 Göös

141 722 97 20 använda
260 722 112 27 uttrycket,
387 729 26 15 en
429 723 23 21 så
467 723 86 27 lumpen
568 723 59 27 fråga
642 729 46 15 som
705 723 76 27 denna,
798 722 26 21 då
838 728 50 15 man
903 722 12 20 å
930 728 36 14 an-

141 750 37 20 dra
194 750 60 21 sidan
270 751 18 27 ej
304 751 65 21 fäster
383 751 64 28 något
457 752 99 21 afseende
567 752 35 20 vid
614 752 155 26 inbjudningar
782 751 8 20 i
801 751 78 27 viktiga
891 750 74 28 frågor.

186 841 6 6 ,
211 818 33 22 Hr
267 818 74 22 Göös:
364 819 33 21 Då
418 820 25 20 hr
462 820 93 21 Neovius
571 820 98 21 framhöll
685 821 30 19 att
731 819 74 21 skolan
821 819 46 21 icke
883 818 37 21 bar
934 818 32 28 sig

141 847 39 21 och
196 849 30 19 att
240 847 73 21 skälen
328 848 47 20 icke
390 855 50 14 voro
457 848 25 21 de
498 848 142 27 ekonomiska,
655 848 24 21 så
693 848 45 20 kan
752 848 36 27 jag
803 848 46 20 icke
862 846 58 22 finna
930 854 36 13 an-

140 878 37 18 nat
192 878 26 18 än
234 878 31 19 att
280 876 35 21 det
330 883 37 14 var
382 876 25 21 de
423 879 46 19 rent
484 877 142 28 pedagogiska
641 877 52 21 eller
710 878 30 19 att
755 875 75 22 skolan
846 875 53 21 hade
915 876 51 20 brist

140 904 27 27 på
188 904 76 28 elever.
294 904 63 22 Detta
377 907 22 19 är
414 905 46 21 icke
480 905 59 21 fallet
553 906 7 20 i
575 906 53 20 Åbo.
658 906 69 26 Ingen
743 905 39 20 har
796 904 80 21 kunnat
895 904 71 20 bevisa

140 934 30 19 att
185 933 47 21 Åbo
245 933 204 22 fruntimmersskola
465 934 68 21 skulle
549 941 49 14 vara
614 933 153 28 opedagogiskt
782 932 80 22 ordnad
876 932 51 21 eller
937 934 29 19 att

140 961 129 22 elevantalet
283 962 38 21 där
335 969 50 14 vore
401 963 64 27 ringa.

211 1024 33 21 Hr
259 1023 131 22 Sundvall:
407 1025 53 28 Med
471 1025 115 27 anledning
601 1025 21 20 af
637 1025 55 21 hvad
708 1025 26 20 hr
749 1024 57 21 Göös
816 1024 51 21 talat
878 1030 33 14 om
924 1024 41 21 den

140 1054 56 19 stora
208 1052 57 27 brist,
281 1059 46 14 som
341 1053 69 21 finnes
425 1054 7 19 i
447 1053 46 21 Åbo
514 1053 59 21 skola
587 1060 78 21 genom
680 1055 31 19 att
727 1053 41 20 den
784 1053 38 20 har
837 1052 53 21 blott
904 1052 61 27 6,000

138 1081 72 20 marks
226 1081 127 21 subvention
369 1083 39 20 och
424 1082 47 21 dess
486 1082 86 27 utgifter
586 1084 35 19 äro
638 1082 23 21 så
676 1083 58 20 stora
749 1083 31 19 att
793 1081 61 27 3,000
864 1081 59 20 mark
934 1081 32 20 för

139 1109 72 27 hvarje
228 1109 22 21 år
265 1110 86 27 uppstår
366 1110 69 21 såsom
450 1111 57 26 brist,
522 1110 23 21 så
560 1111 36 20 vill
611 1111 35 27 jag
661 1110 83 28 påpeka
767 1111 35 25 att,
825 1109 65 27 enligt
910 1109 55 21 hvad

138 1138 36 27 jag
189 1138 36 20 vill
240 1139 91 26 minnas,
346 1139 229 26 petitionsmemorialet
589 1139 54 20 talar
653 1146 35 13 om
699 1145 28 14 en
739 1139 52 20 brist
802 1138 20 21 af
833 1138 61 26 3,000
906 1138 59 20 mark

139 1166 27 27 på
188 1172 40 15 ena
250 1166 76 27 stället,
346 1173 49 15 men
416 1167 61 21 dessa
493 1168 59 26 3,000
568 1168 60 20 mark
642 1167 115 22 reduceras
774 1167 54 20 dock
843 1166 27 27 på
885 1168 29 19 ett
928 1173 37 14 an-

138 1196 37 19 nat
198 1195 59 20 ställe
281 1195 31 20 till
335 1195 75 27 2,4000
425 1196 65 21 mark.
521 1195 81 22 Genom
617 1197 30 20 att
662 1195 77 21 skolan
754 1195 69 20 skulle
839 1195 21 20 få
875 1201 25 14 en
916 1195 49 20 sub-

138 1223 87 20 vention
248 1223 21 20 af
291 1223 62 27 8,000
376 1224 66 28 mark,
465 1224 67 21 skulle
548 1225 35 20 det
598 1224 82 21 således
695 1224 68 21 blifva
779 1229 26 15 en
821 1223 52 21 brist
888 1223 20 21 af
923 1223 41 21 400

138 1251 66 21 mark.
234 1251 45 28 Mig
294 1258 63 20 synes
373 1254 30 19 att
417 1253 47 20 Abo
480 1253 101 20 kommun
597 1255 22 18 är
634 1253 23 20 sä
673 1254 45 19 stor
733 1253 40 20 och
789 1251 23 21 så
822 1251 32 21 rik
865 1253 29 20 att
904 1252 60 21 dessa

138 1280 42 20 400
195 1280 60 21 mark
271 1280 64 21 borde
350 1281 81 21 kännas
446 1281 37 21 bra
505 1281 50 21 litet.
585 1281 40 21 För
648 1281 65 27 öfrigt
733 1283 61 25 säger
812 1281 25 20 hr
857 1280 55 21 Göös
935 1282 30 19 att

138 1308 36 21 det
196 1310 22 19 är
240 1309 66 20 andra
328 1309 66 20 motiv
416 1311 27 19 än
465 1316 36 14 ren
520 1309 141 28 hushällning,
680 1316 48 14 som
747 1311 38 25 gör
800 1311 30 18 att
845 1315 48 14 man
910 1310 52 19 mot-

138 1338 41 19 satt
194 1337 32 27 sig
241 1337 70 21 denna
327 1337 64 21 skola.
421 1337 62 22 Detta
498 1338 33 20 fär
545 1345 29 13 nu
590 1338 31 21 stä
635 1338 33 21 för
683 1339 55 19 hans
749 1343 55 21 egen
814 1337 94 27 räkning,
919 1337 45 20 ifall

137 1371 50 15 man
209 1365 38 28 gär
268 1366 22 21 in
312 1365 27 28 pä
361 1367 128 21 motivernas
510 1366 90 22 omräde.
629 1367 42 27 Jag
687 1367 34 20 för
735 1366 46 20 min
796 1366 35 21 del
847 1365 72 27 tycker
934 1365 30 21 ät-

137 1394 106 21 minstone
267 1397 29 18 att
317 1395 35 21 det
375 1397 23 18 är
419 1396 65 20 motiv
506 1402 43 20 nog
571 1397 35 25 att,
622 1396 27 20 dä
663 1397 72 19 staten
750 1395 7 20 i
773 1394 115 21 allmänhet
903 1394 61 26 följer

137 1422 111 27 principen
264 1425 29 18 att
308 1423 68 21 sävidt
391 1424 82 27 möjligt
487 1424 52 20 blott
554 1424 165 21 subventionera
741 1422 222 28 fruntimmersskolor,

138 1450 35 21 det
188 1452 23 19 är
226 1451 49 20 med
291 1451 30 21 alt
335 1452 45 20 skäl
396 1458 45 14 som
457 1452 41 21 den
514 1452 63 21 också
591 1454 38 26 gör
644 1452 58 21 detta
714 1452 49 20 med
775 1451 99 21 afseende
888 1450 11 21 ä
909 1450 53 21 Åbo.

138 1478 69 21 Sedan
230 1479 83 21 ständet
331 1486 31 14 nu
377 1480 38 21 har
430 1480 86 22 beslutit
530 1482 29 19 att
573 1481 97 21 Joensuu
687 1480 207 20 fruntimmersskola
910 1479 52 21 skall

137 1507 119 27 Ofvertagas
271 1508 21 20 af
307 1510 74 26 staten,
397 1515 63 20 synes
476 1509 34 21 det
525 1509 123 27 visserligen
663 1508 73 22 såsom
751 1515 36 14 om
802 1508 159 21 konsekvensen
