1017 1731
170 111 40 20 608
381 116 179 21 Borgareståndet
573 118 53 16 1891.
649 118 24 16 10
686 117 59 21 april

140 196 42 20 kan
204 196 72 20 fordra
303 196 36 21 det
362 203 56 19 man,
434 196 32 21 för
481 198 30 19 att
526 196 90 21 bedöma
631 203 26 14 en
673 197 41 26 lag,
729 196 55 21 skall
799 196 44 21 läsa
858 203 56 20 noga
929 197 43 26 ige-

140 231 50 14 nom
212 225 41 20 alla
277 225 48 20 dess
344 225 126 27 paragrafer,
493 227 23 24 ty
531 231 50 14 man
597 225 40 20 kan
654 225 47 20 icke
717 225 79 20 skrifva
812 231 26 14 en
854 225 35 27 lag
904 225 23 20 så
942 227 30 19 att

140 253 73 26 hvarje
228 253 99 27 paragraf
341 253 7 20 i
364 253 38 20 och
418 253 33 20 för
465 253 32 27 sig
513 255 23 18 är
551 253 118 28 tillräcklig,
681 253 34 21 för
725 255 30 18 att
767 253 64 20 förstå
844 253 48 21 hela
902 253 68 28 lagen;

140 281 26 20 de
189 281 70 20 skilda
281 282 148 27 paragraferna
453 281 59 21 skola
527 281 47 21 icke
590 289 50 13 vara
655 281 66 28 några
737 281 170 21 kommentarier.
938 281 33 21 En

140 310 159 26 omständighet
314 312 23 18 är
351 310 7 19 i
374 310 41 20 alla
431 310 37 20 fall
483 312 31 19 att
527 310 81 26 beakta,
624 310 109 27 nämligen
749 312 30 19 att
794 310 63 27 lagen
868 310 64 21 också
940 310 32 21 till

141 338 71 27 någon
236 338 35 20 del
287 338 90 20 skrifves
391 338 34 21 för
439 339 90 26 jurister,
545 345 46 14 som
604 339 60 20 skola
679 338 58 21 tolka
753 339 47 24 den,
817 339 39 20 och
872 345 33 14 om
921 345 50 14 man

141 366 91 21 skrifver
254 366 42 21 den
319 366 22 21 sä
364 368 114 25 ,gement",
500 369 30 18 att
547 367 52 20 hvar
614 373 49 14 man
680 367 54 20 skall
749 367 67 20 förstå
830 367 48 26 den,
894 367 22 20 sä
930 367 41 20 kan

140 395 36 20 det
200 394 38 21 lätt
259 395 70 20 hända
345 397 34 24 att,
395 395 27 20 då
437 395 40 20 den
493 395 54 20 skall
563 395 73 26 tolkas,
653 395 36 21 det
704 395 41 20 blir
759 395 141 27 tvifvelaktigt
916 395 55 21 hvad

140 429 47 14 som
211 425 23 18 är
256 423 40 21 den
320 423 95 27 värkliga
430 424 119 27 meningen.
580 424 39 20 Att
633 423 26 28 gå
673 424 41 20 den
730 423 86 27 gyllene
831 423 139 28 medelvägen

140 453 23 18 är
181 451 87 27 mycket
283 451 62 27 svårt,
363 452 36 21 det
413 454 23 18 är
451 452 41 21 den
508 452 93 21 svåraste
617 452 84 27 uppgift
716 452 7 20 i
739 452 166 27 lagstiftningen,
922 458 48 15 men

139 480 35 27 jag
196 482 44 18 tror
265 480 46 21 icke
337 482 30 19 att
392 487 49 14 man
465 481 49 20 med
539 481 45 20 skäl
610 481 41 20 kan
675 480 66 27 påstå,
758 483 30 18 att
804 480 26 21 de
845 480 64 27 lagar,
925 487 45 14 som

140 511 109 18 emanerat
272 509 38 20 hos
331 515 40 14 oss,
391 509 46 20 icke
454 509 53 21 varit
522 509 80 21 skrifna
617 509 33 21 för
664 509 76 26 folket;
757 509 40 21 och
813 515 34 14 om
862 515 51 14 man
928 511 43 19 tror

140 537 42 25 det,
194 537 23 20 så
233 537 70 21 skulle
317 538 36 26 jag
369 538 61 26 bedja
445 538 158 20 vederbörande
619 544 56 21 noga
690 539 49 25 taga
754 537 122 21 kännedom
891 544 34 14 om
941 537 29 21 la-

140 572 66 20 garna
222 566 144 26 annorstädes,
382 566 6 20 i
403 566 80 20 hvilket
499 566 36 20 fall
551 572 49 14 man
616 566 120 27 säkerligen
752 566 54 20 skall
822 566 65 20 blifva
902 566 68 21 öfver-

139 594 66 26 tygad
221 600 33 14 om
272 596 120 19 motsatsen.

209 678 33 20 Hr
265 678 138 28 Eneberg:
430 679 105 21 Utskottet
554 680 38 20 har
610 680 27 26 på
652 686 47 20 pag.
716 680 27 20 23
759 679 80 21 försökt
854 679 116 21 framställa

140 706 26 21 de
188 707 51 26 skäl,
261 714 45 14 som
329 708 85 20 förmått
428 708 113 20 utskottets
556 708 105 27 majoritet
677 710 31 19 att
723 714 51 14 anse
787 710 30 18 att
832 710 29 18 ett
877 708 93 20 aktiebo-

140 735 35 27 lag
190 735 47 21 icke
253 736 112 27 rätteligen
380 736 38 20 bör
433 736 22 20 få
469 736 60 21 bestå
539 737 22 19 af
576 736 35 21 två
626 742 102 21 personer
739 736 39 21 och
790 736 46 21 att
827 731 10 37 i
849 736 57 21 detta
917 736 53 21 afse-

140 764 55 20 ende
211 764 63 20 äfven
289 766 32 18 tre
336 766 23 18 är
375 764 35 21 det
425 764 52 21 allra
491 765 84 27 minsta,
590 765 85 20 hvartill
686 771 50 14 man
750 764 50 21 med
812 764 63 28 något
886 765 51 20 sken
950 765 20 20 af

140 794 40 18 rätt
195 792 42 20 kan
253 792 90 21 komma.
374 792 41 21 Det
431 795 22 18 är
468 793 87 27 onödigt
569 795 30 19 att
613 794 36 26 jag
664 800 108 20 upprepar
786 792 62 21 dessa
862 793 52 23 skäl,
924 799 44 15 som

140 820 68 20 delvis
230 820 67 21 redan
320 821 80 21 anförts
422 822 21 20 af
458 822 25 20 hr
499 821 125 21 Serlachius.
654 822 43 26 Jag
712 821 37 21 vill
766 821 53 21 dock
835 823 57 19 ännu
906 822 64 20 fram-

140 848 62 27 hålla,
224 851 30 19 att
277 851 30 19 ett
329 850 119 27 aktiebolag
469 852 22 18 är
507 852 29 18 ett
551 850 150 27 kapitalbolag,
716 850 47 20 icke
779 852 30 18 ett
823 850 147 27 personbolag,

140 877 40 20 och
196 879 30 18 att
241 884 50 14 man
307 878 69 20 under
391 878 41 20 alla
447 878 144 21 förhållanden
607 878 67 21 måste
690 878 99 20 fasthålla
802 878 70 20 denna
882 878 86 28 princip,

139 906 23 26 ty
178 912 80 20 annars
273 906 84 20 komme
372 913 51 13 man
438 906 105 21 bestämdt
557 906 31 21 till
604 907 68 21 falska
688 906 84 21 åsikter.
804 906 56 27 Vilja
876 913 26 14 en
918 906 51 21 eller

140 933 35 21 två
197 940 102 21 personer
320 934 67 21 drifva
406 941 27 14 en
448 935 56 27 affär,
520 935 23 21 så
558 937 23 18 är
596 935 57 21 detta
668 935 48 21 icke
731 941 47 15 mer
794 941 26 15 en
835 935 134 27 kapitalföre-

139 962 53 27 ning
217 965 52 18 utan
295 969 26 14 en
345 963 184 28 personförening;
554 970 50 14 man
624 964 68 21 måste
708 963 63 21 hafva
786 969 46 15 mer
842 965 26 19 än
880 964 35 20 två
923 970 46 21 per-

139 997 69 20 soner,
225 993 23 24 ty
264 997 78 14 annars
357 993 36 19 äro
409 992 60 21 deras
484 992 99 21 inbördes
599 992 245 21 öfverenskommelser
835 988 11 35 i
855 992 71 27 vanlig
936 993 33 26 ju-

137 1019 67 20 ridisk
227 1020 88 27 mening
337 1019 85 27 sådana,
445 1022 29 19 att
496 1021 64 26 ingen
580 1021 113 26 bevisning
709 1021 42 20 kan
767 1020 131 21 framställas.
928 1021 42 27 Jag

137 1047 120 28 medgifver
280 1050 30 19 att
331 1048 63 21 äfven
417 1051 30 18 tre
463 1051 23 18 är
508 1051 30 18 ett
555 1049 86 26 mycket
655 1049 48 20 litet
719 1049 57 20 antal
792 1049 39 20 och
847 1051 74 18 nästan
937 1049 33 21 för

137 1075 51 26 litet,
211 1083 50 14 men
283 1076 35 21 det
333 1077 38 20 har
385 1077 121 27 medgifvits
520 1078 8 19 i
543 1077 102 22 utskottet
659 1078 46 27 just
717 1077 71 20 därför
804 1079 34 24 att,
854 1077 69 21 såsom
940 1078 29 20 äf-

137 1110 41 15 ven
201 1105 39 20 här
262 1105 70 20 blifvit
347 1105 124 27 framhället,
487 1106 6 20 i
509 1105 46 21 vårt
569 1106 50 20 land
635 1106 47 21 icke
699 1105 104 21 existerar
818 1105 70 28 någon
904 1106 65 21 aktie-

137 1133 83 20 svindel
244 1134 40 20 och
307 1135 30 19 att
352 1134 160 21 förhållandena
527 1135 38 20 här
580 1135 73 20 kunna
668 1134 86 27 påkalla
770 1134 114 27 lindrigare
901 1134 69 21 vilkor

137 1162 26 18 än
179 1161 8 20 i
203 1161 26 20 de
245 1163 58 19 stora
318 1162 180 21 kulturländerna.
529 1163 69 20 Sedan
614 1163 88 20 komma
717 1163 21 19 vi
754 1162 32 21 till
799 1162 41 21 den
853 1163 66 20 andra
928 1165 41 18 sat-

137 1195 44 15 sen,
204 1189 87 21 hvilken
315 1191 23 19 är
356 1197 26 14 en
398 1191 52 27 följd
467 1191 21 20 af
503 1193 30 18 att
548 1191 142 28 aktiebolaget
706 1193 23 18 är
745 1197 26 14 en
787 1191 182 27 kapitalförening,

137 1218 30 19 att
190 1217 36 21 det
246 1218 109 27 nämligen
370 1220 23 19 är
408 1225 27 14 en
450 1219 207 28 undantagsförmån,
673 1225 48 15 som
737 1225 77 21 genom
829 1219 140 27 aktiebolags-

136 1245 84 21 formen
235 1245 90 28 beviljas
340 1253 106 21 personer,
461 1254 45 14 som
523 1247 67 21 drifva
605 1248 82 21 affärer.
718 1247 74 28 Enligt
806 1247 42 21 den
864 1247 106 28 naturliga

136 1275 68 19 rätten
221 1276 23 18 är
260 1275 155 28 otvifvelaktigt
430 1278 30 19 att
474 1276 53 21 hvar
542 1277 39 20 och
597 1283 32 20 en,
644 1282 48 15 som
709 1275 79 21 drifver
799 1275 79 23 affärer,
891 1277 23 18 är
924 1282 46 21 per-

136 1302 98 27 sonligen
259 1303 110 28 ansvarig;
393 1311 49 14 man
461 1304 54 21 skall
530 1305 73 20 kunna
617 1305 58 20 hålla
691 1305 32 26 sig
738 1304 48 21 icke
802 1303 52 21 blott
869 1304 32 20 till
916 1304 53 20 hans

137 1330 156 27 förmögenhet,
313 1334 50 18 utan
380 1332 63 21 äfven
457 1333 8 20 i
480 1339 27 14 en
522 1333 43 20 viss
580 1333 51 27 grad
647 1333 33 21 till
696 1333 53 20 hans
765 1333 83 26 person.
879 1332 27 20 Vi
922 1334 48 19 veta

136 1359 23 26 ju
183 1361 30 19 att
236 1359 59 21 detta
317 1366 74 16 senare
412 1361 132 21 förhållande
567 1361 68 21 under
654 1361 97 21 tidernas
767 1361 49 27 lopp
831 1361 86 26 mycket
932 1361 38 20 har

135 1387 121 21 förändrats
279 1388 39 20 och
341 1389 134 24 förmildrats,
497 1396 49 14 men
567 1391 70 20 säkert
659 1392 24 18 är
705 1391 30 19 att
753 1390 58 20 detta
826 1396 82 20 ansvar,
924 1396 45 14 som

135 1415 43 21 den
201 1416 98 21 enskilda
322 1417 73 27 åtager
416 1418 38 27 sig,
476 1418 62 20 äfven
559 1425 35 20 nu,
609 1418 49 21 med
676 1418 51 20 våra
742 1418 66 20 milda
823 1418 65 27 lagar,
903 1418 67 20 starkt

135 1443 124 21 ätervärkar
282 1444 27 27 pä
332 1446 53 20 hans
407 1446 120 27 personliga
539 1446 155 22 förhållanden.
724 1446 10 20 1
755 1446 214 26 aktiebolagsformen

135 1471 111 22 bortfaller
262 1473 59 21 detta
335 1474 120 28 personliga
470 1474 131 22 förhållande
616 1475 44 21 helt
676 1475 41 20 och
732 1474 71 27 hållet,
819 1474 38 20 där
871 1474 99 21 framstår

134 1500 77 20 endast
231 1501 108 27 kapitalet.
369 1502 42 28 Jag
433 1503 42 20 kan
491 1503 128 27 visserligen,
635 1503 73 21 såsom
723 1503 25 20 hr
762 1502 85 28 Elving,
862 1502 107 27 medgifva
