1017 1731
279 111 180 24 Borgareståndet
472 113 53 17 1891.
549 113 24 16 10
585 113 59 21 april.
814 108 41 21 643

51 191 89 21 sålunda
155 193 31 24 är
206 191 114 28 obehöfligt
341 191 44 27 här,
403 191 61 21 hälst
484 191 103 22 ntskottet
600 192 45 27 just
658 191 33 21 för
705 193 31 19 att
750 191 22 21 få
786 192 22 20 in
825 192 57 21 detta

51 219 117 28 stadgande
190 220 39 21 har
245 219 104 26 omkastat
363 219 152 28 paragraferna
530 220 39 21 och
584 217 91 30 sålunda
687 219 152 26 åstadkommit
852 219 28 22 de

51 248 21 21 af
91 248 45 27 mig
158 248 94 27 antydda
273 248 182 27 förändringarna.
486 248 43 21 Vid
545 248 122 27 jämförelse
682 248 22 21 af
719 248 26 21 16
762 249 20 49 K
796 248 86 25 hvarest

51 277 35 21 det
101 277 85 27 stadgas
201 278 30 20 att
245 276 60 21 öfver
319 277 98 26 samtliga
432 276 139 28 bolagslotter
580 276 55 21 skall
645 277 56 20 föras
711 277 105 27 aktiebok,
827 283 53 21 upp-

51 305 91 28 tagande
162 311 90 21 egarens
274 311 70 21 namn,
367 305 62 21 stånd
452 306 41 20 och
508 305 130 28 boningsort,
653 305 38 20 där
705 303 173 30 aktiebrefvet
856 299 25 38 ej

50 333 62 27 lyder
126 333 13 21 &
153 333 158 27 innehafvaren,
333 333 50 22 med
403 333 165 28 bestämningen
582 334 8 20 i
606 334 26 20 31
649 330 19 30 $,
690 335 31 20 att
741 334 86 27 bolaget
841 334 39 21 har

50 362 99 27 rättighet
162 363 38 24 att
218 361 75 28 pröfva
307 361 133 22 öfverlätelse
457 362 22 21 af
494 362 55 21 aktie
565 362 40 21 och
619 364 31 25 att
665 362 65 21 sådan
746 361 133 22 öfverlätelse

49 391 48 20 icke
120 397 50 20 eger
189 390 79 21 värkan
282 392 45 19 mot
341 390 86 27 bolaget
441 391 68 20 innan
523 397 30 21 ny
568 397 63 21 egare
646 391 69 20 blifvit
729 391 8 20 i
752 390 128 22 aktieboken

49 419 124 27 inskrifven,
188 419 92 27 framgär
294 420 31 19 att
339 419 127 21 utfärdande
482 419 21 21 af
517 418 157 22 interimsbevis
684 419 32 21 till
725 419 154 21 innehafvaren

49 447 47 22 icke
111 448 39 21 har
169 447 80 23 värkan
268 449 45 19 mot
327 447 90 28 bolaget.
446 447 44 28 Jag
505 447 38 21 vill
559 447 54 22 dock
627 447 47 22 icke
689 447 53 27 yrka
757 447 27 28 pä
799 447 80 22 uteslu-

50 476 64 21 tande
130 477 21 20 af
166 476 70 21 denna
250 476 141 27 bestämning,
407 482 35 14 om
458 476 103 21 utskottet
571 476 50 21 med
631 476 148 21 bibehållande
790 476 21 21 af
822 476 56 21 detta

50 505 116 49 Hacgande
181 505 43 21 kan
238 505 75 27 bringa
328 505 13 27 $
357 505 27 20 18
398 504 8 21 i
421 504 222 22 öfverensstämmelse
658 504 48 22 med
722 505 157 27 propositionen

50 534 8 20 i
73 534 69 27 öfrigt.

118 601 34 21 Hr
166 601 139 21 Snellman:
321 601 34 21 Då
369 602 36 27 jag
419 602 20 26 ej
455 602 44 20 kan
513 601 66 21 förstå
589 602 86 20 hvilken
686 602 79 21 värkan
776 602 27 27 på
813 602 65 21 aktie-

50 636 101 21 egarenes
165 630 131 21 förhållande
311 630 100 21 inbördes
426 630 54 21 eller
494 630 32 21 till
541 630 67 27 tredje
624 636 49 15 man
688 630 35 22 det
737 630 8 21 i
760 631 13 20 3
783 637 63 14 mom.
857 630 22 21 af

50 659 13 26 $
79 659 27 20 18
120 658 106 28 ingående
241 658 125 28 stadgandet
381 658 37 28 ,,Ej
429 658 37 21 må
476 658 124 28 bolagsman
613 659 34 20 sin
658 659 65 21 insats
736 660 44 20 mot
792 659 87 21 fordran

49 687 39 21 hos
110 687 85 28 bolaget
215 687 78 21 kvitta"
316 687 42 21 kan
373 687 70 27 hafva,
459 686 24 22 så
496 687 65 27 vågar
575 688 36 26 jag
625 687 76 28 föreslå
717 689 30 19 att
761 687 59 21 detta
833 693 46 15 mo-

49 717 59 19 ment
123 715 65 21 måtte
202 715 45 21 helt
262 716 39 20 och
315 715 66 21 hållet
395 715 52 27 utgå
462 722 28 14 ur
504 716 130 27 paragrafen.
664 716 31 20 Är
709 716 109 26 värkligen
834 721 44 15 me-

49 744 79 27 ningen
144 744 41 20 den
201 745 30 19 att
245 744 126 27 aktieegare,
386 750 46 14 som
447 744 41 21 har
501 744 87 21 fordran
603 744 39 20 hos
652 744 89 27 bolaget,
751 744 47 21 icke
809 744 69 20 skulle

49 772 21 21 få
84 774 46 19 mot
144 778 27 15 en
186 772 106 27 påbjuden
308 772 133 28 inbetalning
456 772 69 22 kvitta
540 773 33 20 sin
588 772 92 28 fordran,
695 772 24 21 så
733 772 43 21 kan
786 773 36 27 jag
830 772 48 21 icke

49 800 87 28 begripa
158 800 41 28 det,
222 801 39 21 och
282 802 23 19 är
325 801 116 27 meningen
459 800 72 28 någon
547 808 77 20 annan,
639 801 24 21 så
676 801 67 21 måste
758 801 58 21 detta
830 802 48 19 när-

49 836 59 14 mare
130 829 122 21 beskrifvas.
283 829 58 21 Skall
356 831 13 19 t.
385 836 33 14 ex.
433 829 164 28 inbetalningen
615 831 62 25 göras
691 830 8 20 i
714 831 29 19 ett
757 828 122 28 bankbolag

50 858 21 20 af
85 864 27 14 en
128 858 100 27 aktionär,
250 864 46 14 som
319 856 50 29 eger
390 864 27 15 en
438 858 189 27 postremissväxel
641 858 27 27 pä
683 864 80 14 samma
778 858 62 26 bank,
856 857 24 21 sä

48 886 42 21 kan
111 886 36 27 jag
165 886 47 21 icke
234 886 65 21 förstä
321 886 84 21 hvarför
420 886 43 21 han
479 886 48 22 icke
541 886 58 28 finge
612 886 71 21 lämna
699 886 70 21 denna
783 886 8 20 i
805 885 73 21 likvid.

117 960 33 21 Hr
164 960 131 28 Eneberg:
311 961 42 27 Jag
368 961 42 20 kan
425 961 49 20 icke
489 961 60 20 finna
563 963 31 19 att
608 967 50 14 man
672 961 28 28 pä
714 960 65 27 nägot
789 962 41 19 sätt
841 960 37 21 be-

48 989 75 21 höfver
144 989 86 21 komma
252 989 31 20 till
306 989 42 21 den
363 989 139 28 slutledning,
518 989 31 21 till
564 989 87 21 hvilken
665 989 25 21 hr
705 989 120 21 Serlachius
840 989 39 20 har

48 1017 94 21 kommit.
172 1017 42 21 Det
228 1017 124 22 nuvarande
368 1018 13 20 2
396 1024 64 14 mom.
477 1020 24 19 är
514 1018 8 20 i
537 1018 132 21 förhällande
686 1018 32 21 till
740 1018 5 20 1
761 1023 63 15 mom.
841 1023 37 14 en-

48 1046 45 21 kelt
115 1046 39 21 och
176 1045 56 21 klart
253 1046 40 21 och
313 1046 42 21 kan
376 1046 47 21 icke
444 1047 68 20 strida
526 1048 45 19 mot
586 1046 66 28 några
666 1046 142 27 grundsatser.
838 1045 11 20 I
865 1045 11 20 1

48 1081 63 14 mom.
127 1074 59 21 heter
202 1074 44 21 det:
263 1074 140 28 ,Bolagsman
419 1081 52 14 vare
486 1075 76 27 pliktig
577 1077 30 18 att
621 1075 8 20 i
644 1075 83 26 bolaget
742 1074 49 20 fullt
800 1074 78 20 insätta

49 1103 36 20 det
99 1102 83 27 belopp,
204 1103 65 20 hvarä
284 1103 52 20 hans
351 1103 56 21 aktie
422 1103 81 27 lyder".
533 1103 11 21 I
560 1104 12 20 2
588 1110 63 14 mom.
666 1105 23 18 är
704 1104 29 19 ett
748 1102 75 21 sådant
837 1108 41 14 un-

49 1131 78 27 dantag
148 1131 70 26 gjordt
240 1131 33 20 för
287 1131 201 28 försäkringsbolag,
503 1133 30 20 att
549 1132 35 21 det
598 1132 43 20 kan
656 1131 83 27 stadgas
754 1131 7 20 i
777 1130 48 21 dess
840 1130 38 21 bo-

48 1159 143 27 lagsordning,
207 1161 30 20 att
252 1165 26 15 en
293 1160 44 21 viss
352 1160 35 21 del
402 1160 21 21 af
438 1160 75 27 hvarje
529 1160 67 21 akties
611 1160 76 27 belopp
701 1159 33 21 fär
749 1159 69 21 utestä
833 1160 45 19 mot

49 1187 55 21 skild
119 1187 129 22 förbindelse
263 1188 21 20 af
299 1188 140 27 aktieegaren.
466 1188 52 21 Man
532 1189 43 20 kan
589 1189 24 27 ju
628 1189 47 20 icke
689 1187 56 22 kalla
761 1194 26 14 en
797 1187 81 21 förbin-

49 1216 57 21 delse
129 1217 30 19 att
179 1216 68 21 under
265 1217 56 20 vissa
335 1217 150 20 förhällanden
499 1217 94 21 inbetala
607 1217 98 27 beloppet
720 1223 27 14 en
761 1215 116 27 betalning,

48 1245 86 20 hvarför
153 1244 36 27 jag
210 1251 63 14 anser
294 1247 30 18 att
346 1245 6 20 2
367 1251 64 14 mom.
447 1245 45 21 stär
507 1246 7 19 i
529 1245 50 21 fullt
600 1245 107 28 organiskt
724 1244 154 26 sammanhang

47 1273 50 20 med
114 1273 11 20 1
141 1279 63 14 mom.
220 1273 39 20 och
274 1273 38 21 har
326 1273 44 21 lika
385 1273 34 21 väl
434 1273 35 21 sin
485 1274 54 27 plats
554 1274 27 27 pä
596 1274 57 20 detta
668 1273 59 21 ställe
743 1273 39 20 och
795 1272 32 21 till
838 1272 40 20 och

48 1301 49 21 med
119 1301 68 21 bättre
208 1302 154 27 sammanhang
382 1302 49 21 med
454 1302 38 21 det
506 1302 129 27 föregäende
650 1304 26 18 än
691 1302 8 20 i
713 1301 165 28 propositionen,

48 1329 39 21 där
106 1329 161 28 bestämningen
288 1330 63 21 fanns
373 1330 70 21 säsom
465 1331 53 20 sista
538 1332 96 19 moment
651 1331 7 19 i
673 1329 131 28 paragrafen.
834 1328 44 21 Där

48 1358 75 21 hänför
138 1358 32 27 sig
184 1357 163 29 bestämningen
361 1359 32 21 till
409 1359 170 28 ansvarigheten,
594 1365 50 15 men
660 1358 134 28 ansvarighet
808 1357 70 21 finnes

48 1392 48 22 nog.
126 1386 41 21 Det
187 1387 94 27 värkliga
303 1387 141 21 förhällandet
464 1390 25 18 är
504 1390 30 18 att
549 1394 27 14 en
591 1388 35 20 del
641 1387 20 21 af
677 1386 155 27 aktiebeloppet
846 1385 33 21 fär

48 1414 70 22 utestä
138 1416 44 20 mot
204 1421 26 15 en
253 1416 89 20 särskild
364 1416 138 21 förbindelse.
531 1416 64 21 Hvad
617 1415 120 21 sedermera
751 1414 99 21 beträffar
866 1414 12 20 5

47 1449 71 21 mom.,
133 1443 23 21 sä
171 1443 66 27 gäller
252 1444 41 20 den
309 1444 140 27 ansvarighet,
473 1445 89 20 hvarom
583 1444 38 21 där
635 1446 24 18 är
673 1444 64 27 fråga,
753 1442 75 22 endast
843 1442 36 20 det

47 1471 138 27 förhällande,
200 1478 46 14 som
262 1478 50 21 eger
326 1479 48 14 rum
390 1472 35 21 vid
441 1472 136 22 öfverlätelse
592 1473 66 20 innan
673 1472 96 21 aktierna
784 1472 36 19 äro
845 1469 33 21 till

46 1499 54 21 fullo
122 1500 107 21 inbetalda
250 1500 41 21 och
313 1500 146 22 aktiebrefven
475 1501 118 21 utfärdade.
623 1500 12 21 I
650 1501 26 20 19
692 1500 12 27 &
719 1500 60 21 heter
794 1498 36 21 det
845 1500 33 19 ut-
