1017 1731
166 96 42 20 648
379 102 178 21 Borgareståndet
571 103 53 17 1891.
650 103 23 17 14
685 102 60 21 april.

207 181 11 21 I
234 182 153 27 sammanhang
401 182 87 21 härmed
505 182 68 21 beslöt
587 181 180 28 borgareståndet,
778 181 26 28 på
814 181 155 27 framställning

138 209 22 22 af
174 210 26 21 hr
214 210 131 27 talmannen,
359 210 129 21 beträffande
503 211 133 27 justeringen
651 210 21 21 af
687 209 126 22 ständernas
824 209 145 28 expeditioner

139 240 35 25 att,
196 238 71 21 därest
289 239 53 21 efter
364 239 140 27 landtdagens
525 239 43 21 slut
582 238 179 29 meningsolikhet
777 238 91 21 emellan
883 237 86 28 expedi-

141 267 66 20 tions-
223 267 40 20 och
277 267 224 28 justeringsutskotten
517 267 110 28 angående
641 267 143 22 redaktionen
799 267 21 20 af
834 266 64 28 något
913 268 56 19 stän-

139 295 77 21 dernas
237 301 49 14 svar
308 295 52 22 eller
380 302 71 14 annan
473 295 111 22 skrifvelse
607 295 110 28 uppstode,
741 295 62 21 dessa
820 295 80 20 utskott
916 295 53 26 egde

138 323 158 22 sammanträda
310 323 32 21 till
357 330 122 21 gemensam
495 324 162 28 öfverläggning
671 324 70 21 under
756 323 179 27 ordförandeskap
948 323 21 20 af

138 351 230 28 justeringsutskottets
390 352 125 21 ordförande
531 353 40 20 och
585 353 74 20 därvid
675 359 78 20 genom
774 358 122 21 gemensam
911 353 58 19 vote-

138 380 49 27 ring
202 380 73 27 afgöra
289 380 80 28 frågan,
385 381 109 21 äfvensom
509 383 30 19 att
554 381 36 21 det
605 381 68 21 skulle
689 381 115 20 ankomma
809 376 12 37 å
837 380 132 21 statsutskot-

139 410 30 19 tet
191 410 31 19 att
243 409 78 21 föreslå
343 409 26 21 de
392 409 98 28 arvoden,
513 409 72 22 hvilka
607 410 167 21 medlemmarne
797 409 7 20 i
827 408 142 21 ofvannämda

140 438 78 20 tvänne
234 437 81 21 utskott
329 437 54 22 efter
397 437 140 28 landtdagens
552 438 43 21 slut
610 438 53 28 egde
679 438 100 27 uppbära.

210 568 67 21 Nästa
298 568 88 28 plenum
406 569 84 21 komme
512 571 30 19 att
564 569 66 21 hållas
653 569 98 27 tisdagen
775 569 40 21 den
832 568 27 20 14
874 568 51 27 april
941 568 29 20 kl.

169 602 17 15 e.
202 603 27 13 m.

210 726 93 22 Plenum
318 728 107 26 upplöstes
440 728 27 20 kl.
485 728 60 27 12,20
561 728 27 28 pä
603 730 78 19 natten.

755 812 21 18 In
788 812 61 18 fidem:

697 852 27 21 A.
747 852 22 21 V.
785 852 116 28 Lindberg.

273 1050 149 34 Tisdagen
440 1051 56 27 den
516 1051 33 27 14
567 1052 80 33 april
665 1051 43 28 kl.
726 1051 17 28 6
762 1059 25 20 e.
805 1059 37 19 m.

209 1118 42 21 Vid
275 1119 116 22 värkstäldt
413 1126 80 21 upprop
515 1120 106 21 hbefunnos
641 1120 143 21 frånvarande
805 1121 35 20 hrr
855 1117 115 29 Öhman,

139 1145 144 29 Snellman,
308 1147 97 28 Walle,
431 1148 77 27 Göös,
535 1149 150 21 Frenckell
713 1149 39 20 och
780 1149 148 27 Sumelius,
949 1149 21 21 af

138 1174 74 32 hvilka
233 1175 26 20 hr
281 1171 109 26 Öhman
411 1176 33 21 till
458 1177 52 27 följd
526 1177 21 21 af
563 1177 150 27 sjukdomsfall
728 1177 58 21 inom
802 1178 33 21 sin
850 1178 66 26 familj
933 1184 38 14 var

138 1203 91 31 hindrad
252 1205 31 19 att
305 1203 31 21 till
359 1205 161 27 städeskomma,
538 1206 37 20 hrr
592 1205 136 22 Snellman
739 1206 40 21 och
790 1205 64 22 Göös
870 1206 31 21 till
916 1206 53 27 följd

138 1231 22 20 af
174 1231 129 32 illamäende
319 1239 51 14 voro
381 1233 102 22 hindrade
494 1235 30 20 att
537 1234 77 21 bivista
628 1235 96 26 plenum,
734 1235 26 20 hr
770 1233 88 22 Walle
866 1233 27 28 pä
900 1234 70 27 grund

138 1259 22 20 af
180 1259 150 28 sjukdomsfall
351 1261 59 21 inom
433 1262 32 20 sin
487 1262 66 27 familj
577 1263 90 27 nödgats
688 1263 70 20 afresa
772 1262 48 21 frän
836 1265 64 24 orten,
916 1264 55 19 samt

136 1287 38 21 hrr
196 1287 139 22 Frenckell
358 1290 39 20 och
420 1289 132 22 Sumelius
574 1291 57 21 förut
654 1291 101 21 utvärkat
770 1291 32 27 sig
818 1291 31 20 till
864 1291 62 20 ständ
941 1292 30 19 att

137 1322 51 15 vara
204 1316 149 22 fränvarande.

206 1373 45 21 Hr
269 1373 143 29 Clouberg,
429 1375 144 28 Forselius,
589 1376 86 22 Walle
695 1377 39 20 och
749 1376 152 21 Herckman
916 1376 55 20 hade

136 1400 96 28 anhällit,
247 1402 26 20 hr
288 1402 127 29 Clouberg
430 1405 30 19 att
474 1404 33 21 för
522 1404 96 22 enskilda
629 1405 181 27 angelägenheter
822 1411 50 15 vara
888 1404 84 20 fränva-

136 1429 68 21 rande
226 1430 48 20 frän
297 1431 125 28 torsdagens
443 1432 94 28 plenum,
552 1433 37 21 hrr
605 1433 144 21 Forselius
767 1434 40 20 och
822 1433 92 27 Walle,
930 1432 42 21 den

135 1457 58 22 förre
208 1458 33 21 för
256 1459 98 21 enskilda
369 1460 178 28 angelägenheter
562 1462 39 20 och
614 1462 41 21 den
671 1468 78 14 senare
765 1462 21 20 af
796 1462 63 20 ofvan
872 1461 100 27 angifven

137 1486 69 28 orsak,
234 1488 31 20 att
287 1487 69 21 utebli
371 1488 47 22 frän
439 1489 64 27 plena
525 1490 68 21 under
615 1490 148 22 innevarande
787 1490 71 27 vecka,
879 1491 55 19 samt
948 1490 24 20 hr
