1017 1731
267 105 178 20 Borgarestänäet
458 106 53 15 1891.
536 105 12 16 9
561 106 47 19 maj.
780 101 51 22 1027

98 185 10 19 1
124 184 116 27 anledning
255 184 22 20 af
292 184 111 21 utskottets
419 184 299 27 sammanjämkningsförslag
733 185 6 20 i
754 184 60 26 fräga
824 192 35 13 om

31 212 157 27 förordningen,
209 212 150 21 innehällande
381 213 55 20 vissa
459 213 132 26 stadganden
609 213 90 20 rörande
714 213 47 27 lega
777 213 21 20 af
813 213 46 26 jord

30 241 26 27 pä
71 241 77 26 landet,
164 241 103 26 begärdes
283 241 60 20 ordet
358 241 21 20 af

100 298 24 19 hr
145 297 134 28 Clouberg,
301 304 44 14 som
361 298 93 26 yttrade:
471 297 34 21 Dä
520 298 56 20 säväl
594 298 112 21 utskottets
720 298 78 27 förslag
814 304 45 14 som

31 326 40 21 den
95 325 75 28 nädiga
191 326 158 27 propositionen
371 326 110 27 angäende
501 327 47 26 lega
569 326 21 21 af
605 326 46 27 jord
667 326 27 27 pä
709 327 71 20 landet
795 327 7 19 i
818 326 40 21 allo

31 354 62 21 hafva
114 355 130 20 underkänts
263 355 22 20 af
304 356 77 19 tvänne
397 354 62 21 ständ
475 355 39 20 och
531 355 90 20 sälunda
636 355 92 23 förfallit,
744 361 64 20 synes
824 355 36 20 det

31 383 43 27 mig
89 385 30 18 att
135 383 101 20 utskottet
251 383 47 20 icke
314 383 44 20 haft
374 383 44 20 skäl
435 385 30 18 att
480 383 77 20 föreslä
570 383 72 20 vidare
653 383 206 28 sammanjämkning

31 411 128 21 beträffande
175 411 57 21 detta
247 411 220 27 författningsförslag,
483 412 116 26 hvarjämte
615 412 35 26 jag
665 411 32 21 för
712 412 44 20 min
772 412 34 20 del
822 418 37 14 an-

31 446 33 14 ser
80 441 29 19 att
124 439 45 21 skäl
185 440 46 20 icke
247 440 66 20 häller
327 439 115 21 förefinnas
457 440 34 21 för
505 440 175 27 borgareständet
695 443 30 18 att
739 440 75 27 frängä
824 440 36 20 sitt

31 468 55 21 förra
109 468 75 21 beslut.
220 468 42 27 Jag
285 468 88 21 föreslår
395 468 71 21 därför
489 471 30 18 att
541 468 319 27 sammanjämkningsförslaget

31 497 68 21 skulle
114 497 103 21 förkastas
233 497 7 20 i
256 497 70 21 denna
341 497 40 20 del.

99 554 32 20 Hr
149 554 124 20 Kivekäs:
290 554 90 26 Pyydän
395 554 65 20 saada
475 554 67 26 yhtyä
557 554 38 20 hra
611 553 127 27 Cloubergin
755 553 103 21 ehdotuk-

32 588 55 21 seen,
103 584 41 19 että
160 582 152 27 porvarissääty
330 581 80 28 pysyisi
426 582 105 21 entiseesä
547 582 167 27 päätöksessään.

99 638 33 21 Hr
147 646 47 13 von
210 639 94 21 Pfaler:
324 638 10 21 I
350 640 87 20 motsats
453 639 32 20 till
501 639 26 20 de
543 638 128 28 föregående
687 638 62 21 ärade
765 638 93 21 talarene

32 667 65 21 mäste
118 668 35 26 jag
174 674 50 14 anse
246 669 30 19 att
294 667 35 21 det
344 667 37 20 har
398 668 53 20 varit
466 667 113 21 utskottets
595 667 120 27 skyldighet
730 669 29 19 att
774 666 85 21 försöka

32 702 25 14 en
73 696 207 26 sammanjämkning
294 696 7 19 i
319 696 56 20 detta
390 696 42 20 fall.
463 695 34 21 Dä
512 702 27 14 en
554 696 56 26 gäng
625 697 77 19 tvänne
718 695 61 21 ständ
792 695 7 20 i
811 694 47 21 huf-

32 724 80 20 vudsak
128 724 62 20 hafva
206 724 81 27 antagit
301 726 30 18 ett
346 724 21 20 af
376 724 127 27 regeringen
514 724 119 20 framstäldt
643 724 78 26 förslag
731 724 39 20 och
780 725 78 19 tvänne

32 752 60 20 ständ
114 752 66 27 afböjt
201 752 41 27 det,
263 752 23 21 sä
306 753 67 20 mäste
390 753 102 20 utskottet
507 752 84 21 försöka
607 754 30 19 att
652 754 94 25 uppgöra
761 758 27 14 en
804 758 55 14 sam-

31 781 160 27 manjämkning
211 781 33 20 för
259 783 30 18 att
303 781 53 26 fylla
372 781 41 21 den
429 781 90 27 uppgift,
535 787 45 14 som
596 780 101 21 utskottet
713 780 65 27 enligt
793 780 22 20 L.
835 780 23 20 O.

32 810 41 20 har.
103 809 63 21 Hvad
189 810 75 26 själfva
279 810 65 20 saken
364 809 105 27 beträffar,
484 810 22 20 sä
523 816 63 20 synes
602 809 36 21 det
652 809 43 26 mig
710 810 30 19 att
755 808 35 21 det
805 808 54 21 före-

32 838 66 26 ligger
112 838 23 20 sä
151 838 76 26 mänga
243 838 45 20 skäl
303 838 33 20 för
351 840 30 18 att
396 838 115 27 godkänna
527 838 69 20 denna
607 837 212 27 sammanjämkning,
830 838 30 19 att

32 866 63 26 nägot
110 866 68 20 beslut
193 867 7 19 i
216 873 71 14 annan
302 866 94 27 riktning
411 866 47 21 icke
475 872 64 21 synes
554 866 44 27 mig
613 866 50 20 böra
679 866 84 20 komma
764 861 14 37 i
794 865 64 27 fräga.

31 894 31 20 De
78 894 118 28 lagförslag,
212 901 45 14 som
274 895 101 20 utskottet
390 901 29 14 nu
435 894 90 22 föreslär
540 895 31 20 till
582 894 161 28 godkännande,
754 895 106 19 motsvara

32 923 6 20 i
53 922 29 21 alt
97 923 113 28 väsentligt
224 924 40 20 den
281 924 105 26 anhällan,
402 930 45 13 som
464 923 113 21 ständerna
594 923 35 20 vid
645 923 54 20 1885
713 922 32 21 ärs
758 922 102 27 landtdag

32 951 78 28 gjorde,
126 951 26 21 dä
168 952 25 20 de
210 952 83 20 anhöllo
310 959 34 13 om
359 952 152 27 föreläggande
523 952 20 20 af
555 951 120 28 lagförslag,
687 951 49 27 ,där
746 951 19 26 ej
776 950 84 21 mindre

32 980 25 20 de
81 980 67 20 under
170 981 56 20 olika
250 980 53 21 tider
320 981 101 20 utkomna
436 981 180 26 författningarna
631 979 108 27 angäende
755 979 104 26 klyfning,

32 1009 117 26 styckning,
172 1009 123 26 afsöndring
318 1009 37 20 och
379 1009 47 26 lega
449 1009 22 20 af
493 1009 46 26 jord
555 1009 70 20 blefve
641 1007 163 21 sammanstälda
820 1007 39 20 och

32 1037 72 26 bragta
119 1037 7 20 i
142 1039 94 19 närmare
260 1037 221 20 öfverensstämmelse
504 1037 48 20 med
576 1037 123 25 hvarandra,
723 1038 51 18 utan
796 1035 63 20 äfven

31 1065 126 26 rättigheten
173 1065 29 21 till
220 1066 72 26 dylika
307 1065 139 27 förfoganden
463 1065 70 21 blefve
550 1065 100 27 utvidgad
667 1065 38 20 och
716 1065 95 19 närmare
824 1063 36 20 be-

32 1093 66 20 stämd
114 1096 60 21 samt,
190 1094 68 20 sävidt
273 1094 87 27 möjligt,
377 1094 104 20 utsträckt
496 1093 30 21 till
543 1094 26 20 de
585 1093 45 27 slag
645 1093 21 20 af
675 1093 33 26 jord,
723 1091 81 28 hvarä
811 1091 49 21 ifrä-

32 1122 118 26 gavarande
173 1122 149 27 författningar
344 1123 18 26 ej
379 1124 36 18 äro
431 1122 144 27 tillämpliga".
606 1121 133 21 Beträffande
759 1120 101 27 klyfning,

32 1150 112 26 styckning
167 1151 39 20 och
229 1151 123 26 afsöndring
374 1151 38 20 har
434 1151 158 20 ständerbeslut
617 1157 29 13 nu
669 1149 105 21 sannolikt
790 1149 70 26 bragts

32 1178 30 21 till
78 1178 61 21 stånd
155 1185 77 20 genom
248 1179 57 20 detta
322 1179 111 20 utskottets
444 1178 303 27 sammanjämkningsförslag.
778 1176 82 21 Beträf-

32 1207 62 21 fande
116 1207 44 20 åter
181 1207 47 27 lega
250 1207 21 20 af
285 1207 46 27 jord
347 1207 68 20 finnes
431 1208 7 19 i
455 1207 36 21 det
506 1207 119 27 lagförslag,
641 1213 45 14 som
703 1206 101 20 utskottet
819 1205 41 20 för-

32 1235 67 23 ordar,
115 1235 116 27 väsentliga
246 1235 137 28 stadganden,
400 1243 45 13 som
463 1236 67 20 måste
546 1235 103 21 erkännas
660 1241 50 14 vara
720 1236 29 19 ett
760 1234 101 26 framsteg

32 1264 6 19 i
59 1263 165 28 lagstiftningen.
254 1264 33 21 De
308 1264 63 20 hafva
392 1264 66 21 redan
477 1264 68 20 blifvit
562 1263 88 21 berörda
666 1263 67 20 under
763 1268 26 14 den
806 1262 56 19 före-

32 1291 80 28 gående
129 1292 148 21 diskussionen
293 1293 7 19 i
315 1292 89 27 ståndet,
420 1293 23 20 så
459 1295 32 18 att
500 1293 35 26 jag
547 1292 75 20 endast
633 1292 6 19 i
650 1291 83 20 korthet
744 1290 37 20 vill
791 1290 70 20 erinra

32 1322 29 19 att
82 1321 25 20 de
123 1321 59 20 bestå
198 1321 74 23 däruti,
285 1323 30 18 att
330 1321 109 26 möjlighet
456 1321 124 26 härigenom
597 1320 87 20 beredes
700 1321 20 18 att
744 1318 72 26 utlega
831 1317 30 20 äf-

32 1355 40 14 ven
96 1349 105 27 arfvejord
223 1349 26 27 på
271 1349 54 20 ända
341 1349 31 20 till
389 1350 26 19 50
431 1349 29 27 år,
478 1352 29 17 att
523 1349 34 20 det
573 1348 128 21 beträffande
718 1347 72 26 hvarje
805 1345 56 27 jord-

32 1377 98 27 legoaftal
154 1378 84 27 stadgas
261 1380 30 18 att
311 1378 35 20 det
367 1378 54 20 skall
437 1378 39 20 ske
493 1378 124 26 skriftligen,
633 1379 29 18 att
677 1376 72 20 vidare
766 1376 96 19 närmare

32 1406 157 27 bestämningar
204 1406 155 21 åstadkommas
376 1406 131 20 beträffande
523 1406 122 26 giltigheten
662 1405 21 20 af
693 1407 60 17 munt
763 1404 29 26 igt
805 1402 56 25 aftal,

32 1436 54 18 samt
101 1437 29 18 att
147 1435 122 27 uttryckligt
285 1434 116 28 stadgande
418 1434 81 21 införes
515 1434 71 20 därom
603 1436 30 18 att
648 1432 144 26 lifstidsstädja
808 1431 52 20 skall

32 1463 109 20 intecknas
157 1463 32 20 för
204 1465 30 19 att
249 1463 55 27 gälla
319 1465 44 18 mot
379 1463 66 26 tredje
463 1469 56 14 man.
549 1462 48 20 Med
614 1462 81 26 hänsyn
707 1461 29 21 till
749 1460 42 20 alla
801 1460 61 30 dessa

32 1492 100 27 framsteg
148 1492 38 20 och
203 1492 26 20 då
244 1492 67 20 tillika
327 1492 36 19 det
379 1491 125 27 stadgande,
520 1493 44 18 mot
579 1490 80 20 hvilket
675 1490 25 20 de
716 1487 148 22 hufvudsakli-
