1017 1731
197 106 54 20 1060
412 113 179 20 Borgareständet
605 113 54 16 1891.
684 113 13 16 9
709 113 48 19 maj.

170 190 223 28 byggnadsstyrelsen,
409 193 22 18 är
446 191 67 20 lärare
529 191 6 20 i
552 191 99 27 teckning
667 191 39 20 och
718 191 111 26 skrifning,
840 191 38 20 där
888 197 26 14 en
925 191 63 20 militä

170 221 23 18 är
212 219 68 20 lärare
295 219 8 20 i
318 219 127 27 gymnastik,
467 219 37 20 där
524 225 27 14 en
571 219 100 21 klockare
686 219 128 20 undervisar
828 219 7 20 i
851 219 52 27 sång
918 225 18 14 o.
952 225 15 14 s.
984 226 4 10 1

171 247 33 20 Hr
218 247 80 21 Heikel
313 247 38 20 har
365 249 69 19 ansett
449 249 36 24 att,
501 254 33 13 om
552 247 133 22 utbildandet
700 247 21 20 af
737 247 67 20 lärare
817 247 33 20 för
860 247 60 20 dessa
932 247 57 20 skolo

170 275 68 21 skulle
263 275 140 21 öfverlämnas
426 275 21 21 ät
469 275 218 27 skolöfverstyrelsen,
710 275 42 20 den
773 276 4 19 i
800 275 56 21 detta
877 275 37 21 fall
934 275 54 21 bättr

170 303 68 21 skulle
262 304 73 20 kuuna
357 304 92 27 fullgöra
471 304 33 20 sin
526 304 87 27 uppgift.
643 304 33 25 Ja,
693 304 36 20 det
744 305 23 18 är
782 304 52 20 visst
849 304 87 27 möjligt,
951 310 39 14 me

168 332 36 27 jag
220 333 35 19 vet
270 332 47 20 icke
333 339 34 13 om
382 332 82 27 kyrkan
479 332 8 20 i
503 332 57 21 detta
575 332 37 20 fall
627 332 88 21 handlat
730 332 84 21 mindre
830 332 39 26 väl,
884 334 23 25 ty
918 332 72 26 kyrka!

169 360 43 26 har,
236 360 71 20 såsom
330 360 20 20 vi
371 363 53 24 veta,
443 361 6 19 i
465 360 130 21 Tavastehus
610 361 66 20 redan
692 362 42 19 satt
748 360 8 20 i
772 360 56 27 gång
843 367 26 14 en
885 361 105 25 inrättning

169 388 33 20 för
216 388 125 21 utbildande
357 389 21 20 af
393 389 66 20 lärare
475 389 33 20 för
523 389 188 20 smäbarnsskolor.
742 388 42 21 Det
799 390 23 19 är
838 389 40 20 den
894 389 54 20 enda
959 391 31 23 vä;

169 416 63 21 äfven
255 416 83 27 kyrkan
360 417 41 20 kan
425 417 96 26 begagna
543 417 33 26 sig
598 417 21 20 af
641 417 33 20 för
694 416 135 21 utbildandet
849 417 21 20 af
884 417 67 20 lärare
967 417 20 20 fö

169 444 61 21 dessa
246 445 76 20 skolor.

239 530 32 20 Hr
294 530 142 20 Snellman:
473 530 134 21 —Anslutande
628 530 44 27 mig
698 530 32 20 till
753 530 27 20 do
802 530 82 26 åsikter,
900 537 44 13 som
960 530 32 20 hä

169 561 71 18 senast
256 558 85 21 uttalats
357 559 21 19 af
393 559 24 19 hr
432 558 77 21 Heikel
525 558 109 27 angäende
650 559 43 20 den
703 558 128 26 förefintliga
843 558 149 27 behöfligheter

168 586 22 21 af
205 586 166 21 ambulatoriska
389 586 116 21 smäskolor
520 586 26 27 pä
562 587 148 27 landsbygden
733 586 33 20 för
781 588 30 18 att
826 586 65 21 väcka
907 587 37 20 och
961 586 31 21 be-

168 615 71 20 fordra
261 615 177 27 folkbildningen,
460 621 62 14 anser
543 616 36 26 jag
595 616 34 20 det
645 615 63 20 äfven
725 621 50 13 vara
790 615 62 27 högst
867 615 126 26 nödvändigt

168 645 30 18 att
221 641 132 29 tillräckliga
368 643 147 21 lärarekrafter
537 644 32 20 för
592 644 61 20 dessa
675 642 84 21 skolors
775 643 40 20 behof
854 643 51 20 skall
921 643 72 20 finnas.

168 671 50 21 Men
234 671 27 21 dä
276 672 38 20 här
329 672 21 20 af
365 672 97 26 samtliga
477 672 65 20 talare
558 672 39 20 och
610 671 99 21 särskildt
720 671 21 20 af
752 671 24 20 hr
788 671 55 20 Göös
854 671 68 20 blifvit
932 671 61 20 fram-

168 699 65 21 hället
255 701 30 19 att
308 700 61 20 dessa
384 700 165 20 ambulatoriska
564 700 117 20 smäskolor
697 699 54 21 dock
768 700 6 19 i
790 699 119 21 hufvudsak
924 699 20 20 fä
960 699 34 21 be-

167 728 80 20 traktas
263 728 69 20 såsom
348 728 145 20 bottenskolor
507 728 33 20 för
556 728 41 20 den
612 728 54 20 fasta
676 728 122 20 folkskolan
808 728 26 26 pä
845 728 77 21 landet.
934 734 58 14 anser

167 756 36 26 jag
225 756 36 20 det
277 763 50 13 vara
341 756 106 27 själffallet
462 758 29 18 att
506 763 48 13 man
572 756 38 21 bör
625 756 20 21 ät
661 762 82 14 samma
759 756 95 26 styrelse.
870 762 44 14 som
930 756 64 20 hand-

167 784 38 20 har
227 784 80 21 värden
323 791 34 13 om
373 784 212 27 folkskoleväsendet,
601 785 63 20 ocksä
680 784 110 27 uppdraga
806 786 29 18 att
850 784 54 26 sörja
920 784 32 20 för
968 786 26 18 att

167 812 126 27 tillräckliga
313 813 39 20 och
375 813 86 27 dugliga
482 813 148 20 lärarekrafter
651 814 32 19 för
707 812 61 20 dessa
792 812 116 20 smäskolor
922 812 73 20 finnas.

166 840 42 27 Jag
224 840 95 21 ansluter
333 841 44 27 mig
393 841 70 21 därför
477 841 31 20 till
523 842 157 20 reservationen
694 841 39 20 och
745 840 69 20 skulle
825 841 110 26 godkänna
948 840 47 20 dess

166 869 57 19 kläm
245 870 44 19 helt
305 870 38 20 och
359 869 70 24 hället,
445 876 34 14 om
493 870 35 26 jag
544 870 46 20 icke
605 874 77 22 antoge
699 871 30 18 att
745 869 35 20 dot
796 869 75 27 belopp
888 875 107 14 reservan-

166 898 60 19 terna
242 897 77 21 föreslå
335 897 104 21 måhända
455 904 48 14 vore
520 898 62 20 altför
597 897 142 27 otillräckligt,
755 897 33 21 för
803 900 29 18 att
844 897 150 26 skolstyrelsen

166 924 53 21 skall
243 925 74 21 kunna
339 926 85 27 vidtaga
446 926 22 20 så
491 926 90 27 kraftiga
597 926 98 27 åtgärder
716 932 45 14 som
777 925 82 21 fordras
882 926 32 19 för
930 927 29 18 att
974 925 20 20 få

166 953 127 28 tillräckliga
309 955 38 20 och
363 954 86 27 dugliga
464 955 152 20 lärarekrafter.
647 955 170 20 Reservanterna
830 954 26 27 gå
868 956 22 18 ut
902 953 45 20 från
960 953 35 21 det

166 983 130 26 antagandet
311 984 35 24 att,
368 983 27 20 då
418 989 50 14 man
490 983 48 20 med
555 985 29 18 ett
600 983 73 26 anslag
690 982 21 21 af
727 982 62 26 2,000
805 983 60 19 mark
880 982 82 20 kunnat
974 981 20 20 få

166 1010 58 20 cirka
242 1011 27 20 34
285 1011 66 20 lärare
367 1017 38 20 per
419 1011 28 23 år,
463 1017 49 14 man
522 1011 48 20 med
582 1011 61 26 6,000
653 1011 63 20 mark
727 1011 38 19 bör
780 1011 72 20 kunna
866 1010 77 21 erhålla
960 1010 36 20 det

165 1038 57 20 antal
245 1039 22 20 af
289 1039 57 20 cirka
363 1039 46 24 100,
424 1039 100 20 hvarmed
541 1039 35 20 det
591 1045 61 14 anses
669 1039 132 26 nödvändigt
816 1040 30 19 att
861 1039 77 26 årligen
955 1038 39 20 öka

165 1066 108 21 lärarenes
296 1067 62 20 antal.
388 1067 51 20 Men
461 1068 34 26 jag
510 1068 121 20 förutsätter
647 1070 30 18 att
693 1067 71 20 denna
780 1067 118 26 jämförelse
914 1066 80 21 kanske

165 1094 47 21 icke
234 1094 49 21 fullt
303 1095 67 21 håller
391 1096 75 22 sträck,
489 1096 38 20 och
544 1097 29 19 att
589 1096 34 20 det
639 1096 72 21 blefve
728 1095 130 26 nödvändigt
873 1097 29 18 att
917 1095 77 26 bevilja

165 1124 30 19 ett
210 1125 67 19 större
294 1123 73 27 anslag
383 1124 20 20 ät
419 1124 53 26 dem,
488 1130 43 14 som
549 1124 59 21 skola
623 1124 63 27 ätaga
703 1124 32 26 sig
749 1123 133 21 utbildandet
897 1123 21 20 af
927 1123 67 20 lärare

164 1151 36 20 vid
216 1151 123 27 smäskolor,
354 1152 85 20 hvarför
461 1153 35 26 jag
517 1153 106 20 vördsamt
639 1152 90 21 föreslär
745 1154 29 18 att
790 1151 83 21 ständet
884 1151 48 20 ville
943 1151 51 28 god-

164 1179 71 20 känna
259 1182 170 19 reservanternas
452 1181 55 19 kläm
531 1180 48 21 med
595 1181 41 20 den
652 1180 93 26 ändring
760 1181 30 19 att
805 1180 6 19 i
827 1179 69 21 stället
911 1180 33 20 för
959 1180 35 20 det

165 1207 120 27 föreslagna
307 1208 97 27 beloppet
427 1209 20 20 af
470 1209 60 26 6,000
554 1209 59 20 mark
632 1209 71 20 skulle
719 1210 103 25 upptagas
838 1209 28 19 ett
882 1208 75 26 belopp
973 1207 21 20 af

164 1235 62 22 9,000
242 1237 65 20 mark.

232 1321 34 20 Hr
281 1321 138 21 Neovius:
451 1321 32 21 Hr
498 1321 102 21 Sundvall
617 1322 37 20 har
669 1321 80 27 pästätt
764 1323 30 18 att
809 1321 40 20 den
861 1321 21 20 af
893 1320 100 21 utskottut

165 1349 121 25 föreslagna
309 1349 99 27 ätgärden
434 1356 48 14 vore
503 1350 75 20 endast
593 1351 29 20 ett
637 1349 159 21 fortskridande
813 1349 25 27 pä
854 1355 80 14 samma
950 1349 43 25 bas,

162 1384 47 14 som
234 1378 58 20 förut
316 1378 69 20 blifvit
412 1378 93 27 beträdd,
531 1380 21 24 ty
575 1378 250 26 barnaundervisningen
849 1377 70 21 tillhör
941 1377 22 26 ju
986 1378 7 19 i

162 1406 88 20 främsta
272 1409 92 18 rummet
379 1407 97 20 hemmen
493 1407 38 20 och
549 1407 39 20 den
605 1406 100 27 kyrkliga
720 1406 137 20 kommunen.
888 1405 40 21 Om
944 1412 49 14 man

162 1440 30 14 nu
208 1434 64 20 ocksä
288 1434 71 20 ställer
375 1435 32 27 sig
421 1435 27 27 pä
463 1435 70 20 denna
549 1435 131 26 ständpunkt
697 1434 39 20 och
749 1440 63 14 anser
822 1436 30 18 att
862 1433 131 27 kyrkolagen

162 1462 109 27 värkligen
295 1462 135 22 föreskrifver
451 1465 30 19 att
502 1463 173 20 handhafvandet
700 1462 21 20 af
744 1462 41 20 den
807 1462 90 26 primära
919 1462 74 20 skolan

161 1490 53 20 eller
237 1491 127 20 barnskolan
381 1491 68 21 skulle
466 1491 116 21 tillkomma
598 1490 163 28 prästerskapet,
778 1490 22 20 sä
816 1491 37 19 har
868 1490 35 20 det
918 1490 75 20 ätmin-
