1017 1731
270 111 178 22 Borgareståndet
464 113 54 16 1891.
542 113 26 16 25
581 113 46 20 maj.
786 107 55 20 1439

38 191 59 21 tiden
112 192 22 19 är
150 191 23 20 så
188 191 70 27 knapp
279 191 95 20 hvarken
389 191 41 20 kan
448 191 52 21 eller
516 191 35 20 vill
566 191 36 27 jag
617 191 77 21 föreslå
709 190 70 27 någon
794 198 28 20 ny
839 191 30 21 åt-

38 219 57 27 gärd.
120 219 42 27 Jag
177 220 36 20 vill
230 219 69 21 därför
315 219 53 21 blott
383 219 130 21 understöda
524 220 100 27 förslaget
636 221 29 19 att
681 219 189 28 konstföreningen

38 247 68 21 skulle
122 247 21 21 få
159 248 61 27 9,000
235 248 68 27 mark,
319 247 174 28 konstnärsgillet
509 248 60 27 3,000
585 248 65 21 mark.

106 310 32 21 Hr
159 311 134 20 Borenius:
317 310 48 21 Med
389 311 116 27 anledning
521 311 20 20 af
556 311 25 20 hr
604 311 101 20 Neovius”
728 311 140 27 anmärkning

38 339 109 27 angående
171 339 75 27 20,000
269 339 71 20 marks
355 342 76 24 posten
447 340 30 20 till
494 339 151 28 finsk-ugriska
661 339 113 27 sällskapet
785 339 36 20 vill
833 339 36 27 jag

36 368 99 21 meddela
154 370 30 18 att
199 374 50 14 man
264 368 6 19 i
287 368 101 21 utskottet
404 368 81 21 lämnat
500 368 41 21 den
557 368 130 27 upplysning
702 369 29 19 att
746 368 40 20 den
803 367 64 27 ryska

37 396 156 27 expeditionen,
209 403 45 14 som
269 397 8 19 i
292 396 23 21 år
329 397 97 20 kommer
441 399 30 18 att
487 397 106 26 utsändas,
608 397 38 20 har
661 396 33 21 för
709 397 62 26 afsigt
786 398 30 19 att
831 396 35 21 be-

37 425 51 20 söka
109 425 35 21 det
166 425 66 26 ställe,
256 425 37 20 där
315 425 41 20 den
379 425 69 20 finska
464 425 150 27 expeditionen
630 427 83 19 senaste
729 425 22 20 år
767 425 99 27 uppehöll

37 453 37 27 sig,
97 454 39 20 och
159 455 30 19 att
211 453 40 20 den
269 453 68 21 finska
353 453 151 28 expeditionen
521 454 94 20 däremot
630 460 30 14 nu
675 454 96 20 kommer
786 456 29 18 att
830 453 36 21 be-

37 482 51 21 söka
110 489 26 14 en
159 488 70 15 annan
249 482 61 27 trakt,
326 489 45 14 som
386 482 47 21 icke
449 484 58 19 ännu
523 483 54 20 varit
591 482 88 21 föremål
694 482 33 21 för
741 482 70 27 någon
827 489 39 13 un-

36 510 134 28 dersökning.

104 574 32 20 Hr
158 574 101 21 Heikel:
279 574 42 28 Jag
336 574 37 21 ber
389 576 30 19 att
433 574 22 21 få
471 576 98 19 motsätta
584 574 43 27 mig
643 574 24 21 hr
683 574 127 20 Rönnbäcks
824 573 42 21 för-

36 602 50 27 slag.
117 602 42 28 Jag
181 602 42 21 kan
243 603 107 26 nämligen
373 603 47 21 icke
440 603 59 21 finna
521 605 29 19 att
572 602 171 28 konstnärsgillet
766 608 49 14 vore
839 608 25 14 en

35 631 97 27 förening
155 631 21 21 af
196 632 35 20 det
253 631 100 27 alvarliga
377 632 46 26 slag
447 634 30 18 att
492 632 101 20 Finlands
609 631 85 21 ständer
709 631 68 21 skulle
792 631 74 20 kunna

35 660 129 20 understöda
188 660 127 20 densamma.
346 660 47 27 Nog
416 660 64 20 hafva
498 660 21 20 vi
536 660 77 27 många
635 660 62 26 glada
717 660 65 27 gillen
798 660 7 19 i
820 658 46 21 vårt

35 688 56 27 land,
113 694 50 15 men
178 688 46 21 icke
240 688 73 20 kunna
328 688 26 21 de
370 688 71 21 därför
456 688 67 21 räkna
538 688 26 28 på
580 688 114 21 understöd
711 688 20 20 af
746 688 120 26 ständerna,

36 716 62 21 äfven
114 723 34 14 om
164 717 35 21 det
213 716 69 22 finnes
298 716 64 28 något
377 717 59 21 alvar
451 718 50 20 med
516 718 7 19 i
538 717 68 21 leken.

104 780 32 20 Hr
158 780 121 20 Neovius:
301 780 42 26 Jag
357 780 67 20 måste
440 782 46 18 mot
507 780 188 20 underskattandet
709 780 22 20 af
745 779 121 20 konstnärs-

35 808 69 27 gillets
119 808 121 27 förtjänster
253 808 112 20 framhålla
381 810 30 19 att
427 808 71 21 denna
513 809 97 27 förening
621 808 116 28 ingalunda
747 814 56 14 afser
812 807 53 21 blott

36 838 47 26 eget
105 837 54 27 nöje,
182 839 50 19 utan
255 836 62 21 äfven
333 837 82 20 landets
432 837 174 21 konstintressen.
636 836 48 22 Den
700 836 109 27 värkligen
823 836 42 20 för-

35 865 117 27 tjänstfulla
168 866 38 20 och
222 865 72 21 landet
309 865 108 21 hedrande
434 866 130 26 utställning,
580 872 46 14 som
644 865 69 21 såsom
729 864 55 21 skild
798 864 66 20 afdel-

34 894 53 27 ning
109 894 53 27 egde
184 900 48 14 rum
255 894 58 20 inom
336 894 213 27 konstexpositionen
564 895 7 19 i
586 894 65 27 Paris,
674 894 54 20 hade
750 893 47 21 icke
813 894 51 19 utan

35 922 69 27 gillets
125 922 141 27 tillgöranden
281 922 89 21 kommit
385 922 32 21 till
433 922 72 27 stånd;
528 923 187 27 konstföreningen
731 922 72 27 vidtog
818 921 46 21 där-

34 951 33 20 för
82 951 30 20 als
127 951 50 27 inga
192 951 101 27 åtgärder.

102 1013 33 21 Hr
149 1013 135 21 Borenius:
300 1014 41 27 Jag
357 1016 35 19 vet
406 1014 55 26 icke,
477 1021 35 14 om
527 1014 25 20 hr
567 1013 116 22 Rönnbäck
693 1015 96 19 närmare
802 1013 63 26 angaf

34 1042 33 21 för
88 1042 80 21 hvilket
190 1042 98 21 ändamål
308 1043 42 20 han
373 1043 96 20 önskade
485 1045 30 18 att
530 1043 96 26 anslaget
640 1043 31 20 till
693 1041 172 27 konstnärsgillet

34 1071 68 20 skulle
125 1071 94 26 beviljas,
237 1077 50 14 men
301 1071 36 27 jag
352 1071 109 21 förmodar
477 1073 30 19 att
522 1071 35 21 det
571 1071 47 20 icke
634 1071 68 20 skulle
718 1077 50 14 vara
783 1071 30 19 ett
828 1075 36 14 an-

34 1099 45 27 slag
100 1099 33 20 för
155 1099 69 27 gillets
246 1099 63 27 glada
332 1100 159 27 tillställningar
513 1102 52 19 utan
580 1099 33 21 för
628 1099 136 21 anordnande
780 1098 21 20 af
816 1098 48 20 dess

34 1127 144 28 expositioner
200 1128 38 20 och
259 1128 32 21 för
313 1130 30 19 att
358 1129 88 20 försätta
462 1129 59 26 gillet
536 1129 7 19 i
559 1128 81 21 tillfälle
656 1130 29 19 att
701 1127 77 26 inköpa
793 1127 71 20 konst-

35 1156 56 20 värk.

102 1219 32 20 Hr
149 1219 144 21 Rönnbäck:
311 1219 40 21 Om
366 1220 25 20 hr
405 1219 79 21 Heikel
501 1220 38 20 har
553 1219 118 27 genomläst
685 1218 181 27 konstnärsgillets

34 1247 89 28 stadgar,
146 1247 23 21 så
192 1254 62 14 anser
273 1248 36 27 jag
331 1248 36 21 det
384 1255 51 14 vara
451 1249 49 26 föga
516 1248 82 27 värdigt
613 1248 20 20 af
648 1248 79 20 honom
742 1249 30 18 att
787 1246 79 27 antyda

34 1278 30 19 att
78 1277 57 20 detta
150 1276 49 29 gille
215 1276 69 21 skulle
299 1283 50 14 vara
364 1278 30 19 ett
409 1276 181 27 hufvudsakligen
605 1276 58 27 gladt
681 1275 55 28 gille.
767 1275 62 20 Såväl
844 1275 21 20 af

33 1305 113 27 stadgarna
161 1311 46 14 som
222 1305 64 20 också
301 1305 21 20 af
337 1305 70 27 gillets
423 1305 136 21 värksamhet
574 1305 93 27 framgår
682 1305 35 20 det
727 1303 81 28 ganska
818 1303 47 26 tyd-

32 1333 40 27 ligt
86 1336 30 19 att
131 1333 57 21 detta
210 1333 49 27 gille
275 1333 38 21 har
329 1333 48 21 stält
392 1333 34 21 för
441 1334 34 27 sig
490 1335 29 20 ett
534 1333 48 27 mål,
598 1340 45 14 som
659 1335 22 18 är
696 1332 86 27 mycket
798 1332 68 21 alvar-

32 1361 66 29 ligare
120 1364 27 19 än
163 1362 35 21 det
214 1361 20 21 af
249 1362 26 20 hr
289 1362 78 21 Heikel
382 1362 135 21 framhällna.
548 1362 73 21 Säkert
637 1363 22 19 är
675 1363 30 19 att
719 1361 70 27 gillets
805 1360 60 22 sträf-

32 1391 85 21 vanden
140 1392 35 19 äro
198 1390 85 27 mycket
306 1391 127 27 alvarligare
455 1393 27 19 än
505 1392 24 20 hr
548 1391 88 21 Heikels
659 1390 98 27 yttrande
772 1390 8 20 i
796 1390 70 20 denna

32 1419 64 27 fräga.

100 1476 33 20 Hr
147 1476 76 21 Lille:
238 1476 42 28 Jag
295 1476 33 21 för
342 1477 45 20 min
403 1476 36 21 del
455 1476 82 28 nödgas
552 1476 127 21 understöda
694 1474 171 32 bankutskottets

31 1504 79 28 förslag
132 1506 30 19 att
182 1504 61 22 dessa
264 1505 71 21 medel
357 1505 88 21 odeladt
467 1505 141 21 öfverlämnas
622 1505 31 21 till
669 1504 188 26 konstföreningen
