1017 1731
274 105 179 21 Borgareståndet
467 107 54 16 1891.
545 107 23 16 21
581 107 59 20 april
804 103 39 20 731

40 183 46 21 sina
101 184 123 27 penningar.
255 183 100 22 Däremot
370 186 43 19 tror
427 185 37 26 jag
479 187 35 24 att,
530 191 34 14 om
580 191 49 14 man
645 185 72 21 ställer
731 186 7 19 i
753 192 118 21 apparence

41 211 72 27 dylika
128 211 41 27 lån,
185 212 88 20 hvarom
287 219 30 13 nu
330 212 151 28 petitionerats,
494 213 75 20 sådant
579 213 54 20 skall
644 213 111 21 framkalla
766 221 27 14 en
802 214 66 21 osund

41 240 139 27 spekulation,
204 246 26 15 en
253 240 164 27 företagsamhet
432 243 53 18 utan
500 241 149 21 motsvarande
663 242 90 21 intresse
769 243 39 20 och
824 243 47 20 sak-

40 268 126 21 kännedom.

109 296 41 27 Jag
166 296 36 20 vill
218 296 33 21 för
266 297 43 20 min
325 297 34 20 del
375 297 44 20 helt
434 297 40 20 och
490 297 64 21 hållet
570 297 129 21 understöda
714 298 108 21 allmänna
834 299 36 20 be-

41 325 171 20 svärsutskottets
231 325 83 27 förslag.
344 324 42 21 Det
400 325 38 20 har
454 325 27 27 på
496 332 74 15 senare
585 326 56 20 tider
655 326 69 27 börjat
739 326 65 21 blifva
820 333 50 14 van-

40 353 38 27 ligt
94 355 29 18 att
138 359 56 20 man,
209 353 27 20 då
250 359 50 14 man
316 353 63 20 afslår
395 360 26 14 en
437 354 95 27 petition,
548 360 62 15 anser
625 354 32 27 sig
672 354 51 21 böra
738 355 7 19 i
761 355 109 20 slutkläm-

41 387 49 15 men
100 383 52 25 göra
163 384 30 18 ett
201 381 148 27 aktningsfullt
357 381 138 22 erkännande
507 382 20 21 ät
537 383 127 26 petitionens
675 383 60 26 syfte.
766 389 27 21 Jag
804 383 67 20 måste

42 411 50 26 säga
114 411 30 19 att
159 410 35 27 jag
210 416 62 15 anser
287 410 75 21 sådant
377 417 50 13 vara
444 411 100 27 tämligen
561 411 92 26 onödigt.
685 411 38 20 Om
740 417 27 15 en
782 411 88 27 petition

41 437 69 26 afsläs,
133 438 23 20 sä
178 438 97 21 kommer
297 438 40 21 den
360 439 46 20 icke
422 439 74 26 längre
512 441 26 18 än
554 439 33 20 till
602 439 119 27 ständerna,
737 440 39 20 och
793 439 26 21 dä
834 440 36 21 be-

40 466 74 21 höfves
128 467 47 20 icke
191 467 67 20 häller
272 467 65 27 något
352 469 64 18 annat
431 467 138 21 erkännande
585 469 27 19 än
624 467 35 21 det
669 474 45 14 som
728 468 142 21 förekommer

42 495 6 19 1
69 495 234 21 utskottsbetänkandet
319 495 39 21 och
373 495 69 21 under
458 495 149 22 diskussionen
623 496 8 20 i
646 496 94 21 ständen.
771 497 41 27 Jag
827 497 43 20 kan

42 523 70 21 därför
126 523 46 21 icke
188 530 50 14 vara
253 524 48 20 med
317 530 35 14 om
367 524 25 20 hr
406 524 114 20 Borenius'
531 525 130 21 motiverade
672 525 71 27 afslag,
756 527 49 19 utan
816 525 54 21 före-

41 552 43 20 slår
98 554 30 18 ett
143 552 71 20 enkelt
229 552 155 26 godkännande
399 552 22 20 af
436 552 109 22 allmänna
559 553 200 21 besvärsutskottets
774 553 84 27 förslag.

110 627 32 20 Hr
157 626 117 28 Löfgren:
291 627 32 21 Ne
339 626 158 25 muistutukset,
512 627 58 27 jotka
585 628 38 19 hra
638 626 98 22 Stenroth
752 634 27 14 on
795 627 75 26 tehnyt

42 655 143 21 valiokunnan
205 656 108 20 mietintöä
329 657 93 24 vastaan,
438 656 189 20 auttamattomasti
643 656 114 20 kumoavat
772 662 26 14 ne
814 657 55 25 syyt,

43 684 72 26 joiden
137 684 79 26 nojalla
231 684 124 20 valiokunta
370 690 26 14 on
412 684 133 26 ehdottanut,
561 686 42 18 että
618 686 56 18 tämä
689 684 181 20 anomusehdotus

42 712 20 20 ei
83 712 75 20 antaisi
173 712 78 20 aihetta
266 712 121 20 mihinkään
403 712 95 21 toimeen
513 712 95 26 säätyjen
624 712 99 27 puolelta.
753 712 58 20 Minä
826 712 43 20 kai-

42 740 36 20 kin
94 740 72 27 puolin
183 740 108 21 kannatan
307 741 39 20 sitä
361 740 145 27 mielipidettä,
521 741 65 26 jonka
601 741 38 19 hra
654 740 98 21 Stenreth
768 746 27 14 on
806 740 64 20 esiin-

42 770 81 25 tuonut,
139 770 68 19 mutta
222 769 68 20 hänen
307 768 174 21 ehdottamaansa
496 770 73 26 pontta
585 775 26 14 en
624 769 33 20 voi
673 768 115 27 hyväksyä,
803 768 67 20 koska

42 803 22 15 se
87 798 78 19 tuntuu
187 797 93 20 minusta
302 797 51 20 liian
376 797 179 27 epämääräiseltä.
585 797 99 27 Parempi
705 804 27 13 on
750 796 120 21 mielestäni

42 825 223 21 anomusehdotuksen
288 826 66 26 ponsi,
376 826 55 26 josta
453 826 59 20 minä
533 826 111 20 kuitenkin
667 826 97 20 tahtoisin
789 825 81 27 poistaa

42 854 104 20 viimeiset
166 856 68 18 sanat:
252 854 62 26 ,joita
329 854 48 20 sitte
392 854 119 26 työntekijä
526 854 113 20 vuosittain
656 853 140 21 suorittavilla
810 853 59 20 mak-

42 882 62 20 suilla
120 882 48 20 saisi
184 882 95 20 itselleen
295 882 114 20 lunastaa".
441 882 78 21 Nämät
534 885 60 17 sanat
609 882 107 20 sisältävät
725 882 51 20 liian
790 888 79 14 suuren

41 910 21 27 ja
78 912 151 25 tarpeettoman
246 910 135 27 rajoituksen.

109 978 33 20 Hr
156 977 137 22 Stenroth:
324 979 41 26 Jag
387 978 38 21 ber
448 980 31 19 att
502 979 43 20 helt
567 979 48 20 kort
637 978 21 21 fä
673 978 84 21 bemöta
773 977 54 21 hvad
843 977 25 20 hr

40 1006 117 21 Rönnbäck
180 1009 44 18 mot
244 1007 44 26 mig
310 1007 38 20 har
369 1006 122 21 framhållit.
521 1007 34 20 Då
569 1007 26 20 hr
619 1006 116 21 Rönnbäck
756 1007 61 25 säger
832 1007 36 24 att,

40 1041 35 14 om
97 1041 49 14 man
170 1035 68 20 skulle
261 1035 78 27 bevilja
361 1035 62 20 dessa
441 1035 128 27 förmänliga
585 1035 92 25 statslän,
693 1035 88 20 hvarom
796 1034 38 20 här
846 1035 22 18 är

40 1063 64 27 fräga,
126 1063 57 20 detta
205 1063 113 28 onekligen
341 1063 68 21 skulle
430 1063 113 21 framkalla
559 1070 26 14 en
601 1063 68 21 osund
685 1062 132 28 spekulation
833 1068 35 21 ge-

40 1098 50 14 nom
113 1093 29 18 att
164 1098 101 20 personer
287 1091 134 21 uteslutande
445 1092 23 20 af
483 1091 187 28 spekulationslust
685 1091 68 20 skulle
769 1091 100 26 begynna

39 1120 90 27 uppföra
144 1119 201 28 arbetarebostäder,
357 1120 23 20 sä
387 1120 42 20 kan
437 1121 39 26 jag
484 1120 109 27 värkligen
601 1120 46 21 icke
655 1119 71 26 förstä,
733 1119 86 20 hvilken
827 1119 42 20 för-

40 1148 62 27 färlig
124 1148 56 20 vinst
202 1155 48 14 man
274 1155 63 14 anser
358 1150 30 19 att
403 1148 63 21 dessa
482 1155 101 20 personer
598 1148 68 21 skulle
681 1150 51 25 göra
747 1154 77 20 genom
840 1149 30 18 att

40 1176 80 21 erhålla
142 1178 13 19 t.
171 1183 33 14 ex.
224 1176 42 27 41/,
282 1177 27 26 %/%
325 1176 42 27 län,
383 1177 26 20 dä
425 1177 26 20 de
468 1177 8 20 i
492 1180 65 17 annat
571 1177 37 20 fall
623 1177 100 26 möjligen
740 1176 82 20 kunnat
837 1181 32 14 er-

40 1204 56 21 hålla
119 1207 29 18 ett
169 1204 35 21 län
227 1205 31 20 till
282 1206 12 19 5
317 1205 52 20 eller
391 1205 42 26 51/,
454 1207 35 25 "/,.
518 1205 42 26 Jag
575 1205 42 20 kan
632 1205 47 20 icke
694 1204 65 21 förstå
774 1205 30 19 att
819 1209 50 14 man

40 1233 110 27 värkligen
173 1233 68 20 skulle
262 1233 73 21 kunna
350 1233 63 20 tänka
429 1233 34 26 sig
479 1235 30 19 att
525 1233 82 21 vinsten
623 1233 122 27 därigenom
761 1232 70 21 blefve
847 1231 23 21 sä

40 1263 49 25 stor,
105 1263 29 18 att
150 1261 56 21 detta
222 1261 26 28 pä
263 1261 64 28 nägot
342 1263 40 19 sätt
400 1261 71 21 skulle
487 1262 72 20 kunna
575 1268 113 21 uppamma
703 1267 26 14 en
746 1260 68 21 osund
823 1266 47 21 spe-

41 1289 101 21 kulation.
172 1289 42 22 Det
237 1292 23 18 är
282 1290 22 27 ju
328 1290 46 20 icke
390 1289 60 28 fräga
467 1297 35 14 om
518 1292 29 19 att
562 1290 57 27 gifva
634 1290 66 27 nägra
715 1289 98 20 särskildt
828 1289 42 20 för-

41 1318 106 26 delaktiga
161 1317 47 27 län;
239 1319 36 20 det
292 1320 23 19 är
330 1317 59 28 fräga
405 1325 35 14 om
457 1320 31 19 att
502 1319 8 19 i
525 1318 116 21 allmänhet
655 1318 33 21 för
702 1323 106 22 personer,
824 1323 46 14 som

40 1347 46 20 inse
112 1347 72 20 vikten
207 1347 38 20 och
263 1346 123 27 betydelsen
409 1347 60 20 afatt
486 1347 88 27 uppföra
587 1346 67 21 sunda
669 1345 201 26 arbetarebostäder,

40 1377 51 25 göra
113 1375 35 21 det
170 1375 83 27 möjligt
273 1378 30 18 att
326 1375 79 21 erhälla
426 1375 67 27 nägra
508 1375 36 21 län
560 1375 36 21 als.
627 1374 44 22 Och
687 1374 67 21 skulle
771 1373 35 21 det
821 1372 49 21 oak-

40 1403 45 21 tadt
107 1404 25 20 de
155 1404 197 20 missförhällanden
378 1403 75 27 uppstä
481 1410 44 14 som
548 1404 25 20 hr
587 1403 117 21 Rönnbäck
729 1402 82 21 fruktar
832 1401 38 26 för,

40 1438 50 14 vore
113 1432 35 20 det
174 1432 24 26 ju
221 1434 75 24 ytterst
318 1432 38 20 lätt
377 1434 30 18 att
422 1432 65 26 stäfja
502 1432 108 20 desamma
625 1438 77 20 genom
718 1433 29 19 att
763 1430 66 20 ändra
845 1430 25 20 de

40 1460 138 27 stadganden,
208 1466 46 15 som
279 1460 130 27 möjliggjort
433 1460 133 27 beviljandet
589 1460 20 20 af
632 1460 93 20 statslän.
754 1458 42 28 Jag
817 1458 53 20 skall

39 1495 51 13 vara
105 1488 41 20 den
164 1488 65 21 förste
244 1490 30 19 att
289 1489 6 19 i
312 1488 67 27 dylikt
395 1488 36 20 fall
448 1489 55 25 vrka
525 1488 26 28 pä
567 1491 29 18 att
611 1488 26 21 de
652 1488 65 21 mätte
732 1487 21 21 fä
769 1489 29 19 ett
813 1489 59 18 snart
