1017 1731
276 117 181 22 Borgareståndet
471 118 55 17 1891.
549 118 14 16 4
576 117 47 22 maj.
803 113 41 21 883

36 198 121 20 inkommer
179 197 69 21 skulle
263 197 42 20 hon
321 197 114 26 nämligen,
452 197 67 27 enligt
534 197 79 21 åsikter
628 204 46 14 som
689 199 59 20 inom
768 200 102 21 utskottet

38 227 54 26 gjort
114 226 32 27 sig
167 225 104 28 gällande,
293 231 40 21 ega
353 225 100 27 rättighet
469 226 38 20 och
523 225 122 28 skyldighet
659 229 32 18 att
704 227 74 27 pröfva
794 235 34 14 om
844 229 26 20 de

37 261 107 21 personer,
164 254 72 21 hvilka
259 253 50 21 söka
324 255 41 19 rätt
381 256 30 18 att
425 253 74 21 utöfva
515 254 35 21 det
564 261 31 14 nu
610 255 88 20 afsedda
713 256 67 27 yrket,
796 258 36 20 äro
847 257 23 20 så

37 283 149 21 kvalificerade
209 284 30 19 att
257 284 30 19 ett
305 281 76 21 sådant
401 282 43 20 kan
461 282 48 21 dem
525 282 110 21 anförtros.
665 283 43 22 Det
723 284 147 21 hufvudsakli-

38 313 58 26 gaste
119 311 128 20 motståndet
267 311 59 20 inom
348 310 103 21 utskottet
466 313 45 18 mot
525 311 115 27 intagande
656 312 21 20 af
693 319 27 14 en
735 313 135 27 bestämning

38 340 74 20 härom
134 339 110 28 grundade
267 339 31 27 sig
313 339 66 27 därpå
393 341 31 18 att
438 345 51 14 man
504 339 47 21 icke
566 339 51 21 ville
632 340 58 27 gifva
705 341 126 28 regeringen
847 341 23 21 så

39 370 29 19 att
83 370 50 25 säga
148 367 97 22 tillåtelse
261 369 30 19 att
305 367 54 20 afslå
373 373 26 15 en
416 367 95 21 ansökan
522 374 34 14 om
567 370 30 19 ett
608 370 199 27 warrantmagasins
818 377 52 20 upp-

38 397 96 20 rättande
157 398 52 19 utan
230 398 29 19 att
280 396 70 20 därför
372 395 86 28 angifva
479 396 51 27 skäl,
551 396 19 20 d.
587 403 18 14 v.
621 403 15 14 s.
652 399 31 19 att
697 398 47 21 icke
759 405 28 14 en
802 399 66 20 sådan

38 425 117 20 resolution
176 424 72 21 kunde
268 424 68 27 gifvas
351 431 46 14 som
414 426 30 19 att
459 425 125 27 regeringen
601 425 58 26 ,icke
675 426 72 21 funnit
762 427 45 20 skäl
824 427 46 20 där-

39 453 32 21 till
92 453 90 21 bifalla".
212 453 67 20 Dessa
301 453 64 20 dolda
386 453 51 26 skäl,
456 453 73 20 hvilka
543 453 47 21 icke
606 453 85 22 komma
707 455 32 20 till
755 455 115 21 allmänhe-

39 484 47 19 tens
108 482 104 27 kunskap,
231 483 36 18 äro
283 481 60 21 svåra
359 483 30 19 att
404 481 114 28 utgrunda,
533 483 24 25 ty
575 489 48 13 man
639 482 32 21 får
686 485 30 18 ett
731 483 73 27 afslag,
820 489 50 15 men

40 512 35 19 vet
96 510 47 21 icke
158 510 21 21 af
194 510 85 20 hvilken
303 510 121 27 anledning.
454 510 51 20 Man
528 510 42 21 kan
591 510 82 22 således
688 512 53 26 icke,
757 512 63 20 äfven
836 518 34 14 om

40 539 36 21 det
90 539 52 27 eljes
160 539 59 21 stode
234 539 7 20 i
257 544 38 15 ens
309 538 64 27 makt,
389 538 135 28 undanrödja
539 539 36 21 det
589 539 81 27 hinder,
686 546 45 14 som
749 540 121 27 förefinnes,

39 568 33 20 för
94 569 30 19 att
146 567 65 21 sedan
234 568 49 26 göra
303 573 27 15 en
348 573 29 20 ny
396 567 101 21 ansökan.
528 566 45 22 Och
589 567 108 21 dessutom
712 568 72 21 kunde
800 568 70 22 denna

39 597 41 19 rätt
95 596 21 20 af
131 596 125 27 regeringen
270 596 113 26 begagnas,
399 595 28 21 då
441 596 44 20 hon
500 596 69 20 finner
585 597 30 19 att
625 598 29 18 ett
663 596 82 28 företag
755 597 42 21 kan
808 597 63 21 korsa

40 624 81 21 hennes
143 624 79 28 planer,
240 624 81 21 hennes
337 624 139 20 ekonomiska
491 624 79 27 politik.
601 624 28 20 Vi
643 625 64 21 hafva
721 626 110 26 upplefvat
845 626 26 20 ti-

41 653 43 27 der,
108 653 26 21 då
153 659 49 14 man
217 653 8 20 i
239 652 46 21 vårt
305 652 51 21 land
371 652 71 27 bygde
458 652 31 21 alt
503 652 27 28 på
544 652 84 28 Hangö,
644 653 26 21 då
685 660 50 14 man
751 654 75 21 trodde
841 655 30 19 att

39 681 78 27 Hangö
132 681 69 21 skulle
216 681 65 21 blifva
296 681 41 21 den
353 682 56 19 stora
424 681 232 21 transitoförmedlaren
671 682 33 20 för
718 682 98 28 Europas
831 682 40 21 och

40 710 117 26 Rysslands
172 709 83 27 handel,
271 710 39 20 och
325 709 27 21 då
366 716 50 14 man
432 709 61 21 sökte
509 710 59 20 däraf
583 711 51 26 göra
649 710 28 20 alt
692 710 56 21 hvad
763 711 8 20 i
786 711 84 20 mänsk-

40 738 30 27 lig
84 738 60 21 makt
158 738 46 21 stod
220 738 39 20 och
274 738 64 27 något
353 738 128 20 därutöfver.
511 738 62 21 Hade
589 738 68 21 under
672 738 71 21 denna
753 739 30 21 tid
796 745 27 15 en
834 745 37 15 an-

41 766 66 21 sökan
130 767 65 27 gjorts
211 773 34 14 om
260 766 129 21 inrättandet
404 766 21 20 af
441 768 30 19 ett
487 767 192 27 warrantmagasin,
694 768 36 26 jag
742 767 38 20 vill
795 769 77 25 antaga

40 796 8 19 i
63 795 106 27 Lappviks
191 795 63 20 hamn
275 795 52 21 eller
341 794 91 28 Ekenäs,
448 794 24 21 så
487 795 54 21 hade
557 795 36 21 det
607 794 38 22 lätt
659 795 84 21 kunnat
757 796 69 20 hända
842 797 30 19 att

41 826 71 18 svaret
133 824 79 20 utfallit
234 823 89 21 sålunda
343 825 30 19 att
393 824 128 27 regeringen
543 824 47 20 icke
611 824 71 20 funnit
697 824 45 20 skäl
757 824 33 20 till
806 824 64 20 bifall.

40 852 52 20 Man
114 852 54 20 hade
191 852 53 20 blott
263 852 73 20 behöft
355 853 32 19 tro
406 853 31 19 att
452 853 31 19 ett
498 852 49 20 slikt
559 852 82 27 företag
655 852 69 21 skulle
739 852 133 21 konkurrera

41 880 49 21 med
105 880 83 28 Hangö.
218 880 28 20 Vi
261 880 63 20 hafva
339 880 62 20 äfven
417 882 42 18 sett
473 880 56 21 huru
545 880 48 27 den,
609 880 126 21 åtminstone
749 880 66 27 enligt
827 880 45 20 min

41 909 69 27 tanke,
126 908 105 28 olyckliga
246 908 149 27 sträckningen
411 908 22 21 af
448 908 175 21 Savolaksbanan
633 909 141 21 motiverades
785 908 87 21 därmed

42 939 30 20 att
86 944 50 14 man
151 937 47 22 icke
213 937 65 21 borde
293 936 48 22 leda
356 936 93 22 handeln
465 937 7 20 i
489 944 42 20 nya
546 937 73 27 banor,
635 939 52 19 utan
703 939 30 19 att
748 938 124 20 densamma

41 966 131 21 fortfarande
194 966 65 21 borde
281 965 27 28 gå
326 966 8 20 i
353 965 27 21 de
399 965 71 28 gamla
493 965 76 28 spåren
589 966 39 21 och
643 968 30 19 att
687 973 50 14 man
753 966 47 20 icke
815 965 57 28 finge

42 994 87 21 beröfva
144 996 30 19 ett
188 994 101 27 gammalt
303 993 160 22 trafikecentrum
480 994 48 21 dess
543 993 154 22 trafikområde.
727 994 84 21 Sådana
826 993 46 21 skäl

41 1023 74 20 kunna
130 1023 85 20 komma
230 1024 30 19 att
274 1024 50 25 göra
339 1022 32 27 sig
387 1022 100 27 gällande
502 1023 177 27 fortsättningsvis
695 1023 39 20 och
750 1022 36 21 det
800 1024 23 18 är
834 1022 38 26 dy-

41 1051 49 26 lika,
105 1051 35 27 jag
155 1051 46 20 icke
216 1050 69 21 skulle
301 1057 50 14 vara
369 1051 76 20 sinnad
462 1053 31 18 att
507 1051 136 26 understöda,
658 1052 54 19 samt
726 1051 40 20 har
780 1050 70 21 därför
865 1050 7 20 i

42 1079 102 22 utskottet
158 1081 86 19 motsatt
258 1079 44 27 mig
317 1079 62 21 dessa
394 1079 49 21 ords
458 1079 133 27 inryckande
604 1079 39 21 och
653 1079 64 28 vågar
728 1079 72 20 därför
810 1079 62 20 äfven

42 1114 30 14 nu
94 1107 78 22 föreslå
192 1109 30 19 att
243 1107 174 28 borgareständet
439 1107 52 22 ville
513 1109 77 26 antaga
613 1108 12 26 $
647 1108 13 20 2
679 1107 66 28 enligt
760 1107 113 21 utskottets

42 1135 84 28 förslag.

111 1197 155 22 Diskussionen
288 1197 129 22 beträffande
440 1193 13 37 $
462 1198 13 20 2
492 1205 37 14 var
550 1197 88 22 härmed
653 1197 98 27 afslutad,
767 1197 106 20 hvarefter

44 1225 130 28 omröstning
189 1226 80 21 skedde
283 1226 66 27 enligt
363 1226 96 27 följande
475 1226 141 27 proposition:
802 1231 2 2 ;

112 1294 39 27 De,
166 1294 74 21 hvilka
260 1294 118 27 godkänna
398 1293 115 22 utskottets
531 1293 84 28 förslag
633 1293 35 21 till
683 1293 80 28 lydelse
778 1293 36 26 för
828 1293 15 26 $
860 1293 14 19 2

44 1323 150 27 oförändradt,
210 1324 59 19 rösta
282 1322 37 27 ja;
335 1322 31 27 de,
381 1322 36 21 det
431 1322 47 20 icke
491 1324 60 25 göra,
566 1323 61 20 rösta
641 1322 48 27 nej;

112 1351 80 21 vinner
208 1351 42 28 nej,
271 1351 41 20 har
330 1349 178 29 borgareständet
526 1350 35 28 för
573 1350 150 28 paragrafens
738 1349 72 21 andra
824 1355 49 14 mo-

43 1382 61 19 ment
121 1380 97 27 godkänt
237 1379 42 21 den
299 1379 86 27 lydelse,
403 1386 48 14 som
473 1379 125 27 föreslagits
613 1379 10 20 i
637 1379 42 21 den
699 1378 72 28 första
787 1378 35 20 till
838 1378 35 20 be-

45 1408 119 21 tänkandet
177 1408 77 28 fogade
269 1408 169 20 reservationen.

113 1476 161 27 Propositionen
291 1475 128 21 besvarades
435 1475 51 21 med
502 1474 155 28 öfvervägande
671 1475 27 27 ja,
714 1474 40 21 och
770 1479 37 15 var
822 1472 55 21 säle-

44 1504 38 21 des
98 1504 12 27 8
126 1505 12 19 2
154 1504 66 27 enligt
235 1504 112 20 utskottets
361 1503 80 27 förslag
456 1503 71 21 såsom
543 1502 126 22 oförändrad
684 1504 98 25 antagen.
