1017 1731
284 116 180 21 Borgareståndet
478 117 54 16 1891.
557 117 11 16 6
581 117 48 20 maj.
805 112 41 21 963

40 197 127 20 hallituksen
182 197 109 20 kertomus
314 196 62 21 niistä
398 196 99 27 toimista,
519 196 67 27 joihin
609 196 86 21 hallitus
721 197 28 20 oli
773 197 98 20 viimeksi

40 225 76 21 koossa
136 225 90 21 olleiden
243 225 95 26 säätyjen
355 226 110 25 päätösten
480 225 97 26 johdosta
593 225 110 26 ryhtynyt,
718 225 70 20 lausui
803 225 69 21 ilonsa

40 254 53 26 siitä,
116 255 42 19 että
179 253 86 21 hallitus
289 259 26 14 on
334 253 110 27 ylipäänsä
460 255 83 19 ottanut
558 255 93 24 varteen,
666 254 52 20 mitä
733 253 75 27 säädyt
823 256 49 19 ovat

40 283 114 26 pyytäneet
168 283 21 26 ja
204 282 111 21 koettanut
329 288 72 21 panna
415 281 94 21 toimeen
525 288 26 14 ne
567 281 148 27 toivomukset,
730 282 52 27 joita
797 283 75 26 säädyt

41 313 49 18 ovat
112 311 145 20 esiintuoneet.
288 310 59 21 Minä
368 310 81 26 luulen,
467 312 43 19 että
525 310 102 27 säädyillä
643 311 99 26 nykyään
758 313 114 18 enemmän

40 339 53 20 kuin
114 346 69 14 ennen
204 345 26 14 on
246 341 63 24 syytä
323 339 56 26 pitää
394 339 74 20 huolta
483 339 53 26 siitä,
552 340 42 19 että
609 339 73 20 niiden
698 339 109 27 päätökset
822 341 49 19 ovat

42 368 125 26 semmoiset,
189 369 42 20 että
251 374 28 14 ne
298 367 81 21 tulevat
393 367 186 21 tulevaisuudessa
593 367 123 21 kestämään
731 368 21 27 ja
768 369 42 20 että
826 369 44 19 sää-

42 396 38 27 dyt
94 396 76 21 itsekin
185 396 72 21 kaikin
272 396 74 27 puolin
359 395 84 21 koettaa
455 396 57 27 pitää
521 396 146 27 päätöksiänsä
680 403 90 14 arvossa.
798 397 74 20 Näistä

42 425 65 26 syistä
128 425 122 20 valiokunta
271 424 159 27 pääasiallisesti
450 425 105 26 ehdottaa,
571 426 42 19 että
629 425 64 26 esitys
709 427 59 19 vasta
782 425 86 27 ,aikoi-

43 454 74 19 naan
133 453 135 21 annettaisiin
284 453 107 26 säädyille.
417 453 92 26 Pyydän
525 453 63 21 saada
603 453 114 22 kannattaa
727 454 144 21 valiokunnan

41 482 137 21 mietinnössä
192 482 101 27 löytyvää
307 483 78 26 pontta.

112 567 32 21 Hr
160 567 145 21 Rönnbäck:
321 566 42 21 Det
378 566 69 22 finnes
463 567 35 21 väl
510 567 65 27 ingen
590 567 7 20 i
613 567 56 21 detta
685 567 66 27 ständ,
765 574 46 14 som
824 567 46 21 icke

42 596 104 20 erkänner
166 596 42 20 den
223 602 29 14 nu
268 595 161 27 ifrägavarande
446 596 87 26 banans,
552 596 216 26 Uleäborg—Torneä
783 596 87 26 banans,

42 624 101 28 ofantliga
158 624 109 27 betydelse
280 624 69 20 säsom
363 630 26 14 en
405 624 161 27 föreningslänk
579 624 49 21 med
643 624 24 21 de
686 624 186 21 svensk—norska

42 653 71 27 banor,
129 660 45 14 som
190 653 84 21 komma
295 655 29 18 att
339 652 48 21 leda
403 655 24 18 ut
441 652 33 22 till
490 653 122 20 Atlantiska
627 659 98 15 oceanen.
755 653 52 21 Men
823 653 48 21 dess

42 683 56 19 stora
120 681 114 27 betydelse,
258 682 48 20 dess
328 681 105 21 företräde
455 681 88 21 framför
561 682 66 20 andra
642 682 146 26 projekterade
804 682 67 20 banor

41 710 68 27 ligger
132 710 179 27 hufvudsakligen
334 710 50 23 däri,
408 712 30 18 att
461 710 42 20 den
527 710 52 20 skall
598 712 73 25 utgöra
691 717 26 14 en
733 710 66 21 sädan
814 710 56 20 länk.

42 738 61 21 Altsä
118 738 61 21 beror
194 738 64 21 ocksä
273 738 36 21 det
323 738 105 21 företräde
444 738 115 21 ständerna
574 738 51 21 böra
645 739 80 20 skänka
741 738 129 27 densamma,

42 767 89 21 likasom
142 767 64 26 tiden,
214 767 27 20 dä
257 767 41 20 den
314 766 38 21 bör
367 767 86 26 utföras,
469 767 28 27 pä
512 767 41 21 den
569 767 36 27 tid,
621 767 26 20 dä
662 767 41 21 den
717 767 110 27 värkligen
838 767 33 20 för

42 795 90 21 Finland
154 796 42 20 kan
219 797 74 25 utgöra
309 802 26 14 en
351 795 201 28 förbindningslänk
567 796 49 20 med
633 796 34 20 det
682 798 57 18 stora
753 795 117 21 världshaf-

42 826 40 18 vet.
112 824 123 21 Emellertid
251 824 68 27 ligger
333 824 36 21 det
384 826 58 18 ännu
458 824 6 20 i
482 824 49 21 vida
546 824 60 20 fältet
621 831 34 13 om
671 824 39 21 och
725 826 38 18 när
775 823 95 21 Luleä—

41 852 141 27 Haaparanda
197 852 70 21 banan
282 852 97 21 kommer
394 854 30 19 att
438 852 89 28 byggas,
537 853 90 20 likasom
638 852 39 21 ock
687 854 39 19 när
736 852 135 21 Gellivara—

42 880 76 22 Ofoten
141 881 70 20 banan
234 881 41 20 blir
297 881 73 27 färdig.
401 881 42 20 Vid
467 883 84 19 senaste
572 881 102 27 landtdag
688 882 61 26 hyste
766 880 106 27 ätskilliga

41 909 138 21 medlemmar
194 910 22 20 af
230 909 84 22 ständet
329 909 86 27 mycket
438 910 138 27 sangviniska
598 910 165 27 förhoppningar
784 916 35 14 om
842 911 30 18 att

41 938 77 21 nämda
133 938 67 21 banor
215 938 65 21 redan
300 938 31 21 till
347 938 146 21 innevarande
508 938 102 27 landtdag
624 938 68 21 skulle
708 945 50 14 vara
774 938 23 20 sä
812 937 59 28 längt

41 967 146 23 framskridna,
208 969 30 18 att
252 967 36 20 det
303 967 36 20 vid
355 967 70 20 denna
440 967 103 28 landtdag
558 973 50 14 vore
624 967 32 20 för
671 969 47 19 sent
733 968 30 19 att
778 968 93 25 upptaga

41 995 78 28 frägan,
136 995 84 21 hvarför
235 995 26 21 de
276 995 81 27 yrkade
372 995 27 27 pä
414 998 30 19 att
460 996 67 21 redan
546 996 55 20 1888
622 995 33 21 ärs
677 995 101 26 landtdag
802 994 69 21 skulle

41 1023 77 27 begära
133 1024 128 27 proposition
277 1031 35 14 om
327 1024 221 26 Uleäborg—Torneä
563 1024 81 21 banans
660 1023 116 22 utförande.
800 1023 71 20 Emel-

40 1052 62 20 lertid
123 1053 39 20 har
183 1053 35 20 det
236 1053 55 20 visat
310 1053 32 26 sig
365 1055 30 18 att
417 1053 36 20 det
476 1053 47 20 icke
538 1053 44 26 gätt
597 1053 24 20 sä
636 1052 67 27 snabt,
718 1058 46 14 som
778 1058 51 14 man
845 1051 27 20 dä

41 1081 96 26 väntade,
153 1081 40 20 och
208 1081 69 20 säkert
293 1083 28 25 är,
337 1081 66 27 enligt
418 1081 46 20 min
477 1081 70 27 tanke,
560 1083 29 19 att
600 1081 121 20 utförandet
731 1080 21 21 af
761 1080 42 21 den
814 1081 58 19 ännu

41 1109 131 21 återstående
196 1109 62 21 delen
278 1109 21 21 af
315 1109 25 21 de
356 1109 187 21 svensk—norska
558 1109 95 21 banorna
668 1109 96 20 kommer
779 1110 30 19 att
824 1110 48 25 taga

41 1139 57 19 ännu
114 1137 73 28 längre
203 1138 29 20 tid
248 1138 5 20 i
271 1137 96 28 anspräk.
397 1138 41 27 Jag
454 1139 39 20 vill
509 1139 54 20 dock
579 1138 46 21 icke
641 1137 59 28 pästä
715 1139 30 19 att
759 1137 43 20 min
817 1136 55 21 äsikt

41 1165 109 28 härvidlag
166 1166 53 21 skall
234 1168 54 25 väga
303 1173 46 14 mer
364 1168 27 19 än
407 1167 69 26 deras,
491 1167 71 20 hvilka
577 1168 32 19 tro
625 1168 30 19 att
674 1166 26 21 de
715 1165 157 21 svensk—nor-

42 1195 37 20 ska
94 1194 96 21 banorna
205 1195 59 20 skola
280 1195 66 20 blifva
356 1195 90 27 tidigare
457 1195 88 28 färdiga.
561 1195 51 20 Men
623 1195 70 20 därför
705 1193 89 21 innebär
808 1193 64 21 också

42 1223 42 21 den
107 1223 21 20 af
148 1223 102 21 utskottet
265 1223 120 28 föreslagna
400 1223 111 22 klämmen
526 1224 41 20 den
583 1225 56 19 stora
654 1223 101 26 fördelen,
771 1223 30 20 att
816 1223 57 19 stän-

43 1252 65 20 derna
123 1251 79 28 begära
217 1252 21 21 af
253 1252 104 27 styrelsen
373 1253 138 26 proposition,
527 1259 45 14 som
588 1252 10 20 %
612 1252 73 20 sinom
701 1251 33 21 tid
749 1251 53 20 skall
818 1251 55 20 före-

43 1280 73 27 läggas
136 1280 118 21 ständerna.
285 1280 33 21 Dä
333 1281 42 20 kan
390 1281 23 26 ju
429 1281 112 27 styrelsen,
556 1281 33 20 för
605 1280 85 21 hvilken
706 1280 35 20 det
755 1278 119 28 ingalunda

43 1309 42 20 kan
100 1315 50 14 vara
166 1309 84 26 okändt,
265 1309 72 20 hvilka
353 1309 135 27 synpunkter
502 1310 59 20 inom
576 1309 113 20 ständerna
707 1309 54 26 gjort
777 1307 32 27 sig
830 1307 44 26 gäl-

42 1337 63 21 lande
126 1337 129 21 beträffande
277 1337 72 21 vikten
365 1338 21 20 af
402 1338 72 21 denna
489 1338 61 27 bana,
565 1338 37 20 vid
617 1337 42 21 den
674 1336 104 28 tidpunkt,
794 1335 28 20 dä
825 1335 48 32 ba-

42 1372 43 23 nan
100 1366 42 20 kan
158 1366 64 21 varda
238 1372 27 15 en
281 1366 66 21 sädan
362 1366 202 28 förbindningslänk
579 1372 46 15 som
635 1366 35 27 jag
680 1365 81 27 antydt,
771 1363 103 28 möjligen

42 1394 64 21 redan
124 1394 35 21 vid
174 1396 60 20 nästa
249 1395 102 27 landtdag
366 1395 33 21 för
414 1396 117 20 ständerna
549 1395 116 27 framlägga
684 1393 130 29 proposition
838 1399 36 14 om

42 1423 122 27 byggandet
180 1424 22 20 af
217 1423 76 27 banan,
308 1424 45 20 ifall
368 1423 71 21 banan
455 1423 240 27 Luleä--Haaparanda
710 1422 27 21 dä
751 1421 71 21 blifvit
836 1421 38 20 be-

42 1452 70 20 sluten
134 1452 31 20 till
188 1452 112 21 utförande
317 1452 39 20 och
371 1452 46 20 ifall
432 1452 83 21 arbetet
530 1452 27 27 pä
573 1450 214 22 Gellivara--Ofoten
802 1450 72 30 banan

42 1480 75 20 skridit
132 1480 22 20 sä
169 1480 59 28 långt
243 1480 82 27 framåt,
341 1482 30 19 att
385 1487 50 14 man
447 1481 44 20 kan
501 1481 80 20 förutse
593 1480 48 21 dess
654 1478 150 22 fullbordande
814 1483 60 28 inom

42 1514 26 15 en
84 1514 49 15 snar
148 1508 90 22 framtid.
269 1508 102 22 Däremot
387 1516 50 14 vore
454 1509 37 21 det
507 1509 66 27 enligt
588 1509 45 20 min
649 1508 69 25 tanke,
729 1507 70 21 säsom
810 1505 65 21 ocksä
