1017 1731
287 112 180 21 Borgareständet
479 113 54 16 1891.
557 112 22 17 19
591 112 48 21 maj.
800 107 54 20 1279

50 191 77 22 föreslå
154 193 30 19 att
206 191 88 22 ärendet
320 191 7 20 i
355 191 70 21 denna
448 191 34 22 del
509 192 68 20 skulle
602 191 163 22 återremitteras
791 192 31 21 till
848 194 33 19 ut-

51 221 83 26 skottet,
155 220 33 21 för
211 223 29 18 att
262 220 102 21 utskottet
387 220 70 21 skulle
475 220 78 21 föreslå
568 220 96 27 lämpligt
679 221 74 26 anslag
768 220 33 21 för
816 221 64 20 ända-

51 249 69 21 målet.

119 306 33 21 Hr
173 306 104 27 Elving:
307 305 42 22 Det
371 306 60 21 torde
448 313 51 14 vara
514 306 57 21 svårt
587 308 30 19 att
631 306 33 21 för
679 308 30 19 ett
724 306 76 21 sådant
815 307 65 20 ända-

52 334 47 27 mål,
122 341 46 14 som
184 335 35 20 det
234 335 21 20 af
270 335 25 20 hr
310 334 103 27 Federley
429 335 134 26 framhållna,
578 334 67 21 fixera
661 334 64 28 något
739 335 84 27 belopp,
839 335 40 20 och

52 363 26 20 då
99 363 61 21 dessa
182 363 163 28 arvodestillägg
365 363 7 20 i
393 363 41 21 alla
457 363 38 21 fall
517 363 60 21 skola
591 363 51 27 utgå
657 363 21 20 af
693 363 95 21 bankens
804 363 76 27 medel,

51 391 41 21 kan
108 392 35 27 jag
158 392 33 21 för
205 392 44 20 min
265 392 35 21 del
315 391 46 22 icke
376 392 46 21 inse
437 391 86 22 hvartill
539 392 36 21 det
589 391 69 22 skulle
673 392 58 27 tjäna
745 393 30 19 att
791 391 89 28 uppföra

52 420 6 20 i
80 420 96 21 bankens
197 423 41 18 stat
253 423 30 18 ett
297 420 88 27 specielt
400 421 75 27 anslag
490 422 32 19 för
537 422 30 19 ett
582 420 75 21 sådant
672 420 104 21 ändamål.
806 421 74 20 Annat

52 451 22 18 är
90 449 34 20 det
139 449 49 21 med
203 449 80 21 sådana
297 453 77 23 poster,
389 449 39 20 där
443 455 28 15 en
486 449 43 20 viss
545 455 84 14 summa
643 449 46 21 icke
705 449 32 20 får
752 449 32 20 för
800 451 30 18 ett
840 449 39 27 gif-

52 479 34 19 vet
101 477 98 21 ändamål
220 477 146 28 öfverskridas,
377 478 39 20 och
433 477 38 21 där
485 484 50 14 man
551 477 71 21 därför
636 477 75 22 binder
727 477 61 22 dessa
804 477 77 28 belopp

52 505 34 22 vid
102 508 30 20 ett
147 506 73 28 anslag
234 507 8 20 i
257 508 73 20 staten.

120 563 35 21 Hr
169 563 137 21 Borenius:
336 563 11 21 I
369 564 171 27 anmärkningen
564 565 10 19 1
597 563 55 21 efter
673 566 70 18 staten
757 563 62 21 heter
831 563 48 21 det:

54 601 8 10 >
66 592 119 28 Angäende
201 592 204 28 bankfullmäktiges
423 592 82 21 arvode
518 592 40 21 och
570 592 95 28 anslaget
675 592 33 21 till
720 592 160 21 bankfullmäk-

51 621 55 48 ge
127 620 70 22 kansli
220 622 23 20 är
265 620 102 22 särskildt
387 620 123 28 stadgadt».
539 620 40 21 Ett
594 620 75 22 sådant
685 620 118 28 stadgande
818 620 63 28 ingår

52 650 65 20 äfven
140 650 7 20 i
162 652 117 18 momentet
301 649 13 26 ])
331 649 22 21 af
367 657 29 13 nu
411 649 101 27 gällande
528 649 128 21 instruktion
671 649 35 21 för
721 649 160 21 bankfullmäk-

52 678 49 27 tige,
122 678 112 21 hvaremot
256 678 37 20 det
308 677 23 21 af
345 677 139 22 förbiseende
499 678 74 21 blifvit
587 678 132 21 utelämnadt
733 677 50 21 från
799 677 37 21 det
851 685 29 13 nu

53 706 123 21 utarbetade
199 706 104 28 förslaget
321 706 33 21 till
368 706 138 22 instruktion.
536 706 39 21 Ett
590 706 75 28 tillägg
680 708 7 19 i
702 706 59 22 detta
776 706 104 21 afseende

53 734 37 21 bör
113 734 83 22 således
214 736 63 26 göras
300 735 6 20 i
328 736 12 26 &
358 736 26 20 14
399 734 24 22 af
438 735 79 21 nämda
532 735 135 21 instruktion.
697 735 45 21 När
757 734 71 21 denna
843 742 38 21 pa-

52 764 72 26 ragraf
137 763 97 21 kommer
248 764 33 20 till
295 763 138 28 behandling,
449 764 39 21 ber
497 764 36 28 jag
546 767 31 17 att
589 764 24 20 få
623 764 131 21 återkomma
763 763 34 21 till
808 763 72 21 saken.

121 820 71 22 Sedan
208 820 150 22 diskussionen
373 820 91 22 härmed
479 821 115 21 förklarats
609 820 100 27 afslutad,
718 820 126 22 framstälde
855 820 26 21 hr

52 849 121 21 talmannen
189 849 32 21 till
236 849 55 21 först
306 857 26 13 en
347 849 24 21 så
386 849 95 29 lydande
497 850 289 28 omröstningsproposition:

120 906 40 26 De,
175 906 74 21 hvilka
263 906 117 28 godkänna
393 906 116 22 utskottets
524 906 83 28 förslag
624 906 133 28 beträffande
772 906 26 20 de
812 906 69 27 förste

52 935 140 21 kamreraren
214 935 39 21 och
274 934 164 28 öfverkassören
455 936 165 21 tillkommande
636 934 168 29 löneförmåner,
820 936 61 19 rösta

46 964 40 27 ja;
102 964 30 25 de,
148 964 36 21 det
198 963 45 22 icke
257 966 60 25 göra,
332 965 60 20 rösta
409 964 50 27 nej;

120 992 80 21 vinner
214 992 43 28 nej,
273 993 42 20 har
329 992 179 27 borgareståndet
523 993 88 20 beslutit
621 994 34 19 att
668 993 10 20 i
689 993 73 20 denna
774 992 35 21 del
820 991 59 21 åter-

51 1021 113 20 remittera
185 1023 78 25 staten,
286 1021 36 27 för
343 1023 33 19 att
390 1021 200 28 förfullständigas
605 1021 9 21 i
629 1021 36 21 det
679 1021 28 28 af
718 1021 27 20 hr
761 1020 121 21 Sundman

51 1049 119 22 anmärkta
184 1049 107 28 afseende.
336 1053 3 4 *

120 1106 71 21 Sedan
207 1106 70 21 denna
306 1107 119 28 proposition
441 1107 113 21 besvarats
569 1107 50 21 med
637 1105 161 29 öfvervägande
808 1106 22 27 ja
840 1105 42 21 och

51 1135 41 20 den
115 1135 23 20 af
160 1135 106 21 utskottet
288 1110 122 58 föreslagna
433 1138 72 19 staten
525 1136 7 20 i
548 1135 115 22 omordade
678 1134 102 22 afseende
796 1133 85 22 således

51 1163 73 22 blifvit
161 1163 93 27 godkänd,
275 1163 124 22 framstälde
414 1163 27 22 hr
457 1164 124 21 talmannen
597 1171 26 14 en
638 1163 244 28 omröstningsproposi-

50 1193 45 20 tion
110 1191 23 21 af
159 1192 84 28 följande
258 1192 90 29 lydelse:

122 1249 39 27 De,
177 1249 75 22 hvilka
265 1250 117 27 godkänna
397 1250 116 21 utskottets
525 1250 83 28 förslag
621 1250 35 21 till
666 1252 44 19 stat
722 1249 36 28 för
768 1248 114 21 Finlands

51 1278 57 21 bank
123 1277 150 28 nförändradt,
289 1280 60 20 rösta
358 1279 39 27 ja;
413 1279 34 26 de,
464 1279 36 21 det
513 1279 46 21 icke
572 1281 59 25 göra,
646 1280 59 19 rösta
720 1277 48 28 nej;

121 1307 81 20 vinner
222 1307 42 28 nej,
281 1307 42 21 har
337 1307 181 28 borgareståndet
532 1307 89 22 beslutit
635 1307 160 21 återremittera
809 1307 73 19 staten

50 1335 36 21 till
106 1335 104 22 utskottet
230 1335 37 28 för
287 1337 33 20 att
338 1335 200 28 förfullständigas
560 1336 87 21 därhän
663 1337 34 20 att
711 1335 79 27 anslag
806 1334 36 27 för
856 1334 27 31 de

50 1363 112 29 ändamål,
176 1371 48 14 som
238 1364 77 28 finnas
331 1364 8 21 i
354 1365 13 27 $
385 1365 31 21 60
431 1365 32 27 af
474 1365 138 28 reglementet
627 1364 125 27 omnämda,
768 1363 68 28 blefve
846 1364 36 19 uti

50 1394 71 20 staten
136 1394 110 27 upptaget.

120 1444 75 27 Äfven
217 1450 71 21 denna
324 1451 122 27 proposition
470 1450 129 22 besvarades
615 1450 49 22 med
679 1448 161 29 öfvervägande
855 1448 28 32 ja,

49 1478 41 21 och
112 1485 39 14 var
172 1478 83 22 säledes
277 1481 117 19 utskottets
417 1478 86 30 förslag
524 1479 33 21 till
575 1482 42 19 stat
632 1479 34 21 för
681 1478 105 22 Finlands
801 1476 59 22 bank
875 1484 7 12 i

48 1506 50 22 dess
113 1506 73 22 helhet
200 1506 118 29 godkändt.
