1017 1731
288 145 180 21 Borgareståndet
481 145 53 16 1891.
559 145 13 16 4
586 145 48 21 maj.
810 141 40 20 901

44 233 47 14 som
106 225 124 28 föreslagits
246 225 8 20 i
269 225 42 20 den
327 225 66 27 tredje
410 225 35 20 till
461 224 144 21 betänkandet
616 224 80 27 fogade
707 226 168 25 reservationen,

44 256 59 19 rösta
113 255 39 26 ja;
168 254 31 27 de,
215 254 35 20 det
265 253 45 21 icke
323 255 61 25 göra,
401 255 60 18 rösta
476 253 47 27 nej;

113 283 80 20 vinner
208 282 42 27 nej,
267 282 41 21 har
323 281 179 28 borgareståndet
509 281 73 21 såsom
590 281 218 28 kontraproposition
816 281 58 28 före-

45 312 73 27 dragit
132 311 34 21 det
181 311 90 27 förslag,
286 317 47 14 som
348 310 111 27 förordats
475 310 9 20 i
499 310 42 21 den
556 310 72 20 andra
643 310 170 21 reservationen.

113 367 33 22 Då
161 367 158 28 propositionen
334 367 128 21 besvarades
477 367 50 20 med
542 367 157 27 öfvervägande
714 367 27 27 ja,
757 367 67 21 erhöll
835 367 40 20 den

46 397 84 27 slutliga
145 396 160 28 propositionen
320 395 160 21 nedanstående
497 395 90 27 lydelse:

114 448 39 27 De,
172 447 73 22 hvilka
261 447 118 27 godkänna
394 447 114 20 utskottets
522 447 84 26 förslag
623 446 35 21 till
673 447 79 28 lydelse
768 447 36 28 för
818 447 16 28 $
849 447 27 20 19

46 477 150 27 oförändradt,
211 477 60 20 rösta
281 475 39 28 ja;
337 475 31 27 de,
385 475 35 21 det
433 475 46 21 icke
493 477 60 26 göra,
568 477 60 19 rösta
644 476 48 27 nej;

114 505 79 21 vinner
207 505 43 27 nej,
267 505 41 20 har
320 504 178 28 borgareståndet
507 504 89 27 antagit
605 505 42 20 den
658 504 79 28 lydelse
747 505 36 27 för
792 504 84 21 nämda

43 534 115 28 paragraf,
174 540 46 15 som
235 533 125 27 föreslagits
375 533 10 20 i
397 533 42 21 den
455 533 66 27 tredje
537 533 35 21 till
588 533 144 21 betänkandet
746 533 78 27 fogade
839 540 34 13 re-

46 563 144 21 servationen.

115 614 42 21 Vid
176 614 82 21 anstäld
279 614 96 26 votering
391 613 128 21 besvarades
535 614 142 26 proposionen
692 613 49 21 med
757 614 27 20 24
800 614 20 26 ja
836 613 39 21 och

47 643 26 20 23
89 643 41 27 nej,
146 643 39 20 och
200 642 54 21 hade
270 642 83 20 ståndet
369 642 82 20 således
467 642 80 27 antagit
557 642 42 21 den
610 642 81 27 lydelse
702 642 33 20 för
744 642 131 27 paragrafen,

46 678 46 14 som
107 672 21 20 af
143 671 101 21 utskottet
259 670 125 28 föreslagits.

116 722 26 27 $$
158 722 84 20 20—23
259 722 123 27 godkändes
398 723 52 19 utan
467 721 146 27 anmärkning.

114 773 43 21 Vid
172 774 12 26 $
200 774 27 19 24
243 772 102 28 begärdes
361 772 60 21 ordet
437 772 21 21 af

115 824 25 20 hr
161 824 121 26 Jusölius,
305 830 46 14 som
372 824 94 26 yttrade:
491 823 73 21 Första
581 824 116 26 meningen
713 824 20 20 af
748 824 67 27 tredje
830 830 45 15 mo-

46 854 80 20 mentet
147 852 73 26 tyckes
243 859 50 13 vara
309 852 64 27 något
389 852 115 28 oegentligt
520 852 110 21 stiliserad.
659 852 44 21 Där
719 852 51 21 står:
787 852 88 28 ,Inrätt-

46 882 80 26 ningen
145 881 42 20 kan
206 880 63 21 äfven
284 880 85 28 vidtaga
385 880 73 28 åtgärd
475 887 35 14 om
525 881 124 27 försäljning
665 881 20 21 af
701 888 65 14 varan
781 881 53 21 eller
848 888 26 14 en

47 910 34 20 del
94 909 64 27 däraf,
169 909 7 21 i
186 909 38 21 fall
240 915 65 15 varan
322 909 68 21 under
406 909 148 27 upplagstiden
570 911 23 19 är
608 911 65 19 utsatt
687 910 33 20 för
734 910 45 20 fara
792 912 30 19 att
833 910 42 20 för-

47 938 122 21 skämmas".
199 938 68 21 Häraf
281 944 64 20 synes
361 945 46 13 som
423 945 36 13 om
474 945 50 14 man
539 938 111 21 förutsatte
666 940 29 20 att
711 938 75 21 endast
800 945 28 14 en
840 938 34 21 del

46 967 22 20 af
89 973 63 14 varan
175 967 72 20 kunde
271 967 86 20 komma
380 968 29 19 att
423 966 104 27 försäljas,
543 967 62 20 äfven
621 973 35 14 om
671 967 48 21 hela
733 967 77 27 partiet
824 973 50 14 vore

47 995 77 28 egnadt
138 997 30 18 att
183 997 49 24 taga
246 995 71 20 skada.
347 995 39 20 Till
402 995 138 21 undvikande
556 995 21 21 af
593 995 70 21 denna
674 995 142 28 oegentlighet
824 995 50 20 ville

46 1024 35 27 jag
95 1023 77 21 föreslå
187 1023 94 27 följande
296 1023 120 21 redaktion:
433 1023 160 28 ,Inrättningen
610 1024 41 21 kan
667 1024 62 21 äfven
745 1024 85 27 vidtaga
844 1023 30 21 åt-

46 1052 51 27 gärd
113 1059 34 14 om
162 1052 126 27 försäljning
303 1052 21 20 af
339 1051 66 21 sådan
421 1059 52 14 vara
489 1052 51 21 eller
555 1052 34 21 del
606 1053 64 26 däraf,
686 1059 45 14 som
743 1052 69 21 under
822 1058 52 21 upp-

46 1081 103 27 lagstiden
165 1082 23 19 är
203 1082 66 19 utsatt
283 1081 33 20 för
330 1081 46 20 fara
391 1082 30 19 att
436 1081 159 21 förskämmas*.

114 1132 11 20 I
140 1131 116 28 anledning
271 1132 21 20 af
307 1132 24 20 hr
346 1131 103 21 Jusélius”
465 1133 141 26 anmärkning
618 1132 121 21 framstälde
750 1132 26 20 hr
786 1132 89 20 talman-

46 1167 41 14 nen
102 1160 93 27 följande
210 1160 284 27 omröstningsproposition:

114 1211 38 26 De,
169 1211 75 20 hvilka
258 1211 118 27 godkänna
391 1212 114 20 utskottets
520 1211 83 28 förslag
620 1212 34 21 till
670 1212 78 27 lydelse
763 1211 37 27 för
814 1213 15 24 $
846 1211 29 20 24

46 1239 148 28 oförändradt,
211 1241 60 19 rösta
280 1240 40 27 ja;
337 1240 30 26 de,
384 1240 35 21 det
433 1240 47 21 icke
494 1243 59 24 göra,
569 1242 61 19 rösta
644 1241 47 26 nej;

116 1268 77 21 vinner
213 1268 43 27 nej,
277 1269 42 20 har
340 1269 177 26 borgareståndet
533 1269 88 20 beslutit
637 1269 88 27 vidtaga
739 1268 71 21 sådan
826 1275 47 14 om-

46 1297 121 27 redigering
188 1297 29 27 af
229 1297 150 27 paragrafens
396 1297 66 28 tredje
478 1299 103 25 moment,
597 1305 45 14 som
659 1297 27 21 hr
700 1297 100 21 Jusélius
814 1297 59 27 före-

45 1325 73 28 slagit.

114 1377 82 21 Genom
218 1378 30 19 att
269 1377 89 21 besvara
378 1377 160 27 propositionen
553 1377 48 21 med
618 1377 155 27 öfvervägande
788 1376 21 28 ja
824 1376 52 28 god-

44 1406 69 20 kände
129 1405 83 21 ståndet
228 1406 12 26 $
257 1406 26 19 24
299 1406 6 19 i
321 1405 95 27 enlighet
430 1406 51 20 med
497 1406 112 21 utskottets
625 1406 83 27 förslag.

113 1456 135 21 Beträffande
264 1456 12 26 $
293 1457 26 19 25
335 1457 84 26 yttrade

112 1508 25 20 hr
153 1514 47 14 von
216 1508 94 20 Pfaler:
330 1508 33 21 Uti
381 1508 66 20 andra
463 1510 117 19 momentet
595 1508 21 21 af
631 1508 70 21 denna
713 1507 98 29 paragraf
821 1507 55 21 före-

44 1536 96 21 kommer
155 1537 30 20 ett
199 1536 35 21 fel.
265 1536 42 21 Det
322 1536 66 21 borde
403 1537 50 21 heta
471 1554 4 10 ,
477 1537 130 27 försäljning
622 1543 45 15 som
683 1537 67 27 enligt
763 1538 12 25 $
786 1536 26 21 22
824 1536 52 21 eller
