1017 1731
171 103 10 19 1

184 102 13 19 N

199 101 12 20 S

369 104 180 45 Borgarsstänäet
561 109 53 16 1891.
639 110 25 16 25
677 109 60 20 april.

143 187 156 27 sträfvandena,
316 188 73 26 tyckes
405 188 34 21 det
455 194 46 14 som
517 195 34 13 om
566 189 160 26 lagstiftningen
744 188 37 20 hos
797 194 33 14 oss
847 188 53 21 hade
916 188 44 27 gått

144 222 28 15 en
188 216 99 27 riktning,
302 223 45 14 som
363 217 90 26 antyder
469 219 29 18 att
513 217 40 20 den
570 217 96 20 förbisett
681 219 30 18 att
727 216 148 27 maltdrycker,
886 217 39 20 och
936 217 32 20 för

144 245 114 25 nämligast
273 245 26 26 öl,
315 245 90 27 måttligt
420 245 161 27 konsumerade,
602 245 124 27 isynnerhet
741 245 33 20 för
789 245 180 27 kroppsarbetare1

146 275 36 18 äro
204 273 141 21 hälsosamma
367 274 38 20 och
429 273 92 21 närande
538 274 96 27 drycker,
650 281 44 13 som
712 273 71 21 därför
798 273 65 21 borde
878 273 33 21 för
926 274 44 20 hva:

145 301 39 21 och
201 307 25 14 en
245 308 49 14 vara
309 302 38 21 lätt
363 302 119 27 ätkomliga.
508 302 41 21 Det
564 305 23 18 är
602 305 44 18 mot
662 303 35 20 det
713 302 109 27 omättliga
833 302 75 21 bruket
918 303 51 19 hära

146 330 40 21 och
206 330 60 20 däraf
285 331 94 26 följande
394 331 122 26 berusning,
532 337 45 14 som
594 331 26 20 de
636 331 120 20 restriktiva
772 331 124 26 åtgärderna
913 331 58 20 borde

145 359 101 26 vidtagas,
271 359 38 20 och
325 359 46 21 icke
386 362 45 18 mot
446 359 151 28 försäljningen
614 360 21 20 af
650 359 75 28 själfva
742 366 70 14 varan.
842 359 130 27 Lagstiftnin:

145 394 41 21 gen
210 387 38 20 hos
272 394 34 14 oss
329 388 38 20 har
381 388 6 20 i
404 388 57 21 detta
481 388 99 21 afseende
601 388 44 27 gått
660 389 6 19 i
683 395 25 14 en
725 390 86 18 motsatt
826 388 94 27 riktning
935 394 37 14 mo

145 416 55 20 hvad
217 416 41 21 den
275 417 54 26 gjort
344 417 7 20 i
367 417 26 20 de
409 417 60 20 flesta
483 417 154 26 kulturländer,
652 417 21 26 ja
692 417 3 20 i
711 416 92 27 Bayern,
819 417 35 20 det
871 416 54 26 land,
941 416 32 20 där

144 445 36 20 det
196 445 59 20 torde
270 445 162 20 konsummeras
448 448 53 18 mest
517 445 18 20 öl
553 446 6 19 i
576 445 47 21 hela
639 445 94 23 världen,
748 445 39 20 har
802 445 122 27 regeringen
943 445 31 20 be-

144 475 64 18 stämt
229 475 30 18 ett
282 474 131 27 maximipris
436 474 27 27 pä
484 474 26 26 öl,
533 474 32 20 för
581 476 29 19 att
626 481 64 13 varan
707 473 34 20 mä
758 480 49 14 vara
822 473 33 21 för
870 473 41 20 den
927 479 15 14 s.
958 473 13 20 k

145 501 116 21 arbetande
284 502 83 21 klassen
391 503 118 27 tillgänglig
530 503 33 20 för
586 502 90 28 mättligt
692 502 49 28 pris.
771 502 41 21 För
827 502 63 27 öfrigt
905 504 22 18 är
943 501 32 21 det

144 532 31 19 ett
197 530 78 21 bekant
297 531 82 20 faktum
402 534 29 18 att
447 532 6 19 i
469 538 80 14 samma
573 532 48 20 män
638 532 100 20 kulturen
754 532 64 26 stiger
834 531 5 20 i
856 532 29 19 ett
900 530 55 26 land,
970 537 6 13 i

145 566 81 13 samma
248 559 49 21 män
321 560 65 26 stiger
408 560 63 20 ocksä
492 560 47 20 dess
555 560 135 26 befolknings
708 560 146 20 lefnadsbehof
869 559 6 20 i
892 559 40 20 alla
948 559 28 20 af-

145 587 100 21 seenden.
275 588 87 26 Mycket
383 594 45 14 som
452 588 56 21 förut
531 588 76 27 ansågs
628 589 31 20 för
670 586 132 29 lyxartiklar
816 588 41 20 blir
872 588 47 20 med
936 588 40 20 den

145 616 97 27 stigande
266 616 98 21 kulturen
389 617 260 27 nödvändighetsartiklar,
672 617 40 20 och
735 616 72 21 ibland
830 616 62 20 dessa
908 616 69 20 finnas

146 644 52 20 visst
213 644 57 22 flere,
287 645 68 20 såsom
371 645 54 21 kaffe
441 646 38 20 och
496 647 25 24 t6,
538 646 76 26 hvilka,
635 645 106 27 omåttligt
755 645 135 21 förbrukade,
906 644 72 20 kunna

145 680 51 13 vara
204 673 33 20 för
247 674 74 20 hälsan
332 674 101 27 skadliga,
445 674 87 21 likasom
544 677 29 18 ett
584 674 105 27 omåttligt
700 674 54 20 bruk
766 673 21 21 af
798 674 25 20 öl.
847 673 48 20 Men
908 673 68 20 såsom

144 701 68 27 sagdt,
223 702 95 20 häremot
334 702 49 20 böra
399 702 97 26 åtgärder
511 703 101 27 vidtagas,
628 703 46 20 icke
691 704 45 18 mot
751 702 35 20 det
797 702 95 26 måttliga
902 701 76 21 bruket

144 730 65 20 däraf.
239 730 42 21 Det
304 731 40 20 kan
368 731 33 20 väl
424 731 47 21 icke
494 732 49 20 falla
566 732 68 26 nägon
653 732 21 20 in
691 734 31 17 att
737 731 51 20 söka
803 730 98 27 förbjuda
917 730 61 20 dessa

144 759 57 20 förut
222 765 45 14 som
291 759 130 27 lyxartiklar,
437 766 48 14 men
503 766 88 14 numera
607 766 45 14 som
668 759 258 27 nödvändighetsartiklar
941 765 37 14 an-

144 787 65 21 sedda
232 794 66 14 varor.
329 788 41 26 Jag
391 788 39 20 kan
456 788 69 21 därför
542 788 45 21 icke
602 788 58 21 finna
676 788 44 20 ölet
736 794 49 14 vara
801 790 29 18 ett
845 787 23 21 så
882 787 96 27 lämpligt

143 816 144 26 skatteobjekt
301 818 30 18 att
345 817 36 26 jag
396 817 69 20 skulle
480 824 50 14 anse
547 824 24 13 en
588 817 123 27 förhöjning
722 816 21 20 af
754 816 82 20 skatten
850 816 126 26 nödvändig.

144 844 50 20 Med
217 844 100 22 afseende
333 845 11 20 å
361 845 34 21 det
411 846 221 26 osäkerhetstillstånd,
652 842 61 24 hvari
730 845 19 20 vi
766 844 128 21 beträffande
910 844 67 20 tullen

144 873 6 19 i
167 872 116 22 allmänhet
298 873 85 21 befinna
399 880 34 14 oss
448 874 39 20 och
503 874 86 27 specielt
605 863 43 32 mot
663 873 115 27 Ryssland,
794 873 68 21 skulle
874 873 35 20 det
920 873 57 20 dess-

144 904 65 20 utom,
225 908 35 14 om
277 902 55 20 detta
348 902 79 27 förslag
441 903 63 27 ginge
520 903 90 27 igenom,
626 903 73 20 kunna
711 902 69 20 hända
792 904 28 18 att
834 902 19 20 vi
866 902 44 20 åter
920 903 58 19 snart

144 930 69 21 skulle
229 930 86 21 befinna
331 937 33 14 oss
380 931 25 27 på
421 938 81 14 sammu
517 932 119 27 onaturliga
651 930 183 27 frihandelspoint,
850 930 26 27 på
892 930 84 21 hvilken

144 959 20 20 vi
173 959 33 20 för
212 966 38 20 par
259 959 112 21 decennier
379 960 66 21 sedan
456 960 93 21 befunno
559 967 39 15 oss,
607 961 108 26 nämligen
727 962 30 18 att
768 959 34 21 det
813 966 53 21 egna
883 959 41 20 ölet
940 959 37 20 hos

143 993 35 14 oss
190 994 36 13 var
239 988 118 21 beskattadt
367 989 40 20 och
418 989 35 21 det
463 989 45 20 från
520 989 105 26 Ryssland
636 981 143 35 importerade
790 995 37 13 var
837 988 44 20 fritt
889 987 45 20 från
946 987 31 20 så-

144 1015 33 21 väl
202 1016 38 20 tull
264 1023 45 14 som
329 1017 60 20 skatt.
419 1017 49 21 Med
485 1011 98 27 afseende
600 1017 11 21 å
627 1017 28 21 alt
671 1017 59 20 detta
746 1023 50 14 vore
811 1017 35 26 jag
861 1016 68 27 hugad
947 1017 30 19 att

144 1044 81 27 påyrka
241 1045 130 21 afskaffande
387 1045 21 21 af
423 1046 48 21 hela
487 1046 140 25 maltskatten,
643 1053 49 14 men
711 1045 26 20 då
752 1046 35 26 jag
803 1045 45 20 icke
860 1051 61 14 anser
934 1045 43 26 mig

144 1073 72 20 härför
230 1073 73 21 kunna
320 1074 92 27 påräkna
428 1075 120 26 tillräckligt
564 1074 97 26 medhåll,
678 1073 52 21 ville
745 1074 36 26 jag
796 1073 76 21 föreslå
888 1076 29 17 att
930 1073 47 20 bor-

144 1101 136 28 gareståndet
303 1103 68 20 skulle
393 1103 127 20 beträffande
537 1105 12 24 $
567 1104 7 19 1
594 1103 83 21 ansluta
701 1103 33 26 sig
755 1102 32 21 till
804 1103 64 20 första
885 1108 92 14 reserva-

143 1130 79 21 tionen.

214 1215 32 20 Hr
270 1215 125 22 Löfgren:
420 1216 48 21 Olin
491 1217 121 20 sattumalta
635 1217 154 26 varajäsenenä
814 1215 164 21 valiokunnassa

144 1243 70 21 silloin
232 1244 43 20 kun
292 1247 20 18 tätä
349 1245 56 20 asiaa
422 1245 117 21 käsiteltiin.
568 1245 131 20 Valiokunta
716 1245 69 20 varsin
802 1245 65 25 hyvin
879 1244 46 20 tiesi
936 1245 42 19 että

144 1272 75 26 säädyt
236 1275 49 18 ovat
300 1273 127 21 lähettäneet
443 1274 106 27 esityksen
566 1273 219 21 valtiovaliokuntaan
802 1273 119 20 lausunnon
942 1279 36 13 an-

144 1301 109 20 tamiseksi
277 1301 46 21 siitä
346 1304 109 23 määrästä,
477 1303 48 26 joka
547 1309 26 13 on
590 1305 180 18 suostuntaveron
787 1301 72 20 kautta
875 1301 103 26 koottava,

144 1329 50 21 sekä
218 1330 270 22 suostuntavaliokuntaan,
505 1332 51 25 jotta
571 1337 22 14 se
610 1331 76 20 antaisi
706 1330 138 21 lausuntonsa
860 1331 119 19 suostunta-

144 1364 65 14 veron
226 1358 206 22 maksamis-tavasta
447 1360 24 32 ja
483 1354 110 26 -keinosta.
624 1359 132 21 Valiokunta
775 1359 36 19 siis
828 1358 70 20 varsin
913 1357 66 27 hyvin

144 1386 54 22 tiesi,
219 1389 44 18 että
279 1388 74 26 säädyt
368 1388 55 20 eivät
440 1388 32 20 voi
489 1388 124 27 lopullisesti
628 1389 86 26 päättää
729 1389 178 19 suostuntaveron
923 1394 20 12 m

144 1417 55 18 rästä
215 1421 70 15 ennen
302 1416 51 20 kuin
370 1416 187 21 valtiovaliokunta
573 1423 26 14 on
616 1417 132 20 ilmoittanut
758 1415 132 21 tarvitaanko
901 1417 77 19 mitään

144 1446 177 18 suostuntaveroa
336 1445 27 26 ja,
378 1446 32 26 jos
426 1446 39 20 sitä
480 1446 109 23 tarvitaan,
604 1446 63 19 missä
685 1446 41 18 mää
828 1444 67 20 Mutta
916 1444 64 20 valio-

144 1472 68 20 kunta
228 1472 20 21 ei
264 1472 99 22 katsonut
385 1474 158 20 mahdolliseksi
565 1474 64 26 jättää
647 1473 121 21 mietintönsä
802 1472 112 21 antamista
929 1472 51 20 siksi

144 1500 45 20 kun
206 1501 189 21 valtiovaliokunta
411 1509 26 13 on
454 1504 69 18 tämän
539 1502 136 21 ilmoituksen
694 1502 81 26 tehnyt,
790 1501 50 27 joka
850 1501 48 20 aina
908 1502 72 26 tapah-
