<?xml version="1.0" encoding="UTF-8"?>
<alto xmlns="http://www.loc.gov/standards/alto/ns-v3#" xmlns:xlink="http://www.w3.org/1999/xlink" xmlns:xsi="http://www.w3.org/2001/XMLSchema-instance" xsi:schemaLocation="http://www.loc.gov/standards/alto/ns-v3# http://www.loc.gov/alto/v3/alto-3-0.xsd">
	<Description>
		<MeasurementUnit>pixel</MeasurementUnit>
		<sourceImageInformation>
			<fileName>/tmp/tess_7pvdzpx0_input.PNG</fileName>
		</sourceImageInformation>
		<OCRProcessing ID="OCR_0">
			<ocrProcessingStep>
				<processingSoftware>
					<softwareName>tesseract 5.3.4</softwareName>
				</processingSoftware>
			</ocrProcessingStep>
		</OCRProcessing>
	</Description>
	<Layout>
		<Page WIDTH="1017" HEIGHT="1731" PHYSICAL_IMG_NR="0" ID="page_0">
			<PrintSpace HPOS="0" VPOS="0" WIDTH="1017" HEIGHT="1731">
				<ComposedBlock ID="cblock_0" HPOS="173" VPOS="120" WIDTH="571" HEIGHT="27">
					<TextBlock ID="block_0" HPOS="173" VPOS="120" WIDTH="571" HEIGHT="27">
						<TextLine ID="line_0" HPOS="173" VPOS="120" WIDTH="571" HEIGHT="27">
							<String ID="string_0" HPOS="173" VPOS="120" WIDTH="55" HEIGHT="20" WC="0.96" CONTENT="1424"/><SP WIDTH="160" VPOS="120" HPOS="228"/>
							<String ID="string_1" HPOS="388" VPOS="125" WIDTH="180" HEIGHT="22" WC="0.91" CONTENT="Borgareståndet"/><SP WIDTH="13" VPOS="125" HPOS="568"/>
							<String ID="string_2" HPOS="581" VPOS="126" WIDTH="53" HEIGHT="17" WC="0.95" CONTENT="1891."/><SP WIDTH="24" VPOS="126" HPOS="634"/>
							<String ID="string_3" HPOS="658" VPOS="125" WIDTH="27" HEIGHT="18" WC="0.96" CONTENT="23"/><SP WIDTH="12" VPOS="125" HPOS="685"/>
							<String ID="string_4" HPOS="697" VPOS="125" WIDTH="47" HEIGHT="20" WC="0.95" CONTENT="maj."/>
						</TextLine>
					</TextBlock>
				</ComposedBlock>
				<GraphicalElement ID="cblock_1" HPOS="209" VPOS="157" WIDTH="762" HEIGHT="6"></GraphicalElement >
				<ComposedBlock ID="cblock_2" HPOS="145" VPOS="203" WIDTH="832" HEIGHT="313">
					<TextBlock ID="block_1" HPOS="145" VPOS="203" WIDTH="832" HEIGHT="313">
						<TextLine ID="line_1" HPOS="214" VPOS="203" WIDTH="758" HEIGHT="30">
							<String ID="string_5" HPOS="214" VPOS="204" WIDTH="34" HEIGHT="21" WC="0.95" CONTENT="Hr"/><SP WIDTH="23" VPOS="204" HPOS="248"/>
							<String ID="string_6" HPOS="271" VPOS="203" WIDTH="153" HEIGHT="22" WC="0.96" CONTENT="Söderlund:"/><SP WIDTH="23" VPOS="203" HPOS="424"/>
							<String ID="string_7" HPOS="447" VPOS="204" WIDTH="34" HEIGHT="21" WC="0.95" CONTENT="Då"/><SP WIDTH="14" VPOS="204" HPOS="481"/>
							<String ID="string_8" HPOS="495" VPOS="205" WIDTH="8" HEIGHT="20" WC="0.95" CONTENT="i"/><SP WIDTH="12" VPOS="205" HPOS="503"/>
							<String ID="string_9" HPOS="515" VPOS="205" WIDTH="70" HEIGHT="21" WC="0.96" CONTENT="denna"/><SP WIDTH="22" VPOS="205" HPOS="585"/>
							<String ID="string_10" HPOS="607" VPOS="205" WIDTH="100" HEIGHT="28" WC="0.92" CONTENT="paragraf"/><SP WIDTH="22" VPOS="205" HPOS="707"/>
							<String ID="string_11" HPOS="729" VPOS="204" WIDTH="69" HEIGHT="28" WC="0.92" CONTENT="gifvas"/><SP WIDTH="18" VPOS="204" HPOS="798"/>
							<String ID="string_12" HPOS="816" VPOS="203" WIDTH="22" HEIGHT="21" WC="0.96" CONTENT="så"/><SP WIDTH="16" VPOS="203" HPOS="838"/>
							<String ID="string_13" HPOS="854" VPOS="210" WIDTH="118" HEIGHT="21" WC="0.40" CONTENT="noggrann:"/>
						</TextLine>
						<TextLine ID="line_2" HPOS="146" VPOS="232" WIDTH="827" HEIGHT="28">
							<String ID="string_14" HPOS="146" VPOS="232" WIDTH="161" HEIGHT="27" WC="0.95" CONTENT="bestämningar"/><SP WIDTH="20" VPOS="232" HPOS="307"/>
							<String ID="string_15" HPOS="327" VPOS="239" WIDTH="35" HEIGHT="14" WC="0.96" CONTENT="om"/><SP WIDTH="21" VPOS="239" HPOS="362"/>
							<String ID="string_16" HPOS="383" VPOS="233" WIDTH="80" HEIGHT="26" WC="0.96" CONTENT="kyrkor"/><SP WIDTH="15" VPOS="233" HPOS="463"/>
							<String ID="string_17" HPOS="478" VPOS="240" WIDTH="45" HEIGHT="14" WC="0.93" CONTENT="som"/><SP WIDTH="16" VPOS="240" HPOS="523"/>
							<String ID="string_18" HPOS="539" VPOS="235" WIDTH="14" HEIGHT="19" WC="0.91" CONTENT="t."/><SP WIDTH="16" VPOS="235" HPOS="553"/>
							<String ID="string_19" HPOS="569" VPOS="240" WIDTH="32" HEIGHT="15" WC="0.96" CONTENT="ex."/><SP WIDTH="17" VPOS="240" HPOS="601"/>
							<String ID="string_20" HPOS="618" VPOS="235" WIDTH="30" HEIGHT="19" WC="0.96" CONTENT="att"/><SP WIDTH="15" VPOS="235" HPOS="648"/>
							<String ID="string_21" HPOS="663" VPOS="233" WIDTH="109" HEIGHT="27" WC="0.96" CONTENT="kyrkorna"/><SP WIDTH="15" VPOS="233" HPOS="772"/>
							<String ID="string_22" HPOS="787" VPOS="232" WIDTH="59" HEIGHT="21" WC="0.96" CONTENT="skola"/><SP WIDTH="15" VPOS="232" HPOS="846"/>
							<String ID="string_23" HPOS="861" VPOS="239" WIDTH="51" HEIGHT="14" WC="0.96" CONTENT="vara"/><SP WIDTH="14" VPOS="239" HPOS="912"/>
							<String ID="string_24" HPOS="926" VPOS="233" WIDTH="7" HEIGHT="20" WC="0.96" CONTENT="i"/><SP WIDTH="15" VPOS="233" HPOS="933"/>
							<String ID="string_25" HPOS="948" VPOS="234" WIDTH="25" HEIGHT="19" WC="0.77" CONTENT="eti"/>
						</TextLine>
						<TextLine ID="line_3" HPOS="145" VPOS="261" WIDTH="829" HEIGHT="28">
							<String ID="string_26" HPOS="145" VPOS="261" WIDTH="66" HEIGHT="21" WC="0.96" CONTENT="finskt"/><SP WIDTH="21" VPOS="261" HPOS="211"/>
							<String ID="string_27" HPOS="232" VPOS="261" WIDTH="63" HEIGHT="27" WC="0.93" CONTENT="bolag"/><SP WIDTH="22" VPOS="261" HPOS="295"/>
							<String ID="string_28" HPOS="317" VPOS="261" WIDTH="196" HEIGHT="28" WC="0.90" CONTENT="brandförsäkrade,"/><SP WIDTH="23" VPOS="261" HPOS="513"/>
							<String ID="string_29" HPOS="536" VPOS="268" WIDTH="64" HEIGHT="21" WC="0.96" CONTENT="synes"/><SP WIDTH="19" VPOS="268" HPOS="600"/>
							<String ID="string_30" HPOS="619" VPOS="262" WIDTH="37" HEIGHT="21" WC="0.96" CONTENT="det"/><SP WIDTH="14" VPOS="262" HPOS="656"/>
							<String ID="string_31" HPOS="670" VPOS="262" WIDTH="45" HEIGHT="27" WC="0.96" CONTENT="mig"/><SP WIDTH="14" VPOS="262" HPOS="715"/>
							<String ID="string_32" HPOS="729" VPOS="263" WIDTH="31" HEIGHT="19" WC="0.96" CONTENT="att"/><SP WIDTH="15" VPOS="263" HPOS="760"/>
							<String ID="string_33" HPOS="775" VPOS="261" WIDTH="63" HEIGHT="20" WC="0.96" CONTENT="äfven"/><SP WIDTH="15" VPOS="261" HPOS="838"/>
							<String ID="string_34" HPOS="853" VPOS="267" WIDTH="27" HEIGHT="14" WC="0.96" CONTENT="en"/><SP WIDTH="15" VPOS="267" HPOS="880"/>
							<String ID="string_35" HPOS="895" VPOS="261" WIDTH="79" HEIGHT="20" WC="0.96" CONTENT="mindre"/>
						</TextLine>
						<TextLine ID="line_4" HPOS="146" VPOS="289" WIDTH="828" HEIGHT="28">
							<String ID="string_36" HPOS="146" VPOS="289" WIDTH="106" HEIGHT="27" WC="0.96" CONTENT="väsentlig"/><SP WIDTH="19" VPOS="289" HPOS="252"/>
							<String ID="string_37" HPOS="271" VPOS="289" WIDTH="72" HEIGHT="21" WC="0.93" CONTENT="kunde"/><SP WIDTH="22" VPOS="289" HPOS="343"/>
							<String ID="string_38" HPOS="365" VPOS="290" WIDTH="82" HEIGHT="27" WC="0.92" CONTENT="intagas"/><SP WIDTH="14" VPOS="290" HPOS="447"/>
							<String ID="string_39" HPOS="461" VPOS="291" WIDTH="8" HEIGHT="20" WC="0.96" CONTENT="i"/><SP WIDTH="16" VPOS="291" HPOS="469"/>
							<String ID="string_40" HPOS="485" VPOS="290" WIDTH="129" HEIGHT="21" WC="0.94" CONTENT="densamma."/><SP WIDTH="30" VPOS="290" HPOS="614"/>
							<String ID="string_41" HPOS="644" VPOS="290" WIDTH="42" HEIGHT="27" WC="0.96" CONTENT="Jag"/><SP WIDTH="21" VPOS="290" HPOS="686"/>
							<String ID="string_42" HPOS="707" VPOS="290" WIDTH="39" HEIGHT="20" WC="0.97" CONTENT="har"/><SP WIDTH="15" VPOS="290" HPOS="746"/>
							<String ID="string_43" HPOS="761" VPOS="290" WIDTH="45" HEIGHT="26" WC="0.96" CONTENT="mig"/><SP WIDTH="14" VPOS="290" HPOS="806"/>
							<String ID="string_44" HPOS="820" VPOS="289" WIDTH="78" HEIGHT="21" WC="0.93" CONTENT="bekant"/><SP WIDTH="15" VPOS="289" HPOS="898"/>
							<String ID="string_45" HPOS="913" VPOS="289" WIDTH="61" HEIGHT="20" WC="0.93" CONTENT="huru-"/>
						</TextLine>
						<TextLine ID="line_5" HPOS="145" VPOS="317" WIDTH="830" HEIGHT="29">
							<String ID="string_46" HPOS="145" VPOS="324" WIDTH="47" HEIGHT="14" WC="0.92" CONTENT="som"/><SP WIDTH="16" VPOS="324" HPOS="192"/>
							<String ID="string_47" HPOS="208" VPOS="318" WIDTH="143" HEIGHT="27" WC="0.92" CONTENT="synnerligast"/><SP WIDTH="15" VPOS="318" HPOS="351"/>
							<String ID="string_48" HPOS="366" VPOS="318" WIDTH="265" HEIGHT="28" WC="0.91" CONTENT="landsförsamlingsborna"/><SP WIDTH="14" VPOS="318" HPOS="631"/>
							<String ID="string_49" HPOS="645" VPOS="319" WIDTH="62" HEIGHT="27" WC="0.96" CONTENT="högst"/><SP WIDTH="14" VPOS="319" HPOS="707"/>
							<String ID="string_50" HPOS="721" VPOS="317" WIDTH="114" HEIGHT="28" WC="0.96" CONTENT="motvilligt"/><SP WIDTH="15" VPOS="317" HPOS="835"/>
							<String ID="string_51" HPOS="850" VPOS="317" WIDTH="50" HEIGHT="28" WC="0.96" CONTENT="vilja"/><SP WIDTH="16" VPOS="317" HPOS="900"/>
							<String ID="string_52" HPOS="916" VPOS="317" WIDTH="59" HEIGHT="21" WC="0.95" CONTENT="hafva"/>
						</TextLine>
						<TextLine ID="line_6" HPOS="146" VPOS="346" WIDTH="830" HEIGHT="28">
							<String ID="string_53" HPOS="146" VPOS="346" WIDTH="27" HEIGHT="27" WC="0.96" CONTENT="på"/><SP WIDTH="15" VPOS="346" HPOS="173"/>
							<String ID="string_54" HPOS="188" VPOS="347" WIDTH="33" HEIGHT="20" WC="0.96" CONTENT="sin"/><SP WIDTH="16" VPOS="347" HPOS="221"/>
							<String ID="string_55" HPOS="237" VPOS="346" WIDTH="68" HEIGHT="27" WC="0.93" CONTENT="kyrka"/><SP WIDTH="20" VPOS="346" HPOS="305"/>
							<String ID="string_56" HPOS="325" VPOS="347" WIDTH="109" HEIGHT="21" WC="0.92" CONTENT="äskledare"/><SP WIDTH="16" VPOS="347" HPOS="434"/>
							<String ID="string_57" HPOS="450" VPOS="347" WIDTH="83" HEIGHT="27" WC="0.96" CONTENT="anlagd."/><SP WIDTH="30" VPOS="347" HPOS="533"/>
							<String ID="string_58" HPOS="563" VPOS="347" WIDTH="42" HEIGHT="21" WC="0.86" CONTENT="Det"/><SP WIDTH="15" VPOS="347" HPOS="605"/>
							<String ID="string_59" HPOS="620" VPOS="353" WIDTH="65" HEIGHT="20" WC="0.96" CONTENT="synes"/><SP WIDTH="14" VPOS="353" HPOS="685"/>
							<String ID="string_60" HPOS="699" VPOS="347" WIDTH="45" HEIGHT="26" WC="0.96" CONTENT="mig"/><SP WIDTH="15" VPOS="347" HPOS="744"/>
							<String ID="string_61" HPOS="759" VPOS="353" WIDTH="46" HEIGHT="14" WC="0.96" CONTENT="som"/><SP WIDTH="15" VPOS="353" HPOS="805"/>
							<String ID="string_62" HPOS="820" VPOS="353" WIDTH="35" HEIGHT="14" WC="0.96" CONTENT="om"/><SP WIDTH="15" VPOS="353" HPOS="855"/>
							<String ID="string_63" HPOS="870" VPOS="346" WIDTH="7" HEIGHT="20" WC="0.96" CONTENT="i"/><SP WIDTH="15" VPOS="346" HPOS="877"/>
							<String ID="string_64" HPOS="892" VPOS="353" WIDTH="26" HEIGHT="14" WC="0.93" CONTENT="en"/><SP WIDTH="16" VPOS="353" HPOS="918"/>
							<String ID="string_65" HPOS="934" VPOS="346" WIDTH="42" HEIGHT="27" WC="0.91" CONTENT="lag-"/>
						</TextLine>
						<TextLine ID="line_7" HPOS="146" VPOS="374" WIDTH="830" HEIGHT="28">
							<String ID="string_66" HPOS="146" VPOS="374" WIDTH="136" HEIGHT="28" WC="0.96" CONTENT="bestämning"/><SP WIDTH="21" VPOS="374" HPOS="282"/>
							<String ID="string_67" HPOS="303" VPOS="375" WIDTH="66" HEIGHT="20" WC="0.93" CONTENT="borde"/><SP WIDTH="22" VPOS="375" HPOS="369"/>
							<String ID="string_68" HPOS="391" VPOS="375" WIDTH="82" HEIGHT="26" WC="0.90" CONTENT="intagas"/><SP WIDTH="23" VPOS="375" HPOS="473"/>
							<String ID="string_69" HPOS="496" VPOS="375" WIDTH="62" HEIGHT="21" WC="0.96" CONTENT="äfven"/><SP WIDTH="23" VPOS="375" HPOS="558"/>
							<String ID="string_70" HPOS="581" VPOS="377" WIDTH="30" HEIGHT="19" WC="0.96" CONTENT="ett"/><SP WIDTH="23" VPOS="377" HPOS="611"/>
							<String ID="string_71" HPOS="634" VPOS="375" WIDTH="76" HEIGHT="21" WC="0.96" CONTENT="sådant"/><SP WIDTH="22" VPOS="375" HPOS="710"/>
							<String ID="string_72" HPOS="732" VPOS="375" WIDTH="71" HEIGHT="26" WC="0.96" CONTENT="påbud"/><SP WIDTH="20" VPOS="375" HPOS="803"/>
							<String ID="string_73" HPOS="823" VPOS="376" WIDTH="30" HEIGHT="19" WC="0.93" CONTENT="att"/><SP WIDTH="15" VPOS="376" HPOS="853"/>
							<String ID="string_74" HPOS="868" VPOS="374" WIDTH="108" HEIGHT="21" WC="0.91" CONTENT="åskledare"/>
						</TextLine>
						<TextLine ID="line_8" HPOS="146" VPOS="403" WIDTH="830" HEIGHT="28">
							<String ID="string_75" HPOS="146" VPOS="403" WIDTH="56" HEIGHT="20" WC="0.96" CONTENT="skall"/><SP WIDTH="15" VPOS="403" HPOS="202"/>
							<String ID="string_76" HPOS="217" VPOS="403" WIDTH="120" HEIGHT="27" WC="0.96" CONTENT="anbringas."/><SP WIDTH="29" VPOS="403" HPOS="337"/>
							<String ID="string_77" HPOS="366" VPOS="403" WIDTH="42" HEIGHT="28" WC="0.96" CONTENT="Jag"/><SP WIDTH="14" VPOS="403" HPOS="408"/>
							<String ID="string_78" HPOS="422" VPOS="404" WIDTH="69" HEIGHT="21" WC="0.96" CONTENT="skulle"/><SP WIDTH="16" VPOS="404" HPOS="491"/>
							<String ID="string_79" HPOS="507" VPOS="404" WIDTH="71" HEIGHT="21" WC="0.96" CONTENT="därför"/><SP WIDTH="14" VPOS="404" HPOS="578"/>
							<String ID="string_80" HPOS="592" VPOS="404" WIDTH="78" HEIGHT="21" WC="0.96" CONTENT="föreslå"/><SP WIDTH="15" VPOS="404" HPOS="670"/>
							<String ID="string_81" HPOS="685" VPOS="405" WIDTH="30" HEIGHT="19" WC="0.96" CONTENT="att"/><SP WIDTH="15" VPOS="405" HPOS="715"/>
							<String ID="string_82" HPOS="730" VPOS="403" WIDTH="126" HEIGHT="27" WC="0.96" CONTENT="paragrafen"/><SP WIDTH="10" VPOS="403" HPOS="856"/>
							<String ID="string_83" HPOS="866" VPOS="403" WIDTH="69" HEIGHT="20" WC="0.93" CONTENT="skulle"/><SP WIDTH="11" VPOS="403" HPOS="935"/>
							<String ID="string_84" HPOS="946" VPOS="409" WIDTH="30" HEIGHT="14" WC="0.91" CONTENT="er-"/>
						</TextLine>
						<TextLine ID="line_9" HPOS="146" VPOS="431" WIDTH="830" HEIGHT="28">
							<String ID="string_85" HPOS="146" VPOS="431" WIDTH="57" HEIGHT="21" WC="0.96" CONTENT="hålla"/><SP WIDTH="21" VPOS="431" HPOS="203"/>
							<String ID="string_86" HPOS="224" VPOS="431" WIDTH="94" HEIGHT="27" WC="0.96" CONTENT="följande"/><SP WIDTH="23" VPOS="431" HPOS="318"/>
							<String ID="string_87" HPOS="341" VPOS="431" WIDTH="90" HEIGHT="28" WC="0.92" CONTENT="lydelse:"/><SP WIDTH="24" VPOS="431" HPOS="431"/>
							<String ID="string_88" HPOS="455" VPOS="432" WIDTH="86" HEIGHT="27" WC="0.91" CONTENT=",Kyrka"/><SP WIDTH="22" VPOS="432" HPOS="541"/>
							<String ID="string_89" HPOS="563" VPOS="433" WIDTH="39" HEIGHT="20" WC="0.96" CONTENT="och"/><SP WIDTH="23" VPOS="433" HPOS="602"/>
							<String ID="string_90" HPOS="625" VPOS="431" WIDTH="132" HEIGHT="28" WC="0.95" CONTENT="klockstapel"/><SP WIDTH="16" VPOS="431" HPOS="757"/>
							<String ID="string_91" HPOS="773" VPOS="431" WIDTH="59" HEIGHT="21" WC="0.96" CONTENT="skola"/><SP WIDTH="14" VPOS="431" HPOS="832"/>
							<String ID="string_92" HPOS="846" VPOS="431" WIDTH="68" HEIGHT="21" WC="0.96" CONTENT="förses"/><SP WIDTH="14" VPOS="431" HPOS="914"/>
							<String ID="string_93" HPOS="928" VPOS="431" WIDTH="48" HEIGHT="20" WC="0.96" CONTENT="med"/>
						</TextLine>
						<TextLine ID="line_10" HPOS="146" VPOS="459" WIDTH="831" HEIGHT="28">
							<String ID="string_94" HPOS="146" VPOS="459" WIDTH="111" HEIGHT="22" WC="0.92" CONTENT="äskledare"/><SP WIDTH="22" VPOS="459" HPOS="257"/>
							<String ID="string_95" HPOS="279" VPOS="462" WIDTH="54" HEIGHT="19" WC="0.96" CONTENT="samt"/><SP WIDTH="21" VPOS="462" HPOS="333"/>
							<String ID="string_96" HPOS="354" VPOS="462" WIDTH="45" HEIGHT="19" WC="0.93" CONTENT="mot"/><SP WIDTH="22" VPOS="462" HPOS="399"/>
							<String ID="string_97" HPOS="421" VPOS="461" WIDTH="101" HEIGHT="20" WC="0.92" CONTENT="eldskada"/><SP WIDTH="21" VPOS="461" HPOS="522"/>
							<String ID="string_98" HPOS="543" VPOS="461" WIDTH="125" HEIGHT="26" WC="0.62" CONTENT="försäkras&quot;,"/><SP WIDTH="16" VPOS="461" HPOS="668"/>
							<String ID="string_99" HPOS="684" VPOS="467" WIDTH="17" HEIGHT="14" WC="0.94" CONTENT="o."/><SP WIDTH="17" VPOS="467" HPOS="701"/>
							<String ID="string_100" HPOS="718" VPOS="466" WIDTH="15" HEIGHT="15" WC="0.97" CONTENT="s."/><SP WIDTH="17" VPOS="466" HPOS="733"/>
							<String ID="string_101" HPOS="750" VPOS="467" WIDTH="18" HEIGHT="13" WC="0.96" CONTENT="v."/><SP WIDTH="17" VPOS="467" HPOS="768"/>
							<String ID="string_102" HPOS="785" VPOS="460" WIDTH="65" HEIGHT="27" WC="0.96" CONTENT="enligt"/><SP WIDTH="15" VPOS="460" HPOS="850"/>
							<String ID="string_103" HPOS="865" VPOS="459" WIDTH="112" HEIGHT="21" WC="0.96" CONTENT="utskottets"/>
						</TextLine>
						<TextLine ID="line_11" HPOS="146" VPOS="488" WIDTH="84" HEIGHT="28">
							<String ID="string_104" HPOS="146" VPOS="488" WIDTH="84" HEIGHT="28" WC="0.88" CONTENT="förslag."/>
						</TextLine>
					</TextBlock>
				</ComposedBlock>
				<ComposedBlock ID="cblock_3" HPOS="144" VPOS="550" WIDTH="835" HEIGHT="340">
					<TextBlock ID="block_2" HPOS="144" VPOS="550" WIDTH="835" HEIGHT="340">
						<TextLine ID="line_12" HPOS="216" VPOS="550" WIDTH="762" HEIGHT="28">
							<String ID="string_105" HPOS="216" VPOS="550" WIDTH="33" HEIGHT="20" WC="0.96" CONTENT="Hr"/><SP WIDTH="15" VPOS="550" HPOS="249"/>
							<String ID="string_106" HPOS="264" VPOS="550" WIDTH="129" HEIGHT="21" WC="0.96" CONTENT="Nissinen:"/><SP WIDTH="17" VPOS="550" HPOS="393"/>
							<String ID="string_107" HPOS="410" VPOS="550" WIDTH="57" HEIGHT="21" WC="0.96" CONTENT="Minä"/><SP WIDTH="16" VPOS="550" HPOS="467"/>
							<String ID="string_108" HPOS="483" VPOS="551" WIDTH="119" HEIGHT="27" WC="0.96" CONTENT="puolestani"/><SP WIDTH="14" VPOS="551" HPOS="602"/>
							<String ID="string_109" HPOS="616" VPOS="551" WIDTH="109" HEIGHT="21" WC="0.96" CONTENT="kannatan"/><SP WIDTH="11" VPOS="551" HPOS="725"/>
							<String ID="string_110" HPOS="736" VPOS="551" WIDTH="40" HEIGHT="20" WC="0.96" CONTENT="sitä"/><SP WIDTH="10" VPOS="551" HPOS="776"/>
							<String ID="string_111" HPOS="786" VPOS="550" WIDTH="138" HEIGHT="28" WC="0.96" CONTENT="mielipidettä"/><SP WIDTH="12" VPOS="550" HPOS="924"/>
							<String ID="string_112" HPOS="936" VPOS="552" WIDTH="42" HEIGHT="19" WC="0.96" CONTENT="että"/>
						</TextLine>
						<TextLine ID="line_13" HPOS="147" VPOS="578" WIDTH="830" HEIGHT="28">
							<String ID="string_113" HPOS="147" VPOS="579" WIDTH="13" HEIGHT="20" WC="0.86" CONTENT="3"/><SP WIDTH="13" VPOS="579" HPOS="160"/>
							<String ID="string_114" HPOS="173" VPOS="578" WIDTH="54" HEIGHT="28" WC="0.66" CONTENT="S:ssä"/><SP WIDTH="22" VPOS="578" HPOS="227"/>
							<String ID="string_115" HPOS="249" VPOS="579" WIDTH="157" HEIGHT="27" WC="0.86" CONTENT="pysytettäisiin"/><SP WIDTH="15" VPOS="579" HPOS="406"/>
							<String ID="string_116" HPOS="421" VPOS="582" WIDTH="97" HEIGHT="24" WC="0.96" CONTENT="määräys"/><SP WIDTH="15" VPOS="582" HPOS="518"/>
							<String ID="string_117" HPOS="533" VPOS="580" WIDTH="76" HEIGHT="20" WC="0.97" CONTENT="kirkon"/><SP WIDTH="15" VPOS="580" HPOS="609"/>
							<String ID="string_118" HPOS="624" VPOS="580" WIDTH="22" HEIGHT="26" WC="0.96" CONTENT="ja"/><SP WIDTH="15" VPOS="580" HPOS="646"/>
							<String ID="string_119" HPOS="661" VPOS="579" WIDTH="141" HEIGHT="27" WC="0.93" CONTENT="kellotapulin"/><SP WIDTH="15" VPOS="579" HPOS="802"/>
							<String ID="string_120" HPOS="817" VPOS="579" WIDTH="160" HEIGHT="27" WC="0.93" CONTENT="palovakuutta-"/>
						</TextLine>
						<TextLine ID="line_14" HPOS="146" VPOS="607" WIDTH="832" HEIGHT="28">
							<String ID="string_121" HPOS="146" VPOS="607" WIDTH="92" HEIGHT="21" WC="0.93" CONTENT="misesta."/><SP WIDTH="32" VPOS="607" HPOS="238"/>
							<String ID="string_122" HPOS="270" VPOS="607" WIDTH="44" HEIGHT="21" WC="0.84" CONTENT="Sitä"/><SP WIDTH="14" VPOS="607" HPOS="314"/>
							<String ID="string_123" HPOS="328" VPOS="608" WIDTH="83" HEIGHT="20" WC="0.96" CONTENT="vastoin"/><SP WIDTH="15" VPOS="608" HPOS="411"/>
							<String ID="string_124" HPOS="426" VPOS="614" WIDTH="26" HEIGHT="14" WC="0.97" CONTENT="en"/><SP WIDTH="14" VPOS="614" HPOS="452"/>
							<String ID="string_125" HPOS="466" VPOS="608" WIDTH="59" HEIGHT="20" WC="0.96" CONTENT="katso"/><SP WIDTH="16" VPOS="608" HPOS="525"/>
							<String ID="string_126" HPOS="541" VPOS="608" WIDTH="154" HEIGHT="27" WC="0.96" CONTENT="tarpeelliseksi"/><SP WIDTH="16" VPOS="608" HPOS="695"/>
							<String ID="string_127" HPOS="711" VPOS="607" WIDTH="102" HEIGHT="21" WC="0.96" CONTENT="edellisen"/><SP WIDTH="18" VPOS="607" HPOS="813"/>
							<String ID="string_128" HPOS="831" VPOS="608" WIDTH="94" HEIGHT="26" WC="0.93" CONTENT="puhujan"/><SP WIDTH="17" VPOS="608" HPOS="925"/>
							<String ID="string_129" HPOS="942" VPOS="608" WIDTH="36" HEIGHT="20" WC="0.93" CONTENT="eh-"/>
						</TextLine>
						<TextLine ID="line_15" HPOS="147" VPOS="635" WIDTH="831" HEIGHT="28">
							<String ID="string_130" HPOS="147" VPOS="635" WIDTH="91" HEIGHT="25" WC="0.89" CONTENT="dotusta,"/><SP WIDTH="23" VPOS="635" HPOS="238"/>
							<String ID="string_131" HPOS="261" VPOS="637" WIDTH="43" HEIGHT="19" WC="0.96" CONTENT="että"/><SP WIDTH="21" VPOS="637" HPOS="304"/>
							<String ID="string_132" HPOS="325" VPOS="636" WIDTH="105" HEIGHT="27" WC="0.96" CONTENT="pykälään"/><SP WIDTH="22" VPOS="636" HPOS="430"/>
							<String ID="string_133" HPOS="452" VPOS="636" WIDTH="118" HEIGHT="21" WC="0.96" CONTENT="lisättäisiin"/><SP WIDTH="18" VPOS="636" HPOS="570"/>
							<String ID="string_134" HPOS="588" VPOS="638" WIDTH="98" HEIGHT="25" WC="0.96" CONTENT="määräys"/><SP WIDTH="15" VPOS="638" HPOS="686"/>
							<String ID="string_135" HPOS="701" VPOS="636" WIDTH="54" HEIGHT="26" WC="0.95" CONTENT="siitä,"/><SP WIDTH="16" VPOS="636" HPOS="755"/>
							<String ID="string_136" HPOS="771" VPOS="638" WIDTH="41" HEIGHT="18" WC="0.96" CONTENT="että"/><SP WIDTH="16" VPOS="638" HPOS="812"/>
							<String ID="string_137" HPOS="828" VPOS="636" WIDTH="150" HEIGHT="20" WC="0.96" CONTENT="seurakunnan"/>
						</TextLine>
						<TextLine ID="line_16" HPOS="147" VPOS="664" WIDTH="831" HEIGHT="28">
							<String ID="string_138" HPOS="147" VPOS="664" WIDTH="58" HEIGHT="20" WC="0.94" CONTENT="tulee"/><SP WIDTH="23" VPOS="664" HPOS="205"/>
							<String ID="string_139" HPOS="228" VPOS="664" WIDTH="104" HEIGHT="20" WC="0.96" CONTENT="kirkkoon"/><SP WIDTH="23" VPOS="664" HPOS="332"/>
							<String ID="string_140" HPOS="355" VPOS="664" WIDTH="92" HEIGHT="21" WC="0.93" CONTENT="hankkia"/><SP WIDTH="18" VPOS="664" HPOS="447"/>
							<String ID="string_141" HPOS="465" VPOS="665" WIDTH="160" HEIGHT="27" WC="0.90" CONTENT="ukkosenjohto."/><SP WIDTH="40" VPOS="665" HPOS="625"/>
							<String ID="string_142" HPOS="665" VPOS="664" WIDTH="139" HEIGHT="21" WC="0.74" CONTENT="Tämmöinen"/><SP WIDTH="14" VPOS="664" HPOS="804"/>
							<String ID="string_143" HPOS="818" VPOS="666" WIDTH="98" HEIGHT="24" WC="0.95" CONTENT="määräys"/><SP WIDTH="15" VPOS="666" HPOS="916"/>
							<String ID="string_144" HPOS="931" VPOS="664" WIDTH="47" HEIGHT="20" WC="0.96" CONTENT="olisi"/>
						</TextLine>
						<TextLine ID="line_17" HPOS="146" VPOS="692" WIDTH="832" HEIGHT="27">
							<String ID="string_145" HPOS="146" VPOS="692" WIDTH="121" HEIGHT="21" WC="0.95" CONTENT="mielestäni"/><SP WIDTH="16" VPOS="692" HPOS="267"/>
							<String ID="string_146" HPOS="283" VPOS="692" WIDTH="61" HEIGHT="21" WC="0.96" CONTENT="aivan"/><SP WIDTH="16" VPOS="692" HPOS="344"/>
							<String ID="string_147" HPOS="360" VPOS="693" WIDTH="66" HEIGHT="20" WC="0.96" CONTENT="turha."/><SP WIDTH="22" VPOS="693" HPOS="426"/>
							<String ID="string_148" HPOS="448" VPOS="693" WIDTH="51" HEIGHT="21" WC="0.96" CONTENT="Kun"/><SP WIDTH="16" VPOS="693" HPOS="499"/>
							<String ID="string_149" HPOS="515" VPOS="693" WIDTH="130" HEIGHT="21" WC="0.96" CONTENT="seurakunta"/><SP WIDTH="15" VPOS="693" HPOS="645"/>
							<String ID="string_150" HPOS="660" VPOS="694" WIDTH="76" HEIGHT="20" WC="0.96" CONTENT="kerran"/><SP WIDTH="13" VPOS="694" HPOS="736"/>
							<String ID="string_151" HPOS="749" VPOS="699" WIDTH="26" HEIGHT="14" WC="0.96" CONTENT="on"/><SP WIDTH="12" VPOS="699" HPOS="775"/>
							<String ID="string_152" HPOS="787" VPOS="692" WIDTH="123" HEIGHT="21" WC="0.93" CONTENT="velvoitettu"/><SP WIDTH="11" VPOS="692" HPOS="910"/>
							<String ID="string_153" HPOS="921" VPOS="692" WIDTH="57" HEIGHT="27" WC="0.92" CONTENT="palo-"/>
						</TextLine>
						<TextLine ID="line_18" HPOS="147" VPOS="720" WIDTH="831" HEIGHT="28">
							<String ID="string_154" HPOS="147" VPOS="720" WIDTH="169" HEIGHT="21" WC="0.96" CONTENT="vakuuttamaan"/><SP WIDTH="15" VPOS="720" HPOS="316"/>
							<String ID="string_155" HPOS="331" VPOS="721" WIDTH="120" HEIGHT="27" WC="0.96" CONTENT="kirkkonsa,"/><SP WIDTH="16" VPOS="721" HPOS="451"/>
							<String ID="string_156" HPOS="467" VPOS="722" WIDTH="46" HEIGHT="20" WC="0.96" CONTENT="niin"/><SP WIDTH="15" VPOS="722" HPOS="513"/>
							<String ID="string_157" HPOS="528" VPOS="728" WIDTH="37" HEIGHT="14" WC="0.96" CONTENT="sen"/><SP WIDTH="16" VPOS="728" HPOS="565"/>
							<String ID="string_158" HPOS="581" VPOS="728" WIDTH="48" HEIGHT="14" WC="0.96" CONTENT="oma"/><SP WIDTH="11" VPOS="728" HPOS="629"/>
							<String ID="string_159" HPOS="640" VPOS="724" WIDTH="36" HEIGHT="18" WC="0.96" CONTENT="etu"/><SP WIDTH="11" VPOS="724" HPOS="676"/>
							<String ID="string_160" HPOS="687" VPOS="721" WIDTH="65" HEIGHT="21" WC="0.96" CONTENT="vaatii"/><SP WIDTH="10" VPOS="721" HPOS="752"/>
							<String ID="string_161" HPOS="762" VPOS="721" WIDTH="143" HEIGHT="21" WC="0.96" CONTENT="hankkimaan"/><SP WIDTH="12" VPOS="721" HPOS="905"/>
							<String ID="string_162" HPOS="917" VPOS="721" WIDTH="61" HEIGHT="20" WC="0.96" CONTENT="sinne"/>
						</TextLine>
						<TextLine ID="line_19" HPOS="144" VPOS="749" WIDTH="834" HEIGHT="27">
							<String ID="string_163" HPOS="144" VPOS="749" WIDTH="101" HEIGHT="26" WC="0.92" CONTENT="myöskin"/><SP WIDTH="16" VPOS="749" HPOS="245"/>
							<String ID="string_164" HPOS="261" VPOS="749" WIDTH="181" HEIGHT="27" WC="0.92" CONTENT="ukkosenjohdon,"/><SP WIDTH="21" VPOS="749" HPOS="442"/>
							<String ID="string_165" HPOS="463" VPOS="750" WIDTH="66" HEIGHT="20" WC="0.96" CONTENT="koska"/><SP WIDTH="15" VPOS="750" HPOS="529"/>
							<String ID="string_166" HPOS="544" VPOS="750" WIDTH="130" HEIGHT="21" WC="0.96" CONTENT="seurakunta"/><SP WIDTH="15" VPOS="750" HPOS="674"/>
							<String ID="string_167" HPOS="689" VPOS="750" WIDTH="55" HEIGHT="20" WC="0.96" CONTENT="siten"/><SP WIDTH="20" VPOS="750" HPOS="744"/>
							<String ID="string_168" HPOS="764" VPOS="751" WIDTH="74" HEIGHT="25" WC="0.96" CONTENT="pääsee"/><SP WIDTH="13" VPOS="751" HPOS="838"/>
							<String ID="string_169" HPOS="851" VPOS="749" WIDTH="71" HEIGHT="27" WC="0.93" CONTENT="paljon"/><SP WIDTH="13" VPOS="749" HPOS="922"/>
							<String ID="string_170" HPOS="935" VPOS="750" WIDTH="43" HEIGHT="26" WC="0.93" CONTENT="pie-"/>
						</TextLine>
						<TextLine ID="line_20" HPOS="147" VPOS="777" WIDTH="832" HEIGHT="22">
							<String ID="string_171" HPOS="147" VPOS="777" WIDTH="111" HEIGHT="21" WC="0.86" CONTENT="nemmillä"/><SP WIDTH="23" VPOS="777" HPOS="258"/>
							<String ID="string_172" HPOS="281" VPOS="778" WIDTH="123" HEIGHT="21" WC="0.76" CONTENT="vuotuisilla"/><SP WIDTH="25" VPOS="778" HPOS="404"/>
							<String ID="string_173" HPOS="429" VPOS="778" WIDTH="234" HEIGHT="21" WC="0.76" CONTENT="vakuutus-maksuilla."/><SP WIDTH="31" VPOS="778" HPOS="663"/>
							<String ID="string_174" HPOS="694" VPOS="778" WIDTH="55" HEIGHT="20" WC="0.93" CONTENT="Eikä"/><SP WIDTH="25" VPOS="778" HPOS="749"/>
							<String ID="string_175" HPOS="774" VPOS="778" WIDTH="205" HEIGHT="20" WC="0.93" CONTENT="vakuutuslaitokset"/>
						</TextLine>
						<TextLine ID="line_21" HPOS="144" VPOS="806" WIDTH="834" HEIGHT="28">
							<String ID="string_176" HPOS="144" VPOS="806" WIDTH="92" HEIGHT="20" WC="0.92" CONTENT="otakaan"/><SP WIDTH="16" VPOS="806" HPOS="236"/>
							<String ID="string_177" HPOS="252" VPOS="806" WIDTH="181" HEIGHT="21" WC="0.92" CONTENT="vakuuttaakseen"/><SP WIDTH="15" VPOS="806" HPOS="433"/>
							<String ID="string_178" HPOS="448" VPOS="806" WIDTH="66" HEIGHT="21" WC="0.93" CONTENT="ilman"/><SP WIDTH="14" VPOS="806" HPOS="514"/>
							<String ID="string_179" HPOS="528" VPOS="807" WIDTH="175" HEIGHT="27" WC="0.91" CONTENT="ukkosenjohtoa,"/><SP WIDTH="25" VPOS="807" HPOS="703"/>
							<String ID="string_180" HPOS="728" VPOS="807" WIDTH="21" HEIGHT="26" WC="0.96" CONTENT="ja"/><SP WIDTH="15" VPOS="807" HPOS="749"/>
							<String ID="string_181" HPOS="764" VPOS="806" WIDTH="79" HEIGHT="26" WC="0.82" CONTENT="yhtenä"/><SP WIDTH="15" VPOS="806" HPOS="843"/>
							<String ID="string_182" HPOS="858" VPOS="812" WIDTH="84" HEIGHT="14" WC="0.96" CONTENT="vuonna"/><SP WIDTH="14" VPOS="812" HPOS="942"/>
							<String ID="string_183" HPOS="956" VPOS="812" WIDTH="22" HEIGHT="14" WC="0.96" CONTENT="se"/>
						</TextLine>
						<TextLine ID="line_22" HPOS="146" VPOS="834" WIDTH="832" HEIGHT="28">
							<String ID="string_184" HPOS="146" VPOS="834" WIDTH="236" HEIGHT="21" WC="0.92" CONTENT="vakuutus-maksuissa"/><SP WIDTH="22" VPOS="834" HPOS="382"/>
							<String ID="string_185" HPOS="404" VPOS="837" WIDTH="79" HEIGHT="19" WC="0.96" CONTENT="saattaa"/><SP WIDTH="23" VPOS="837" HPOS="483"/>
							<String ID="string_186" HPOS="506" VPOS="836" WIDTH="77" HEIGHT="20" WC="0.96" CONTENT="voittaa"/><SP WIDTH="18" VPOS="836" HPOS="583"/>
							<String ID="string_187" HPOS="601" VPOS="836" WIDTH="52" HEIGHT="25" WC="0.96" CONTENT="yhtä"/><SP WIDTH="21" VPOS="836" HPOS="653"/>
							<String ID="string_188" HPOS="674" VPOS="834" WIDTH="79" HEIGHT="28" WC="0.96" CONTENT="paljon,"/><SP WIDTH="21" VPOS="834" HPOS="753"/>
							<String ID="string_189" HPOS="774" VPOS="834" WIDTH="52" HEIGHT="21" WC="0.96" CONTENT="kuin"/><SP WIDTH="15" VPOS="834" HPOS="826"/>
							<String ID="string_190" HPOS="841" VPOS="834" WIDTH="55" HEIGHT="21" WC="0.93" CONTENT="koko"/><SP WIDTH="16" VPOS="834" HPOS="896"/>
							<String ID="string_191" HPOS="912" VPOS="834" WIDTH="66" HEIGHT="20" WC="0.93" CONTENT="ukko-"/>
						</TextLine>
						<TextLine ID="line_23" HPOS="145" VPOS="863" WIDTH="833" HEIGHT="27">
							<String ID="string_192" HPOS="145" VPOS="863" WIDTH="98" HEIGHT="26" WC="0.92" CONTENT="senjohto"/><SP WIDTH="17" VPOS="863" HPOS="243"/>
							<String ID="string_193" HPOS="260" VPOS="863" WIDTH="56" HEIGHT="21" WC="0.96" CONTENT="tulee"/><SP WIDTH="15" VPOS="863" HPOS="316"/>
							<String ID="string_194" HPOS="331" VPOS="863" WIDTH="142" HEIGHT="21" WC="0.96" CONTENT="maksamaan."/><SP WIDTH="26" VPOS="863" HPOS="473"/>
							<String ID="string_195" HPOS="499" VPOS="863" WIDTH="58" HEIGHT="21" WC="0.96" CONTENT="Minä"/><SP WIDTH="15" VPOS="863" HPOS="557"/>
							<String ID="string_196" HPOS="572" VPOS="864" WIDTH="112" HEIGHT="26" WC="0.96" CONTENT="hyväksyn"/><SP WIDTH="13" VPOS="864" HPOS="684"/>
							<String ID="string_197" HPOS="697" VPOS="863" WIDTH="145" HEIGHT="21" WC="0.96" CONTENT="valiokunnan"/><SP WIDTH="13" VPOS="863" HPOS="842"/>
							<String ID="string_198" HPOS="855" VPOS="863" WIDTH="123" HEIGHT="21" WC="0.96" CONTENT="mietinnön."/>
						</TextLine>
					</TextBlock>
				</ComposedBlock>
				<ComposedBlock ID="cblock_4" HPOS="145" VPOS="928" WIDTH="834" HEIGHT="117">
					<TextBlock ID="block_3" HPOS="145" VPOS="928" WIDTH="834" HEIGHT="117">
						<TextLine ID="line_24" HPOS="215" VPOS="928" WIDTH="763" HEIGHT="30">
							<String ID="string_199" HPOS="215" VPOS="930" WIDTH="33" HEIGHT="21" WC="0.96" CONTENT="Hr"/><SP WIDTH="21" VPOS="930" HPOS="248"/>
							<String ID="string_200" HPOS="269" VPOS="930" WIDTH="142" HEIGHT="28" WC="0.95" CONTENT="Federley:"/><SP WIDTH="22" VPOS="930" HPOS="411"/>
							<String ID="string_201" HPOS="433" VPOS="932" WIDTH="12" HEIGHT="21" WC="0.96" CONTENT="I"/><SP WIDTH="22" VPOS="932" HPOS="445"/>
							<String ID="string_202" HPOS="467" VPOS="932" WIDTH="66" HEIGHT="21" WC="0.96" CONTENT="likhet"/><SP WIDTH="23" VPOS="932" HPOS="533"/>
							<String ID="string_203" HPOS="556" VPOS="932" WIDTH="48" HEIGHT="21" WC="0.96" CONTENT="med"/><SP WIDTH="15" VPOS="932" HPOS="604"/>
							<String ID="string_204" HPOS="619" VPOS="932" WIDTH="26" HEIGHT="21" WC="0.96" CONTENT="hr"/><SP WIDTH="15" VPOS="932" HPOS="645"/>
							<String ID="string_205" HPOS="660" VPOS="928" WIDTH="84" HEIGHT="25" WC="0.96" CONTENT="Öhman"/><SP WIDTH="16" VPOS="928" HPOS="744"/>
							<String ID="string_206" HPOS="760" VPOS="938" WIDTH="62" HEIGHT="14" WC="0.96" CONTENT="anser"/><SP WIDTH="14" VPOS="938" HPOS="822"/>
							<String ID="string_207" HPOS="836" VPOS="932" WIDTH="36" HEIGHT="26" WC="0.96" CONTENT="jag"/><SP WIDTH="15" VPOS="932" HPOS="872"/>
							<String ID="string_208" HPOS="887" VPOS="931" WIDTH="33" HEIGHT="21" WC="0.96" CONTENT="för"/><SP WIDTH="14" VPOS="931" HPOS="920"/>
							<String ID="string_209" HPOS="934" VPOS="931" WIDTH="44" HEIGHT="20" WC="0.97" CONTENT="min"/>
						</TextLine>
						<TextLine ID="line_25" HPOS="145" VPOS="959" WIDTH="833" HEIGHT="29">
							<String ID="string_210" HPOS="145" VPOS="959" WIDTH="36" HEIGHT="21" WC="0.95" CONTENT="del"/><SP WIDTH="15" VPOS="959" HPOS="181"/>
							<String ID="string_211" HPOS="196" VPOS="959" WIDTH="58" HEIGHT="22" WC="0.93" CONTENT="detta"/><SP WIDTH="15" VPOS="959" HPOS="254"/>
							<String ID="string_212" HPOS="269" VPOS="959" WIDTH="116" HEIGHT="28" WC="0.92" CONTENT="stadgande"/><SP WIDTH="16" VPOS="959" HPOS="385"/>
							<String ID="string_213" HPOS="401" VPOS="960" WIDTH="63" HEIGHT="21" WC="0.93" CONTENT="altför"/><SP WIDTH="15" VPOS="960" HPOS="464"/>
							<String ID="string_214" HPOS="479" VPOS="961" WIDTH="125" HEIGHT="26" WC="0.92" CONTENT="detaljeradt"/><SP WIDTH="15" VPOS="961" HPOS="604"/>
							<String ID="string_215" HPOS="619" VPOS="961" WIDTH="85" HEIGHT="27" WC="0.91" CONTENT="ingripa"/><SP WIDTH="15" VPOS="961" HPOS="704"/>
							<String ID="string_216" HPOS="719" VPOS="961" WIDTH="7" HEIGHT="20" WC="0.96" CONTENT="i"/><SP WIDTH="15" VPOS="961" HPOS="726"/>
							<String ID="string_217" HPOS="741" VPOS="960" WIDTH="27" HEIGHT="21" WC="0.93" CONTENT="de"/><SP WIDTH="23" VPOS="960" HPOS="768"/>
							<String ID="string_218" HPOS="791" VPOS="960" WIDTH="107" HEIGHT="21" WC="0.90" CONTENT="enskildas"/><SP WIDTH="14" VPOS="960" HPOS="898"/>
							<String ID="string_219" HPOS="912" VPOS="960" WIDTH="66" HEIGHT="20" WC="0.93" CONTENT="hand-"/>
						</TextLine>
						<TextLine ID="line_26" HPOS="146" VPOS="987" WIDTH="833" HEIGHT="29">
							<String ID="string_220" HPOS="146" VPOS="987" WIDTH="121" HEIGHT="28" WC="0.92" CONTENT="lingsfrihet"/><SP WIDTH="22" VPOS="987" HPOS="267"/>
							<String ID="string_221" HPOS="289" VPOS="989" WIDTH="39" HEIGHT="20" WC="0.95" CONTENT="och"/><SP WIDTH="16" VPOS="989" HPOS="328"/>
							<String ID="string_222" HPOS="344" VPOS="989" WIDTH="69" HEIGHT="20" WC="0.96" CONTENT="skulle"/><SP WIDTH="15" VPOS="989" HPOS="413"/>
							<String ID="string_223" HPOS="428" VPOS="989" WIDTH="33" HEIGHT="20" WC="0.96" CONTENT="för"/><SP WIDTH="15" VPOS="989" HPOS="461"/>
							<String ID="string_224" HPOS="476" VPOS="989" WIDTH="40" HEIGHT="20" WC="0.97" CONTENT="den"/><SP WIDTH="17" VPOS="989" HPOS="516"/>
							<String ID="string_225" HPOS="533" VPOS="989" WIDTH="55" HEIGHT="21" WC="0.93" CONTENT="skull"/><SP WIDTH="16" VPOS="989" HPOS="588"/>
							<String ID="string_226" HPOS="604" VPOS="995" WIDTH="51" HEIGHT="15" WC="0.92" CONTENT="anse"/><SP WIDTH="16" VPOS="995" HPOS="655"/>
							<String ID="string_227" HPOS="671" VPOS="989" WIDTH="129" HEIGHT="27" WC="0.93" CONTENT="lämpligast"/><SP WIDTH="9" VPOS="989" HPOS="800"/>
							<String ID="string_228" HPOS="809" VPOS="990" WIDTH="30" HEIGHT="19" WC="0.93" CONTENT="att"/><SP WIDTH="15" VPOS="990" HPOS="839"/>
							<String ID="string_229" HPOS="854" VPOS="988" WIDTH="125" HEIGHT="27" WC="0.92" CONTENT="stadgandet"/>
						</TextLine>
						<TextLine ID="line_27" HPOS="146" VPOS="1013" WIDTH="832" HEIGHT="32">
							<String ID="string_230" HPOS="146" VPOS="1016" WIDTH="94" HEIGHT="27" WC="0.92" CONTENT="utginge,"/><SP WIDTH="23" VPOS="1016" HPOS="240"/>
							<String ID="string_231" HPOS="263" VPOS="1023" WIDTH="50" HEIGHT="14" WC="0.96" CONTENT="men"/><SP WIDTH="23" VPOS="1023" HPOS="313"/>
							<String ID="string_232" HPOS="336" VPOS="1017" WIDTH="37" HEIGHT="20" WC="0.96" CONTENT="vill"/><SP WIDTH="16" VPOS="1017" HPOS="373"/>
							<String ID="string_233" HPOS="389" VPOS="1017" WIDTH="54" HEIGHT="21" WC="0.96" CONTENT="dock"/><SP WIDTH="15" VPOS="1017" HPOS="443"/>
							<String ID="string_234" HPOS="458" VPOS="1017" WIDTH="75" HEIGHT="21" WC="0.93" CONTENT="endast"/><SP WIDTH="14" VPOS="1017" HPOS="533"/>
							<String ID="string_235" HPOS="547" VPOS="1017" WIDTH="74" HEIGHT="22" WC="0.92" CONTENT="förena"/><SP WIDTH="15" VPOS="1017" HPOS="621"/>
							<String ID="string_236" HPOS="636" VPOS="1018" WIDTH="44" HEIGHT="27" WC="0.96" CONTENT="mig"/><SP WIDTH="16" VPOS="1018" HPOS="680"/>
							<String ID="string_237" HPOS="696" VPOS="1023" WIDTH="35" HEIGHT="15" WC="0.96" CONTENT="om"/><SP WIDTH="16" VPOS="1023" HPOS="731"/>
							<String ID="string_238" HPOS="747" VPOS="1017" WIDTH="25" HEIGHT="20" WC="0.93" CONTENT="hr"/><SP WIDTH="15" VPOS="1017" HPOS="772"/>
							<String ID="string_239" HPOS="787" VPOS="1013" WIDTH="93" HEIGHT="24" WC="0.92" CONTENT="Öhmans"/><SP WIDTH="15" VPOS="1013" HPOS="880"/>
							<String ID="string_240" HPOS="895" VPOS="1017" WIDTH="83" HEIGHT="26" WC="0.95" CONTENT="förslag."/>
						</TextLine>
					</TextBlock>
				</ComposedBlock>
				<ComposedBlock ID="cblock_5" HPOS="144" VPOS="1075" WIDTH="836" HEIGHT="287">
					<TextBlock ID="block_4" HPOS="144" VPOS="1075" WIDTH="836" HEIGHT="287">
						<TextLine ID="line_28" HPOS="215" VPOS="1075" WIDTH="764" HEIGHT="32">
							<String ID="string_241" HPOS="215" VPOS="1078" WIDTH="33" HEIGHT="21" WC="0.96" CONTENT="Hr"/><SP WIDTH="15" VPOS="1078" HPOS="248"/>
							<String ID="string_242" HPOS="263" VPOS="1075" WIDTH="106" HEIGHT="24" WC="0.96" CONTENT="Öhman:"/><SP WIDTH="16" VPOS="1075" HPOS="369"/>
							<String ID="string_243" HPOS="385" VPOS="1079" WIDTH="51" HEIGHT="21" WC="0.93" CONTENT="Med"/><SP WIDTH="15" VPOS="1079" HPOS="436"/>
							<String ID="string_244" HPOS="451" VPOS="1079" WIDTH="115" HEIGHT="28" WC="0.93" CONTENT="anledning"/><SP WIDTH="15" VPOS="1079" HPOS="566"/>
							<String ID="string_245" HPOS="581" VPOS="1080" WIDTH="22" HEIGHT="20" WC="0.96" CONTENT="af"/><SP WIDTH="14" VPOS="1080" HPOS="603"/>
							<String ID="string_246" HPOS="617" VPOS="1080" WIDTH="26" HEIGHT="20" WC="0.93" CONTENT="hr"/><SP WIDTH="14" VPOS="1080" HPOS="643"/>
							<String ID="string_247" HPOS="657" VPOS="1080" WIDTH="69" HEIGHT="27" WC="0.92" CONTENT="Bergs"/><SP WIDTH="21" VPOS="1080" HPOS="726"/>
							<String ID="string_248" HPOS="747" VPOS="1079" WIDTH="136" HEIGHT="27" WC="0.92" CONTENT="andragande"/><SP WIDTH="13" VPOS="1079" HPOS="883"/>
							<String ID="string_249" HPOS="896" VPOS="1079" WIDTH="7" HEIGHT="20" WC="0.96" CONTENT="i"/><SP WIDTH="11" VPOS="1079" HPOS="903"/>
							<String ID="string_250" HPOS="914" VPOS="1079" WIDTH="65" HEIGHT="20" WC="0.96" CONTENT="saken"/>
						</TextLine>
						<TextLine ID="line_29" HPOS="145" VPOS="1106" WIDTH="834" HEIGHT="29">
							<String ID="string_251" HPOS="145" VPOS="1106" WIDTH="38" HEIGHT="20" WC="0.96" CONTENT="vill"/><SP WIDTH="15" VPOS="1106" HPOS="183"/>
							<String ID="string_252" HPOS="198" VPOS="1107" WIDTH="35" HEIGHT="26" WC="0.93" CONTENT="jag"/><SP WIDTH="16" VPOS="1107" HPOS="233"/>
							<String ID="string_253" HPOS="249" VPOS="1107" WIDTH="69" HEIGHT="20" WC="0.92" CONTENT="erinra"/><SP WIDTH="15" VPOS="1107" HPOS="318"/>
							<String ID="string_254" HPOS="333" VPOS="1107" WIDTH="73" HEIGHT="21" WC="0.92" CONTENT="därom"/><SP WIDTH="16" VPOS="1107" HPOS="406"/>
							<String ID="string_255" HPOS="422" VPOS="1110" WIDTH="30" HEIGHT="19" WC="0.96" CONTENT="att"/><SP WIDTH="9" VPOS="1110" HPOS="452"/>
							<String ID="string_256" HPOS="461" VPOS="1108" WIDTH="35" HEIGHT="27" WC="0.93" CONTENT="jag"/><SP WIDTH="15" VPOS="1108" HPOS="496"/>
							<String ID="string_257" HPOS="511" VPOS="1108" WIDTH="46" HEIGHT="21" WC="0.92" CONTENT="icke"/><SP WIDTH="15" VPOS="1108" HPOS="557"/>
							<String ID="string_258" HPOS="572" VPOS="1109" WIDTH="38" HEIGHT="20" WC="0.93" CONTENT="har"/><SP WIDTH="15" VPOS="1109" HPOS="610"/>
							<String ID="string_259" HPOS="625" VPOS="1108" WIDTH="91" HEIGHT="27" WC="0.92" CONTENT="päyrkat"/><SP WIDTH="15" VPOS="1108" HPOS="716"/>
							<String ID="string_260" HPOS="731" VPOS="1110" WIDTH="30" HEIGHT="19" WC="0.93" CONTENT="att"/><SP WIDTH="11" VPOS="1110" HPOS="761"/>
							<String ID="string_261" HPOS="772" VPOS="1107" WIDTH="162" HEIGHT="28" WC="0.92" CONTENT="bestämningen"/><SP WIDTH="10" VPOS="1107" HPOS="934"/>
							<String ID="string_262" HPOS="944" VPOS="1114" WIDTH="35" HEIGHT="13" WC="0.96" CONTENT="om"/>
						</TextLine>
						<TextLine ID="line_30" HPOS="145" VPOS="1135" WIDTH="834" HEIGHT="28">
							<String ID="string_263" HPOS="145" VPOS="1135" WIDTH="122" HEIGHT="27" WC="0.96" CONTENT="skyldighet"/><SP WIDTH="25" VPOS="1135" HPOS="267"/>
							<String ID="string_264" HPOS="292" VPOS="1137" WIDTH="29" HEIGHT="19" WC="0.93" CONTENT="att"/><SP WIDTH="16" VPOS="1137" HPOS="321"/>
							<String ID="string_265" HPOS="337" VPOS="1135" WIDTH="162" HEIGHT="22" WC="0.92" CONTENT="brandförsäkra"/><SP WIDTH="15" VPOS="1135" HPOS="499"/>
							<String ID="string_266" HPOS="514" VPOS="1136" WIDTH="69" HEIGHT="21" WC="0.93" CONTENT="skulle"/><SP WIDTH="15" VPOS="1136" HPOS="583"/>
							<String ID="string_267" HPOS="598" VPOS="1137" WIDTH="105" HEIGHT="20" WC="0.93" CONTENT="uteslutas"/><SP WIDTH="16" VPOS="1137" HPOS="703"/>
							<String ID="string_268" HPOS="719" VPOS="1136" WIDTH="47" HEIGHT="21" WC="0.93" CONTENT="frän"/><SP WIDTH="16" VPOS="1136" HPOS="766"/>
							<String ID="string_269" HPOS="782" VPOS="1136" WIDTH="130" HEIGHT="27" WC="0.92" CONTENT="paragrafen,"/><SP WIDTH="16" VPOS="1136" HPOS="912"/>
							<String ID="string_270" HPOS="928" VPOS="1137" WIDTH="51" HEIGHT="19" WC="0.96" CONTENT="utan"/>
						</TextLine>
						<TextLine ID="line_31" HPOS="144" VPOS="1163" WIDTH="836" HEIGHT="23">
							<String ID="string_271" HPOS="144" VPOS="1163" WIDTH="76" HEIGHT="20" WC="0.96" CONTENT="endast"/><SP WIDTH="16" VPOS="1163" HPOS="220"/>
							<String ID="string_272" HPOS="236" VPOS="1165" WIDTH="30" HEIGHT="19" WC="0.96" CONTENT="att"/><SP WIDTH="15" VPOS="1165" HPOS="266"/>
							<String ID="string_273" HPOS="281" VPOS="1163" WIDTH="41" HEIGHT="21" WC="0.96" CONTENT="den"/><SP WIDTH="13" VPOS="1163" HPOS="322"/>
							<String ID="string_274" HPOS="335" VPOS="1164" WIDTH="69" HEIGHT="21" WC="0.93" CONTENT="skulle"/><SP WIDTH="15" VPOS="1164" HPOS="404"/>
							<String ID="string_275" HPOS="419" VPOS="1165" WIDTH="125" HEIGHT="20" WC="0.93" CONTENT="inskränkas"/><SP WIDTH="15" VPOS="1165" HPOS="544"/>
							<String ID="string_276" HPOS="559" VPOS="1165" WIDTH="70" HEIGHT="20" WC="0.90" CONTENT="därtill"/><SP WIDTH="16" VPOS="1165" HPOS="629"/>
							<String ID="string_277" HPOS="645" VPOS="1167" WIDTH="30" HEIGHT="19" WC="0.97" CONTENT="att"/><SP WIDTH="15" VPOS="1167" HPOS="675"/>
							<String ID="string_278" HPOS="690" VPOS="1165" WIDTH="160" HEIGHT="20" WC="0.93" CONTENT="vederbörande"/><SP WIDTH="11" VPOS="1165" HPOS="850"/>
							<String ID="string_279" HPOS="861" VPOS="1164" WIDTH="119" HEIGHT="21" WC="0.92" CONTENT="församlin-"/>
						</TextLine>
						<TextLine ID="line_32" HPOS="145" VPOS="1191" WIDTH="834" HEIGHT="29">
							<String ID="string_280" HPOS="145" VPOS="1197" WIDTH="39" HEIGHT="20" WC="0.96" CONTENT="gar"/><SP WIDTH="22" VPOS="1197" HPOS="184"/>
							<String ID="string_281" HPOS="206" VPOS="1191" WIDTH="69" HEIGHT="22" WC="0.93" CONTENT="skulle"/><SP WIDTH="23" VPOS="1191" HPOS="275"/>
							<String ID="string_282" HPOS="298" VPOS="1192" WIDTH="63" HEIGHT="21" WC="0.91" CONTENT="hafva"/><SP WIDTH="23" VPOS="1192" HPOS="361"/>
							<String ID="string_283" HPOS="384" VPOS="1194" WIDTH="40" HEIGHT="19" WC="0.96" CONTENT="rätt"/><SP WIDTH="23" VPOS="1194" HPOS="424"/>
							<String ID="string_284" HPOS="447" VPOS="1195" WIDTH="29" HEIGHT="18" WC="0.93" CONTENT="att"/><SP WIDTH="15" VPOS="1195" HPOS="476"/>
							<String ID="string_285" HPOS="491" VPOS="1193" WIDTH="94" HEIGHT="20" WC="0.92" CONTENT="försäkra"/><SP WIDTH="15" VPOS="1193" HPOS="585"/>
							<String ID="string_286" HPOS="600" VPOS="1193" WIDTH="45" HEIGHT="21" WC="0.96" CONTENT="sina"/><SP WIDTH="16" VPOS="1193" HPOS="645"/>
							<String ID="string_287" HPOS="661" VPOS="1193" WIDTH="82" HEIGHT="27" WC="0.95" CONTENT="kyrkor"/><SP WIDTH="14" VPOS="1193" HPOS="743"/>
							<String ID="string_288" HPOS="757" VPOS="1193" WIDTH="8" HEIGHT="20" WC="0.93" CONTENT="i"/><SP WIDTH="15" VPOS="1193" HPOS="765"/>
							<String ID="string_289" HPOS="780" VPOS="1193" WIDTH="80" HEIGHT="20" WC="0.93" CONTENT="hvilket"/><SP WIDTH="15" VPOS="1193" HPOS="860"/>
							<String ID="string_290" HPOS="875" VPOS="1193" WIDTH="63" HEIGHT="26" WC="0.96" CONTENT="bolag"/><SP WIDTH="15" VPOS="1193" HPOS="938"/>
							<String ID="string_291" HPOS="953" VPOS="1193" WIDTH="26" HEIGHT="20" WC="0.96" CONTENT="de"/>
						</TextLine>
						<TextLine ID="line_33" HPOS="145" VPOS="1219" WIDTH="835" HEIGHT="30">
							<String ID="string_292" HPOS="145" VPOS="1219" WIDTH="72" HEIGHT="21" WC="0.95" CONTENT="önska."/><SP WIDTH="31" VPOS="1219" HPOS="217"/>
							<String ID="string_293" HPOS="248" VPOS="1220" WIDTH="45" HEIGHT="27" WC="0.93" CONTENT="Mig"/><SP WIDTH="22" VPOS="1220" HPOS="293"/>
							<String ID="string_294" HPOS="315" VPOS="1227" WIDTH="64" HEIGHT="20" WC="0.96" CONTENT="synes"/><SP WIDTH="23" VPOS="1227" HPOS="379"/>
							<String ID="string_295" HPOS="402" VPOS="1221" WIDTH="107" HEIGHT="28" WC="0.92" CONTENT="nämligen"/><SP WIDTH="24" VPOS="1221" HPOS="509"/>
							<String ID="string_296" HPOS="533" VPOS="1221" WIDTH="160" HEIGHT="28" WC="0.96" CONTENT="bestämningen"/><SP WIDTH="23" VPOS="1221" HPOS="693"/>
							<String ID="string_297" HPOS="716" VPOS="1223" WIDTH="30" HEIGHT="19" WC="0.93" CONTENT="att"/><SP WIDTH="15" VPOS="1223" HPOS="746"/>
							<String ID="string_298" HPOS="761" VPOS="1221" WIDTH="75" HEIGHT="21" WC="0.96" CONTENT="sådant"/><SP WIDTH="15" VPOS="1221" HPOS="836"/>
							<String ID="string_299" HPOS="851" VPOS="1221" WIDTH="54" HEIGHT="20" WC="0.93" CONTENT="skall"/><SP WIDTH="15" VPOS="1221" HPOS="905"/>
							<String ID="string_300" HPOS="920" VPOS="1221" WIDTH="60" HEIGHT="20" WC="0.96" CONTENT="ske"/><SP WIDTH="-14" VPOS="1221" HPOS="980"/>
							<String ID="string_301" HPOS="966" VPOS="1215" WIDTH="17" HEIGHT="39" WC="0.96" CONTENT="i"/>
						</TextLine>
						<TextLine ID="line_34" HPOS="144" VPOS="1247" WIDTH="836" HEIGHT="30">
							<String ID="string_302" HPOS="144" VPOS="1247" WIDTH="56" HEIGHT="22" WC="0.76" CONTENT="finsk"/><SP WIDTH="23" VPOS="1247" HPOS="200"/>
							<String ID="string_303" HPOS="223" VPOS="1249" WIDTH="276" HEIGHT="27" WC="0.59" CONTENT="brandförsäkringsanstalt."/><SP WIDTH="22" VPOS="1249" HPOS="499"/>
							<String ID="string_304" HPOS="521" VPOS="1257" WIDTH="50" HEIGHT="13" WC="0.96" CONTENT="vara"/><SP WIDTH="22" VPOS="1257" HPOS="571"/>
							<String ID="string_305" HPOS="593" VPOS="1250" WIDTH="44" HEIGHT="21" WC="0.93" CONTENT="lika"/><SP WIDTH="15" VPOS="1250" HPOS="637"/>
							<String ID="string_306" HPOS="652" VPOS="1250" WIDTH="103" HEIGHT="27" WC="0.96" CONTENT="olämplig"/><SP WIDTH="15" VPOS="1250" HPOS="755"/>
							<String ID="string_307" HPOS="770" VPOS="1256" WIDTH="46" HEIGHT="14" WC="0.96" CONTENT="som"/><SP WIDTH="16" VPOS="1256" HPOS="816"/>
							<String ID="string_308" HPOS="832" VPOS="1256" WIDTH="34" HEIGHT="14" WC="0.93" CONTENT="om"/><SP WIDTH="15" VPOS="1256" HPOS="866"/>
							<String ID="string_309" HPOS="881" VPOS="1250" WIDTH="99" HEIGHT="26" WC="0.92" CONTENT="borgare-"/>
						</TextLine>
						<TextLine ID="line_35" HPOS="144" VPOS="1277" WIDTH="836" HEIGHT="28">
							<String ID="string_310" HPOS="144" VPOS="1277" WIDTH="85" HEIGHT="20" WC="0.91" CONTENT="ständet"/><SP WIDTH="23" VPOS="1277" HPOS="229"/>
							<String ID="string_311" HPOS="252" VPOS="1277" WIDTH="69" HEIGHT="21" WC="0.93" CONTENT="skulle"/><SP WIDTH="16" VPOS="1277" HPOS="321"/>
							<String ID="string_312" HPOS="337" VPOS="1277" WIDTH="114" HEIGHT="27" WC="0.92" CONTENT="godkänna"/><SP WIDTH="15" VPOS="1277" HPOS="451"/>
							<String ID="string_313" HPOS="466" VPOS="1279" WIDTH="25" HEIGHT="19" WC="0.93" CONTENT="hr"/><SP WIDTH="14" VPOS="1279" HPOS="491"/>
							<String ID="string_314" HPOS="505" VPOS="1277" WIDTH="130" HEIGHT="22" WC="0.92" CONTENT="Söderlunds"/><SP WIDTH="16" VPOS="1277" HPOS="635"/>
							<String ID="string_315" HPOS="651" VPOS="1278" WIDTH="81" HEIGHT="27" WC="0.96" CONTENT="förslag"/><SP WIDTH="16" VPOS="1278" HPOS="732"/>
							<String ID="string_316" HPOS="748" VPOS="1285" WIDTH="34" HEIGHT="14" WC="0.93" CONTENT="om"/><SP WIDTH="16" VPOS="1285" HPOS="782"/>
							<String ID="string_317" HPOS="798" VPOS="1277" WIDTH="145" HEIGHT="28" WC="0.93" CONTENT="anbringande"/><SP WIDTH="16" VPOS="1277" HPOS="943"/>
							<String ID="string_318" HPOS="959" VPOS="1277" WIDTH="21" HEIGHT="20" WC="0.96" CONTENT="af"/>
						</TextLine>
						<TextLine ID="line_36" HPOS="145" VPOS="1304" WIDTH="835" HEIGHT="28">
							<String ID="string_319" HPOS="145" VPOS="1304" WIDTH="110" HEIGHT="21" WC="0.91" CONTENT="äskledare"/><SP WIDTH="17" VPOS="1304" HPOS="255"/>
							<String ID="string_320" HPOS="272" VPOS="1305" WIDTH="11" HEIGHT="20" WC="0.87" CONTENT="&amp;"/><SP WIDTH="16" VPOS="1305" HPOS="283"/>
							<String ID="string_321" HPOS="299" VPOS="1305" WIDTH="84" HEIGHT="27" WC="0.96" CONTENT="kyrkor,"/><SP WIDTH="16" VPOS="1305" HPOS="383"/>
							<String ID="string_322" HPOS="399" VPOS="1307" WIDTH="49" HEIGHT="20" WC="0.93" CONTENT="med"/><SP WIDTH="15" VPOS="1307" HPOS="448"/>
							<String ID="string_323" HPOS="463" VPOS="1308" WIDTH="96" HEIGHT="19" WC="0.96" CONTENT="närmare"/><SP WIDTH="16" VPOS="1308" HPOS="559"/>
							<String ID="string_324" HPOS="575" VPOS="1307" WIDTH="108" HEIGHT="20" WC="0.96" CONTENT="föreskrift"/><SP WIDTH="16" VPOS="1307" HPOS="683"/>
							<String ID="string_325" HPOS="699" VPOS="1307" WIDTH="75" HEIGHT="20" WC="0.96" CONTENT="därom"/><SP WIDTH="14" VPOS="1307" HPOS="774"/>
							<String ID="string_326" HPOS="788" VPOS="1308" WIDTH="30" HEIGHT="19" WC="0.96" CONTENT="att"/><SP WIDTH="16" VPOS="1308" HPOS="818"/>
							<String ID="string_327" HPOS="834" VPOS="1306" WIDTH="61" HEIGHT="21" WC="0.93" CONTENT="dessa"/><SP WIDTH="18" VPOS="1306" HPOS="895"/>
							<String ID="string_328" HPOS="913" VPOS="1305" WIDTH="67" HEIGHT="21" WC="0.92" CONTENT="äskle-"/>
						</TextLine>
						<TextLine ID="line_37" HPOS="144" VPOS="1333" WIDTH="603" HEIGHT="29">
							<String ID="string_329" HPOS="144" VPOS="1333" WIDTH="51" HEIGHT="20" WC="0.91" CONTENT="dare"/><SP WIDTH="16" VPOS="1333" HPOS="195"/>
							<String ID="string_330" HPOS="211" VPOS="1333" WIDTH="60" HEIGHT="21" WC="0.96" CONTENT="skola"/><SP WIDTH="15" VPOS="1333" HPOS="271"/>
							<String ID="string_331" HPOS="286" VPOS="1340" WIDTH="50" HEIGHT="14" WC="0.93" CONTENT="vara"/><SP WIDTH="15" VPOS="1340" HPOS="336"/>
							<String ID="string_332" HPOS="351" VPOS="1334" WIDTH="142" HEIGHT="28" WC="0.93" CONTENT="förfärdigade"/><SP WIDTH="16" VPOS="1334" HPOS="493"/>
							<String ID="string_333" HPOS="509" VPOS="1335" WIDTH="38" HEIGHT="20" WC="0.96" CONTENT="hos"/><SP WIDTH="15" VPOS="1335" HPOS="547"/>
							<String ID="string_334" HPOS="562" VPOS="1335" WIDTH="55" HEIGHT="21" WC="0.93" CONTENT="finsk"/><SP WIDTH="15" VPOS="1335" HPOS="617"/>
							<String ID="string_335" HPOS="632" VPOS="1335" WIDTH="115" HEIGHT="21" WC="0.91" CONTENT="fabrikant."/>
						</TextLine>
					</TextBlock>
				</ComposedBlock>
				<ComposedBlock ID="cblock_6" HPOS="144" VPOS="1395" WIDTH="837" HEIGHT="144">
					<TextBlock ID="block_5" HPOS="144" VPOS="1395" WIDTH="837" HEIGHT="144">
						<TextLine ID="line_38" HPOS="213" VPOS="1395" WIDTH="767" HEIGHT="30">
							<String ID="string_336" HPOS="213" VPOS="1395" WIDTH="33" HEIGHT="21" WC="0.96" CONTENT="Hr"/><SP WIDTH="23" VPOS="1395" HPOS="246"/>
							<String ID="string_337" HPOS="269" VPOS="1396" WIDTH="144" HEIGHT="22" WC="0.93" CONTENT="Wasenius:"/><SP WIDTH="24" VPOS="1396" HPOS="413"/>
							<String ID="string_338" HPOS="437" VPOS="1397" WIDTH="74" HEIGHT="21" WC="0.93" CONTENT="Ehuru"/><SP WIDTH="20" VPOS="1397" HPOS="511"/>
							<String ID="string_339" HPOS="531" VPOS="1398" WIDTH="36" HEIGHT="27" WC="0.93" CONTENT="jag"/><SP WIDTH="14" VPOS="1398" HPOS="567"/>
							<String ID="string_340" HPOS="581" VPOS="1398" WIDTH="55" HEIGHT="20" WC="0.93" CONTENT="hälst"/><SP WIDTH="15" VPOS="1398" HPOS="636"/>
							<String ID="string_341" HPOS="651" VPOS="1398" WIDTH="72" HEIGHT="20" WC="0.93" CONTENT="skulle"/><SP WIDTH="15" VPOS="1398" HPOS="723"/>
							<String ID="string_342" HPOS="738" VPOS="1397" WIDTH="63" HEIGHT="21" WC="0.93" CONTENT="hafva"/><SP WIDTH="15" VPOS="1397" HPOS="801"/>
							<String ID="string_343" HPOS="816" VPOS="1399" WIDTH="41" HEIGHT="19" WC="0.96" CONTENT="sett"/><SP WIDTH="15" VPOS="1399" HPOS="857"/>
							<String ID="string_344" HPOS="872" VPOS="1399" WIDTH="30" HEIGHT="19" WC="0.96" CONTENT="att"/><SP WIDTH="15" VPOS="1399" HPOS="902"/>
							<String ID="string_345" HPOS="917" VPOS="1397" WIDTH="63" HEIGHT="27" WC="0.96" CONTENT="ingen"/>
						</TextLine>
						<TextLine ID="line_39" HPOS="144" VPOS="1423" WIDTH="836" HEIGHT="29">
							<String ID="string_346" HPOS="144" VPOS="1423" WIDTH="136" HEIGHT="28" WC="0.96" CONTENT="bestämning"/><SP WIDTH="15" VPOS="1423" HPOS="280"/>
							<String ID="string_347" HPOS="295" VPOS="1424" WIDTH="68" HEIGHT="28" WC="0.96" CONTENT="ingått"/><SP WIDTH="15" VPOS="1424" HPOS="363"/>
							<String ID="string_348" HPOS="378" VPOS="1432" WIDTH="35" HEIGHT="14" WC="0.96" CONTENT="om"/><SP WIDTH="15" VPOS="1432" HPOS="413"/>
							<String ID="string_349" HPOS="428" VPOS="1428" WIDTH="31" HEIGHT="18" WC="0.96" CONTENT="att"/><SP WIDTH="14" VPOS="1428" HPOS="459"/>
							<String ID="string_350" HPOS="473" VPOS="1426" WIDTH="68" HEIGHT="26" WC="0.96" CONTENT="kyrka"/><SP WIDTH="15" VPOS="1426" HPOS="541"/>
							<String ID="string_351" HPOS="556" VPOS="1426" WIDTH="38" HEIGHT="21" WC="0.93" CONTENT="och"/><SP WIDTH="16" VPOS="1426" HPOS="594"/>
							<String ID="string_352" HPOS="610" VPOS="1426" WIDTH="133" HEIGHT="26" WC="0.96" CONTENT="klockstapel"/><SP WIDTH="16" VPOS="1426" HPOS="743"/>
							<String ID="string_353" HPOS="759" VPOS="1426" WIDTH="59" HEIGHT="20" WC="0.96" CONTENT="skola"/><SP WIDTH="16" VPOS="1426" HPOS="818"/>
							<String ID="string_354" HPOS="834" VPOS="1432" WIDTH="50" HEIGHT="14" WC="0.96" CONTENT="vara"/><SP WIDTH="10" VPOS="1432" HPOS="884"/>
							<String ID="string_355" HPOS="894" VPOS="1425" WIDTH="32" HEIGHT="21" WC="0.93" CONTENT="för"/><SP WIDTH="11" VPOS="1425" HPOS="926"/>
							<String ID="string_356" HPOS="937" VPOS="1425" WIDTH="43" HEIGHT="21" WC="0.93" CONTENT="eld-"/>
						</TextLine>
						<TextLine ID="line_40" HPOS="144" VPOS="1452" WIDTH="836" HEIGHT="29">
							<String ID="string_357" HPOS="144" VPOS="1452" WIDTH="67" HEIGHT="20" WC="0.96" CONTENT="skada"/><SP WIDTH="15" VPOS="1452" HPOS="211"/>
							<String ID="string_358" HPOS="226" VPOS="1452" WIDTH="129" HEIGHT="28" WC="0.93" CONTENT="försäkrade,"/><SP WIDTH="15" VPOS="1452" HPOS="355"/>
							<String ID="string_359" HPOS="370" VPOS="1454" WIDTH="67" HEIGHT="21" WC="0.96" CONTENT="måste"/><SP WIDTH="16" VPOS="1454" HPOS="437"/>
							<String ID="string_360" HPOS="453" VPOS="1455" WIDTH="35" HEIGHT="26" WC="0.97" CONTENT="jag"/><SP WIDTH="14" VPOS="1455" HPOS="488"/>
							<String ID="string_361" HPOS="502" VPOS="1454" WIDTH="33" HEIGHT="21" WC="0.96" CONTENT="för"/><SP WIDTH="14" VPOS="1454" HPOS="535"/>
							<String ID="string_362" HPOS="549" VPOS="1455" WIDTH="45" HEIGHT="20" WC="0.97" CONTENT="min"/><SP WIDTH="15" VPOS="1455" HPOS="594"/>
							<String ID="string_363" HPOS="609" VPOS="1455" WIDTH="35" HEIGHT="20" WC="0.93" CONTENT="del"/><SP WIDTH="15" VPOS="1455" HPOS="644"/>
							<String ID="string_364" HPOS="659" VPOS="1460" WIDTH="54" HEIGHT="15" WC="0.96" CONTENT="anse"/><SP WIDTH="16" VPOS="1460" HPOS="713"/>
							<String ID="string_365" HPOS="729" VPOS="1456" WIDTH="35" HEIGHT="25" WC="0.96" CONTENT="att,"/><SP WIDTH="12" VPOS="1456" HPOS="764"/>
							<String ID="string_366" HPOS="776" VPOS="1460" WIDTH="34" HEIGHT="14" WC="0.96" CONTENT="om"/><SP WIDTH="16" VPOS="1460" HPOS="810"/>
							<String ID="string_367" HPOS="826" VPOS="1460" WIDTH="27" HEIGHT="14" WC="0.93" CONTENT="en"/><SP WIDTH="15" VPOS="1460" HPOS="853"/>
							<String ID="string_368" HPOS="868" VPOS="1454" WIDTH="66" HEIGHT="20" WC="0.93" CONTENT="sådan"/><SP WIDTH="11" VPOS="1454" HPOS="934"/>
							<String ID="string_369" HPOS="945" VPOS="1453" WIDTH="35" HEIGHT="21" WC="0.93" CONTENT="be-"/>
						</TextLine>
						<TextLine ID="line_41" HPOS="144" VPOS="1481" WIDTH="836" HEIGHT="30">
							<String ID="string_370" HPOS="144" VPOS="1481" WIDTH="108" HEIGHT="30" WC="0.91" CONTENT="stämning"/><SP WIDTH="25" VPOS="1481" HPOS="252"/>
							<String ID="string_371" HPOS="277" VPOS="1488" WIDTH="26" HEIGHT="14" WC="0.93" CONTENT="en"/><SP WIDTH="23" VPOS="1488" HPOS="303"/>
							<String ID="string_372" HPOS="326" VPOS="1482" WIDTH="57" HEIGHT="26" WC="0.92" CONTENT="gäng"/><SP WIDTH="15" VPOS="1482" HPOS="383"/>
							<String ID="string_373" HPOS="398" VPOS="1482" WIDTH="54" HEIGHT="21" WC="0.93" CONTENT="skall"/><SP WIDTH="15" VPOS="1482" HPOS="452"/>
							<String ID="string_374" HPOS="467" VPOS="1483" WIDTH="88" HEIGHT="27" WC="0.93" CONTENT="intagas,"/><SP WIDTH="16" VPOS="1483" HPOS="555"/>
							<String ID="string_375" HPOS="571" VPOS="1483" WIDTH="35" HEIGHT="21" WC="0.93" CONTENT="det"/><SP WIDTH="15" VPOS="1483" HPOS="606"/>
							<String ID="string_376" HPOS="621" VPOS="1483" WIDTH="64" HEIGHT="21" WC="0.92" CONTENT="äfven"/><SP WIDTH="17" VPOS="1483" HPOS="685"/>
							<String ID="string_377" HPOS="702" VPOS="1482" WIDTH="39" HEIGHT="21" WC="0.93" CONTENT="bör"/><SP WIDTH="15" VPOS="1482" HPOS="741"/>
							<String ID="string_378" HPOS="756" VPOS="1482" WIDTH="84" HEIGHT="27" WC="0.93" CONTENT="stadgas"/><SP WIDTH="16" VPOS="1482" HPOS="840"/>
							<String ID="string_379" HPOS="856" VPOS="1484" WIDTH="30" HEIGHT="19" WC="0.93" CONTENT="att"/><SP WIDTH="15" VPOS="1484" HPOS="886"/>
							<String ID="string_380" HPOS="901" VPOS="1482" WIDTH="79" HEIGHT="21" WC="0.92" CONTENT="försäk-"/>
						</TextLine>
						<TextLine ID="line_42" HPOS="144" VPOS="1509" WIDTH="837" HEIGHT="30">
							<String ID="string_381" HPOS="144" VPOS="1514" WIDTH="76" HEIGHT="22" WC="0.91" CONTENT="ringen"/><SP WIDTH="23" VPOS="1514" HPOS="220"/>
							<String ID="string_382" HPOS="243" VPOS="1509" WIDTH="54" HEIGHT="21" WC="0.93" CONTENT="skall"/><SP WIDTH="24" VPOS="1509" HPOS="297"/>
							<String ID="string_383" HPOS="321" VPOS="1510" WIDTH="36" HEIGHT="20" WC="0.92" CONTENT="ske"/><SP WIDTH="16" VPOS="1510" HPOS="357"/>
							<String ID="string_384" HPOS="373" VPOS="1510" WIDTH="7" HEIGHT="20" WC="0.94" CONTENT="i"/><SP WIDTH="15" VPOS="1510" HPOS="380"/>
							<String ID="string_385" HPOS="395" VPOS="1510" WIDTH="56" HEIGHT="22" WC="0.93" CONTENT="finsk"/><SP WIDTH="23" VPOS="1510" HPOS="451"/>
							<String ID="string_386" HPOS="474" VPOS="1511" WIDTH="283" HEIGHT="28" WC="0.90" CONTENT="brandförsäkringsanstalt."/><SP WIDTH="31" VPOS="1511" HPOS="757"/>
							<String ID="string_387" HPOS="788" VPOS="1511" WIDTH="30" HEIGHT="26" WC="0.96" CONTENT="Ty"/><SP WIDTH="22" VPOS="1511" HPOS="818"/>
							<String ID="string_388" HPOS="840" VPOS="1511" WIDTH="36" HEIGHT="27" WC="0.93" CONTENT="jag"/><SP WIDTH="17" VPOS="1511" HPOS="876"/>
							<String ID="string_389" HPOS="893" VPOS="1512" WIDTH="43" HEIGHT="19" WC="0.93" CONTENT="tror"/><SP WIDTH="16" VPOS="1512" HPOS="936"/>
							<String ID="string_390" HPOS="952" VPOS="1512" WIDTH="29" HEIGHT="19" WC="0.97" CONTENT="att"/>
						</TextLine>
					</TextBlock>
				</ComposedBlock>
			</PrintSpace>
		</Page>
	</Layout>
</alto>
