1017 1731
182 103 39 20 786
385 109 179 20 Borgareständet
578 111 54 16 1891.
657 110 26 17 29
696 109 54 20 april

154 188 46 21 från
218 188 71 21 denna
303 191 41 24 väg
359 189 39 20 och
414 189 87 20 beslutit
517 189 32 26 sig
564 189 33 20 för
612 191 29 19 ett
656 189 96 26 klander,
772 189 101 20 utskottet
888 189 46 20 icke
950 189 34 20 har

154 217 62 20 hittat
238 217 27 26 på
288 217 64 27 något
376 217 102 27 viktigare
499 219 26 18 än
549 218 55 20 hvad
627 224 45 14 som
690 217 62 27 ingår
767 217 7 20 i
790 217 35 21 det
840 223 29 14 nu
885 217 99 27 angripna

155 245 69 21 stället
239 245 7 20 i
263 245 113 21 utskottets
393 245 139 21 betänkande.
563 246 44 20 Vår
622 245 200 27 finansförvaltning
837 247 23 18 är
876 247 50 19 utan
938 244 46 22 tvif-

155 274 33 20 vel
210 274 137 27 mönstergill,
370 274 32 20 för
423 274 70 20 sävidt
515 274 35 21 det
571 275 66 26 gäller
652 274 114 21 redbarhet
782 275 38 20 och
837 274 99 21 omtanke
952 280 32 14 om

154 302 84 21 landets
255 302 64 21 bästa.
349 302 50 21 Men
414 303 35 26 jag
465 305 43 18 tror
523 305 30 18 att
568 309 49 14 man
634 303 53 20 skall
703 302 22 21 få
740 303 42 20 leta
797 303 105 26 förgäfves
914 303 7 19 i
932 302 53 20 värl-

155 330 47 24 den,
218 331 33 20 för
267 333 29 18 att
310 331 58 20 finna
385 333 28 18 ett
429 333 85 24 system,
530 337 46 14 som
592 333 23 18 är
630 332 22 19 så
668 331 110 27 olämpligt
794 337 45 14 som
850 331 41 26 det,
907 331 79 20 hvilket

154 359 38 20 här
207 359 39 20 hos
262 365 33 14 oss
311 359 7 20 i
334 359 36 20 vår
385 359 198 28 finansförvaltning
599 359 154 28 budgetperiod
770 359 53 21 efter
833 359 152 27 budgetperiod

154 387 66 27 följes.
251 388 42 26 Jag
309 388 54 20 afser
378 388 87 20 härmed
481 388 61 21 dessa
558 388 137 27 fonderingar
711 388 20 20 af
747 388 144 24 skattemedel,'
915 387 71 21 hvilka

155 416 68 26 aldrig
245 416 66 21 borde
334 416 85 21 komma
434 417 6 19 i
456 416 65 27 fråga,
543 423 49 14 men
612 423 44 14 som
673 418 76 25 utgöra
765 417 35 20 det
815 416 171 20 karaktäristiska

154 444 32 21 för
202 444 38 20 vår
254 444 205 27 finansförvaltning.
483 445 74 20 Under
573 445 62 20 årens
650 445 49 27 lopp
717 445 148 26 undandragas
880 444 106 21 kolossala

154 479 96 14 summor
266 473 41 20 den
323 473 96 20 enskilda
434 473 192 27 företagsamheten
643 474 39 20 och
698 473 100 21 fonderas
811 473 6 20 i
830 475 155 23 statskontoret,

155 501 38 21 och
217 501 35 21 det
275 503 23 19 är
321 501 33 21 väl
377 501 26 21 då
422 502 46 20 icke
484 508 45 14 mer
545 504 25 18 än
588 504 40 18 rätt
643 503 39 19 och
699 501 69 28 billigt
784 503 30 19 att
829 501 69 27 någon
914 501 34 21 del
964 501 22 21 af

154 530 62 20 dessa
239 530 76 27 belopp
332 530 129 20 återkomma
476 531 7 20 i
499 531 53 20 form
569 531 21 20 af
605 531 34 20 lån
656 530 33 21 till
705 530 42 21 den
763 530 107 20 allmänna
884 530 100 21 rörelsen.

154 558 38 20 Låt
209 565 50 13 vara
275 561 29 18 att
320 559 33 19 vid
371 559 69 20 denna
456 558 97 28 utlåning
568 561 29 19 ett
613 559 52 21 eller
681 562 66 17 annat
763 559 87 26 misstag
865 558 69 21 blifvit
949 558 36 20 be-

154 586 83 27 gänget,
253 586 70 21 såsom
338 587 59 21 fallet
411 587 100 27 möjligen
528 588 42 20 kan
586 588 62 20 hafva
664 587 55 21 varit
735 588 47 20 med
799 588 25 20 de
840 594 38 20 par
894 587 39 21 län,
950 593 34 14 om

154 614 71 21 hvilka
242 615 35 20 det
293 622 29 13 nu
338 618 23 17 är
375 616 64 26 fråga.
470 616 41 26 Jag
527 622 62 14 anser
605 616 53 20 dock
673 616 48 20 icke
738 618 30 18 att
783 616 35 20 det
833 616 33 19 för
876 616 39 20 den
928 615 54 20 skull

154 643 53 20 varit
222 643 46 20 skäl
284 646 30 18 att
329 644 139 20 framkomma
481 644 47 20 med
542 647 29 18 ett
584 644 116 26 uttalande,
715 644 81 20 hvilket
809 646 10 18 är
842 644 22 20 så
874 644 110 26 tvetydigt,

154 674 29 18 att
206 672 35 20 det
263 672 66 26 enligt
350 672 45 20 min
417 673 135 27 uppfattning
574 674 66 19 måste
663 679 48 14 mer
728 672 65 20 skada
808 674 26 18 än
851 678 73 20 gagna.
954 672 30 26 Ty

153 706 49 14 man
218 700 55 20 skall
289 700 59 21 däraf
362 700 109 28 lätteligen
485 701 86 21 komma
590 701 31 21 till
639 702 42 20 den
699 700 113 21 slutsatsen
829 703 29 18 att
874 707 40 13 den
932 700 52 21 utlå-

153 728 58 27 ning,
227 735 45 14 som
290 729 109 20 bedrifvits
414 730 46 20 från
483 730 136 20 statsvärkets
635 730 82 26 fonder,
734 730 6 19 i
756 730 39 20 och
811 729 33 20 för
859 729 31 27 sig
906 731 22 18 är
943 729 41 20 för-

153 756 83 27 kastlig,
252 758 39 20 och
307 759 30 19 att
353 758 60 20 dessa
428 758 76 20 fonder
519 758 6 20 i
541 758 75 26 själfva
634 758 73 20 värket
720 758 65 20 borde
797 757 107 21 användas
915 757 69 21 såsom

153 786 232 26 undsättningsfonder,
401 786 80 20 hvilket
497 787 32 19 väl
546 787 54 20 dock
617 787 30 20 als
664 787 47 20 icke
728 792 50 14 vore
794 788 40 18 rätt
850 786 38 20 och
904 786 80 20 tillbör-

154 814 42 26 ligt.
226 814 63 20 Hade
312 814 153 21 statsntskottet
487 815 98 27 företagit
606 815 31 27 sig
660 817 30 18 att
715 814 65 21 uttala
796 816 29 19 ett
841 814 104 26 ogillande
962 814 20 20 af

154 842 61 20 dessa
230 842 77 21 fonder
322 843 37 20 och
377 843 60 20 deras
453 844 121 26 ytterligare
590 844 89 22 ökande,
698 843 54 20 hade
768 844 35 26 jag
818 843 53 20 varit
887 843 39 19 den
943 843 42 19 för-

153 873 31 18 ste
208 872 30 19 att
261 871 93 20 erkänna
377 871 35 21 det
435 872 81 26 nyttiga
531 872 7 20 i
554 872 167 20 statsutskottets
737 872 139 21 värksamhet.
897 878 48 14 men
962 872 23 19 sä

152 898 63 28 länge
238 899 36 21 det
296 900 125 20 inskränker
436 900 32 20 sin
484 900 131 27 granskning
631 900 54 20 blott
701 900 30 20 till
749 902 30 18 att
794 900 128 20 kontrollera
938 900 47 20 red-

152 927 103 21 barheten
271 928 5 20 i
293 928 162 27 förvaltningen,
471 929 23 20 sä
509 929 62 20 hafva
588 929 19 20 vi
621 928 89 21 därmed
721 928 46 21 icke
778 928 90 21 kommit
878 928 30 21 till
920 930 65 19 annat

152 956 90 21 resultat
257 958 27 19 än
300 957 54 20 hvad
370 957 21 20 vi
407 957 33 20 väl
455 957 26 27 pä
496 957 89 21 förhand
602 958 82 20 kunnat
700 963 51 14 anse
763 957 69 20 säsom
844 957 140 20 axiomatiskt.

152 984 42 27 Jag
208 985 69 20 mäste
293 985 66 20 uttala
374 985 47 21 mitt
444 986 131 26 beklagande
598 986 59 20 öfver
673 987 31 19 att
720 985 63 21 äfven
799 985 68 21 denna
884 985 102 27 landtdag

152 1013 39 20 fått
214 1013 26 27 gå
256 1013 55 20 förbi
328 1015 48 19 utan
394 1016 29 18 att
446 1014 154 21 statsutskottet
622 1014 111 27 värkligen
748 1014 28 27 pä
790 1013 49 21 fullt
854 1013 58 21 alvar
928 1013 57 20 skär-

152 1041 75 21 skådat
243 1042 26 20 de
285 1042 82 27 hopade
383 1042 104 21 fonderna
502 1043 39 20 och
557 1043 61 20 deras
633 1043 125 26 ytterligare
772 1042 82 21 ökande
865 1042 67 21 under
943 1042 42 20 den

152 1070 51 20 sista
218 1070 189 27 budgetperioden.
437 1071 33 20 Då
484 1073 45 19 mot
544 1071 61 20 dessa
621 1071 77 21 fonder
714 1071 38 20 och
769 1071 61 20 deras
846 1071 139 20 användande

152 1098 46 21 icke
222 1098 71 26 någon
316 1105 70 14 annan
410 1100 140 27 anmärkning
573 1102 26 18 än
623 1100 41 21 den
689 1106 30 13 nu
740 1099 160 27 ifrågavarande
916 1099 69 20 blifvit

151 1126 117 25 framstäld,
290 1127 23 20 så
332 1128 73 26 tycker
420 1128 35 27 jag
471 1130 28 19 att
515 1128 62 21 äfven
594 1129 75 26 denna,
695 1127 70 21 såsom
780 1134 46 14 mer
841 1127 143 21 vilseledande

152 1157 26 18 än
194 1156 119 26 gagnande,
329 1156 78 21 saklöst
423 1157 71 20 kunde
509 1157 56 26 utgå.
588 1157 96 20 Härmed
702 1156 37 20 vill
754 1157 35 26 jag
805 1156 53 21 dock
868 1156 117 27 ingalunda

151 1183 63 20 hafva
237 1186 47 25 sagt
307 1186 30 19 att
358 1185 35 26 jag
414 1185 84 20 förenar
520 1185 44 27 mig
585 1192 34 13 om
643 1185 41 21 den
705 1186 42 25 ton,
769 1191 45 14 som
830 1185 116 26 genomgår
960 1185 26 19 hr

151 1211 115 21 Kihlmans
283 1213 134 20 reservation.

221 1297 32 20 Hr
269 1297 130 21 Neovius:
430 1298 41 27 Jag
487 1300 34 19 vet
535 1298 47 21 icke
598 1299 21 20 af
633 1298 90 21 hvilken
739 1298 116 27 anledning
870 1298 24 20 hr
907 1297 78 28 Elving

150 1327 72 19 senast
243 1325 116 21 framhållit
382 1328 29 19 att
433 1327 127 26 landtdagen
583 1327 66 20 redan
673 1326 150 27 tilländalupit.
854 1326 44 27 Mig
920 1332 64 20 synes

150 1355 58 19 ännu
225 1354 78 21 återstå
319 1354 65 27 några
400 1355 83 26 veckor,
499 1355 39 21 och
553 1355 89 21 förvisso
658 1355 66 21 hafva
743 1355 113 21 ständerna
872 1356 29 19 att
916 1354 69 21 under

150 1382 71 30 denna
245 1383 30 20 tid
297 1384 57 19 ännu
377 1383 98 21 förvänta
497 1384 123 20 uttalanden
642 1384 49 20 från
713 1384 165 20 statsutskottets
893 1383 50 21 sida.
974 1383 10 20 I

148 1410 61 27 fråga
232 1417 35 14 om
290 1411 87 21 fonders
401 1412 99 20 bildande
523 1412 39 20 och
585 1412 61 20 deras
669 1412 101 27 hopande
786 1412 84 20 komma
887 1412 32 20 väl
936 1411 48 21 vida

149 1438 125 27 lämpligare
295 1439 98 21 tillfällen
416 1442 29 18 att
469 1440 87 26 erbjuda
572 1441 32 26 sig
619 1440 32 21 för
668 1440 125 20 uttalanden
810 1442 28 18 än
852 1440 6 20 i
874 1440 110 20 relations-

149 1466 154 27 betänkandet;
329 1470 28 18 ett
375 1468 76 21 sådant
466 1468 81 21 tillfälle
564 1469 99 26 erbjuder
680 1468 33 27 sig
730 1469 106 26 nämligen
854 1468 34 20 vid
904 1470 80 25 uppgö-

148 1495 75 20 randet
246 1496 21 20 af
290 1496 106 27 budgeten
412 1497 33 20 för
460 1497 142 21 instundande
617 1497 153 27 finansperiod,
794 1497 37 20 och
849 1498 52 19 huru
919 1499 61 18 stats-
