1017 1731
265 111 176 21 Borgareständet
456 113 53 16 1891.
533 113 24 16 21
571 113 58 20 april.
798 109 41 19 733

36 193 48 25 taga
106 192 32 26 sig
160 193 29 19 att
204 191 26 27 på
245 191 133 27 spekulation
394 191 89 27 uppföra
499 192 202 27 arbetarebostäder,
723 192 33 21 för
772 194 30 19 att
816 193 49 20 med

36 219 90 28 tillhjälp
142 220 20 20 af
178 220 25 20 de
219 219 72 28 billiga
307 219 62 21 lånen
385 220 67 20 skaffa
467 221 32 26 sig
515 227 26 14 en
557 220 41 27 god
615 220 67 27 profit.

105 293 32 20 Hr
152 293 156 20 Serlachius:
339 289 69 24 Äfven
423 293 37 26 jag
475 293 38 20 ber
527 295 30 18 att
572 293 20 20 få
609 293 84 21 ansluta
708 293 43 27 mig
767 294 31 20 till
812 294 54 24 dem,

37 328 45 14 som
106 321 63 21 hafva
191 321 93 20 förordat
307 321 127 27 antagandet
453 321 21 20 af
489 322 122 26 petitionen.
642 321 41 21 Det
699 328 62 20 synes
778 323 43 24 mig
837 324 29 18 att

38 350 53 20 hvad
115 350 102 21 utskottet
239 349 69 21 anfört
329 349 120 27 egentligen
466 350 45 20 icke
528 350 65 21 borde
610 353 104 24 utmynna
729 350 6 20 i
752 350 42 20 den
809 350 56 20 kläm

38 379 102 20 utskottet
155 378 38 21 har
208 378 113 27 föreslagit,
337 380 50 18 utan
403 384 87 15 snarare
506 379 5 19 i
529 378 47 21 dess
592 381 93 18 motsats.
715 378 32 21 De
763 379 55 20 enda
831 380 36 18 vä-

37 407 69 26 gande
122 407 72 20 skälen
212 408 43 19 mot
270 407 115 26 petitionen
402 406 61 20 hafva
481 406 86 21 uttalats
583 407 22 20 af
614 408 25 19 hr
649 407 122 20 Rönnbäck.
792 407 73 20 Ehuru

37 441 50 14 man
110 435 46 20 icke
180 435 41 20 kan
244 435 87 20 förneka
347 436 30 19 att
393 435 61 20 dessa
470 435 45 20 skäl
531 435 63 20 hafva
610 442 25 14 en
653 435 79 27 ganska
747 437 44 18 stor
806 435 60 26 bety-

38 463 64 27 delse,
124 463 59 21 torde
205 469 49 14 man
271 463 58 26 dock,
346 463 34 20 vid
397 463 133 27 åberopande
547 463 21 20 af
583 464 67 25 dessa,
672 470 22 14 se
710 463 65 20 saken
791 465 74 18 nästan

38 491 63 21 altför
116 492 91 27 ensidigt
222 491 47 21 från
285 491 40 21 den
341 491 139 21 ekonomiska
495 492 143 26 synpunkten.
661 491 42 22 Det
717 491 69 21 finnes
802 491 64 21 emel-

38 520 60 20 lertid
116 527 26 14 en
158 527 70 14 annan
244 520 114 27 synpunkt,
374 520 40 21 den
431 526 46 14 som
493 520 21 20 af
529 520 25 20 hr
569 521 70 20 Walle
655 521 38 20 har
708 520 86 26 berörts,
814 520 52 20 hvil-

38 548 40 21 ken
95 548 127 21 åtminstone
237 548 33 20 för
284 548 43 27 mig
343 550 22 18 är
381 548 159 21 bestämmande
556 549 7 20 i
579 549 70 21 denna
659 549 65 27 fråga,
740 548 39 21 och
792 548 36 20 det
838 550 28 24 är,

38 577 24 20 sä
84 578 29 20 att
128 579 56 25 säga,
207 577 40 21 den
263 578 48 19 rent
325 577 78 20 sociala
419 577 143 27 synpunkten.
593 578 190 26 Nödvändigheten
801 577 21 20 af
837 578 30 19 att

38 605 22 20 få
74 606 68 20 sunda
158 605 195 21 arbetarebostäder
368 607 23 19 är
405 605 47 20 icke
470 605 51 21 blott
537 612 27 14 en
584 606 59 26 fråga
659 612 34 14 om
709 608 29 18 att
753 605 71 27 hjälpa
840 605 26 20 de

38 633 96 21 enskilda
157 634 129 26 arbetarene,
309 635 50 19 utan
382 634 42 20 den
445 635 24 19 är
492 640 26 14 en
541 634 160 27 samhällsfräga
720 634 21 20 af
756 636 44 18 stor
815 634 51 20 vikt.

38 662 49 20 Alla
102 662 26 21 de
144 662 102 27 ätgärder,
262 668 50 14 man
327 662 32 20 för
374 662 133 20 närvarande
523 665 69 18 ansett
613 663 31 26 sig
659 662 84 27 skyldig
759 662 85 26 vidtaga
859 662 7 19 i

37 690 56 27 syfte
110 692 29 19 att
154 690 98 21 befordra
268 690 41 20 den
331 690 106 20 allmänna
452 690 109 26 hygienin,
583 691 73 26 tyckas
672 691 43 25 mig
730 690 54 20 blott
799 690 26 26 gå
840 690 27 26 pä

38 721 57 24 ytan,
111 718 23 21 sä
149 719 61 27 länge
226 725 49 14 man
292 719 45 20 icke
353 719 61 20 söker
429 719 72 20 att-nä
511 719 35 20 det
557 719 55 20 onda
623 719 34 20 vid
669 721 65 18 roten.
757 718 32 20 En
802 718 64 20 bland

38 747 197 21 hufvudorsakerna
258 747 29 20 till
312 747 123 26 hygieniska
459 747 199 21 missförhällanden
682 750 22 17 är
725 747 44 26 just
785 746 81 20 osunda

39 775 103 26 bostäder,
158 776 39 20 och
214 782 33 14 om
264 775 35 21 det
314 775 63 21 ocksä
392 775 67 27 gäller
476 782 34 14 om
530 776 99 20 bostäder
643 776 7 20 i
666 776 114 20 allmänhet
796 776 28 19 att
840 774 26 20 de

38 804 47 20 icke
108 806 35 18 äro
165 804 49 20 fullt
236 804 131 26 hygieniska,
389 804 23 20 sä
427 804 68 20 måste
511 804 35 20 det
562 804 98 20 särskildt
676 804 104 20 erkännas
796 805 29 18 att
840 803 26 20 de

39 832 103 26 bostäder,
158 832 6 20 i
180 832 70 20 hvilka
267 832 40 20 den
323 832 114 20 arbetande
454 832 84 20 klassen
554 832 6 20 i
577 832 26 21 de
619 832 60 20 flesta
701 832 70 20 städer
786 831 80 27 nödgas

39 860 113 28 uppehålla
167 860 37 27 sig,
220 862 34 18 äro
271 860 84 20 absolut
369 860 23 20 så
410 860 109 21 stridande
542 863 44 18 mot
602 861 29 20 alt
646 860 54 21 hvad
716 860 31 20 till
763 860 39 20 och
818 859 48 21 med

39 888 41 21 den
103 888 123 28 lindrigaste
248 889 86 26 hygieni
358 888 89 27 kräfver,
472 891 30 18 att
517 889 35 20 det
568 891 23 18 är
607 896 25 13 en
649 891 44 18 stor
707 888 39 21 och
761 888 106 20 manande

39 917 183 27 samhällsuppgift
244 919 29 18 att
295 917 52 20 söka
367 917 136 27 undanrödja
526 917 57 21 detta
605 917 60 20 onda.
696 916 38 21 Om
751 916 74 20 därvid
841 922 27 14 en

39 946 52 20 eller
106 952 70 14 annan
192 945 69 21 skulle
276 945 73 21 kunna
364 947 51 25 göra
430 946 33 27 sig
480 952 26 14 en
522 945 129 28 oberättigad
668 946 56 19 vinst
737 945 51 20 eller
799 945 69 26 någon

38 974 84 20 mindre
145 974 124 21 ekonomisk
293 974 111 26 olägenhet
427 974 86 21 komme
537 976 30 18 att
587 981 56 20 yppa
657 974 32 27 sig
705 973 34 20 vid
755 974 113 25 systemets

39 1002 173 27 genomförande,
227 1002 55 20 lärer
297 1002 57 21 detta
370 1009 49 14 vara
435 1003 22 19 af
473 1003 94 26 oändligt
582 1002 86 27 mycket
683 1001 82 21 mindre
781 1001 45 20 vikt
842 1003 27 18 än

39 1030 116 21 ernåendet
176 1031 21 20 af
218 1030 63 27 syftet
302 1032 29 19 att
353 1031 85 20 komma
455 1031 33 26 sig
503 1031 31 20 till
551 1033 29 18 ett
595 1030 121 27 tillräckligt
731 1029 57 21 antal
804 1029 65 20 ända-

39 1059 124 26 målsenliga
184 1059 40 20 och
246 1059 69 20 sunda
333 1059 201 20 arbetarebostäder.
565 1059 41 26 Jag
622 1061 43 18 tror
680 1057 61 22 också
758 1059 30 18 att
802 1057 67 20 resul-

40 1089 52 18 tatet
114 1087 53 20 skall
191 1087 60 20 ställa
267 1087 32 26 sig
314 1087 61 20 äfven
392 1087 45 20 från
456 1087 125 20 ekonomisk
597 1087 108 26 synpunkt
721 1085 80 28 ganska
816 1091 54 21 gyn-

39 1117 61 24 samt,
123 1115 27 20 då
172 1122 50 13 man
242 1116 23 26 ju
286 1115 67 20 måste
375 1122 51 13 anse
442 1117 31 18 att
490 1116 40 20 den
546 1115 113 27 besparing
675 1121 48 14 man
739 1114 42 20 kan
797 1115 51 26 göra
863 1113 7 20 i

40 1143 122 27 hygieniskt
184 1143 120 21 hänseende
328 1143 51 20 skall
405 1143 124 28 tillräckligt
551 1145 97 25 uppväga
669 1143 40 20 den
731 1142 139 21 ekonomiska

41 1171 153 28 uppoffringen,
210 1178 33 14 om
259 1178 49 14 man
325 1172 62 20 också
403 1172 46 20 icke
467 1172 35 20 vill
519 1172 42 20 tala
577 1179 34 12 om
623 1172 41 20 den
675 1174 56 17 stora
742 1171 62 22 vinst,
820 1176 49 14 man

39 1200 80 20 erhölle
135 1200 5 20 i
158 1200 54 20 ökad
234 1200 126 20 arbetskraft
383 1201 38 19 och
438 1200 119 27 besparade
573 1200 86 27 utgifter
674 1200 32 20 för
722 1198 109 21 underhåll
850 1197 21 21 af

40 1229 62 26 sjuka
117 1229 38 20 och
172 1229 93 26 vanföra,
281 1228 128 27 ålderstigna
425 1229 40 20 och
481 1229 33 20 för
529 1229 61 26 tidigt
606 1228 75 21 brutna
697 1233 105 22 personer.
829 1226 41 27 Jag

41 1257 37 20 ber
93 1259 29 18 att
137 1257 21 20 få
173 1257 105 26 tillstyrka
293 1257 127 26 petitionens
436 1257 163 26 godkännande.

110 1324 32 21 Hr
157 1324 106 21 Heikel:
294 1321 70 24 Äfven
380 1325 35 26 jag
430 1324 44 20 kan
490 1324 46 21 icke
557 1324 110 20 underlåta
683 1326 30 17 att
728 1323 6 20 i
750 1321 120 22 hufvudsak

42 1353 74 20 förena
131 1353 44 27 mig
190 1353 48 20 med
255 1353 40 20 den
320 1353 63 20 ärade
399 1353 147 26 petitionären.
577 1352 73 20 Redan
667 1351 26 21 då
707 1351 117 27 petitionen
840 1355 32 14 re-

42 1382 123 20 mitterades
187 1381 32 21 till
237 1381 108 26 utskottet,
368 1383 37 25 tog
419 1382 37 26 jag
472 1381 43 27 mig
531 1381 90 21 friheten
637 1380 116 25 framhålla,
776 1380 30 18 att
822 1378 50 20 den-

41 1416 81 14 samma
138 1412 22 18 är
176 1410 20 20 af
212 1410 39 20 den
268 1409 145 21 beskaffenhet
429 1411 31 19 att
479 1410 39 20 den
535 1409 38 21 bör
588 1408 116 21 behandlas
719 1406 48 22 med
781 1406 28 20 all
819 1406 53 26 möj-

41 1438 30 26 lig
93 1438 87 26 hänsyn.
211 1438 41 26 Jag
274 1438 39 20 har
327 1438 47 20 icke
390 1438 21 20 af
427 1437 43 21 den
487 1438 126 22 diskussion,
633 1443 44 14 som
692 1435 106 27 förelupit,
821 1434 52 21 eller

41 1466 21 20 af
78 1466 108 20 allmänna
201 1466 199 20 besvärsutskottets
416 1466 136 20 betänkande
568 1466 82 19 kunnat
665 1465 84 20 komma
760 1463 30 20 till
802 1462 71 27 någon

40 1500 73 14 annan
129 1494 59 20 åsikt.
212 1494 81 27 Frågan
310 1496 23 18 är
348 1494 21 20 af
384 1494 40 20 den
441 1496 58 18 stora
515 1493 109 27 betydelse
639 1493 46 20 icke
702 1492 53 20 blott
765 1491 33 21 för
808 1491 66 26 några
