<?xml version="1.0" encoding="UTF-8"?>
<alto xmlns="http://www.loc.gov/standards/alto/ns-v3#" xmlns:xlink="http://www.w3.org/1999/xlink" xmlns:xsi="http://www.w3.org/2001/XMLSchema-instance" xsi:schemaLocation="http://www.loc.gov/standards/alto/ns-v3# http://www.loc.gov/alto/v3/alto-3-0.xsd">
	<Description>
		<MeasurementUnit>pixel</MeasurementUnit>
		<sourceImageInformation>
			<fileName>/tmp/tess_a3r4a768_input.PNG</fileName>
		</sourceImageInformation>
		<OCRProcessing ID="OCR_0">
			<ocrProcessingStep>
				<processingSoftware>
					<softwareName>tesseract 5.3.4</softwareName>
				</processingSoftware>
			</ocrProcessingStep>
		</OCRProcessing>
	</Description>
	<Layout>
		<Page WIDTH="1017" HEIGHT="1731" PHYSICAL_IMG_NR="0" ID="page_0">
			<PrintSpace HPOS="0" VPOS="0" WIDTH="1017" HEIGHT="1731">
				<ComposedBlock ID="cblock_0" HPOS="264" VPOS="100" WIDTH="572" HEIGHT="24">
					<TextBlock ID="block_0" HPOS="264" VPOS="100" WIDTH="572" HEIGHT="24">
						<TextLine ID="line_0" HPOS="264" VPOS="100" WIDTH="572" HEIGHT="24">
							<String ID="string_0" HPOS="264" VPOS="103" WIDTH="177" HEIGHT="21" WC="0.91" CONTENT="Borgareständet"/><SP WIDTH="12" VPOS="103" HPOS="441"/>
							<String ID="string_1" HPOS="453" VPOS="103" WIDTH="52" HEIGHT="17" WC="0.94" CONTENT="1891."/><SP WIDTH="24" VPOS="103" HPOS="505"/>
							<String ID="string_2" HPOS="529" VPOS="103" WIDTH="25" HEIGHT="16" WC="0.95" CONTENT="25"/><SP WIDTH="13" VPOS="103" HPOS="554"/>
							<String ID="string_3" HPOS="567" VPOS="103" WIDTH="58" HEIGHT="21" WC="0.90" CONTENT="april."/><SP WIDTH="171" VPOS="103" HPOS="625"/>
							<String ID="string_4" HPOS="796" VPOS="100" WIDTH="40" HEIGHT="21" WC="0.94" CONTENT="755"/>
						</TextLine>
					</TextBlock>
				</ComposedBlock>
				<GraphicalElement ID="cblock_1" HPOS="43" VPOS="134" WIDTH="816" HEIGHT="8"></GraphicalElement >
				<ComposedBlock ID="cblock_2" HPOS="40" VPOS="182" WIDTH="823" HEIGHT="255">
					<TextBlock ID="block_1" HPOS="40" VPOS="182" WIDTH="823" HEIGHT="255">
						<TextLine ID="line_1" HPOS="40" VPOS="182" WIDTH="823" HEIGHT="22">
							<String ID="string_5" HPOS="40" VPOS="184" WIDTH="41" HEIGHT="19" WC="0.91" CONTENT="lius"/><SP WIDTH="20" VPOS="184" HPOS="81"/>
							<String ID="string_6" HPOS="101" VPOS="183" WIDTH="51" HEIGHT="20" WC="0.96" CONTENT="fann"/><SP WIDTH="16" VPOS="183" HPOS="152"/>
							<String ID="string_7" HPOS="168" VPOS="183" WIDTH="36" HEIGHT="20" WC="0.96" CONTENT="det"/><SP WIDTH="14" VPOS="183" HPOS="204"/>
							<String ID="string_8" HPOS="218" VPOS="189" WIDTH="50" HEIGHT="14" WC="0.96" CONTENT="vara"/><SP WIDTH="15" VPOS="189" HPOS="268"/>
							<String ID="string_9" HPOS="283" VPOS="182" WIDTH="56" HEIGHT="21" WC="0.96" CONTENT="svårt"/><SP WIDTH="14" VPOS="182" HPOS="339"/>
							<String ID="string_10" HPOS="353" VPOS="184" WIDTH="31" HEIGHT="20" WC="0.96" CONTENT="att"/><SP WIDTH="15" VPOS="184" HPOS="384"/>
							<String ID="string_11" HPOS="399" VPOS="182" WIDTH="93" HEIGHT="21" WC="0.96" CONTENT="beräkna"/><SP WIDTH="14" VPOS="182" HPOS="492"/>
							<String ID="string_12" HPOS="506" VPOS="183" WIDTH="119" HEIGHT="20" WC="0.96" CONTENT="inkomsten"/><SP WIDTH="16" VPOS="183" HPOS="625"/>
							<String ID="string_13" HPOS="641" VPOS="183" WIDTH="21" HEIGHT="21" WC="0.92" CONTENT="af"/><SP WIDTH="14" VPOS="183" HPOS="662"/>
							<String ID="string_14" HPOS="676" VPOS="183" WIDTH="134" HEIGHT="21" WC="0.91" CONTENT="maltskatten"/><SP WIDTH="17" VPOS="183" HPOS="810"/>
							<String ID="string_15" HPOS="827" VPOS="190" WIDTH="36" HEIGHT="14" WC="0.91" CONTENT="en-"/>
						</TextLine>
						<TextLine ID="line_2" HPOS="40" VPOS="211" WIDTH="822" HEIGHT="28">
							<String ID="string_16" HPOS="40" VPOS="211" WIDTH="38" HEIGHT="28" WC="0.96" CONTENT="ligt"/><SP WIDTH="20" VPOS="211" HPOS="78"/>
							<String ID="string_17" HPOS="98" VPOS="217" WIDTH="30" HEIGHT="14" WC="0.95" CONTENT="nu"/><SP WIDTH="22" VPOS="217" HPOS="128"/>
							<String ID="string_18" HPOS="150" VPOS="211" WIDTH="98" HEIGHT="27" WC="0.93" CONTENT="gällande"/><SP WIDTH="22" VPOS="211" HPOS="248"/>
							<String ID="string_19" HPOS="270" VPOS="211" WIDTH="61" HEIGHT="26" WC="0.91" CONTENT="tariff,"/><SP WIDTH="16" VPOS="211" HPOS="331"/>
							<String ID="string_20" HPOS="347" VPOS="211" WIDTH="22" HEIGHT="20" WC="0.96" CONTENT="så"/><SP WIDTH="16" VPOS="211" HPOS="369"/>
							<String ID="string_21" HPOS="385" VPOS="211" WIDTH="66" HEIGHT="27" WC="0.96" CONTENT="ansåg"/><SP WIDTH="14" VPOS="211" HPOS="451"/>
							<String ID="string_22" HPOS="465" VPOS="211" WIDTH="42" HEIGHT="21" WC="0.96" CONTENT="han"/><SP WIDTH="15" VPOS="211" HPOS="507"/>
							<String ID="string_23" HPOS="522" VPOS="211" WIDTH="35" HEIGHT="21" WC="0.95" CONTENT="det"/><SP WIDTH="16" VPOS="211" HPOS="557"/>
							<String ID="string_24" HPOS="573" VPOS="211" WIDTH="95" HEIGHT="21" WC="0.96" CONTENT="däremot"/><SP WIDTH="15" VPOS="211" HPOS="668"/>
							<String ID="string_25" HPOS="683" VPOS="218" WIDTH="49" HEIGHT="14" WC="0.93" CONTENT="vara"/><SP WIDTH="16" VPOS="218" HPOS="732"/>
							<String ID="string_26" HPOS="748" VPOS="211" WIDTH="62" HEIGHT="21" WC="0.92" CONTENT="altför"/><SP WIDTH="14" VPOS="211" HPOS="810"/>
							<String ID="string_27" HPOS="824" VPOS="211" WIDTH="38" HEIGHT="22" WC="0.96" CONTENT="lätt"/>
						</TextLine>
						<TextLine ID="line_3" HPOS="40" VPOS="239" WIDTH="822" HEIGHT="28">
							<String ID="string_28" HPOS="40" VPOS="242" WIDTH="30" HEIGHT="19" WC="0.96" CONTENT="att"/><SP WIDTH="15" VPOS="242" HPOS="70"/>
							<String ID="string_29" HPOS="85" VPOS="239" WIDTH="91" HEIGHT="21" WC="0.95" CONTENT="beräkna"/><SP WIDTH="21" VPOS="239" HPOS="176"/>
							<String ID="string_30" HPOS="197" VPOS="239" WIDTH="41" HEIGHT="21" WC="0.96" CONTENT="den"/><SP WIDTH="15" VPOS="239" HPOS="238"/>
							<String ID="string_31" HPOS="253" VPOS="239" WIDTH="53" HEIGHT="21" WC="0.96" CONTENT="efter"/><SP WIDTH="14" VPOS="239" HPOS="306"/>
							<String ID="string_32" HPOS="320" VPOS="239" WIDTH="49" HEIGHT="21" WC="0.96" CONTENT="med"/><SP WIDTH="16" VPOS="239" HPOS="369"/>
							<String ID="string_33" HPOS="385" VPOS="239" WIDTH="63" HEIGHT="26" WC="0.64" CONTENT="50%,"/><SP WIDTH="15" VPOS="239" HPOS="448"/>
							<String ID="string_34" HPOS="463" VPOS="239" WIDTH="83" HEIGHT="28" WC="0.93" CONTENT="förhöjd"/><SP WIDTH="15" VPOS="239" HPOS="546"/>
							<String ID="string_35" HPOS="561" VPOS="239" WIDTH="65" HEIGHT="28" WC="0.90" CONTENT="afgift."/><SP WIDTH="30" VPOS="239" HPOS="626"/>
							<String ID="string_36" HPOS="656" VPOS="239" WIDTH="34" HEIGHT="21" WC="0.93" CONTENT="En"/><SP WIDTH="14" VPOS="239" HPOS="690"/>
							<String ID="string_37" HPOS="704" VPOS="240" WIDTH="121" HEIGHT="27" WC="0.95" CONTENT="förhöjning"/><SP WIDTH="15" VPOS="240" HPOS="825"/>
							<String ID="string_38" HPOS="840" VPOS="240" WIDTH="22" HEIGHT="21" WC="0.96" CONTENT="af"/>
						</TextLine>
						<TextLine ID="line_4" HPOS="40" VPOS="267" WIDTH="822" HEIGHT="28">
							<String ID="string_39" HPOS="40" VPOS="267" WIDTH="87" HEIGHT="28" WC="0.92" CONTENT="afgiften"/><SP WIDTH="15" VPOS="267" HPOS="127"/>
							<String ID="string_40" HPOS="142" VPOS="268" WIDTH="38" HEIGHT="21" WC="0.96" CONTENT="har"/><SP WIDTH="15" VPOS="268" HPOS="180"/>
							<String ID="string_41" HPOS="195" VPOS="267" WIDTH="132" HEIGHT="28" WC="0.96" CONTENT="naturligtvis"/><SP WIDTH="16" VPOS="267" HPOS="327"/>
							<String ID="string_42" HPOS="343" VPOS="267" WIDTH="58" HEIGHT="21" WC="0.96" CONTENT="alltid"/><SP WIDTH="16" VPOS="267" HPOS="401"/>
							<String ID="string_43" HPOS="417" VPOS="268" WIDTH="31" HEIGHT="20" WC="0.96" CONTENT="till"/><SP WIDTH="16" VPOS="268" HPOS="448"/>
							<String ID="string_44" HPOS="464" VPOS="268" WIDTH="51" HEIGHT="27" WC="0.96" CONTENT="följd"/><SP WIDTH="16" VPOS="268" HPOS="515"/>
							<String ID="string_45" HPOS="531" VPOS="269" WIDTH="30" HEIGHT="20" WC="0.96" CONTENT="att"/><SP WIDTH="14" VPOS="269" HPOS="561"/>
							<String ID="string_46" HPOS="575" VPOS="268" WIDTH="163" HEIGHT="21" WC="0.96" CONTENT="konsumtionen"/><SP WIDTH="16" VPOS="268" HPOS="738"/>
							<String ID="string_47" HPOS="754" VPOS="275" WIDTH="46" HEIGHT="14" WC="0.96" CONTENT="mer"/><SP WIDTH="11" VPOS="275" HPOS="800"/>
							<String ID="string_48" HPOS="811" VPOS="268" WIDTH="51" HEIGHT="21" WC="0.94" CONTENT="eller"/>
						</TextLine>
						<TextLine ID="line_5" HPOS="40" VPOS="296" WIDTH="822" HEIGHT="27">
							<String ID="string_49" HPOS="40" VPOS="296" WIDTH="82" HEIGHT="21" WC="0.93" CONTENT="mindre"/><SP WIDTH="23" VPOS="296" HPOS="122"/>
							<String ID="string_50" HPOS="145" VPOS="296" WIDTH="84" HEIGHT="27" WC="0.90" CONTENT="aftager."/><SP WIDTH="31" VPOS="296" HPOS="229"/>
							<String ID="string_51" HPOS="260" VPOS="296" WIDTH="106" HEIGHT="21" WC="0.95" CONTENT="Utskottet"/><SP WIDTH="19" VPOS="296" HPOS="366"/>
							<String ID="string_52" HPOS="385" VPOS="296" WIDTH="38" HEIGHT="21" WC="0.95" CONTENT="har"/><SP WIDTH="15" VPOS="296" HPOS="423"/>
							<String ID="string_53" HPOS="438" VPOS="297" WIDTH="63" HEIGHT="20" WC="0.96" CONTENT="också"/><SP WIDTH="15" VPOS="297" HPOS="501"/>
							<String ID="string_54" HPOS="516" VPOS="296" WIDTH="69" HEIGHT="21" WC="0.96" CONTENT="såsom"/><SP WIDTH="16" VPOS="296" HPOS="585"/>
							<String ID="string_55" HPOS="601" VPOS="303" WIDTH="26" HEIGHT="14" WC="0.96" CONTENT="en"/><SP WIDTH="16" VPOS="303" HPOS="627"/>
							<String ID="string_56" HPOS="643" VPOS="297" WIDTH="115" HEIGHT="26" WC="0.96" CONTENT="anledning"/><SP WIDTH="15" VPOS="297" HPOS="758"/>
							<String ID="string_57" HPOS="773" VPOS="297" WIDTH="32" HEIGHT="20" WC="0.96" CONTENT="till"/><SP WIDTH="15" VPOS="297" HPOS="805"/>
							<String ID="string_58" HPOS="820" VPOS="297" WIDTH="42" HEIGHT="21" WC="0.96" CONTENT="den"/>
						</TextLine>
						<TextLine ID="line_6" HPOS="40" VPOS="324" WIDTH="822" HEIGHT="28">
							<String ID="string_59" HPOS="40" VPOS="324" WIDTH="118" HEIGHT="28" WC="0.96" CONTENT="föreslagna"/><SP WIDTH="22" VPOS="324" HPOS="158"/>
							<String ID="string_60" HPOS="180" VPOS="325" WIDTH="146" HEIGHT="27" WC="0.95" CONTENT="förhöjningen"/><SP WIDTH="16" VPOS="325" HPOS="326"/>
							<String ID="string_61" HPOS="342" VPOS="325" WIDTH="115" HEIGHT="20" WC="0.96" CONTENT="framhållit"/><SP WIDTH="14" VPOS="325" HPOS="457"/>
							<String ID="string_62" HPOS="471" VPOS="327" WIDTH="30" HEIGHT="19" WC="0.93" CONTENT="att"/><SP WIDTH="15" VPOS="327" HPOS="501"/>
							<String ID="string_63" HPOS="516" VPOS="325" WIDTH="186" HEIGHT="21" WC="0.91" CONTENT="ölkonsumtionen"/><SP WIDTH="15" VPOS="325" HPOS="702"/>
							<String ID="string_64" HPOS="717" VPOS="325" WIDTH="39" HEIGHT="21" WC="0.93" CONTENT="och"/><SP WIDTH="14" VPOS="325" HPOS="756"/>
							<String ID="string_65" HPOS="770" VPOS="325" WIDTH="92" HEIGHT="21" WC="0.92" CONTENT="fabrika-"/>
						</TextLine>
						<TextLine ID="line_7" HPOS="41" VPOS="353" WIDTH="821" HEIGHT="28">
							<String ID="string_66" HPOS="41" VPOS="353" WIDTH="71" HEIGHT="21" WC="0.96" CONTENT="tionen"/><SP WIDTH="24" VPOS="353" HPOS="112"/>
							<String ID="string_67" HPOS="136" VPOS="353" WIDTH="121" HEIGHT="27" WC="0.92" CONTENT="därigenom"/><SP WIDTH="23" VPOS="353" HPOS="257"/>
							<String ID="string_68" HPOS="280" VPOS="353" WIDTH="68" HEIGHT="21" WC="0.92" CONTENT="skulle"/><SP WIDTH="23" VPOS="353" HPOS="348"/>
							<String ID="string_69" HPOS="371" VPOS="353" WIDTH="76" HEIGHT="27" WC="0.88" CONTENT="aftaga,"/><SP WIDTH="22" VPOS="353" HPOS="447"/>
							<String ID="string_70" HPOS="469" VPOS="353" WIDTH="39" HEIGHT="21" WC="0.96" CONTENT="och"/><SP WIDTH="23" VPOS="353" HPOS="508"/>
							<String ID="string_71" HPOS="531" VPOS="353" WIDTH="27" HEIGHT="21" WC="0.96" CONTENT="då"/><SP WIDTH="22" VPOS="353" HPOS="558"/>
							<String ID="string_72" HPOS="580" VPOS="355" WIDTH="23" HEIGHT="19" WC="0.96" CONTENT="är"/><SP WIDTH="15" VPOS="355" HPOS="603"/>
							<String ID="string_73" HPOS="618" VPOS="360" WIDTH="49" HEIGHT="14" WC="0.96" CONTENT="man"/><SP WIDTH="16" VPOS="360" HPOS="667"/>
							<String ID="string_74" HPOS="683" VPOS="353" WIDTH="46" HEIGHT="21" WC="0.96" CONTENT="icke"/><SP WIDTH="16" VPOS="353" HPOS="729"/>
							<String ID="string_75" HPOS="745" VPOS="354" WIDTH="117" HEIGHT="27" WC="0.96" CONTENT="berättigad"/>
						</TextLine>
						<TextLine ID="line_8" HPOS="41" VPOS="382" WIDTH="821" HEIGHT="27">
							<String ID="string_76" HPOS="41" VPOS="383" WIDTH="29" HEIGHT="19" WC="0.96" CONTENT="att"/><SP WIDTH="22" VPOS="383" HPOS="70"/>
							<String ID="string_77" HPOS="92" VPOS="384" WIDTH="81" HEIGHT="24" WC="0.95" CONTENT="antaga,"/><SP WIDTH="21" VPOS="384" HPOS="173"/>
							<String ID="string_78" HPOS="194" VPOS="383" WIDTH="30" HEIGHT="19" WC="0.95" CONTENT="att"/><SP WIDTH="21" VPOS="383" HPOS="224"/>
							<String ID="string_79" HPOS="245" VPOS="388" WIDTH="26" HEIGHT="14" WC="0.95" CONTENT="en"/><SP WIDTH="25" VPOS="388" HPOS="271"/>
							<String ID="string_80" HPOS="296" VPOS="382" WIDTH="25" HEIGHT="20" WC="0.95" CONTENT="50"/><SP WIDTH="24" VPOS="382" HPOS="321"/>
							<String ID="string_81" HPOS="345" VPOS="384" WIDTH="97" HEIGHT="25" WC="0.96" CONTENT="procents"/><SP WIDTH="15" VPOS="384" HPOS="442"/>
							<String ID="string_82" HPOS="457" VPOS="382" WIDTH="120" HEIGHT="27" WC="0.96" CONTENT="förhöjning"/><SP WIDTH="15" VPOS="382" HPOS="577"/>
							<String ID="string_83" HPOS="592" VPOS="382" WIDTH="21" HEIGHT="20" WC="0.93" CONTENT="af"/><SP WIDTH="15" VPOS="382" HPOS="613"/>
							<String ID="string_84" HPOS="628" VPOS="382" WIDTH="156" HEIGHT="27" WC="0.92" CONTENT="skatteafgiften"/><SP WIDTH="16" VPOS="382" HPOS="784"/>
							<String ID="string_85" HPOS="800" VPOS="382" WIDTH="62" HEIGHT="22" WC="0.96" CONTENT="äfven"/>
						</TextLine>
						<TextLine ID="line_9" HPOS="41" VPOS="410" WIDTH="426" HEIGHT="27">
							<String ID="string_86" HPOS="41" VPOS="410" WIDTH="52" HEIGHT="21" WC="0.96" CONTENT="skall"/><SP WIDTH="15" VPOS="410" HPOS="93"/>
							<String ID="string_87" HPOS="108" VPOS="410" WIDTH="74" HEIGHT="21" WC="0.96" CONTENT="föröka"/><SP WIDTH="15" VPOS="410" HPOS="182"/>
							<String ID="string_88" HPOS="197" VPOS="410" WIDTH="120" HEIGHT="21" WC="0.96" CONTENT="inkomsten"/><SP WIDTH="15" VPOS="410" HPOS="317"/>
							<String ID="string_89" HPOS="332" VPOS="410" WIDTH="48" HEIGHT="21" WC="0.96" CONTENT="med"/><SP WIDTH="17" VPOS="410" HPOS="380"/>
							<String ID="string_90" HPOS="397" VPOS="410" WIDTH="26" HEIGHT="21" WC="0.93" CONTENT="50"/><SP WIDTH="10" VPOS="410" HPOS="423"/>
							<String ID="string_91" HPOS="433" VPOS="411" WIDTH="34" HEIGHT="26" WC="0.42" CONTENT="&quot;/,."/>
						</TextLine>
					</TextBlock>
				</ComposedBlock>
				<ComposedBlock ID="cblock_3" HPOS="42" VPOS="472" WIDTH="820" HEIGHT="113">
					<TextBlock ID="block_2" HPOS="42" VPOS="472" WIDTH="820" HEIGHT="113">
						<TextLine ID="line_10" HPOS="110" VPOS="472" WIDTH="752" HEIGHT="27">
							<String ID="string_92" HPOS="110" VPOS="473" WIDTH="68" HEIGHT="20" WC="0.96" CONTENT="Sedan"/><SP WIDTH="23" VPOS="473" HPOS="178"/>
							<String ID="string_93" HPOS="201" VPOS="473" WIDTH="147" HEIGHT="20" WC="0.93" CONTENT="diskussionen"/><SP WIDTH="23" VPOS="473" HPOS="348"/>
							<String ID="string_94" HPOS="371" VPOS="472" WIDTH="50" HEIGHT="21" WC="0.91" CONTENT="härå"/><SP WIDTH="22" VPOS="472" HPOS="421"/>
							<String ID="string_95" HPOS="443" VPOS="472" WIDTH="111" HEIGHT="21" WC="0.93" CONTENT="förklarats"/><SP WIDTH="21" VPOS="472" HPOS="554"/>
							<String ID="string_96" HPOS="575" VPOS="473" WIDTH="97" HEIGHT="26" WC="0.92" CONTENT="afslutad,"/><SP WIDTH="23" VPOS="473" HPOS="672"/>
							<String ID="string_97" HPOS="695" VPOS="473" WIDTH="121" HEIGHT="20" WC="0.92" CONTENT="framstälde"/><SP WIDTH="21" VPOS="473" HPOS="816"/>
							<String ID="string_98" HPOS="837" VPOS="473" WIDTH="25" HEIGHT="20" WC="0.95" CONTENT="hr"/>
						</TextLine>
						<TextLine ID="line_11" HPOS="42" VPOS="501" WIDTH="820" HEIGHT="28">
							<String ID="string_99" HPOS="42" VPOS="501" WIDTH="121" HEIGHT="21" WC="0.96" CONTENT="talmannen"/><SP WIDTH="22" VPOS="501" HPOS="163"/>
							<String ID="string_100" HPOS="185" VPOS="501" WIDTH="31" HEIGHT="21" WC="0.91" CONTENT="till"/><SP WIDTH="21" VPOS="501" HPOS="216"/>
							<String ID="string_101" HPOS="237" VPOS="501" WIDTH="53" HEIGHT="21" WC="0.96" CONTENT="först"/><SP WIDTH="21" VPOS="501" HPOS="290"/>
							<String ID="string_102" HPOS="311" VPOS="507" WIDTH="27" HEIGHT="15" WC="0.95" CONTENT="en"/><SP WIDTH="15" VPOS="507" HPOS="338"/>
							<String ID="string_103" HPOS="353" VPOS="501" WIDTH="23" HEIGHT="21" WC="0.96" CONTENT="så"/><SP WIDTH="14" VPOS="501" HPOS="376"/>
							<String ID="string_104" HPOS="390" VPOS="501" WIDTH="94" HEIGHT="27" WC="0.93" CONTENT="lydande"/><SP WIDTH="15" VPOS="501" HPOS="484"/>
							<String ID="string_105" HPOS="499" VPOS="501" WIDTH="269" HEIGHT="28" WC="0.92" CONTENT="omröstningsproposition"/><SP WIDTH="17" VPOS="501" HPOS="768"/>
							<String ID="string_106" HPOS="785" VPOS="501" WIDTH="77" HEIGHT="21" WC="0.91" CONTENT="beträf-"/>
						</TextLine>
						<TextLine ID="line_12" HPOS="42" VPOS="530" WIDTH="820" HEIGHT="27">
							<String ID="string_107" HPOS="42" VPOS="530" WIDTH="61" HEIGHT="20" WC="0.91" CONTENT="fande"/><SP WIDTH="16" VPOS="530" HPOS="103"/>
							<String ID="string_108" HPOS="119" VPOS="530" WIDTH="41" HEIGHT="20" WC="0.96" CONTENT="den"/><SP WIDTH="15" VPOS="530" HPOS="160"/>
							<String ID="string_109" HPOS="175" VPOS="530" WIDTH="21" HEIGHT="20" WC="0.96" CONTENT="af"/><SP WIDTH="15" VPOS="530" HPOS="196"/>
							<String ID="string_110" HPOS="211" VPOS="530" WIDTH="25" HEIGHT="20" WC="0.93" CONTENT="hr"/><SP WIDTH="14" VPOS="530" HPOS="236"/>
							<String ID="string_111" HPOS="250" VPOS="530" WIDTH="76" HEIGHT="20" WC="0.92" CONTENT="Heikel"/><SP WIDTH="15" VPOS="530" HPOS="326"/>
							<String ID="string_112" HPOS="341" VPOS="530" WIDTH="125" HEIGHT="27" WC="0.96" CONTENT="föreslagna,"/><SP WIDTH="15" VPOS="530" HPOS="466"/>
							<String ID="string_113" HPOS="481" VPOS="530" WIDTH="47" HEIGHT="20" WC="0.96" CONTENT="från"/><SP WIDTH="11" VPOS="530" HPOS="528"/>
							<String ID="string_114" HPOS="539" VPOS="530" WIDTH="111" HEIGHT="21" WC="0.96" CONTENT="utskottets"/><SP WIDTH="11" VPOS="530" HPOS="650"/>
							<String ID="string_115" HPOS="661" VPOS="530" WIDTH="78" HEIGHT="27" WC="0.93" CONTENT="förslag"/><SP WIDTH="10" VPOS="530" HPOS="739"/>
							<String ID="string_116" HPOS="749" VPOS="530" WIDTH="113" HEIGHT="20" WC="0.90" CONTENT="afvikande"/>
						</TextLine>
						<TextLine ID="line_13" HPOS="42" VPOS="558" WIDTH="409" HEIGHT="27">
							<String ID="string_117" HPOS="42" VPOS="558" WIDTH="80" HEIGHT="27" WC="0.96" CONTENT="ingress"/><SP WIDTH="15" VPOS="558" HPOS="122"/>
							<String ID="string_118" HPOS="137" VPOS="558" WIDTH="31" HEIGHT="21" WC="0.96" CONTENT="till"/><SP WIDTH="16" VPOS="558" HPOS="168"/>
							<String ID="string_119" HPOS="184" VPOS="558" WIDTH="149" HEIGHT="27" WC="0.96" CONTENT="förordningen"/><SP WIDTH="16" VPOS="558" HPOS="333"/>
							<String ID="string_120" HPOS="349" VPOS="558" WIDTH="6" HEIGHT="20" WC="0.96" CONTENT="i"/><SP WIDTH="16" VPOS="558" HPOS="355"/>
							<String ID="string_121" HPOS="371" VPOS="560" WIDTH="80" HEIGHT="18" WC="0.96" CONTENT="ämnet:"/>
						</TextLine>
					</TextBlock>
				</ComposedBlock>
				<ComposedBlock ID="cblock_4" HPOS="42" VPOS="620" WIDTH="822" HEIGHT="141">
					<TextBlock ID="block_3" HPOS="42" VPOS="620" WIDTH="821" HEIGHT="85">
						<TextLine ID="line_14" HPOS="111" VPOS="620" WIDTH="751" HEIGHT="28">
							<String ID="string_122" HPOS="111" VPOS="620" WIDTH="39" HEIGHT="27" WC="0.95" CONTENT="De,"/><SP WIDTH="22" VPOS="620" HPOS="150"/>
							<String ID="string_123" HPOS="172" VPOS="620" WIDTH="74" HEIGHT="21" WC="0.96" CONTENT="hvilka"/><SP WIDTH="21" VPOS="620" HPOS="246"/>
							<String ID="string_124" HPOS="267" VPOS="620" WIDTH="116" HEIGHT="28" WC="0.96" CONTENT="godkänna"/><SP WIDTH="15" VPOS="620" HPOS="383"/>
							<String ID="string_125" HPOS="398" VPOS="620" WIDTH="42" HEIGHT="21" WC="0.96" CONTENT="den"/><SP WIDTH="15" VPOS="620" HPOS="440"/>
							<String ID="string_126" HPOS="455" VPOS="620" WIDTH="28" HEIGHT="27" WC="0.96" CONTENT="af"/><SP WIDTH="12" VPOS="620" HPOS="483"/>
							<String ID="string_127" HPOS="495" VPOS="620" WIDTH="101" HEIGHT="21" WC="0.96" CONTENT="utskottet"/><SP WIDTH="14" VPOS="620" HPOS="596"/>
							<String ID="string_128" HPOS="610" VPOS="620" WIDTH="125" HEIGHT="28" WC="0.96" CONTENT="föreslagna"/><SP WIDTH="8" VPOS="620" HPOS="735"/>
							<String ID="string_129" HPOS="743" VPOS="621" WIDTH="119" HEIGHT="32" WC="0.96" CONTENT="ingressen"/>
						</TextLine>
						<TextLine ID="line_15" HPOS="44" VPOS="648" WIDTH="819" HEIGHT="29">
							<String ID="string_130" HPOS="44" VPOS="649" WIDTH="33" HEIGHT="21" WC="0.96" CONTENT="till"/><SP WIDTH="14" VPOS="649" HPOS="77"/>
							<String ID="string_131" HPOS="91" VPOS="649" WIDTH="157" HEIGHT="27" WC="0.96" CONTENT="förordningen"/><SP WIDTH="16" VPOS="649" HPOS="248"/>
							<String ID="string_132" HPOS="264" VPOS="656" WIDTH="35" HEIGHT="14" WC="0.93" CONTENT="om"/><SP WIDTH="16" VPOS="656" HPOS="299"/>
							<String ID="string_133" HPOS="315" VPOS="649" WIDTH="118" HEIGHT="27" WC="0.90" CONTENT="bevillning"/><SP WIDTH="16" VPOS="649" HPOS="433"/>
							<String ID="string_134" HPOS="449" VPOS="648" WIDTH="36" HEIGHT="28" WC="0.93" CONTENT="för"/><SP WIDTH="14" VPOS="648" HPOS="485"/>
							<String ID="string_135" HPOS="499" VPOS="649" WIDTH="150" HEIGHT="27" WC="0.90" CONTENT="maltdrycker,"/><SP WIDTH="17" VPOS="649" HPOS="649"/>
							<String ID="string_136" HPOS="666" VPOS="651" WIDTH="58" HEIGHT="19" WC="0.96" CONTENT="rösta"/><SP WIDTH="9" VPOS="651" HPOS="724"/>
							<String ID="string_137" HPOS="733" VPOS="650" WIDTH="39" HEIGHT="27" WC="0.96" CONTENT="ja;"/><SP WIDTH="12" VPOS="650" HPOS="772"/>
							<String ID="string_138" HPOS="784" VPOS="650" WIDTH="30" HEIGHT="26" WC="0.96" CONTENT="de,"/><SP WIDTH="14" VPOS="650" HPOS="814"/>
							<String ID="string_139" HPOS="828" VPOS="649" WIDTH="35" HEIGHT="21" WC="0.96" CONTENT="det"/>
						</TextLine>
						<TextLine ID="line_16" HPOS="42" VPOS="678" WIDTH="250" HEIGHT="27">
							<String ID="string_140" HPOS="42" VPOS="678" WIDTH="44" HEIGHT="20" WC="0.95" CONTENT="icke"/><SP WIDTH="13" VPOS="678" HPOS="86"/>
							<String ID="string_141" HPOS="99" VPOS="680" WIDTH="60" HEIGHT="30" WC="0.96" CONTENT="göra,"/><SP WIDTH="15" VPOS="680" HPOS="159"/>
							<String ID="string_142" HPOS="174" VPOS="679" WIDTH="59" HEIGHT="19" WC="0.96" CONTENT="rösta"/><SP WIDTH="10" VPOS="679" HPOS="233"/>
							<String ID="string_143" HPOS="243" VPOS="677" WIDTH="49" HEIGHT="32" WC="0.76" CONTENT="Nej;"/>
						</TextLine>
					</TextBlock>
					<TextBlock ID="block_4" HPOS="44" VPOS="706" WIDTH="820" HEIGHT="55">
						<TextLine ID="line_17" HPOS="110" VPOS="706" WIDTH="754" HEIGHT="28">
							<String ID="string_144" HPOS="110" VPOS="706" WIDTH="79" HEIGHT="20" WC="0.92" CONTENT="vinner"/><SP WIDTH="21" VPOS="706" HPOS="189"/>
							<String ID="string_145" HPOS="210" VPOS="706" WIDTH="42" HEIGHT="27" WC="0.95" CONTENT="nej,"/><SP WIDTH="21" VPOS="706" HPOS="252"/>
							<String ID="string_146" HPOS="273" VPOS="706" WIDTH="42" HEIGHT="20" WC="0.93" CONTENT="har"/><SP WIDTH="15" VPOS="706" HPOS="315"/>
							<String ID="string_147" HPOS="330" VPOS="706" WIDTH="176" HEIGHT="27" WC="0.92" CONTENT="borgareständet"/><SP WIDTH="13" VPOS="706" HPOS="506"/>
							<String ID="string_148" HPOS="519" VPOS="706" WIDTH="121" HEIGHT="28" WC="0.92" CONTENT="föredragit"/><SP WIDTH="14" VPOS="706" HPOS="640"/>
							<String ID="string_149" HPOS="654" VPOS="706" WIDTH="41" HEIGHT="21" WC="0.93" CONTENT="den"/><SP WIDTH="16" VPOS="706" HPOS="695"/>
							<String ID="string_150" HPOS="711" VPOS="706" WIDTH="89" HEIGHT="27" WC="0.89" CONTENT="ingress,"/><SP WIDTH="16" VPOS="706" HPOS="800"/>
							<String ID="string_151" HPOS="816" VPOS="712" WIDTH="48" HEIGHT="15" WC="0.97" CONTENT="som"/>
						</TextLine>
						<TextLine ID="line_18" HPOS="44" VPOS="734" WIDTH="251" HEIGHT="27">
							<String ID="string_152" HPOS="44" VPOS="734" WIDTH="26" HEIGHT="20" WC="0.96" CONTENT="hr"/><SP WIDTH="14" VPOS="734" HPOS="70"/>
							<String ID="string_153" HPOS="84" VPOS="734" WIDTH="77" HEIGHT="21" WC="0.93" CONTENT="Heikel"/><SP WIDTH="13" VPOS="734" HPOS="161"/>
							<String ID="string_154" HPOS="174" VPOS="734" WIDTH="121" HEIGHT="27" WC="0.92" CONTENT="föreslagit."/>
						</TextLine>
					</TextBlock>
				</ComposedBlock>
				<ComposedBlock ID="cblock_5" HPOS="43" VPOS="796" WIDTH="821" HEIGHT="199">
					<TextBlock ID="block_5" HPOS="43" VPOS="796" WIDTH="821" HEIGHT="199">
						<TextLine ID="line_19" HPOS="111" VPOS="796" WIDTH="752" HEIGHT="28">
							<String ID="string_155" HPOS="111" VPOS="797" WIDTH="160" HEIGHT="27" WC="0.95" CONTENT="Propositionen"/><SP WIDTH="23" VPOS="797" HPOS="271"/>
							<String ID="string_156" HPOS="294" VPOS="797" WIDTH="125" HEIGHT="21" WC="0.95" CONTENT="besvarades"/><SP WIDTH="24" VPOS="797" HPOS="419"/>
							<String ID="string_157" HPOS="443" VPOS="797" WIDTH="48" HEIGHT="21" WC="0.93" CONTENT="med"/><SP WIDTH="24" VPOS="797" HPOS="491"/>
							<String ID="string_158" HPOS="515" VPOS="798" WIDTH="154" HEIGHT="26" WC="0.93" CONTENT="öfvervägande"/><SP WIDTH="22" VPOS="798" HPOS="669"/>
							<String ID="string_159" HPOS="691" VPOS="798" WIDTH="41" HEIGHT="26" WC="0.96" CONTENT="nej,"/><SP WIDTH="23" VPOS="798" HPOS="732"/>
							<String ID="string_160" HPOS="755" VPOS="797" WIDTH="39" HEIGHT="21" WC="0.96" CONTENT="och"/><SP WIDTH="15" VPOS="797" HPOS="794"/>
							<String ID="string_161" HPOS="809" VPOS="796" WIDTH="54" HEIGHT="21" WC="0.96" CONTENT="hade"/>
						</TextLine>
						<TextLine ID="line_20" HPOS="43" VPOS="825" WIDTH="820" HEIGHT="27">
							<String ID="string_162" HPOS="43" VPOS="825" WIDTH="171" HEIGHT="27" WC="0.92" CONTENT="borgareständet"/><SP WIDTH="20" VPOS="825" HPOS="214"/>
							<String ID="string_163" HPOS="234" VPOS="825" WIDTH="87" HEIGHT="27" WC="0.91" CONTENT="säledes,"/><SP WIDTH="21" VPOS="825" HPOS="321"/>
							<String ID="string_164" HPOS="342" VPOS="826" WIDTH="47" HEIGHT="20" WC="0.93" CONTENT="med"/><SP WIDTH="24" VPOS="826" HPOS="389"/>
							<String ID="string_165" HPOS="413" VPOS="826" WIDTH="135" HEIGHT="20" WC="0.92" CONTENT="förkastande"/><SP WIDTH="21" VPOS="826" HPOS="548"/>
							<String ID="string_166" HPOS="569" VPOS="826" WIDTH="21" HEIGHT="20" WC="0.93" CONTENT="af"/><SP WIDTH="22" VPOS="826" HPOS="590"/>
							<String ID="string_167" HPOS="612" VPOS="826" WIDTH="111" HEIGHT="20" WC="0.92" CONTENT="utskottets"/><SP WIDTH="15" VPOS="826" HPOS="723"/>
							<String ID="string_168" HPOS="738" VPOS="826" WIDTH="78" HEIGHT="26" WC="0.96" CONTENT="förslag"/><SP WIDTH="15" VPOS="826" HPOS="816"/>
							<String ID="string_169" HPOS="831" VPOS="825" WIDTH="32" HEIGHT="21" WC="0.95" CONTENT="till"/>
						</TextLine>
						<TextLine ID="line_21" HPOS="43" VPOS="854" WIDTH="821" HEIGHT="27">
							<String ID="string_170" HPOS="43" VPOS="854" WIDTH="86" HEIGHT="27" WC="0.96" CONTENT="ingress,"/><SP WIDTH="22" VPOS="854" HPOS="129"/>
							<String ID="string_171" HPOS="151" VPOS="854" WIDTH="7" HEIGHT="20" WC="0.96" CONTENT="i"/><SP WIDTH="23" VPOS="854" HPOS="158"/>
							<String ID="string_172" HPOS="181" VPOS="854" WIDTH="47" HEIGHT="20" WC="0.93" CONTENT="dess"/><SP WIDTH="22" VPOS="854" HPOS="228"/>
							<String ID="string_173" HPOS="250" VPOS="854" WIDTH="61" HEIGHT="20" WC="0.96" CONTENT="ställe"/><SP WIDTH="22" VPOS="854" HPOS="311"/>
							<String ID="string_174" HPOS="333" VPOS="854" WIDTH="79" HEIGHT="27" WC="0.96" CONTENT="antagit"/><SP WIDTH="18" VPOS="854" HPOS="412"/>
							<String ID="string_175" HPOS="430" VPOS="860" WIDTH="27" HEIGHT="14" WC="0.93" CONTENT="en"/><SP WIDTH="16" VPOS="860" HPOS="457"/>
							<String ID="string_176" HPOS="473" VPOS="855" WIDTH="81" HEIGHT="26" WC="0.96" CONTENT="ingress"/><SP WIDTH="15" VPOS="855" HPOS="554"/>
							<String ID="string_177" HPOS="569" VPOS="854" WIDTH="22" HEIGHT="21" WC="0.96" CONTENT="af"/><SP WIDTH="14" VPOS="854" HPOS="591"/>
							<String ID="string_178" HPOS="605" VPOS="854" WIDTH="92" HEIGHT="27" WC="0.93" CONTENT="följande"/><SP WIDTH="16" VPOS="854" HPOS="697"/>
							<String ID="string_179" HPOS="713" VPOS="854" WIDTH="90" HEIGHT="27" WC="0.93" CONTENT="lydelse:"/><SP WIDTH="19" VPOS="854" HPOS="803"/>
							<String ID="string_180" HPOS="822" VPOS="856" WIDTH="42" HEIGHT="18" WC="0.65" CONTENT="att"/>
						</TextLine>
						<TextLine ID="line_22" HPOS="43" VPOS="882" WIDTH="819" HEIGHT="27">
							<String ID="string_181" HPOS="43" VPOS="882" WIDTH="99" HEIGHT="21" WC="0.93" CONTENT="Finlands"/><SP WIDTH="16" VPOS="882" HPOS="142"/>
							<String ID="string_182" HPOS="158" VPOS="882" WIDTH="89" HEIGHT="26" WC="0.93" CONTENT="ständer,"/><SP WIDTH="16" VPOS="882" HPOS="247"/>
							<String ID="string_183" HPOS="263" VPOS="882" WIDTH="67" HEIGHT="21" WC="0.93" CONTENT="under"/><SP WIDTH="14" VPOS="882" HPOS="330"/>
							<String ID="string_184" HPOS="344" VPOS="882" WIDTH="151" HEIGHT="27" WC="0.92" CONTENT="förutsäitning"/><SP WIDTH="15" VPOS="882" HPOS="495"/>
							<String ID="string_185" HPOS="510" VPOS="885" WIDTH="29" HEIGHT="19" WC="0.96" CONTENT="att"/><SP WIDTH="14" VPOS="885" HPOS="539"/>
							<String ID="string_186" HPOS="553" VPOS="883" WIDTH="27" HEIGHT="20" WC="0.95" CONTENT="H."/><SP WIDTH="17" VPOS="883" HPOS="580"/>
							<String ID="string_187" HPOS="597" VPOS="882" WIDTH="24" HEIGHT="21" WC="0.96" CONTENT="K."/><SP WIDTH="16" VPOS="882" HPOS="621"/>
							<String ID="string_188" HPOS="637" VPOS="882" WIDTH="27" HEIGHT="21" WC="0.96" CONTENT="M."/><SP WIDTH="11" VPOS="882" HPOS="664"/>
							<String ID="string_189" HPOS="675" VPOS="883" WIDTH="33" HEIGHT="20" WC="0.93" CONTENT="för"/><SP WIDTH="7" VPOS="883" HPOS="708"/>
							<String ID="string_190" HPOS="715" VPOS="882" WIDTH="147" HEIGHT="27" WC="0.92" CONTENT="maltdrycker,"/>
						</TextLine>
						<TextLine ID="line_23" HPOS="43" VPOS="910" WIDTH="820" HEIGHT="28">
							<String ID="string_191" HPOS="43" VPOS="917" WIDTH="45" HEIGHT="14" WC="0.96" CONTENT="som"/><SP WIDTH="23" VPOS="917" HPOS="88"/>
							<String ID="string_192" HPOS="111" VPOS="910" WIDTH="30" HEIGHT="21" WC="0.96" CONTENT="till"/><SP WIDTH="23" VPOS="910" HPOS="141"/>
							<String ID="string_193" HPOS="164" VPOS="910" WIDTH="71" HEIGHT="21" WC="0.96" CONTENT="landet"/><SP WIDTH="20" VPOS="910" HPOS="235"/>
							<String ID="string_194" HPOS="255" VPOS="911" WIDTH="84" HEIGHT="26" WC="0.93" CONTENT="införas,"/><SP WIDTH="15" VPOS="911" HPOS="339"/>
							<String ID="string_195" HPOS="354" VPOS="911" WIDTH="114" HEIGHT="21" WC="0.88" CONTENT="fastställer"/><SP WIDTH="15" VPOS="911" HPOS="468"/>
							<String ID="string_196" HPOS="483" VPOS="911" WIDTH="64" HEIGHT="21" WC="0.93" CONTENT="sädan"/><SP WIDTH="16" VPOS="911" HPOS="547"/>
							<String ID="string_197" HPOS="563" VPOS="911" WIDTH="152" HEIGHT="27" WC="0.92" CONTENT="införselafgift,"/><SP WIDTH="16" VPOS="911" HPOS="715"/>
							<String ID="string_198" HPOS="731" VPOS="912" WIDTH="30" HEIGHT="20" WC="0.95" CONTENT="att"/><SP WIDTH="15" VPOS="912" HPOS="761"/>
							<String ID="string_199" HPOS="776" VPOS="911" WIDTH="41" HEIGHT="20" WC="0.93" CONTENT="den"/><SP WIDTH="14" VPOS="911" HPOS="817"/>
							<String ID="string_200" HPOS="831" VPOS="911" WIDTH="32" HEIGHT="20" WC="0.90" CONTENT="in-"/>
						</TextLine>
						<TextLine ID="line_24" HPOS="43" VPOS="939" WIDTH="820" HEIGHT="28">
							<String ID="string_201" HPOS="43" VPOS="939" WIDTH="86" HEIGHT="21" WC="0.91" CONTENT="hemska"/><SP WIDTH="15" VPOS="939" HPOS="129"/>
							<String ID="string_202" HPOS="144" VPOS="939" WIDTH="163" HEIGHT="28" WC="0.91" CONTENT="tillvärkningen"/><SP WIDTH="15" VPOS="939" HPOS="307"/>
							<String ID="string_203" HPOS="322" VPOS="939" WIDTH="48" HEIGHT="21" WC="0.92" CONTENT="fullt"/><SP WIDTH="15" VPOS="939" HPOS="370"/>
							<String ID="string_204" HPOS="385" VPOS="940" WIDTH="139" HEIGHT="27" WC="0.92" CONTENT="säkerställes,"/><SP WIDTH="15" VPOS="940" HPOS="524"/>
							<String ID="string_205" HPOS="539" VPOS="940" WIDTH="50" HEIGHT="21" WC="0.96" CONTENT="ville"/><SP WIDTH="15" VPOS="940" HPOS="589"/>
							<String ID="string_206" HPOS="604" VPOS="940" WIDTH="33" HEIGHT="20" WC="0.96" CONTENT="för"/><SP WIDTH="14" VPOS="940" HPOS="637"/>
							<String ID="string_207" HPOS="651" VPOS="940" WIDTH="31" HEIGHT="20" WC="0.96" CONTENT="sin"/><SP WIDTH="17" VPOS="940" HPOS="682"/>
							<String ID="string_208" HPOS="699" VPOS="939" WIDTH="34" HEIGHT="21" WC="0.93" CONTENT="del"/><SP WIDTH="16" VPOS="939" HPOS="733"/>
							<String ID="string_209" HPOS="749" VPOS="941" WIDTH="75" HEIGHT="26" WC="0.93" CONTENT="antaga"/><SP WIDTH="12" VPOS="941" HPOS="824"/>
							<String ID="string_210" HPOS="836" VPOS="945" WIDTH="27" HEIGHT="15" WC="0.97" CONTENT="en"/>
						</TextLine>
						<TextLine ID="line_25" HPOS="43" VPOS="967" WIDTH="388" HEIGHT="28">
							<String ID="string_211" HPOS="43" VPOS="967" WIDTH="23" HEIGHT="21" WC="0.93" CONTENT="sä"/><SP WIDTH="14" VPOS="967" HPOS="66"/>
							<String ID="string_212" HPOS="80" VPOS="967" WIDTH="92" HEIGHT="27" WC="0.91" CONTENT="lydande"/><SP WIDTH="15" VPOS="967" HPOS="172"/>
							<String ID="string_213" HPOS="187" VPOS="967" WIDTH="144" HEIGHT="28" WC="0.91" CONTENT="Förordning»"/><SP WIDTH="18" VPOS="967" HPOS="331"/>
							<String ID="string_214" HPOS="349" VPOS="975" WIDTH="17" HEIGHT="13" WC="0.88" CONTENT="o."/><SP WIDTH="16" VPOS="975" HPOS="366"/>
							<String ID="string_215" HPOS="382" VPOS="975" WIDTH="15" HEIGHT="13" WC="0.88" CONTENT="s."/><SP WIDTH="17" VPOS="975" HPOS="397"/>
							<String ID="string_216" HPOS="414" VPOS="975" WIDTH="17" HEIGHT="13" WC="0.97" CONTENT="v."/>
						</TextLine>
					</TextBlock>
				</ComposedBlock>
				<ComposedBlock ID="cblock_6" HPOS="43" VPOS="1030" WIDTH="821" HEIGHT="141">
					<TextBlock ID="block_6" HPOS="43" VPOS="1030" WIDTH="821" HEIGHT="141">
						<TextLine ID="line_26" HPOS="110" VPOS="1030" WIDTH="753" HEIGHT="27">
							<String ID="string_217" HPOS="110" VPOS="1030" WIDTH="133" HEIGHT="21" WC="0.89" CONTENT="Beträffande"/><SP WIDTH="22" VPOS="1030" HPOS="243"/>
							<String ID="string_218" HPOS="265" VPOS="1030" WIDTH="25" HEIGHT="21" WC="0.92" CONTENT="hr"/><SP WIDTH="21" VPOS="1030" HPOS="290"/>
							<String ID="string_219" HPOS="311" VPOS="1030" WIDTH="88" HEIGHT="21" WC="0.92" CONTENT="Heikels"/><SP WIDTH="22" VPOS="1030" HPOS="399"/>
							<String ID="string_220" HPOS="421" VPOS="1030" WIDTH="81" HEIGHT="27" WC="0.96" CONTENT="förslag"/><SP WIDTH="21" VPOS="1030" HPOS="502"/>
							<String ID="string_221" HPOS="523" VPOS="1032" WIDTH="30" HEIGHT="19" WC="0.93" CONTENT="att"/><SP WIDTH="15" VPOS="1032" HPOS="553"/>
							<String ID="string_222" HPOS="568" VPOS="1031" WIDTH="143" HEIGHT="20" WC="0.93" CONTENT="betänkandet"/><SP WIDTH="14" VPOS="1031" HPOS="711"/>
							<String ID="string_223" HPOS="725" VPOS="1030" WIDTH="69" HEIGHT="21" WC="0.93" CONTENT="skulle"/><SP WIDTH="15" VPOS="1030" HPOS="794"/>
							<String ID="string_224" HPOS="809" VPOS="1030" WIDTH="54" HEIGHT="21" WC="0.92" CONTENT="äter-"/>
						</TextLine>
						<TextLine ID="line_27" HPOS="43" VPOS="1058" WIDTH="821" HEIGHT="29">
							<String ID="string_225" HPOS="43" VPOS="1058" WIDTH="116" HEIGHT="21" WC="0.92" CONTENT="remitteras"/><SP WIDTH="22" VPOS="1058" HPOS="159"/>
							<String ID="string_226" HPOS="181" VPOS="1058" WIDTH="31" HEIGHT="21" WC="0.93" CONTENT="till"/><SP WIDTH="21" VPOS="1058" HPOS="212"/>
							<String ID="string_227" HPOS="233" VPOS="1059" WIDTH="100" HEIGHT="20" WC="0.92" CONTENT="utskottet"/><SP WIDTH="15" VPOS="1059" HPOS="333"/>
							<String ID="string_228" HPOS="348" VPOS="1059" WIDTH="33" HEIGHT="20" WC="0.93" CONTENT="för"/><SP WIDTH="14" VPOS="1059" HPOS="381"/>
							<String ID="string_229" HPOS="395" VPOS="1059" WIDTH="132" HEIGHT="21" WC="0.92" CONTENT="anställande"/><SP WIDTH="16" VPOS="1059" HPOS="527"/>
							<String ID="string_230" HPOS="543" VPOS="1059" WIDTH="21" HEIGHT="21" WC="0.93" CONTENT="af"/><SP WIDTH="15" VPOS="1059" HPOS="564"/>
							<String ID="string_231" HPOS="579" VPOS="1059" WIDTH="118" HEIGHT="28" WC="0.92" CONTENT="ungefärlig"/><SP WIDTH="15" VPOS="1059" HPOS="697"/>
							<String ID="string_232" HPOS="712" VPOS="1058" WIDTH="116" HEIGHT="27" WC="0.93" CONTENT="beräkning"/><SP WIDTH="15" VPOS="1058" HPOS="828"/>
							<String ID="string_233" HPOS="843" VPOS="1058" WIDTH="21" HEIGHT="21" WC="0.96" CONTENT="af"/>
						</TextLine>
						<TextLine ID="line_28" HPOS="44" VPOS="1087" WIDTH="820" HEIGHT="28">
							<String ID="string_234" HPOS="44" VPOS="1087" WIDTH="34" HEIGHT="20" WC="0.93" CONTENT="det"/><SP WIDTH="20" VPOS="1087" HPOS="78"/>
							<String ID="string_235" HPOS="98" VPOS="1087" WIDTH="81" HEIGHT="26" WC="0.96" CONTENT="belopp,"/><SP WIDTH="23" VPOS="1087" HPOS="179"/>
							<String ID="string_236" HPOS="202" VPOS="1093" WIDTH="45" HEIGHT="14" WC="0.96" CONTENT="som"/><SP WIDTH="24" VPOS="1093" HPOS="247"/>
							<String ID="string_237" HPOS="271" VPOS="1093" WIDTH="76" HEIGHT="21" WC="0.96" CONTENT="genom"/><SP WIDTH="22" VPOS="1093" HPOS="347"/>
							<String ID="string_238" HPOS="369" VPOS="1087" WIDTH="42" HEIGHT="21" WC="0.96" CONTENT="den"/><SP WIDTH="22" VPOS="1087" HPOS="411"/>
							<String ID="string_239" HPOS="433" VPOS="1087" WIDTH="120" HEIGHT="28" WC="0.93" CONTENT="föreslagna"/><SP WIDTH="20" VPOS="1087" HPOS="553"/>
							<String ID="string_240" HPOS="573" VPOS="1087" WIDTH="134" HEIGHT="21" WC="0.92" CONTENT="maltskatten"/><SP WIDTH="15" VPOS="1087" HPOS="707"/>
							<String ID="string_241" HPOS="722" VPOS="1087" WIDTH="72" HEIGHT="20" WC="0.93" CONTENT="kunde"/><SP WIDTH="15" VPOS="1087" HPOS="794"/>
							<String ID="string_242" HPOS="809" VPOS="1093" WIDTH="55" HEIGHT="15" WC="0.92" CONTENT="sam-"/>
						</TextLine>
						<TextLine ID="line_29" HPOS="43" VPOS="1115" WIDTH="820" HEIGHT="28">
							<String ID="string_243" HPOS="43" VPOS="1115" WIDTH="134" HEIGHT="27" WC="0.91" CONTENT="manbringas"/><SP WIDTH="21" VPOS="1115" HPOS="177"/>
							<String ID="string_244" HPOS="198" VPOS="1115" WIDTH="67" HEIGHT="21" WC="0.96" CONTENT="under"/><SP WIDTH="15" VPOS="1115" HPOS="265"/>
							<String ID="string_245" HPOS="280" VPOS="1117" WIDTH="104" HEIGHT="19" WC="0.93" CONTENT="närmaste"/><SP WIDTH="16" VPOS="1117" HPOS="384"/>
							<String ID="string_246" HPOS="400" VPOS="1115" WIDTH="150" HEIGHT="28" WC="0.92" CONTENT="finansperiod,"/><SP WIDTH="15" VPOS="1115" HPOS="550"/>
							<String ID="string_247" HPOS="565" VPOS="1116" WIDTH="120" HEIGHT="21" WC="0.91" CONTENT="framstälde"/><SP WIDTH="16" VPOS="1116" HPOS="685"/>
							<String ID="string_248" HPOS="701" VPOS="1116" WIDTH="24" HEIGHT="20" WC="0.93" CONTENT="hr"/><SP WIDTH="15" VPOS="1116" HPOS="725"/>
							<String ID="string_249" HPOS="740" VPOS="1115" WIDTH="123" HEIGHT="21" WC="0.92" CONTENT="talmannen"/>
						</TextLine>
						<TextLine ID="line_30" HPOS="43" VPOS="1143" WIDTH="388" HEIGHT="28">
							<String ID="string_250" HPOS="43" VPOS="1143" WIDTH="92" HEIGHT="27" WC="0.93" CONTENT="följande"/><SP WIDTH="16" VPOS="1143" HPOS="135"/>
							<String ID="string_251" HPOS="151" VPOS="1144" WIDTH="280" HEIGHT="27" WC="0.68" CONTENT="omröstningsproposition"/><SP WIDTH="-8" VPOS="1144" HPOS="431"/>
							<String ID="string_252" HPOS="423" VPOS="1139" WIDTH="12" HEIGHT="36" WC="0.68" CONTENT=":"/>
						</TextLine>
					</TextBlock>
				</ComposedBlock>
				<ComposedBlock ID="cblock_7" HPOS="44" VPOS="1206" WIDTH="820" HEIGHT="142">
					<TextBlock ID="block_7" HPOS="44" VPOS="1206" WIDTH="820" HEIGHT="57">
						<TextLine ID="line_31" HPOS="111" VPOS="1206" WIDTH="753" HEIGHT="28">
							<String ID="string_253" HPOS="111" VPOS="1206" WIDTH="38" HEIGHT="27" WC="0.93" CONTENT="De,"/><SP WIDTH="16" VPOS="1206" HPOS="149"/>
							<String ID="string_254" HPOS="165" VPOS="1206" WIDTH="74" HEIGHT="21" WC="0.93" CONTENT="hvilka"/><SP WIDTH="15" VPOS="1206" HPOS="239"/>
							<String ID="string_255" HPOS="254" VPOS="1206" WIDTH="9" HEIGHT="20" WC="0.96" CONTENT="i"/><SP WIDTH="14" VPOS="1206" HPOS="263"/>
							<String ID="string_256" HPOS="277" VPOS="1206" WIDTH="58" HEIGHT="21" WC="0.96" CONTENT="detta"/><SP WIDTH="15" VPOS="1206" HPOS="335"/>
							<String ID="string_257" HPOS="350" VPOS="1207" WIDTH="122" HEIGHT="20" WC="0.93" CONTENT="hänseende"/><SP WIDTH="9" VPOS="1207" HPOS="472"/>
							<String ID="string_258" HPOS="481" VPOS="1207" WIDTH="116" HEIGHT="27" WC="0.90" CONTENT="yodkänna"/><SP WIDTH="12" VPOS="1207" HPOS="597"/>
							<String ID="string_259" HPOS="609" VPOS="1207" WIDTH="110" HEIGHT="32" WC="0.89" CONTENT="utskottets"/><SP WIDTH="12" VPOS="1207" HPOS="719"/>
							<String ID="string_260" HPOS="731" VPOS="1207" WIDTH="133" HEIGHT="20" WC="0.91" CONTENT="betänkande"/>
						</TextLine>
						<TextLine ID="line_32" HPOS="44" VPOS="1219" WIDTH="635" HEIGHT="52">
							<String ID="string_261" HPOS="44" VPOS="1219" WIDTH="146" HEIGHT="52" WC="0.79" CONTENT="oförändradt,"/><SP WIDTH="16" VPOS="1219" HPOS="190"/>
							<String ID="string_262" HPOS="206" VPOS="1236" WIDTH="59" HEIGHT="19" WC="0.96" CONTENT="rösta"/><SP WIDTH="10" VPOS="1236" HPOS="265"/>
							<String ID="string_263" HPOS="275" VPOS="1235" WIDTH="39" HEIGHT="27" WC="0.96" CONTENT="ja;"/><SP WIDTH="16" VPOS="1235" HPOS="314"/>
							<String ID="string_264" HPOS="330" VPOS="1235" WIDTH="31" HEIGHT="27" WC="0.96" CONTENT="de,"/><SP WIDTH="14" VPOS="1235" HPOS="361"/>
							<String ID="string_265" HPOS="375" VPOS="1235" WIDTH="34" HEIGHT="20" WC="0.93" CONTENT="det"/><SP WIDTH="16" VPOS="1235" HPOS="409"/>
							<String ID="string_266" HPOS="425" VPOS="1235" WIDTH="45" HEIGHT="21" WC="0.96" CONTENT="icke"/><SP WIDTH="14" VPOS="1235" HPOS="470"/>
							<String ID="string_267" HPOS="484" VPOS="1238" WIDTH="59" HEIGHT="25" WC="0.93" CONTENT="göra,"/><SP WIDTH="16" VPOS="1238" HPOS="543"/>
							<String ID="string_268" HPOS="559" VPOS="1237" WIDTH="60" HEIGHT="19" WC="0.96" CONTENT="rösta"/><SP WIDTH="14" VPOS="1237" HPOS="619"/>
							<String ID="string_269" HPOS="633" VPOS="1235" WIDTH="46" HEIGHT="28" WC="0.94" CONTENT="nej;"/>
						</TextLine>
					</TextBlock>
					<TextBlock ID="block_8" HPOS="44" VPOS="1252" WIDTH="820" HEIGHT="96">
						<TextLine ID="line_33" HPOS="111" VPOS="1252" WIDTH="753" HEIGHT="38">
							<String ID="string_270" HPOS="111" VPOS="1263" WIDTH="79" HEIGHT="20" WC="0.92" CONTENT="vinner"/><SP WIDTH="15" VPOS="1263" HPOS="190"/>
							<String ID="string_271" HPOS="205" VPOS="1263" WIDTH="41" HEIGHT="27" WC="0.96" CONTENT="nej,"/><SP WIDTH="16" VPOS="1263" HPOS="246"/>
							<String ID="string_272" HPOS="262" VPOS="1263" WIDTH="41" HEIGHT="20" WC="0.96" CONTENT="har"/><SP WIDTH="16" VPOS="1263" HPOS="303"/>
							<String ID="string_273" HPOS="319" VPOS="1252" WIDTH="78" HEIGHT="38" WC="0.55" CONTENT="borgar:"/><SP WIDTH="0" VPOS="1252" HPOS="397"/>
							<String ID="string_274" HPOS="397" VPOS="1263" WIDTH="99" HEIGHT="22" WC="0.91" CONTENT="eståndet"/><SP WIDTH="15" VPOS="1263" HPOS="496"/>
							<String ID="string_275" HPOS="511" VPOS="1264" WIDTH="88" HEIGHT="21" WC="0.91" CONTENT="beslutit"/><SP WIDTH="14" VPOS="1264" HPOS="599"/>
							<String ID="string_276" HPOS="613" VPOS="1266" WIDTH="32" HEIGHT="19" WC="0.96" CONTENT="att"/><SP WIDTH="11" VPOS="1266" HPOS="645"/>
							<String ID="string_277" HPOS="656" VPOS="1263" WIDTH="142" HEIGHT="22" WC="0.96" CONTENT="betänkandet"/><SP WIDTH="10" VPOS="1263" HPOS="798"/>
							<String ID="string_278" HPOS="808" VPOS="1263" WIDTH="56" HEIGHT="20" WC="0.96" CONTENT="skall"/>
						</TextLine>
						<TextLine ID="line_34" HPOS="44" VPOS="1291" WIDTH="820" HEIGHT="29">
							<String ID="string_279" HPOS="44" VPOS="1291" WIDTH="168" HEIGHT="21" WC="0.82" CONTENT="återremitteras"/><SP WIDTH="20" VPOS="1291" HPOS="212"/>
							<String ID="string_280" HPOS="232" VPOS="1292" WIDTH="35" HEIGHT="20" WC="0.93" CONTENT="till"/><SP WIDTH="23" VPOS="1292" HPOS="267"/>
							<String ID="string_281" HPOS="290" VPOS="1291" WIDTH="234" HEIGHT="28" WC="0.90" CONTENT="bevillningsutskottet"/><SP WIDTH="21" VPOS="1291" HPOS="524"/>
							<String ID="string_282" HPOS="545" VPOS="1293" WIDTH="36" HEIGHT="27" WC="0.93" CONTENT="för"/><SP WIDTH="21" VPOS="1293" HPOS="581"/>
							<String ID="string_283" HPOS="602" VPOS="1292" WIDTH="160" HEIGHT="21" WC="0.91" CONTENT="värkställande"/><SP WIDTH="21" VPOS="1292" HPOS="762"/>
							<String ID="string_284" HPOS="783" VPOS="1291" WIDTH="29" HEIGHT="27" WC="0.96" CONTENT="af"/><SP WIDTH="10" VPOS="1291" HPOS="812"/>
							<String ID="string_285" HPOS="822" VPOS="1292" WIDTH="42" HEIGHT="20" WC="0.96" CONTENT="den"/>
						</TextLine>
						<TextLine ID="line_35" HPOS="44" VPOS="1320" WIDTH="467" HEIGHT="28">
							<String ID="string_286" HPOS="44" VPOS="1320" WIDTH="28" HEIGHT="27" WC="0.96" CONTENT="af"/><SP WIDTH="11" VPOS="1320" HPOS="72"/>
							<String ID="string_287" HPOS="83" VPOS="1320" WIDTH="27" HEIGHT="21" WC="0.96" CONTENT="hr"/><SP WIDTH="15" VPOS="1320" HPOS="110"/>
							<String ID="string_288" HPOS="125" VPOS="1320" WIDTH="75" HEIGHT="21" WC="0.96" CONTENT="Heikel"/><SP WIDTH="14" VPOS="1320" HPOS="200"/>
							<String ID="string_289" HPOS="214" VPOS="1320" WIDTH="126" HEIGHT="28" WC="0.93" CONTENT="föreslagna"/><SP WIDTH="15" VPOS="1320" HPOS="340"/>
							<String ID="string_290" HPOS="355" VPOS="1320" WIDTH="156" HEIGHT="27" WC="0.92" CONTENT="beräkningen."/>
						</TextLine>
					</TextBlock>
				</ComposedBlock>
				<ComposedBlock ID="cblock_8" HPOS="44" VPOS="1376" WIDTH="820" HEIGHT="142">
					<TextBlock ID="block_9" HPOS="44" VPOS="1376" WIDTH="820" HEIGHT="142">
						<TextLine ID="line_36" HPOS="112" VPOS="1376" WIDTH="752" HEIGHT="28">
							<String ID="string_291" HPOS="112" VPOS="1378" WIDTH="159" HEIGHT="26" WC="0.91" CONTENT="Propositionen"/><SP WIDTH="23" VPOS="1378" HPOS="271"/>
							<String ID="string_292" HPOS="294" VPOS="1377" WIDTH="126" HEIGHT="21" WC="0.90" CONTENT="besvarades"/><SP WIDTH="23" VPOS="1377" HPOS="420"/>
							<String ID="string_293" HPOS="443" VPOS="1378" WIDTH="50" HEIGHT="20" WC="0.93" CONTENT="med"/><SP WIDTH="23" VPOS="1378" HPOS="493"/>
							<String ID="string_294" HPOS="516" VPOS="1378" WIDTH="153" HEIGHT="26" WC="0.92" CONTENT="öfvervägande"/><SP WIDTH="16" VPOS="1378" HPOS="669"/>
							<String ID="string_295" HPOS="685" VPOS="1378" WIDTH="40" HEIGHT="26" WC="0.96" CONTENT="nej,"/><SP WIDTH="16" VPOS="1378" HPOS="725"/>
							<String ID="string_296" HPOS="741" VPOS="1376" WIDTH="39" HEIGHT="21" WC="0.96" CONTENT="och"/><SP WIDTH="16" VPOS="1376" HPOS="780"/>
							<String ID="string_297" HPOS="796" VPOS="1376" WIDTH="68" HEIGHT="22" WC="0.96" CONTENT="skulle"/>
						</TextLine>
						<TextLine ID="line_37" HPOS="44" VPOS="1405" WIDTH="820" HEIGHT="28">
							<String ID="string_298" HPOS="44" VPOS="1406" WIDTH="80" HEIGHT="20" WC="0.95" CONTENT="således"/><SP WIDTH="23" VPOS="1406" HPOS="124"/>
							<String ID="string_299" HPOS="147" VPOS="1406" WIDTH="140" HEIGHT="20" WC="0.93" CONTENT="betänkandet"/><SP WIDTH="16" VPOS="1406" HPOS="287"/>
							<String ID="string_300" HPOS="303" VPOS="1406" WIDTH="162" HEIGHT="21" WC="0.91" CONTENT="äterremitteras"/><SP WIDTH="16" VPOS="1406" HPOS="465"/>
							<String ID="string_301" HPOS="481" VPOS="1406" WIDTH="32" HEIGHT="20" WC="0.93" CONTENT="till"/><SP WIDTH="15" VPOS="1406" HPOS="513"/>
							<String ID="string_302" HPOS="528" VPOS="1406" WIDTH="105" HEIGHT="26" WC="0.96" CONTENT="utskottet,"/><SP WIDTH="16" VPOS="1406" HPOS="633"/>
							<String ID="string_303" HPOS="649" VPOS="1406" WIDTH="26" HEIGHT="27" WC="0.97" CONTENT="pä"/><SP WIDTH="15" VPOS="1406" HPOS="675"/>
							<String ID="string_304" HPOS="690" VPOS="1406" WIDTH="35" HEIGHT="20" WC="0.97" CONTENT="det"/><SP WIDTH="15" VPOS="1406" HPOS="725"/>
							<String ID="string_305" HPOS="740" VPOS="1407" WIDTH="30" HEIGHT="19" WC="0.93" CONTENT="att"/><SP WIDTH="14" VPOS="1407" HPOS="770"/>
							<String ID="string_306" HPOS="784" VPOS="1405" WIDTH="80" HEIGHT="21" WC="0.93" CONTENT="utskot-"/>
						</TextLine>
						<TextLine ID="line_38" HPOS="44" VPOS="1434" WIDTH="820" HEIGHT="27">
							<String ID="string_307" HPOS="44" VPOS="1436" WIDTH="34" HEIGHT="22" WC="0.94" CONTENT="tet,"/><SP WIDTH="22" VPOS="1436" HPOS="78"/>
							<String ID="string_308" HPOS="100" VPOS="1434" WIDTH="82" HEIGHT="27" WC="0.94" CONTENT="jämlikt"/><SP WIDTH="14" VPOS="1434" HPOS="182"/>
							<String ID="string_309" HPOS="196" VPOS="1434" WIDTH="22" HEIGHT="20" WC="0.97" CONTENT="L."/><SP WIDTH="16" VPOS="1434" HPOS="218"/>
							<String ID="string_310" HPOS="234" VPOS="1434" WIDTH="23" HEIGHT="21" WC="0.93" CONTENT="O."/><SP WIDTH="16" VPOS="1434" HPOS="257"/>
							<String ID="string_311" HPOS="273" VPOS="1434" WIDTH="112" HEIGHT="27" WC="0.92" CONTENT="föreskrift,"/><SP WIDTH="15" VPOS="1434" HPOS="385"/>
							<String ID="string_312" HPOS="400" VPOS="1434" WIDTH="66" HEIGHT="21" WC="0.92" CONTENT="mätte"/><SP WIDTH="17" VPOS="1434" HPOS="466"/>
							<String ID="string_313" HPOS="483" VPOS="1435" WIDTH="87" HEIGHT="20" WC="0.92" CONTENT="anställa"/><SP WIDTH="16" VPOS="1435" HPOS="570"/>
							<String ID="string_314" HPOS="586" VPOS="1434" WIDTH="38" HEIGHT="21" WC="0.93" CONTENT="och"/><SP WIDTH="16" VPOS="1434" HPOS="624"/>
							<String ID="string_315" HPOS="640" VPOS="1434" WIDTH="44" HEIGHT="21" WC="0.93" CONTENT="däri"/><SP WIDTH="15" VPOS="1434" HPOS="684"/>
							<String ID="string_316" HPOS="699" VPOS="1434" WIDTH="69" HEIGHT="21" WC="0.96" CONTENT="införa"/><SP WIDTH="15" VPOS="1434" HPOS="768"/>
							<String ID="string_317" HPOS="783" VPOS="1440" WIDTH="26" HEIGHT="14" WC="0.93" CONTENT="en"/><SP WIDTH="16" VPOS="1440" HPOS="809"/>
							<String ID="string_318" HPOS="825" VPOS="1440" WIDTH="39" HEIGHT="14" WC="0.91" CONTENT="un-"/>
						</TextLine>
						<TextLine ID="line_39" HPOS="44" VPOS="1462" WIDTH="820" HEIGHT="28">
							<String ID="string_319" HPOS="44" VPOS="1463" WIDTH="87" HEIGHT="27" WC="0.92" CONTENT="gefärlig"/><SP WIDTH="20" VPOS="1463" HPOS="131"/>
							<String ID="string_320" HPOS="151" VPOS="1462" WIDTH="116" HEIGHT="28" WC="0.92" CONTENT="beräkning"/><SP WIDTH="22" VPOS="1462" HPOS="267"/>
							<String ID="string_321" HPOS="289" VPOS="1462" WIDTH="21" HEIGHT="21" WC="0.96" CONTENT="af"/><SP WIDTH="23" VPOS="1462" HPOS="310"/>
							<String ID="string_322" HPOS="333" VPOS="1463" WIDTH="34" HEIGHT="20" WC="0.92" CONTENT="det"/><SP WIDTH="20" VPOS="1463" HPOS="367"/>
							<String ID="string_323" HPOS="387" VPOS="1462" WIDTH="84" HEIGHT="28" WC="0.92" CONTENT="belopp,"/><SP WIDTH="20" VPOS="1462" HPOS="471"/>
							<String ID="string_324" HPOS="491" VPOS="1470" WIDTH="45" HEIGHT="14" WC="0.96" CONTENT="som"/><SP WIDTH="15" VPOS="1470" HPOS="536"/>
							<String ID="string_325" HPOS="551" VPOS="1469" WIDTH="76" HEIGHT="21" WC="0.93" CONTENT="genom"/><SP WIDTH="16" VPOS="1469" HPOS="627"/>
							<String ID="string_326" HPOS="643" VPOS="1463" WIDTH="133" HEIGHT="21" WC="0.93" CONTENT="maltskatten"/><SP WIDTH="16" VPOS="1463" HPOS="776"/>
							<String ID="string_327" HPOS="792" VPOS="1462" WIDTH="72" HEIGHT="21" WC="0.96" CONTENT="kunde"/>
						</TextLine>
						<TextLine ID="line_40" HPOS="44" VPOS="1491" WIDTH="583" HEIGHT="27">
							<String ID="string_328" HPOS="44" VPOS="1491" WIDTH="180" HEIGHT="27" WC="0.69" CONTENT="sammanbringas"/><SP WIDTH="14" VPOS="1491" HPOS="224"/>
							<String ID="string_329" HPOS="238" VPOS="1491" WIDTH="69" HEIGHT="21" WC="0.93" CONTENT="under"/><SP WIDTH="14" VPOS="1491" HPOS="307"/>
							<String ID="string_330" HPOS="321" VPOS="1491" WIDTH="143" HEIGHT="21" WC="0.90" CONTENT="instundande"/><SP WIDTH="16" VPOS="1491" HPOS="464"/>
							<String ID="string_331" HPOS="480" VPOS="1491" WIDTH="147" HEIGHT="27" WC="0.91" CONTENT="finansperiod."/>
						</TextLine>
					</TextBlock>
				</ComposedBlock>
			</PrintSpace>
		</Page>
	</Layout>
</alto>
