<?xml version="1.0" encoding="UTF-8"?>
<alto xmlns="http://www.loc.gov/standards/alto/ns-v3#" xmlns:xlink="http://www.w3.org/1999/xlink" xmlns:xsi="http://www.w3.org/2001/XMLSchema-instance" xsi:schemaLocation="http://www.loc.gov/standards/alto/ns-v3# http://www.loc.gov/alto/v3/alto-3-0.xsd">
	<Description>
		<MeasurementUnit>pixel</MeasurementUnit>
		<sourceImageInformation>
			<fileName>/tmp/tess_j55ztz0__input.PNG</fileName>
		</sourceImageInformation>
		<OCRProcessing ID="OCR_0">
			<ocrProcessingStep>
				<processingSoftware>
					<softwareName>tesseract 5.3.4</softwareName>
				</processingSoftware>
			</ocrProcessingStep>
		</OCRProcessing>
	</Description>
	<Layout>
		<Page WIDTH="1017" HEIGHT="1731" PHYSICAL_IMG_NR="0" ID="page_0">
			<PrintSpace HPOS="0" VPOS="0" WIDTH="1017" HEIGHT="1731">
				<ComposedBlock ID="cblock_0" HPOS="168" VPOS="115" WIDTH="554" HEIGHT="26">
					<TextBlock ID="block_0" HPOS="168" VPOS="115" WIDTH="554" HEIGHT="26">
						<TextLine ID="line_0" HPOS="168" VPOS="115" WIDTH="554" HEIGHT="26">
							<String ID="string_0" HPOS="168" VPOS="115" WIDTH="54" HEIGHT="20" WC="0.95" CONTENT="1158"/><SP WIDTH="150" VPOS="115" HPOS="222"/>
							<String ID="string_1" HPOS="372" VPOS="120" WIDTH="179" HEIGHT="21" WC="0.91" CONTENT="Borgareståndet"/><SP WIDTH="12" VPOS="120" HPOS="551"/>
							<String ID="string_2" HPOS="563" VPOS="121" WIDTH="52" HEIGHT="16" WC="0.96" CONTENT="1891."/><SP WIDTH="26" VPOS="121" HPOS="615"/>
							<String ID="string_3" HPOS="641" VPOS="119" WIDTH="21" HEIGHT="18" WC="0.96" CONTENT="15"/><SP WIDTH="13" VPOS="119" HPOS="662"/>
							<String ID="string_4" HPOS="675" VPOS="120" WIDTH="47" HEIGHT="20" WC="0.96" CONTENT="maj."/>
						</TextLine>
					</TextBlock>
				</ComposedBlock>
				<GraphicalElement ID="cblock_1" HPOS="140" VPOS="149" WIDTH="830" HEIGHT="13"></GraphicalElement >
				<ComposedBlock ID="cblock_2" HPOS="140" VPOS="199" WIDTH="831" HEIGHT="114">
					<TextBlock ID="block_1" HPOS="140" VPOS="199" WIDTH="831" HEIGHT="56">
						<TextLine ID="line_1" HPOS="210" VPOS="199" WIDTH="761" HEIGHT="28">
							<String ID="string_5" HPOS="210" VPOS="199" WIDTH="40" HEIGHT="27" WC="0.96" CONTENT="De,"/><SP WIDTH="17" VPOS="199" HPOS="250"/>
							<String ID="string_6" HPOS="267" VPOS="199" WIDTH="75" HEIGHT="21" WC="0.96" CONTENT="hvilka"/><SP WIDTH="13" VPOS="199" HPOS="342"/>
							<String ID="string_7" HPOS="355" VPOS="200" WIDTH="118" HEIGHT="27" WC="0.96" CONTENT="godkänna"/><SP WIDTH="15" VPOS="200" HPOS="473"/>
							<String ID="string_8" HPOS="488" VPOS="200" WIDTH="113" HEIGHT="20" WC="0.96" CONTENT="utskottets"/><SP WIDTH="14" VPOS="200" HPOS="601"/>
							<String ID="string_9" HPOS="615" VPOS="199" WIDTH="83" HEIGHT="28" WC="0.96" CONTENT="förslag"/><SP WIDTH="17" VPOS="199" HPOS="698"/>
							<String ID="string_10" HPOS="715" VPOS="199" WIDTH="35" HEIGHT="20" WC="0.96" CONTENT="till"/><SP WIDTH="16" VPOS="199" HPOS="750"/>
							<String ID="string_11" HPOS="766" VPOS="199" WIDTH="78" HEIGHT="27" WC="0.96" CONTENT="lydelse"/><SP WIDTH="14" VPOS="199" HPOS="844"/>
							<String ID="string_12" HPOS="858" VPOS="199" WIDTH="36" HEIGHT="27" WC="0.91" CONTENT="för"/><SP WIDTH="15" VPOS="199" HPOS="894"/>
							<String ID="string_13" HPOS="909" VPOS="201" WIDTH="15" HEIGHT="24" WC="0.91" CONTENT="$"/><SP WIDTH="17" VPOS="201" HPOS="924"/>
							<String ID="string_14" HPOS="941" VPOS="200" WIDTH="30" HEIGHT="19" WC="0.95" CONTENT="69"/>
						</TextLine>
						<TextLine ID="line_2" HPOS="140" VPOS="225" WIDTH="648" HEIGHT="30">
							<String ID="string_15" HPOS="140" VPOS="225" WIDTH="153" HEIGHT="30" WC="0.92" CONTENT="oförändradt,"/><SP WIDTH="16" VPOS="225" HPOS="293"/>
							<String ID="string_16" HPOS="309" VPOS="230" WIDTH="60" HEIGHT="19" WC="0.96" CONTENT="rösta"/><SP WIDTH="10" VPOS="230" HPOS="369"/>
							<String ID="string_17" HPOS="379" VPOS="228" WIDTH="39" HEIGHT="27" WC="0.96" CONTENT="ja;"/><SP WIDTH="16" VPOS="228" HPOS="418"/>
							<String ID="string_18" HPOS="434" VPOS="229" WIDTH="31" HEIGHT="25" WC="0.96" CONTENT="de,"/><SP WIDTH="16" VPOS="229" HPOS="465"/>
							<String ID="string_19" HPOS="481" VPOS="228" WIDTH="36" HEIGHT="21" WC="0.96" CONTENT="det"/><SP WIDTH="14" VPOS="228" HPOS="517"/>
							<String ID="string_20" HPOS="531" VPOS="228" WIDTH="44" HEIGHT="21" WC="0.96" CONTENT="icke"/><SP WIDTH="14" VPOS="228" HPOS="575"/>
							<String ID="string_21" HPOS="589" VPOS="230" WIDTH="60" HEIGHT="25" WC="0.95" CONTENT="göra,"/><SP WIDTH="17" VPOS="230" HPOS="649"/>
							<String ID="string_22" HPOS="666" VPOS="229" WIDTH="60" HEIGHT="19" WC="0.96" CONTENT="rösta"/><SP WIDTH="15" VPOS="229" HPOS="726"/>
							<String ID="string_23" HPOS="741" VPOS="227" WIDTH="47" HEIGHT="27" WC="0.95" CONTENT="nej;"/>
						</TextLine>
					</TextBlock>
					<TextBlock ID="block_2" HPOS="140" VPOS="255" WIDTH="831" HEIGHT="58">
						<TextLine ID="line_3" HPOS="211" VPOS="255" WIDTH="760" HEIGHT="29">
							<String ID="string_24" HPOS="211" VPOS="257" WIDTH="81" HEIGHT="20" WC="0.96" CONTENT="vinner"/><SP WIDTH="20" VPOS="257" HPOS="292"/>
							<String ID="string_25" HPOS="312" VPOS="257" WIDTH="42" HEIGHT="27" WC="0.96" CONTENT="nej,"/><SP WIDTH="22" VPOS="257" HPOS="354"/>
							<String ID="string_26" HPOS="376" VPOS="257" WIDTH="41" HEIGHT="20" WC="0.93" CONTENT="har"/><SP WIDTH="20" VPOS="257" HPOS="417"/>
							<String ID="string_27" HPOS="437" VPOS="256" WIDTH="176" HEIGHT="28" WC="0.91" CONTENT="borgareståndet"/><SP WIDTH="21" VPOS="256" HPOS="613"/>
							<String ID="string_28" HPOS="634" VPOS="255" WIDTH="89" HEIGHT="22" WC="0.91" CONTENT="beslutit"/><SP WIDTH="20" VPOS="255" HPOS="723"/>
							<String ID="string_29" HPOS="743" VPOS="257" WIDTH="33" HEIGHT="19" WC="0.92" CONTENT="att"/><SP WIDTH="15" VPOS="257" HPOS="776"/>
							<String ID="string_30" HPOS="791" VPOS="255" WIDTH="15" HEIGHT="28" WC="0.91" CONTENT="$"/><SP WIDTH="16" VPOS="255" HPOS="806"/>
							<String ID="string_31" HPOS="822" VPOS="257" WIDTH="29" HEIGHT="20" WC="0.94" CONTENT="69"/><SP WIDTH="21" VPOS="257" HPOS="851"/>
							<String ID="string_32" HPOS="872" VPOS="256" WIDTH="56" HEIGHT="20" WC="0.96" CONTENT="skall"/><SP WIDTH="14" VPOS="256" HPOS="928"/>
							<String ID="string_33" HPOS="942" VPOS="262" WIDTH="29" HEIGHT="14" WC="0.96" CONTENT="ur"/>
						</TextLine>
						<TextLine ID="line_4" HPOS="140" VPOS="285" WIDTH="328" HEIGHT="28">
							<String ID="string_34" HPOS="140" VPOS="285" WIDTH="255" HEIGHT="28" WC="0.91" CONTENT="författningsförslaget"/><SP WIDTH="14" VPOS="285" HPOS="395"/>
							<String ID="string_35" HPOS="409" VPOS="285" WIDTH="59" HEIGHT="27" WC="0.96" CONTENT="utgå."/>
						</TextLine>
					</TextBlock>
				</ComposedBlock>
				<ComposedBlock ID="cblock_3" HPOS="142" VPOS="341" WIDTH="828" HEIGHT="56">
					<TextBlock ID="block_3" HPOS="142" VPOS="341" WIDTH="828" HEIGHT="56">
						<TextLine ID="line_5" HPOS="212" VPOS="341" WIDTH="758" HEIGHT="28">
							<String ID="string_36" HPOS="212" VPOS="341" WIDTH="42" HEIGHT="21" WC="0.87" CONTENT="Vid"/><SP WIDTH="23" VPOS="341" HPOS="254"/>
							<String ID="string_37" HPOS="277" VPOS="342" WIDTH="105" HEIGHT="21" WC="0.87" CONTENT="värkstäld"/><SP WIDTH="23" VPOS="342" HPOS="382"/>
							<String ID="string_38" HPOS="405" VPOS="342" WIDTH="96" HEIGHT="27" WC="0.93" CONTENT="votering"/><SP WIDTH="21" VPOS="342" HPOS="501"/>
							<String ID="string_39" HPOS="522" VPOS="341" WIDTH="95" HEIGHT="28" WC="0.90" CONTENT="afgåfvos"/><SP WIDTH="22" VPOS="341" HPOS="617"/>
							<String ID="string_40" HPOS="639" VPOS="342" WIDTH="26" HEIGHT="20" WC="0.96" CONTENT="30"/><SP WIDTH="16" VPOS="342" HPOS="665"/>
							<String ID="string_41" HPOS="681" VPOS="341" WIDTH="20" HEIGHT="27" WC="0.96" CONTENT="ja"/><SP WIDTH="16" VPOS="341" HPOS="701"/>
							<String ID="string_42" HPOS="717" VPOS="341" WIDTH="40" HEIGHT="20" WC="0.96" CONTENT="och"/><SP WIDTH="16" VPOS="341" HPOS="757"/>
							<String ID="string_43" HPOS="773" VPOS="341" WIDTH="27" HEIGHT="20" WC="0.96" CONTENT="25"/><SP WIDTH="15" VPOS="341" HPOS="800"/>
							<String ID="string_44" HPOS="815" VPOS="341" WIDTH="41" HEIGHT="27" WC="0.96" CONTENT="nej,"/><SP WIDTH="16" VPOS="341" HPOS="856"/>
							<String ID="string_45" HPOS="872" VPOS="341" WIDTH="32" HEIGHT="21" WC="0.96" CONTENT="till"/><SP WIDTH="14" VPOS="341" HPOS="904"/>
							<String ID="string_46" HPOS="918" VPOS="341" WIDTH="52" HEIGHT="27" WC="0.96" CONTENT="följd"/>
						</TextLine>
						<TextLine ID="line_6" HPOS="142" VPOS="369" WIDTH="828" HEIGHT="28">
							<String ID="string_47" HPOS="142" VPOS="370" WIDTH="74" HEIGHT="21" WC="0.96" CONTENT="hvaraf"/><SP WIDTH="16" VPOS="370" HPOS="216"/>
							<String ID="string_48" HPOS="232" VPOS="369" WIDTH="83" HEIGHT="22" WC="0.93" CONTENT="således"/><SP WIDTH="16" VPOS="369" HPOS="315"/>
							<String ID="string_49" HPOS="331" VPOS="371" WIDTH="12" HEIGHT="26" WC="0.92" CONTENT="$"/><SP WIDTH="16" VPOS="371" HPOS="343"/>
							<String ID="string_50" HPOS="359" VPOS="370" WIDTH="26" HEIGHT="21" WC="0.96" CONTENT="69"/><SP WIDTH="16" VPOS="370" HPOS="385"/>
							<String ID="string_51" HPOS="401" VPOS="377" WIDTH="38" HEIGHT="14" WC="0.96" CONTENT="var"/><SP WIDTH="11" VPOS="377" HPOS="439"/>
							<String ID="string_52" HPOS="450" VPOS="370" WIDTH="99" HEIGHT="27" WC="0.96" CONTENT="godkänd"/><SP WIDTH="15" VPOS="370" HPOS="549"/>
							<String ID="string_53" HPOS="564" VPOS="371" WIDTH="7" HEIGHT="19" WC="0.96" CONTENT="i"/><SP WIDTH="16" VPOS="371" HPOS="571"/>
							<String ID="string_54" HPOS="587" VPOS="370" WIDTH="93" HEIGHT="27" WC="0.96" CONTENT="enlighet"/><SP WIDTH="15" VPOS="370" HPOS="680"/>
							<String ID="string_55" HPOS="695" VPOS="369" WIDTH="49" HEIGHT="21" WC="0.96" CONTENT="med"/><SP WIDTH="16" VPOS="369" HPOS="744"/>
							<String ID="string_56" HPOS="760" VPOS="370" WIDTH="112" HEIGHT="21" WC="0.96" CONTENT="utskottets"/><SP WIDTH="15" VPOS="370" HPOS="872"/>
							<String ID="string_57" HPOS="887" VPOS="370" WIDTH="83" HEIGHT="27" WC="0.96" CONTENT="förslag."/>
						</TextLine>
					</TextBlock>
				</ComposedBlock>
				<ComposedBlock ID="cblock_4" HPOS="212" VPOS="427" WIDTH="481" HEIGHT="85">
					<TextBlock ID="block_4" HPOS="212" VPOS="427" WIDTH="481" HEIGHT="85">
						<TextLine ID="line_7" HPOS="214" VPOS="427" WIDTH="271" HEIGHT="27">
							<String ID="string_58" HPOS="214" VPOS="427" WIDTH="26" HEIGHT="27" WC="0.84" CONTENT="88"/><SP WIDTH="19" VPOS="427" HPOS="240"/>
							<String ID="string_59" HPOS="259" VPOS="427" WIDTH="83" HEIGHT="21" WC="0.91" CONTENT="70—72"/><SP WIDTH="16" VPOS="427" HPOS="342"/>
							<String ID="string_60" HPOS="358" VPOS="427" WIDTH="127" HEIGHT="27" WC="0.96" CONTENT="godkändes."/>
						</TextLine>
						<TextLine ID="line_8" HPOS="212" VPOS="483" WIDTH="481" HEIGHT="29">
							<String ID="string_61" HPOS="212" VPOS="483" WIDTH="11" HEIGHT="21" WC="0.96" CONTENT="I"/><SP WIDTH="16" VPOS="483" HPOS="223"/>
							<String ID="string_62" HPOS="239" VPOS="484" WIDTH="117" HEIGHT="28" WC="0.96" CONTENT="anledning"/><SP WIDTH="15" VPOS="484" HPOS="356"/>
							<String ID="string_63" HPOS="371" VPOS="485" WIDTH="22" HEIGHT="20" WC="0.93" CONTENT="af"/><SP WIDTH="15" VPOS="485" HPOS="393"/>
							<String ID="string_64" HPOS="408" VPOS="485" WIDTH="12" HEIGHT="26" WC="0.92" CONTENT="$"/><SP WIDTH="17" VPOS="485" HPOS="420"/>
							<String ID="string_65" HPOS="437" VPOS="485" WIDTH="26" HEIGHT="20" WC="0.96" CONTENT="73"/><SP WIDTH="16" VPOS="485" HPOS="463"/>
							<String ID="string_66" HPOS="479" VPOS="485" WIDTH="102" HEIGHT="27" WC="0.96" CONTENT="begärdes"/><SP WIDTH="16" VPOS="485" HPOS="581"/>
							<String ID="string_67" HPOS="597" VPOS="485" WIDTH="59" HEIGHT="20" WC="0.96" CONTENT="ordet"/><SP WIDTH="16" VPOS="485" HPOS="656"/>
							<String ID="string_68" HPOS="672" VPOS="484" WIDTH="21" HEIGHT="21" WC="0.96" CONTENT="af"/>
						</TextLine>
					</TextBlock>
				</ComposedBlock>
				<ComposedBlock ID="cblock_5" HPOS="143" VPOS="540" WIDTH="830" HEIGHT="228">
					<TextBlock ID="block_5" HPOS="143" VPOS="540" WIDTH="830" HEIGHT="228">
						<TextLine ID="line_9" HPOS="213" VPOS="540" WIDTH="759" HEIGHT="29">
							<String ID="string_69" HPOS="213" VPOS="541" WIDTH="25" HEIGHT="20" WC="0.93" CONTENT="hr"/><SP WIDTH="15" VPOS="541" HPOS="238"/>
							<String ID="string_70" HPOS="253" VPOS="540" WIDTH="122" HEIGHT="27" WC="0.91" CONTENT="Jusélius,"/><SP WIDTH="15" VPOS="540" HPOS="375"/>
							<String ID="string_71" HPOS="390" VPOS="548" WIDTH="45" HEIGHT="14" WC="0.96" CONTENT="som"/><SP WIDTH="16" VPOS="548" HPOS="435"/>
							<String ID="string_72" HPOS="451" VPOS="542" WIDTH="73" HEIGHT="20" WC="0.96" CONTENT="därvid"/><SP WIDTH="16" VPOS="542" HPOS="524"/>
							<String ID="string_73" HPOS="540" VPOS="542" WIDTH="91" HEIGHT="26" WC="0.96" CONTENT="yttrade:"/><SP WIDTH="17" VPOS="542" HPOS="631"/>
							<String ID="string_74" HPOS="648" VPOS="542" WIDTH="135" HEIGHT="21" WC="0.96" CONTENT="Beträffande"/><SP WIDTH="13" VPOS="542" HPOS="783"/>
							<String ID="string_75" HPOS="796" VPOS="542" WIDTH="69" HEIGHT="20" WC="0.96" CONTENT="denna"/><SP WIDTH="11" VPOS="542" HPOS="865"/>
							<String ID="string_76" HPOS="876" VPOS="542" WIDTH="96" HEIGHT="27" WC="0.96" CONTENT="paragraf"/>
						</TextLine>
						<TextLine ID="line_10" HPOS="143" VPOS="569" WIDTH="828" HEIGHT="29">
							<String ID="string_77" HPOS="143" VPOS="569" WIDTH="79" HEIGHT="21" WC="0.94" CONTENT="tillåter"/><SP WIDTH="22" VPOS="569" HPOS="222"/>
							<String ID="string_78" HPOS="244" VPOS="570" WIDTH="36" HEIGHT="26" WC="0.96" CONTENT="jag"/><SP WIDTH="22" VPOS="570" HPOS="280"/>
							<String ID="string_79" HPOS="302" VPOS="570" WIDTH="44" HEIGHT="27" WC="0.96" CONTENT="mig"/><SP WIDTH="21" VPOS="570" HPOS="346"/>
							<String ID="string_80" HPOS="367" VPOS="570" WIDTH="76" HEIGHT="20" WC="0.95" CONTENT="föreslå"/><SP WIDTH="24" VPOS="570" HPOS="443"/>
							<String ID="string_81" HPOS="467" VPOS="570" WIDTH="118" HEIGHT="28" WC="0.96" CONTENT="antagande"/><SP WIDTH="23" VPOS="570" HPOS="585"/>
							<String ID="string_82" HPOS="608" VPOS="570" WIDTH="21" HEIGHT="21" WC="0.96" CONTENT="af"/><SP WIDTH="19" VPOS="570" HPOS="629"/>
							<String ID="string_83" HPOS="648" VPOS="571" WIDTH="24" HEIGHT="20" WC="0.93" CONTENT="hr"/><SP WIDTH="21" VPOS="571" HPOS="672"/>
							<String ID="string_84" HPOS="693" VPOS="570" WIDTH="128" HEIGHT="21" WC="0.92" CONTENT="Rönnbäcks"/><SP WIDTH="15" VPOS="570" HPOS="821"/>
							<String ID="string_85" HPOS="836" VPOS="570" WIDTH="135" HEIGHT="21" WC="0.96" CONTENT="reservation."/>
						</TextLine>
						<TextLine ID="line_11" HPOS="143" VPOS="598" WIDTH="830" HEIGHT="28">
							<String ID="string_86" HPOS="143" VPOS="598" WIDTH="81" HEIGHT="20" WC="0.93" CONTENT="Härom"/><SP WIDTH="24" VPOS="598" HPOS="224"/>
							<String ID="string_87" HPOS="248" VPOS="598" WIDTH="121" HEIGHT="21" WC="0.91" CONTENT="anmärktes"/><SP WIDTH="22" VPOS="598" HPOS="369"/>
							<String ID="string_88" HPOS="391" VPOS="599" WIDTH="123" HEIGHT="27" WC="0.96" CONTENT="visserligen"/><SP WIDTH="24" VPOS="599" HPOS="514"/>
							<String ID="string_89" HPOS="538" VPOS="599" WIDTH="68" HEIGHT="21" WC="0.93" CONTENT="under"/><SP WIDTH="21" VPOS="599" HPOS="606"/>
							<String ID="string_90" HPOS="627" VPOS="598" WIDTH="159" HEIGHT="28" WC="0.92" CONTENT="förmiddagens"/><SP WIDTH="16" VPOS="598" HPOS="786"/>
							<String ID="string_91" HPOS="802" VPOS="598" WIDTH="126" HEIGHT="27" WC="0.96" CONTENT="diskussion,"/><SP WIDTH="16" VPOS="598" HPOS="928"/>
							<String ID="string_92" HPOS="944" VPOS="600" WIDTH="29" HEIGHT="19" WC="0.96" CONTENT="att"/>
						</TextLine>
						<TextLine ID="line_12" HPOS="144" VPOS="626" WIDTH="829" HEIGHT="28">
							<String ID="string_93" HPOS="144" VPOS="626" WIDTH="36" HEIGHT="21" WC="0.96" CONTENT="det"/><SP WIDTH="22" VPOS="626" HPOS="180"/>
							<String ID="string_94" HPOS="202" VPOS="626" WIDTH="70" HEIGHT="21" WC="0.96" CONTENT="skulle"/><SP WIDTH="23" VPOS="626" HPOS="272"/>
							<String ID="string_95" HPOS="295" VPOS="633" WIDTH="50" HEIGHT="14" WC="0.96" CONTENT="vara"/><SP WIDTH="23" VPOS="633" HPOS="345"/>
							<String ID="string_96" HPOS="368" VPOS="627" WIDTH="57" HEIGHT="21" WC="0.96" CONTENT="svårt"/><SP WIDTH="19" VPOS="627" HPOS="425"/>
							<String ID="string_97" HPOS="444" VPOS="627" WIDTH="32" HEIGHT="21" WC="0.96" CONTENT="för"/><SP WIDTH="15" VPOS="627" HPOS="476"/>
							<String ID="string_98" HPOS="491" VPOS="629" WIDTH="87" HEIGHT="19" WC="0.95" CONTENT="senaten"/><SP WIDTH="16" VPOS="629" HPOS="578"/>
							<String ID="string_99" HPOS="594" VPOS="629" WIDTH="30" HEIGHT="19" WC="0.96" CONTENT="att"/><SP WIDTH="15" VPOS="629" HPOS="624"/>
							<String ID="string_100" HPOS="639" VPOS="628" WIDTH="26" HEIGHT="26" WC="0.96" CONTENT="på"/><SP WIDTH="16" VPOS="628" HPOS="665"/>
							<String ID="string_101" HPOS="681" VPOS="629" WIDTH="30" HEIGHT="19" WC="0.96" CONTENT="ett"/><SP WIDTH="15" VPOS="629" HPOS="711"/>
							<String ID="string_102" HPOS="726" VPOS="627" WIDTH="82" HEIGHT="21" WC="0.96" CONTENT="rättvist"/><SP WIDTH="15" VPOS="627" HPOS="808"/>
							<String ID="string_103" HPOS="823" VPOS="627" WIDTH="39" HEIGHT="20" WC="0.95" CONTENT="och"/><SP WIDTH="16" VPOS="627" HPOS="862"/>
							<String ID="string_104" HPOS="878" VPOS="627" WIDTH="95" HEIGHT="27" WC="0.96" CONTENT="lämpligt"/>
						</TextLine>
						<TextLine ID="line_13" HPOS="144" VPOS="654" WIDTH="829" HEIGHT="28">
							<String ID="string_105" HPOS="144" VPOS="656" WIDTH="41" HEIGHT="20" WC="0.96" CONTENT="sätt"/><SP WIDTH="21" VPOS="656" HPOS="185"/>
							<String ID="string_106" HPOS="206" VPOS="654" WIDTH="82" HEIGHT="22" WC="0.96" CONTENT="fördela"/><SP WIDTH="21" VPOS="654" HPOS="288"/>
							<String ID="string_107" HPOS="309" VPOS="655" WIDTH="62" HEIGHT="21" WC="0.96" CONTENT="dessa"/><SP WIDTH="21" VPOS="655" HPOS="371"/>
							<String ID="string_108" HPOS="392" VPOS="656" WIDTH="23" HEIGHT="20" WC="0.96" CONTENT="så"/><SP WIDTH="20" VPOS="656" HPOS="415"/>
							<String ID="string_109" HPOS="435" VPOS="656" WIDTH="83" HEIGHT="20" WC="0.96" CONTENT="kallade"/><SP WIDTH="21" VPOS="656" HPOS="518"/>
							<String ID="string_110" HPOS="539" VPOS="656" WIDTH="96" HEIGHT="26" WC="0.96" CONTENT="premier,"/><SP WIDTH="16" VPOS="656" HPOS="635"/>
							<String ID="string_111" HPOS="651" VPOS="662" WIDTH="49" HEIGHT="14" WC="0.96" CONTENT="men"/><SP WIDTH="17" VPOS="662" HPOS="700"/>
							<String ID="string_112" HPOS="717" VPOS="656" WIDTH="95" HEIGHT="20" WC="0.95" CONTENT="däremot"/><SP WIDTH="15" VPOS="656" HPOS="812"/>
							<String ID="string_113" HPOS="827" VPOS="655" WIDTH="49" HEIGHT="21" WC="0.96" CONTENT="ville"/><SP WIDTH="15" VPOS="655" HPOS="876"/>
							<String ID="string_114" HPOS="891" VPOS="656" WIDTH="35" HEIGHT="26" WC="0.93" CONTENT="jag"/><SP WIDTH="15" VPOS="656" HPOS="926"/>
							<String ID="string_115" HPOS="941" VPOS="656" WIDTH="32" HEIGHT="19" WC="0.92" CONTENT="in-"/>
						</TextLine>
						<TextLine ID="line_14" HPOS="144" VPOS="683" WIDTH="829" HEIGHT="29">
							<String ID="string_116" HPOS="144" VPOS="683" WIDTH="70" HEIGHT="20" WC="0.96" CONTENT="vända"/><SP WIDTH="22" VPOS="683" HPOS="214"/>
							<String ID="string_117" HPOS="236" VPOS="685" WIDTH="31" HEIGHT="19" WC="0.96" CONTENT="att"/><SP WIDTH="20" VPOS="685" HPOS="267"/>
							<String ID="string_118" HPOS="287" VPOS="684" WIDTH="36" HEIGHT="20" WC="0.96" CONTENT="det"/><SP WIDTH="14" VPOS="684" HPOS="323"/>
							<String ID="string_119" HPOS="337" VPOS="684" WIDTH="116" HEIGHT="26" WC="0.96" CONTENT="ingalunda"/><SP WIDTH="16" VPOS="684" HPOS="453"/>
							<String ID="string_120" HPOS="469" VPOS="684" WIDTH="40" HEIGHT="20" WC="0.96" CONTENT="kan"/><SP WIDTH="17" VPOS="684" HPOS="509"/>
							<String ID="string_121" HPOS="526" VPOS="691" WIDTH="51" HEIGHT="13" WC="0.95" CONTENT="vara"/><SP WIDTH="14" VPOS="691" HPOS="577"/>
							<String ID="string_122" HPOS="591" VPOS="684" WIDTH="116" HEIGHT="28" WC="0.95" CONTENT="meningen"/><SP WIDTH="16" VPOS="684" HPOS="707"/>
							<String ID="string_123" HPOS="723" VPOS="686" WIDTH="30" HEIGHT="18" WC="0.93" CONTENT="att"/><SP WIDTH="15" VPOS="686" HPOS="753"/>
							<String ID="string_124" HPOS="768" VPOS="684" WIDTH="74" HEIGHT="27" WC="0.93" CONTENT="själfva"/><SP WIDTH="15" VPOS="684" HPOS="842"/>
							<String ID="string_125" HPOS="857" VPOS="684" WIDTH="116" HEIGHT="20" WC="0.91" CONTENT="fördelnin-"/>
						</TextLine>
						<TextLine ID="line_15" HPOS="144" VPOS="711" WIDTH="828" HEIGHT="29">
							<String ID="string_126" HPOS="144" VPOS="718" WIDTH="41" HEIGHT="20" WC="0.94" CONTENT="gen"/><SP WIDTH="17" VPOS="718" HPOS="185"/>
							<String ID="string_127" HPOS="202" VPOS="711" WIDTH="54" HEIGHT="21" WC="0.95" CONTENT="skall"/><SP WIDTH="17" VPOS="711" HPOS="256"/>
							<String ID="string_128" HPOS="273" VPOS="712" WIDTH="36" HEIGHT="20" WC="0.95" CONTENT="ske"/><SP WIDTH="11" VPOS="712" HPOS="309"/>
							<String ID="string_129" HPOS="320" VPOS="712" WIDTH="7" HEIGHT="20" WC="0.96" CONTENT="i"/><SP WIDTH="10" VPOS="712" HPOS="327"/>
							<String ID="string_130" HPOS="337" VPOS="714" WIDTH="94" HEIGHT="25" WC="0.96" CONTENT="senaten,"/><SP WIDTH="15" VPOS="714" HPOS="431"/>
							<String ID="string_131" HPOS="446" VPOS="714" WIDTH="51" HEIGHT="19" WC="0.96" CONTENT="utan"/><SP WIDTH="16" VPOS="714" HPOS="497"/>
							<String ID="string_132" HPOS="513" VPOS="719" WIDTH="77" HEIGHT="21" WC="0.93" CONTENT="genom"/><SP WIDTH="10" VPOS="719" HPOS="590"/>
							<String ID="string_133" HPOS="600" VPOS="712" WIDTH="186" HEIGHT="28" WC="0.91" CONTENT="länestyrelserna,"/><SP WIDTH="11" VPOS="712" HPOS="786"/>
							<String ID="string_134" HPOS="797" VPOS="712" WIDTH="69" HEIGHT="20" WC="0.96" CONTENT="hvilka"/><SP WIDTH="13" VPOS="712" HPOS="866"/>
							<String ID="string_135" HPOS="879" VPOS="712" WIDTH="33" HEIGHT="20" WC="0.96" CONTENT="väl"/><SP WIDTH="10" VPOS="712" HPOS="912"/>
							<String ID="string_136" HPOS="922" VPOS="712" WIDTH="50" HEIGHT="20" WC="0.95" CONTENT="böra"/>
						</TextLine>
						<TextLine ID="line_16" HPOS="144" VPOS="740" WIDTH="697" HEIGHT="28">
							<String ID="string_137" HPOS="144" VPOS="740" WIDTH="72" HEIGHT="20" WC="0.96" CONTENT="känna"/><SP WIDTH="15" VPOS="740" HPOS="216"/>
							<String ID="string_138" HPOS="231" VPOS="740" WIDTH="47" HEIGHT="20" WC="0.95" CONTENT="sina"/><SP WIDTH="16" VPOS="740" HPOS="278"/>
							<String ID="string_139" HPOS="294" VPOS="740" WIDTH="161" HEIGHT="27" WC="0.96" CONTENT="underlydande"/><SP WIDTH="16" VPOS="740" HPOS="455"/>
							<String ID="string_140" HPOS="471" VPOS="741" WIDTH="96" HEIGHT="27" WC="0.96" CONTENT="åklagare"/><SP WIDTH="17" VPOS="741" HPOS="567"/>
							<String ID="string_141" HPOS="584" VPOS="742" WIDTH="39" HEIGHT="20" WC="0.96" CONTENT="och"/><SP WIDTH="16" VPOS="742" HPOS="623"/>
							<String ID="string_142" HPOS="639" VPOS="742" WIDTH="62" HEIGHT="20" WC="0.95" CONTENT="deras"/><SP WIDTH="15" VPOS="742" HPOS="701"/>
							<String ID="string_143" HPOS="716" VPOS="741" WIDTH="125" HEIGHT="27" WC="0.96" CONTENT="förtjänster."/>
						</TextLine>
					</TextBlock>
				</ComposedBlock>
				<ComposedBlock ID="cblock_6" HPOS="144" VPOS="797" WIDTH="833" HEIGHT="398">
					<TextBlock ID="block_6" HPOS="144" VPOS="797" WIDTH="833" HEIGHT="398">
						<TextLine ID="line_17" HPOS="214" VPOS="797" WIDTH="759" HEIGHT="28">
							<String ID="string_144" HPOS="214" VPOS="797" WIDTH="33" HEIGHT="20" WC="0.96" CONTENT="Hr"/><SP WIDTH="15" VPOS="797" HPOS="247"/>
							<String ID="string_145" HPOS="262" VPOS="797" WIDTH="120" HEIGHT="21" WC="0.96" CONTENT="Jansson:"/><SP WIDTH="16" VPOS="797" HPOS="382"/>
							<String ID="string_146" HPOS="398" VPOS="798" WIDTH="11" HEIGHT="20" WC="0.96" CONTENT="I"/><SP WIDTH="15" VPOS="798" HPOS="409"/>
							<String ID="string_147" HPOS="424" VPOS="798" WIDTH="65" HEIGHT="21" WC="0.96" CONTENT="likhet"/><SP WIDTH="15" VPOS="798" HPOS="489"/>
							<String ID="string_148" HPOS="504" VPOS="799" WIDTH="47" HEIGHT="20" WC="0.96" CONTENT="med"/><SP WIDTH="17" VPOS="799" HPOS="551"/>
							<String ID="string_149" HPOS="568" VPOS="799" WIDTH="25" HEIGHT="20" WC="0.93" CONTENT="hr"/><SP WIDTH="14" VPOS="799" HPOS="593"/>
							<String ID="string_150" HPOS="607" VPOS="798" WIDTH="96" HEIGHT="21" WC="0.91" CONTENT="Jusélius"/><SP WIDTH="16" VPOS="798" HPOS="703"/>
							<String ID="string_151" HPOS="719" VPOS="798" WIDTH="37" HEIGHT="20" WC="0.96" CONTENT="ber"/><SP WIDTH="15" VPOS="798" HPOS="756"/>
							<String ID="string_152" HPOS="771" VPOS="798" WIDTH="35" HEIGHT="27" WC="0.96" CONTENT="jag"/><SP WIDTH="15" VPOS="798" HPOS="806"/>
							<String ID="string_153" HPOS="821" VPOS="800" WIDTH="29" HEIGHT="18" WC="0.96" CONTENT="att"/><SP WIDTH="14" VPOS="800" HPOS="850"/>
							<String ID="string_154" HPOS="864" VPOS="797" WIDTH="22" HEIGHT="21" WC="0.93" CONTENT="få"/><SP WIDTH="10" VPOS="797" HPOS="886"/>
							<String ID="string_155" HPOS="896" VPOS="798" WIDTH="77" HEIGHT="20" WC="0.91" CONTENT="under-"/>
						</TextLine>
						<TextLine ID="line_18" HPOS="144" VPOS="825" WIDTH="830" HEIGHT="28">
							<String ID="string_156" HPOS="144" VPOS="825" WIDTH="62" HEIGHT="21" WC="0.96" CONTENT="stöda"/><SP WIDTH="16" VPOS="825" HPOS="206"/>
							<String ID="string_157" HPOS="222" VPOS="826" WIDTH="40" HEIGHT="20" WC="0.93" CONTENT="den"/><SP WIDTH="17" VPOS="826" HPOS="262"/>
							<String ID="string_158" HPOS="279" VPOS="826" WIDTH="96" HEIGHT="21" WC="0.93" CONTENT="lokution"/><SP WIDTH="16" VPOS="826" HPOS="375"/>
							<String ID="string_159" HPOS="391" VPOS="826" WIDTH="24" HEIGHT="21" WC="0.96" CONTENT="hr"/><SP WIDTH="15" VPOS="826" HPOS="415"/>
							<String ID="string_160" HPOS="430" VPOS="826" WIDTH="116" HEIGHT="21" WC="0.96" CONTENT="Rönnbäck"/><SP WIDTH="16" VPOS="826" HPOS="546"/>
							<String ID="string_161" HPOS="562" VPOS="828" WIDTH="7" HEIGHT="19" WC="0.96" CONTENT="i"/><SP WIDTH="15" VPOS="828" HPOS="569"/>
							<String ID="string_162" HPOS="584" VPOS="827" WIDTH="33" HEIGHT="21" WC="0.96" CONTENT="sin"/><SP WIDTH="15" VPOS="827" HPOS="617"/>
							<String ID="string_163" HPOS="632" VPOS="827" WIDTH="130" HEIGHT="21" WC="0.96" CONTENT="reservation"/><SP WIDTH="13" VPOS="827" HPOS="762"/>
							<String ID="string_164" HPOS="775" VPOS="827" WIDTH="37" HEIGHT="20" WC="0.93" CONTENT="har"/><SP WIDTH="12" VPOS="827" HPOS="812"/>
							<String ID="string_165" HPOS="824" VPOS="826" WIDTH="60" HEIGHT="27" WC="0.93" CONTENT="gifvit"/><SP WIDTH="11" VPOS="826" HPOS="884"/>
							<String ID="string_166" HPOS="895" VPOS="826" WIDTH="20" HEIGHT="20" WC="0.93" CONTENT="åt"/><SP WIDTH="10" VPOS="826" HPOS="915"/>
							<String ID="string_167" HPOS="925" VPOS="826" WIDTH="49" HEIGHT="20" WC="0.88" CONTENT="ifrå-"/>
						</TextLine>
						<TextLine ID="line_19" HPOS="145" VPOS="854" WIDTH="830" HEIGHT="29">
							<String ID="string_168" HPOS="145" VPOS="854" WIDTH="121" HEIGHT="26" WC="0.88" CONTENT="gavarande"/><SP WIDTH="23" VPOS="854" HPOS="266"/>
							<String ID="string_169" HPOS="289" VPOS="855" WIDTH="103" HEIGHT="27" WC="0.94" CONTENT="paragraf."/><SP WIDTH="30" VPOS="855" HPOS="392"/>
							<String ID="string_170" HPOS="422" VPOS="855" WIDTH="50" HEIGHT="21" WC="0.96" CONTENT="Men"/><SP WIDTH="22" VPOS="855" HPOS="472"/>
							<String ID="string_171" HPOS="494" VPOS="856" WIDTH="35" HEIGHT="26" WC="0.95" CONTENT="jag"/><SP WIDTH="22" VPOS="856" HPOS="529"/>
							<String ID="string_172" HPOS="551" VPOS="857" WIDTH="58" HEIGHT="25" WC="0.96" CONTENT="tager"/><SP WIDTH="19" VPOS="857" HPOS="609"/>
							<String ID="string_173" HPOS="628" VPOS="856" WIDTH="43" HEIGHT="27" WC="0.96" CONTENT="mig"/><SP WIDTH="16" VPOS="856" HPOS="671"/>
							<String ID="string_174" HPOS="687" VPOS="855" WIDTH="91" HEIGHT="21" WC="0.66" CONTENT="friheten"/><SP WIDTH="16" VPOS="855" HPOS="778"/>
							<String ID="string_175" HPOS="794" VPOS="854" WIDTH="76" HEIGHT="22" WC="0.95" CONTENT="föreslå"/><SP WIDTH="16" VPOS="854" HPOS="870"/>
							<String ID="string_176" HPOS="886" VPOS="856" WIDTH="29" HEIGHT="19" WC="0.96" CONTENT="ett"/><SP WIDTH="14" VPOS="856" HPOS="915"/>
							<String ID="string_177" HPOS="929" VPOS="854" WIDTH="46" HEIGHT="21" WC="0.96" CONTENT="litet"/>
						</TextLine>
						<TextLine ID="line_20" HPOS="145" VPOS="882" WIDTH="829" HEIGHT="28">
							<String ID="string_178" HPOS="145" VPOS="882" WIDTH="74" HEIGHT="28" WC="0.96" CONTENT="tillägg"/><SP WIDTH="15" VPOS="882" HPOS="219"/>
							<String ID="string_179" HPOS="234" VPOS="882" WIDTH="33" HEIGHT="21" WC="0.95" CONTENT="till"/><SP WIDTH="16" VPOS="882" HPOS="267"/>
							<String ID="string_180" HPOS="283" VPOS="883" WIDTH="39" HEIGHT="21" WC="0.95" CONTENT="den"/><SP WIDTH="17" VPOS="883" HPOS="322"/>
							<String ID="string_181" HPOS="339" VPOS="883" WIDTH="22" HEIGHT="21" WC="0.96" CONTENT="af"/><SP WIDTH="14" VPOS="883" HPOS="361"/>
							<String ID="string_182" HPOS="375" VPOS="884" WIDTH="25" HEIGHT="20" WC="0.96" CONTENT="hr"/><SP WIDTH="15" VPOS="884" HPOS="400"/>
							<String ID="string_183" HPOS="415" VPOS="883" WIDTH="115" HEIGHT="21" WC="0.96" CONTENT="Rönnbäck"/><SP WIDTH="15" VPOS="883" HPOS="530"/>
							<String ID="string_184" HPOS="545" VPOS="884" WIDTH="112" HEIGHT="21" WC="0.96" CONTENT="förordade"/><SP WIDTH="15" VPOS="884" HPOS="657"/>
							<String ID="string_185" HPOS="672" VPOS="884" WIDTH="104" HEIGHT="26" WC="0.96" CONTENT="lydelsen,"/><SP WIDTH="12" VPOS="884" HPOS="776"/>
							<String ID="string_186" HPOS="788" VPOS="884" WIDTH="22" HEIGHT="20" WC="0.96" CONTENT="så"/><SP WIDTH="11" VPOS="884" HPOS="810"/>
							<String ID="string_187" HPOS="821" VPOS="885" WIDTH="29" HEIGHT="19" WC="0.96" CONTENT="att"/><SP WIDTH="11" VPOS="885" HPOS="850"/>
							<String ID="string_188" HPOS="861" VPOS="883" WIDTH="35" HEIGHT="21" WC="0.96" CONTENT="det"/><SP WIDTH="10" VPOS="883" HPOS="896"/>
							<String ID="string_189" HPOS="906" VPOS="882" WIDTH="68" HEIGHT="21" WC="0.96" CONTENT="skulle"/>
						</TextLine>
						<TextLine ID="line_21" HPOS="145" VPOS="911" WIDTH="830" HEIGHT="29">
							<String ID="string_190" HPOS="145" VPOS="911" WIDTH="58" HEIGHT="20" WC="0.92" CONTENT="heta:"/><SP WIDTH="24" VPOS="911" HPOS="203"/>
							<String ID="string_191" HPOS="227" VPOS="911" WIDTH="66" HEIGHT="27" WC="0.74" CONTENT=",,efter"/><SP WIDTH="22" VPOS="911" HPOS="293"/>
							<String ID="string_192" HPOS="315" VPOS="912" WIDTH="100" HEIGHT="27" WC="0.92" CONTENT="pröfning"/><SP WIDTH="21" VPOS="912" HPOS="415"/>
							<String ID="string_193" HPOS="436" VPOS="912" WIDTH="80" HEIGHT="21" WC="0.96" CONTENT="tilldela"/><SP WIDTH="23" VPOS="912" HPOS="516"/>
							<String ID="string_194" HPOS="539" VPOS="912" WIDTH="97" HEIGHT="28" WC="0.96" CONTENT="åklagare"/><SP WIDTH="21" VPOS="912" HPOS="636"/>
							<String ID="string_195" HPOS="657" VPOS="912" WIDTH="53" HEIGHT="21" WC="0.96" CONTENT="eller"/><SP WIDTH="15" VPOS="912" HPOS="710"/>
							<String ID="string_196" HPOS="725" VPOS="918" WIDTH="71" HEIGHT="14" WC="0.96" CONTENT="annan"/><SP WIDTH="16" VPOS="918" HPOS="796"/>
							<String ID="string_197" HPOS="812" VPOS="911" WIDTH="48" HEIGHT="21" WC="0.95" CONTENT="med"/><SP WIDTH="16" VPOS="911" HPOS="860"/>
							<String ID="string_198" HPOS="876" VPOS="911" WIDTH="71" HEIGHT="26" WC="0.93" CONTENT="tillsyn"/><SP WIDTH="17" VPOS="911" HPOS="947"/>
							<String ID="string_199" HPOS="964" VPOS="911" WIDTH="11" HEIGHT="20" WC="0.93" CONTENT="å"/>
						</TextLine>
						<TextLine ID="line_22" HPOS="145" VPOS="939" WIDTH="830" HEIGHT="29">
							<String ID="string_200" HPOS="145" VPOS="939" WIDTH="156" HEIGHT="22" WC="0.92" CONTENT="efterlefnaden"/><SP WIDTH="23" VPOS="939" HPOS="301"/>
							<String ID="string_201" HPOS="324" VPOS="940" WIDTH="21" HEIGHT="21" WC="0.96" CONTENT="af"/><SP WIDTH="22" VPOS="940" HPOS="345"/>
							<String ID="string_202" HPOS="367" VPOS="940" WIDTH="70" HEIGHT="21" WC="0.95" CONTENT="denna"/><SP WIDTH="22" VPOS="940" HPOS="437"/>
							<String ID="string_203" HPOS="459" VPOS="940" WIDTH="123" HEIGHT="28" WC="0.96" CONTENT="förordning"/><SP WIDTH="20" VPOS="940" HPOS="582"/>
							<String ID="string_204" HPOS="602" VPOS="941" WIDTH="89" HEIGHT="21" WC="0.95" CONTENT="betrodd"/><SP WIDTH="17" VPOS="941" HPOS="691"/>
							<String ID="string_205" HPOS="708" VPOS="941" WIDTH="94" HEIGHT="26" WC="0.88" CONTENT="person&quot;."/><SP WIDTH="29" VPOS="941" HPOS="802"/>
							<String ID="string_206" HPOS="831" VPOS="940" WIDTH="41" HEIGHT="27" WC="0.95" CONTENT="Jag"/><SP WIDTH="16" VPOS="940" HPOS="872"/>
							<String ID="string_207" HPOS="888" VPOS="942" WIDTH="43" HEIGHT="18" WC="0.96" CONTENT="tror"/><SP WIDTH="15" VPOS="942" HPOS="931"/>
							<String ID="string_208" HPOS="946" VPOS="941" WIDTH="29" HEIGHT="19" WC="0.96" CONTENT="att"/>
						</TextLine>
						<TextLine ID="line_23" HPOS="146" VPOS="967" WIDTH="829" HEIGHT="29">
							<String ID="string_209" HPOS="146" VPOS="970" WIDTH="30" HEIGHT="18" WC="0.96" CONTENT="ett"/><SP WIDTH="20" VPOS="970" HPOS="176"/>
							<String ID="string_210" HPOS="196" VPOS="967" WIDTH="76" HEIGHT="22" WC="0.95" CONTENT="sådant"/><SP WIDTH="15" VPOS="967" HPOS="272"/>
							<String ID="string_211" HPOS="287" VPOS="969" WIDTH="74" HEIGHT="27" WC="0.96" CONTENT="tillägg"/><SP WIDTH="14" VPOS="969" HPOS="361"/>
							<String ID="string_212" HPOS="375" VPOS="969" WIDTH="84" HEIGHT="21" WC="0.95" CONTENT="komme"/><SP WIDTH="16" VPOS="969" HPOS="459"/>
							<String ID="string_213" HPOS="475" VPOS="971" WIDTH="29" HEIGHT="19" WC="0.96" CONTENT="att"/><SP WIDTH="15" VPOS="971" HPOS="504"/>
							<String ID="string_214" HPOS="519" VPOS="969" WIDTH="32" HEIGHT="21" WC="0.96" CONTENT="stå"/><SP WIDTH="14" VPOS="969" HPOS="551"/>
							<String ID="string_215" HPOS="565" VPOS="970" WIDTH="8" HEIGHT="19" WC="0.95" CONTENT="i"/><SP WIDTH="15" VPOS="970" HPOS="573"/>
							<String ID="string_216" HPOS="588" VPOS="969" WIDTH="135" HEIGHT="21" WC="0.96" CONTENT="konsekvens"/><SP WIDTH="15" VPOS="969" HPOS="723"/>
							<String ID="string_217" HPOS="738" VPOS="969" WIDTH="49" HEIGHT="21" WC="0.97" CONTENT="med"/><SP WIDTH="17" VPOS="969" HPOS="787"/>
							<String ID="string_218" HPOS="804" VPOS="969" WIDTH="40" HEIGHT="20" WC="0.95" CONTENT="den"/><SP WIDTH="16" VPOS="969" HPOS="844"/>
							<String ID="string_219" HPOS="860" VPOS="968" WIDTH="54" HEIGHT="21" WC="0.93" CONTENT="åsikt"/><SP WIDTH="15" VPOS="968" HPOS="914"/>
							<String ID="string_220" HPOS="929" VPOS="968" WIDTH="46" HEIGHT="21" WC="0.93" CONTENT="bor-"/>
						</TextLine>
						<TextLine ID="line_24" HPOS="146" VPOS="996" WIDTH="830" HEIGHT="29">
							<String ID="string_221" HPOS="146" VPOS="996" WIDTH="137" HEIGHT="27" WC="0.92" CONTENT="gareständet"/><SP WIDTH="14" VPOS="996" HPOS="283"/>
							<String ID="string_222" HPOS="297" VPOS="997" WIDTH="7" HEIGHT="20" WC="0.96" CONTENT="i"/><SP WIDTH="16" VPOS="997" HPOS="304"/>
							<String ID="string_223" HPOS="320" VPOS="997" WIDTH="57" HEIGHT="21" WC="0.96" CONTENT="detta"/><SP WIDTH="16" VPOS="997" HPOS="377"/>
							<String ID="string_224" HPOS="393" VPOS="997" WIDTH="98" HEIGHT="21" WC="0.96" CONTENT="afseende"/><SP WIDTH="16" VPOS="997" HPOS="491"/>
							<String ID="string_225" HPOS="507" VPOS="998" WIDTH="88" HEIGHT="27" WC="0.96" CONTENT="tidigare"/><SP WIDTH="16" VPOS="998" HPOS="595"/>
							<String ID="string_226" HPOS="611" VPOS="999" WIDTH="38" HEIGHT="20" WC="0.96" CONTENT="har"/><SP WIDTH="15" VPOS="999" HPOS="649"/>
							<String ID="string_227" HPOS="664" VPOS="997" WIDTH="83" HEIGHT="27" WC="0.93" CONTENT="uttalat,"/><SP WIDTH="16" VPOS="997" HPOS="747"/>
							<String ID="string_228" HPOS="763" VPOS="997" WIDTH="18" HEIGHT="21" WC="0.93" CONTENT="d."/><SP WIDTH="17" VPOS="997" HPOS="781"/>
							<String ID="string_229" HPOS="798" VPOS="1004" WIDTH="18" HEIGHT="13" WC="0.92" CONTENT="v."/><SP WIDTH="12" VPOS="1004" HPOS="816"/>
							<String ID="string_230" HPOS="828" VPOS="1003" WIDTH="14" HEIGHT="14" WC="0.92" CONTENT="s."/><SP WIDTH="14" VPOS="1003" HPOS="842"/>
							<String ID="string_231" HPOS="856" VPOS="999" WIDTH="30" HEIGHT="18" WC="0.96" CONTENT="att"/><SP WIDTH="12" VPOS="999" HPOS="886"/>
							<String ID="string_232" HPOS="898" VPOS="999" WIDTH="29" HEIGHT="18" WC="0.93" CONTENT="ett"/><SP WIDTH="13" VPOS="999" HPOS="927"/>
							<String ID="string_233" HPOS="940" VPOS="1003" WIDTH="36" HEIGHT="14" WC="0.92" CONTENT="en-"/>
						</TextLine>
						<TextLine ID="line_25" HPOS="146" VPOS="1025" WIDTH="830" HEIGHT="28">
							<String ID="string_234" HPOS="146" VPOS="1025" WIDTH="64" HEIGHT="20" WC="0.88" CONTENT="skildt"/><SP WIDTH="22" VPOS="1025" HPOS="210"/>
							<String ID="string_235" HPOS="232" VPOS="1025" WIDTH="191" HEIGHT="27" WC="0.92" CONTENT="angifvaresystem"/><SP WIDTH="20" VPOS="1025" HPOS="423"/>
							<String ID="string_236" HPOS="443" VPOS="1027" WIDTH="116" HEIGHT="26" WC="0.96" CONTENT="ingalunda"/><SP WIDTH="22" VPOS="1027" HPOS="559"/>
							<String ID="string_237" HPOS="581" VPOS="1033" WIDTH="76" HEIGHT="20" WC="0.92" CONTENT="genom"/><SP WIDTH="16" VPOS="1033" HPOS="657"/>
							<String ID="string_238" HPOS="673" VPOS="1026" WIDTH="130" HEIGHT="27" WC="0.91" CONTENT="premiering"/><SP WIDTH="15" VPOS="1026" HPOS="803"/>
							<String ID="string_239" HPOS="818" VPOS="1025" WIDTH="66" HEIGHT="21" WC="0.93" CONTENT="borde"/><SP WIDTH="15" VPOS="1025" HPOS="884"/>
							<String ID="string_240" HPOS="899" VPOS="1025" WIDTH="77" HEIGHT="21" WC="0.90" CONTENT="under-"/>
						</TextLine>
						<TextLine ID="line_26" HPOS="144" VPOS="1053" WIDTH="832" HEIGHT="28">
							<String ID="string_241" HPOS="144" VPOS="1053" WIDTH="79" HEIGHT="20" WC="0.90" CONTENT="stödas."/><SP WIDTH="30" VPOS="1053" HPOS="223"/>
							<String ID="string_242" HPOS="253" VPOS="1053" WIDTH="69" HEIGHT="21" WC="0.95" CONTENT="Fallet"/><SP WIDTH="15" VPOS="1053" HPOS="322"/>
							<String ID="string_243" HPOS="337" VPOS="1056" WIDTH="24" HEIGHT="18" WC="0.96" CONTENT="är"/><SP WIDTH="14" VPOS="1056" HPOS="361"/>
							<String ID="string_244" HPOS="375" VPOS="1055" WIDTH="106" HEIGHT="26" WC="0.96" CONTENT="nämligen"/><SP WIDTH="16" VPOS="1055" HPOS="481"/>
							<String ID="string_245" HPOS="497" VPOS="1057" WIDTH="34" HEIGHT="24" WC="0.96" CONTENT="att,"/><SP WIDTH="17" VPOS="1057" HPOS="531"/>
							<String ID="string_246" HPOS="548" VPOS="1055" WIDTH="26" HEIGHT="20" WC="0.96" CONTENT="dä"/><SP WIDTH="15" VPOS="1055" HPOS="574"/>
							<String ID="string_247" HPOS="589" VPOS="1055" WIDTH="36" HEIGHT="21" WC="0.96" CONTENT="det"/><SP WIDTH="15" VPOS="1055" HPOS="625"/>
							<String ID="string_248" HPOS="640" VPOS="1061" WIDTH="30" HEIGHT="14" WC="0.96" CONTENT="nu"/><SP WIDTH="16" VPOS="1061" HPOS="670"/>
							<String ID="string_249" HPOS="686" VPOS="1055" WIDTH="68" HEIGHT="20" WC="0.95" CONTENT="heter:"/><SP WIDTH="17" VPOS="1055" HPOS="754"/>
							<String ID="string_250" HPOS="771" VPOS="1054" WIDTH="91" HEIGHT="26" WC="0.88" CONTENT=",tilldela"/><SP WIDTH="16" VPOS="1054" HPOS="862"/>
							<String ID="string_251" HPOS="878" VPOS="1053" WIDTH="98" HEIGHT="28" WC="0.96" CONTENT="åklagare"/>
						</TextLine>
						<TextLine ID="line_27" HPOS="146" VPOS="1081" WIDTH="830" HEIGHT="29">
							<String ID="string_252" HPOS="146" VPOS="1081" WIDTH="53" HEIGHT="21" WC="0.96" CONTENT="eller"/><SP WIDTH="15" VPOS="1081" HPOS="199"/>
							<String ID="string_253" HPOS="214" VPOS="1083" WIDTH="91" HEIGHT="26" WC="0.94" CONTENT="annan&quot;,"/><SP WIDTH="15" VPOS="1083" HPOS="305"/>
							<String ID="string_254" HPOS="320" VPOS="1083" WIDTH="49" HEIGHT="20" WC="0.96" CONTENT="med"/><SP WIDTH="16" VPOS="1083" HPOS="369"/>
							<String ID="string_255" HPOS="385" VPOS="1083" WIDTH="57" HEIGHT="20" WC="0.93" CONTENT="detta"/><SP WIDTH="15" VPOS="1083" HPOS="442"/>
							<String ID="string_256" HPOS="457" VPOS="1083" WIDTH="94" HEIGHT="26" WC="0.79" CONTENT=",annan*"/><SP WIDTH="17" VPOS="1083" HPOS="551"/>
							<String ID="string_257" HPOS="568" VPOS="1083" WIDTH="41" HEIGHT="21" WC="0.96" CONTENT="kan"/><SP WIDTH="16" VPOS="1083" HPOS="609"/>
							<String ID="string_258" HPOS="625" VPOS="1083" WIDTH="84" HEIGHT="27" WC="0.96" CONTENT="förstås,"/><SP WIDTH="15" VPOS="1083" HPOS="709"/>
							<String ID="string_259" HPOS="724" VPOS="1083" WIDTH="87" HEIGHT="20" WC="0.96" CONTENT="hvilken"/><SP WIDTH="11" VPOS="1083" HPOS="811"/>
							<String ID="string_260" HPOS="822" VPOS="1083" WIDTH="68" HEIGHT="26" WC="0.96" CONTENT="privat"/><SP WIDTH="10" VPOS="1083" HPOS="890"/>
							<String ID="string_261" HPOS="900" VPOS="1088" WIDTH="76" HEIGHT="21" WC="0.96" CONTENT="person"/>
						</TextLine>
						<TextLine ID="line_28" HPOS="145" VPOS="1110" WIDTH="832" HEIGHT="28">
							<String ID="string_262" HPOS="145" VPOS="1116" WIDTH="47" HEIGHT="14" WC="0.92" CONTENT="som"/><SP WIDTH="24" VPOS="1116" HPOS="192"/>
							<String ID="string_263" HPOS="216" VPOS="1110" WIDTH="60" HEIGHT="21" WC="0.87" CONTENT="hälst."/><SP WIDTH="31" VPOS="1110" HPOS="276"/>
							<String ID="string_264" HPOS="307" VPOS="1110" WIDTH="102" HEIGHT="22" WC="0.90" CONTENT="Enskilde"/><SP WIDTH="23" VPOS="1110" HPOS="409"/>
							<String ID="string_265" HPOS="432" VPOS="1117" WIDTH="99" HEIGHT="21" WC="0.96" CONTENT="personer"/><SP WIDTH="21" VPOS="1117" HPOS="531"/>
							<String ID="string_266" HPOS="552" VPOS="1111" WIDTH="71" HEIGHT="21" WC="0.96" CONTENT="kunde"/><SP WIDTH="16" VPOS="1111" HPOS="623"/>
							<String ID="string_267" HPOS="639" VPOS="1111" WIDTH="90" HEIGHT="21" WC="0.93" CONTENT="sålunda"/><SP WIDTH="16" VPOS="1111" HPOS="729"/>
							<String ID="string_268" HPOS="745" VPOS="1111" WIDTH="121" HEIGHT="20" WC="0.93" CONTENT="föranledas"/><SP WIDTH="15" VPOS="1111" HPOS="866"/>
							<String ID="string_269" HPOS="881" VPOS="1113" WIDTH="30" HEIGHT="18" WC="0.96" CONTENT="att"/><SP WIDTH="15" VPOS="1113" HPOS="911"/>
							<String ID="string_270" HPOS="926" VPOS="1110" WIDTH="51" HEIGHT="21" WC="0.97" CONTENT="söka"/>
						</TextLine>
						<TextLine ID="line_29" HPOS="145" VPOS="1138" WIDTH="832" HEIGHT="29">
							<String ID="string_271" HPOS="145" VPOS="1138" WIDTH="33" HEIGHT="27" WC="0.96" CONTENT="sig"/><SP WIDTH="16" VPOS="1138" HPOS="178"/>
							<String ID="string_272" HPOS="194" VPOS="1138" WIDTH="42" HEIGHT="21" WC="0.93" CONTENT="den"/><SP WIDTH="16" VPOS="1138" HPOS="236"/>
							<String ID="string_273" HPOS="252" VPOS="1139" WIDTH="193" HEIGHT="28" WC="0.92" CONTENT="inkomstgifvande"/><SP WIDTH="16" VPOS="1139" HPOS="445"/>
							<String ID="string_274" HPOS="461" VPOS="1140" WIDTH="104" HEIGHT="27" WC="0.83" CONTENT="bisysslan"/><SP WIDTH="17" VPOS="1140" HPOS="565"/>
							<String ID="string_275" HPOS="582" VPOS="1142" WIDTH="30" HEIGHT="19" WC="0.93" CONTENT="att"/><SP WIDTH="15" VPOS="1142" HPOS="612"/>
							<String ID="string_276" HPOS="627" VPOS="1140" WIDTH="99" HEIGHT="27" WC="0.96" CONTENT="spionera"/><SP WIDTH="16" VPOS="1140" HPOS="726"/>
							<String ID="string_277" HPOS="742" VPOS="1139" WIDTH="26" HEIGHT="28" WC="0.97" CONTENT="pä"/><SP WIDTH="16" VPOS="1139" HPOS="768"/>
							<String ID="string_278" HPOS="784" VPOS="1139" WIDTH="40" HEIGHT="21" WC="0.93" CONTENT="och"/><SP WIDTH="15" VPOS="1139" HPOS="824"/>
							<String ID="string_279" HPOS="839" VPOS="1139" WIDTH="84" HEIGHT="27" WC="0.93" CONTENT="angifva"/><SP WIDTH="13" VPOS="1139" HPOS="923"/>
							<String ID="string_280" HPOS="936" VPOS="1139" WIDTH="41" HEIGHT="20" WC="0.93" CONTENT="för-"/>
						</TextLine>
						<TextLine ID="line_30" HPOS="145" VPOS="1167" WIDTH="323" HEIGHT="28">
							<String ID="string_281" HPOS="145" VPOS="1167" WIDTH="107" HEIGHT="27" WC="0.91" CONTENT="brytelser"/><SP WIDTH="15" VPOS="1167" HPOS="252"/>
							<String ID="string_282" HPOS="267" VPOS="1169" WIDTH="45" HEIGHT="19" WC="0.93" CONTENT="mot"/><SP WIDTH="15" VPOS="1169" HPOS="312"/>
							<String ID="string_283" HPOS="327" VPOS="1168" WIDTH="141" HEIGHT="27" WC="0.92" CONTENT="bränvinslag."/>
						</TextLine>
					</TextBlock>
				</ComposedBlock>
				<ComposedBlock ID="cblock_7" HPOS="145" VPOS="1223" WIDTH="838" HEIGHT="314">
					<TextBlock ID="block_7" HPOS="145" VPOS="1223" WIDTH="838" HEIGHT="314">
						<TextLine ID="line_31" HPOS="216" VPOS="1223" WIDTH="762" HEIGHT="30">
							<String ID="string_284" HPOS="216" VPOS="1224" WIDTH="33" HEIGHT="21" WC="0.93" CONTENT="Hr"/><SP WIDTH="16" VPOS="1224" HPOS="249"/>
							<String ID="string_285" HPOS="265" VPOS="1225" WIDTH="136" HEIGHT="28" WC="0.91" CONTENT="Clouberg:"/><SP WIDTH="13" VPOS="1225" HPOS="401"/>
							<String ID="string_286" HPOS="414" VPOS="1225" WIDTH="10" HEIGHT="21" WC="0.92" CONTENT="I"/><SP WIDTH="13" VPOS="1225" HPOS="424"/>
							<String ID="string_287" HPOS="437" VPOS="1226" WIDTH="12" HEIGHT="26" WC="0.90" CONTENT="$"/><SP WIDTH="12" VPOS="1226" HPOS="449"/>
							<String ID="string_288" HPOS="461" VPOS="1226" WIDTH="26" HEIGHT="20" WC="0.96" CONTENT="47"/><SP WIDTH="17" VPOS="1226" HPOS="487"/>
							<String ID="string_289" HPOS="504" VPOS="1226" WIDTH="21" HEIGHT="20" WC="0.96" CONTENT="af"/><SP WIDTH="15" VPOS="1226" HPOS="525"/>
							<String ID="string_290" HPOS="540" VPOS="1225" WIDTH="153" HEIGHT="28" WC="0.96" CONTENT="förordningen"/><SP WIDTH="17" VPOS="1225" HPOS="693"/>
							<String ID="string_291" HPOS="710" VPOS="1231" WIDTH="34" HEIGHT="14" WC="0.96" CONTENT="om"/><SP WIDTH="16" VPOS="1231" HPOS="744"/>
							<String ID="string_292" HPOS="760" VPOS="1224" WIDTH="110" HEIGHT="21" WC="0.96" CONTENT="införande"/><SP WIDTH="16" VPOS="1224" HPOS="870"/>
							<String ID="string_293" HPOS="886" VPOS="1224" WIDTH="21" HEIGHT="20" WC="0.93" CONTENT="af"/><SP WIDTH="15" VPOS="1224" HPOS="907"/>
							<String ID="string_294" HPOS="922" VPOS="1223" WIDTH="56" HEIGHT="21" WC="0.92" CONTENT="staff-"/>
						</TextLine>
						<TextLine ID="line_32" HPOS="145" VPOS="1252" WIDTH="834" HEIGHT="29">
							<String ID="string_295" HPOS="145" VPOS="1253" WIDTH="63" HEIGHT="28" WC="0.93" CONTENT="lagen"/><SP WIDTH="24" VPOS="1253" HPOS="208"/>
							<String ID="string_296" HPOS="232" VPOS="1253" WIDTH="129" HEIGHT="22" WC="0.87" CONTENT="bestämmes"/><SP WIDTH="23" VPOS="1253" HPOS="361"/>
							<String ID="string_297" HPOS="384" VPOS="1256" WIDTH="29" HEIGHT="19" WC="0.92" CONTENT="att"/><SP WIDTH="23" VPOS="1256" HPOS="413"/>
							<String ID="string_298" HPOS="436" VPOS="1254" WIDTH="63" HEIGHT="27" WC="0.89" CONTENT="böter,"/><SP WIDTH="23" VPOS="1254" HPOS="499"/>
							<String ID="string_299" HPOS="522" VPOS="1261" WIDTH="45" HEIGHT="14" WC="0.96" CONTENT="som"/><SP WIDTH="24" VPOS="1261" HPOS="567"/>
							<String ID="string_300" HPOS="591" VPOS="1254" WIDTH="65" HEIGHT="27" WC="0.96" CONTENT="enligt"/><SP WIDTH="16" VPOS="1254" HPOS="656"/>
							<String ID="string_301" HPOS="672" VPOS="1253" WIDTH="125" HEIGHT="27" WC="0.93" CONTENT="strafflagen"/><SP WIDTH="16" VPOS="1253" HPOS="797"/>
							<String ID="string_302" HPOS="813" VPOS="1253" WIDTH="91" HEIGHT="25" WC="0.91" CONTENT="ädömas,"/><SP WIDTH="16" VPOS="1253" HPOS="904"/>
							<String ID="string_303" HPOS="920" VPOS="1252" WIDTH="59" HEIGHT="20" WC="0.96" CONTENT="skola"/>
						</TextLine>
						<TextLine ID="line_33" HPOS="147" VPOS="1281" WIDTH="833" HEIGHT="28">
							<String ID="string_304" HPOS="147" VPOS="1282" WIDTH="83" HEIGHT="21" WC="0.96" CONTENT="tillfalla"/><SP WIDTH="24" VPOS="1282" HPOS="230"/>
							<String ID="string_305" HPOS="254" VPOS="1282" WIDTH="82" HEIGHT="21" WC="0.96" CONTENT="kronan"/><SP WIDTH="24" VPOS="1282" HPOS="336"/>
							<String ID="string_306" HPOS="360" VPOS="1289" WIDTH="78" HEIGHT="14" WC="0.90" CONTENT="ensam."/><SP WIDTH="29" VPOS="1289" HPOS="438"/>
							<String ID="string_307" HPOS="467" VPOS="1283" WIDTH="75" HEIGHT="20" WC="0.92" CONTENT="Tillika"/><SP WIDTH="22" VPOS="1283" HPOS="542"/>
							<String ID="string_308" HPOS="564" VPOS="1283" WIDTH="84" HEIGHT="26" WC="0.96" CONTENT="stadgas"/><SP WIDTH="26" VPOS="1283" HPOS="648"/>
							<String ID="string_309" HPOS="674" VPOS="1282" WIDTH="37" HEIGHT="20" WC="0.45" CONTENT="det"/><SP WIDTH="15" VPOS="1282" HPOS="711"/>
							<String ID="string_310" HPOS="726" VPOS="1282" WIDTH="8" HEIGHT="19" WC="0.86" CONTENT="i"/><SP WIDTH="15" VPOS="1282" HPOS="734"/>
							<String ID="string_311" HPOS="749" VPOS="1282" WIDTH="12" HEIGHT="19" WC="0.96" CONTENT="2"/><SP WIDTH="16" VPOS="1282" HPOS="761"/>
							<String ID="string_312" HPOS="777" VPOS="1287" WIDTH="63" HEIGHT="14" WC="0.96" CONTENT="mom."/><SP WIDTH="23" VPOS="1287" HPOS="840"/>
							<String ID="string_313" HPOS="863" VPOS="1281" WIDTH="21" HEIGHT="20" WC="0.96" CONTENT="af"/><SP WIDTH="15" VPOS="1281" HPOS="884"/>
							<String ID="string_314" HPOS="899" VPOS="1287" WIDTH="81" HEIGHT="14" WC="0.96" CONTENT="samma"/>
						</TextLine>
						<TextLine ID="line_34" HPOS="146" VPOS="1309" WIDTH="834" HEIGHT="29">
							<String ID="string_315" HPOS="146" VPOS="1312" WIDTH="28" HEIGHT="19" WC="0.96" CONTENT="47"/><SP WIDTH="18" VPOS="1312" HPOS="174"/>
							<String ID="string_316" HPOS="192" VPOS="1311" WIDTH="12" HEIGHT="26" WC="0.92" CONTENT="8"/><SP WIDTH="16" VPOS="1311" HPOS="204"/>
							<String ID="string_317" HPOS="220" VPOS="1313" WIDTH="30" HEIGHT="18" WC="0.96" CONTENT="att"/><SP WIDTH="17" VPOS="1313" HPOS="250"/>
							<String ID="string_318" HPOS="267" VPOS="1311" WIDTH="35" HEIGHT="20" WC="0.96" CONTENT="det"/><SP WIDTH="15" VPOS="1311" HPOS="302"/>
							<String ID="string_319" HPOS="317" VPOS="1311" WIDTH="125" HEIGHT="21" WC="0.93" CONTENT="ankommer"/><SP WIDTH="10" VPOS="1311" HPOS="442"/>
							<String ID="string_320" HPOS="452" VPOS="1311" WIDTH="12" HEIGHT="21" WC="0.92" CONTENT="å"/><SP WIDTH="10" VPOS="1311" HPOS="464"/>
							<String ID="string_321" HPOS="474" VPOS="1311" WIDTH="103" HEIGHT="27" WC="0.96" CONTENT="Kejsaren"/><SP WIDTH="16" VPOS="1311" HPOS="577"/>
							<String ID="string_322" HPOS="593" VPOS="1311" WIDTH="39" HEIGHT="21" WC="0.93" CONTENT="och"/><SP WIDTH="16" VPOS="1311" HPOS="632"/>
							<String ID="string_323" HPOS="648" VPOS="1310" WIDTH="132" HEIGHT="21" WC="0.90" CONTENT="Storfursten"/><SP WIDTH="16" VPOS="1310" HPOS="780"/>
							<String ID="string_324" HPOS="796" VPOS="1311" WIDTH="30" HEIGHT="19" WC="0.96" CONTENT="att"/><SP WIDTH="10" VPOS="1311" HPOS="826"/>
							<String ID="string_325" HPOS="836" VPOS="1309" WIDTH="100" HEIGHT="20" WC="0.96" CONTENT="förordna"/><SP WIDTH="9" VPOS="1309" HPOS="936"/>
							<String ID="string_326" HPOS="945" VPOS="1315" WIDTH="35" HEIGHT="14" WC="0.96" CONTENT="om"/>
						</TextLine>
						<TextLine ID="line_35" HPOS="147" VPOS="1337" WIDTH="833" HEIGHT="29">
							<String ID="string_327" HPOS="147" VPOS="1339" WIDTH="150" HEIGHT="27" WC="0.96" CONTENT="fördelningen"/><SP WIDTH="24" VPOS="1339" HPOS="297"/>
							<String ID="string_328" HPOS="321" VPOS="1339" WIDTH="22" HEIGHT="20" WC="0.96" CONTENT="af"/><SP WIDTH="22" VPOS="1339" HPOS="343"/>
							<String ID="string_329" HPOS="365" VPOS="1339" WIDTH="60" HEIGHT="22" WC="0.96" CONTENT="böter"/><SP WIDTH="22" VPOS="1339" HPOS="425"/>
							<String ID="string_330" HPOS="447" VPOS="1340" WIDTH="39" HEIGHT="21" WC="0.93" CONTENT="och"/><SP WIDTH="23" VPOS="1340" HPOS="486"/>
							<String ID="string_331" HPOS="509" VPOS="1340" WIDTH="56" HEIGHT="20" WC="0.92" CONTENT="viten"/><SP WIDTH="17" VPOS="1340" HPOS="565"/>
							<String ID="string_332" HPOS="582" VPOS="1341" WIDTH="54" HEIGHT="19" WC="0.96" CONTENT="samt"/><SP WIDTH="15" VPOS="1341" HPOS="636"/>
							<String ID="string_333" HPOS="651" VPOS="1339" WIDTH="78" HEIGHT="20" WC="0.93" CONTENT="sådant"/><SP WIDTH="14" VPOS="1339" HPOS="729"/>
							<String ID="string_334" HPOS="743" VPOS="1338" WIDTH="105" HEIGHT="21" WC="0.92" CONTENT="förbrutet"/><SP WIDTH="12" VPOS="1338" HPOS="848"/>
							<String ID="string_335" HPOS="860" VPOS="1337" WIDTH="58" HEIGHT="27" WC="0.96" CONTENT="gods,"/><SP WIDTH="16" VPOS="1337" HPOS="918"/>
							<String ID="string_336" HPOS="934" VPOS="1343" WIDTH="46" HEIGHT="14" WC="0.96" CONTENT="som"/>
						</TextLine>
						<TextLine ID="line_36" HPOS="147" VPOS="1365" WIDTH="833" HEIGHT="29">
							<String ID="string_337" HPOS="147" VPOS="1367" WIDTH="96" HEIGHT="21" WC="0.96" CONTENT="tillfaller"/><SP WIDTH="15" VPOS="1367" HPOS="243"/>
							<String ID="string_338" HPOS="258" VPOS="1368" WIDTH="89" HEIGHT="26" WC="0.95" CONTENT="kronan,"/><SP WIDTH="15" VPOS="1368" HPOS="347"/>
							<String ID="string_339" HPOS="362" VPOS="1370" WIDTH="55" HEIGHT="19" WC="0.96" CONTENT="samt"/><SP WIDTH="15" VPOS="1370" HPOS="417"/>
							<String ID="string_340" HPOS="432" VPOS="1368" WIDTH="116" HEIGHT="21" WC="0.96" CONTENT="bestämma"/><SP WIDTH="16" VPOS="1368" HPOS="548"/>
							<String ID="string_341" HPOS="564" VPOS="1367" WIDTH="41" HEIGHT="22" WC="0.96" CONTENT="den"/><SP WIDTH="16" VPOS="1367" HPOS="605"/>
							<String ID="string_342" HPOS="621" VPOS="1367" WIDTH="124" HEIGHT="27" WC="0.96" CONTENT="ersättning,"/><SP WIDTH="16" VPOS="1367" HPOS="745"/>
							<String ID="string_343" HPOS="761" VPOS="1373" WIDTH="46" HEIGHT="14" WC="0.93" CONTENT="som"/><SP WIDTH="16" VPOS="1373" HPOS="807"/>
							<String ID="string_344" HPOS="823" VPOS="1365" WIDTH="70" HEIGHT="22" WC="0.90" CONTENT="tillbör"/><SP WIDTH="15" VPOS="1365" HPOS="893"/>
							<String ID="string_345" HPOS="908" VPOS="1365" WIDTH="72" HEIGHT="21" WC="0.92" CONTENT="inrätt-"/>
						</TextLine>
						<TextLine ID="line_37" HPOS="148" VPOS="1394" WIDTH="833" HEIGHT="30">
							<String ID="string_346" HPOS="148" VPOS="1396" WIDTH="58" HEIGHT="27" WC="0.93" CONTENT="ning,"/><SP WIDTH="22" VPOS="1396" HPOS="206"/>
							<String ID="string_347" HPOS="228" VPOS="1396" WIDTH="109" HEIGHT="27" WC="0.92" CONTENT="menighet"/><SP WIDTH="16" VPOS="1396" HPOS="337"/>
							<String ID="string_348" HPOS="353" VPOS="1397" WIDTH="52" HEIGHT="21" WC="0.93" CONTENT="eller"/><SP WIDTH="15" VPOS="1397" HPOS="405"/>
							<String ID="string_349" HPOS="420" VPOS="1398" WIDTH="126" HEIGHT="26" WC="0.91" CONTENT="tjänsteman"/><SP WIDTH="15" VPOS="1398" HPOS="546"/>
							<String ID="string_350" HPOS="561" VPOS="1397" WIDTH="33" HEIGHT="20" WC="0.96" CONTENT="för"/><SP WIDTH="15" VPOS="1397" HPOS="594"/>
							<String ID="string_351" HPOS="609" VPOS="1396" WIDTH="42" HEIGHT="21" WC="0.96" CONTENT="den"/><SP WIDTH="15" VPOS="1396" HPOS="651"/>
							<String ID="string_352" HPOS="666" VPOS="1395" WIDTH="65" HEIGHT="21" WC="0.96" CONTENT="andel"/><SP WIDTH="16" VPOS="1395" HPOS="731"/>
							<String ID="string_353" HPOS="747" VPOS="1395" WIDTH="62" HEIGHT="21" WC="0.93" CONTENT="dessa"/><SP WIDTH="15" VPOS="1395" HPOS="809"/>
							<String ID="string_354" HPOS="824" VPOS="1394" WIDTH="56" HEIGHT="21" WC="0.93" CONTENT="förut"/><SP WIDTH="16" VPOS="1394" HPOS="880"/>
							<String ID="string_355" HPOS="896" VPOS="1394" WIDTH="85" HEIGHT="26" WC="0.91" CONTENT="ätnjutit"/>
						</TextLine>
						<TextLine ID="line_38" HPOS="147" VPOS="1422" WIDTH="833" HEIGHT="30">
							<String ID="string_356" HPOS="147" VPOS="1425" WIDTH="8" HEIGHT="19" WC="0.93" CONTENT="i"/><SP WIDTH="21" VPOS="1425" HPOS="155"/>
							<String ID="string_357" HPOS="176" VPOS="1424" WIDTH="68" HEIGHT="27" WC="0.92" CONTENT="böter,"/><SP WIDTH="24" VPOS="1424" HPOS="244"/>
							<String ID="string_358" HPOS="268" VPOS="1425" WIDTH="58" HEIGHT="20" WC="0.92" CONTENT="viten"/><SP WIDTH="24" VPOS="1425" HPOS="326"/>
							<String ID="string_359" HPOS="350" VPOS="1426" WIDTH="39" HEIGHT="20" WC="0.93" CONTENT="och"/><SP WIDTH="22" VPOS="1426" HPOS="389"/>
							<String ID="string_360" HPOS="411" VPOS="1426" WIDTH="68" HEIGHT="26" WC="0.91" CONTENT="dylikt"/><SP WIDTH="14" VPOS="1426" HPOS="479"/>
							<String ID="string_361" HPOS="493" VPOS="1425" WIDTH="58" HEIGHT="27" WC="0.96" CONTENT="gods."/><SP WIDTH="30" VPOS="1425" HPOS="551"/>
							<String ID="string_362" HPOS="581" VPOS="1425" WIDTH="41" HEIGHT="27" WC="0.93" CONTENT="Jag"/><SP WIDTH="15" VPOS="1425" HPOS="622"/>
							<String ID="string_363" HPOS="637" VPOS="1427" WIDTH="44" HEIGHT="18" WC="0.92" CONTENT="tror"/><SP WIDTH="16" VPOS="1427" HPOS="681"/>
							<String ID="string_364" HPOS="697" VPOS="1423" WIDTH="91" HEIGHT="21" WC="0.92" CONTENT="sälunda"/><SP WIDTH="15" VPOS="1423" HPOS="788"/>
							<String ID="string_365" HPOS="803" VPOS="1425" WIDTH="35" HEIGHT="25" WC="0.93" CONTENT="att,"/><SP WIDTH="16" VPOS="1425" HPOS="838"/>
							<String ID="string_366" HPOS="854" VPOS="1422" WIDTH="126" HEIGHT="21" WC="0.92" CONTENT="ätminstone"/>
						</TextLine>
						<TextLine ID="line_39" HPOS="148" VPOS="1451" WIDTH="834" HEIGHT="30">
							<String ID="string_367" HPOS="148" VPOS="1453" WIDTH="54" HEIGHT="20" WC="0.94" CONTENT="efter"/><SP WIDTH="22" VPOS="1453" HPOS="202"/>
							<String ID="string_368" HPOS="224" VPOS="1453" WIDTH="35" HEIGHT="20" WC="0.96" CONTENT="det"/><SP WIDTH="16" VPOS="1453" HPOS="259"/>
							<String ID="string_369" HPOS="275" VPOS="1453" WIDTH="126" HEIGHT="28" WC="0.95" CONTENT="strafflagen"/><SP WIDTH="15" VPOS="1453" HPOS="401"/>
							<String ID="string_370" HPOS="416" VPOS="1454" WIDTH="95" HEIGHT="20" WC="0.96" CONTENT="kommer"/><SP WIDTH="16" VPOS="1454" HPOS="511"/>
							<String ID="string_371" HPOS="527" VPOS="1455" WIDTH="30" HEIGHT="19" WC="0.95" CONTENT="att"/><SP WIDTH="14" VPOS="1455" HPOS="557"/>
							<String ID="string_372" HPOS="571" VPOS="1453" WIDTH="112" HEIGHT="27" WC="0.93" CONTENT="tillämpas,"/><SP WIDTH="16" VPOS="1453" HPOS="683"/>
							<String ID="string_373" HPOS="699" VPOS="1452" WIDTH="127" HEIGHT="27" WC="0.96" CONTENT="regeringen"/><SP WIDTH="15" VPOS="1452" HPOS="826"/>
							<String ID="string_374" HPOS="841" VPOS="1451" WIDTH="96" HEIGHT="21" WC="0.96" CONTENT="kommer"/><SP WIDTH="15" VPOS="1451" HPOS="937"/>
							<String ID="string_375" HPOS="952" VPOS="1452" WIDTH="30" HEIGHT="20" WC="0.96" CONTENT="att"/>
						</TextLine>
						<TextLine ID="line_40" HPOS="148" VPOS="1479" WIDTH="834" HEIGHT="30">
							<String ID="string_376" HPOS="148" VPOS="1481" WIDTH="84" HEIGHT="21" WC="0.95" CONTENT="utfärda"/><SP WIDTH="24" VPOS="1481" HPOS="232"/>
							<String ID="string_377" HPOS="256" VPOS="1482" WIDTH="130" HEIGHT="27" WC="0.95" CONTENT="kungörelse"/><SP WIDTH="16" VPOS="1482" HPOS="386"/>
							<String ID="string_378" HPOS="402" VPOS="1482" WIDTH="62" HEIGHT="21" WC="0.96" CONTENT="äfven"/><SP WIDTH="16" VPOS="1482" HPOS="464"/>
							<String ID="string_379" HPOS="480" VPOS="1482" WIDTH="71" HEIGHT="20" WC="0.96" CONTENT="därom"/><SP WIDTH="16" VPOS="1482" HPOS="551"/>
							<String ID="string_380" HPOS="567" VPOS="1482" WIDTH="55" HEIGHT="20" WC="0.93" CONTENT="huru"/><SP WIDTH="17" VPOS="1482" HPOS="622"/>
							<String ID="string_381" HPOS="639" VPOS="1482" WIDTH="61" HEIGHT="20" WC="0.96" CONTENT="böter"/><SP WIDTH="15" VPOS="1482" HPOS="700"/>
							<String ID="string_382" HPOS="715" VPOS="1481" WIDTH="7" HEIGHT="19" WC="0.93" CONTENT="i"/><SP WIDTH="15" VPOS="1481" HPOS="722"/>
							<String ID="string_383" HPOS="737" VPOS="1479" WIDTH="145" HEIGHT="22" WC="0.81" CONTENT="bränvinsmäl"/><SP WIDTH="16" VPOS="1479" HPOS="882"/>
							<String ID="string_384" HPOS="898" VPOS="1479" WIDTH="84" HEIGHT="20" WC="0.96" CONTENT="komma"/>
						</TextLine>
						<TextLine ID="line_41" HPOS="148" VPOS="1507" WIDTH="835" HEIGHT="30">
							<String ID="string_385" HPOS="148" VPOS="1511" WIDTH="30" HEIGHT="19" WC="0.96" CONTENT="att"/><SP WIDTH="15" VPOS="1511" HPOS="178"/>
							<String ID="string_386" HPOS="193" VPOS="1509" WIDTH="22" HEIGHT="21" WC="0.96" CONTENT="af"/><SP WIDTH="11" VPOS="1509" HPOS="215"/>
							<String ID="string_387" HPOS="226" VPOS="1510" WIDTH="106" HEIGHT="26" WC="0.96" CONTENT="styrelsen"/><SP WIDTH="10" VPOS="1510" HPOS="332"/>
							<String ID="string_388" HPOS="342" VPOS="1511" WIDTH="98" HEIGHT="26" WC="0.96" CONTENT="fördelas,"/><SP WIDTH="11" VPOS="1511" HPOS="440"/>
							<String ID="string_389" HPOS="451" VPOS="1510" WIDTH="133" HEIGHT="27" WC="0.96" CONTENT="naturligtvis"/><SP WIDTH="11" VPOS="1510" HPOS="584"/>
							<String ID="string_390" HPOS="595" VPOS="1510" WIDTH="90" HEIGHT="20" WC="0.96" CONTENT="sålunda"/><SP WIDTH="12" VPOS="1510" HPOS="685"/>
							<String ID="string_391" HPOS="697" VPOS="1511" WIDTH="30" HEIGHT="19" WC="0.96" CONTENT="att"/><SP WIDTH="12" VPOS="1511" HPOS="727"/>
							<String ID="string_392" HPOS="739" VPOS="1509" WIDTH="36" HEIGHT="21" WC="0.96" CONTENT="det"/><SP WIDTH="10" VPOS="1509" HPOS="775"/>
							<String ID="string_393" HPOS="785" VPOS="1508" WIDTH="47" HEIGHT="21" WC="0.96" CONTENT="icke"/><SP WIDTH="11" VPOS="1508" HPOS="832"/>
							<String ID="string_394" HPOS="843" VPOS="1508" WIDTH="71" HEIGHT="20" WC="0.92" CONTENT="tillhör"/><SP WIDTH="10" VPOS="1508" HPOS="914"/>
							<String ID="string_395" HPOS="924" VPOS="1507" WIDTH="59" HEIGHT="21" WC="0.91" CONTENT="dom-"/>
						</TextLine>
					</TextBlock>
				</ComposedBlock>
			</PrintSpace>
		</Page>
	</Layout>
</alto>
