1017 1731
275 111 180 21 Borgareståndet
468 111 52 17 1891.
544 112 26 17 25
583 112 46 20 maj.
786 106 55 20 1437

44 193 6 19 i
74 199 77 12 samma
176 191 56 27 syfte
254 198 46 14 som
316 190 199 27 konstföreningen,
530 197 49 14 men
594 190 49 21 med
656 190 41 21 den
713 191 111 20 skilnaden
841 193 31 18 att

44 219 191 28 konstföreningen
257 219 85 21 arbetar
363 218 28 28 på
410 221 31 18 ett
456 221 48 24 sätt,
519 226 46 13 som
581 219 50 20 vida
646 227 45 12 mer
705 221 26 18 än
748 219 123 20 konstnärs-

44 248 60 27 gillet
119 247 113 29 befrämjar
247 248 103 21 konstens
366 247 78 28 syften.
475 247 84 21 Genom
575 250 31 18 att
622 247 79 28 inköpa
711 247 118 21 konstvärk
839 247 32 20 till

44 279 31 18 ett
90 276 175 27 nationalgalleri,
280 275 77 22 sådant
373 283 46 13 som
442 275 203 28 konstföreningens
661 277 28 25 är,
702 275 67 21 måste
780 275 90 21 oveder-

44 305 96 27 sägligen
163 305 165 20 konstnärernas
352 303 141 22 sträfvanden
513 304 51 21 vida
586 311 45 14 mer
653 311 82 21 gynnas
751 306 27 19 än
794 311 77 20 genom

44 333 184 27 konstnärsgillets
251 332 46 21 små
320 333 87 28 uppköp
431 333 23 20 af
474 333 67 25 taflor,
565 340 44 13 som
633 333 120 20 sedermera
768 333 64 20 lottas
848 335 23 18 ut

44 361 65 21 bland
126 361 40 21 den
182 364 56 18 stora
254 361 149 21 allmänheten.
434 362 39 20 Att
489 361 84 28 splittra
589 361 101 28 anslaget,
705 361 70 21 såsom
786 361 38 20 här
833 361 39 20 har

44 390 128 27 föreslagits,
188 390 42 20 kan
244 390 36 27 jag
295 389 35 21 för
345 390 44 20 min
405 389 34 21 del
455 390 48 21 icke
519 397 51 14 anse
586 389 129 22 välbetänkt.
745 389 42 28 Jag
802 389 69 21 skulle

45 419 47 20 icke
114 419 48 20 haft
184 418 65 27 något
265 421 55 18 emot
337 421 31 18 att
391 418 176 27 konstnärsgillet
583 418 66 21 också
664 418 54 21 hade
734 418 42 21 fått
792 419 33 27 sig
840 421 31 18 ett

44 447 74 28 anslag
134 447 104 26 anvisadt,
253 455 55 18 men,
323 447 71 20 såsom
407 447 26 20 hr
443 447 120 21 Rönnbäck
574 447 66 20 redan
651 447 95 26 anförde,
757 449 23 18 är
797 447 74 20 konst-

45 476 109 27 närsgillet
170 483 26 14 en
210 475 155 28 jämförelsevis
381 483 44 20 ung
441 475 104 28 förening.
575 475 32 21 Af
623 475 66 21 sådan
704 475 116 27 anledning
833 475 38 20 har

45 505 35 20 väl
102 504 66 22 också
188 504 163 21 bankutskottet
372 503 48 22 icke
437 507 70 18 ansett
523 504 117 21 detsamma
655 512 28 13 nu
699 504 52 20 böra
766 503 105 21 komma
855 499 19 37 i

45 532 83 22 åtanke.
158 533 199 27 Konstföreningen
378 532 107 22 behöfver
507 532 53 28 godt
577 533 48 21 hela
641 532 36 22 det
693 532 79 28 anslag,
787 540 45 13 som
848 532 23 20 åt

45 561 122 21 densamma
189 561 73 21 blifvit
282 561 122 27 föreslaget,
427 561 35 21 för
483 565 32 17 att
532 561 73 21 kunna
620 562 79 27 inköpa
714 561 66 21 också
795 561 76 21 värde-

45 590 75 21 fullare
144 590 122 26 konstvärk,
289 590 73 21 hvilka
387 590 66 21 hafva
469 590 59 21 svårt
543 592 32 18 att
589 590 56 20 finna
660 590 78 28 köpare
754 589 65 21 bland
834 597 37 13 en-

46 618 69 21 skilda
146 626 90 18 personer,
251 618 28 21 då
295 618 26 21 de
337 618 138 28 naturligtvis
491 618 62 21 ställa
568 619 33 27 sig
616 618 24 22 så
655 618 52 28 dyra
723 621 30 18 att
769 618 63 28 högst
847 617 24 21 få

45 647 73 21 kunna
130 622 64 57 ainen
210 648 32 26 sig
257 647 33 21 till
305 646 82 22 sådana
401 646 126 27 konstvärk,
543 650 58 18 utom
617 650 32 18 att
663 647 26 21 de
705 646 105 21 måhända
823 646 47 21 icke

45 676 70 28 lämpa
130 676 33 27 sig
178 676 34 20 för
228 683 25 13 en
269 675 84 21 enskild
368 682 90 21 persons
474 683 46 13 rum
536 679 51 17 utan
602 675 75 21 endast
691 675 34 21 för
737 678 58 18 stora
805 675 66 27 galle-

45 705 47 20 rier.
122 704 32 20 Af
176 704 66 21 sädan
265 704 116 27 anledning
401 704 38 21 ber
458 704 36 28 jag
512 707 31 18 att
558 704 23 21 fä
596 704 86 21 förorda
697 703 173 21 bankutskottets

46 732 140 22 betänkande.

113 801 35 20 Hr
166 800 139 22 Snellman:
335 801 42 27 Jag
399 801 39 21 ber
456 804 32 18 att
503 801 23 21 få
540 801 84 21 ansluta
638 802 43 26 mig
696 800 32 21 till
743 800 27 22 de
786 800 85 26 åsikter,

46 837 45 13 som
114 830 86 20 uttalats
222 830 22 20 af
266 830 25 20 hr
313 829 112 29 Federley,
444 830 42 21 och
501 837 62 14 anser
578 830 28 28 på
621 829 42 21 den
677 828 69 29 grund
761 829 48 21 icke
824 829 47 21 skäl

45 858 115 20 förefinnas
183 861 31 17 att
235 859 7 19 i
265 858 66 28 något
353 858 105 21 afseende
480 858 101 21 förändra
597 858 172 21 bankutskottets
785 857 87 28 förslag,

45 894 50 13 vare
118 887 33 27 sig
172 887 7 20 i
202 886 70 21 denna
294 886 69 29 punkt
385 887 53 21 eller
453 887 72 27 någon
540 894 76 19 annan,
631 889 51 18 utan
696 886 68 21 skulle
779 886 35 28 jag
829 886 43 20 till-

45 910 72 58 styrka
133 918 31 18 att
179 915 85 21 ståndet
279 918 51 18 utan
346 915 75 21 vidare
437 916 70 20 skulle
522 915 114 29 godkänna
651 915 59 21 detta
724 914 82 28 förslag
820 915 7 20 i
838 915 32 21 sin

61 944 62 21 elhet.

113 1006 34 21 Hr
162 1006 117 28 Löfgren
294 1006 147 21 understödde
457 1007 26 20 hr
498 1007 131 21 Rönnbäcks
645 1007 86 27 förslag.

113 1074 33 21 Hr
168 1074 152 21 Rönnbäck:
351 1074 32 21 De
406 1075 159 27 invändningar
587 1077 44 19 mot
651 1075 47 21 mitt
720 1075 83 26 förslag,
826 1081 46 14 som

45 1104 65 27 gjorts
133 1103 21 20 af
176 1103 24 20 hr
214 1103 110 27 Federley,
339 1109 65 20 synas
419 1103 49 21 icke
483 1110 51 14 vara
549 1103 22 21 af
585 1103 42 21 den
642 1103 144 21 beskaffenhet
801 1104 29 19 att
846 1103 26 21 de

45 1131 68 21 skulle
128 1131 74 21 kunna
217 1132 110 27 öfvertyga
342 1131 43 28 mig
401 1138 35 14 om
453 1133 31 20 att
505 1132 171 27 konstnärsgillet
691 1132 46 20 icke
752 1131 38 21 bör
804 1131 22 20 få
836 1131 36 21 nå-

45 1167 41 20 gon
102 1160 34 20 del
152 1160 21 20 af
187 1160 160 27 ifrågavarande
362 1160 77 21 medel.
470 1160 33 21 Hr
518 1161 103 26 Federley
635 1161 38 20 har
687 1161 52 26 sagt,
755 1162 29 19 att
801 1160 71 21 konst-

44 1188 125 27 föreningen
192 1189 48 20 vida
255 1195 46 14 mer
323 1190 27 19 än
368 1189 175 27 konstnärsgillet
558 1189 112 27 befrämjar
685 1189 95 20 konsten.
810 1188 63 21 Detta

44 1217 118 27 medgifver
176 1217 41 27 jag,
232 1223 50 15 men
297 1217 61 27 9,000
376 1217 60 21 mark
452 1219 24 19 är
491 1217 63 21 också
569 1217 48 21 vida
632 1224 45 15 mer
691 1220 27 18 än
735 1217 61 27 3,000
807 1217 65 20 mark.

44 1245 33 21 Hr
99 1245 103 27 Federley
223 1246 38 20 har
281 1248 52 25 sagt,
357 1247 30 19 att
402 1246 174 27 konstnärsgillet
591 1247 54 26 gjort
660 1247 53 20 blott
728 1245 45 21 små
788 1245 85 27 uppköp

45 1275 21 20 af
88 1274 65 21 taflor.
183 1274 93 21 Hvarför
297 1274 63 21 hafva
383 1274 26 21 de
425 1275 56 20 varit
496 1275 58 20 små?
583 1275 34 26 Jo,
631 1275 43 27 just
689 1274 89 21 emedan
801 1274 72 20 konst-

45 1303 108 27 närsgillet
174 1303 44 20 haft
232 1303 33 20 för
279 1303 46 20 litet
339 1303 71 20 medel
427 1305 30 18 att
473 1305 47 18 röra
535 1303 31 27 sig
581 1303 54 27 med,
651 1303 26 21 då
693 1303 35 21 det
743 1304 74 20 nästan
828 1304 45 19 ute-

45 1331 97 21 slutande
158 1331 54 21 varit
226 1331 112 21 hänvisadt
353 1331 32 21 till
399 1331 196 28 ledamotsafgifter.
625 1332 32 21 Hr
672 1331 103 27 Federley
790 1331 38 21 har
843 1331 31 20 vi-

45 1359 50 21 dare
117 1360 41 21 fäst
173 1360 32 27 sig
220 1359 35 21 vid
270 1360 48 21 mitt
333 1359 100 28 yttrande
450 1362 31 19 att
502 1360 171 28 konstnärsgillet
687 1362 24 19 är
726 1366 26 15 en
768 1359 106 28 jämförel-

45 1389 55 20 sevis
125 1395 44 21 ung
183 1388 98 28 förening
296 1389 39 21 och
351 1389 108 21 förmenat
474 1391 30 19 att
518 1389 43 27 just
577 1389 69 21 denna
661 1388 156 28 omständighet
832 1388 42 21 för-

45 1417 72 21 anledt
139 1417 158 21 bankutskottet
312 1419 30 19 att
356 1417 47 21 icke
419 1417 80 21 föreslå
519 1418 170 27 konstnärsgillet
704 1417 32 21 till
752 1416 121 22 erhållande

45 1445 21 21 af
81 1445 64 27 något
160 1446 78 26 anslag.
269 1445 63 21 Detta
347 1447 44 19 tror
405 1446 38 27 jag
459 1446 54 20 dock
528 1446 52 27 icke,
595 1448 23 25 ty
633 1446 51 21 flera
699 1452 67 21 yngre
781 1445 93 21 förenin-

44 1480 38 20 gar
103 1474 63 20 hafva
188 1474 7 20 i
218 1474 35 21 det
276 1474 21 21 af
318 1474 164 22 bankutskottet
503 1475 117 27 uppgjorda
642 1473 232 28 fördelningsförslaget

44 1502 70 21 blifvit
128 1502 132 27 ihågkomna.
