1017 1731
285 112 180 22 Borgareståndet
477 113 56 17 1891.
556 113 13 16 6
581 113 48 21 maj.
794 107 55 21 1005

43 193 103 20 utskottet
168 193 23 20 sä
212 193 37 20 har
271 193 59 26 gjort.
361 193 46 20 Men
424 193 49 20 med
490 193 62 20 dessa
567 192 70 21 sifiror
651 193 39 20 och
707 193 28 20 tal
751 192 73 27 tyckes
840 193 36 20 det

44 221 50 27 mig,
110 227 46 14 som
171 227 34 14 om
221 221 25 20 hr
261 221 94 20 Neovius
370 221 43 26 just
429 221 70 21 skulle
514 221 64 20 hafva
590 221 81 20 bevisat
682 221 55 20 hvad
749 221 63 20 äfven
819 221 56 26 järn-

45 249 154 27 vägsutskottet
214 249 120 26 framhällit,
350 249 109 26 nämligen
475 251 36 22 att,
527 249 86 21 oaktadt
629 249 35 21 det
679 251 59 18 ännu
748 249 47 20 icke
807 249 69 20 finnes

45 277 71 28 nägon
131 277 77 21 bibana
222 277 55 21 ifrän
293 277 104 21 Tavastila
412 277 32 21 till
462 277 169 25 Fredrikshamn,
647 284 25 14 en
687 277 80 28 ganska
780 277 96 27 betydlig

45 306 67 26 trafik,
135 306 79 21 kanske
238 306 41 21 den
300 308 75 19 största
391 306 62 21 delen
469 307 22 20 af
507 306 89 21 trafiken
611 306 55 20 ifrän
681 306 171 24 Fredrikshamn,
869 306 6 19 i

42 335 45 20 alla
104 335 38 20 fall
157 335 94 20 tillfaller
266 334 160 27 hufvudbanan,
441 337 57 18 samt
513 337 30 18 att
558 335 164 20 Fredrikshamn
738 335 63 20 äfven
817 334 58 21 biba-

45 369 41 14 nan
110 363 84 20 förutan
216 363 54 20 dock
291 363 73 26 tyckes
385 363 74 20 kunna
475 363 85 27 betjäna
576 363 32 27 sig
623 363 21 20 af
659 363 160 26 hufvudbanan,
836 363 39 20 och

45 391 116 28 ingalunda
176 398 77 21 genom
269 391 41 21 den
326 391 69 21 blifvit
410 393 41 19 satt
467 392 7 20 i
490 394 68 18 sämre
575 391 131 27 belägenhet,
717 393 25 19 än
754 391 76 22 staden
838 397 38 14 var

45 420 45 21 före
105 420 81 21 banans
202 420 117 21 utförande.
349 419 41 21 Om
405 427 49 13 man
471 427 56 20 noga
542 420 55 21 läser
612 420 212 27 järnvägsutskottets
839 419 36 21 be-

45 449 112 22 tänkande,
172 448 24 21 sä
210 448 70 21 finner
294 455 49 14 man
359 450 29 19 att
403 448 36 21 det
455 450 23 19 är
490 449 43 26 just
544 449 26 26 pä
581 449 61 20 dessa
652 449 99 26 grunder,
762 455 46 14 som
818 449 56 26 järn-

45 477 153 27 vägsutskottet
219 479 69 19 ansett
303 479 30 18 att
347 477 49 20 med
411 477 84 20 banans
511 477 112 27 byggande
639 479 59 18 ännu
713 483 25 14 en
755 477 29 20 tid
800 476 73 21 kunde

46 505 64 21 anstä.

114 534 74 27 Nägon
212 534 146 21 trävarutrafik
380 534 38 20 har
440 534 45 28 mig
508 534 117 28 veterligen
648 536 57 18 ännu
726 534 47 21 icke
788 534 45 27 gätt
848 533 25 27 pä

45 562 71 21 Kotka
138 563 75 27 banan,
236 563 93 21 hvarken
352 562 32 21 till
404 562 77 27 Kotka,
497 565 58 18 ännu
571 563 82 20 mindre
669 563 29 20 till
715 562 104 21 Tavastila
836 562 39 20 och

45 591 169 21 Fredrikshamn.
244 592 39 20 Till
303 591 70 21 Kotka
389 591 38 21 har
441 591 43 21 den
499 592 47 20 icke
562 592 81 20 kunnat
659 591 25 27 gä
699 592 27 26 pä
741 591 42 21 den
799 590 75 28 grund,

45 621 30 19 att
96 620 70 20 Kotka
189 620 69 20 banan
281 622 56 18 ännu
360 620 46 20 icke
428 622 23 18 är
468 620 68 27 färdig
551 623 30 17 att
595 621 94 25 mottaga
704 622 100 19 trävaror.
834 619 41 21 För

40 650 34 18 att
94 650 95 19 trävaror
211 648 54 21 ifrån
288 648 101 21 Savolaks
412 648 61 21 skola
489 648 73 21 kunna
577 648 56 21 föras
649 648 35 27 dit,
699 648 67 21 måste
782 648 93 27 bryggor

44 676 38 21 där
96 677 86 27 utföras,
198 677 80 21 hvilket
293 679 57 18 ännu
365 676 47 22 icke
427 677 63 26 skett,
507 677 39 21 och
561 677 109 21 dessutom
685 677 66 21 måste
768 676 54 21 där
814 672 10 37 i
834 676 39 20 och

43 704 34 22 för
92 706 179 21 trävarurörelsen
285 705 88 21 inrättas
389 712 26 14 en
431 705 70 21 delvis
516 706 54 20 skild
587 705 100 27 bangård,
703 705 65 27 några
784 705 90 21 kilome-

44 735 32 19 ter
90 734 55 20 ifrån
160 734 70 20 Kotka
245 734 52 20 stad.
327 733 50 21 Men
393 733 72 21 Kotka
481 734 46 20 stad
542 736 23 18 är
580 734 7 20 i
602 734 64 20 beråd
683 736 29 18 att
727 734 22 20 få
759 734 42 20 alla
812 733 61 21 dessa

44 762 101 21 anstalter
159 762 89 27 utförda,
265 762 39 20 och
319 764 38 18 när
372 762 26 20 de
414 762 71 22 blifvit
500 762 87 28 färdiga,
603 764 44 19 tror
661 763 35 27 jag
711 764 30 19 att
753 762 41 20 alla
804 763 69 19 träva-

44 796 40 21 ror,
100 797 43 14 som
160 790 54 21 ifrån
230 790 36 21 det
280 791 45 20 inre
341 790 21 21 af
377 790 73 21 landet
466 791 50 21 söka
532 791 32 27 sig
579 791 158 21 hamn
645 786 14 36 i
667 791 64 21 denna
748 790 62 27 trakt,
823 790 50 20 obe-

40 819 65 21 stridt
120 819 59 21 skola
194 819 63 21 hafva
271 819 24 21 så
309 821 56 19 stora
380 819 110 21 förmåner
505 820 21 20 af
541 822 30 18 att
586 820 26 27 gå
627 819 32 21 till
671 819 75 27 Kotka,
755 821 30 18 att
792 818 81 22 deiin-

43 853 42 21 gen
100 848 100 20 händelse
216 848 59 20 skola
291 848 50 20 söka
357 848 32 26 sig
403 848 32 20 till
451 848 171 21 Fredrikshamn.
652 848 74 20 Redan
737 854 30 14 nu
778 846 95 22 bedrifva

43 875 175 21 Fredrikshamns
234 876 117 26 affärsmän,
367 882 35 14 om
417 876 36 27 jag
468 876 48 21 icke
532 876 87 21 alldeles
635 876 110 27 misstager
760 876 50 26 mig,
826 875 46 27 såg-

43 904 78 21 rörelse
139 904 63 21 äfven
217 905 7 19 i
239 904 75 27 Kotka,
330 904 39 21 och
385 904 25 21 de
426 905 62 21 skola
503 904 58 22 finna
577 905 48 21 med
641 905 33 20 sin
689 904 67 21 fördel
772 904 101 26 förenligt

42 934 31 19 att
95 934 47 26 taga
165 933 41 21 alla
226 933 46 20 sina
286 934 95 20 trävaror
395 933 41 21 ned
453 933 33 21 till
501 933 76 22 Kotka.
606 933 37 27 Ty,
658 933 69 21 såvidt
740 933 36 27 jag
791 932 82 21 känner

40 961 162 21 förhållandena
223 962 6 19 i
250 961 163 21 Fredrikshamn
435 975 28 2 —
486 962 86 27 mycket
590 964 23 19 är
629 962 34 21 det
678 962 53 26 icke,
746 963 24 25 ty
784 962 36 26 jag
835 961 39 20 har

41 989 49 22 icke
104 990 49 27 själf
168 990 53 21 varit
236 990 43 27 där,
294 992 52 19 utan
361 990 82 21 känner
459 991 77 20 endast
551 991 55 20 hvad
622 991 35 26 jag
667 993 41 18 sett
721 990 20 21 af
753 990 73 20 kartor
834 989 38 20 och

42 1018 48 21 hört
110 1018 22 21 af
152 1019 66 20 andra
234 1031 27 2 —
276 1019 23 20 så
318 1018 69 21 finnes
408 1019 44 26 där,
469 1019 71 21 såsom
554 1019 204 27 järnvägsprojektet
773 1025 30 13 nu
818 1017 55 21 före-

42 1046 73 27 ligger,
130 1047 47 20 icke
193 1047 69 27 någon
278 1047 59 27 plats,
353 1047 37 20 där
405 1049 97 19 trävaror
517 1048 74 20 kunna
606 1047 120 28 uppläggas,
742 1049 58 18 ännu
819 1046 54 20 min-

41 1075 39 20 dre
95 1077 57 18 möta
168 1075 25 21 de
210 1075 37 20 där
263 1075 68 21 direkt
345 1075 71 28 hamn,
432 1078 53 19 utan
501 1076 67 21 måste
584 1076 25 21 de
625 1076 56 21 föras
693 1075 48 21 med
753 1075 85 27 pråmar
851 1076 23 19 ut

41 1103 33 21 till
89 1103 85 21 redden.
204 1103 101 22 Däremot
320 1104 85 21 komma
421 1104 26 20 de
458 1105 8 20 i
478 1104 71 21 Kotka
564 1107 29 19 att
608 1105 63 20 hafva
687 1104 40 21 alla
738 1103 26 21 de
773 1103 101 21 bekväm-

42 1131 96 28 ligheter,
154 1138 46 14 som
215 1139 50 14 man
280 1135 65 24 gärna
360 1132 42 21 kan
417 1133 70 20 önska
503 1133 32 27 sig
549 1133 33 20 för
597 1139 27 15 en
639 1132 169 21 trävarurörelse.

111 1160 63 21 Hvad
190 1160 25 21 hr
230 1161 101 20 Neovius”
347 1161 140 27 andragande
503 1168 35 14 om
553 1161 115 28 militärtåg
683 1161 26 27 på
719 1160 71 21 Kotka
803 1160 71 20 banan

42 1188 138 26 vidkommer,
196 1189 24 20 så
234 1189 39 20 har
287 1189 102 21 utskottet
404 1189 78 22 endast
496 1190 45 21 haft
557 1190 32 27 sig
604 1190 83 27 bekant,
703 1189 73 21 därom
787 1188 87 27 upplyst

42 1217 22 21 af
78 1217 112 20 trafikmän
206 1217 34 21 vid
255 1218 213 27 järnvägsstyrelsen,
485 1220 29 19 att
529 1218 83 27 militär,
628 1217 127 22 kommande
766 1217 46 20 från
824 1216 50 21 Fre-

40 1245 125 21 drikshamn
180 1245 32 21 till
226 1246 109 27 Tavastila,
351 1246 70 21 blifvit
435 1247 159 27 transporterad
610 1246 26 28 på
651 1246 70 21 Kotka
739 1246 77 26 banan,
834 1245 40 20 och

40 1276 33 19 att
95 1274 82 21 således
199 1274 141 21 förhållandet
362 1275 47 20 icke
432 1276 25 19 är
480 1275 81 27 sådant,
582 1275 69 21 såsom
667 1275 35 20 det
717 1274 35 21 vid
769 1274 55 20 1888
840 1273 34 20 års

41 1302 103 27 landtdag
162 1303 128 26 förutsattes,
309 1305 30 18 att
355 1303 69 20 denna
439 1303 188 28 militärtransport
641 1303 46 21 icke
703 1303 69 20 skulle
788 1302 86 20 komma

41 1330 72 21 Kotka
128 1331 70 21 banan
214 1331 93 28 tillgodo,
322 1331 33 21 för
370 1331 41 21 den
427 1332 104 21 händelse
547 1339 26 14 en
589 1332 78 21 bibana
681 1332 46 20 icke
740 1330 71 22 blefve
824 1329 50 21 ledd

41 1359 48 21 från
108 1359 164 21 Fredrikshamn
293 1359 32 21 till
343 1359 112 22 Tavastila.
487 1360 42 22 Det
543 1362 24 19 är
581 1361 58 26 visst,
654 1360 69 21 såsom
739 1360 25 20 hr
778 1358 96 22 Neovius

41 1388 85 26 nämde,
141 1388 80 27 ganska
236 1388 45 21 smä
297 1391 92 25 trupper,
405 1388 78 22 endast
498 1391 29 19 ett
542 1389 83 21 mindre
641 1389 57 21 antal
713 1388 99 26 soldater,
828 1393 46 15 som

41 1416 39 21 där
95 1416 116 22 tillsvidare
226 1417 63 21 hafva
303 1417 86 27 färdats,
405 1423 52 15 men
474 1418 57 20 detta
545 1418 97 20 kommer
657 1418 32 27 sig
697 1416 60 22 däraf
767 1418 30 19 att
807 1418 67 18 större

41 1446 151 26 truppmassor,
212 1445 69 21 sävidt
298 1446 35 26 jag
348 1445 39 21 fätt
402 1446 140 28 upplysning,
557 1446 46 20 icke
619 1446 69 20 blifvit
703 1444 171 28 transporterade

41 1473 33 21 till
95 1474 39 20 och
149 1474 46 20 från
212 1473 163 21 Fredrikshamn
391 1474 68 21 sedan
476 1474 196 21 Kouvola—Kotka
688 1474 70 21 banan
774 1472 44 22 blef
833 1472 42 20 fär-
