1017 1731
173 109 54 21 1418
385 114 179 21 Borgareståndet
577 115 54 16 1891.
656 116 26 16 23
695 113 46 23 maj.

144 194 80 21 skottet
249 194 122 27 egentligen
393 194 47 21 icke
461 195 38 20 har
519 194 68 27 ingått
608 195 7 20 i
638 194 69 27 någon
731 194 96 21 materiel
842 195 99 27 pröfning
956 201 10 14 a

144 223 132 20 densamma.
307 223 107 21 Utskottet
428 223 39 20 har
482 223 68 26 utgått
564 223 48 20 från
628 223 41 20 den
685 222 137 27 synpunkten
838 225 35 24 att,
884 223 26 21 då
921 223 46 20 viss:

146 251 200 21 rättsförhållanden
367 257 77 21 genom
464 251 55 21 1889
535 251 33 20 års
583 251 125 27 förordning
723 251 63 20 hafva
802 251 69 20 blifvit
886 251 82 21 faststäl

146 279 33 27 da,
195 279 36 21 det
245 279 48 20 icke
308 279 72 21 kunde
395 279 113 21 ankomma
523 279 26 27 på
564 279 103 21 utskottet
682 282 29 18 att
727 279 6 20 i
750 279 56 21 detta
817 280 151 27 sammanhang

146 308 38 20 där
206 307 36 21 det
263 307 47 21 icke
333 308 118 27 egentligen
475 310 23 18 är
519 308 59 27 fråga
599 314 35 14 om
650 308 115 21 dissenters
781 307 105 28 ställning,
902 308 67 21 berört

146 336 70 21 denna
231 336 125 27 förordning
377 337 39 20 och
432 338 92 25 upptaga
538 336 71 27 någon
619 336 22 21 af
651 336 61 21 deras
723 336 123 27 rättigheter
856 336 52 21 eller
918 337 52 26 skyl-

145 365 97 26 digheter
257 364 32 21 till
304 364 90 27 förnyad
410 365 104 26 pröfning.
544 364 67 21 Deras
627 365 106 26 ställning,
750 371 46 14 som
806 367 23 18 är
840 365 48 20 dem
898 371 72 21 genom

147 393 55 20 1889
226 393 33 20 ärs
277 393 124 27 förordning
416 393 93 26 anvisad,
525 393 106 27 undergär
646 393 125 27 härigenom
786 393 46 20 icke
848 393 70 27 nägon
933 393 38 21 för-

147 421 96 27 ändring,
259 421 127 21 ätminstone
401 421 46 21 icke
463 421 71 28 nägon
549 421 124 28 förändring
688 421 32 21 till
736 421 61 21 deras
813 421 95 27 nackdel,
923 424 49 18 utan

146 456 86 14 snarare
255 449 32 21 till
309 449 60 21 deras
387 450 88 20 förmän.
506 449 82 21 Genom
605 450 54 21 1889
675 450 34 21 ärs
725 449 123 28 förordning
864 452 22 18 är
901 450 71 21 nämli-

144 484 42 21 gen
209 478 99 27 stadgadt
330 480 30 19 att
383 478 114 21 dissenters
519 485 39 20 ega
573 478 82 27 ätnjuta
669 478 101 21 befrielse
785 478 54 21 ifrän
856 479 118 26 personliga

146 507 84 27 afgifter
246 507 32 20 till
293 508 62 26 präst,
371 513 49 15 men
436 509 29 19 att
481 507 26 20 de
522 507 129 21 fortfarande
667 506 61 22 skola
743 507 85 27 erlägga
844 507 25 21 de
885 507 89 27 afgifter,

144 541 47 15 som
206 535 52 27 utgä
273 535 47 20 frän
335 535 80 27 jorden.
445 535 11 21 1
471 535 99 21 afseende
587 535 11 21 ä
614 535 123 27 byggandet
750 535 21 21 af
781 536 67 26 kyrka
859 536 38 20 och
908 537 66 25 präst-

144 563 52 27 gärd
221 563 65 21 blifva
309 564 94 20 däremot
423 564 130 20 fortfarande
575 564 147 26 stadgandena
743 564 7 20 i
766 564 26 20 26
808 564 87 26 kapitlet
910 564 23 20 B.
949 564 24 20 B.

145 592 146 20 oförändrade.
321 591 32 21 De
377 594 35 19 äro
434 592 81 21 säledes
538 592 66 27 enligt
622 599 29 13 nu
667 592 99 28 gällande
782 592 34 27 lag
832 592 96 27 skyldige
944 594 30 19 att

145 620 83 27 deltaga
244 620 7 20 i
267 620 154 27 kyrkobygnad
437 620 54 21 efter
504 620 80 21 mantal
599 623 55 18 samt
669 620 55 22 efter
739 620 84 27 matlag,
832 620 39 20 och
886 621 7 19 i
908 622 66 25 präst-

144 648 63 28 gärds
230 648 100 28 byggnad
351 649 54 21 efter
426 649 85 20 mantal
541 648 83 21 Genom
647 649 71 21 denna
733 649 129 26 förordning,
877 655 45 14 som
938 649 35 21 be-

144 678 102 20 stämmer
269 679 30 19 att
321 677 60 27 afgift
396 677 32 21 till
444 679 55 25 präst
515 679 22 18 är
553 678 96 26 grunden
666 678 33 20 för
715 677 61 21 dessa
792 677 80 27 besvär,
887 677 86 21 hvilken

146 705 62 27 afgift
230 705 33 21 till
278 707 57 25 präst
350 706 21 20 af
387 706 113 20 dissenters
516 706 95 26 erlägges
627 706 76 20 endast
719 706 54 20 efter
788 706 85 26 mantal,
888 706 85 20 komma

144 733 26 21 de
186 734 83 20 säledes
285 736 29 18 att
329 734 84 27 deltaga
428 734 7 20 i
450 734 77 26 kyrkas
536 734 40 20 och
584 734 122 27 prästgärds
716 734 112 27 byggande
838 734 74 20 endast
920 734 53 21 efter

144 762 86 27 mantal,
247 762 40 20 och
301 762 85 21 komma
400 763 122 27 därigenom
537 762 32 21 till
585 763 39 20 och
639 763 49 20 med
705 764 30 18 att
745 763 82 26 ätnjuta
838 768 26 15 en
874 762 98 27 lindring.

144 790 64 21 Hvad
230 790 99 21 beträffar
349 790 26 21 de
399 791 111 21 obesuttna
533 791 120 26 dissenters,
675 797 48 14 som
739 790 82 21 säledes
836 791 66 27 enligt
918 791 54 20 1889

143 818 34 21 ärs
196 819 125 27 förordning
335 821 36 19 äro
387 819 110 21 frikallade
512 819 47 21 frän
575 819 84 27 afgifter
674 819 33 21 till
723 820 159 26 prästerskapet,
898 819 23 21 sä
936 821 35 19 äro

144 847 26 21 de
186 853 78 21 genom
280 847 69 21 denna
364 847 123 27 förordning
503 848 63 20 ocksä
581 848 112 20 frikallade
709 848 56 20 ifrän
780 848 30 20 alt
824 847 126 28 deltagande
966 848 6 19 i

144 875 78 27 kyrkas
246 876 39 20 och
303 876 120 27 prästgärds
439 876 117 27 byggande.
586 876 76 21 Denna
677 876 126 27 författning
818 876 108 20 ähvälfver
940 876 32 20 sä-

143 903 59 21 ledes
225 904 47 21 icke
295 904 115 21 dissenters
432 904 69 28 nägon
517 911 29 20 ny
563 906 71 26 tunga,
650 908 53 18 utan
719 904 72 21 ställer
806 906 90 19 tvärtom
912 904 60 21 deras

144 932 149 21 förhällanden
307 932 128 22 ätminstone
450 933 7 20 i
473 933 69 27 nägon
558 933 49 21 män
623 933 116 27 lindrigare
755 935 27 18 än
797 933 61 20 förut.
889 932 44 22 Och
946 933 26 20 dä

143 961 74 27 frägan
241 967 46 14 som
303 961 61 27 sagdt
378 962 47 20 icke
440 962 38 20 hör
493 962 36 26 hit,
544 964 52 19 utan
611 962 38 21 hör
665 962 33 21 till
713 962 153 26 förordningen
881 968 34 14 om
931 961 41 21 dis-

143 992 82 18 senters
248 989 22 21 af
293 990 60 27 1889,
374 990 86 21 hvilken
483 990 54 21 efter
552 990 23 21 sä
589 990 78 27 mänga
682 990 141 21 vedermödor
839 990 39 20 och
893 990 79 27 svärig-

143 1018 61 21 heter
225 1018 128 26 tillkommit,
377 1019 65 26 ansäg
465 1018 31 27 sig
518 1019 103 20 utskottet
642 1019 47 20 icke
706 1019 51 20 böra
772 1019 6 20 i
795 1019 57 20 detta
868 1024 104 15 samman-

143 1046 57 27 hang
225 1049 93 25 upptaga
340 1047 129 20 densamma.
499 1047 33 20 Då
553 1047 36 27 jag
609 1047 62 21 äfven
696 1049 24 18 är
742 1047 124 27 öfvertygad
889 1053 35 14 om
944 1049 29 18 att

143 1075 71 20 denna
229 1075 60 27 fråga
304 1075 46 20 icke
366 1075 7 20 i
389 1075 57 21 detta
461 1076 153 27 sammanhang
629 1076 41 20 kan
687 1075 87 21 komma
789 1075 32 20 till
837 1075 63 27 något
916 1077 56 25 aigö-

144 1103 71 27 rande,
238 1103 24 20 sä
284 1103 69 21 skulle
375 1104 35 27 jag
432 1104 110 21 hemställa
565 1104 32 21 till
616 1104 161 21 vederbörande
792 1103 187 28 förslagsställare,:

143 1131 106 21 huruvida
264 1132 47 20 icke
327 1131 35 21 det
377 1132 131 27 lämpligaste
523 1133 7 20 i
546 1133 58 20 detta
619 1132 102 22 afseende
737 1139 50 14 vore
803 1138 25 15 en
845 1132 127 27 anteckning

142 1159 22 21 af
179 1160 130 21 reservation
325 1160 32 21 till
372 1161 126 26 protokollet
514 1163 50 18 utan
580 1163 30 19 att
625 1161 75 21 därom
715 1161 72 20 fordra
799 1161 64 26 nägot
875 1161 99 20 särskildt

144 1187 74 22 beslut.
248 1188 64 21 Hvad
335 1188 75 27 frägan
431 1196 35 14 om
481 1189 166 21 extraordinarie
663 1191 70 26 prästs
749 1189 121 27 skyldighet
884 1191 30 19 att
930 1189 43 20 del-

142 1218 48 25 taga
211 1217 7 20 i
241 1217 156 27 kyrkobygnad
419 1217 103 28 beträffar,
543 1218 38 20 har
603 1219 36 26 jag
660 1219 35 20 för
711 1218 44 20 min
772 1217 34 21 del
820 1217 47 21 icke
882 1217 91 27 bidragit

142 1245 32 20 till
197 1245 93 21 beslutet
312 1245 79 21 härom.
421 1246 41 27 Jag
484 1253 37 14 var
542 1246 26 21 dä
591 1246 45 21 frän
657 1246 104 21 utskottet
777 1245 141 21 fränvarande
934 1246 39 20 och

142 1273 92 22 beslutet
257 1274 200 21 öfverensstämmer
479 1275 46 20 icke
543 1275 67 20 häller
627 1275 49 21 med
694 1274 41 21 den
753 1274 59 25 äsikt,
827 1280 46 15 som
888 1275 35 26 jag
938 1274 35 20 vid

141 1301 66 21 första
222 1302 113 27 läsningen
350 1303 59 20 inom
425 1303 101 20 utskottet
541 1303 98 21 uttalade.
670 1303 82 21 Därom
768 1303 73 20 kunna
853 1302 56 21 olika
920 1302 54 21 äsik-

141 1331 33 19 ter
194 1330 65 27 hysas
281 1331 39 20 och
341 1331 58 20 detta
417 1331 160 28 slutstadgande
599 1332 97 27 grundar
714 1331 32 27 sig
761 1331 27 27 pä
803 1337 26 15 en
845 1331 43 20 viss
904 1331 70 20 ömhet

141 1358 33 20 för
190 1358 26 21 de
232 1359 168 21 extraordinarie
415 1362 118 25 prästernas
549 1366 58 15 mera
622 1361 91 26 prekära
728 1360 106 27 ställning,
850 1359 26 21 dä
887 1359 25 21 de
923 1365 51 15 van-

142 1386 38 21 dra
195 1387 48 20 från
259 1387 41 21 den
317 1394 40 14 ena
372 1388 152 28 församlingen
539 1389 32 21 till
587 1389 41 21 den
644 1388 68 22 andra
728 1389 40 20 och
784 1389 64 19 vistas
858 1394 26 14 en
894 1388 80 26 ganska

141 1414 48 22 kort
205 1416 30 20 tid
251 1416 27 26 pä
293 1416 73 27 hvarje
382 1417 66 20 ställe.
477 1417 42 27 Jag
534 1417 37 21 vill
586 1417 83 21 säledes
685 1418 8 19 i
710 1417 70 21 denna
795 1416 60 28 fräga
867 1416 46 21 icke
924 1418 50 25 göra

141 1443 66 27 nägot
223 1444 106 21 bestämdt
344 1445 115 27 uttalande,
475 1448 50 18 utan
542 1446 142 20 öfverlämnar
701 1446 32 20 till
749 1445 83 21 ständet
848 1446 29 19 att
892 1444 83 21 besluta

141 1472 55 20 efter
211 1472 60 21 bästa
286 1472 101 28 förmäga.
