1017 1731
297 110 178 21 Borgareståndet
491 111 52 16 1891.
568 111 21 16 15
602 111 47 21 maj.
798 107 54 20 1117

47 191 38 20 har
96 190 101 21 utskottet
212 190 6 20 i
235 191 11 25 $
259 190 22 20 60
296 189 21 21 af
330 189 211 28 tillvärkningslagen
558 192 55 18 samt
629 190 12 26 $
657 191 27 19 49
700 191 21 19 af
733 190 145 29 försäljnings-

48 219 62 26 lagen
132 218 108 21 bibehållit
270 218 40 20 den
328 218 6 20 i
350 218 89 27 tidigare
456 218 251 27 bränvinsförfattningar
722 219 104 27 ingående
843 219 35 21 be-

47 247 134 26 stämningen
206 249 28 18 att
250 247 59 20 böter
324 246 32 21 för
372 246 161 27 ifrågavarande
549 247 113 20 förseelser
680 247 59 20 skola
755 249 83 25 uttagas
854 254 24 14 ur

48 276 41 20 den
112 275 106 21 sakfäldes
234 274 103 28 egendom
361 275 19 26 ,i
395 275 41 20 löst
453 275 38 20 och
508 275 58 26 fast",
583 275 39 20 och
637 275 57 21 detta
711 275 85 21 oaktadt
811 276 6 20 i
832 277 11 19 3
866 277 12 25 $

48 305 12 20 5
76 304 46 27 kap.
148 304 20 21 af
183 303 151 27 förordningen
350 303 111 27 angående
485 303 158 28 värkställighet
659 303 21 21 af
695 304 60 21 straff
768 304 60 27 ingår
843 305 35 20 det

47 333 88 20 allmänt
156 332 142 27 mänskligare
313 331 178 27 åskådningssätt,
513 338 46 14 som
574 331 71 22 finner
665 333 32 26 sig
719 333 85 26 uttryck
820 333 6 20 i
842 333 36 20 be-

47 361 143 27 stämningen:
220 360 37 27 ,Ej
281 360 34 20 må
330 360 65 20 likväl
410 360 35 20 för
460 360 59 21 böter
540 362 59 25 tagas
615 361 6 20 i
637 362 43 19 mät
695 361 55 20 hvad
774 361 40 20 den
830 361 47 20 sak-

46 389 57 21 fälde
120 389 100 21 behöfver
235 389 31 20 till
283 389 110 26 uppehälle
409 389 34 20 för
458 389 33 27 sig
509 389 38 20 och
564 389 26 20 de
606 389 46 20 sina
667 389 70 21 under
751 396 27 14 en
794 389 83 28 månad,

48 418 52 20 eller
122 418 31 20 till
168 417 74 21 kläder
257 417 21 21 åt
293 417 32 26 sig
341 417 52 20 eller
408 417 55 26 dem,
487 418 18 26 ej
523 417 66 21 häller
604 418 53 20 hans
673 418 54 20 enda
743 418 134 21 förvärfsme-

48 446 40 27 del,
104 446 51 21 eller
170 446 77 27 nödiga
263 446 80 26 bostad,
365 445 52 21 eller
432 445 107 28 fastighet,
557 446 75 20 hvaraf
647 446 42 20 han
704 447 71 26 njuter
790 447 34 20 sitt
839 449 38 18 nö-

47 475 48 27 diga
119 475 117 27 uppehälle,
259 474 51 21 eller
326 474 54 20 hvad
397 474 30 20 till
449 475 139 26 fastighetens
604 475 135 27 bebrukning
754 475 122 20 erfordras."

47 503 37 21 Alt
100 503 56 21 detta
173 503 37 21 bör
226 503 129 26 åsidosättas,
377 503 33 20 för
425 505 31 19 att
472 503 26 21 de
514 503 21 21 af
550 503 102 21 utskottet
666 503 119 28 föreslagna
802 503 75 21 drako-

47 532 60 20 niska
130 532 85 20 straffen
238 532 34 20 må
295 532 72 20 kunna
389 533 84 25 strängt
489 532 110 26 tillämpas.
630 532 79 20 Vidare
731 532 37 20 vill
783 533 35 27 jag
840 538 36 14 an-

47 560 73 21 märka
142 562 30 19 att
187 560 101 21 utskottet
303 560 6 20 i
325 560 51 20 strid
392 560 49 20 med
457 560 134 27 strafflagens
607 560 134 28 bestämning
763 560 113 28 föreslagit,

47 591 30 19 att
92 589 87 21 böterna
195 589 58 21 skola
268 588 92 21 fördelas
376 588 91 21 emellan
485 588 97 28 åklagare
599 589 39 21 och
654 590 113 26 angifvare,
791 589 86 21 oaktadt

47 618 107 20 allmänna
165 618 122 26 strafflagen
303 624 88 14 numera
402 617 129 21 bestämmer
547 619 29 19 att
587 617 60 21 böter
656 618 59 20 skola
731 618 82 20 tillfalla
829 618 47 20 kro-

47 652 48 14 nan.
125 646 41 21 Det
188 652 63 20 synes
275 646 70 20 därför
360 652 45 14 som
421 652 35 14 om
482 646 101 20 utskottet
595 646 48 20 med
666 646 35 21 det
715 646 103 27 juridiska
842 652 34 14 ve-

47 675 63 21 tande
133 674 101 22 utskottet
257 674 122 27 disponerar
395 674 60 20 öfver
478 676 69 19 ansett
561 674 32 28 sig
616 681 48 14 vara
680 675 122 27 förpliktadt
825 674 51 21 att
866 670 15 37 i

46 703 105 27 väsentlig
173 703 48 20 mån
238 703 100 20 förbättra
354 702 188 28 bestämningarna
557 703 7 20 i
580 703 41 21 den
637 710 42 19 nya
695 703 127 27 strafflagen.
844 702 33 22 Då

46 732 36 26 jag
104 732 65 20 likväl
184 732 79 26 hoppas
279 733 30 19 att
324 731 176 27 borgareståndet
523 731 35 20 vill
574 731 106 21 bibehålla
696 732 133 26 strafflagens
846 732 31 20 in-

46 760 89 27 tegritet,
151 760 78 21 uttalar
242 760 36 26 jag
293 760 41 20 den
349 760 113 20 förmodan
479 762 30 18 att
524 760 113 21 utskottets
653 760 78 27 förslag
746 760 130 20 beträffande

46 788 62 21 dessa
122 788 218 21 straffbestämmelser
355 788 46 21 icke
417 788 56 20 skall
489 788 21 21 af
520 788 173 28 borgareståndet
705 791 92 25 antagas.

115 817 41 21 För
185 817 63 27 öfrigt
277 817 49 20 ville
355 817 36 26 jag
420 816 80 21 föreslå
526 819 29 18 att
588 817 171 27 borgareständet
789 817 30 20 till
851 823 27 14 en

46 845 73 27 början
131 846 69 20 skulle
211 845 107 21 eventuelt
329 845 108 20 diskutera
449 846 40 20 och
501 848 91 18 omrösta
603 845 109 27 angående
728 846 149 26 paragraferna

46 874 7 20 i
69 874 35 20 det
118 880 29 14 nu
158 874 145 26 föreliggande
325 874 137 26 lagförslaget
479 874 38 20 och
533 876 35 24 att,
583 874 52 20 först
651 874 52 21 efter
718 874 35 20 det
768 874 109 27 lagförsla-

46 904 36 25 get
96 903 7 19 i
118 902 32 20 sin
166 902 70 21 helhet
252 902 68 20 blifvit
335 902 164 27 genomgånget,
522 902 84 21 ständet
623 902 68 21 skulle
708 902 88 26 besluta,
813 903 63 19 huru-

47 931 49 20 vida
111 931 117 20 detsamma
252 931 36 20 vill
304 933 76 24 antaga
395 931 63 26 lagen
476 931 7 20 i
499 931 47 20 dess
565 931 70 21 helhet
651 931 52 21 eller
717 931 53 23 icke,
787 931 38 20 och
842 938 35 19 sy-

46 966 39 14 nes
107 960 43 27 mig
166 960 40 20 den
222 959 21 20 af
265 960 25 19 hr
305 959 102 27 Hallberg
429 959 122 28 föreslagna
567 959 106 21 klämmen
692 960 7 20 i
723 960 154 26 sammanhang

46 988 87 21 därmed
156 988 54 21 efter
224 988 69 20 slutad
309 988 120 20 diskussion
448 988 51 21 böra
521 988 84 21 komma
621 989 69 20 under
714 987 162 28 öfvervägande.

118 1044 34 21 Hr
174 1044 145 21 Wasenius:
351 1044 34 21 Då
403 1045 36 27 jag
460 1052 63 13 anser
541 1044 43 21 den
599 1045 64 25 skatt,
678 1052 45 13 som
739 1045 86 26 utgöres
841 1044 35 20 för

47 1073 214 28 bränvinsbränning,
279 1081 50 12 vara
349 1080 26 13 en
396 1073 197 27 bevillningsskatt,
611 1073 40 21 och
667 1073 27 21 då
709 1073 37 20 det
761 1072 56 21 efter
832 1073 44 20 min

46 1101 140 28 uppfattning
208 1103 23 18 är
253 1101 88 21 alldeles
365 1101 125 28 principielt
513 1103 54 19 orätt
588 1105 31 17 att
635 1101 113 21 ständerna
764 1101 64 27 åtaga
843 1101 33 27 sig

47 1129 117 28 bevillning
187 1130 28 28 på
235 1130 112 21 obestämd
368 1129 37 26 tid,
431 1129 40 21 ber
493 1130 35 27 jag
550 1133 31 17 att
604 1130 23 21 få
649 1129 131 22 understöda
801 1129 37 21 det
854 1129 22 20 af

46 1158 26 20 hr
87 1158 109 27 Clouberg
212 1158 76 21 väckta
304 1159 109 26 förslaget.

118 1215 34 20 Hr
171 1215 132 21 Forsman:
334 1215 33 20 De
391 1215 66 20 ärade
482 1215 71 25 talare,
577 1215 72 21 hvilka
670 1215 75 20 hittills
768 1213 108 29 uppträdt,

47 1243 64 21 hafva
128 1243 112 21 inskränkt
254 1245 33 26 sig
302 1244 32 20 till
350 1247 30 17 att
397 1243 87 28 afgifva
500 1243 106 21 allmänna
621 1243 113 20 omdömen
745 1251 34 12 om
793 1242 85 21 utskot-

46 1275 42 18 tets
109 1272 78 21 arbete.
217 1272 84 21 Därvid
319 1272 38 21 har
375 1272 119 21 utskottets
511 1272 136 21 värksamhet
662 1272 47 20 icke
727 1271 72 21 blifvit
815 1270 62 21 mildt

48 1300 98 21 bedömd.
176 1301 43 21 Det
234 1303 24 18 är
273 1300 66 21 också
354 1300 71 28 något,
441 1308 49 13 som
506 1300 105 21 utskottet
626 1300 81 21 kunnat
723 1300 83 20 förutse
822 1300 4 19 i
844 1299 33 20 af-

47 1329 79 21 seende
149 1329 12 20 å
182 1329 58 21 detta
259 1329 69 21 stånd.
358 1329 11 20 I
385 1329 37 20 två
439 1329 68 20 andra
523 1329 70 26 stånd,
608 1329 39 20 hos
662 1329 73 20 hvilka
751 1328 76 27 frågan
845 1335 32 12 re-

47 1357 42 21 dan
112 1357 72 22 blifvit
206 1357 127 26 behandlad,
355 1357 38 21 har
414 1357 109 21 utskottet
536 1357 96 21 däremot
647 1356 42 22 fått
705 1357 95 28 uppbära
816 1355 61 22 tack-

47 1386 89 28 sägelse.
166 1386 67 22 Hvad
248 1394 49 13 man
313 1386 38 21 här
366 1386 57 21 velat
440 1386 98 28 påbörda
554 1386 105 20 utskottet
674 1388 23 18 är
712 1384 119 22 emellertid
844 1384 33 21 till

47 1418 45 17 stor
107 1414 34 22 del
157 1414 82 27 sådant,
255 1422 46 14 som
316 1415 48 21 icke
380 1416 23 19 är
419 1422 26 13 en
464 1414 126 28 uppfinning
605 1414 24 21 af
642 1414 110 26 utskottet,
768 1416 51 18 utan
831 1420 46 14 som

47 1442 113 22 återfinnes
184 1444 4 20 i
213 1443 58 21 äldre
294 1442 267 28 bränvinsförfattningar,
579 1442 142 28 synnerligast
738 1443 5 19 i
760 1442 43 21 den
818 1442 60 24 sista,

47 1471 41 21 och
105 1472 94 20 därifrån
216 1472 68 28 ingått
302 1473 3 19 i
322 1471 42 21 den
380 1471 80 27 nådiga
477 1467 167 43 propositionen.
674 1471 66 20 Detta
755 1470 67 28 gäller
833 1471 45 19 sär-

47 1500 67 20 skildt
135 1500 57 21 hvad
215 1500 25 21 hr
262 1500 124 28 Appelberg
401 1500 126 20 framhållit.
557 1500 44 20 Det
617 1501 22 19 är
656 1499 45 21 icke
718 1498 71 28 någon
806 1497 23 21 af
845 1501 33 17 ut-
