1017 1731
290 110 179 23 Borgareständet
481 111 55 18 1891.
560 112 27 17 28
599 112 48 21 maj.
798 107 53 20 1401

119 190 242 28 bevillningsutskottets
376 191 127 20 hemställan
520 197 34 14 om
570 197 27 14 en
612 191 154 27 införselafgift'
777 191 26 27 på
816 192 64 21 tobak

50 219 33 21 för
98 219 171 27 finansperioden
285 219 151 25 1892—1894;
453 219 39 21 och

120 247 170 22 bankutskottets
312 247 79 28 förslag
413 247 32 21 till
461 247 207 27 sammanjämkning
684 247 21 21 af
719 247 101 22 ståndens
836 247 44 21 del-

51 276 32 20 vis
105 275 121 28 skiljaktiga
247 275 71 22 beslut
340 275 35 21 vid
398 275 159 28 behandlingen
580 276 21 20 af
619 276 112 21 utskottets
747 276 133 21 betänkande

51 311 35 14 n:o
110 304 12 20 2
146 304 109 27 angående
278 305 47 25 nytt
348 304 131 27 reglemente
502 305 39 20 och
559 311 30 20 ny
605 306 41 19 stat
660 304 33 21 för
707 304 101 21 Finlands
823 304 57 21 bank

52 334 54 19 samt
127 339 31 20 ny
176 332 129 21 instruktion
327 332 33 21 för
374 332 103 21 Finlands
492 333 96 20 ständers
603 332 200 28 bankfullmäktige;
826 335 56 18 samt

120 401 32 20 till
167 400 131 27 måndagens
312 401 98 27 plenum:

122 469 147 27 lagutskottets
284 468 134 21 betänkande
433 475 36 14 n:o
486 469 27 20 16
528 469 8 20 i
551 469 116 27 anledning
683 469 20 20 af
717 468 78 27 nådiga
805 475 76 20 propo-

54 497 91 22 sitionen
160 503 35 15 n:o
211 497 26 21 22
253 497 109 27 angående
377 497 92 28 ändring
483 497 9 21 i
507 497 98 28 gällande
618 497 131 28 stadganden
760 503 36 15 om
805 497 77 21 besvär

54 526 7 20 i
76 526 99 20 brottmål
191 526 39 20 och
245 526 120 27 utmätning
381 526 20 20 af
416 526 70 26 böter;
503 526 40 21 och

123 554 148 28 lagutskottets
286 554 133 21 betänkande
435 561 36 14 n:o
488 555 25 20 17
530 555 7 20 i
552 554 116 28 anledning
683 554 21 21 af
719 554 77 28 nådiga
806 560 76 22 propo-

54 582 91 22 sitionen
168 589 34 15 n:o
223 583 27 21 24
265 582 110 28 angående
391 582 81 22 ändrad
487 582 83 28 lydelse
586 583 21 21 af
622 582 103 22 särskilda
739 582 121 28 paragrafer
874 582 8 21 i

55 611 197 27 värnepliktslagen.

124 678 36 22 Uti
183 679 41 21 den
246 679 115 27 skrifvelse,
381 679 118 27 hvarjämte
515 679 148 27 lagutskottets
679 679 115 21 sistnämda
809 678 74 21 betän-

55 707 69 21 kande
140 707 32 21 till
187 707 84 21 ståndet
291 708 137 26 öfversändts,
450 708 138 20 meddelades
603 708 74 26 tillika,
700 710 30 18 att
744 714 28 14 en
787 708 45 20 mot
846 706 37 22 be-

55 735 116 21 tänkandet
193 736 93 27 afgifven
307 736 130 21 reservation
460 736 86 21 komme
567 738 30 19 att
611 736 32 21 till
658 736 120 27 måndagen
793 735 90 27 utdelas,

56 764 116 27 hvarjämte
194 764 26 21 hr
242 764 128 28 Clouberg
386 764 100 28 upplyste
502 766 30 20 att
547 764 42 22 den
604 764 8 21 i
627 764 125 21 skrifvelsen
768 764 115 20 omordade

56 793 156 21 reservationen
228 792 59 28 afsäg
302 793 112 21 utskottets
429 793 74 21 beslut
518 793 131 21 beträffande
665 793 28 27 $&
707 793 40 20 112
764 792 39 21 och
820 792 40 20 113
875 792 9 20 i

56 821 197 27 värnepliktslagen.

125 968 37 21 Uti
178 975 27 14 en
220 969 32 20 till
268 969 83 22 ståndet
366 969 54 21 stäld
436 969 112 22 skrifvelse
568 969 98 22 anmälde
682 968 202 22 ekonomiutskottet

57 998 30 20 att
101 997 98 28 samtliga
213 997 62 21 stånd
290 998 94 27 godkänt
399 998 117 21 utskottets
529 998 132 21 betänkande
677 1004 34 15 n:o
727 997 12 20 6
750 997 8 20 i
769 996 118 27 anledning.

58 1025 20 21 af
98 1025 106 22 särskilda:
225 1026 3 20 i
248 1026 155 21 bondeståndet
422 1027 77 20 väckta
519 1026 179 28 petitionsförslag
713 1025 111 28 angående
839 1031 49 14 rus-

57 1054 95 27 drycker.

124 1200 90 22 Jämlikt
228 1201 95 22 ståndets
338 1202 89 27 tidigare
443 1202 74 21 därom
539 1203 79 20 fattade
633 1202 70 21 beslut
719 1201 74 21 skreds
808 1207 30 14 nu
853 1201 33 20 till

59 1229 33 21 val
107 1229 21 21 af
143 1229 39 20 tolf
196 1229 117 22 ledamöter
325 1231 7 20 i
347 1231 36 20 det
397 1231 116 21 förstärkta
530 1230 214 28 bevillningsutskott,
768 1235 45 14 som
832 1229 54 26 egde

57 1257 31 22 till
109 1257 115 28 afgörande
242 1261 93 25 upptaga
352 1259 75 27 frågan
443 1266 37 13 om
495 1259 118 28 bevillning
627 1259 33 21 för
674 1257 150 27 maltdrycker,
846 1257 40 20 och

56 1285 90 29 utsägos:
157 1287 75 20 härvid
246 1287 33 21 till
293 1287 126 21 ledamöter:
439 1287 39 21 hrr
492 1287 136 28 Borenius,
643 1287 102 27 Elving,
759 1285 128 27 Federley

57 1315 39 20 och
120 1315 109 28 Hoving,
252 1316 81 21 enhvar
356 1315 50 22 med
428 1316 28 21 38
480 1318 73 25 röster,
576 1316 126 27 Andstön,
728 1313 160 28 Appelberg,

58 1343 148 28 Carlström,
224 1343 144 28 Forselius,
382 1344 118 21 Jansson
516 1345 39 20 och
570 1344 151 27 Malmberg,
736 1343 53 20 hvar
804 1343 40 20 och
859 1349 28 14 en

56 1372 49 21 med
126 1372 25 21 37
172 1374 72 24 röster,
265 1372 112 22 Burman
395 1373 50 21 med
463 1373 27 21 36
507 1373 39 21 och
560 1373 131 27 Lindberg
705 1371 50 22 med
771 1371 27 21 35
813 1373 73 19 röster.

125 1440 74 22 Såsom
218 1441 135 28 upptagande
375 1442 76 21 endast
471 1442 57 21 elfva
547 1448 65 15 namn
633 1441 44 21 blef
692 1447 27 15 en
735 1440 93 28 afgifven
844 1439 44 21 val-

56 1469 58 21 sedel
129 1469 106 21 kasserad.
