<?xml version="1.0" encoding="UTF-8"?>
<alto xmlns="http://www.loc.gov/standards/alto/ns-v3#" xmlns:xlink="http://www.w3.org/1999/xlink" xmlns:xsi="http://www.w3.org/2001/XMLSchema-instance" xsi:schemaLocation="http://www.loc.gov/standards/alto/ns-v3# http://www.loc.gov/alto/v3/alto-3-0.xsd">
	<Description>
		<MeasurementUnit>pixel</MeasurementUnit>
		<sourceImageInformation>
			<fileName>/tmp/tess_2e7gsgjl_input.PNG</fileName>
		</sourceImageInformation>
		<OCRProcessing ID="OCR_0">
			<ocrProcessingStep>
				<processingSoftware>
					<softwareName>tesseract 5.3.4</softwareName>
				</processingSoftware>
			</ocrProcessingStep>
		</OCRProcessing>
	</Description>
	<Layout>
		<Page WIDTH="1017" HEIGHT="1731" PHYSICAL_IMG_NR="0" ID="page_0">
			<PrintSpace HPOS="0" VPOS="0" WIDTH="1017" HEIGHT="1731">
				<ComposedBlock ID="cblock_0" HPOS="175" VPOS="109" WIDTH="570" HEIGHT="27">
					<TextBlock ID="block_0" HPOS="175" VPOS="109" WIDTH="570" HEIGHT="27">
						<TextLine ID="line_0" HPOS="175" VPOS="109" WIDTH="570" HEIGHT="27">
							<String ID="string_0" HPOS="175" VPOS="109" WIDTH="54" HEIGHT="20" WC="0.96" CONTENT="1348"/><SP WIDTH="164" VPOS="109" HPOS="229"/>
							<String ID="string_1" HPOS="393" VPOS="115" WIDTH="178" HEIGHT="20" WC="0.88" CONTENT="Borgareständet"/><SP WIDTH="14" VPOS="115" HPOS="571"/>
							<String ID="string_2" HPOS="585" VPOS="116" WIDTH="54" HEIGHT="16" WC="0.95" CONTENT="1891."/><SP WIDTH="24" VPOS="116" HPOS="639"/>
							<String ID="string_3" HPOS="663" VPOS="115" WIDTH="23" HEIGHT="17" WC="0.96" CONTENT="22"/><SP WIDTH="12" VPOS="115" HPOS="686"/>
							<String ID="string_4" HPOS="698" VPOS="115" WIDTH="47" HEIGHT="21" WC="0.96" CONTENT="maj."/>
						</TextLine>
					</TextBlock>
				</ComposedBlock>
				<GraphicalElement ID="cblock_1" HPOS="147" VPOS="146" WIDTH="828" HEIGHT="11"></GraphicalElement >
				<ComposedBlock ID="cblock_2" HPOS="145" VPOS="195" WIDTH="831" HEIGHT="482">
					<TextBlock ID="block_1" HPOS="145" VPOS="195" WIDTH="831" HEIGHT="482">
						<TextLine ID="line_1" HPOS="215" VPOS="195" WIDTH="761" HEIGHT="28">
							<String ID="string_5" HPOS="215" VPOS="195" WIDTH="33" HEIGHT="20" WC="0.93" CONTENT="Hr"/><SP WIDTH="22" VPOS="195" HPOS="248"/>
							<String ID="string_6" HPOS="270" VPOS="195" WIDTH="73" HEIGHT="21" WC="0.92" CONTENT="Göös:"/><SP WIDTH="24" VPOS="195" HPOS="343"/>
							<String ID="string_7" HPOS="367" VPOS="196" WIDTH="41" HEIGHT="27" WC="0.96" CONTENT="Jag"/><SP WIDTH="21" VPOS="196" HPOS="408"/>
							<String ID="string_8" HPOS="429" VPOS="196" WIDTH="33" HEIGHT="20" WC="0.96" CONTENT="för"/><SP WIDTH="22" VPOS="196" HPOS="462"/>
							<String ID="string_9" HPOS="484" VPOS="196" WIDTH="43" HEIGHT="20" WC="0.96" CONTENT="min"/><SP WIDTH="25" VPOS="196" HPOS="527"/>
							<String ID="string_10" HPOS="552" VPOS="196" WIDTH="32" HEIGHT="20" WC="0.96" CONTENT="del"/><SP WIDTH="25" VPOS="196" HPOS="584"/>
							<String ID="string_11" HPOS="609" VPOS="196" WIDTH="40" HEIGHT="20" WC="0.96" CONTENT="kan"/><SP WIDTH="20" VPOS="196" HPOS="649"/>
							<String ID="string_12" HPOS="669" VPOS="196" WIDTH="46" HEIGHT="20" WC="0.96" CONTENT="icke"/><SP WIDTH="17" VPOS="196" HPOS="715"/>
							<String ID="string_13" HPOS="732" VPOS="195" WIDTH="95" HEIGHT="27" WC="0.96" CONTENT="uppfatta"/><SP WIDTH="16" VPOS="195" HPOS="827"/>
							<String ID="string_14" HPOS="843" VPOS="196" WIDTH="35" HEIGHT="20" WC="0.96" CONTENT="det"/><SP WIDTH="14" VPOS="196" HPOS="878"/>
							<String ID="string_15" HPOS="892" VPOS="196" WIDTH="84" HEIGHT="27" WC="0.95" CONTENT="förslag,"/>
						</TextLine>
						<TextLine ID="line_2" HPOS="146" VPOS="224" WIDTH="830" HEIGHT="27">
							<String ID="string_16" HPOS="146" VPOS="231" WIDTH="47" HEIGHT="14" WC="0.96" CONTENT="som"/><SP WIDTH="15" VPOS="231" HPOS="193"/>
							<String ID="string_17" HPOS="208" VPOS="225" WIDTH="21" HEIGHT="20" WC="0.96" CONTENT="af"/><SP WIDTH="16" VPOS="225" HPOS="229"/>
							<String ID="string_18" HPOS="245" VPOS="225" WIDTH="102" HEIGHT="20" WC="0.95" CONTENT="utskottet"/><SP WIDTH="16" VPOS="225" HPOS="347"/>
							<String ID="string_19" HPOS="363" VPOS="225" WIDTH="47" HEIGHT="20" WC="0.96" CONTENT="med"/><SP WIDTH="17" VPOS="225" HPOS="410"/>
							<String ID="string_20" HPOS="427" VPOS="224" WIDTH="100" HEIGHT="21" WC="0.93" CONTENT="afseende"/><SP WIDTH="15" VPOS="224" HPOS="527"/>
							<String ID="string_21" HPOS="542" VPOS="224" WIDTH="13" HEIGHT="21" WC="0.91" CONTENT="å"/><SP WIDTH="14" VPOS="224" HPOS="555"/>
							<String ID="string_22" HPOS="569" VPOS="224" WIDTH="235" HEIGHT="27" WC="0.92" CONTENT="sammanjämkningen"/><SP WIDTH="19" VPOS="224" HPOS="804"/>
							<String ID="string_23" HPOS="823" VPOS="231" WIDTH="28" HEIGHT="13" WC="0.96" CONTENT="nu"/><SP WIDTH="16" VPOS="231" HPOS="851"/>
							<String ID="string_24" HPOS="867" VPOS="224" WIDTH="70" HEIGHT="27" WC="0.96" CONTENT="gjorts,"/><SP WIDTH="14" VPOS="224" HPOS="937"/>
							<String ID="string_25" HPOS="951" VPOS="231" WIDTH="25" HEIGHT="13" WC="0.96" CONTENT="ur"/>
						</TextLine>
						<TextLine ID="line_3" HPOS="146" VPOS="251" WIDTH="830" HEIGHT="28">
							<String ID="string_26" HPOS="146" VPOS="259" WIDTH="82" HEIGHT="14" WC="0.96" CONTENT="samma"/><SP WIDTH="15" VPOS="259" HPOS="228"/>
							<String ID="string_27" HPOS="243" VPOS="253" WIDTH="110" HEIGHT="26" WC="0.96" CONTENT="synpunkt"/><SP WIDTH="15" VPOS="253" HPOS="353"/>
							<String ID="string_28" HPOS="368" VPOS="259" WIDTH="45" HEIGHT="14" WC="0.96" CONTENT="som"/><SP WIDTH="16" VPOS="259" HPOS="413"/>
							<String ID="string_29" HPOS="429" VPOS="253" WIDTH="25" HEIGHT="20" WC="0.93" CONTENT="hr"/><SP WIDTH="14" VPOS="253" HPOS="454"/>
							<String ID="string_30" HPOS="468" VPOS="253" WIDTH="100" HEIGHT="20" WC="0.91" CONTENT="Jusélius."/><SP WIDTH="30" VPOS="253" HPOS="568"/>
							<String ID="string_31" HPOS="598" VPOS="253" WIDTH="41" HEIGHT="26" WC="0.96" CONTENT="Jag"/><SP WIDTH="16" VPOS="253" HPOS="639"/>
							<String ID="string_32" HPOS="655" VPOS="253" WIDTH="40" HEIGHT="20" WC="0.96" CONTENT="kan"/><SP WIDTH="18" VPOS="253" HPOS="695"/>
							<String ID="string_33" HPOS="713" VPOS="252" WIDTH="46" HEIGHT="20" WC="0.96" CONTENT="icke"/><SP WIDTH="16" VPOS="252" HPOS="759"/>
							<String ID="string_34" HPOS="775" VPOS="251" WIDTH="59" HEIGHT="22" WC="0.96" CONTENT="finna"/><SP WIDTH="16" VPOS="251" HPOS="834"/>
							<String ID="string_35" HPOS="850" VPOS="255" WIDTH="29" HEIGHT="18" WC="0.96" CONTENT="att"/><SP WIDTH="13" VPOS="255" HPOS="879"/>
							<String ID="string_36" HPOS="892" VPOS="253" WIDTH="35" HEIGHT="20" WC="0.96" CONTENT="det"/><SP WIDTH="13" VPOS="253" HPOS="927"/>
							<String ID="string_37" HPOS="940" VPOS="253" WIDTH="36" HEIGHT="20" WC="0.95" CONTENT="här"/>
						</TextLine>
						<TextLine ID="line_4" HPOS="146" VPOS="280" WIDTH="829" HEIGHT="28">
							<String ID="string_38" HPOS="146" VPOS="281" WIDTH="68" HEIGHT="27" WC="0.96" CONTENT="gäller"/><SP WIDTH="15" VPOS="281" HPOS="214"/>
							<String ID="string_39" HPOS="229" VPOS="281" WIDTH="70" HEIGHT="27" WC="0.96" CONTENT="någon"/><SP WIDTH="16" VPOS="281" HPOS="299"/>
							<String ID="string_40" HPOS="315" VPOS="281" WIDTH="140" HEIGHT="27" WC="0.96" CONTENT="beskattning."/><SP WIDTH="16" VPOS="281" HPOS="455"/>
							<String ID="string_41" HPOS="471" VPOS="281" WIDTH="39" HEIGHT="20" WC="0.92" CONTENT="Om"/><SP WIDTH="12" VPOS="281" HPOS="510"/>
							<String ID="string_42" HPOS="522" VPOS="281" WIDTH="237" HEIGHT="27" WC="0.92" CONTENT="författningsförslaget"/><SP WIDTH="11" VPOS="281" HPOS="759"/>
							<String ID="string_43" HPOS="770" VPOS="280" WIDTH="68" HEIGHT="21" WC="0.96" CONTENT="skulle"/><SP WIDTH="11" VPOS="280" HPOS="838"/>
							<String ID="string_44" HPOS="849" VPOS="281" WIDTH="26" HEIGHT="26" WC="0.96" CONTENT="gå"/><SP WIDTH="10" VPOS="281" HPOS="875"/>
							<String ID="string_45" HPOS="885" VPOS="281" WIDTH="90" HEIGHT="27" WC="0.96" CONTENT="igenom,"/>
						</TextLine>
						<TextLine ID="line_5" HPOS="146" VPOS="309" WIDTH="829" HEIGHT="27">
							<String ID="string_46" HPOS="146" VPOS="309" WIDTH="24" HEIGHT="21" WC="0.96" CONTENT="så"/><SP WIDTH="23" VPOS="309" HPOS="170"/>
							<String ID="string_47" HPOS="193" VPOS="316" WIDTH="49" HEIGHT="14" WC="0.96" CONTENT="vore"/><SP WIDTH="25" VPOS="316" HPOS="242"/>
							<String ID="string_48" HPOS="267" VPOS="309" WIDTH="35" HEIGHT="21" WC="0.96" CONTENT="det"/><SP WIDTH="15" VPOS="309" HPOS="302"/>
							<String ID="string_49" HPOS="317" VPOS="310" WIDTH="75" HEIGHT="20" WC="0.96" CONTENT="endast"/><SP WIDTH="15" VPOS="310" HPOS="392"/>
							<String ID="string_50" HPOS="407" VPOS="316" WIDTH="26" HEIGHT="14" WC="0.96" CONTENT="en"/><SP WIDTH="17" VPOS="316" HPOS="433"/>
							<String ID="string_51" HPOS="450" VPOS="309" WIDTH="34" HEIGHT="21" WC="0.95" CONTENT="del"/><SP WIDTH="15" VPOS="309" HPOS="484"/>
							<String ID="string_52" HPOS="499" VPOS="309" WIDTH="21" HEIGHT="21" WC="0.95" CONTENT="af"/><SP WIDTH="15" VPOS="309" HPOS="520"/>
							<String ID="string_53" HPOS="535" VPOS="311" WIDTH="30" HEIGHT="19" WC="0.96" CONTENT="ett"/><SP WIDTH="16" VPOS="311" HPOS="565"/>
							<String ID="string_54" HPOS="581" VPOS="309" WIDTH="72" HEIGHT="27" WC="0.96" CONTENT="bolags"/><SP WIDTH="17" VPOS="309" HPOS="653"/>
							<String ID="string_55" HPOS="670" VPOS="310" WIDTH="61" HEIGHT="25" WC="0.95" CONTENT="vinst,"/><SP WIDTH="17" VPOS="310" HPOS="731"/>
							<String ID="string_56" HPOS="748" VPOS="315" WIDTH="45" HEIGHT="14" WC="0.96" CONTENT="som"/><SP WIDTH="17" VPOS="315" HPOS="793"/>
							<String ID="string_57" HPOS="810" VPOS="309" WIDTH="68" HEIGHT="21" WC="0.95" CONTENT="skulle"/><SP WIDTH="15" VPOS="309" HPOS="878"/>
							<String ID="string_58" HPOS="893" VPOS="309" WIDTH="82" HEIGHT="21" WC="0.92" CONTENT="tillfalla"/>
						</TextLine>
						<TextLine ID="line_6" HPOS="145" VPOS="337" WIDTH="831" HEIGHT="28">
							<String ID="string_59" HPOS="145" VPOS="338" WIDTH="283" HEIGHT="27" WC="0.91" CONTENT="kommunikationsfonden,"/><SP WIDTH="15" VPOS="338" HPOS="428"/>
							<String ID="string_60" HPOS="443" VPOS="338" WIDTH="85" HEIGHT="21" WC="0.96" CONTENT="hvilken"/><SP WIDTH="18" VPOS="338" HPOS="528"/>
							<String ID="string_61" HPOS="546" VPOS="338" WIDTH="54" HEIGHT="21" WC="0.96" CONTENT="vinst"/><SP WIDTH="15" VPOS="338" HPOS="600"/>
							<String ID="string_62" HPOS="615" VPOS="338" WIDTH="92" HEIGHT="27" WC="0.96" CONTENT="uppstått"/><SP WIDTH="12" VPOS="338" HPOS="707"/>
							<String ID="string_63" HPOS="719" VPOS="337" WIDTH="123" HEIGHT="27" WC="0.96" CONTENT="därigenom"/><SP WIDTH="11" VPOS="337" HPOS="842"/>
							<String ID="string_64" HPOS="853" VPOS="340" WIDTH="29" HEIGHT="18" WC="0.96" CONTENT="att"/><SP WIDTH="11" VPOS="340" HPOS="882"/>
							<String ID="string_65" HPOS="893" VPOS="338" WIDTH="83" HEIGHT="27" WC="0.95" CONTENT="bolaget"/>
						</TextLine>
						<TextLine ID="line_7" HPOS="146" VPOS="366" WIDTH="830" HEIGHT="27">
							<String ID="string_66" HPOS="146" VPOS="366" WIDTH="39" HEIGHT="21" WC="0.96" CONTENT="fått"/><SP WIDTH="22" VPOS="366" HPOS="185"/>
							<String ID="string_67" HPOS="207" VPOS="368" WIDTH="29" HEIGHT="19" WC="0.96" CONTENT="ett"/><SP WIDTH="23" VPOS="368" HPOS="236"/>
							<String ID="string_68" HPOS="259" VPOS="367" WIDTH="105" HEIGHT="26" WC="0.93" CONTENT="monopol."/><SP WIDTH="30" VPOS="367" HPOS="364"/>
							<String ID="string_69" HPOS="394" VPOS="366" WIDTH="41" HEIGHT="21" WC="0.94" CONTENT="För"/><SP WIDTH="16" VPOS="366" HPOS="435"/>
							<String ID="string_70" HPOS="451" VPOS="366" WIDTH="62" HEIGHT="27" WC="0.96" CONTENT="öfrigt"/><SP WIDTH="15" VPOS="366" HPOS="513"/>
							<String ID="string_71" HPOS="528" VPOS="370" WIDTH="43" HEIGHT="17" WC="0.95" CONTENT="tror"/><SP WIDTH="14" VPOS="370" HPOS="571"/>
							<String ID="string_72" HPOS="585" VPOS="367" WIDTH="36" HEIGHT="26" WC="0.96" CONTENT="jag"/><SP WIDTH="15" VPOS="367" HPOS="621"/>
							<String ID="string_73" HPOS="636" VPOS="369" WIDTH="30" HEIGHT="18" WC="0.96" CONTENT="att"/><SP WIDTH="15" VPOS="369" HPOS="666"/>
							<String ID="string_74" HPOS="681" VPOS="366" WIDTH="71" HEIGHT="20" WC="0.96" CONTENT="denna"/><SP WIDTH="17" VPOS="366" HPOS="752"/>
							<String ID="string_75" HPOS="769" VPOS="367" WIDTH="97" HEIGHT="26" WC="0.96" CONTENT="paragraf"/><SP WIDTH="14" VPOS="367" HPOS="866"/>
							<String ID="string_76" HPOS="880" VPOS="368" WIDTH="23" HEIGHT="18" WC="0.95" CONTENT="är"/><SP WIDTH="15" VPOS="368" HPOS="903"/>
							<String ID="string_77" HPOS="918" VPOS="367" WIDTH="20" HEIGHT="20" WC="0.95" CONTENT="af"/><SP WIDTH="15" VPOS="367" HPOS="938"/>
							<String ID="string_78" HPOS="953" VPOS="366" WIDTH="23" HEIGHT="21" WC="0.95" CONTENT="så"/>
						</TextLine>
						<TextLine ID="line_8" HPOS="146" VPOS="394" WIDTH="829" HEIGHT="27">
							<String ID="string_79" HPOS="146" VPOS="397" WIDTH="44" HEIGHT="18" WC="0.96" CONTENT="stor"/><SP WIDTH="15" VPOS="397" HPOS="190"/>
							<String ID="string_80" HPOS="205" VPOS="395" WIDTH="110" HEIGHT="26" WC="0.96" CONTENT="betydelse"/><SP WIDTH="16" VPOS="395" HPOS="315"/>
							<String ID="string_81" HPOS="331" VPOS="397" WIDTH="34" HEIGHT="24" WC="0.96" CONTENT="att,"/><SP WIDTH="17" VPOS="397" HPOS="365"/>
							<String ID="string_82" HPOS="382" VPOS="401" WIDTH="34" HEIGHT="14" WC="0.96" CONTENT="om"/><SP WIDTH="15" VPOS="401" HPOS="416"/>
							<String ID="string_83" HPOS="431" VPOS="401" WIDTH="25" HEIGHT="14" WC="0.93" CONTENT="en"/><SP WIDTH="13" VPOS="401" HPOS="456"/>
							<String ID="string_84" HPOS="469" VPOS="395" WIDTH="207" HEIGHT="26" WC="0.92" CONTENT="sammanjämkning"/><SP WIDTH="8" VPOS="395" HPOS="676"/>
							<String ID="string_85" HPOS="684" VPOS="394" WIDTH="111" HEIGHT="27" WC="0.96" CONTENT="härvidlag"/><SP WIDTH="8" VPOS="394" HPOS="795"/>
							<String ID="string_86" HPOS="803" VPOS="395" WIDTH="45" HEIGHT="20" WC="0.96" CONTENT="icke"/><SP WIDTH="9" VPOS="395" HPOS="848"/>
							<String ID="string_87" HPOS="857" VPOS="395" WIDTH="40" HEIGHT="20" WC="0.93" CONTENT="kan"/><SP WIDTH="11" VPOS="395" HPOS="897"/>
							<String ID="string_88" HPOS="908" VPOS="395" WIDTH="67" HEIGHT="20" WC="0.92" CONTENT="ästad-"/>
						</TextLine>
						<TextLine ID="line_9" HPOS="146" VPOS="423" WIDTH="829" HEIGHT="27">
							<String ID="string_89" HPOS="146" VPOS="423" WIDTH="102" HEIGHT="26" WC="0.96" CONTENT="kommas,"/><SP WIDTH="22" VPOS="423" HPOS="248"/>
							<String ID="string_90" HPOS="270" VPOS="429" WIDTH="50" HEIGHT="14" WC="0.93" CONTENT="man"/><SP WIDTH="16" VPOS="429" HPOS="320"/>
							<String ID="string_91" HPOS="336" VPOS="423" WIDTH="101" HEIGHT="27" WC="0.96" CONTENT="möjligen"/><SP WIDTH="15" VPOS="423" HPOS="437"/>
							<String ID="string_92" HPOS="452" VPOS="423" WIDTH="41" HEIGHT="20" WC="0.93" CONTENT="kan"/><SP WIDTH="16" VPOS="423" HPOS="493"/>
							<String ID="string_93" HPOS="509" VPOS="423" WIDTH="110" HEIGHT="26" WC="0.92" CONTENT="äfventyra"/><SP WIDTH="16" VPOS="423" HPOS="619"/>
							<String ID="string_94" HPOS="635" VPOS="425" WIDTH="30" HEIGHT="18" WC="0.93" CONTENT="att"/><SP WIDTH="15" VPOS="425" HPOS="665"/>
							<String ID="string_95" HPOS="680" VPOS="423" WIDTH="47" HEIGHT="20" WC="0.96" CONTENT="icke"/><SP WIDTH="17" VPOS="423" HPOS="727"/>
							<String ID="string_96" HPOS="744" VPOS="423" WIDTH="21" HEIGHT="20" WC="0.96" CONTENT="få"/><SP WIDTH="15" VPOS="423" HPOS="765"/>
							<String ID="string_97" HPOS="780" VPOS="423" WIDTH="70" HEIGHT="27" WC="0.93" CONTENT="någon"/><SP WIDTH="16" VPOS="423" HPOS="850"/>
							<String ID="string_98" HPOS="866" VPOS="423" WIDTH="109" HEIGHT="20" WC="0.76" CONTENT="bränvins-"/>
						</TextLine>
						<TextLine ID="line_10" HPOS="146" VPOS="451" WIDTH="829" HEIGHT="27">
							<String ID="string_99" HPOS="146" VPOS="451" WIDTH="35" HEIGHT="27" WC="0.96" CONTENT="lag"/><SP WIDTH="23" VPOS="451" HPOS="181"/>
							<String ID="string_100" HPOS="204" VPOS="451" WIDTH="30" HEIGHT="20" WC="0.95" CONTENT="als"/><SP WIDTH="23" VPOS="451" HPOS="234"/>
							<String ID="string_101" HPOS="257" VPOS="451" WIDTH="32" HEIGHT="20" WC="0.93" CONTENT="till"/><SP WIDTH="22" VPOS="451" HPOS="289"/>
							<String ID="string_102" HPOS="311" VPOS="451" WIDTH="63" HEIGHT="21" WC="0.96" CONTENT="stånd"/><SP WIDTH="22" VPOS="451" HPOS="374"/>
							<String ID="string_103" HPOS="396" VPOS="451" WIDTH="67" HEIGHT="21" WC="0.96" CONTENT="under"/><SP WIDTH="24" VPOS="451" HPOS="463"/>
							<String ID="string_104" HPOS="487" VPOS="453" WIDTH="104" HEIGHT="19" WC="0.93" CONTENT="närmaste"/><SP WIDTH="26" VPOS="453" HPOS="591"/>
							<String ID="string_105" HPOS="617" VPOS="451" WIDTH="146" HEIGHT="27" WC="0.95" CONTENT="treårsperiod."/><SP WIDTH="31" VPOS="451" HPOS="763"/>
							<String ID="string_106" HPOS="794" VPOS="451" WIDTH="113" HEIGHT="21" WC="0.92" CONTENT="Dessutom"/><SP WIDTH="25" VPOS="451" HPOS="907"/>
							<String ID="string_107" HPOS="932" VPOS="454" WIDTH="43" HEIGHT="18" WC="0.93" CONTENT="tror"/>
						</TextLine>
						<TextLine ID="line_11" HPOS="145" VPOS="480" WIDTH="830" HEIGHT="27">
							<String ID="string_108" HPOS="145" VPOS="480" WIDTH="36" HEIGHT="26" WC="0.93" CONTENT="jag"/><SP WIDTH="21" VPOS="480" HPOS="181"/>
							<String ID="string_109" HPOS="202" VPOS="480" WIDTH="46" HEIGHT="20" WC="0.96" CONTENT="icke"/><SP WIDTH="24" VPOS="480" HPOS="248"/>
							<String ID="string_110" HPOS="272" VPOS="481" WIDTH="35" HEIGHT="25" WC="0.96" CONTENT="att,"/><SP WIDTH="18" VPOS="481" HPOS="307"/>
							<String ID="string_111" HPOS="325" VPOS="487" WIDTH="35" HEIGHT="13" WC="0.93" CONTENT="om"/><SP WIDTH="16" VPOS="487" HPOS="360"/>
							<String ID="string_112" HPOS="376" VPOS="480" WIDTH="171" HEIGHT="27" WC="0.85" CONTENT="borgareständot"/><SP WIDTH="16" VPOS="480" HPOS="547"/>
							<String ID="string_113" HPOS="563" VPOS="480" WIDTH="62" HEIGHT="21" WC="0.96" CONTENT="äfven"/><SP WIDTH="16" VPOS="480" HPOS="625"/>
							<String ID="string_114" HPOS="641" VPOS="480" WIDTH="70" HEIGHT="20" WC="0.96" CONTENT="skulle"/><SP WIDTH="16" VPOS="480" HPOS="711"/>
							<String ID="string_115" HPOS="727" VPOS="481" WIDTH="77" HEIGHT="25" WC="0.96" CONTENT="antaga"/><SP WIDTH="16" VPOS="481" HPOS="804"/>
							<String ID="string_116" HPOS="820" VPOS="480" WIDTH="39" HEIGHT="20" WC="0.96" CONTENT="den"/><SP WIDTH="18" VPOS="480" HPOS="859"/>
							<String ID="string_117" HPOS="877" VPOS="487" WIDTH="27" HEIGHT="13" WC="0.92" CONTENT="nu"/><SP WIDTH="17" VPOS="487" HPOS="904"/>
							<String ID="string_118" HPOS="921" VPOS="480" WIDTH="54" HEIGHT="21" WC="0.92" CONTENT="före-"/>
						</TextLine>
						<TextLine ID="line_12" HPOS="146" VPOS="508" WIDTH="828" HEIGHT="28">
							<String ID="string_119" HPOS="146" VPOS="508" WIDTH="74" HEIGHT="26" WC="0.90" CONTENT="slagna"/><SP WIDTH="15" VPOS="508" HPOS="220"/>
							<String ID="string_120" HPOS="235" VPOS="509" WIDTH="241" HEIGHT="27" WC="0.91" CONTENT="sammanjämkningen,"/><SP WIDTH="16" VPOS="509" HPOS="476"/>
							<String ID="string_121" HPOS="492" VPOS="509" WIDTH="258" HEIGHT="27" WC="0.90" CONTENT="utskänkningsbolagens"/><SP WIDTH="24" VPOS="509" HPOS="750"/>
							<String ID="string_122" HPOS="774" VPOS="509" WIDTH="55" HEIGHT="20" WC="0.90" CONTENT="vinst"/><SP WIDTH="23" VPOS="509" HPOS="829"/>
							<String ID="string_123" HPOS="852" VPOS="509" WIDTH="122" HEIGHT="25" WC="0.95" CONTENT="därigenom"/>
						</TextLine>
						<TextLine ID="line_13" HPOS="146" VPOS="536" WIDTH="828" HEIGHT="28">
							<String ID="string_124" HPOS="146" VPOS="536" WIDTH="109" HEIGHT="28" WC="0.91" CONTENT="värkligen"/><SP WIDTH="24" VPOS="536" HPOS="255"/>
							<String ID="string_125" HPOS="279" VPOS="537" WIDTH="68" HEIGHT="20" WC="0.93" CONTENT="skulle"/><SP WIDTH="21" VPOS="537" HPOS="347"/>
							<String ID="string_126" HPOS="368" VPOS="538" WIDTH="98" HEIGHT="20" WC="0.93" CONTENT="minskas."/><SP WIDTH="29" VPOS="538" HPOS="466"/>
							<String ID="string_127" HPOS="495" VPOS="537" WIDTH="31" HEIGHT="27" WC="0.91" CONTENT="&#39;Cy"/><SP WIDTH="15" VPOS="537" HPOS="526"/>
							<String ID="string_128" HPOS="541" VPOS="544" WIDTH="34" HEIGHT="13" WC="0.93" CONTENT="om"/><SP WIDTH="16" VPOS="544" HPOS="575"/>
							<String ID="string_129" HPOS="591" VPOS="537" WIDTH="239" HEIGHT="27" WC="0.92" CONTENT="författningsförslaget"/><SP WIDTH="14" VPOS="537" HPOS="830"/>
							<String ID="string_130" HPOS="844" VPOS="540" WIDTH="92" HEIGHT="23" WC="0.93" CONTENT="antages,"/><SP WIDTH="16" VPOS="540" HPOS="936"/>
							<String ID="string_131" HPOS="952" VPOS="537" WIDTH="22" HEIGHT="20" WC="0.97" CONTENT="sä"/>
						</TextLine>
						<TextLine ID="line_14" HPOS="146" VPOS="565" WIDTH="828" HEIGHT="27">
							<String ID="string_132" HPOS="146" VPOS="567" WIDTH="23" HEIGHT="18" WC="0.96" CONTENT="är"/><SP WIDTH="15" VPOS="567" HPOS="169"/>
							<String ID="string_133" HPOS="184" VPOS="565" WIDTH="36" HEIGHT="20" WC="0.93" CONTENT="det"/><SP WIDTH="15" VPOS="565" HPOS="220"/>
							<String ID="string_134" HPOS="235" VPOS="565" WIDTH="64" HEIGHT="20" WC="0.92" CONTENT="ocksä"/><SP WIDTH="16" VPOS="565" HPOS="299"/>
							<String ID="string_135" HPOS="315" VPOS="566" WIDTH="102" HEIGHT="26" WC="0.93" CONTENT="antagligt"/><SP WIDTH="15" VPOS="566" HPOS="417"/>
							<String ID="string_136" HPOS="432" VPOS="568" WIDTH="29" HEIGHT="18" WC="0.93" CONTENT="att"/><SP WIDTH="16" VPOS="568" HPOS="461"/>
							<String ID="string_137" HPOS="477" VPOS="565" WIDTH="82" HEIGHT="21" WC="0.93" CONTENT="vinsten"/><SP WIDTH="20" VPOS="565" HPOS="559"/>
							<String ID="string_138" HPOS="579" VPOS="566" WIDTH="40" HEIGHT="20" WC="0.95" CONTENT="blir"/><SP WIDTH="14" VPOS="566" HPOS="619"/>
							<String ID="string_139" HPOS="633" VPOS="565" WIDTH="106" HEIGHT="27" WC="0.96" CONTENT="betydligt"/><SP WIDTH="16" VPOS="565" HPOS="739"/>
							<String ID="string_140" HPOS="755" VPOS="567" WIDTH="65" HEIGHT="19" WC="0.96" CONTENT="större"/><SP WIDTH="16" VPOS="567" HPOS="820"/>
							<String ID="string_141" HPOS="836" VPOS="568" WIDTH="27" HEIGHT="18" WC="0.96" CONTENT="än"/><SP WIDTH="16" VPOS="568" HPOS="863"/>
							<String ID="string_142" HPOS="879" VPOS="565" WIDTH="41" HEIGHT="21" WC="0.92" CONTENT="den"/><SP WIDTH="15" VPOS="565" HPOS="920"/>
							<String ID="string_143" HPOS="935" VPOS="566" WIDTH="39" HEIGHT="20" WC="0.92" CONTENT="hit-"/>
						</TextLine>
						<TextLine ID="line_15" HPOS="146" VPOS="593" WIDTH="828" HEIGHT="27">
							<String ID="string_144" HPOS="146" VPOS="593" WIDTH="43" HEIGHT="20" WC="0.96" CONTENT="tills"/><SP WIDTH="16" VPOS="593" HPOS="189"/>
							<String ID="string_145" HPOS="205" VPOS="594" WIDTH="59" HEIGHT="26" WC="0.96" CONTENT="varit,"/><SP WIDTH="17" VPOS="594" HPOS="264"/>
							<String ID="string_146" HPOS="281" VPOS="594" WIDTH="39" HEIGHT="20" WC="0.93" CONTENT="och"/><SP WIDTH="15" VPOS="594" HPOS="320"/>
							<String ID="string_147" HPOS="335" VPOS="594" WIDTH="90" HEIGHT="20" WC="0.96" CONTENT="sålunda"/><SP WIDTH="15" VPOS="594" HPOS="425"/>
							<String ID="string_148" HPOS="440" VPOS="593" WIDTH="67" HEIGHT="21" WC="0.93" CONTENT="skulle"/><SP WIDTH="16" VPOS="593" HPOS="507"/>
							<String ID="string_149" HPOS="523" VPOS="594" WIDTH="98" HEIGHT="20" WC="0.96" CONTENT="städerna"/><SP WIDTH="15" VPOS="594" HPOS="621"/>
							<String ID="string_150" HPOS="636" VPOS="594" WIDTH="47" HEIGHT="20" WC="0.96" CONTENT="icke"/><SP WIDTH="16" VPOS="594" HPOS="683"/>
							<String ID="string_151" HPOS="699" VPOS="594" WIDTH="5" HEIGHT="19" WC="0.95" CONTENT="i"/><SP WIDTH="18" VPOS="594" HPOS="704"/>
							<String ID="string_152" HPOS="722" VPOS="594" WIDTH="38" HEIGHT="20" WC="0.96" CONTENT="sak"/><SP WIDTH="16" VPOS="594" HPOS="760"/>
							<String ID="string_153" HPOS="776" VPOS="594" WIDTH="84" HEIGHT="20" WC="0.96" CONTENT="komma"/><SP WIDTH="22" VPOS="594" HPOS="860"/>
							<String ID="string_154" HPOS="882" VPOS="596" WIDTH="30" HEIGHT="18" WC="0.93" CONTENT="att"/><SP WIDTH="22" VPOS="596" HPOS="912"/>
							<String ID="string_155" HPOS="934" VPOS="594" WIDTH="40" HEIGHT="20" WC="0.92" CONTENT="för-"/>
						</TextLine>
						<TextLine ID="line_16" HPOS="145" VPOS="621" WIDTH="829" HEIGHT="28">
							<String ID="string_156" HPOS="145" VPOS="622" WIDTH="45" HEIGHT="20" WC="0.92" CONTENT="lora"/><SP WIDTH="21" VPOS="622" HPOS="190"/>
							<String ID="string_157" HPOS="211" VPOS="621" WIDTH="70" HEIGHT="27" WC="0.95" CONTENT="något."/><SP WIDTH="30" VPOS="621" HPOS="281"/>
							<String ID="string_158" HPOS="311" VPOS="621" WIDTH="41" HEIGHT="28" WC="0.96" CONTENT="Jag"/><SP WIDTH="23" VPOS="621" HPOS="352"/>
							<String ID="string_159" HPOS="375" VPOS="622" WIDTH="68" HEIGHT="21" WC="0.96" CONTENT="skulle"/><SP WIDTH="21" VPOS="622" HPOS="443"/>
							<String ID="string_160" HPOS="464" VPOS="622" WIDTH="26" HEIGHT="21" WC="0.86" CONTENT="be"/><SP WIDTH="23" VPOS="622" HPOS="490"/>
							<String ID="string_161" HPOS="513" VPOS="624" WIDTH="29" HEIGHT="19" WC="0.93" CONTENT="att"/><SP WIDTH="23" VPOS="624" HPOS="542"/>
							<String ID="string_162" HPOS="565" VPOS="622" WIDTH="20" HEIGHT="21" WC="0.93" CONTENT="få"/><SP WIDTH="17" VPOS="622" HPOS="585"/>
							<String ID="string_163" HPOS="602" VPOS="622" WIDTH="129" HEIGHT="21" WC="0.92" CONTENT="understöda"/><SP WIDTH="16" VPOS="622" HPOS="731"/>
							<String ID="string_164" HPOS="747" VPOS="622" WIDTH="227" HEIGHT="27" WC="0.87" CONTENT="sammanjämknings-"/>
						</TextLine>
						<TextLine ID="line_17" HPOS="146" VPOS="650" WIDTH="105" HEIGHT="27">
							<String ID="string_165" HPOS="146" VPOS="650" WIDTH="105" HEIGHT="27" WC="0.92" CONTENT="förslaget."/>
						</TextLine>
					</TextBlock>
				</ComposedBlock>
				<ComposedBlock ID="cblock_3" HPOS="140" VPOS="707" WIDTH="834" HEIGHT="822">
					<TextBlock ID="block_2" HPOS="140" VPOS="707" WIDTH="834" HEIGHT="822">
						<TextLine ID="line_18" HPOS="213" VPOS="707" WIDTH="761" HEIGHT="27">
							<String ID="string_166" HPOS="213" VPOS="707" WIDTH="33" HEIGHT="20" WC="0.93" CONTENT="Hr"/><SP WIDTH="15" VPOS="707" HPOS="246"/>
							<String ID="string_167" HPOS="261" VPOS="707" WIDTH="124" HEIGHT="27" WC="0.91" CONTENT="Eneberg:"/><SP WIDTH="17" VPOS="707" HPOS="385"/>
							<String ID="string_168" HPOS="402" VPOS="708" WIDTH="41" HEIGHT="20" WC="0.96" CONTENT="För"/><SP WIDTH="14" VPOS="708" HPOS="443"/>
							<String ID="string_169" HPOS="457" VPOS="708" WIDTH="43" HEIGHT="20" WC="0.96" CONTENT="min"/><SP WIDTH="17" VPOS="708" HPOS="500"/>
							<String ID="string_170" HPOS="517" VPOS="708" WIDTH="34" HEIGHT="20" WC="0.96" CONTENT="del"/><SP WIDTH="16" VPOS="708" HPOS="551"/>
							<String ID="string_171" HPOS="567" VPOS="708" WIDTH="36" HEIGHT="20" WC="0.96" CONTENT="ber"/><SP WIDTH="15" VPOS="708" HPOS="603"/>
							<String ID="string_172" HPOS="618" VPOS="708" WIDTH="35" HEIGHT="26" WC="0.96" CONTENT="jag"/><SP WIDTH="16" VPOS="708" HPOS="653"/>
							<String ID="string_173" HPOS="669" VPOS="710" WIDTH="30" HEIGHT="18" WC="0.93" CONTENT="att"/><SP WIDTH="16" VPOS="710" HPOS="699"/>
							<String ID="string_174" HPOS="715" VPOS="707" WIDTH="21" HEIGHT="20" WC="0.96" CONTENT="få"/><SP WIDTH="16" VPOS="707" HPOS="736"/>
							<String ID="string_175" HPOS="752" VPOS="707" WIDTH="104" HEIGHT="27" WC="0.93" CONTENT="tillstyrka"/><SP WIDTH="16" VPOS="707" HPOS="856"/>
							<String ID="string_176" HPOS="872" VPOS="707" WIDTH="58" HEIGHT="21" WC="0.56" CONTENT="bifail"/><SP WIDTH="13" VPOS="707" HPOS="930"/>
							<String ID="string_177" HPOS="943" VPOS="708" WIDTH="31" HEIGHT="20" WC="0.96" CONTENT="till"/>
						</TextLine>
						<TextLine ID="line_19" HPOS="145" VPOS="735" WIDTH="829" HEIGHT="28">
							<String ID="string_178" HPOS="145" VPOS="735" WIDTH="212" HEIGHT="21" WC="0.33" CONTENT="ekonomiutskottets"/><SP WIDTH="23" VPOS="735" HPOS="357"/>
							<String ID="string_179" HPOS="380" VPOS="736" WIDTH="301" HEIGHT="27" WC="0.58" CONTENT="sammanjämkningsförslag,"/><SP WIDTH="24" VPOS="736" HPOS="681"/>
							<String ID="string_180" HPOS="705" VPOS="742" WIDTH="47" HEIGHT="14" WC="0.93" CONTENT="som"/><SP WIDTH="23" VPOS="742" HPOS="752"/>
							<String ID="string_181" HPOS="775" VPOS="742" WIDTH="63" HEIGHT="20" WC="0.96" CONTENT="synes"/><SP WIDTH="21" VPOS="742" HPOS="838"/>
							<String ID="string_182" HPOS="859" VPOS="736" WIDTH="43" HEIGHT="26" WC="0.96" CONTENT="mig"/><SP WIDTH="23" VPOS="736" HPOS="902"/>
							<String ID="string_183" HPOS="925" VPOS="742" WIDTH="49" HEIGHT="14" WC="0.97" CONTENT="vara"/>
						</TextLine>
						<TextLine ID="line_20" HPOS="144" VPOS="764" WIDTH="830" HEIGHT="28">
							<String ID="string_184" HPOS="144" VPOS="764" WIDTH="67" HEIGHT="26" WC="0.93" CONTENT="bygdt"/><SP WIDTH="21" VPOS="764" HPOS="211"/>
							<String ID="string_185" HPOS="232" VPOS="764" WIDTH="26" HEIGHT="26" WC="0.96" CONTENT="pä"/><SP WIDTH="23" VPOS="764" HPOS="258"/>
							<String ID="string_186" HPOS="281" VPOS="764" WIDTH="72" HEIGHT="27" WC="0.95" CONTENT="billiga"/><SP WIDTH="24" VPOS="764" HPOS="353"/>
							<String ID="string_187" HPOS="377" VPOS="765" WIDTH="37" HEIGHT="20" WC="0.89" CONTENT="och"/><SP WIDTH="24" VPOS="765" HPOS="414"/>
							<String ID="string_188" HPOS="438" VPOS="765" WIDTH="79" HEIGHT="26" WC="0.89" CONTENT="skäliga"/><SP WIDTH="15" VPOS="765" HPOS="517"/>
							<String ID="string_189" HPOS="532" VPOS="765" WIDTH="98" HEIGHT="27" WC="0.92" CONTENT="grunder."/><SP WIDTH="31" VPOS="765" HPOS="630"/>
							<String ID="string_190" HPOS="661" VPOS="764" WIDTH="64" HEIGHT="21" WC="0.91" CONTENT="Hvad"/><SP WIDTH="17" VPOS="764" HPOS="725"/>
							<String ID="string_191" HPOS="742" VPOS="764" WIDTH="120" HEIGHT="20" WC="0.88" CONTENT="sedormera"/><SP WIDTH="15" VPOS="764" HPOS="862"/>
							<String ID="string_192" HPOS="877" VPOS="764" WIDTH="97" HEIGHT="20" WC="0.96" CONTENT="beträffar"/>
						</TextLine>
						<TextLine ID="line_21" HPOS="145" VPOS="792" WIDTH="829" HEIGHT="28">
							<String ID="string_193" HPOS="145" VPOS="792" WIDTH="40" HEIGHT="20" WC="0.95" CONTENT="den"/><SP WIDTH="17" VPOS="792" HPOS="185"/>
							<String ID="string_194" HPOS="202" VPOS="792" WIDTH="21" HEIGHT="20" WC="0.95" CONTENT="af"/><SP WIDTH="15" VPOS="792" HPOS="223"/>
							<String ID="string_195" HPOS="238" VPOS="792" WIDTH="25" HEIGHT="20" WC="0.93" CONTENT="hr"/><SP WIDTH="14" VPOS="792" HPOS="263"/>
							<String ID="string_196" HPOS="277" VPOS="792" WIDTH="96" HEIGHT="21" WC="0.76" CONTENT="Jusölius"/><SP WIDTH="16" VPOS="792" HPOS="373"/>
							<String ID="string_197" HPOS="389" VPOS="793" WIDTH="73" HEIGHT="21" WC="0.96" CONTENT="väckta"/><SP WIDTH="15" VPOS="793" HPOS="462"/>
							<String ID="string_198" HPOS="477" VPOS="793" WIDTH="72" HEIGHT="27" WC="0.92" CONTENT="fragan"/><SP WIDTH="20" VPOS="793" HPOS="549"/>
							<String ID="string_199" HPOS="569" VPOS="800" WIDTH="34" HEIGHT="13" WC="0.92" CONTENT="om"/><SP WIDTH="24" VPOS="800" HPOS="603"/>
							<String ID="string_200" HPOS="627" VPOS="794" WIDTH="78" HEIGHT="20" WC="0.92" CONTENT="sakens"/><SP WIDTH="24" VPOS="794" HPOS="705"/>
							<String ID="string_201" HPOS="729" VPOS="792" WIDTH="186" HEIGHT="26" WC="0.83" CONTENT="grundlagsenliga"/><SP WIDTH="23" VPOS="792" HPOS="915"/>
							<String ID="string_202" HPOS="938" VPOS="792" WIDTH="36" HEIGHT="21" WC="0.89" CONTENT="he-"/>
						</TextLine>
						<TextLine ID="line_22" HPOS="145" VPOS="808" WIDTH="829" HEIGHT="40">
							<String ID="string_203" HPOS="145" VPOS="820" WIDTH="123" HEIGHT="27" WC="0.90" CONTENT="skaffenhet,"/><SP WIDTH="15" VPOS="820" HPOS="268"/>
							<String ID="string_204" HPOS="283" VPOS="821" WIDTH="21" HEIGHT="20" WC="0.93" CONTENT="sä"/><SP WIDTH="17" VPOS="821" HPOS="304"/>
							<String ID="string_205" HPOS="321" VPOS="825" WIDTH="60" HEIGHT="23" WC="0.96" CONTENT="tager"/><SP WIDTH="14" VPOS="825" HPOS="381"/>
							<String ID="string_206" HPOS="395" VPOS="822" WIDTH="34" HEIGHT="26" WC="0.96" CONTENT="jag"/><SP WIDTH="16" VPOS="822" HPOS="429"/>
							<String ID="string_207" HPOS="445" VPOS="822" WIDTH="42" HEIGHT="25" WC="0.92" CONTENT="mig"/><SP WIDTH="15" VPOS="822" HPOS="487"/>
							<String ID="string_208" HPOS="502" VPOS="822" WIDTH="89" HEIGHT="20" WC="0.96" CONTENT="friheten"/><SP WIDTH="17" VPOS="822" HPOS="591"/>
							<String ID="string_209" HPOS="608" VPOS="822" WIDTH="70" HEIGHT="20" WC="0.92" CONTENT="erinra"/><SP WIDTH="17" VPOS="822" HPOS="678"/>
							<String ID="string_210" HPOS="695" VPOS="808" WIDTH="73" HEIGHT="33" WC="0.91" CONTENT="därom"/><SP WIDTH="17" VPOS="808" HPOS="768"/>
							<String ID="string_211" HPOS="785" VPOS="823" WIDTH="29" HEIGHT="18" WC="0.96" CONTENT="att"/><SP WIDTH="7" VPOS="823" HPOS="814"/>
							<String ID="string_212" HPOS="821" VPOS="808" WIDTH="105" HEIGHT="39" WC="0.62" CONTENT="&quot;rättighet"/><SP WIDTH="18" VPOS="808" HPOS="926"/>
							<String ID="string_213" HPOS="944" VPOS="824" WIDTH="30" HEIGHT="18" WC="0.96" CONTENT="att"/>
						</TextLine>
						<TextLine ID="line_23" HPOS="145" VPOS="836" WIDTH="828" HEIGHT="34">
							<String ID="string_214" HPOS="145" VPOS="849" WIDTH="105" HEIGHT="20" WC="0.89" CONTENT="öfverföra"/><SP WIDTH="16" VPOS="849" HPOS="250"/>
							<String ID="string_215" HPOS="266" VPOS="856" WIDTH="26" HEIGHT="13" WC="0.95" CONTENT="on"/><SP WIDTH="17" VPOS="856" HPOS="292"/>
							<String ID="string_216" HPOS="309" VPOS="850" WIDTH="34" HEIGHT="20" WC="0.95" CONTENT="del"/><SP WIDTH="16" VPOS="850" HPOS="343"/>
							<String ID="string_217" HPOS="359" VPOS="850" WIDTH="20" HEIGHT="20" WC="0.95" CONTENT="af"/><SP WIDTH="16" VPOS="850" HPOS="379"/>
							<String ID="string_218" HPOS="395" VPOS="836" WIDTH="139" HEIGHT="34" WC="0.92" CONTENT="vinstmedlen"/><SP WIDTH="17" VPOS="836" HPOS="534"/>
							<String ID="string_219" HPOS="551" VPOS="850" WIDTH="30" HEIGHT="20" WC="0.93" CONTENT="till"/><SP WIDTH="16" VPOS="850" HPOS="581"/>
							<String ID="string_220" HPOS="597" VPOS="850" WIDTH="277" HEIGHT="20" WC="0.91" CONTENT="kommunikationsfonden"/><SP WIDTH="4" VPOS="850" HPOS="874"/>
							<String ID="string_221" HPOS="878" VPOS="837" WIDTH="38" HEIGHT="33" WC="0.96" CONTENT="als"/><SP WIDTH="11" VPOS="837" HPOS="916"/>
							<String ID="string_222" HPOS="927" VPOS="850" WIDTH="46" HEIGHT="20" WC="0.96" CONTENT="icke"/>
						</TextLine>
						<TextLine ID="line_24" HPOS="144" VPOS="877" WIDTH="829" HEIGHT="28">
							<String ID="string_223" HPOS="144" VPOS="877" WIDTH="40" HEIGHT="20" WC="0.96" CONTENT="kan"/><SP WIDTH="18" VPOS="877" HPOS="184"/>
							<String ID="string_224" HPOS="202" VPOS="884" WIDTH="50" HEIGHT="14" WC="0.95" CONTENT="vara"/><SP WIDTH="15" VPOS="884" HPOS="252"/>
							<String ID="string_225" HPOS="267" VPOS="884" WIDTH="46" HEIGHT="14" WC="0.93" CONTENT="mer"/><SP WIDTH="15" VPOS="884" HPOS="313"/>
							<String ID="string_226" HPOS="328" VPOS="878" WIDTH="131" HEIGHT="27" WC="0.92" CONTENT="tvifvelaktig"/><SP WIDTH="16" VPOS="878" HPOS="459"/>
							<String ID="string_227" HPOS="475" VPOS="880" WIDTH="24" HEIGHT="18" WC="0.96" CONTENT="än"/><SP WIDTH="17" VPOS="880" HPOS="499"/>
							<String ID="string_228" HPOS="516" VPOS="879" WIDTH="124" HEIGHT="25" WC="0.96" CONTENT="rättigheten"/><SP WIDTH="18" VPOS="879" HPOS="640"/>
							<String ID="string_229" HPOS="658" VPOS="880" WIDTH="30" HEIGHT="19" WC="0.91" CONTENT="att"/><SP WIDTH="17" VPOS="880" HPOS="688"/>
							<String ID="string_230" HPOS="705" VPOS="878" WIDTH="105" HEIGHT="20" WC="0.91" CONTENT="öfverföra"/><SP WIDTH="17" VPOS="878" HPOS="810"/>
							<String ID="string_231" HPOS="827" VPOS="878" WIDTH="67" HEIGHT="20" WC="0.96" CONTENT="denna"/><SP WIDTH="25" VPOS="878" HPOS="894"/>
							<String ID="string_232" HPOS="919" VPOS="878" WIDTH="54" HEIGHT="20" WC="0.94" CONTENT="vinst"/>
						</TextLine>
						<TextLine ID="line_25" HPOS="144" VPOS="906" WIDTH="829" HEIGHT="28">
							<String ID="string_233" HPOS="144" VPOS="906" WIDTH="30" HEIGHT="20" WC="0.88" CONTENT="till"/><SP WIDTH="24" VPOS="906" HPOS="174"/>
							<String ID="string_234" HPOS="198" VPOS="906" WIDTH="104" HEIGHT="20" WC="0.93" CONTENT="städerna."/><SP WIDTH="31" VPOS="906" HPOS="302"/>
							<String ID="string_235" HPOS="333" VPOS="906" WIDTH="113" HEIGHT="21" WC="0.89" CONTENT="Städernas"/><SP WIDTH="23" VPOS="906" HPOS="446"/>
							<String ID="string_236" HPOS="469" VPOS="906" WIDTH="186" HEIGHT="28" WC="0.90" CONTENT="beskattningsrätt"/><SP WIDTH="20" VPOS="906" HPOS="655"/>
							<String ID="string_237" HPOS="675" VPOS="909" WIDTH="24" HEIGHT="18" WC="0.96" CONTENT="är"/><SP WIDTH="16" VPOS="909" HPOS="699"/>
							<String ID="string_238" HPOS="715" VPOS="906" WIDTH="6" HEIGHT="20" WC="0.96" CONTENT="i"/><SP WIDTH="16" VPOS="906" HPOS="721"/>
							<String ID="string_239" HPOS="737" VPOS="906" WIDTH="61" HEIGHT="26" WC="0.96" CONTENT="lagen"/><SP WIDTH="18" VPOS="906" HPOS="798"/>
							<String ID="string_240" HPOS="816" VPOS="913" WIDTH="54" HEIGHT="19" WC="0.93" CONTENT="noga"/><SP WIDTH="16" VPOS="913" HPOS="870"/>
							<String ID="string_241" HPOS="886" VPOS="906" WIDTH="87" HEIGHT="27" WC="0.91" CONTENT="begrän-"/>
						</TextLine>
						<TextLine ID="line_26" HPOS="144" VPOS="934" WIDTH="827" HEIGHT="29">
							<String ID="string_242" HPOS="144" VPOS="934" WIDTH="42" HEIGHT="20" WC="0.94" CONTENT="sad."/><SP WIDTH="32" VPOS="934" HPOS="186"/>
							<String ID="string_243" HPOS="218" VPOS="934" WIDTH="103" HEIGHT="21" WC="0.89" CONTENT="Städerna"/><SP WIDTH="23" VPOS="934" HPOS="321"/>
							<String ID="string_244" HPOS="344" VPOS="935" WIDTH="61" HEIGHT="20" WC="0.95" CONTENT="hafva"/><SP WIDTH="24" VPOS="935" HPOS="405"/>
							<String ID="string_245" HPOS="429" VPOS="935" WIDTH="96" HEIGHT="20" WC="0.94" CONTENT="rättighet"/><SP WIDTH="16" VPOS="935" HPOS="525"/>
							<String ID="string_246" HPOS="541" VPOS="938" WIDTH="29" HEIGHT="18" WC="0.93" CONTENT="att"/><SP WIDTH="23" VPOS="938" HPOS="570"/>
							<String ID="string_247" HPOS="593" VPOS="936" WIDTH="88" HEIGHT="27" WC="0.92" CONTENT="pålägga"/><SP WIDTH="25" VPOS="936" HPOS="681"/>
							<String ID="string_248" HPOS="706" VPOS="935" WIDTH="138" HEIGHT="20" WC="0.93" CONTENT="kommunala"/><SP WIDTH="22" VPOS="935" HPOS="844"/>
							<String ID="string_249" HPOS="866" VPOS="935" WIDTH="105" HEIGHT="20" WC="0.90" CONTENT="skattören"/>
						</TextLine>
						<TextLine ID="line_27" HPOS="144" VPOS="963" WIDTH="829" HEIGHT="27">
							<String ID="string_250" HPOS="144" VPOS="963" WIDTH="53" HEIGHT="20" WC="0.88" CONTENT="efter"/><SP WIDTH="23" VPOS="963" HPOS="197"/>
							<String ID="string_251" HPOS="220" VPOS="963" WIDTH="127" HEIGHT="22" WC="0.88" CONTENT="inkomsten,"/><SP WIDTH="23" VPOS="963" HPOS="347"/>
							<String ID="string_252" HPOS="370" VPOS="970" WIDTH="47" HEIGHT="14" WC="0.94" CONTENT="men"/><SP WIDTH="23" VPOS="970" HPOS="417"/>
							<String ID="string_253" HPOS="440" VPOS="964" WIDTH="96" HEIGHT="20" WC="0.95" CONTENT="städerna"/><SP WIDTH="23" VPOS="964" HPOS="536"/>
							<String ID="string_254" HPOS="559" VPOS="965" WIDTH="62" HEIGHT="19" WC="0.95" CONTENT="hafva"/><SP WIDTH="24" VPOS="965" HPOS="621"/>
							<String ID="string_255" HPOS="645" VPOS="964" WIDTH="68" HEIGHT="20" WC="0.94" CONTENT="häller"/><SP WIDTH="16" VPOS="964" HPOS="713"/>
							<String ID="string_256" HPOS="729" VPOS="963" WIDTH="63" HEIGHT="26" WC="0.96" CONTENT="ingen"/><SP WIDTH="18" VPOS="963" HPOS="792"/>
							<String ID="string_257" HPOS="810" VPOS="963" WIDTH="64" HEIGHT="27" WC="0.96" CONTENT="laglig"/><SP WIDTH="15" VPOS="963" HPOS="874"/>
							<String ID="string_258" HPOS="889" VPOS="965" WIDTH="39" HEIGHT="18" WC="0.96" CONTENT="rätt"/><SP WIDTH="16" VPOS="965" HPOS="928"/>
							<String ID="string_259" HPOS="944" VPOS="966" WIDTH="29" HEIGHT="18" WC="0.96" CONTENT="att"/>
						</TextLine>
						<TextLine ID="line_28" HPOS="143" VPOS="979" WIDTH="829" HEIGHT="34">
							<String ID="string_260" HPOS="143" VPOS="991" WIDTH="92" HEIGHT="20" WC="0.96" CONTENT="förklara"/><SP WIDTH="22" VPOS="991" HPOS="235"/>
							<String ID="string_261" HPOS="257" VPOS="993" WIDTH="30" HEIGHT="19" WC="0.96" CONTENT="att"/><SP WIDTH="23" VPOS="993" HPOS="287"/>
							<String ID="string_262" HPOS="310" VPOS="992" WIDTH="82" HEIGHT="20" WC="0.96" CONTENT="vinsten"/><SP WIDTH="21" VPOS="992" HPOS="392"/>
							<String ID="string_263" HPOS="413" VPOS="992" WIDTH="20" HEIGHT="20" WC="0.96" CONTENT="af"/><SP WIDTH="16" VPOS="992" HPOS="433"/>
							<String ID="string_264" HPOS="449" VPOS="992" WIDTH="40" HEIGHT="20" WC="0.95" CONTENT="den"/><SP WIDTH="16" VPOS="992" HPOS="489"/>
							<String ID="string_265" HPOS="505" VPOS="993" WIDTH="38" HEIGHT="19" WC="0.95" CONTENT="och"/><SP WIDTH="17" VPOS="993" HPOS="543"/>
							<String ID="string_266" HPOS="560" VPOS="993" WIDTH="40" HEIGHT="20" WC="0.95" CONTENT="den"/><SP WIDTH="17" VPOS="993" HPOS="600"/>
							<String ID="string_267" HPOS="617" VPOS="993" WIDTH="79" HEIGHT="20" WC="0.95" CONTENT="affären"/><SP WIDTH="19" VPOS="993" HPOS="696"/>
							<String ID="string_268" HPOS="715" VPOS="979" WIDTH="71" HEIGHT="33" WC="0.94" CONTENT="tillhör"/><SP WIDTH="15" VPOS="979" HPOS="786"/>
							<String ID="string_269" HPOS="801" VPOS="992" WIDTH="79" HEIGHT="20" WC="0.94" CONTENT="staden."/><SP WIDTH="31" VPOS="992" HPOS="880"/>
							<String ID="string_270" HPOS="911" VPOS="991" WIDTH="61" HEIGHT="21" WC="0.93" CONTENT="Detta"/>
						</TextLine>
						<TextLine ID="line_29" HPOS="143" VPOS="1019" WIDTH="829" HEIGHT="28">
							<String ID="string_271" HPOS="143" VPOS="1019" WIDTH="67" HEIGHT="27" WC="0.96" CONTENT="ligger"/><SP WIDTH="15" VPOS="1019" HPOS="210"/>
							<String ID="string_272" HPOS="225" VPOS="1019" WIDTH="47" HEIGHT="21" WC="0.96" CONTENT="icke"/><SP WIDTH="16" VPOS="1019" HPOS="272"/>
							<String ID="string_273" HPOS="288" VPOS="1020" WIDTH="26" HEIGHT="27" WC="0.96" CONTENT="på"/><SP WIDTH="15" VPOS="1020" HPOS="314"/>
							<String ID="string_274" HPOS="329" VPOS="1020" WIDTH="64" HEIGHT="27" WC="0.96" CONTENT="något"/><SP WIDTH="16" VPOS="1020" HPOS="393"/>
							<String ID="string_275" HPOS="409" VPOS="1021" WIDTH="31" HEIGHT="20" WC="0.96" CONTENT="vis"/><SP WIDTH="15" VPOS="1021" HPOS="440"/>
							<String ID="string_276" HPOS="455" VPOS="1021" WIDTH="56" HEIGHT="20" WC="0.96" CONTENT="inom"/><SP WIDTH="12" VPOS="1021" HPOS="511"/>
							<String ID="string_277" HPOS="523" VPOS="1021" WIDTH="144" HEIGHT="26" WC="0.96" CONTENT="grundlagens"/><SP WIDTH="13" VPOS="1021" HPOS="667"/>
							<String ID="string_278" HPOS="680" VPOS="1020" WIDTH="53" HEIGHT="21" WC="0.93" CONTENT="eller"/><SP WIDTH="13" VPOS="1020" HPOS="733"/>
							<String ID="string_279" HPOS="746" VPOS="1020" WIDTH="170" HEIGHT="27" WC="0.91" CONTENT="lagstiftningens"/><SP WIDTH="13" VPOS="1020" HPOS="916"/>
							<String ID="string_280" HPOS="929" VPOS="1027" WIDTH="43" HEIGHT="13" WC="0.90" CONTENT="om-"/>
						</TextLine>
						<TextLine ID="line_30" HPOS="142" VPOS="1047" WIDTH="830" HEIGHT="28">
							<String ID="string_281" HPOS="142" VPOS="1047" WIDTH="56" HEIGHT="21" WC="0.93" CONTENT="råde."/><SP WIDTH="31" VPOS="1047" HPOS="198"/>
							<String ID="string_282" HPOS="229" VPOS="1048" WIDTH="96" HEIGHT="21" WC="0.81" CONTENT="Alldeles"/><SP WIDTH="16" VPOS="1048" HPOS="325"/>
							<String ID="string_283" HPOS="341" VPOS="1049" WIDTH="26" HEIGHT="26" WC="0.96" CONTENT="på"/><SP WIDTH="16" VPOS="1049" HPOS="367"/>
							<String ID="string_284" HPOS="383" VPOS="1055" WIDTH="79" HEIGHT="14" WC="0.95" CONTENT="samma"/><SP WIDTH="16" VPOS="1055" HPOS="462"/>
							<String ID="string_285" HPOS="478" VPOS="1051" WIDTH="40" HEIGHT="18" WC="0.96" CONTENT="sätt"/><SP WIDTH="15" VPOS="1051" HPOS="518"/>
							<String ID="string_286" HPOS="533" VPOS="1049" WIDTH="40" HEIGHT="20" WC="0.96" CONTENT="kan"/><SP WIDTH="16" VPOS="1049" HPOS="573"/>
							<String ID="string_287" HPOS="589" VPOS="1056" WIDTH="49" HEIGHT="13" WC="0.96" CONTENT="man"/><SP WIDTH="17" VPOS="1056" HPOS="638"/>
							<String ID="string_288" HPOS="655" VPOS="1048" WIDTH="66" HEIGHT="22" WC="0.93" CONTENT="också"/><SP WIDTH="15" VPOS="1048" HPOS="721"/>
							<String ID="string_289" HPOS="736" VPOS="1055" WIDTH="114" HEIGHT="14" WC="0.91" CONTENT="resonnera"/><SP WIDTH="13" VPOS="1055" HPOS="850"/>
							<String ID="string_290" HPOS="863" VPOS="1049" WIDTH="109" HEIGHT="26" WC="0.82" CONTENT="angående"/>
						</TextLine>
						<TextLine ID="line_31" HPOS="142" VPOS="1076" WIDTH="831" HEIGHT="22">
							<String ID="string_291" HPOS="142" VPOS="1076" WIDTH="276" HEIGHT="21" WC="0.91" CONTENT="kommunikationsfonden"/><SP WIDTH="29" VPOS="1076" HPOS="418"/>
							<String ID="string_292" HPOS="447" VPOS="1077" WIDTH="38" HEIGHT="20" WC="0.92" CONTENT="och"/><SP WIDTH="26" VPOS="1077" HPOS="485"/>
							<String ID="string_293" HPOS="511" VPOS="1078" WIDTH="86" HEIGHT="20" WC="0.92" CONTENT="alldeles"/><SP WIDTH="40" VPOS="1078" HPOS="597"/>
							<String ID="string_294" HPOS="637" VPOS="1078" WIDTH="12" HEIGHT="20" WC="0.96" CONTENT="på"/><SP WIDTH="27" VPOS="1078" HPOS="649"/>
							<String ID="string_295" HPOS="676" VPOS="1083" WIDTH="83" HEIGHT="15" WC="0.96" CONTENT="samma"/><SP WIDTH="24" VPOS="1083" HPOS="759"/>
							<String ID="string_296" HPOS="783" VPOS="1077" WIDTH="50" HEIGHT="20" WC="0.90" CONTENT="skäl."/><SP WIDTH="30" VPOS="1077" HPOS="833"/>
							<String ID="string_297" HPOS="863" VPOS="1077" WIDTH="49" HEIGHT="21" WC="0.95" CONTENT="Icke"/><SP WIDTH="23" VPOS="1077" HPOS="912"/>
							<String ID="string_298" HPOS="935" VPOS="1078" WIDTH="38" HEIGHT="20" WC="0.95" CONTENT="har"/>
						</TextLine>
						<TextLine ID="line_32" HPOS="142" VPOS="1104" WIDTH="829" HEIGHT="29">
							<String ID="string_299" HPOS="142" VPOS="1104" WIDTH="276" HEIGHT="22" WC="0.92" CONTENT="kommunikationsfonden"/><SP WIDTH="23" VPOS="1104" HPOS="418"/>
							<String ID="string_300" HPOS="441" VPOS="1106" WIDTH="51" HEIGHT="20" WC="0.95" CONTENT="eller"/><SP WIDTH="22" VPOS="1106" HPOS="492"/>
							<String ID="string_301" HPOS="514" VPOS="1108" WIDTH="67" HEIGHT="19" WC="0.94" CONTENT="staten"/><SP WIDTH="24" VPOS="1108" HPOS="581"/>
							<String ID="string_302" HPOS="605" VPOS="1107" WIDTH="100" HEIGHT="26" WC="0.94" CONTENT="rättighet"/><SP WIDTH="22" VPOS="1107" HPOS="705"/>
							<String ID="string_303" HPOS="727" VPOS="1107" WIDTH="30" HEIGHT="19" WC="0.96" CONTENT="att"/><SP WIDTH="16" VPOS="1107" HPOS="757"/>
							<String ID="string_304" HPOS="773" VPOS="1105" WIDTH="114" HEIGHT="21" WC="0.96" CONTENT="annektera"/><SP WIDTH="16" VPOS="1105" HPOS="887"/>
							<String ID="string_305" HPOS="903" VPOS="1106" WIDTH="68" HEIGHT="27" WC="0.88" CONTENT="någon"/>
						</TextLine>
						<TextLine ID="line_33" HPOS="142" VPOS="1133" WIDTH="829" HEIGHT="28">
							<String ID="string_306" HPOS="142" VPOS="1133" WIDTH="34" HEIGHT="20" WC="0.96" CONTENT="del"/><SP WIDTH="16" VPOS="1133" HPOS="176"/>
							<String ID="string_307" HPOS="192" VPOS="1133" WIDTH="21" HEIGHT="20" WC="0.96" CONTENT="af"/><SP WIDTH="15" VPOS="1133" HPOS="213"/>
							<String ID="string_308" HPOS="228" VPOS="1139" WIDTH="26" HEIGHT="14" WC="0.93" CONTENT="en"/><SP WIDTH="18" VPOS="1139" HPOS="254"/>
							<String ID="string_309" HPOS="272" VPOS="1133" WIDTH="124" HEIGHT="28" WC="0.91" CONTENT="affärsvinst,"/><SP WIDTH="16" VPOS="1133" HPOS="396"/>
							<String ID="string_310" HPOS="412" VPOS="1135" WIDTH="68" HEIGHT="26" WC="0.96" CONTENT="precis"/><SP WIDTH="16" VPOS="1135" HPOS="480"/>
							<String ID="string_311" HPOS="496" VPOS="1135" WIDTH="41" HEIGHT="20" WC="0.96" CONTENT="lika"/><SP WIDTH="15" VPOS="1135" HPOS="537"/>
							<String ID="string_312" HPOS="552" VPOS="1135" WIDTH="46" HEIGHT="20" WC="0.96" CONTENT="litet"/><SP WIDTH="11" VPOS="1135" HPOS="598"/>
							<String ID="string_313" HPOS="609" VPOS="1135" WIDTH="38" HEIGHT="20" WC="0.96" CONTENT="och"/><SP WIDTH="11" VPOS="1135" HPOS="647"/>
							<String ID="string_314" HPOS="658" VPOS="1135" WIDTH="45" HEIGHT="20" WC="0.96" CONTENT="lika"/><SP WIDTH="11" VPOS="1135" HPOS="703"/>
							<String ID="string_315" HPOS="714" VPOS="1134" WIDTH="87" HEIGHT="26" WC="0.96" CONTENT="mycket"/><SP WIDTH="12" VPOS="1134" HPOS="801"/>
							<String ID="string_316" HPOS="813" VPOS="1141" WIDTH="44" HEIGHT="13" WC="0.96" CONTENT="som"/><SP WIDTH="12" VPOS="1141" HPOS="857"/>
							<String ID="string_317" HPOS="869" VPOS="1134" WIDTH="102" HEIGHT="21" WC="0.96" CONTENT="städerna."/>
						</TextLine>
						<TextLine ID="line_34" HPOS="142" VPOS="1161" WIDTH="832" HEIGHT="28">
							<String ID="string_318" HPOS="142" VPOS="1161" WIDTH="40" HEIGHT="20" WC="0.96" CONTENT="För"/><SP WIDTH="23" VPOS="1161" HPOS="182"/>
							<String ID="string_319" HPOS="205" VPOS="1167" WIDTH="27" HEIGHT="14" WC="0.92" CONTENT="en"/><SP WIDTH="22" VPOS="1167" HPOS="232"/>
							<String ID="string_320" HPOS="254" VPOS="1162" WIDTH="130" HEIGHT="27" WC="0.89" CONTENT="ötverföring"/><SP WIDTH="20" VPOS="1162" HPOS="384"/>
							<String ID="string_321" HPOS="404" VPOS="1163" WIDTH="31" HEIGHT="20" WC="0.92" CONTENT="till"/><SP WIDTH="23" VPOS="1163" HPOS="435"/>
							<String ID="string_322" HPOS="458" VPOS="1163" WIDTH="276" HEIGHT="21" WC="0.91" CONTENT="kommunikationsfonden"/><SP WIDTH="22" VPOS="1163" HPOS="734"/>
							<String ID="string_323" HPOS="756" VPOS="1162" WIDTH="68" HEIGHT="21" WC="0.96" CONTENT="finnes"/><SP WIDTH="16" VPOS="1162" HPOS="824"/>
							<String ID="string_324" HPOS="840" VPOS="1163" WIDTH="70" HEIGHT="20" WC="0.93" CONTENT="därför"/><SP WIDTH="15" VPOS="1163" HPOS="910"/>
							<String ID="string_325" HPOS="925" VPOS="1163" WIDTH="49" HEIGHT="20" WC="0.92" CONTENT="full-"/>
						</TextLine>
						<TextLine ID="line_35" HPOS="142" VPOS="1189" WIDTH="694" HEIGHT="28">
							<String ID="string_326" HPOS="142" VPOS="1189" WIDTH="88" HEIGHT="27" WC="0.92" CONTENT="komligt"/><SP WIDTH="24" VPOS="1189" HPOS="230"/>
							<String ID="string_327" HPOS="254" VPOS="1197" WIDTH="81" HEIGHT="14" WC="0.92" CONTENT="samma"/><SP WIDTH="26" VPOS="1197" HPOS="335"/>
							<String ID="string_328" HPOS="361" VPOS="1191" WIDTH="126" HEIGHT="26" WC="0.86" CONTENT="rättserund,"/><SP WIDTH="24" VPOS="1191" HPOS="487"/>
							<String ID="string_329" HPOS="511" VPOS="1198" WIDTH="44" HEIGHT="13" WC="0.96" CONTENT="som"/><SP WIDTH="22" VPOS="1198" HPOS="555"/>
							<String ID="string_330" HPOS="577" VPOS="1192" WIDTH="32" HEIGHT="19" WC="0.96" CONTENT="för"/><SP WIDTH="23" VPOS="1192" HPOS="609"/>
							<String ID="string_331" HPOS="632" VPOS="1199" WIDTH="25" HEIGHT="13" WC="0.93" CONTENT="en"/><SP WIDTH="18" VPOS="1199" HPOS="657"/>
							<String ID="string_332" HPOS="675" VPOS="1191" WIDTH="133" HEIGHT="25" WC="0.90" CONTENT="öfverföring"/><SP WIDTH="25" VPOS="1191" HPOS="808"/>
							<String ID="string_333" HPOS="833" VPOS="1191" WIDTH="3" HEIGHT="3" WC="0.96" CONTENT="ti"/>
						</TextLine>
						<TextLine ID="line_36" HPOS="140" VPOS="1218" WIDTH="680" HEIGHT="27">
							<String ID="string_334" HPOS="140" VPOS="1218" WIDTH="31" HEIGHT="25" WC="0.96" CONTENT="Ty"/><SP WIDTH="16" VPOS="1218" HPOS="171"/>
							<String ID="string_335" HPOS="187" VPOS="1218" WIDTH="57" HEIGHT="20" WC="0.58" CONTENT="enligt"/><SP WIDTH="25" VPOS="1218" HPOS="244"/>
							<String ID="string_336" HPOS="269" VPOS="1219" WIDTH="99" HEIGHT="25" WC="0.96" CONTENT="gällande"/><SP WIDTH="16" VPOS="1219" HPOS="368"/>
							<String ID="string_337" HPOS="384" VPOS="1219" WIDTH="34" HEIGHT="26" WC="0.94" CONTENT="lag"/><SP WIDTH="16" VPOS="1219" HPOS="418"/>
							<String ID="string_338" HPOS="434" VPOS="1220" WIDTH="38" HEIGHT="20" WC="0.93" CONTENT="och"/><SP WIDTH="16" VPOS="1220" HPOS="472"/>
							<String ID="string_339" HPOS="488" VPOS="1220" WIDTH="148" HEIGHT="25" WC="0.96" CONTENT="författningar"/><SP WIDTH="15" VPOS="1220" HPOS="636"/>
							<String ID="string_340" HPOS="651" VPOS="1220" WIDTH="73" HEIGHT="20" WC="0.88" CONTENT="tillhör"/><SP WIDTH="15" VPOS="1220" HPOS="724"/>
							<String ID="string_341" HPOS="739" VPOS="1220" WIDTH="23" HEIGHT="25" WC="0.85" CONTENT="ju"/><SP WIDTH="17" VPOS="1220" HPOS="762"/>
							<String ID="string_342" HPOS="779" VPOS="1219" WIDTH="5" HEIGHT="20" WC="0.85" CONTENT="i"/><SP WIDTH="33" VPOS="1219" HPOS="784"/>
							<String ID="string_343" HPOS="817" VPOS="1220" WIDTH="3" HEIGHT="3" WC="0.96" CONTENT="sj"/>
						</TextLine>
						<TextLine ID="line_37" HPOS="142" VPOS="1246" WIDTH="658" HEIGHT="29">
							<String ID="string_344" HPOS="142" VPOS="1253" WIDTH="24" HEIGHT="13" WC="0.85" CONTENT="en"/><SP WIDTH="25" VPOS="1253" HPOS="166"/>
							<String ID="string_345" HPOS="191" VPOS="1246" WIDTH="120" HEIGHT="21" WC="0.84" CONTENT="affärsvinst"/><SP WIDTH="23" VPOS="1246" HPOS="311"/>
							<String ID="string_346" HPOS="334" VPOS="1247" WIDTH="47" HEIGHT="21" WC="0.96" CONTENT="den,"/><SP WIDTH="24" VPOS="1247" HPOS="381"/>
							<String ID="string_347" HPOS="405" VPOS="1254" WIDTH="43" HEIGHT="14" WC="0.96" CONTENT="som"/><SP WIDTH="25" VPOS="1254" HPOS="448"/>
							<String ID="string_348" HPOS="473" VPOS="1255" WIDTH="74" HEIGHT="19" WC="0.93" CONTENT="genom"/><SP WIDTH="20" VPOS="1255" HPOS="547"/>
							<String ID="string_349" HPOS="567" VPOS="1249" WIDTH="52" HEIGHT="26" WC="0.92" CONTENT="ärligt"/><SP WIDTH="30" VPOS="1249" HPOS="619"/>
							<String ID="string_350" HPOS="649" VPOS="1249" WIDTH="75" HEIGHT="20" WC="0.96" CONTENT="arbete"/><SP WIDTH="17" VPOS="1249" HPOS="724"/>
							<String ID="string_351" HPOS="741" VPOS="1248" WIDTH="59" HEIGHT="20" WC="0.93" CONTENT="har"/><SP WIDTH="-10" VPOS="1248" HPOS="800"/>
							<String ID="string_352" HPOS="790" VPOS="1242" WIDTH="14" HEIGHT="37" WC="0.91" CONTENT="f"/>
						</TextLine>
						<TextLine ID="line_38" HPOS="140" VPOS="1275" WIDTH="718" HEIGHT="28">
							<String ID="string_353" HPOS="140" VPOS="1281" WIDTH="86" HEIGHT="14" WC="0.92" CONTENT="samma."/><SP WIDTH="31" VPOS="1281" HPOS="226"/>
							<String ID="string_354" HPOS="257" VPOS="1275" WIDTH="50" HEIGHT="21" WC="0.94" CONTENT="Just"/><SP WIDTH="21" VPOS="1275" HPOS="307"/>
							<String ID="string_355" HPOS="328" VPOS="1282" WIDTH="77" HEIGHT="20" WC="0.95" CONTENT="genom"/><SP WIDTH="22" VPOS="1282" HPOS="405"/>
							<String ID="string_356" HPOS="427" VPOS="1277" WIDTH="56" HEIGHT="20" WC="0.94" CONTENT="detta"/><SP WIDTH="22" VPOS="1277" HPOS="483"/>
							<String ID="string_357" HPOS="505" VPOS="1277" WIDTH="122" HEIGHT="26" WC="0.94" CONTENT="stadgande,"/><SP WIDTH="23" VPOS="1277" HPOS="627"/>
							<String ID="string_358" HPOS="650" VPOS="1279" WIDTH="30" HEIGHT="18" WC="0.91" CONTENT="att"/><SP WIDTH="25" VPOS="1279" HPOS="680"/>
							<String ID="string_359" HPOS="705" VPOS="1277" WIDTH="85" HEIGHT="19" WC="0.69" CONTENT="vinsten"/><SP WIDTH="22" VPOS="1277" HPOS="790"/>
							<String ID="string_360" HPOS="812" VPOS="1277" WIDTH="46" HEIGHT="19" WC="0.90" CONTENT="öfve"/>
						</TextLine>
						<TextLine ID="line_39" HPOS="140" VPOS="1303" WIDTH="831" HEIGHT="28">
							<String ID="string_361" HPOS="140" VPOS="1303" WIDTH="104" HEIGHT="23" WC="0.95" CONTENT="städerna,"/><SP WIDTH="17" VPOS="1303" HPOS="244"/>
							<String ID="string_362" HPOS="261" VPOS="1304" WIDTH="80" HEIGHT="20" WC="0.96" CONTENT="hvilket"/><SP WIDTH="15" VPOS="1304" HPOS="341"/>
							<String ID="string_363" HPOS="356" VPOS="1305" WIDTH="38" HEIGHT="19" WC="0.96" CONTENT="har"/><SP WIDTH="15" VPOS="1305" HPOS="394"/>
							<String ID="string_364" HPOS="409" VPOS="1305" WIDTH="54" HEIGHT="20" WC="0.93" CONTENT="varit"/><SP WIDTH="14" VPOS="1305" HPOS="463"/>
							<String ID="string_365" HPOS="477" VPOS="1305" WIDTH="92" HEIGHT="26" WC="0.96" CONTENT="godkänt"/><SP WIDTH="16" VPOS="1305" HPOS="569"/>
							<String ID="string_366" HPOS="585" VPOS="1306" WIDTH="60" HEIGHT="19" WC="0.96" CONTENT="äfven"/><SP WIDTH="19" VPOS="1306" HPOS="645"/>
							<String ID="string_367" HPOS="664" VPOS="1305" WIDTH="64" HEIGHT="20" WC="0.80" CONTENT="förut,"/><SP WIDTH="24" VPOS="1305" HPOS="728"/>
							<String ID="string_368" HPOS="752" VPOS="1305" WIDTH="84" HEIGHT="20" WC="0.96" CONTENT="komma"/><SP WIDTH="25" VPOS="1305" HPOS="836"/>
							<String ID="string_369" HPOS="861" VPOS="1305" WIDTH="19" HEIGHT="19" WC="0.90" CONTENT="vi"/><SP WIDTH="24" VPOS="1305" HPOS="880"/>
							<String ID="string_370" HPOS="904" VPOS="1305" WIDTH="67" HEIGHT="20" WC="0.92" CONTENT="därtill"/>
						</TextLine>
						<TextLine ID="line_40" HPOS="140" VPOS="1331" WIDTH="830" HEIGHT="29">
							<String ID="string_371" HPOS="140" VPOS="1334" WIDTH="30" HEIGHT="17" WC="0.96" CONTENT="att"/><SP WIDTH="16" VPOS="1334" HPOS="170"/>
							<String ID="string_372" HPOS="186" VPOS="1331" WIDTH="69" HEIGHT="20" WC="0.93" CONTENT="denna"/><SP WIDTH="16" VPOS="1331" HPOS="255"/>
							<String ID="string_373" HPOS="271" VPOS="1332" WIDTH="58" HEIGHT="25" WC="0.92" CONTENT="fräga"/><SP WIDTH="16" VPOS="1332" HPOS="329"/>
							<String ID="string_374" HPOS="345" VPOS="1333" WIDTH="30" HEIGHT="19" WC="0.96" CONTENT="als"/><SP WIDTH="17" VPOS="1333" HPOS="375"/>
							<String ID="string_375" HPOS="392" VPOS="1333" WIDTH="45" HEIGHT="20" WC="0.95" CONTENT="icke"/><SP WIDTH="17" VPOS="1333" HPOS="437"/>
							<String ID="string_376" HPOS="454" VPOS="1335" WIDTH="60" HEIGHT="24" WC="0.95" CONTENT="utgör"/><SP WIDTH="16" VPOS="1335" HPOS="514"/>
							<String ID="string_377" HPOS="530" VPOS="1340" WIDTH="67" HEIGHT="19" WC="0.69" CONTENT="nagon"/><SP WIDTH="18" VPOS="1340" HPOS="597"/>
							<String ID="string_378" HPOS="615" VPOS="1333" WIDTH="197" HEIGHT="32" WC="0.89" CONTENT="bevillningsfräga,"/><SP WIDTH="17" VPOS="1333" HPOS="812"/>
							<String ID="string_379" HPOS="829" VPOS="1338" WIDTH="48" HEIGHT="15" WC="0.96" CONTENT="utan"/><SP WIDTH="13" VPOS="1338" HPOS="877"/>
							<String ID="string_380" HPOS="890" VPOS="1335" WIDTH="28" HEIGHT="18" WC="0.96" CONTENT="att"/><SP WIDTH="14" VPOS="1335" HPOS="918"/>
							<String ID="string_381" HPOS="932" VPOS="1333" WIDTH="38" HEIGHT="20" WC="0.96" CONTENT="den"/>
						</TextLine>
						<TextLine ID="line_41" HPOS="141" VPOS="1347" WIDTH="831" HEIGHT="42">
							<String ID="string_382" HPOS="141" VPOS="1361" WIDTH="61" HEIGHT="25" WC="0.96" CONTENT="utgör"/><SP WIDTH="23" VPOS="1361" HPOS="202"/>
							<String ID="string_383" HPOS="225" VPOS="1366" WIDTH="26" HEIGHT="14" WC="0.94" CONTENT="en"/><SP WIDTH="26" VPOS="1366" HPOS="251"/>
							<String ID="string_384" HPOS="277" VPOS="1347" WIDTH="207" HEIGHT="42" WC="0.83" CONTENT="lagstiftningsfråga."/><SP WIDTH="31" VPOS="1347" HPOS="484"/>
							<String ID="string_385" HPOS="515" VPOS="1354" WIDTH="102" HEIGHT="28" WC="0.96" CONTENT="Städerna"/><SP WIDTH="23" VPOS="1354" HPOS="617"/>
							<String ID="string_386" HPOS="640" VPOS="1362" WIDTH="65" HEIGHT="20" WC="0.96" CONTENT="hafva"/><SP WIDTH="24" VPOS="1362" HPOS="705"/>
							<String ID="string_387" HPOS="729" VPOS="1361" WIDTH="54" HEIGHT="21" WC="0.94" CONTENT="varit"/><SP WIDTH="16" VPOS="1361" HPOS="783"/>
							<String ID="string_388" HPOS="799" VPOS="1361" WIDTH="127" HEIGHT="27" WC="0.96" CONTENT="berättigade"/><SP WIDTH="17" VPOS="1361" HPOS="926"/>
							<String ID="string_389" HPOS="943" VPOS="1364" WIDTH="29" HEIGHT="18" WC="0.96" CONTENT="att"/>
						</TextLine>
						<TextLine ID="line_42" HPOS="141" VPOS="1376" WIDTH="829" HEIGHT="41">
							<String ID="string_390" HPOS="141" VPOS="1376" WIDTH="69" HEIGHT="32" WC="0.95" CONTENT="under"/><SP WIDTH="16" VPOS="1376" HPOS="210"/>
							<String ID="string_391" HPOS="226" VPOS="1388" WIDTH="55" HEIGHT="21" WC="0.96" CONTENT="vissa"/><SP WIDTH="17" VPOS="1388" HPOS="281"/>
							<String ID="string_392" HPOS="298" VPOS="1389" WIDTH="69" HEIGHT="20" WC="0.96" CONTENT="vilkor"/><SP WIDTH="15" VPOS="1389" HPOS="367"/>
							<String ID="string_393" HPOS="382" VPOS="1390" WIDTH="41" HEIGHT="20" WC="0.93" CONTENT="låta"/><SP WIDTH="18" VPOS="1390" HPOS="423"/>
							<String ID="string_394" HPOS="441" VPOS="1378" WIDTH="72" HEIGHT="32" WC="0.70" CONTENT="otskän"/><SP WIDTH="18" VPOS="1378" HPOS="513"/>
							<String ID="string_395" HPOS="531" VPOS="1390" WIDTH="152" HEIGHT="27" WC="0.91" CONTENT="ningsbolagen"/><SP WIDTH="19" VPOS="1390" HPOS="683"/>
							<String ID="string_396" HPOS="702" VPOS="1389" WIDTH="136" HEIGHT="27" WC="0.95" CONTENT="uppkomma,"/><SP WIDTH="16" VPOS="1389" HPOS="838"/>
							<String ID="string_397" HPOS="854" VPOS="1390" WIDTH="37" HEIGHT="20" WC="0.96" CONTENT="och"/><SP WIDTH="17" VPOS="1390" HPOS="891"/>
							<String ID="string_398" HPOS="908" VPOS="1390" WIDTH="62" HEIGHT="20" WC="0.95" CONTENT="bland"/>
						</TextLine>
						<TextLine ID="line_43" HPOS="141" VPOS="1416" WIDTH="831" HEIGHT="29">
							<String ID="string_399" HPOS="141" VPOS="1416" WIDTH="60" HEIGHT="20" WC="0.94" CONTENT="dessa"/><SP WIDTH="24" VPOS="1416" HPOS="201"/>
							<String ID="string_400" HPOS="225" VPOS="1417" WIDTH="68" HEIGHT="20" WC="0.94" CONTENT="vilkor"/><SP WIDTH="16" VPOS="1417" HPOS="293"/>
							<String ID="string_401" HPOS="309" VPOS="1418" WIDTH="37" HEIGHT="20" WC="0.96" CONTENT="har"/><SP WIDTH="16" VPOS="1418" HPOS="346"/>
							<String ID="string_402" HPOS="362" VPOS="1418" WIDTH="53" HEIGHT="20" WC="0.95" CONTENT="varit"/><SP WIDTH="19" VPOS="1418" HPOS="415"/>
							<String ID="string_403" HPOS="434" VPOS="1420" WIDTH="29" HEIGHT="18" WC="0.93" CONTENT="att"/><SP WIDTH="15" VPOS="1420" HPOS="463"/>
							<String ID="string_404" HPOS="478" VPOS="1412" WIDTH="138" HEIGHT="27" WC="0.92" CONTENT="vinstmedlen"/><SP WIDTH="18" VPOS="1412" HPOS="616"/>
							<String ID="string_405" HPOS="634" VPOS="1407" WIDTH="59" HEIGHT="32" WC="0.96" CONTENT="skola"/><SP WIDTH="18" VPOS="1407" HPOS="693"/>
							<String ID="string_406" HPOS="711" VPOS="1418" WIDTH="84" HEIGHT="28" WC="0.95" CONTENT="tillfalla"/><SP WIDTH="15" VPOS="1418" HPOS="795"/>
							<String ID="string_407" HPOS="810" VPOS="1418" WIDTH="162" HEIGHT="27" WC="0.96" CONTENT="allmännyttiga"/>
						</TextLine>
						<TextLine ID="line_44" HPOS="140" VPOS="1434" WIDTH="831" HEIGHT="39">
							<String ID="string_408" HPOS="140" VPOS="1444" WIDTH="104" HEIGHT="21" WC="0.87" CONTENT="ändamäl."/><SP WIDTH="32" VPOS="1444" HPOS="244"/>
							<String ID="string_409" HPOS="276" VPOS="1446" WIDTH="35" HEIGHT="20" WC="0.91" CONTENT="Nu"/><SP WIDTH="17" VPOS="1446" HPOS="311"/>
							<String ID="string_410" HPOS="328" VPOS="1446" WIDTH="87" HEIGHT="20" WC="0.93" CONTENT="föreslår"/><SP WIDTH="16" VPOS="1446" HPOS="415"/>
							<String ID="string_411" HPOS="431" VPOS="1446" WIDTH="170" HEIGHT="27" WC="0.43" CONTENT="horgarestandet"/><SP WIDTH="16" VPOS="1446" HPOS="601"/>
							<String ID="string_412" HPOS="617" VPOS="1448" WIDTH="61" HEIGHT="20" WC="0.96" CONTENT="äfven"/><SP WIDTH="19" VPOS="1448" HPOS="678"/>
							<String ID="string_413" HPOS="697" VPOS="1444" WIDTH="83" HEIGHT="23" WC="0.95" CONTENT="samma"/><SP WIDTH="16" VPOS="1444" HPOS="780"/>
							<String ID="string_414" HPOS="796" VPOS="1447" WIDTH="36" HEIGHT="20" WC="0.95" CONTENT="sak"/><SP WIDTH="12" VPOS="1447" HPOS="832"/>
							<String ID="string_415" HPOS="844" VPOS="1447" WIDTH="46" HEIGHT="20" WC="0.96" CONTENT="med"/><SP WIDTH="14" VPOS="1447" HPOS="890"/>
							<String ID="string_416" HPOS="904" VPOS="1434" WIDTH="67" HEIGHT="33" WC="0.96" CONTENT="vilkor"/>
						</TextLine>
						<TextLine ID="line_45" HPOS="141" VPOS="1473" WIDTH="830" HEIGHT="29">
							<String ID="string_417" HPOS="141" VPOS="1475" WIDTH="29" HEIGHT="18" WC="0.93" CONTENT="att"/><SP WIDTH="17" VPOS="1475" HPOS="170"/>
							<String ID="string_418" HPOS="187" VPOS="1473" WIDTH="140" HEIGHT="21" WC="0.88" CONTENT="vinstmedlen"/><SP WIDTH="18" VPOS="1473" HPOS="327"/>
							<String ID="string_419" HPOS="345" VPOS="1474" WIDTH="82" HEIGHT="21" WC="0.96" CONTENT="tillfalla"/><SP WIDTH="16" VPOS="1474" HPOS="427"/>
							<String ID="string_420" HPOS="443" VPOS="1475" WIDTH="94" HEIGHT="21" WC="0.96" CONTENT="städerna"/><SP WIDTH="20" VPOS="1475" HPOS="537"/>
							<String ID="string_421" HPOS="557" VPOS="1476" WIDTH="85" HEIGHT="20" WC="0.95" CONTENT="direkte."/><SP WIDTH="35" VPOS="1476" HPOS="642"/>
							<String ID="string_422" HPOS="677" VPOS="1475" WIDTH="72" HEIGHT="21" WC="0.90" CONTENT="Precis"/><SP WIDTH="16" VPOS="1475" HPOS="749"/>
							<String ID="string_423" HPOS="765" VPOS="1475" WIDTH="26" HEIGHT="27" WC="0.96" CONTENT="på"/><SP WIDTH="15" VPOS="1475" HPOS="791"/>
							<String ID="string_424" HPOS="806" VPOS="1482" WIDTH="79" HEIGHT="13" WC="0.95" CONTENT="samma"/><SP WIDTH="17" VPOS="1482" HPOS="885"/>
							<String ID="string_425" HPOS="902" VPOS="1476" WIDTH="69" HEIGHT="24" WC="0.95" CONTENT="grund"/>
						</TextLine>
						<TextLine ID="line_46" HPOS="140" VPOS="1501" WIDTH="830" HEIGHT="28">
							<String ID="string_426" HPOS="140" VPOS="1501" WIDTH="40" HEIGHT="20" WC="0.96" CONTENT="kan"/><SP WIDTH="22" VPOS="1501" HPOS="180"/>
							<String ID="string_427" HPOS="202" VPOS="1502" WIDTH="3" HEIGHT="18" WC="0.92" CONTENT="i"/><SP WIDTH="26" VPOS="1502" HPOS="205"/>
							<String ID="string_428" HPOS="231" VPOS="1502" WIDTH="185" HEIGHT="27" WC="0.92" CONTENT="lagstiftningsväg"/><SP WIDTH="15" VPOS="1502" HPOS="416"/>
							<String ID="string_429" HPOS="431" VPOS="1504" WIDTH="86" HEIGHT="20" WC="0.94" CONTENT="föreslås"/><SP WIDTH="16" VPOS="1504" HPOS="517"/>
							<String ID="string_430" HPOS="533" VPOS="1506" WIDTH="29" HEIGHT="18" WC="0.93" CONTENT="att"/><SP WIDTH="15" VPOS="1506" HPOS="562"/>
							<String ID="string_431" HPOS="577" VPOS="1504" WIDTH="143" HEIGHT="20" WC="0.92" CONTENT="vinstmedlen"/><SP WIDTH="19" VPOS="1504" HPOS="720"/>
							<String ID="string_432" HPOS="739" VPOS="1504" WIDTH="58" HEIGHT="20" WC="0.96" CONTENT="delas"/><SP WIDTH="15" VPOS="1504" HPOS="797"/>
							<String ID="string_433" HPOS="812" VPOS="1504" WIDTH="23" HEIGHT="20" WC="0.96" CONTENT="sä"/><SP WIDTH="15" VPOS="1504" HPOS="835"/>
							<String ID="string_434" HPOS="850" VPOS="1506" WIDTH="30" HEIGHT="18" WC="0.96" CONTENT="att"/><SP WIDTH="15" VPOS="1506" HPOS="880"/>
							<String ID="string_435" HPOS="895" VPOS="1510" WIDTH="24" HEIGHT="14" WC="0.96" CONTENT="en"/><SP WIDTH="17" VPOS="1510" HPOS="919"/>
							<String ID="string_436" HPOS="936" VPOS="1504" WIDTH="34" HEIGHT="21" WC="0.96" CONTENT="del"/>
						</TextLine>
					</TextBlock>
				</ComposedBlock>
				<Illustration ID="cblock_4" HPOS="708" VPOS="814" WIDTH="23" HEIGHT="4"></Illustration>
				<Illustration ID="cblock_5" HPOS="706" VPOS="823" WIDTH="4" HEIGHT="3"></Illustration>
				<Illustration ID="cblock_6" HPOS="440" VPOS="935" WIDTH="41" HEIGHT="15"></Illustration>
				<Illustration ID="cblock_7" HPOS="271" VPOS="1141" WIDTH="12" HEIGHT="13"></Illustration>
				<Illustration ID="cblock_8" HPOS="795" VPOS="1172" WIDTH="183" HEIGHT="128"></Illustration>
				<GraphicalElement ID="cblock_9" HPOS="818" VPOS="934" WIDTH="11" HEIGHT="311"></GraphicalElement >
				<Illustration ID="cblock_10" HPOS="232" VPOS="1221" WIDTH="21" HEIGHT="18"></Illustration>
				<Illustration ID="cblock_11" HPOS="515" VPOS="1361" WIDTH="5" HEIGHT="17"></Illustration>
				<GraphicalElement ID="cblock_12" HPOS="520" VPOS="1077" WIDTH="8" HEIGHT="333"></GraphicalElement >
				<GraphicalElement ID="cblock_13" HPOS="623" VPOS="1085" WIDTH="4" HEIGHT="325"></GraphicalElement >
				<Illustration ID="cblock_14" HPOS="465" VPOS="1510" WIDTH="21" HEIGHT="14"></Illustration>
			</PrintSpace>
		</Page>
	</Layout>
</alto>
