1017 1731
278 109 180 22 Borgareståndet
471 110 52 17 1891.
547 110 14 17 4
573 110 48 21 maj.
804 105 42 20 893

108 189 11 21 I
134 189 116 28 anledning
273 189 21 21 af
315 189 26 21 hr
355 189 121 21 Snellmans
498 189 8 20 i
529 188 59 28 fråga
613 195 34 14 om
668 189 65 20 andra
755 191 118 19 momentet

39 218 77 21 väckta
138 217 80 28 förslag
240 217 80 27 därom,
335 219 31 19 att
381 217 117 22 detsamma
523 217 66 21 måtte
615 217 163 21 återremitteras
793 217 32 21 till
841 219 33 19 ut-

39 246 80 21 skottet
142 246 34 21 för
201 248 30 19 att
253 245 96 28 undergå
370 246 91 27 ändring
487 246 86 25 därhän,
589 247 30 19 att
634 245 25 21 de
674 245 8 21 i
697 247 117 20 momentet
829 252 44 15 om-

40 275 79 20 nämda
141 274 51 21 aftal
214 274 71 21 blefve
301 274 144 27 uttryckligen
460 274 121 27 förbjudna,
608 274 121 21 framstälde
745 274 25 20 hr
785 275 89 20 talman-

40 309 44 15 nen
98 303 158 21 nedanstående
272 303 282 27 omröstningsproposition:

110 365 40 27 De,
166 365 75 21 hvilka
254 365 119 28 godkänna
387 365 114 21 utskottets
515 365 85 27 förslag
616 365 35 21 till
661 365 78 28 lydelse
754 365 37 28 för
802 365 72 20 andra

40 395 121 20 momentet
170 394 29 27 af
206 395 14 25 $
231 395 29 20 10
270 393 150 28 oförändradt,
431 395 60 19 rösta
496 394 37 27 ja;
545 394 32 26 de,
587 394 35 20 det
631 393 45 21 icke
683 396 59 25 göra,
758 395 60 20 rösta
828 393 45 28 nej;

111 422 80 21 vinner
206 423 42 27 nej,
265 423 42 20 har
322 422 177 27 borgareståndet
514 422 90 21 beslutit
627 421 160 22 återremittera
802 422 72 21 andra

40 453 119 19 momentet
173 451 10 20 i
197 451 36 21 det
246 451 58 28 syfte
319 451 28 20 hr
363 450 117 21 Snellman
492 451 104 27 påyrkat.

112 513 49 21 Som
178 514 69 20 denna
262 513 130 27 proposition
407 513 128 21 besvarades
551 513 50 21 med
615 513 155 27 öfvervägande
782 513 27 27 ja,
820 512 54 21 hade

42 541 85 21 ståndet
149 542 82 20 således
255 542 78 27 jämväl
358 542 94 27 godkänt
477 542 114 21 utskottets
606 542 78 27 förslag
699 541 31 21 till
745 541 82 27 lydelse
842 541 33 20 för

42 570 68 21 andra
124 572 117 19 momentet
257 570 21 21 af
293 570 12 27 $
322 570 32 21 10.

113 627 13 27 8
142 627 26 20 11
184 627 123 27 godkändes
323 628 51 20 utan
390 627 147 27 anmärkning.

112 683 12 21 I
139 683 116 28 anledning
270 684 21 20 af
307 684 12 26 $
335 684 26 20 12
377 683 84 27 yttrade

113 740 25 20 hr
153 739 159 21 Serlachius:
343 740 131 27 Paragrafen
489 742 90 19 nämner
594 740 46 21 icke
651 740 85 20 hvilken
749 739 80 27 påföljd
840 739 36 21 det

44 768 70 21 skulle
128 768 64 21 hafva
206 768 46 21 ifall
267 768 70 28 någon
353 768 21 21 af
385 768 25 21 de
420 769 8 19 i
440 768 127 28 paragrafen
580 768 77 21 nämda
668 768 208 27 omständigheterna

44 797 48 21 icke
107 796 69 21 skulle
192 796 69 21 finnas
276 797 100 21 omnämd
391 797 8 20 i
413 797 179 28 upplagsbeviset.
622 796 33 22 Då
669 796 36 21 det
719 798 23 19 är
757 796 22 20 af
791 796 45 20 vikt
846 797 30 19 att

44 825 62 27 lagen
124 825 8 20 i
150 825 57 21 detta
230 825 99 21 afseende
353 827 24 19 är
399 825 89 21 alldeles
510 825 70 28 tydlig
601 826 39 20 och
654 825 51 27 klar,
720 824 66 28 yrkar
799 824 37 28 jag
850 823 28 28 på

44 853 120 21 återremiss
185 854 32 20 till
237 854 102 21 utskottet
354 854 7 20 i
376 854 55 26 syfte
451 855 30 20 att
499 854 126 27 paragrafen
645 853 69 21 blefve
729 853 8 20 i
753 853 58 21 detta
825 853 52 20 hän-

45 882 79 21 seende
146 882 135 27 förtydligad.
310 882 42 28 Jag
371 882 110 21 förmodar
495 884 31 19 att
541 882 102 21 utskottet
657 882 38 21 har
709 881 57 21 velat
781 883 51 25 säga
848 882 30 19 att

45 910 173 28 upplagsbeviset
233 912 23 19 är
271 910 88 28 ogiltigt,
375 917 34 14 om
424 910 48 22 icke
489 911 42 21 alla
546 910 136 28 uppräknade
697 910 181 26 omständigheter

45 938 51 27 ingå
111 939 8 20 i
134 938 122 22 detsamma.
287 939 40 21 Om
341 939 104 21 utskottet
459 941 74 20 menat
548 939 65 28 något
628 940 69 27 annat,
712 938 23 21 sä
751 938 43 21 kan
809 938 36 21 det
854 938 24 27 ju

46 967 65 21 också
126 967 26 28 gå
161 967 34 21 för
205 968 37 27 sig,
252 974 50 15 men
311 968 7 20 i
328 968 73 27 hvarje
412 968 103 21 händelse
525 968 55 21 skall
591 968 35 21 det
638 974 51 14 vara
699 967 78 27 tydligt
786 966 92 27 utsagdt.

114 1023 11 21 I
140 1023 116 28 anledning
271 1024 22 21 af
307 1024 25 21 hr
347 1023 128 22 Serlachius'
491 1024 79 28 förslag
584 1024 121 21 framstälde
716 1024 26 20 hr
753 1023 125 21 talmannen

44 1052 94 27 följande
154 1053 283 27 omröstningsproposition:

115 1113 39 27 De,
176 1114 74 21 hvilka
264 1114 118 28 godkänna
397 1115 115 21 utskottets
527 1115 84 27 förslag
624 1115 35 20 till
674 1114 79 28 lydelse
768 1113 37 28 för
820 1113 15 28 $
850 1113 28 20 12

46 1141 150 28 oförändradt,
209 1145 60 18 rösta
279 1143 39 27 ja;
334 1143 31 26 de,
381 1143 36 21 det
430 1143 47 21 icke
491 1146 60 25 göra,
567 1145 60 19 rösta
641 1143 47 28 nej;

113 1170 81 21 vinner
216 1171 42 28 nej,
278 1171 42 21 har
335 1171 179 28 borgareståndet
529 1172 90 21 beslutit
632 1171 161 21 återremittera
805 1176 71 21 para-

44 1198 80 29 grafen
139 1199 35 20 till
189 1199 103 22 utskottet
305 1200 10 20 i
329 1200 35 21 det
378 1199 58 28 syfte
452 1200 29 21 hr
497 1200 127 21 Serlachius
638 1199 120 28 föreslagit.

113 1261 163 28 Propositionen
298 1262 128 21 besvarades
448 1263 51 20 med
523 1262 154 28 öfvervägande
697 1262 41 27 nej,
754 1261 40 21 och
809 1260 69 21 skulle

45 1289 83 22 säledes
144 1290 12 27 $
172 1290 26 20 12
215 1290 163 21 äterremitteras
393 1291 32 20 till
439 1291 110 27 utskottet,
565 1291 33 20 för
613 1292 30 19 att
657 1290 125 27 förtydligas
798 1289 81 20 därhän

46 1319 30 20 att
96 1318 63 21 äfven
179 1318 108 27 påföljden
309 1319 22 20 af
349 1319 160 21 uraktlätenhet
532 1321 30 19 att
576 1319 8 20 i
599 1319 93 27 enlighet
714 1318 49 21 med
779 1323 99 21 paragra-

45 1346 48 21 fens
108 1347 131 21 föreskrifter
254 1347 71 21 affatta
339 1347 174 28 upplagsbeviset
528 1348 39 21 och
583 1349 119 19 warranten
717 1345 70 22 skulle
802 1352 26 14 ur
842 1351 37 22 pa-

44 1375 100 27 ragrafen
158 1376 88 27 framgä.

114 1438 12 26 8
142 1438 26 20 13
185 1438 123 27 godkändes
324 1438 95 21 däremot
435 1440 53 19 utan
504 1438 95 28 ändring.

113 1493 135 22 Beträffande
265 1495 12 26 &
294 1495 27 20 14
336 1494 103 28 begärdes
455 1495 62 21 ordet
532 1495 21 21 af
