<?xml version="1.0" encoding="UTF-8"?>
<alto xmlns="http://www.loc.gov/standards/alto/ns-v3#" xmlns:xlink="http://www.w3.org/1999/xlink" xmlns:xsi="http://www.w3.org/2001/XMLSchema-instance" xsi:schemaLocation="http://www.loc.gov/standards/alto/ns-v3# http://www.loc.gov/alto/v3/alto-3-0.xsd">
	<Description>
		<MeasurementUnit>pixel</MeasurementUnit>
		<sourceImageInformation>
			<fileName>/tmp/tess_fvu2u3te_input.PNG</fileName>
		</sourceImageInformation>
		<OCRProcessing ID="OCR_0">
			<ocrProcessingStep>
				<processingSoftware>
					<softwareName>tesseract 5.3.4</softwareName>
				</processingSoftware>
			</ocrProcessingStep>
		</OCRProcessing>
	</Description>
	<Layout>
		<Page WIDTH="1017" HEIGHT="1731" PHYSICAL_IMG_NR="0" ID="page_0">
			<PrintSpace HPOS="0" VPOS="0" WIDTH="1017" HEIGHT="1731">
				<ComposedBlock ID="cblock_0" HPOS="164" VPOS="113" WIDTH="569" HEIGHT="25">
					<TextBlock ID="block_0" HPOS="164" VPOS="113" WIDTH="569" HEIGHT="25">
						<TextLine ID="line_0" HPOS="164" VPOS="113" WIDTH="569" HEIGHT="25">
							<String ID="string_0" HPOS="164" VPOS="113" WIDTH="54" HEIGHT="20" WC="0.96" CONTENT="1360"/><SP WIDTH="164" VPOS="113" HPOS="218"/>
							<String ID="string_1" HPOS="382" VPOS="117" WIDTH="178" HEIGHT="21" WC="0.91" CONTENT="Borgareståndet"/><SP WIDTH="13" VPOS="117" HPOS="560"/>
							<String ID="string_2" HPOS="573" VPOS="119" WIDTH="54" HEIGHT="16" WC="0.96" CONTENT="1891."/><SP WIDTH="25" VPOS="119" HPOS="627"/>
							<String ID="string_3" HPOS="652" VPOS="117" WIDTH="22" HEIGHT="18" WC="0.96" CONTENT="22"/><SP WIDTH="13" VPOS="117" HPOS="674"/>
							<String ID="string_4" HPOS="687" VPOS="118" WIDTH="46" HEIGHT="20" WC="0.95" CONTENT="maj."/>
						</TextLine>
					</TextBlock>
				</ComposedBlock>
				<GraphicalElement ID="cblock_1" HPOS="137" VPOS="149" WIDTH="827" HEIGHT="9"></GraphicalElement >
				<ComposedBlock ID="cblock_2" HPOS="138" VPOS="196" WIDTH="831" HEIGHT="618">
					<TextBlock ID="block_1" HPOS="138" VPOS="196" WIDTH="831" HEIGHT="618">
						<TextLine ID="line_1" HPOS="207" VPOS="196" WIDTH="759" HEIGHT="28">
							<String ID="string_5" HPOS="207" VPOS="196" WIDTH="35" HEIGHT="21" WC="0.92" CONTENT="Hr"/><SP WIDTH="15" VPOS="196" HPOS="242"/>
							<String ID="string_6" HPOS="257" VPOS="197" WIDTH="106" HEIGHT="27" WC="0.91" CONTENT="Elving:"/><SP WIDTH="30" VPOS="197" HPOS="363"/>
							<String ID="string_7" HPOS="393" VPOS="197" WIDTH="44" HEIGHT="20" WC="0.91" CONTENT="Det"/><SP WIDTH="15" VPOS="197" HPOS="437"/>
							<String ID="string_8" HPOS="452" VPOS="205" WIDTH="39" HEIGHT="13" WC="0.95" CONTENT="var"/><SP WIDTH="14" VPOS="205" HPOS="491"/>
							<String ID="string_9" HPOS="505" VPOS="198" WIDTH="44" HEIGHT="20" WC="0.93" CONTENT="min"/><SP WIDTH="16" VPOS="198" HPOS="549"/>
							<String ID="string_10" HPOS="565" VPOS="197" WIDTH="67" HEIGHT="21" WC="0.91" CONTENT="afsikt"/><SP WIDTH="15" VPOS="197" HPOS="632"/>
							<String ID="string_11" HPOS="647" VPOS="200" WIDTH="31" HEIGHT="18" WC="0.96" CONTENT="att"/><SP WIDTH="15" VPOS="200" HPOS="678"/>
							<String ID="string_12" HPOS="693" VPOS="199" WIDTH="51" HEIGHT="25" WC="0.96" CONTENT="göra"/><SP WIDTH="17" VPOS="199" HPOS="744"/>
							<String ID="string_13" HPOS="761" VPOS="203" WIDTH="81" HEIGHT="14" WC="0.93" CONTENT="samma"/><SP WIDTH="10" VPOS="203" HPOS="842"/>
							<String ID="string_14" HPOS="852" VPOS="197" WIDTH="114" HEIGHT="20" WC="0.90" CONTENT="framställ-"/>
						</TextLine>
						<TextLine ID="line_2" HPOS="138" VPOS="225" WIDTH="828" HEIGHT="28">
							<String ID="string_15" HPOS="138" VPOS="226" WIDTH="52" HEIGHT="27" WC="0.96" CONTENT="ning"/><SP WIDTH="23" VPOS="226" HPOS="190"/>
							<String ID="string_16" HPOS="213" VPOS="233" WIDTH="45" HEIGHT="13" WC="0.95" CONTENT="som"/><SP WIDTH="23" VPOS="233" HPOS="258"/>
							<String ID="string_17" HPOS="281" VPOS="225" WIDTH="26" HEIGHT="21" WC="0.93" CONTENT="hr"/><SP WIDTH="14" VPOS="225" HPOS="307"/>
							<String ID="string_18" HPOS="321" VPOS="225" WIDTH="102" HEIGHT="26" WC="0.92" CONTENT="Neovius,"/><SP WIDTH="16" VPOS="225" HPOS="423"/>
							<String ID="string_19" HPOS="439" VPOS="225" WIDTH="28" HEIGHT="21" WC="0.96" CONTENT="då"/><SP WIDTH="14" VPOS="225" HPOS="467"/>
							<String ID="string_20" HPOS="481" VPOS="227" WIDTH="35" HEIGHT="26" WC="0.95" CONTENT="jag"/><SP WIDTH="16" VPOS="227" HPOS="516"/>
							<String ID="string_21" HPOS="532" VPOS="233" WIDTH="63" HEIGHT="13" WC="0.96" CONTENT="anser"/><SP WIDTH="14" VPOS="233" HPOS="595"/>
							<String ID="string_22" HPOS="609" VPOS="228" WIDTH="31" HEIGHT="18" WC="0.96" CONTENT="att"/><SP WIDTH="15" VPOS="228" HPOS="640"/>
							<String ID="string_23" HPOS="655" VPOS="225" WIDTH="37" HEIGHT="22" WC="0.96" CONTENT="det"/><SP WIDTH="15" VPOS="225" HPOS="692"/>
							<String ID="string_24" HPOS="707" VPOS="225" WIDTH="56" HEIGHT="21" WC="0.96" CONTENT="hade"/><SP WIDTH="16" VPOS="225" HPOS="763"/>
							<String ID="string_25" HPOS="779" VPOS="226" WIDTH="55" HEIGHT="19" WC="0.96" CONTENT="varit"/><SP WIDTH="16" VPOS="226" HPOS="834"/>
							<String ID="string_26" HPOS="850" VPOS="225" WIDTH="116" HEIGHT="28" WC="0.94" CONTENT="oegentligt"/>
						</TextLine>
						<TextLine ID="line_3" HPOS="138" VPOS="253" WIDTH="828" HEIGHT="26">
							<String ID="string_27" HPOS="138" VPOS="254" WIDTH="24" HEIGHT="21" WC="0.96" CONTENT="af"/><SP WIDTH="14" VPOS="254" HPOS="162"/>
							<String ID="string_28" HPOS="176" VPOS="253" WIDTH="87" HEIGHT="21" WC="0.96" CONTENT="ståndet"/><SP WIDTH="15" VPOS="253" HPOS="263"/>
							<String ID="string_29" HPOS="278" VPOS="256" WIDTH="31" HEIGHT="18" WC="0.93" CONTENT="att"/><SP WIDTH="15" VPOS="256" HPOS="309"/>
							<String ID="string_30" HPOS="324" VPOS="253" WIDTH="71" HEIGHT="21" WC="0.91" CONTENT="skrida"/><SP WIDTH="15" VPOS="253" HPOS="395"/>
							<String ID="string_31" HPOS="410" VPOS="254" WIDTH="32" HEIGHT="20" WC="0.96" CONTENT="till"/><SP WIDTH="15" VPOS="254" HPOS="442"/>
							<String ID="string_32" HPOS="457" VPOS="254" WIDTH="72" HEIGHT="21" WC="0.96" CONTENT="beslut"/><SP WIDTH="15" VPOS="254" HPOS="529"/>
							<String ID="string_33" HPOS="544" VPOS="255" WIDTH="5" HEIGHT="19" WC="0.96" CONTENT="i"/><SP WIDTH="18" VPOS="255" HPOS="549"/>
							<String ID="string_34" HPOS="567" VPOS="254" WIDTH="72" HEIGHT="25" WC="0.96" CONTENT="saken,"/><SP WIDTH="15" VPOS="254" HPOS="639"/>
							<String ID="string_35" HPOS="654" VPOS="253" WIDTH="79" HEIGHT="22" WC="0.96" CONTENT="medan"/><SP WIDTH="15" VPOS="253" HPOS="733"/>
							<String ID="string_36" HPOS="748" VPOS="253" WIDTH="36" HEIGHT="21" WC="0.96" CONTENT="det"/><SP WIDTH="16" VPOS="253" HPOS="784"/>
							<String ID="string_37" HPOS="800" VPOS="255" WIDTH="56" HEIGHT="19" WC="0.96" CONTENT="ännu"/><SP WIDTH="12" VPOS="255" HPOS="856"/>
							<String ID="string_38" HPOS="868" VPOS="261" WIDTH="38" HEIGHT="14" WC="0.93" CONTENT="var"/><SP WIDTH="10" VPOS="261" HPOS="906"/>
							<String ID="string_39" HPOS="916" VPOS="254" WIDTH="50" HEIGHT="21" WC="0.89" CONTENT="obe-"/>
						</TextLine>
						<TextLine ID="line_4" HPOS="139" VPOS="281" WIDTH="827" HEIGHT="29">
							<String ID="string_40" HPOS="139" VPOS="283" WIDTH="52" HEIGHT="20" WC="0.96" CONTENT="kant"/><SP WIDTH="23" VPOS="283" HPOS="191"/>
							<String ID="string_41" HPOS="214" VPOS="281" WIDTH="58" HEIGHT="22" WC="0.95" CONTENT="hvad"/><SP WIDTH="22" VPOS="281" HPOS="272"/>
							<String ID="string_42" HPOS="294" VPOS="281" WIDTH="158" HEIGHT="22" WC="0.93" CONTENT="bondeståndet"/><SP WIDTH="18" VPOS="281" HPOS="452"/>
							<String ID="string_43" HPOS="470" VPOS="283" WIDTH="89" HEIGHT="27" WC="0.92" CONTENT="tillgjort"/><SP WIDTH="23" VPOS="283" HPOS="559"/>
							<String ID="string_44" HPOS="582" VPOS="282" WIDTH="48" HEIGHT="21" WC="0.95" CONTENT="med"/><SP WIDTH="23" VPOS="282" HPOS="630"/>
							<String ID="string_45" HPOS="653" VPOS="281" WIDTH="117" HEIGHT="28" WC="0.96" CONTENT="anledning"/><SP WIDTH="23" VPOS="281" HPOS="770"/>
							<String ID="string_46" HPOS="793" VPOS="281" WIDTH="23" HEIGHT="21" WC="0.92" CONTENT="af"/><SP WIDTH="22" VPOS="281" HPOS="816"/>
							<String ID="string_47" HPOS="838" VPOS="282" WIDTH="26" HEIGHT="21" WC="0.89" CONTENT="R."/><SP WIDTH="23" VPOS="282" HPOS="864"/>
							<String ID="string_48" HPOS="887" VPOS="290" WIDTH="18" HEIGHT="13" WC="0.90" CONTENT="o."/><SP WIDTH="22" VPOS="290" HPOS="905"/>
							<String ID="string_49" HPOS="927" VPOS="283" WIDTH="39" HEIGHT="22" WC="0.95" CONTENT="A:s"/>
						</TextLine>
						<TextLine ID="line_5" HPOS="139" VPOS="310" WIDTH="827" HEIGHT="29">
							<String ID="string_50" HPOS="139" VPOS="310" WIDTH="134" HEIGHT="28" WC="0.91" CONTENT="inbjudning."/><SP WIDTH="30" VPOS="310" HPOS="273"/>
							<String ID="string_51" HPOS="303" VPOS="310" WIDTH="52" HEIGHT="21" WC="0.81" CONTENT="Men"/><SP WIDTH="16" VPOS="310" HPOS="355"/>
							<String ID="string_52" HPOS="371" VPOS="310" WIDTH="28" HEIGHT="21" WC="0.96" CONTENT="dä"/><SP WIDTH="15" VPOS="310" HPOS="399"/>
							<String ID="string_53" HPOS="414" VPOS="310" WIDTH="36" HEIGHT="21" WC="0.96" CONTENT="det"/><SP WIDTH="16" VPOS="310" HPOS="450"/>
							<String ID="string_54" HPOS="466" VPOS="311" WIDTH="34" HEIGHT="20" WC="0.95" CONTENT="väl"/><SP WIDTH="15" VPOS="311" HPOS="500"/>
							<String ID="string_55" HPOS="515" VPOS="311" WIDTH="48" HEIGHT="20" WC="0.96" CONTENT="icke"/><SP WIDTH="16" VPOS="311" HPOS="563"/>
							<String ID="string_56" HPOS="579" VPOS="313" WIDTH="23" HEIGHT="18" WC="0.96" CONTENT="är"/><SP WIDTH="15" VPOS="313" HPOS="602"/>
							<String ID="string_57" HPOS="617" VPOS="311" WIDTH="71" HEIGHT="28" WC="0.96" CONTENT="någon"/><SP WIDTH="16" VPOS="311" HPOS="688"/>
							<String ID="string_58" HPOS="704" VPOS="310" WIDTH="116" HEIGHT="28" WC="0.96" CONTENT="anledning"/><SP WIDTH="16" VPOS="310" HPOS="820"/>
							<String ID="string_59" HPOS="836" VPOS="313" WIDTH="31" HEIGHT="18" WC="0.93" CONTENT="att"/><SP WIDTH="12" VPOS="313" HPOS="867"/>
							<String ID="string_60" HPOS="879" VPOS="310" WIDTH="87" HEIGHT="22" WC="0.92" CONTENT="betvifla"/>
						</TextLine>
						<TextLine ID="line_6" HPOS="140" VPOS="338" WIDTH="827" HEIGHT="29">
							<String ID="string_61" HPOS="140" VPOS="339" WIDTH="42" HEIGHT="20" WC="0.95" CONTENT="den"/><SP WIDTH="16" VPOS="339" HPOS="182"/>
							<String ID="string_62" HPOS="198" VPOS="339" WIDTH="93" HEIGHT="28" WC="0.96" CONTENT="uppgift,"/><SP WIDTH="16" VPOS="339" HPOS="291"/>
							<String ID="string_63" HPOS="307" VPOS="346" WIDTH="44" HEIGHT="13" WC="0.96" CONTENT="som"/><SP WIDTH="16" VPOS="346" HPOS="351"/>
							<String ID="string_64" HPOS="367" VPOS="339" WIDTH="24" HEIGHT="20" WC="0.93" CONTENT="hr"/><SP WIDTH="16" VPOS="339" HPOS="391"/>
							<String ID="string_65" HPOS="407" VPOS="339" WIDTH="101" HEIGHT="20" WC="0.92" CONTENT="Stenroth"/><SP WIDTH="15" VPOS="339" HPOS="508"/>
							<String ID="string_66" HPOS="523" VPOS="339" WIDTH="80" HEIGHT="21" WC="0.96" CONTENT="lämnat"/><SP WIDTH="18" VPOS="339" HPOS="603"/>
							<String ID="string_67" HPOS="621" VPOS="339" WIDTH="112" HEIGHT="28" WC="0.93" CONTENT="angående"/><SP WIDTH="10" VPOS="339" HPOS="733"/>
							<String ID="string_68" HPOS="743" VPOS="338" WIDTH="169" HEIGHT="22" WC="0.91" CONTENT="bondeståndets"/><SP WIDTH="11" VPOS="338" HPOS="912"/>
							<String ID="string_69" HPOS="923" VPOS="339" WIDTH="44" HEIGHT="20" WC="0.90" CONTENT="för-"/>
						</TextLine>
						<TextLine ID="line_7" HPOS="139" VPOS="347" WIDTH="827" HEIGHT="48">
							<String ID="string_70" HPOS="139" VPOS="347" WIDTH="90" HEIGHT="41" WC="0.64" CONTENT="förände"/><SP WIDTH="24" VPOS="347" HPOS="229"/>
							<String ID="string_71" HPOS="253" VPOS="368" WIDTH="6" HEIGHT="19" WC="0.95" CONTENT="i"/><SP WIDTH="19" VPOS="368" HPOS="259"/>
							<String ID="string_72" HPOS="278" VPOS="367" WIDTH="72" HEIGHT="26" WC="0.96" CONTENT="saken,"/><SP WIDTH="16" VPOS="367" HPOS="350"/>
							<String ID="string_73" HPOS="366" VPOS="367" WIDTH="21" HEIGHT="21" WC="0.96" CONTENT="så"/><SP WIDTH="18" VPOS="367" HPOS="387"/>
							<String ID="string_74" HPOS="405" VPOS="367" WIDTH="37" HEIGHT="21" WC="0.96" CONTENT="ber"/><SP WIDTH="14" VPOS="367" HPOS="442"/>
							<String ID="string_75" HPOS="456" VPOS="368" WIDTH="35" HEIGHT="27" WC="0.96" CONTENT="jag"/><SP WIDTH="15" VPOS="368" HPOS="491"/>
							<String ID="string_76" HPOS="506" VPOS="370" WIDTH="30" HEIGHT="18" WC="0.96" CONTENT="att"/><SP WIDTH="16" VPOS="370" HPOS="536"/>
							<String ID="string_77" HPOS="552" VPOS="367" WIDTH="23" HEIGHT="21" WC="0.96" CONTENT="få"/><SP WIDTH="16" VPOS="367" HPOS="575"/>
							<String ID="string_78" HPOS="591" VPOS="368" WIDTH="67" HEIGHT="20" WC="0.96" CONTENT="uttala"/><SP WIDTH="16" VPOS="368" HPOS="658"/>
							<String ID="string_79" HPOS="674" VPOS="375" WIDTH="26" HEIGHT="13" WC="0.96" CONTENT="en"/><SP WIDTH="17" VPOS="375" HPOS="700"/>
							<String ID="string_80" HPOS="717" VPOS="367" WIDTH="108" HEIGHT="28" WC="0.93" CONTENT="synnerlig"/><SP WIDTH="14" VPOS="367" HPOS="825"/>
							<String ID="string_81" HPOS="839" VPOS="367" WIDTH="80" HEIGHT="28" WC="0.91" CONTENT="fägnad"/><SP WIDTH="15" VPOS="367" HPOS="919"/>
							<String ID="string_82" HPOS="934" VPOS="367" WIDTH="32" HEIGHT="21" WC="0.92" CONTENT="öf-"/>
						</TextLine>
						<TextLine ID="line_8" HPOS="140" VPOS="395" WIDTH="827" HEIGHT="28">
							<String ID="string_83" HPOS="140" VPOS="403" WIDTH="38" HEIGHT="14" WC="0.96" CONTENT="ver"/><SP WIDTH="22" VPOS="403" HPOS="178"/>
							<String ID="string_84" HPOS="200" VPOS="395" WIDTH="36" HEIGHT="21" WC="0.96" CONTENT="det"/><SP WIDTH="21" VPOS="395" HPOS="236"/>
							<String ID="string_85" HPOS="257" VPOS="395" WIDTH="184" HEIGHT="28" WC="0.96" CONTENT="tillmötesgående"/><SP WIDTH="16" VPOS="395" HPOS="441"/>
							<String ID="string_86" HPOS="457" VPOS="397" WIDTH="7" HEIGHT="19" WC="0.90" CONTENT="i"/><SP WIDTH="15" VPOS="397" HPOS="464"/>
							<String ID="string_87" HPOS="479" VPOS="396" WIDTH="70" HEIGHT="21" WC="0.96" CONTENT="denna"/><SP WIDTH="16" VPOS="396" HPOS="549"/>
							<String ID="string_88" HPOS="565" VPOS="396" WIDTH="45" HEIGHT="26" WC="0.96" CONTENT="sak,"/><SP WIDTH="16" VPOS="396" HPOS="610"/>
							<String ID="string_89" HPOS="626" VPOS="403" WIDTH="45" HEIGHT="14" WC="0.96" CONTENT="som"/><SP WIDTH="17" VPOS="403" HPOS="671"/>
							<String ID="string_90" HPOS="688" VPOS="397" WIDTH="67" HEIGHT="20" WC="0.96" CONTENT="visats"/><SP WIDTH="17" VPOS="397" HPOS="755"/>
							<String ID="string_91" HPOS="772" VPOS="395" WIDTH="22" HEIGHT="21" WC="0.96" CONTENT="af"/><SP WIDTH="15" VPOS="395" HPOS="794"/>
							<String ID="string_92" HPOS="809" VPOS="396" WIDTH="158" HEIGHT="27" WC="0.96" CONTENT="prästeståndet"/>
						</TextLine>
						<TextLine ID="line_9" HPOS="140" VPOS="423" WIDTH="828" HEIGHT="29">
							<String ID="string_93" HPOS="140" VPOS="424" WIDTH="42" HEIGHT="21" WC="0.97" CONTENT="och"/><SP WIDTH="15" VPOS="424" HPOS="182"/>
							<String ID="string_94" HPOS="197" VPOS="423" WIDTH="98" HEIGHT="21" WC="0.95" CONTENT="förordar"/><SP WIDTH="20" VPOS="423" HPOS="295"/>
							<String ID="string_95" HPOS="315" VPOS="424" WIDTH="130" HEIGHT="27" WC="0.64" CONTENT="antagandet"/><SP WIDTH="16" VPOS="424" HPOS="445"/>
							<String ID="string_96" HPOS="461" VPOS="424" WIDTH="22" HEIGHT="21" WC="0.93" CONTENT="af"/><SP WIDTH="15" VPOS="424" HPOS="483"/>
							<String ID="string_97" HPOS="498" VPOS="424" WIDTH="170" HEIGHT="28" WC="0.92" CONTENT="prästeständets"/><SP WIDTH="16" VPOS="424" HPOS="668"/>
							<String ID="string_98" HPOS="684" VPOS="423" WIDTH="134" HEIGHT="28" WC="0.88" CONTENT="inbjudning."/><SP WIDTH="30" VPOS="423" HPOS="818"/>
							<String ID="string_99" HPOS="848" VPOS="424" WIDTH="44" HEIGHT="21" WC="0.91" CONTENT="Det"/><SP WIDTH="15" VPOS="424" HPOS="892"/>
							<String ID="string_100" HPOS="907" VPOS="427" WIDTH="23" HEIGHT="18" WC="0.96" CONTENT="är"/><SP WIDTH="15" VPOS="427" HPOS="930"/>
							<String ID="string_101" HPOS="945" VPOS="424" WIDTH="23" HEIGHT="21" WC="0.96" CONTENT="af"/>
						</TextLine>
						<TextLine ID="line_10" HPOS="140" VPOS="452" WIDTH="827" HEIGHT="29">
							<String ID="string_102" HPOS="140" VPOS="452" WIDTH="76" HEIGHT="27" WC="0.96" CONTENT="högsta"/><SP WIDTH="24" VPOS="452" HPOS="216"/>
							<String ID="string_103" HPOS="240" VPOS="452" WIDTH="46" HEIGHT="21" WC="0.96" CONTENT="vikt"/><SP WIDTH="23" VPOS="452" HPOS="286"/>
							<String ID="string_104" HPOS="309" VPOS="455" WIDTH="30" HEIGHT="18" WC="0.96" CONTENT="att"/><SP WIDTH="23" VPOS="455" HPOS="339"/>
							<String ID="string_105" HPOS="362" VPOS="453" WIDTH="7" HEIGHT="20" WC="0.96" CONTENT="i"/><SP WIDTH="22" VPOS="453" HPOS="369"/>
							<String ID="string_106" HPOS="391" VPOS="453" WIDTH="83" HEIGHT="28" WC="0.96" CONTENT="princip"/><SP WIDTH="21" VPOS="453" HPOS="474"/>
							<String ID="string_107" HPOS="495" VPOS="452" WIDTH="24" HEIGHT="21" WC="0.96" CONTENT="få"/><SP WIDTH="20" VPOS="452" HPOS="519"/>
							<String ID="string_108" HPOS="539" VPOS="453" WIDTH="80" HEIGHT="20" WC="0.93" CONTENT="erkänd"/><SP WIDTH="16" VPOS="453" HPOS="619"/>
							<String ID="string_109" HPOS="635" VPOS="452" WIDTH="161" HEIGHT="27" WC="0.92" CONTENT="behöfligheten"/><SP WIDTH="15" VPOS="452" HPOS="796"/>
							<String ID="string_110" HPOS="811" VPOS="452" WIDTH="23" HEIGHT="21" WC="0.96" CONTENT="af"/><SP WIDTH="15" VPOS="452" HPOS="834"/>
							<String ID="string_111" HPOS="849" VPOS="455" WIDTH="31" HEIGHT="18" WC="0.96" CONTENT="att"/><SP WIDTH="15" VPOS="455" HPOS="880"/>
							<String ID="string_112" HPOS="895" VPOS="453" WIDTH="72" HEIGHT="20" WC="0.95" CONTENT="kunna"/>
						</TextLine>
						<TextLine ID="line_11" HPOS="140" VPOS="480" WIDTH="827" HEIGHT="29">
							<String ID="string_113" HPOS="140" VPOS="481" WIDTH="80" HEIGHT="20" WC="0.93" CONTENT="tillföra"/><SP WIDTH="15" VPOS="481" HPOS="220"/>
							<String ID="string_114" HPOS="235" VPOS="480" WIDTH="205" HEIGHT="29" WC="0.89" CONTENT="bankfullmäktiges"/><SP WIDTH="16" VPOS="480" HPOS="440"/>
							<String ID="string_115" HPOS="456" VPOS="481" WIDTH="188" HEIGHT="27" WC="0.90" CONTENT="öfverläggningar"/><SP WIDTH="15" VPOS="481" HPOS="644"/>
							<String ID="string_116" HPOS="659" VPOS="481" WIDTH="43" HEIGHT="21" WC="0.93" CONTENT="den"/><SP WIDTH="16" VPOS="481" HPOS="702"/>
							<String ID="string_117" HPOS="718" VPOS="480" WIDTH="131" HEIGHT="21" WC="0.91" CONTENT="affärsinsikt"/><SP WIDTH="15" VPOS="480" HPOS="849"/>
							<String ID="string_118" HPOS="864" VPOS="481" WIDTH="40" HEIGHT="21" WC="0.93" CONTENT="och"/><SP WIDTH="11" VPOS="481" HPOS="904"/>
							<String ID="string_119" HPOS="915" VPOS="481" WIDTH="52" HEIGHT="20" WC="0.92" CONTENT="kän-"/>
						</TextLine>
						<TextLine ID="line_12" HPOS="141" VPOS="509" WIDTH="827" HEIGHT="28">
							<String ID="string_120" HPOS="141" VPOS="509" WIDTH="77" HEIGHT="21" WC="0.92" CONTENT="nedom"/><SP WIDTH="16" VPOS="509" HPOS="218"/>
							<String ID="string_121" HPOS="234" VPOS="517" WIDTH="34" HEIGHT="13" WC="0.96" CONTENT="om"/><SP WIDTH="17" VPOS="517" HPOS="268"/>
							<String ID="string_122" HPOS="285" VPOS="509" WIDTH="83" HEIGHT="21" WC="0.96" CONTENT="landets"/><SP WIDTH="16" VPOS="509" HPOS="368"/>
							<String ID="string_123" HPOS="384" VPOS="510" WIDTH="98" HEIGHT="21" WC="0.76" CONTENT="ekonomi"/><SP WIDTH="57" VPOS="510" HPOS="482"/>
							<String ID="string_124" HPOS="539" VPOS="510" WIDTH="156" HEIGHT="25" WC="0.96" CONTENT="förhållanden,"/><SP WIDTH="17" VPOS="510" HPOS="695"/>
							<String ID="string_125" HPOS="712" VPOS="517" WIDTH="45" HEIGHT="14" WC="0.96" CONTENT="som"/><SP WIDTH="16" VPOS="517" HPOS="757"/>
							<String ID="string_126" HPOS="773" VPOS="515" WIDTH="156" HEIGHT="22" WC="0.96" CONTENT="representeras"/><SP WIDTH="17" VPOS="515" HPOS="929"/>
							<String ID="string_127" HPOS="946" VPOS="510" WIDTH="22" HEIGHT="20" WC="0.95" CONTENT="af"/>
						</TextLine>
						<TextLine ID="line_13" HPOS="141" VPOS="537" WIDTH="827" HEIGHT="22">
							<String ID="string_128" HPOS="141" VPOS="537" WIDTH="145" HEIGHT="21" WC="0.96" CONTENT="framstående"/><SP WIDTH="22" VPOS="537" HPOS="286"/>
							<String ID="string_129" HPOS="308" VPOS="538" WIDTH="112" HEIGHT="20" WC="0.96" CONTENT="affärsmän"/><SP WIDTH="24" VPOS="538" HPOS="420"/>
							<String ID="string_130" HPOS="444" VPOS="539" WIDTH="5" HEIGHT="19" WC="0.95" CONTENT="i"/><SP WIDTH="24" VPOS="539" HPOS="449"/>
							<String ID="string_131" HPOS="473" VPOS="538" WIDTH="129" HEIGHT="21" WC="0.95" CONTENT="landsorten."/><SP WIDTH="30" VPOS="538" HPOS="602"/>
							<String ID="string_132" HPOS="632" VPOS="538" WIDTH="49" HEIGHT="21" WC="0.96" CONTENT="Och"/><SP WIDTH="24" VPOS="538" HPOS="681"/>
							<String ID="string_133" HPOS="705" VPOS="538" WIDTH="26" HEIGHT="20" WC="0.96" CONTENT="då"/><SP WIDTH="18" VPOS="538" HPOS="731"/>
							<String ID="string_134" HPOS="749" VPOS="538" WIDTH="59" HEIGHT="21" WC="0.96" CONTENT="detta"/><SP WIDTH="16" VPOS="538" HPOS="808"/>
							<String ID="string_135" HPOS="824" VPOS="538" WIDTH="47" HEIGHT="20" WC="0.96" CONTENT="icke"/><SP WIDTH="17" VPOS="538" HPOS="871"/>
							<String ID="string_136" HPOS="888" VPOS="538" WIDTH="80" HEIGHT="20" WC="0.96" CONTENT="kunnat"/>
						</TextLine>
						<TextLine ID="line_14" HPOS="142" VPOS="566" WIDTH="826" HEIGHT="28">
							<String ID="string_137" HPOS="142" VPOS="566" WIDTH="38" HEIGHT="20" WC="0.96" CONTENT="ske"/><SP WIDTH="16" VPOS="566" HPOS="180"/>
							<String ID="string_138" HPOS="196" VPOS="566" WIDTH="26" HEIGHT="27" WC="0.96" CONTENT="på"/><SP WIDTH="17" VPOS="566" HPOS="222"/>
							<String ID="string_139" HPOS="239" VPOS="566" WIDTH="36" HEIGHT="20" WC="0.96" CONTENT="det"/><SP WIDTH="15" VPOS="566" HPOS="275"/>
							<String ID="string_140" HPOS="290" VPOS="566" WIDTH="69" HEIGHT="27" WC="0.95" CONTENT="gamla"/><SP WIDTH="16" VPOS="566" HPOS="359"/>
							<String ID="string_141" HPOS="375" VPOS="570" WIDTH="70" HEIGHT="22" WC="0.96" CONTENT="sättet,"/><SP WIDTH="18" VPOS="570" HPOS="445"/>
							<String ID="string_142" HPOS="463" VPOS="566" WIDTH="27" HEIGHT="21" WC="0.96" CONTENT="då"/><SP WIDTH="15" VPOS="566" HPOS="490"/>
							<String ID="string_143" HPOS="505" VPOS="567" WIDTH="21" HEIGHT="27" WC="0.96" CONTENT="ju"/><SP WIDTH="16" VPOS="567" HPOS="526"/>
							<String ID="string_144" HPOS="542" VPOS="574" WIDTH="102" HEIGHT="20" WC="0.96" CONTENT="personer"/><SP WIDTH="15" VPOS="574" HPOS="644"/>
							<String ID="string_145" HPOS="659" VPOS="566" WIDTH="23" HEIGHT="21" WC="0.96" CONTENT="af"/><SP WIDTH="16" VPOS="566" HPOS="682"/>
							<String ID="string_146" HPOS="698" VPOS="566" WIDTH="78" HEIGHT="21" WC="0.96" CONTENT="sådant"/><SP WIDTH="15" VPOS="566" HPOS="776"/>
							<String ID="string_147" HPOS="791" VPOS="566" WIDTH="45" HEIGHT="27" WC="0.96" CONTENT="slag"/><SP WIDTH="16" VPOS="566" HPOS="836"/>
							<String ID="string_148" HPOS="852" VPOS="566" WIDTH="46" HEIGHT="21" WC="0.93" CONTENT="icke"/><SP WIDTH="16" VPOS="566" HPOS="898"/>
							<String ID="string_149" HPOS="914" VPOS="567" WIDTH="54" HEIGHT="20" WC="0.92" CONTENT="kun-"/>
						</TextLine>
						<TextLine ID="line_15" HPOS="142" VPOS="594" WIDTH="826" HEIGHT="28">
							<String ID="string_150" HPOS="142" VPOS="597" WIDTH="36" HEIGHT="17" WC="0.92" CONTENT="nat"/><SP WIDTH="23" VPOS="597" HPOS="178"/>
							<String ID="string_151" HPOS="201" VPOS="594" WIDTH="64" HEIGHT="28" WC="0.91" CONTENT="åtaga"/><SP WIDTH="23" VPOS="594" HPOS="265"/>
							<String ID="string_152" HPOS="288" VPOS="595" WIDTH="33" HEIGHT="27" WC="0.95" CONTENT="sig"/><SP WIDTH="23" VPOS="595" HPOS="321"/>
							<String ID="string_153" HPOS="344" VPOS="602" WIDTH="25" HEIGHT="13" WC="0.94" CONTENT="en"/><SP WIDTH="16" VPOS="602" HPOS="369"/>
							<String ID="string_154" HPOS="385" VPOS="595" WIDTH="85" HEIGHT="27" WC="0.96" CONTENT="ständig"/><SP WIDTH="15" VPOS="595" HPOS="470"/>
							<String ID="string_155" HPOS="485" VPOS="596" WIDTH="141" HEIGHT="26" WC="0.96" CONTENT="tjänstgöring"/><SP WIDTH="15" VPOS="596" HPOS="626"/>
							<String ID="string_156" HPOS="641" VPOS="595" WIDTH="41" HEIGHT="21" WC="0.95" CONTENT="och"/><SP WIDTH="16" VPOS="595" HPOS="682"/>
							<String ID="string_157" HPOS="698" VPOS="595" WIDTH="88" HEIGHT="21" WC="0.95" CONTENT="vistelse"/><SP WIDTH="17" VPOS="595" HPOS="786"/>
							<String ID="string_158" HPOS="803" VPOS="595" WIDTH="5" HEIGHT="19" WC="0.96" CONTENT="i"/><SP WIDTH="16" VPOS="595" HPOS="808"/>
							<String ID="string_159" HPOS="824" VPOS="594" WIDTH="144" HEIGHT="28" WC="0.95" CONTENT="Helsingfors,"/>
						</TextLine>
						<TextLine ID="line_16" HPOS="142" VPOS="622" WIDTH="827" HEIGHT="30">
							<String ID="string_160" HPOS="142" VPOS="622" WIDTH="24" HEIGHT="21" WC="0.95" CONTENT="så"/><SP WIDTH="16" VPOS="622" HPOS="166"/>
							<String ID="string_161" HPOS="182" VPOS="622" WIDTH="89" HEIGHT="21" WC="0.95" CONTENT="innebär"/><SP WIDTH="16" VPOS="622" HPOS="271"/>
							<String ID="string_162" HPOS="287" VPOS="622" WIDTH="36" HEIGHT="21" WC="0.96" CONTENT="det"/><SP WIDTH="20" VPOS="622" HPOS="323"/>
							<String ID="string_163" HPOS="343" VPOS="626" WIDTH="31" HEIGHT="18" WC="0.95" CONTENT="ett"/><SP WIDTH="18" VPOS="626" HPOS="374"/>
							<String ID="string_164" HPOS="392" VPOS="626" WIDTH="53" HEIGHT="18" WC="0.96" CONTENT="stort"/><SP WIDTH="15" VPOS="626" HPOS="445"/>
							<String ID="string_165" HPOS="460" VPOS="627" WIDTH="47" HEIGHT="23" WC="0.96" CONTENT="steg"/><SP WIDTH="15" VPOS="627" HPOS="507"/>
							<String ID="string_166" HPOS="522" VPOS="623" WIDTH="78" HEIGHT="21" WC="0.96" CONTENT="framåt"/><SP WIDTH="15" VPOS="623" HPOS="600"/>
							<String ID="string_167" HPOS="615" VPOS="627" WIDTH="31" HEIGHT="17" WC="0.96" CONTENT="att"/><SP WIDTH="16" VPOS="627" HPOS="646"/>
							<String ID="string_168" HPOS="662" VPOS="624" WIDTH="112" HEIGHT="28" WC="0.95" CONTENT="principen"/><SP WIDTH="16" VPOS="624" HPOS="774"/>
							<String ID="string_169" HPOS="790" VPOS="630" WIDTH="33" HEIGHT="13" WC="0.96" CONTENT="om"/><SP WIDTH="17" VPOS="630" HPOS="823"/>
							<String ID="string_170" HPOS="840" VPOS="622" WIDTH="69" HEIGHT="22" WC="0.91" CONTENT="denna"/><SP WIDTH="17" VPOS="622" HPOS="909"/>
							<String ID="string_171" HPOS="926" VPOS="623" WIDTH="43" HEIGHT="21" WC="0.91" CONTENT="för-"/>
						</TextLine>
						<TextLine ID="line_17" HPOS="142" VPOS="651" WIDTH="826" HEIGHT="28">
							<String ID="string_172" HPOS="142" VPOS="651" WIDTH="123" HEIGHT="27" WC="0.92" CONTENT="stärknings"/><SP WIDTH="16" VPOS="651" HPOS="265"/>
							<String ID="string_173" HPOS="281" VPOS="651" WIDTH="130" HEIGHT="27" WC="0.92" CONTENT="behöflighet"/><SP WIDTH="16" VPOS="651" HPOS="411"/>
							<String ID="string_174" HPOS="427" VPOS="654" WIDTH="22" HEIGHT="18" WC="0.96" CONTENT="är"/><SP WIDTH="16" VPOS="654" HPOS="449"/>
							<String ID="string_175" HPOS="465" VPOS="652" WIDTH="85" HEIGHT="20" WC="0.96" CONTENT="erkänd."/><SP WIDTH="22" VPOS="652" HPOS="550"/>
							<String ID="string_176" HPOS="572" VPOS="652" WIDTH="42" HEIGHT="27" WC="0.96" CONTENT="Jag"/><SP WIDTH="15" VPOS="652" HPOS="614"/>
							<String ID="string_177" HPOS="629" VPOS="654" WIDTH="23" HEIGHT="18" WC="0.93" CONTENT="är"/><SP WIDTH="15" VPOS="654" HPOS="652"/>
							<String ID="string_178" HPOS="667" VPOS="651" WIDTH="130" HEIGHT="28" WC="0.91" CONTENT="öfvertygad"/><SP WIDTH="16" VPOS="651" HPOS="797"/>
							<String ID="string_179" HPOS="813" VPOS="658" WIDTH="34" HEIGHT="14" WC="0.96" CONTENT="om"/><SP WIDTH="15" VPOS="658" HPOS="847"/>
							<String ID="string_180" HPOS="862" VPOS="654" WIDTH="31" HEIGHT="18" WC="0.94" CONTENT="att"/><SP WIDTH="11" VPOS="654" HPOS="893"/>
							<String ID="string_181" HPOS="904" VPOS="652" WIDTH="64" HEIGHT="20" WC="0.96" CONTENT="äfven"/>
						</TextLine>
						<TextLine ID="line_18" HPOS="142" VPOS="679" WIDTH="827" HEIGHT="28">
							<String ID="string_182" HPOS="142" VPOS="679" WIDTH="27" HEIGHT="21" WC="0.96" CONTENT="de"/><SP WIDTH="16" VPOS="679" HPOS="169"/>
							<String ID="string_183" HPOS="185" VPOS="687" WIDTH="103" HEIGHT="20" WC="0.95" CONTENT="personer"/><SP WIDTH="19" VPOS="687" HPOS="288"/>
							<String ID="string_184" HPOS="307" VPOS="680" WIDTH="50" HEIGHT="20" WC="0.95" CONTENT="eller"/><SP WIDTH="19" VPOS="680" HPOS="357"/>
							<String ID="string_185" HPOS="376" VPOS="680" WIDTH="25" HEIGHT="20" WC="0.96" CONTENT="de"/><SP WIDTH="17" VPOS="680" HPOS="401"/>
							<String ID="string_186" HPOS="418" VPOS="680" WIDTH="69" HEIGHT="25" WC="0.96" CONTENT="stånd,"/><SP WIDTH="15" VPOS="680" HPOS="487"/>
							<String ID="string_187" HPOS="502" VPOS="687" WIDTH="46" HEIGHT="13" WC="0.96" CONTENT="som"/><SP WIDTH="17" VPOS="687" HPOS="548"/>
							<String ID="string_188" HPOS="565" VPOS="680" WIDTH="22" HEIGHT="20" WC="0.95" CONTENT="af"/><SP WIDTH="16" VPOS="680" HPOS="587"/>
							<String ID="string_189" HPOS="603" VPOS="684" WIDTH="29" HEIGHT="17" WC="0.84" CONTENT="ett"/><SP WIDTH="17" VPOS="684" HPOS="632"/>
							<String ID="string_190" HPOS="649" VPOS="680" WIDTH="53" HEIGHT="21" WC="0.96" CONTENT="eller"/><SP WIDTH="15" VPOS="680" HPOS="702"/>
							<String ID="string_191" HPOS="717" VPOS="683" WIDTH="65" HEIGHT="17" WC="0.96" CONTENT="annat"/><SP WIDTH="16" VPOS="683" HPOS="782"/>
							<String ID="string_192" HPOS="798" VPOS="680" WIDTH="46" HEIGHT="20" WC="0.95" CONTENT="skäl"/><SP WIDTH="15" VPOS="680" HPOS="844"/>
							<String ID="string_193" HPOS="859" VPOS="680" WIDTH="57" HEIGHT="20" WC="0.93" CONTENT="förut"/><SP WIDTH="16" VPOS="680" HPOS="916"/>
							<String ID="string_194" HPOS="932" VPOS="688" WIDTH="37" HEIGHT="12" WC="0.92" CONTENT="va-"/>
						</TextLine>
						<TextLine ID="line_19" HPOS="142" VPOS="707" WIDTH="826" HEIGHT="29">
							<String ID="string_195" HPOS="142" VPOS="708" WIDTH="27" HEIGHT="20" WC="0.95" CONTENT="rit"/><SP WIDTH="15" VPOS="708" HPOS="169"/>
							<String ID="string_196" HPOS="184" VPOS="707" WIDTH="145" HEIGHT="21" WC="0.96" CONTENT="motståndare"/><SP WIDTH="16" VPOS="707" HPOS="329"/>
							<String ID="string_197" HPOS="345" VPOS="708" WIDTH="31" HEIGHT="20" WC="0.96" CONTENT="till"/><SP WIDTH="17" VPOS="708" HPOS="376"/>
							<String ID="string_198" HPOS="393" VPOS="708" WIDTH="68" HEIGHT="21" WC="0.96" CONTENT="denna"/><SP WIDTH="16" VPOS="708" HPOS="461"/>
							<String ID="string_199" HPOS="477" VPOS="708" WIDTH="39" HEIGHT="26" WC="0.96" CONTENT="idé,"/><SP WIDTH="16" VPOS="708" HPOS="516"/>
							<String ID="string_200" HPOS="532" VPOS="708" WIDTH="22" HEIGHT="21" WC="0.96" CONTENT="så"/><SP WIDTH="17" VPOS="708" HPOS="554"/>
							<String ID="string_201" HPOS="571" VPOS="712" WIDTH="58" HEIGHT="17" WC="0.96" CONTENT="snart"/><SP WIDTH="16" VPOS="712" HPOS="629"/>
							<String ID="string_202" HPOS="645" VPOS="708" WIDTH="26" HEIGHT="21" WC="0.96" CONTENT="de"/><SP WIDTH="18" VPOS="708" HPOS="671"/>
							<String ID="string_203" HPOS="689" VPOS="711" WIDTH="42" HEIGHT="18" WC="0.96" CONTENT="sett"/><SP WIDTH="16" VPOS="711" HPOS="731"/>
							<String ID="string_204" HPOS="747" VPOS="708" WIDTH="40" HEIGHT="21" WC="0.96" CONTENT="den"/><SP WIDTH="18" VPOS="708" HPOS="787"/>
							<String ID="string_205" HPOS="805" VPOS="708" WIDTH="69" HEIGHT="28" WC="0.96" CONTENT="någon"/><SP WIDTH="12" VPOS="708" HPOS="874"/>
							<String ID="string_206" HPOS="886" VPOS="708" WIDTH="30" HEIGHT="20" WC="0.90" CONTENT="tid"/><SP WIDTH="11" VPOS="708" HPOS="916"/>
							<String ID="string_207" HPOS="927" VPOS="708" WIDTH="41" HEIGHT="20" WC="0.91" CONTENT="till-"/>
						</TextLine>
						<TextLine ID="line_20" HPOS="143" VPOS="736" WIDTH="825" HEIGHT="28">
							<String ID="string_208" HPOS="143" VPOS="736" WIDTH="90" HEIGHT="28" WC="0.93" CONTENT="lämpad,"/><SP WIDTH="16" VPOS="736" HPOS="233"/>
							<String ID="string_209" HPOS="249" VPOS="736" WIDTH="108" HEIGHT="28" WC="0.91" CONTENT="själfmant"/><SP WIDTH="17" VPOS="736" HPOS="357"/>
							<String ID="string_210" HPOS="374" VPOS="737" WIDTH="59" HEIGHT="21" WC="0.96" CONTENT="skola"/><SP WIDTH="16" VPOS="737" HPOS="433"/>
							<String ID="string_211" HPOS="449" VPOS="737" WIDTH="82" HEIGHT="27" WC="0.96" CONTENT="skynda"/><SP WIDTH="16" VPOS="737" HPOS="531"/>
							<String ID="string_212" HPOS="547" VPOS="740" WIDTH="32" HEIGHT="18" WC="0.96" CONTENT="att"/><SP WIDTH="15" VPOS="740" HPOS="579"/>
							<String ID="string_213" HPOS="594" VPOS="737" WIDTH="40" HEIGHT="21" WC="0.96" CONTENT="öka"/><SP WIDTH="17" VPOS="737" HPOS="634"/>
							<String ID="string_214" HPOS="651" VPOS="737" WIDTH="81" HEIGHT="21" WC="0.96" CONTENT="antalet"/><SP WIDTH="11" VPOS="737" HPOS="732"/>
							<String ID="string_215" HPOS="743" VPOS="736" WIDTH="23" HEIGHT="21" WC="0.93" CONTENT="af"/><SP WIDTH="10" VPOS="736" HPOS="766"/>
							<String ID="string_216" HPOS="776" VPOS="736" WIDTH="192" HEIGHT="28" WC="0.75" CONTENT="bankfullmäktige"/>
						</TextLine>
						<TextLine ID="line_21" HPOS="143" VPOS="764" WIDTH="826" HEIGHT="28">
							<String ID="string_217" HPOS="143" VPOS="765" WIDTH="101" HEIGHT="27" WC="0.96" CONTENT="antingen"/><SP WIDTH="17" VPOS="765" HPOS="244"/>
							<String ID="string_218" HPOS="261" VPOS="765" WIDTH="32" HEIGHT="20" WC="0.96" CONTENT="till"/><SP WIDTH="16" VPOS="765" HPOS="293"/>
							<String ID="string_219" HPOS="309" VPOS="764" WIDTH="22" HEIGHT="21" WC="0.96" CONTENT="så"/><SP WIDTH="16" VPOS="764" HPOS="331"/>
							<String ID="string_220" HPOS="347" VPOS="765" WIDTH="83" HEIGHT="27" WC="0.95" CONTENT="många,"/><SP WIDTH="15" VPOS="765" HPOS="430"/>
							<String ID="string_221" HPOS="445" VPOS="773" WIDTH="45" HEIGHT="13" WC="0.93" CONTENT="som"/><SP WIDTH="16" VPOS="773" HPOS="490"/>
							<String ID="string_222" HPOS="506" VPOS="765" WIDTH="162" HEIGHT="21" WC="0.92" CONTENT="bankutskottet"/><SP WIDTH="16" VPOS="765" HPOS="668"/>
							<String ID="string_223" HPOS="684" VPOS="773" WIDTH="30" HEIGHT="13" WC="0.96" CONTENT="nu"/><SP WIDTH="11" VPOS="773" HPOS="714"/>
							<String ID="string_224" HPOS="725" VPOS="765" WIDTH="55" HEIGHT="21" WC="0.96" CONTENT="hade"/><SP WIDTH="11" VPOS="765" HPOS="780"/>
							<String ID="string_225" HPOS="791" VPOS="765" WIDTH="116" HEIGHT="27" WC="0.96" CONTENT="föreslagit,"/><SP WIDTH="11" VPOS="765" HPOS="907"/>
							<String ID="string_226" HPOS="918" VPOS="765" WIDTH="51" HEIGHT="21" WC="0.96" CONTENT="eller"/>
						</TextLine>
						<TextLine ID="line_22" HPOS="143" VPOS="792" WIDTH="297" HEIGHT="22">
							<String ID="string_227" HPOS="143" VPOS="792" WIDTH="105" HEIGHT="21" WC="0.96" CONTENT="måhända"/><SP WIDTH="16" VPOS="792" HPOS="248"/>
							<String ID="string_228" HPOS="264" VPOS="793" WIDTH="32" HEIGHT="21" WC="0.96" CONTENT="till"/><SP WIDTH="17" VPOS="793" HPOS="296"/>
							<String ID="string_229" HPOS="313" VPOS="795" WIDTH="56" HEIGHT="19" WC="0.93" CONTENT="ännu"/><SP WIDTH="15" VPOS="795" HPOS="369"/>
							<String ID="string_230" HPOS="384" VPOS="794" WIDTH="56" HEIGHT="20" WC="0.93" CONTENT="flere."/>
						</TextLine>
					</TextBlock>
				</ComposedBlock>
				<Illustration ID="cblock_3" HPOS="484" VPOS="489" WIDTH="80" HEIGHT="41"></Illustration>
				<ComposedBlock ID="cblock_4" HPOS="142" VPOS="850" WIDTH="828" HEIGHT="141">
					<TextBlock ID="block_2" HPOS="142" VPOS="850" WIDTH="828" HEIGHT="141">
						<TextLine ID="line_23" HPOS="212" VPOS="850" WIDTH="757" HEIGHT="27">
							<String ID="string_231" HPOS="212" VPOS="850" WIDTH="34" HEIGHT="20" WC="0.96" CONTENT="Hr"/><SP WIDTH="15" VPOS="850" HPOS="246"/>
							<String ID="string_232" HPOS="261" VPOS="850" WIDTH="137" HEIGHT="21" WC="0.45" CONTENT="Borenius:"/><SP WIDTH="17" VPOS="850" HPOS="398"/>
							<String ID="string_233" HPOS="415" VPOS="850" WIDTH="45" HEIGHT="20" WC="0.93" CONTENT="Min"/><SP WIDTH="17" VPOS="850" HPOS="460"/>
							<String ID="string_234" HPOS="477" VPOS="850" WIDTH="65" HEIGHT="21" WC="0.92" CONTENT="afsikt"/><SP WIDTH="16" VPOS="850" HPOS="542"/>
							<String ID="string_235" HPOS="558" VPOS="858" WIDTH="38" HEIGHT="14" WC="0.96" CONTENT="var"/><SP WIDTH="10" VPOS="858" HPOS="596"/>
							<String ID="string_236" HPOS="606" VPOS="854" WIDTH="31" HEIGHT="17" WC="0.96" CONTENT="att"/><SP WIDTH="10" VPOS="854" HPOS="637"/>
							<String ID="string_237" HPOS="647" VPOS="852" WIDTH="51" HEIGHT="25" WC="0.96" CONTENT="göra"/><SP WIDTH="13" VPOS="852" HPOS="698"/>
							<String ID="string_238" HPOS="711" VPOS="853" WIDTH="30" HEIGHT="17" WC="0.96" CONTENT="ett"/><SP WIDTH="12" VPOS="853" HPOS="741"/>
							<String ID="string_239" HPOS="753" VPOS="850" WIDTH="108" HEIGHT="20" WC="0.96" CONTENT="uttalande"/><SP WIDTH="12" VPOS="850" HPOS="861"/>
							<String ID="string_240" HPOS="873" VPOS="851" WIDTH="6" HEIGHT="19" WC="0.96" CONTENT="i"/><SP WIDTH="11" VPOS="851" HPOS="879"/>
							<String ID="string_241" HPOS="890" VPOS="858" WIDTH="79" HEIGHT="12" WC="0.96" CONTENT="samma"/>
						</TextLine>
						<TextLine ID="line_24" HPOS="144" VPOS="878" WIDTH="825" HEIGHT="28">
							<String ID="string_242" HPOS="144" VPOS="878" WIDTH="56" HEIGHT="28" WC="0.82" CONTENT="syfte"/><SP WIDTH="22" VPOS="878" HPOS="200"/>
							<String ID="string_243" HPOS="222" VPOS="886" WIDTH="46" HEIGHT="12" WC="0.95" CONTENT="som"/><SP WIDTH="24" VPOS="886" HPOS="268"/>
							<String ID="string_244" HPOS="292" VPOS="878" WIDTH="24" HEIGHT="20" WC="0.96" CONTENT="hr"/><SP WIDTH="23" VPOS="878" HPOS="316"/>
							<String ID="string_245" HPOS="339" VPOS="878" WIDTH="85" HEIGHT="28" WC="0.93" CONTENT="Elving,"/><SP WIDTH="21" VPOS="878" HPOS="424"/>
							<String ID="string_246" HPOS="445" VPOS="878" WIDTH="86" HEIGHT="21" WC="0.92" CONTENT="hvarför"/><SP WIDTH="22" VPOS="878" HPOS="531"/>
							<String ID="string_247" HPOS="553" VPOS="880" WIDTH="35" HEIGHT="26" WC="0.96" CONTENT="jag"/><SP WIDTH="19" VPOS="880" HPOS="588"/>
							<String ID="string_248" HPOS="607" VPOS="879" WIDTH="37" HEIGHT="20" WC="0.94" CONTENT="ber"/><SP WIDTH="19" VPOS="879" HPOS="644"/>
							<String ID="string_249" HPOS="663" VPOS="882" WIDTH="30" HEIGHT="18" WC="0.93" CONTENT="att"/><SP WIDTH="17" VPOS="882" HPOS="693"/>
							<String ID="string_250" HPOS="710" VPOS="880" WIDTH="7" HEIGHT="19" WC="0.93" CONTENT="i"/><SP WIDTH="16" VPOS="880" HPOS="717"/>
							<String ID="string_251" HPOS="733" VPOS="878" WIDTH="41" HEIGHT="21" WC="0.92" CONTENT="allo"/><SP WIDTH="16" VPOS="878" HPOS="774"/>
							<String ID="string_252" HPOS="790" VPOS="878" WIDTH="24" HEIGHT="21" WC="0.92" CONTENT="fä"/><SP WIDTH="14" VPOS="878" HPOS="814"/>
							<String ID="string_253" HPOS="828" VPOS="878" WIDTH="83" HEIGHT="21" WC="0.91" CONTENT="ansluta"/><SP WIDTH="15" VPOS="878" HPOS="911"/>
							<String ID="string_254" HPOS="926" VPOS="879" WIDTH="43" HEIGHT="27" WC="0.96" CONTENT="mig"/>
						</TextLine>
						<TextLine ID="line_25" HPOS="143" VPOS="906" WIDTH="826" HEIGHT="29">
							<String ID="string_255" HPOS="143" VPOS="906" WIDTH="33" HEIGHT="21" WC="0.87" CONTENT="till"/><SP WIDTH="15" VPOS="906" HPOS="176"/>
							<String ID="string_256" HPOS="191" VPOS="906" WIDTH="35" HEIGHT="21" WC="0.96" CONTENT="det"/><SP WIDTH="17" VPOS="906" HPOS="226"/>
							<String ID="string_257" HPOS="243" VPOS="906" WIDTH="23" HEIGHT="20" WC="0.95" CONTENT="af"/><SP WIDTH="15" VPOS="906" HPOS="266"/>
							<String ID="string_258" HPOS="281" VPOS="906" WIDTH="78" HEIGHT="22" WC="0.93" CONTENT="honom"/><SP WIDTH="17" VPOS="906" HPOS="359"/>
							<String ID="string_259" HPOS="376" VPOS="907" WIDTH="82" HEIGHT="27" WC="0.91" CONTENT="afgifna"/><SP WIDTH="15" VPOS="907" HPOS="458"/>
							<String ID="string_260" HPOS="473" VPOS="908" WIDTH="114" HEIGHT="27" WC="0.91" CONTENT="yttrandet."/><SP WIDTH="29" VPOS="908" HPOS="587"/>
							<String ID="string_261" HPOS="616" VPOS="908" WIDTH="42" HEIGHT="26" WC="0.93" CONTENT="Jag"/><SP WIDTH="15" VPOS="908" HPOS="658"/>
							<String ID="string_262" HPOS="673" VPOS="906" WIDTH="93" HEIGHT="22" WC="0.92" CONTENT="föreslär"/><SP WIDTH="16" VPOS="906" HPOS="766"/>
							<String ID="string_263" HPOS="782" VPOS="906" WIDTH="82" HEIGHT="21" WC="0.92" CONTENT="säledes"/><SP WIDTH="17" VPOS="906" HPOS="864"/>
							<String ID="string_264" HPOS="881" VPOS="910" WIDTH="30" HEIGHT="17" WC="0.93" CONTENT="att"/><SP WIDTH="10" VPOS="910" HPOS="911"/>
							<String ID="string_265" HPOS="921" VPOS="906" WIDTH="48" HEIGHT="22" WC="0.93" CONTENT="bor-"/>
						</TextLine>
						<TextLine ID="line_26" HPOS="142" VPOS="934" WIDTH="828" HEIGHT="29">
							<String ID="string_266" HPOS="142" VPOS="934" WIDTH="138" HEIGHT="28" WC="0.81" CONTENT="gareständet"/><SP WIDTH="23" VPOS="934" HPOS="280"/>
							<String ID="string_267" HPOS="303" VPOS="939" WIDTH="76" HEIGHT="24" WC="0.94" CONTENT="genast"/><SP WIDTH="21" VPOS="939" HPOS="379"/>
							<String ID="string_268" HPOS="400" VPOS="935" WIDTH="65" HEIGHT="21" WC="0.74" CONTENT="måtte"/><SP WIDTH="22" VPOS="935" HPOS="465"/>
							<String ID="string_269" HPOS="487" VPOS="936" WIDTH="31" HEIGHT="20" WC="0.96" CONTENT="till"/><SP WIDTH="17" VPOS="936" HPOS="518"/>
							<String ID="string_270" HPOS="535" VPOS="934" WIDTH="129" HEIGHT="29" WC="0.93" CONTENT="behandling"/><SP WIDTH="16" VPOS="934" HPOS="664"/>
							<String ID="string_271" HPOS="680" VPOS="939" WIDTH="96" HEIGHT="24" WC="0.92" CONTENT="upptaga"/><SP WIDTH="16" VPOS="939" HPOS="776"/>
							<String ID="string_272" HPOS="792" VPOS="935" WIDTH="40" HEIGHT="21" WC="0.93" CONTENT="den"/><SP WIDTH="16" VPOS="935" HPOS="832"/>
							<String ID="string_273" HPOS="848" VPOS="935" WIDTH="74" HEIGHT="28" WC="0.93" CONTENT="gjorda"/><SP WIDTH="15" VPOS="935" HPOS="922"/>
							<String ID="string_274" HPOS="937" VPOS="936" WIDTH="33" HEIGHT="20" WC="0.92" CONTENT="in-"/>
						</TextLine>
						<TextLine ID="line_27" HPOS="143" VPOS="963" WIDTH="138" HEIGHT="28">
							<String ID="string_275" HPOS="143" VPOS="963" WIDTH="138" HEIGHT="28" WC="0.91" CONTENT="bjudningen."/>
						</TextLine>
					</TextBlock>
				</ComposedBlock>
				<Illustration ID="cblock_5" HPOS="507" VPOS="1014" WIDTH="13" HEIGHT="20"></Illustration>
				<ComposedBlock ID="cblock_6" HPOS="143" VPOS="1020" WIDTH="827" HEIGHT="171">
					<TextBlock ID="block_3" HPOS="143" VPOS="1020" WIDTH="827" HEIGHT="171">
						<TextLine ID="line_28" HPOS="212" VPOS="1020" WIDTH="757" HEIGHT="28">
							<String ID="string_276" HPOS="212" VPOS="1020" WIDTH="34" HEIGHT="21" WC="0.96" CONTENT="Hr"/><SP WIDTH="16" VPOS="1020" HPOS="246"/>
							<String ID="string_277" HPOS="262" VPOS="1020" WIDTH="123" HEIGHT="21" WC="0.86" CONTENT="Neovius:"/><SP WIDTH="32" VPOS="1020" HPOS="385"/>
							<String ID="string_278" HPOS="417" VPOS="1021" WIDTH="72" HEIGHT="20" WC="0.52" CONTENT="Ehuro"/><SP WIDTH="24" VPOS="1021" HPOS="489"/>
							<String ID="string_279" HPOS="513" VPOS="1022" WIDTH="33" HEIGHT="26" WC="0.88" CONTENT="jag"/><SP WIDTH="23" VPOS="1022" HPOS="546"/>
							<String ID="string_280" HPOS="569" VPOS="1021" WIDTH="129" HEIGHT="26" WC="0.34" CONTENT="follkomligt"/><SP WIDTH="20" VPOS="1021" HPOS="698"/>
							<String ID="string_281" HPOS="718" VPOS="1021" WIDTH="88" HEIGHT="20" WC="0.95" CONTENT="förenar"/><SP WIDTH="15" VPOS="1021" HPOS="806"/>
							<String ID="string_282" HPOS="821" VPOS="1021" WIDTH="42" HEIGHT="26" WC="0.95" CONTENT="mig"/><SP WIDTH="16" VPOS="1021" HPOS="863"/>
							<String ID="string_283" HPOS="879" VPOS="1029" WIDTH="33" HEIGHT="12" WC="0.96" CONTENT="om"/><SP WIDTH="16" VPOS="1029" HPOS="912"/>
							<String ID="string_284" HPOS="928" VPOS="1021" WIDTH="41" HEIGHT="20" WC="0.96" CONTENT="den"/>
						</TextLine>
						<TextLine ID="line_29" HPOS="143" VPOS="1048" WIDTH="827" HEIGHT="29">
							<String ID="string_285" HPOS="143" VPOS="1048" WIDTH="62" HEIGHT="25" WC="0.96" CONTENT="åsikt,"/><SP WIDTH="16" VPOS="1048" HPOS="205"/>
							<String ID="string_286" HPOS="221" VPOS="1056" WIDTH="46" HEIGHT="13" WC="0.93" CONTENT="som"/><SP WIDTH="16" VPOS="1056" HPOS="267"/>
							<String ID="string_287" HPOS="283" VPOS="1049" WIDTH="86" HEIGHT="20" WC="0.96" CONTENT="uttalats"/><SP WIDTH="14" VPOS="1049" HPOS="369"/>
							<String ID="string_288" HPOS="383" VPOS="1049" WIDTH="21" HEIGHT="21" WC="0.96" CONTENT="af"/><SP WIDTH="17" VPOS="1049" HPOS="404"/>
							<String ID="string_289" HPOS="421" VPOS="1050" WIDTH="24" HEIGHT="20" WC="0.94" CONTENT="hr"/><SP WIDTH="15" VPOS="1050" HPOS="445"/>
							<String ID="string_290" HPOS="460" VPOS="1049" WIDTH="83" HEIGHT="28" WC="0.96" CONTENT="Elving,"/><SP WIDTH="16" VPOS="1049" HPOS="543"/>
							<String ID="string_291" HPOS="559" VPOS="1057" WIDTH="9" HEIGHT="13" WC="0.93" CONTENT="sä"/><SP WIDTH="41" VPOS="1057" HPOS="568"/>
							<String ID="string_292" HPOS="609" VPOS="1058" WIDTH="52" HEIGHT="19" WC="0.96" CONTENT="synes"/><SP WIDTH="17" VPOS="1058" HPOS="661"/>
							<String ID="string_293" HPOS="678" VPOS="1050" WIDTH="39" HEIGHT="19" WC="0.96" CONTENT="det"/><SP WIDTH="15" VPOS="1050" HPOS="717"/>
							<String ID="string_294" HPOS="732" VPOS="1050" WIDTH="43" HEIGHT="26" WC="0.95" CONTENT="mig"/><SP WIDTH="15" VPOS="1050" HPOS="775"/>
							<String ID="string_295" HPOS="790" VPOS="1049" WIDTH="56" HEIGHT="20" WC="0.93" CONTENT="dock"/><SP WIDTH="16" VPOS="1049" HPOS="846"/>
							<String ID="string_296" HPOS="862" VPOS="1049" WIDTH="108" HEIGHT="27" WC="0.88" CONTENT="oformligt"/>
						</TextLine>
						<TextLine ID="line_30" HPOS="144" VPOS="1077" WIDTH="825" HEIGHT="29">
							<String ID="string_297" HPOS="144" VPOS="1084" WIDTH="33" HEIGHT="13" WC="0.96" CONTENT="om"/><SP WIDTH="17" VPOS="1084" HPOS="177"/>
							<String ID="string_298" HPOS="194" VPOS="1077" WIDTH="21" HEIGHT="20" WC="0.96" CONTENT="vi"/><SP WIDTH="16" VPOS="1077" HPOS="215"/>
							<String ID="string_299" HPOS="231" VPOS="1085" WIDTH="27" HEIGHT="12" WC="0.93" CONTENT="nu"/><SP WIDTH="17" VPOS="1085" HPOS="258"/>
							<String ID="string_300" HPOS="275" VPOS="1077" WIDTH="54" HEIGHT="20" WC="0.95" CONTENT="blott"/><SP WIDTH="23" VPOS="1077" HPOS="329"/>
							<String ID="string_301" HPOS="352" VPOS="1077" WIDTH="18" HEIGHT="21" WC="0.96" CONTENT="pä"/><SP WIDTH="19" VPOS="1077" HPOS="370"/>
							<String ID="string_302" HPOS="389" VPOS="1078" WIDTH="40" HEIGHT="20" WC="0.93" CONTENT="den"/><SP WIDTH="16" VPOS="1078" HPOS="429"/>
							<String ID="string_303" HPOS="445" VPOS="1078" WIDTH="90" HEIGHT="28" WC="0.95" CONTENT="uppgift,"/><SP WIDTH="16" VPOS="1078" HPOS="535"/>
							<String ID="string_304" HPOS="551" VPOS="1086" WIDTH="45" HEIGHT="13" WC="0.96" CONTENT="som"/><SP WIDTH="17" VPOS="1086" HPOS="596"/>
							<String ID="string_305" HPOS="613" VPOS="1079" WIDTH="19" HEIGHT="20" WC="0.93" CONTENT="vi"/><SP WIDTH="17" VPOS="1079" HPOS="632"/>
							<String ID="string_306" HPOS="649" VPOS="1078" WIDTH="42" HEIGHT="21" WC="0.96" CONTENT="fått"/><SP WIDTH="16" VPOS="1078" HPOS="691"/>
							<String ID="string_307" HPOS="707" VPOS="1085" WIDTH="78" HEIGHT="20" WC="0.96" CONTENT="genom"/><SP WIDTH="17" VPOS="1085" HPOS="785"/>
							<String ID="string_308" HPOS="802" VPOS="1085" WIDTH="24" HEIGHT="12" WC="0.91" CONTENT="en"/><SP WIDTH="16" VPOS="1085" HPOS="826"/>
							<String ID="string_309" HPOS="842" VPOS="1077" WIDTH="22" HEIGHT="20" WC="0.93" CONTENT="af"/><SP WIDTH="10" VPOS="1077" HPOS="864"/>
							<String ID="string_310" HPOS="874" VPOS="1077" WIDTH="95" HEIGHT="21" WC="0.93" CONTENT="ständets"/>
						</TextLine>
						<TextLine ID="line_31" HPOS="144" VPOS="1105" WIDTH="826" HEIGHT="48">
							<String ID="string_311" HPOS="144" VPOS="1105" WIDTH="144" HEIGHT="26" WC="0.93" CONTENT="medlemmar,"/><SP WIDTH="15" VPOS="1105" HPOS="288"/>
							<String ID="string_312" HPOS="303" VPOS="1105" WIDTH="88" HEIGHT="21" WC="0.92" CONTENT="hvilken"/><SP WIDTH="15" VPOS="1105" HPOS="391"/>
							<String ID="string_313" HPOS="406" VPOS="1107" WIDTH="95" HEIGHT="27" WC="0.87" CONTENT="uppgifts"/><SP WIDTH="16" VPOS="1107" HPOS="501"/>
							<String ID="string_314" HPOS="517" VPOS="1107" WIDTH="101" HEIGHT="26" WC="0.96" CONTENT="riktighet"/><SP WIDTH="16" VPOS="1107" HPOS="618"/>
							<String ID="string_315" HPOS="634" VPOS="1115" WIDTH="35" HEIGHT="19" WC="0.96" CONTENT="jag"/><SP WIDTH="16" VPOS="1115" HPOS="669"/>
							<String ID="string_316" HPOS="685" VPOS="1106" WIDTH="36" HEIGHT="20" WC="0.93" CONTENT="för"/><SP WIDTH="15" VPOS="1106" HPOS="721"/>
							<String ID="string_317" HPOS="736" VPOS="1105" WIDTH="65" HEIGHT="28" WC="0.96" CONTENT="öfrigt"/><SP WIDTH="13" VPOS="1105" HPOS="801"/>
							<String ID="string_318" HPOS="814" VPOS="1105" WIDTH="30" HEIGHT="48" WC="0.92" CONTENT="på"/><SP WIDTH="16" VPOS="1105" HPOS="844"/>
							<String ID="string_319" HPOS="860" VPOS="1106" WIDTH="52" HEIGHT="20" WC="0.96" CONTENT="intet"/><SP WIDTH="16" VPOS="1106" HPOS="912"/>
							<String ID="string_320" HPOS="928" VPOS="1108" WIDTH="42" HEIGHT="18" WC="0.96" CONTENT="sätt"/>
						</TextLine>
						<TextLine ID="line_32" HPOS="143" VPOS="1133" WIDTH="827" HEIGHT="29">
							<String ID="string_321" HPOS="143" VPOS="1133" WIDTH="104" HEIGHT="26" WC="0.92" CONTENT="betviflar,"/><SP WIDTH="22" VPOS="1133" HPOS="247"/>
							<String ID="string_322" HPOS="269" VPOS="1137" WIDTH="75" HEIGHT="24" WC="0.96" CONTENT="genast"/><SP WIDTH="23" VPOS="1137" HPOS="344"/>
							<String ID="string_323" HPOS="367" VPOS="1135" WIDTH="68" HEIGHT="20" WC="0.92" CONTENT="skulle"/><SP WIDTH="21" VPOS="1135" HPOS="435"/>
							<String ID="string_324" HPOS="456" VPOS="1134" WIDTH="71" HEIGHT="21" WC="0.90" CONTENT="skrida"/><SP WIDTH="16" VPOS="1134" HPOS="527"/>
							<String ID="string_325" HPOS="543" VPOS="1133" WIDTH="35" HEIGHT="22" WC="0.95" CONTENT="till"/><SP WIDTH="12" VPOS="1133" HPOS="578"/>
							<String ID="string_326" HPOS="590" VPOS="1133" WIDTH="73" HEIGHT="22" WC="0.96" CONTENT="beslut"/><SP WIDTH="13" VPOS="1133" HPOS="663"/>
							<String ID="string_327" HPOS="676" VPOS="1136" WIDTH="5" HEIGHT="19" WC="0.95" CONTENT="i"/><SP WIDTH="18" VPOS="1136" HPOS="681"/>
							<String ID="string_328" HPOS="699" VPOS="1135" WIDTH="83" HEIGHT="26" WC="0.90" CONTENT="frågan."/><SP WIDTH="57" VPOS="1135" HPOS="782"/>
							<String ID="string_329" HPOS="839" VPOS="1133" WIDTH="38" HEIGHT="21" WC="0.96" CONTENT="sak"/><SP WIDTH="15" VPOS="1133" HPOS="877"/>
							<String ID="string_330" HPOS="892" VPOS="1136" WIDTH="23" HEIGHT="18" WC="0.96" CONTENT="är"/><SP WIDTH="14" VPOS="1136" HPOS="915"/>
							<String ID="string_331" HPOS="929" VPOS="1135" WIDTH="41" HEIGHT="27" WC="0.96" CONTENT="jag,"/>
						</TextLine>
						<TextLine ID="line_33" HPOS="143" VPOS="1161" WIDTH="550" HEIGHT="30">
							<String ID="string_332" HPOS="143" VPOS="1169" WIDTH="44" HEIGHT="13" WC="0.88" CONTENT="som"/><SP WIDTH="17" VPOS="1169" HPOS="187"/>
							<String ID="string_333" HPOS="204" VPOS="1161" WIDTH="69" HEIGHT="27" WC="0.88" CONTENT="sagdt,"/><SP WIDTH="15" VPOS="1161" HPOS="273"/>
							<String ID="string_334" HPOS="288" VPOS="1162" WIDTH="130" HEIGHT="28" WC="0.96" CONTENT="fullkomligt"/><SP WIDTH="16" VPOS="1162" HPOS="418"/>
							<String ID="string_335" HPOS="434" VPOS="1171" WIDTH="49" HEIGHT="12" WC="0.95" CONTENT="ense"/><SP WIDTH="16" VPOS="1171" HPOS="483"/>
							<String ID="string_336" HPOS="499" VPOS="1163" WIDTH="49" HEIGHT="20" WC="0.96" CONTENT="med"/><SP WIDTH="16" VPOS="1163" HPOS="548"/>
							<String ID="string_337" HPOS="564" VPOS="1163" WIDTH="24" HEIGHT="20" WC="0.93" CONTENT="hr"/><SP WIDTH="15" VPOS="1163" HPOS="588"/>
							<String ID="string_338" HPOS="603" VPOS="1163" WIDTH="90" HEIGHT="28" WC="0.91" CONTENT="Elving:"/>
						</TextLine>
					</TextBlock>
				</ComposedBlock>
				<Illustration ID="cblock_7" HPOS="571" VPOS="1049" WIDTH="39" HEIGHT="21"></Illustration>
				<Illustration ID="cblock_8" HPOS="648" VPOS="1115" WIDTH="7" HEIGHT="4"></Illustration>
				<ComposedBlock ID="cblock_9" HPOS="141" VPOS="1219" WIDTH="831" HEIGHT="311">
					<TextBlock ID="block_4" HPOS="141" VPOS="1219" WIDTH="831" HEIGHT="311">
						<TextLine ID="line_34" HPOS="212" VPOS="1219" WIDTH="758" HEIGHT="28">
							<String ID="string_339" HPOS="212" VPOS="1219" WIDTH="33" HEIGHT="20" WC="0.96" CONTENT="Hr"/><SP WIDTH="17" VPOS="1219" HPOS="245"/>
							<String ID="string_340" HPOS="262" VPOS="1219" WIDTH="103" HEIGHT="20" WC="0.92" CONTENT="Heikel:"/><SP WIDTH="32" VPOS="1219" HPOS="365"/>
							<String ID="string_341" HPOS="397" VPOS="1220" WIDTH="73" HEIGHT="21" WC="0.90" CONTENT="Afven"/><SP WIDTH="20" VPOS="1220" HPOS="470"/>
							<String ID="string_342" HPOS="490" VPOS="1221" WIDTH="40" HEIGHT="26" WC="0.95" CONTENT="jag,"/><SP WIDTH="22" VPOS="1221" HPOS="530"/>
							<String ID="string_343" HPOS="552" VPOS="1220" WIDTH="88" HEIGHT="21" WC="0.96" CONTENT="likasom"/><SP WIDTH="17" VPOS="1220" HPOS="640"/>
							<String ID="string_344" HPOS="657" VPOS="1221" WIDTH="26" HEIGHT="20" WC="0.96" CONTENT="hr"/><SP WIDTH="16" VPOS="1221" HPOS="683"/>
							<String ID="string_345" HPOS="699" VPOS="1219" WIDTH="86" HEIGHT="28" WC="0.96" CONTENT="Elving,"/><SP WIDTH="15" VPOS="1219" HPOS="785"/>
							<String ID="string_346" HPOS="800" VPOS="1219" WIDTH="38" HEIGHT="20" WC="0.96" CONTENT="ber"/><SP WIDTH="16" VPOS="1219" HPOS="838"/>
							<String ID="string_347" HPOS="854" VPOS="1222" WIDTH="29" HEIGHT="17" WC="0.96" CONTENT="att"/><SP WIDTH="17" VPOS="1222" HPOS="883"/>
							<String ID="string_348" HPOS="900" VPOS="1219" WIDTH="22" HEIGHT="20" WC="0.93" CONTENT="få"/><SP WIDTH="16" VPOS="1219" HPOS="922"/>
							<String ID="string_349" HPOS="938" VPOS="1222" WIDTH="32" HEIGHT="17" WC="0.93" CONTENT="ut-"/>
						</TextLine>
						<TextLine ID="line_35" HPOS="142" VPOS="1247" WIDTH="828" HEIGHT="28">
							<String ID="string_350" HPOS="142" VPOS="1247" WIDTH="42" HEIGHT="20" WC="0.96" CONTENT="tala"/><SP WIDTH="16" VPOS="1247" HPOS="184"/>
							<String ID="string_351" HPOS="200" VPOS="1247" WIDTH="43" HEIGHT="21" WC="0.93" CONTENT="min"/><SP WIDTH="17" VPOS="1247" HPOS="243"/>
							<String ID="string_352" HPOS="260" VPOS="1247" WIDTH="79" HEIGHT="28" WC="0.91" CONTENT="fägnad"/><SP WIDTH="17" VPOS="1247" HPOS="339"/>
							<String ID="string_353" HPOS="356" VPOS="1247" WIDTH="62" HEIGHT="21" WC="0.93" CONTENT="öfver"/><SP WIDTH="15" VPOS="1247" HPOS="418"/>
							<String ID="string_354" HPOS="433" VPOS="1248" WIDTH="36" HEIGHT="21" WC="0.93" CONTENT="det"/><SP WIDTH="15" VPOS="1248" HPOS="469"/>
							<String ID="string_355" HPOS="484" VPOS="1248" WIDTH="184" HEIGHT="27" WC="0.96" CONTENT="tillmötesgående"/><SP WIDTH="17" VPOS="1248" HPOS="668"/>
							<String ID="string_356" HPOS="685" VPOS="1248" WIDTH="37" HEIGHT="20" WC="0.93" CONTENT="det"/><SP WIDTH="16" VPOS="1248" HPOS="722"/>
							<String ID="string_357" HPOS="738" VPOS="1247" WIDTH="132" HEIGHT="27" WC="0.91" CONTENT="högvördiga"/><SP WIDTH="16" VPOS="1247" HPOS="870"/>
							<String ID="string_358" HPOS="886" VPOS="1247" WIDTH="84" HEIGHT="21" WC="0.96" CONTENT="ståndet"/>
						</TextLine>
						<TextLine ID="line_36" HPOS="142" VPOS="1275" WIDTH="829" HEIGHT="30">
							<String ID="string_359" HPOS="142" VPOS="1275" WIDTH="6" HEIGHT="20" WC="0.96" CONTENT="i"/><SP WIDTH="21" VPOS="1275" HPOS="148"/>
							<String ID="string_360" HPOS="169" VPOS="1275" WIDTH="71" HEIGHT="21" WC="0.92" CONTENT="denna"/><SP WIDTH="22" VPOS="1275" HPOS="240"/>
							<String ID="string_361" HPOS="262" VPOS="1275" WIDTH="62" HEIGHT="28" WC="0.91" CONTENT="fräga"/><SP WIDTH="24" VPOS="1275" HPOS="324"/>
							<String ID="string_362" HPOS="348" VPOS="1277" WIDTH="55" HEIGHT="20" WC="0.96" CONTENT="visat"/><SP WIDTH="23" VPOS="1277" HPOS="403"/>
							<String ID="string_363" HPOS="426" VPOS="1282" WIDTH="44" HEIGHT="15" WC="0.96" CONTENT="mot"/><SP WIDTH="22" VPOS="1282" HPOS="470"/>
							<String ID="string_364" HPOS="492" VPOS="1276" WIDTH="40" HEIGHT="21" WC="0.96" CONTENT="den"/><SP WIDTH="18" VPOS="1276" HPOS="532"/>
							<String ID="string_365" HPOS="550" VPOS="1277" WIDTH="145" HEIGHT="28" WC="0.95" CONTENT="uppfattning,"/><SP WIDTH="17" VPOS="1277" HPOS="695"/>
							<String ID="string_366" HPOS="712" VPOS="1283" WIDTH="45" HEIGHT="14" WC="0.93" CONTENT="som"/><SP WIDTH="17" VPOS="1283" HPOS="757"/>
							<String ID="string_367" HPOS="774" VPOS="1275" WIDTH="59" HEIGHT="21" WC="0.90" CONTENT="säväl"/><SP WIDTH="16" VPOS="1275" HPOS="833"/>
							<String ID="string_368" HPOS="849" VPOS="1275" WIDTH="36" HEIGHT="21" WC="0.96" CONTENT="vid"/><SP WIDTH="16" VPOS="1275" HPOS="885"/>
							<String ID="string_369" HPOS="901" VPOS="1275" WIDTH="70" HEIGHT="21" WC="0.96" CONTENT="denna"/>
						</TextLine>
						<TextLine ID="line_37" HPOS="142" VPOS="1303" WIDTH="828" HEIGHT="30">
							<String ID="string_370" HPOS="142" VPOS="1311" WIDTH="46" HEIGHT="12" WC="0.93" CONTENT="som"/><SP WIDTH="16" VPOS="1311" HPOS="188"/>
							<String ID="string_371" HPOS="204" VPOS="1303" WIDTH="131" HEIGHT="28" WC="0.93" CONTENT="föregående"/><SP WIDTH="24" VPOS="1303" HPOS="335"/>
							<String ID="string_372" HPOS="359" VPOS="1305" WIDTH="126" HEIGHT="27" WC="0.91" CONTENT="landtdagar"/><SP WIDTH="15" VPOS="1305" HPOS="485"/>
							<String ID="string_373" HPOS="500" VPOS="1305" WIDTH="59" HEIGHT="28" WC="0.92" CONTENT="hysts"/><SP WIDTH="16" VPOS="1305" HPOS="559"/>
							<String ID="string_374" HPOS="575" VPOS="1305" WIDTH="23" HEIGHT="20" WC="0.96" CONTENT="af"/><SP WIDTH="14" VPOS="1305" HPOS="598"/>
							<String ID="string_375" HPOS="612" VPOS="1305" WIDTH="25" HEIGHT="21" WC="0.96" CONTENT="R."/><SP WIDTH="16" VPOS="1305" HPOS="637"/>
							<String ID="string_376" HPOS="653" VPOS="1313" WIDTH="19" HEIGHT="13" WC="0.61" CONTENT="0."/><SP WIDTH="18" VPOS="1313" HPOS="672"/>
							<String ID="string_377" HPOS="690" VPOS="1305" WIDTH="27" HEIGHT="20" WC="0.96" CONTENT="A."/><SP WIDTH="16" VPOS="1305" HPOS="717"/>
							<String ID="string_378" HPOS="733" VPOS="1304" WIDTH="41" HEIGHT="21" WC="0.93" CONTENT="och"/><SP WIDTH="16" VPOS="1304" HPOS="774"/>
							<String ID="string_379" HPOS="790" VPOS="1303" WIDTH="180" HEIGHT="28" WC="0.92" CONTENT="borgareständet."/>
						</TextLine>
						<TextLine ID="line_38" HPOS="142" VPOS="1331" WIDTH="829" HEIGHT="30">
							<String ID="string_380" HPOS="142" VPOS="1331" WIDTH="42" HEIGHT="28" WC="0.95" CONTENT="Jag"/><SP WIDTH="24" VPOS="1331" HPOS="184"/>
							<String ID="string_381" HPOS="208" VPOS="1331" WIDTH="37" HEIGHT="21" WC="0.93" CONTENT="ber"/><SP WIDTH="16" VPOS="1331" HPOS="245"/>
							<String ID="string_382" HPOS="261" VPOS="1332" WIDTH="64" HEIGHT="21" WC="0.96" CONTENT="äfven"/><SP WIDTH="16" VPOS="1332" HPOS="325"/>
							<String ID="string_383" HPOS="341" VPOS="1335" WIDTH="31" HEIGHT="18" WC="0.92" CONTENT="att"/><SP WIDTH="15" VPOS="1335" HPOS="372"/>
							<String ID="string_384" HPOS="387" VPOS="1333" WIDTH="23" HEIGHT="20" WC="0.93" CONTENT="få"/><SP WIDTH="16" VPOS="1333" HPOS="410"/>
							<String ID="string_385" HPOS="426" VPOS="1333" WIDTH="128" HEIGHT="21" WC="0.91" CONTENT="understöda"/><SP WIDTH="17" VPOS="1333" HPOS="554"/>
							<String ID="string_386" HPOS="571" VPOS="1333" WIDTH="102" HEIGHT="28" WC="0.95" CONTENT="förslaget"/><SP WIDTH="18" VPOS="1333" HPOS="673"/>
							<String ID="string_387" HPOS="691" VPOS="1336" WIDTH="32" HEIGHT="17" WC="0.93" CONTENT="att"/><SP WIDTH="16" VPOS="1336" HPOS="723"/>
							<String ID="string_388" HPOS="739" VPOS="1332" WIDTH="85" HEIGHT="21" WC="0.96" CONTENT="ståndet"/><SP WIDTH="17" VPOS="1332" HPOS="824"/>
							<String ID="string_389" HPOS="841" VPOS="1332" WIDTH="130" HEIGHT="21" WC="0.87" CONTENT="omedelbart"/>
						</TextLine>
						<TextLine ID="line_39" HPOS="142" VPOS="1359" WIDTH="828" HEIGHT="30">
							<String ID="string_390" HPOS="142" VPOS="1359" WIDTH="50" HEIGHT="22" WC="0.92" CONTENT="ville"/><SP WIDTH="21" VPOS="1359" HPOS="192"/>
							<String ID="string_391" HPOS="213" VPOS="1363" WIDTH="78" HEIGHT="25" WC="0.95" CONTENT="antaga"/><SP WIDTH="16" VPOS="1363" HPOS="291"/>
							<String ID="string_392" HPOS="307" VPOS="1360" WIDTH="41" HEIGHT="21" WC="0.93" CONTENT="den"/><SP WIDTH="16" VPOS="1360" HPOS="348"/>
							<String ID="string_393" HPOS="364" VPOS="1361" WIDTH="75" HEIGHT="28" WC="0.93" CONTENT="gjorda"/><SP WIDTH="15" VPOS="1361" HPOS="439"/>
							<String ID="string_394" HPOS="454" VPOS="1361" WIDTH="159" HEIGHT="28" WC="0.62" CONTENT="inbjudningen."/><SP WIDTH="30" VPOS="1361" HPOS="613"/>
							<String ID="string_395" HPOS="643" VPOS="1361" WIDTH="81" HEIGHT="21" WC="0.92" CONTENT="Därtill"/><SP WIDTH="16" VPOS="1361" HPOS="724"/>
							<String ID="string_396" HPOS="740" VPOS="1361" WIDTH="67" HEIGHT="21" WC="0.96" CONTENT="finnes"/><SP WIDTH="17" VPOS="1361" HPOS="807"/>
							<String ID="string_397" HPOS="824" VPOS="1361" WIDTH="35" HEIGHT="21" WC="0.96" CONTENT="det"/><SP WIDTH="17" VPOS="1361" HPOS="859"/>
							<String ID="string_398" HPOS="876" VPOS="1360" WIDTH="22" HEIGHT="21" WC="0.93" CONTENT="sä"/><SP WIDTH="17" VPOS="1360" HPOS="898"/>
							<String ID="string_399" HPOS="915" VPOS="1368" WIDTH="55" HEIGHT="20" WC="0.80" CONTENT="myc-"/>
						</TextLine>
						<TextLine ID="line_40" HPOS="142" VPOS="1388" WIDTH="830" HEIGHT="30">
							<String ID="string_400" HPOS="142" VPOS="1388" WIDTH="36" HEIGHT="20" WC="0.92" CONTENT="ket"/><SP WIDTH="16" VPOS="1388" HPOS="178"/>
							<String ID="string_401" HPOS="194" VPOS="1396" WIDTH="58" HEIGHT="13" WC="0.95" CONTENT="mera"/><SP WIDTH="17" VPOS="1396" HPOS="252"/>
							<String ID="string_402" HPOS="269" VPOS="1389" WIDTH="52" HEIGHT="25" WC="0.95" CONTENT="skäl,"/><SP WIDTH="16" VPOS="1389" HPOS="321"/>
							<String ID="string_403" HPOS="337" VPOS="1397" WIDTH="45" HEIGHT="13" WC="0.96" CONTENT="som"/><SP WIDTH="17" VPOS="1397" HPOS="382"/>
							<String ID="string_404" HPOS="399" VPOS="1390" WIDTH="36" HEIGHT="20" WC="0.95" CONTENT="det"/><SP WIDTH="15" VPOS="1390" HPOS="435"/>
							<String ID="string_405" HPOS="450" VPOS="1390" WIDTH="37" HEIGHT="21" WC="0.96" CONTENT="här"/><SP WIDTH="15" VPOS="1390" HPOS="487"/>
							<String ID="string_406" HPOS="502" VPOS="1390" WIDTH="37" HEIGHT="21" WC="0.93" CONTENT="har"/><SP WIDTH="15" VPOS="1390" HPOS="539"/>
							<String ID="string_407" HPOS="554" VPOS="1391" WIDTH="97" HEIGHT="27" WC="0.92" CONTENT="upplysts"/><SP WIDTH="17" VPOS="1391" HPOS="651"/>
							<String ID="string_408" HPOS="668" VPOS="1393" WIDTH="32" HEIGHT="18" WC="0.93" CONTENT="att"/><SP WIDTH="14" VPOS="1393" HPOS="700"/>
							<String ID="string_409" HPOS="714" VPOS="1389" WIDTH="158" HEIGHT="21" WC="0.93" CONTENT="bondeständet"/><SP WIDTH="14" VPOS="1389" HPOS="872"/>
							<String ID="string_410" HPOS="886" VPOS="1389" WIDTH="86" HEIGHT="27" WC="0.90" CONTENT="afslagit"/>
						</TextLine>
						<TextLine ID="line_41" HPOS="142" VPOS="1416" WIDTH="828" HEIGHT="30">
							<String ID="string_411" HPOS="142" VPOS="1416" WIDTH="25" HEIGHT="22" WC="0.94" CONTENT="R."/><SP WIDTH="24" VPOS="1416" HPOS="167"/>
							<String ID="string_412" HPOS="191" VPOS="1424" WIDTH="18" HEIGHT="13" WC="0.80" CONTENT="0."/><SP WIDTH="25" VPOS="1424" HPOS="209"/>
							<String ID="string_413" HPOS="234" VPOS="1417" WIDTH="37" HEIGHT="21" WC="0.93" CONTENT="A:s"/><SP WIDTH="24" VPOS="1417" HPOS="271"/>
							<String ID="string_414" HPOS="295" VPOS="1418" WIDTH="133" HEIGHT="28" WC="0.91" CONTENT="inbjudning."/><SP WIDTH="29" VPOS="1418" HPOS="428"/>
							<String ID="string_415" HPOS="457" VPOS="1418" WIDTH="42" HEIGHT="21" WC="0.96" CONTENT="Det"/><SP WIDTH="24" VPOS="1418" HPOS="499"/>
							<String ID="string_416" HPOS="523" VPOS="1420" WIDTH="22" HEIGHT="19" WC="0.96" CONTENT="är"/><SP WIDTH="15" VPOS="1420" HPOS="545"/>
							<String ID="string_417" HPOS="560" VPOS="1419" WIDTH="106" HEIGHT="26" WC="0.96" CONTENT="nämligen"/><SP WIDTH="18" VPOS="1419" HPOS="666"/>
							<String ID="string_418" HPOS="684" VPOS="1418" WIDTH="57" HEIGHT="21" WC="0.96" CONTENT="klart"/><SP WIDTH="16" VPOS="1418" HPOS="741"/>
							<String ID="string_419" HPOS="757" VPOS="1421" WIDTH="30" HEIGHT="17" WC="0.93" CONTENT="att"/><SP WIDTH="17" VPOS="1421" HPOS="787"/>
							<String ID="string_420" HPOS="804" VPOS="1417" WIDTH="166" HEIGHT="29" WC="0.93" CONTENT="prästeständets"/>
						</TextLine>
						<TextLine ID="line_42" HPOS="141" VPOS="1445" WIDTH="830" HEIGHT="29">
							<String ID="string_421" HPOS="141" VPOS="1445" WIDTH="31" HEIGHT="20" WC="0.94" CONTENT="till"/><SP WIDTH="25" VPOS="1445" HPOS="172"/>
							<String ID="string_422" HPOS="197" VPOS="1452" WIDTH="35" HEIGHT="14" WC="0.93" CONTENT="oss"/><SP WIDTH="24" VPOS="1452" HPOS="232"/>
							<String ID="string_423" HPOS="256" VPOS="1446" WIDTH="126" HEIGHT="20" WC="0.91" CONTENT="framstälda"/><SP WIDTH="23" VPOS="1446" HPOS="382"/>
							<String ID="string_424" HPOS="405" VPOS="1447" WIDTH="126" HEIGHT="27" WC="0.48" CONTENT="inbjudning"/><SP WIDTH="17" VPOS="1447" HPOS="531"/>
							<String ID="string_425" HPOS="548" VPOS="1447" WIDTH="64" HEIGHT="21" WC="0.93" CONTENT="äfven"/><SP WIDTH="16" VPOS="1447" HPOS="612"/>
							<String ID="string_426" HPOS="628" VPOS="1447" WIDTH="117" HEIGHT="21" WC="0.92" CONTENT="framföres"/><SP WIDTH="16" VPOS="1447" HPOS="745"/>
							<String ID="string_427" HPOS="761" VPOS="1446" WIDTH="31" HEIGHT="21" WC="0.93" CONTENT="till"/><SP WIDTH="18" VPOS="1446" HPOS="792"/>
							<String ID="string_428" HPOS="810" VPOS="1445" WIDTH="161" HEIGHT="21" WC="0.96" CONTENT="bondeståndet."/>
						</TextLine>
						<TextLine ID="line_43" HPOS="142" VPOS="1473" WIDTH="829" HEIGHT="30">
							<String ID="string_429" HPOS="142" VPOS="1473" WIDTH="86" HEIGHT="27" WC="0.96" CONTENT="Frågan"/><SP WIDTH="20" VPOS="1473" HPOS="228"/>
							<String ID="string_430" HPOS="248" VPOS="1475" WIDTH="23" HEIGHT="19" WC="0.91" CONTENT="är"/><SP WIDTH="22" VPOS="1475" HPOS="271"/>
							<String ID="string_431" HPOS="293" VPOS="1474" WIDTH="83" HEIGHT="21" WC="0.95" CONTENT="således"/><SP WIDTH="23" VPOS="1474" HPOS="376"/>
							<String ID="string_432" HPOS="399" VPOS="1475" WIDTH="39" HEIGHT="21" WC="0.95" CONTENT="där"/><SP WIDTH="20" VPOS="1475" HPOS="438"/>
							<String ID="string_433" HPOS="458" VPOS="1477" WIDTH="55" HEIGHT="19" WC="0.91" CONTENT="ännu"/><SP WIDTH="21" VPOS="1477" HPOS="513"/>
							<String ID="string_434" HPOS="534" VPOS="1477" WIDTH="69" HEIGHT="26" WC="0.96" CONTENT="öppen"/><SP WIDTH="17" VPOS="1477" HPOS="603"/>
							<String ID="string_435" HPOS="620" VPOS="1476" WIDTH="40" HEIGHT="20" WC="0.93" CONTENT="och"/><SP WIDTH="15" VPOS="1476" HPOS="660"/>
							<String ID="string_436" HPOS="675" VPOS="1475" WIDTH="38" HEIGHT="21" WC="0.96" CONTENT="får"/><SP WIDTH="15" VPOS="1475" HPOS="713"/>
							<String ID="string_437" HPOS="728" VPOS="1474" WIDTH="164" HEIGHT="26" WC="0.96" CONTENT="bondeståndet,"/><SP WIDTH="15" VPOS="1474" HPOS="892"/>
							<String ID="string_438" HPOS="907" VPOS="1475" WIDTH="64" HEIGHT="20" WC="0.96" CONTENT="innan"/>
						</TextLine>
						<TextLine ID="line_44" HPOS="142" VPOS="1501" WIDTH="829" HEIGHT="29">
							<String ID="string_439" HPOS="142" VPOS="1501" WIDTH="36" HEIGHT="21" WC="0.91" CONTENT="det"/><SP WIDTH="24" VPOS="1501" HPOS="178"/>
							<String ID="string_440" HPOS="202" VPOS="1502" WIDTH="64" HEIGHT="20" WC="0.84" CONTENT="fattät"/><SP WIDTH="23" VPOS="1502" HPOS="266"/>
							<String ID="string_441" HPOS="289" VPOS="1503" WIDTH="36" HEIGHT="20" WC="0.96" CONTENT="sitt"/><SP WIDTH="21" VPOS="1503" HPOS="325"/>
							<String ID="string_442" HPOS="346" VPOS="1504" WIDTH="52" HEIGHT="20" WC="0.96" CONTENT="sista"/><SP WIDTH="16" VPOS="1504" HPOS="398"/>
							<String ID="string_443" HPOS="414" VPOS="1504" WIDTH="69" HEIGHT="20" WC="0.96" CONTENT="beslut"/><SP WIDTH="17" VPOS="1504" HPOS="483"/>
							<String ID="string_444" HPOS="500" VPOS="1504" WIDTH="4" HEIGHT="20" WC="0.96" CONTENT="i"/><SP WIDTH="16" VPOS="1504" HPOS="504"/>
							<String ID="string_445" HPOS="520" VPOS="1504" WIDTH="82" HEIGHT="26" WC="0.96" CONTENT="frågan,"/><SP WIDTH="16" VPOS="1504" HPOS="602"/>
							<String ID="string_446" HPOS="618" VPOS="1504" WIDTH="51" HEIGHT="20" WC="0.95" CONTENT="höra"/><SP WIDTH="17" VPOS="1504" HPOS="669"/>
							<String ID="string_447" HPOS="686" VPOS="1507" WIDTH="33" HEIGHT="17" WC="0.96" CONTENT="att"/><SP WIDTH="15" VPOS="1507" HPOS="719"/>
							<String ID="string_448" HPOS="734" VPOS="1506" WIDTH="32" HEIGHT="18" WC="0.96" CONTENT="tre"/><SP WIDTH="16" VPOS="1506" HPOS="766"/>
							<String ID="string_449" HPOS="782" VPOS="1502" WIDTH="63" HEIGHT="21" WC="0.95" CONTENT="stånd"/><SP WIDTH="17" VPOS="1502" HPOS="845"/>
							<String ID="string_450" HPOS="862" VPOS="1506" WIDTH="59" HEIGHT="17" WC="0.90" CONTENT="enats"/><SP WIDTH="16" VPOS="1506" HPOS="921"/>
							<String ID="string_451" HPOS="937" VPOS="1510" WIDTH="34" HEIGHT="14" WC="0.97" CONTENT="om"/>
						</TextLine>
					</TextBlock>
				</ComposedBlock>
				<Illustration ID="cblock_10" HPOS="795" VPOS="1249" WIDTH="25" HEIGHT="18"></Illustration>
				<Illustration ID="cblock_11" HPOS="503" VPOS="1335" WIDTH="24" HEIGHT="18"></Illustration>
				<Illustration ID="cblock_12" HPOS="420" VPOS="1455" WIDTH="21" HEIGHT="12"></Illustration>
			</PrintSpace>
		</Page>
	</Layout>
</alto>
