1017 1731
170 108 42 20 862
391 112 179 22 Borgareståndet
584 113 54 17 1891.
662 114 14 15 4
689 113 47 20 maj.

145 192 81 21 skänka
241 192 80 21 sådana
335 193 82 27 företag
433 195 29 18 ett
477 193 108 20 värksamt
600 192 90 27 bistånd,
706 192 102 21 hvarmed
823 193 36 27 jag
873 193 47 20 icke
936 193 42 20 kan

144 221 66 20 förstå
233 223 65 19 annat
320 223 26 18 än
362 221 230 27 penningeunderstöd,
608 227 49 15 vare
673 221 33 26 sig
721 221 7 20 i
743 221 55 20 form
814 221 21 20 af
850 221 82 21 direkta
948 222 30 20 bi-

145 250 52 25 drag
220 249 52 21 eller
295 249 64 21 också
381 250 21 20 af
424 250 73 27 billiga
519 249 53 21 eller
586 249 101 21 räntefria
702 249 41 20 lån.
773 249 34 20 Då
822 251 23 18 är
860 249 35 21 det
910 250 23 27 ju
948 252 30 18 att

144 278 80 27 hoppas
240 281 31 18 att
285 278 32 20 för
332 278 56 21 hvad
404 278 121 21 därutöfver
548 278 113 26 tillskjutes
683 277 68 28 skälig
766 279 60 19 ränta
842 278 53 20 skall
911 278 67 21 erhål-

144 307 38 20 las.
212 306 42 21 Det
275 308 28 25 är,
325 307 70 20 såsom
416 307 25 20 hr
455 306 105 27 Hallberg
575 307 38 20 har
628 306 96 27 påpekat,
740 306 68 21 bättre
823 308 30 19 att
867 307 47 20 icke
930 309 48 24 taga

145 336 30 19 ett
190 337 46 25 steg
250 335 83 26 framåt,
347 341 45 14 som
408 341 50 14 man
474 335 101 26 möjligen
590 334 67 21 måste
671 334 99 27 återtaga,
783 336 51 19 utan
845 335 65 20 hällre
919 335 59 27 börja

144 363 28 27 på
186 369 27 15 en
229 363 69 27 stadig
314 363 37 20 bas
367 363 39 20 och
421 363 65 21 sedan
502 369 23 15 se
540 363 32 20 till
589 363 85 21 hvilken
691 363 128 27 utveckling,
835 369 45 14 som
892 365 23 18 är
925 364 52 26 möj-

144 392 35 27 lig.
210 392 42 27 Jag
267 393 43 19 tror
325 393 30 19 att
371 391 34 21 det
421 392 69 20 under
505 391 132 22 närvarande
652 391 148 21 förhållanden
816 393 23 19 är
854 392 30 20 alt
894 392 43 20 skäl
948 393 29 19 att

144 420 74 21 befara
233 421 31 20 att
279 426 27 14 en
320 420 139 21 lånerörelses
475 420 138 21 bedrifvande
635 420 21 20 af
671 420 245 27 warrantsinrättningar
931 420 47 21 icke

145 449 69 20 skulle
236 449 73 20 kunna
332 449 95 20 medföra
443 451 82 18 ensamt
541 449 55 26 goda
609 449 83 26 följder.
723 448 42 21 Det
779 449 39 20 har
832 449 66 20 redan
913 449 64 20 fram-

144 477 71 20 hållits
238 479 36 24 att,
297 483 34 14 om
354 477 245 27 warrantsinrättningar
617 477 60 20 skola
693 477 85 20 baseras
794 477 26 27 på
844 479 29 18 ett
888 477 22 20 så
926 479 52 18 stort

145 507 48 26 eget
216 505 85 28 kapital,
324 507 30 19 att
377 505 26 21 de
418 506 49 20 med
483 512 54 21 egna
551 505 71 21 medel
637 505 74 21 kunna
726 505 97 21 bedrifva
838 505 69 21 denna
923 505 54 21 utlä-

145 534 57 27 ning,
219 534 35 21 det
270 534 53 21 skall
339 534 66 20 blifva
420 536 57 19 ännu
493 534 84 20 svärare
593 536 27 18 än
635 540 78 14 annars
729 536 30 18 att
774 534 21 20 fä
809 534 168 27 inrättningarna

145 562 31 21 till
200 562 67 22 ständ.
298 562 58 21 Skall
379 562 44 21 äter
446 562 124 28 utläningen
594 563 36 20 ske
653 562 50 21 med
727 562 119 27 upplänade
862 563 76 25 medel,
954 562 23 21 sä

144 591 123 21 förutsätter
289 591 57 21 detta
369 598 26 14 en
417 591 119 21 institution
557 591 40 21 och
619 591 143 27 organisation
784 591 88 27 ungefär
887 591 89 21 likartad

145 626 45 14 som
207 626 26 14 en
248 620 174 26 bankinrättning
437 620 39 20 och
491 620 90 20 sälunda
596 620 86 26 mycket
698 619 99 21 kostsam.

214 647 42 21 Det
271 648 38 20 har
324 648 63 21 ocksä
402 648 7 20 i
425 648 101 21 utskottet
541 648 100 27 päpekats
656 649 31 19 att
702 649 30 19 ett
747 648 186 26 warrantmagasin
944 648 33 20 för

145 678 30 18 att
190 676 74 20 kunna
279 678 93 25 mottaga
393 676 142 28 depositioner
559 676 121 27 antagligen
697 676 69 20 skulle
781 676 21 20 få
817 676 31 20 lof
863 678 29 18 att
907 676 69 20 betala

145 711 27 14 en
195 705 65 27 högre
282 706 60 19 ränta
357 707 25 18 än
399 711 27 14 en
441 705 174 27 bankinrättning
630 704 104 21 behöfver
749 704 85 28 erlägga
849 704 32 20 för
896 704 32 20 sin
944 704 32 20 in-

145 733 79 27 låning,
239 735 24 24 ty
277 733 65 27 ingen
357 733 68 21 skulle
441 734 34 20 väl
491 736 64 24 gärna
571 740 50 13 vara
641 733 79 21 frestad
737 735 30 18 att
781 733 49 20 låna
846 732 20 21 åt
882 739 25 14 en
923 739 52 14 war-

145 762 176 26 rantsinrättning
337 768 34 14 om
387 762 41 20 han
444 762 47 20 icke
506 762 100 20 lockades
622 761 70 21 därtill
709 762 20 20 af
746 761 66 21 bättre
828 761 105 21 förmåner
949 763 24 18 än

144 790 43 20 han
202 790 43 20 kan
261 790 80 20 erhålla
356 790 21 20 af
393 790 50 21 våra
458 792 65 19 större
540 790 39 21 och
601 790 92 20 solidare
709 790 86 20 banker.
826 789 40 21 Om
881 796 26 14 en
924 796 52 14 war-

145 818 175 27 rantsinrättning
334 818 52 21 skall
403 818 69 21 betala
487 825 58 14 mera
560 819 33 20 för
608 819 46 20 sina
670 818 144 27 depositioner
829 820 26 18 än
872 824 25 14 en
913 818 63 26 bank,

144 846 23 20 sä
188 847 60 20 torde
271 847 34 20 väl
321 847 126 21 differensen
462 847 79 21 mellan
555 847 32 20 in-
603 847 38 20 och
657 846 171 27 utläningsränta
842 846 46 21 icke
904 846 72 20 kunna

143 875 61 20 ställa
227 875 32 27 sig
281 876 92 20 särdeles
396 877 49 25 stor,
468 876 7 20 i
497 876 101 20 händelse
619 876 96 20 rörelsen
735 875 54 20 skall
805 874 105 21 bedrifvas
926 874 48 21 med

143 910 81 14 samma
240 904 98 26 soliditet,
354 910 45 14 som
415 910 27 14 en
455 904 175 26 bankinrättning
648 903 70 21 skulle
734 903 96 21 bedrifva
846 903 128 21 densamma.

142 932 31 26 Ty
196 932 50 21 vära
269 932 146 21 förhällanden
435 934 35 19 äro
494 932 22 21 sä
531 932 46 21 smä
593 935 29 18 att
637 932 159 27 kredittagaren
812 932 39 20 och
866 932 109 27 kreditgif-

143 967 65 14 varen
231 961 64 20 hafva
317 961 42 20 den
382 963 75 19 största
473 961 73 21 lätthet
561 963 30 18 att
606 961 96 27 uppsöka
717 960 125 27 hvarandra,
854 961 38 20 och
908 960 67 21 likasä

143 991 29 18 att
188 995 27 14 en
231 989 151 27 kreditgifvare
398 990 37 20 har
451 990 39 21 den
507 991 76 19 största
597 989 75 21 lätthet
687 991 31 18 att
733 989 90 21 förvissa
839 989 31 26 sig
884 995 33 14 om
929 991 46 18 vär-

143 1017 36 21 det
202 1018 21 20 af
246 1024 26 14 en
295 1018 103 27 erbjuden
419 1018 148 21 realsäkerhet.
597 1018 41 20 För
661 1019 30 20 att
703 1017 272 27 warrantsinrättningarna

143 1046 59 20 skola
217 1046 63 20 locka
295 1047 31 20 till
342 1047 32 26 sig
389 1047 89 26 kunder,
493 1047 67 20 mäste
577 1047 25 20 de
618 1047 53 20 altsä
687 1046 28 27 gä
729 1046 22 20 in
767 1045 27 28 pä
810 1046 41 20 den
866 1047 46 25 väg,
929 1052 46 14 som

143 1074 38 20 här
197 1075 89 26 tidigare
302 1075 91 26 antydts,
409 1075 19 20 d.
444 1082 18 13 v.
479 1082 14 13 s.
509 1077 30 18 att
554 1075 64 26 högre
635 1075 78 20 belåna
728 1081 90 14 varorna
826 1075 26 19 än
861 1074 113 21 bankerna.

142 1102 50 21 Men
208 1103 43 26 just
267 1103 57 20 detta
340 1109 55 21 vore,
412 1103 65 28 enligt
492 1104 45 19 min
551 1103 142 27 uppfattning,
710 1105 29 18 att
755 1103 69 20 drifva
839 1102 22 20 in
872 1102 64 21 saken
949 1102 27 27 pä

144 1137 26 14 en
193 1131 64 27 farlig
279 1133 45 26 väg.
354 1131 31 27 Ty
401 1132 41 20 den
458 1138 122 21 varuegare,
596 1138 51 20 som,
663 1132 34 20 för
713 1134 30 19 att
757 1131 23 20 fä
794 1133 24 18 ut
834 1131 34 20 det
884 1131 43 20 alra
943 1138 32 19 yt-

142 1162 66 18 tersta
230 1159 192 27 beläningsvärdet,
445 1160 68 21 skulle
535 1161 70 20 känna
622 1161 32 26 sig
676 1160 81 20 frestad
773 1161 30 19 att
818 1159 69 20 betala
903 1166 26 13 en
946 1160 20 19 öf

143 1188 115 21 verhöfvan
281 1190 44 19 stor
346 1190 66 25 ränta,
435 1189 19 20 d.
478 1196 17 13 v.
517 1195 14 14 s.
548 1195 26 14 en
590 1189 64 26 högre
670 1190 62 19 ränta
747 1190 27 19 än
790 1188 33 20 för
838 1187 64 21 sädan
919 1188 57 20 belä-

141 1216 53 27 ning
208 1217 8 19 i
232 1217 115 20 allmänhet
363 1219 22 18 är
401 1217 96 26 gällande
513 1218 6 19 i
535 1217 78 22 landet,
629 1217 126 27 spekulerar
773 1216 162 27 pätagligen'pä
948 1217 29 19 ett

141 1244 76 21 sädant
238 1247 47 24 sätt,
308 1247 30 18 att
359 1245 35 20 det
417 1245 68 21 skulle
507 1252 50 14 vara
579 1245 68 21 bättre
670 1251 37 15 om
729 1245 43 20 han
792 1245 31 20 als
838 1244 46 21 icke
900 1244 77 27 speku-

140 1273 78 20 lerade.

210 1301 42 21 Det
275 1303 62 26 utgör
357 1302 23 26 ju
396 1302 59 20 alltid
472 1309 27 14 en
515 1302 96 21 frestelse
626 1302 32 21 för
673 1301 127 27 magasinen
816 1303 30 18 att
860 1301 27 26 pä
902 1302 30 19 ett
947 1307 29 14 el-

141 1330 31 20 ler
188 1332 64 19 annat
269 1332 40 19 sätt
324 1337 72 20 gynna
412 1331 26 20 de
453 1331 106 26 insättare,
581 1337 46 14 som
643 1330 70 21 tillika
729 1329 103 28 uppträda
848 1329 69 20 säsom
932 1329 33 20 län

140 1360 72 24 tagare
235 1359 39 21 och
298 1359 57 20 detta
377 1359 64 21 borde
457 1359 23 27 ju
497 1359 126 21 ätminstone
638 1359 7 20 i
661 1359 76 27 början
753 1358 89 20 framför
857 1357 29 21 alt
902 1357 74 21 undvi-

140 1386 44 25 kas,
201 1387 26 26 pä
242 1388 36 20 det
293 1389 30 19 att
338 1387 47 21 icke
400 1388 271 26 warrantsinrättningarna
678 1388 76 26 genast
762 1386 60 21 skola
830 1386 50 20 räka
895 1386 7 20 i
917 1386 61 20 miss-

139 1414 75 21 kredit.
244 1416 31 26 Ty
293 1416 256 27 warrantsinrättningens
571 1416 111 27 framgäng
698 1415 55 21 skall
768 1415 35 20 väl
819 1415 50 20 bero
886 1414 75 21 hufvud

140 1443 102 27 sakligast
258 1444 65 26 därpä
339 1446 29 18 att
384 1444 40 20 den
441 1444 114 27 uppträder
570 1444 23 20 sä
609 1444 97 27 objektiv
723 1444 39 20 och
778 1443 27 21 fri
819 1443 47 20 frän
882 1442 96 21 anmärk-

140 1472 77 26 ningar
232 1472 7 19 i
255 1472 58 20 detta
329 1472 99 21 afseende
453 1479 45 14 som
514 1472 87 28 möjligt.
632 1472 57 26 Men,
707 1472 70 20 säsom
794 1471 66 28 sagdt,
876 1471 53 21 skall
945 1471 32 20 in-
