1017 1731
305 113 179 22 Borgareståndet
497 114 53 17 1891.
574 114 13 16 6
599 114 48 21 maj.
822 109 41 20 919

57 194 53 20 hans
126 193 31 21 till
173 193 47 21 dess
237 206 27 2 —
279 193 38 20 har
332 193 89 20 kommit
436 193 32 20 till
484 193 36 20 det
535 193 94 26 resultat,
644 194 30 19 att
689 193 26 20 de
731 193 75 27 anslag
821 194 21 20 af
852 194 36 21 be-

58 221 176 28 villningsmedel,
256 228 46 14 som
317 221 33 21 för
364 221 105 20 militären
491 221 107 26 behöfvas,
618 221 83 20 kunnat
716 221 108 21 nedsättas
838 222 50 20 med

58 250 109 27 1,112,000
190 249 66 22 mark.
286 249 130 28 Därigenom
438 249 64 21 hafva
525 249 90 21 sålunda
636 249 71 21 medel
731 249 68 21 blifvit
814 249 73 28 öfriga,

55 285 47 14 som
124 278 74 21 kunna
217 278 108 21 användas
348 278 32 21 för
395 277 67 21 andra
477 277 68 22 behof.
577 277 42 21 Vid
635 284 26 14 en
676 278 124 27 preliminär
814 278 73 27 kalkyl

55 307 33 20 för
102 307 105 26 ingående
230 306 159 27 budgetperiod,
408 306 105 27 uppgjord
534 306 21 21 af
575 312 27 15 en
617 306 121 27 delegation
752 306 59 21 inom
826 308 61 19 stats-

55 335 107 27 utskottet,
178 335 38 20 har
230 341 49 14 man
296 335 62 20 äfven
373 335 90 20 kommit
477 335 33 20 till
525 335 36 20 det
575 334 90 21 resultat
675 336 30 19 att
716 335 63 21 debet
789 335 39 20 och
839 335 47 20 kre-

55 363 31 21 dit
106 363 85 21 komma
214 365 30 19 att
265 363 26 28 gä
313 363 50 27 ihop
378 365 52 18 utan
446 363 108 20 anlitande
570 363 21 20 af
607 363 80 27 tobaks,
703 363 116 21 tändsticks
835 363 51 21 eller

54 391 70 28 någon
147 398 70 14 annan
240 398 29 20 ny
292 391 140 27 beskattning.
463 391 63 21 Hvad
544 391 25 20 hr
583 391 90 27 Elvings
688 391 79 27 förslag
781 391 103 27 beträffar,

53 419 24 21 sä
91 420 39 21 har
144 421 35 26 jag
200 420 134 27 naturligtvis
354 419 112 28 ingenting
481 422 58 19 emot
553 421 30 19 att
598 420 53 20 hans
666 420 81 21 motion
762 420 122 27 föredrages

53 448 45 21 före
120 449 165 20 statsutskottets
306 448 140 27 betänkande,
467 455 51 14 men
540 448 37 20 vill
592 449 36 26 jag
642 448 7 20 i
665 448 41 21 alla
721 448 37 21 fall
773 448 111 21 främhälla

53 478 30 19 att
102 477 36 20 det
152 477 8 20 i
174 477 73 27 hvarje
271 477 102 20 händelse
394 478 23 19 är
432 477 75 27 nödigt
522 478 30 19 att
566 476 33 21 till
614 476 27 21 H.
656 476 25 21 K.
698 476 27 21 M.
741 478 29 19 ett
786 477 98 20 särskildt

53 511 48 15 svar
122 505 89 28 afgifves
226 505 27 27 pä
269 505 70 21 denna
360 505 81 21 motion
461 505 34 21 för
509 505 42 21 den
566 505 101 21 händelse
683 505 42 21 den
740 512 72 14 vunne
828 507 56 19 stän-

51 533 78 21 dernas
152 534 161 27 godkännande,
333 534 24 20 sä
377 535 30 19 att
422 534 58 20 detta
496 534 73 27 anslag
585 533 27 21 dä
627 533 68 21 skulle
710 533 89 27 beviljas
814 533 69 21 säsom

52 564 31 18 ett
98 562 179 28 tillskottsanslag,
293 562 84 21 utöfver
391 562 56 20 hvad
463 562 114 21 ständerna
593 562 86 27 beviljat
693 562 28 27 pä
735 562 70 27 grund
821 562 21 20 af
856 562 27 20 H.

52 590 26 20 K.
94 590 40 21 M:s
149 591 129 27 proposition
294 597 35 14 om
345 590 73 28 anslag
433 590 33 21 för
480 590 157 21 folkskolornas
651 591 7 19 i
673 590 73 22 landet
765 590 117 21 underhäll.

52 618 68 22 Fallet
142 621 23 19 är
185 619 114 27 nämligen,
315 620 30 20 att
360 619 61 21 dessa
436 619 125 27 lönebidrag
577 619 32 21 till
624 619 159 21 folkskollärare
799 619 40 21 och
853 618 30 21 lä-

52 648 98 20 rarinnor
164 648 26 27 pä
205 648 72 20 landet
292 647 51 27 utgä
358 647 53 21 efter
427 653 27 15 en
469 648 76 26 grund,
561 654 45 14 som
623 647 20 21 af
657 647 27 21 H.
700 647 25 21 K.
741 647 28 20 M.
784 647 28 27 pä
827 648 56 20 stän-

51 675 78 21 dernas
154 676 119 27 tillstyrkan
291 676 68 20 blifvit
373 676 103 20 faststäld.
507 676 118 20 Ständerna
640 676 73 20 kunna
727 676 111 20 förutsätta
854 677 30 19 att

51 706 31 18 ett
104 706 66 19 större
193 704 57 21 antal
270 704 74 27 anslag
359 706 26 18 än
401 704 106 21 tillförene
523 704 96 21 kommer
634 706 29 18 att
678 704 27 27 gä
719 706 24 18 ut
758 704 40 20 och
813 704 71 20 därför

51 732 42 20 öka
108 732 190 28 anslagsbeloppet,
313 738 50 15 men
378 732 115 22 ständerna
508 733 73 20 kunna
596 732 47 21 icke
658 732 91 27 ensidigt
763 732 66 20 ändra
841 732 41 21 den

52 760 22 21 af
88 762 74 26 regent
177 761 39 21 och
231 761 86 21 ständer
332 761 109 21 faststälda
456 761 71 27 grund
541 761 33 21 för
589 761 70 21 denna
674 760 123 27 beräkning.
825 760 57 27 Vilja

52 789 113 21 ständerna
188 789 65 21 ändra
276 789 47 27 den,
346 789 23 21 så
389 789 68 21 måste
473 790 26 20 de
515 789 84 21 anhålla
615 789 72 21 därom
701 789 39 21 hos
750 789 132 27 regeringen,

52 818 40 20 och
114 817 35 21 det
171 817 62 21 beror
250 818 28 20 då
292 818 27 26 på
334 818 126 26 regeringen
476 824 35 14 om
527 818 41 20 den
583 818 38 20 vill
636 817 112 28 godkänna
763 817 52 21 eller
830 816 52 21 afslå

52 845 70 21 denna
137 846 105 20 anhållan.
272 846 28 20 Vi
315 846 73 20 kunna
403 846 47 20 icke
461 846 98 21 förbinda
575 846 57 21 detta
647 845 173 27 tillskottsanslag
832 845 50 21 med

50 876 72 18 svaret
136 874 27 27 på
178 874 41 21 den
236 874 77 27 nådiga
328 874 165 28 propositionen,
510 874 89 22 emedan
615 874 21 20 vi
647 874 122 27 därigenom
780 873 101 27 möjligen

51 902 72 21 kunde
139 904 53 19 sätta
207 903 126 27 regeringen
348 903 7 20 i
371 903 36 20 det
422 903 101 21 dilemma
539 905 30 19 att
584 903 80 27 nödgas
679 902 54 21 blott
748 902 67 21 delvis
830 901 51 28 god-

51 930 70 21 känna
136 931 125 21 ständernas
276 938 49 14 svar
340 931 11 21 å
366 931 41 21 den
423 931 78 28 nådiga
516 932 163 27 propositionen,
695 931 45 21 ifall
755 930 126 28 regeringen

51 959 106 27 nämligen
173 960 47 21 icke
235 960 33 20 för
283 960 33 20 sin
332 960 34 21 del
381 959 37 21 vill
434 960 67 21 ändra
517 960 98 27 grunden
629 960 33 20 för
671 959 164 27 lönebidragens
848 960 33 19 ut-

50 987 87 28 gående.

118 1061 49 21 Med
191 1061 115 28 anledning
330 1062 21 20 af
373 1062 25 20 hr
417 1061 90 28 Elvings
521 1062 79 27 förslag
615 1063 30 19 att
660 1062 47 20 med
723 1061 157 27 behandlingen

50 1089 22 20 af
86 1089 57 21 detta
158 1089 134 22 betänkande
308 1090 68 21 skulle
392 1090 61 21 anstå
469 1091 31 20 till
517 1091 47 20 dess
580 1090 163 21 statsutskottets
758 1089 28 28 på
800 1089 80 27 dagens

49 1117 211 28 föredragningslista
281 1119 79 26 jämväl
384 1120 108 25 upptagna
514 1118 134 21 betänkande
664 1125 34 14 n:o
715 1119 12 20 5
742 1118 8 20 i
765 1117 116 27 anledning

49 1145 22 21 af
86 1151 26 15 en
128 1146 21 20 af
163 1146 27 20 hr
204 1146 78 28 Elving
297 1147 62 20 väckt
373 1147 81 20 motion
472 1147 69 21 blifvit
557 1147 178 25 slutbehandladt,
757 1145 123 21 framstälde

49 1174 25 20 hr
96 1173 123 22 talmannen
241 1175 32 20 till
295 1175 95 21 ståndets
415 1175 132 21 besvarande
572 1175 93 27 följande
690 1174 190 27 omröstningspro-

50 1202 101 27 position:

118 1275 39 28 De,
181 1276 74 21 hvilka
278 1277 55 27 vilja
355 1276 104 28 fortsätta
484 1277 160 27 behandlingen
666 1276 29 27 af
711 1276 169 21 statsutskottets

49 1304 134 21 betänkande
198 1312 38 13 n:o
252 1306 20 25 4,
289 1307 59 19 rösta
357 1305 48 27 ja;
413 1305 31 27 de,
461 1306 36 20 det
511 1305 44 21 icke
570 1305 62 28 vilja,
647 1307 60 19 rösta
722 1305 49 26 nej;

117 1339 80 20 vinner
219 1339 42 27 nej,
285 1339 42 21 har
347 1339 178 28 borgareståndet
541 1339 88 22 beslutit
643 1341 34 19 att
690 1338 120 31 uppskjuta
826 1337 53 21 här-

48 1367 49 21 med
112 1367 35 21 till
162 1367 47 21 dess
223 1368 169 21 statsutskottets
407 1367 136 22 betänkande
558 1376 39 13 n:o
615 1369 14 20 5
645 1368 34 21 till
699 1367 78 28 åtgärd
791 1373 9 13 i
815 1365 63 22 stån-

48 1395 35 21 det
96 1395 112 27 förevarit.

117 1468 33 21 Då
172 1469 70 21 denna
263 1470 130 27 proposition
417 1470 128 21 besvarades
561 1470 49 21 med
633 1468 156 28 öfvervägande
804 1468 22 26 ja
841 1467 40 21 och

47 1496 83 21 ståndet
145 1497 53 22 altså
214 1498 87 21 beslutit
316 1500 30 19 att
361 1498 159 28 behandlingen
536 1498 22 21 af
573 1498 164 21 statsutskottets
747 1495 134 23 betänkande
