1017 1731
282 114 179 21 Borgareständet
475 115 54 17 1891.
553 116 26 17 23
592 116 47 21 maj.
800 111 54 21 1371

51 194 35 21 för
101 193 111 28 åklagares
227 194 125 22 belönande.
375 194 42 27 Jag
432 201 63 14 anser
510 194 73 21 därför
599 197 32 18 att
646 194 36 21 det
699 194 100 21 förhöjda
812 196 69 20 ansla-

52 225 42 24 get,
110 229 46 14 som
172 223 159 21 statsutskottet
340 223 35 20 för
389 222 52 21 åren
458 223 55 21 1893
529 223 41 20 och
586 223 56 21 1894
652 223 39 20 har
700 199 118 56 föreslagit,
832 223 48 21 icke

52 251 38 20 har
105 251 47 20 skäl
166 250 35 22 för
216 252 33 27 sig
264 251 40 21 och
319 251 68 21 skulle
400 251 35 20 för
450 251 44 20 min
507 251 35 21 del
557 259 52 13 anse
624 254 31 18 att
668 252 90 25 200,000
771 251 60 22 mark
846 251 34 21 år-

52 279 56 27 ligen
124 286 51 14 vore
191 279 129 28 tillräckligt,
335 279 88 22 hvarför
438 283 78 24 posten
531 280 92 25 800,000
638 279 60 21 mark
713 279 67 22 borde
792 280 87 28 utbytas

51 310 45 18 mot
112 308 96 26 600,000.

120 393 35 20 Hr
169 393 130 21 Neovius:
329 393 34 20 Hr
385 393 81 21 Heikel
487 393 38 21 har
548 394 6 20 i
577 396 31 18 ett
630 393 59 28 långt
710 392 101 28 föredrag
830 392 50 21 sökt

51 422 104 20 motivera
178 422 33 21 sin
233 423 136 20 reservation.
399 421 85 22 Därvid
506 421 93 28 begynte
620 421 43 21 han
677 421 49 21 med
747 423 32 19 att
793 421 86 27 utlägga

52 450 106 21 allmänna
173 451 108 27 principer
295 453 44 18 mot
354 449 164 29 fondsystemet.
544 450 44 21 För
603 450 24 21 så
642 449 47 22 vidt
703 449 53 22 hans
769 449 109 21 utlåtande

51 478 89 21 berörde
163 478 140 27 tudelningen
325 478 23 21 af
369 478 110 28 budgeten
503 479 6 20 i
531 479 136 27 regeringens
691 478 40 21 och
752 477 126 22 ständernas

51 507 124 28 penningar,
193 514 39 14 var
253 506 42 22 han
315 507 28 28 på
364 507 45 21 fast
429 507 82 21 botten.
540 507 51 21 Han
613 507 117 21 framförde
745 506 78 28 tydligt
838 506 40 21 och

50 535 57 21 klart
129 536 41 20 alla
186 535 26 21 de
228 536 72 25 motiv,
318 536 73 21 hvilka
405 535 66 22 äfven
492 536 139 20 härförinnan
653 535 123 29 upprepade
798 534 80 28 gånger

51 564 82 20 anförts
149 567 45 17 mot
209 567 31 17 ett
253 564 208 28 fonderingssystem
477 564 24 21 af
516 564 26 21 de
558 572 16 13 s.
589 564 20 21 k.
630 565 136 27 regeringens
788 564 90 28 pennin-

50 599 44 20 gar,
110 592 40 21 och
164 592 70 21 häruti
249 592 56 21 hade
320 593 42 20 han
376 592 135 28 fullkomligt
525 594 48 20 rätt.
597 592 53 21 Men
665 592 41 21 han
721 592 157 21 sammanblan-

50 620 55 21 dade
120 622 80 20 tvänne
215 620 68 27 saker,
299 620 27 21 då
337 621 42 21 han
391 621 29 28 på
430 620 278 22 kommunikationsfonden
721 620 50 21 ville
781 620 96 28 tillämpa

50 648 58 22 hvad
123 648 42 22 han
180 649 91 28 tidigare
287 653 52 23 sagt.
361 649 71 21 Fallet
443 651 23 19 är
481 650 108 27 nämligen
599 649 38 21 det
651 652 31 18 att
697 649 26 21 de
739 648 84 26 fonder,
833 650 45 18 mot

49 677 74 21 hvilka
138 677 114 21 ständerna
268 678 93 27 ständigt
376 678 56 28 gjort
448 678 171 28 anmärkningar,
641 677 160 25 reservfonden,
823 676 54 21 und-

52 706 194 27 sättningsfonden,
259 706 351 22 statsöfverskottsmedelsfonden
621 706 40 21 och
673 706 58 21 hvad
743 705 27 21 de
780 706 30 20 alt
821 704 56 26 heta,

50 734 48 20 haft
113 742 26 13 en
155 734 87 21 alldeles
258 736 88 26 säregen
361 735 107 21 karaktär.
498 735 34 21 De
547 734 60 22 bilda
621 734 82 26 fonder,
723 734 74 21 hvilka
819 734 58 20 stän-

50 762 46 28 digt
111 762 61 21 ökats
188 762 41 22 och
244 762 48 22 icke
307 763 105 21 användts
428 764 33 20 till
476 763 67 28 något
555 762 125 29 produktivt
692 762 104 21 ändamål.
820 761 56 21 Där-

50 793 57 18 emot
122 792 22 19 är
159 790 61 22 fallet
235 794 30 18 ett
280 791 44 21 helt
339 794 65 18 annat
423 792 51 20 med
495 790 283 22 kommunikationsfonden.
808 790 68 20 Kom-

49 819 225 21 munikationsfonden
289 820 38 20 har
342 820 32 20 till
389 820 101 21 ändamål
505 823 32 18 att
551 820 112 28 uppsamla
680 820 58 20 vissa
755 819 33 21 till
806 818 70 21 denna

48 847 55 21 fond
118 848 102 27 anslagna
234 848 69 21 medel
318 849 63 27 jämte
397 848 26 21 de
440 848 43 27 lån,
504 856 45 14 som
569 848 114 21 ständerna
703 850 95 26 upptaga
812 848 8 19 i
835 846 41 21 och

48 875 34 21 för
99 876 121 28 järnvägars
235 876 118 35 byggande.
383 877 79 21 Denna
477 877 54 21 fond
546 877 39 21 har
604 876 89 22 sålunda
715 879 31 18 ett
767 874 109 22 bestämdt

48 904 126 28 produktivt
189 904 104 27 ändamål,
308 905 40 21 och
363 905 50 21 dess
428 906 72 20 medel
515 908 59 25 tagas
590 905 34 21 för
639 905 58 21 detta
709 903 99 22 ändamål
819 904 6 20 i
838 911 37 13 an-

48 932 64 28 språk
128 932 37 22 vid
180 932 73 29 hvarje
268 933 108 28 landtdag.
406 934 45 21 Det
467 936 24 19 är
506 934 83 21 således
605 934 48 21 icke
669 941 26 14 en
713 932 55 22 fond
788 932 23 21 af
833 931 42 22 den

47 964 68 23 natur,
130 964 44 18 mot
189 961 73 22 hvilka
277 962 94 28 ständigt
385 963 68 27 gjorts
469 963 164 27 anmärkningar
649 962 22 21 af
691 961 121 22 ständerna.
841 960 35 21 Hr

47 989 79 21 Heikel
142 989 76 22 nämde
234 993 31 18 att
286 990 121 21 öfverskott
429 992 89 20 samlats
541 992 5 20 i
571 990 97 22 enskilda
690 990 82 25 fonder,
794 989 82 21 skatter

47 1017 65 22 hafva
126 1017 56 22 måst
197 1018 106 28 uppbäras
319 1019 41 21 och
374 1019 115 22 resultatet
509 1019 61 21 häraf
592 1019 38 21 har
651 1019 55 21 varit
728 1021 32 18 att
782 1017 93 27 onödiga

47 1045 81 22 skatter
143 1046 23 21 af
180 1047 115 21 ständerna
309 1047 96 27 bifallits,
419 1048 87 21 hvilket
525 1047 54 22 hade
602 1048 81 21 kunnat
705 1045 113 27 undvikas,
840 1052 35 14 om

46 1073 229 30 fonderingssystemet
288 1075 47 22 icke
352 1077 108 20 existerat.
491 1077 66 20 Detta
572 1076 39 21 har
625 1077 33 20 sin
672 1074 150 29 tillämplighet
838 1081 37 13 en-

46 1102 47 21 dast
109 1102 27 28 på
152 1103 26 20 de
194 1103 83 27 fonder,
292 1111 44 14 som
352 1104 79 21 bildats
448 1105 24 20 af
487 1105 106 21 allmänna
605 1104 129 21 statsmedel.
761 1103 34 27 Ty
806 1102 68 21 skulle

46 1131 62 20 dessa
123 1131 69 21 medel
208 1131 66 22 hafva
289 1132 120 21 öfverlåtits
424 1133 34 21 till
475 1133 27 21 de
518 1133 103 26 ändamål,
632 1133 73 21 hvilka
715 1131 98 22 betäckts
824 1130 49 21 med

46 1159 204 28 bevillningsmedel,
273 1161 24 20 så
319 1161 55 21 hade
397 1162 138 27 naturligtvis
559 1161 106 28 åtskilliga
688 1161 82 21 skatter
792 1159 82 20 kunnat

45 1187 112 21 undvaras.
187 1188 52 21 Men
263 1189 58 21 detta
343 1189 38 21 har
403 1197 47 14 som
475 1190 62 27 sagdt
559 1190 110 27 ingenting
690 1192 31 18 att
741 1187 69 22 skaffa
825 1187 49 21 med

45 1215 282 28 kommunikationsfonden,
342 1221 23 24 ty
385 1219 2 20 i
403 1218 279 21 kommunikationsfonden
697 1218 38 20 har
750 1216 38 22 vid
800 1216 74 27 hvarje

45 1243 177 29 budgetsperiods
246 1246 41 20 slut
309 1246 48 21 icke
380 1246 73 28 någon
475 1247 103 21 nämvärd
601 1247 114 28 besparing
736 1244 138 21 förefunnits.

44 1272 172 29 Besparingarna
231 1274 7 20 i
253 1273 124 22 densamma
391 1275 69 21 hafva
476 1275 37 21 vid
528 1275 108 28 utgången
651 1275 22 20 af
689 1275 55 20 1894
757 1272 116 22 beräknats

44 1301 32 20 till
93 1302 109 25 1,042,000
218 1303 65 26 mark,
299 1303 40 20 och
354 1303 35 28 jag
404 1303 56 21 skall
477 1311 74 14 senare
566 1303 85 21 komma
665 1303 33 21 till
713 1302 71 21 denna
796 1301 78 28 bespa-

43 1329 53 32 ring.
126 1329 34 21 Hr
174 1329 80 22 Heikel
269 1331 76 21 nämde
361 1334 32 18 att
407 1332 116 21 resultatet
541 1332 23 21 af
579 1332 26 21 de
624 1331 111 29 yrkanden
758 1329 116 26 ständerna

42 1360 58 25 gjort
114 1361 44 18 mot
173 1358 228 30 fonderingssystemet
417 1360 72 22 skulle
504 1360 66 22 hafva
585 1361 55 21 varit
655 1363 32 18 att
701 1367 27 14 en
739 1358 135 27 öfverföring

43 1385 49 21 från
108 1386 104 22 allmänna
228 1388 139 21 statsmedlen
383 1392 36 24 egt
433 1397 50 13 rum
498 1390 32 20 till
546 1388 213 29 bevillningsmedlen
779 1387 41 21 och
840 1386 33 21 till

43 1414 282 23 kommunikationsfonden.
355 1417 42 28 Jag
411 1420 47 18 tror
478 1420 31 18 att
527 1418 59 20 detta
608 1418 47 21 icke
677 1416 137 22 uteslutande
836 1416 38 21 be-

42 1445 43 18 rott
100 1443 28 28 på
143 1443 26 21 de
185 1444 169 28 anmärkningar,
369 1453 46 13 som
431 1446 70 28 gjorts
516 1449 44 17 mot
579 1446 235 28 fonderingssystemet,
832 1445 42 21 och

41 1471 36 27 jag
92 1472 37 20 vill
144 1472 70 21 tillika
228 1472 112 22 framhålla
355 1477 32 17 att
402 1474 27 20 de
446 1474 165 28 öfverföringar,
627 1482 45 14 som
688 1477 36 25 egt
739 1482 53 17 rum,
807 1473 66 21 hafva

42 1498 58 21 skett
114 1500 147 28 förnämligast
277 1502 39 20 och
332 1504 76 19 nästan
424 1502 137 22 uteslutande
577 1504 32 20 till
627 1501 247 23 kommunikationsfon-
