1017 1731
277 108 180 21 Borgareständet
469 108 53 17 1891.
546 107 21 18 15
580 107 47 23 maj.
792 103 54 22 1165

43 189 56 20 färer
119 188 73 27 plägar
214 188 35 21 det
267 194 50 14 vara
332 187 88 21 alldeles
436 187 107 27 omvändt,
559 187 108 28 nämligen
683 187 23 22 så
721 190 30 19 att
766 188 106 21 fabrikan-

43 220 36 18 ten
100 217 64 26 säljer
184 217 36 20 det
234 218 81 25 största,
330 215 192 28 partihandlanden
538 217 30 20 ett
583 216 83 21 mindre
682 217 39 20 och
736 217 137 20 minuthand-

43 245 79 21 landen
138 245 36 20 det
188 245 77 20 minsta
280 244 81 27 partiet.
384 243 46 22 Här
445 246 24 19 är
484 244 35 21 det
535 244 102 21 omvändt
651 244 7 21 i
674 245 35 20 det
725 247 29 18 att
766 245 107 20 fabrikan-

44 276 35 19 ten
94 273 33 21 får
142 273 52 27 sälja
209 275 29 19 ett
252 273 83 20 mindre
350 272 105 21 kvantum
473 274 27 19 än
514 273 197 27 partihandlanden,
727 279 46 15 som
784 273 89 21 handlar

43 302 49 21 med
115 302 53 21 hans
190 308 54 14 vara.
275 301 50 20 Men
348 301 36 20 det
406 301 149 28 egendomliga
577 301 94 21 inträffar
687 301 62 22 äfven
765 303 30 20 att
809 302 64 27 parti-

44 330 135 21 handlanden
202 336 50 21 eger
269 329 99 28 rättighet
384 329 67 27 enligt
466 330 13 26 $
496 330 27 20 14
538 331 29 19 att
582 330 55 27 köpa
652 329 27 28 på
693 330 46 21 kärl
755 337 35 14 om
806 331 26 20 50
848 330 25 21 li-

44 362 38 24 ter,
104 365 50 14 men
168 359 42 20 han
225 358 32 21 får
271 358 47 21 icke
333 358 53 27 sälja
401 357 84 22 mindre
501 360 26 19 än
543 359 12 20 8
571 358 80 21 sådana
665 359 46 20 kärl
726 359 27 27 på
768 365 27 15 en
810 358 62 28 gång,

45 388 41 20 han
102 387 32 20 får
149 387 46 20 icke
210 387 53 26 sälja
278 388 29 19 ett
323 387 39 20 och
377 388 30 19 ett
423 386 8 20 i
447 386 90 27 gången.
567 386 42 27 Jag
624 388 35 19 vet
673 387 47 21 icke
735 387 56 21 hvad
806 387 66 28 lämp-

44 416 66 27 lighet
132 422 46 14 som
199 415 41 20 kan
262 415 69 20 finnas
346 415 7 20 i
369 415 58 20 detta
442 415 123 27 stadgande.
595 415 50 21 Men
661 415 87 21 härmed
763 417 24 19 är
802 416 36 20 det
852 416 19 27 ej

44 446 58 18 ännu
124 450 48 21 nog.
201 443 11 21 I
227 445 115 19 momentet
357 444 13 19 2
386 443 21 20 af
422 449 82 15 samma
520 444 12 26 $
549 444 27 20 14
591 443 93 28 stadgas:
717 444 154 21 »Innehafvare

45 473 21 20 af
80 472 100 21 bränneri
196 471 50 22 eller
262 471 189 28 distilleringsvärk
467 478 50 15 vare
533 472 54 21 dock
600 472 75 21 tillåtet
690 474 35 25 att,
740 472 68 21 under
818 473 53 20 iakt-

44 501 92 27 tagande
158 501 32 21 för
209 500 64 28 öfrigt
295 500 20 21 af
337 500 126 21 förenämda
477 500 164 28 bestämningar,
657 501 31 20 till
704 501 114 27 behörigen
834 507 37 15 an-

45 532 63 25 tagen
123 529 177 27 minutförsäljare
316 528 63 22 aflåta
394 528 91 21 bränvin
502 530 7 19 i
525 529 45 20 kärl
581 529 21 21 af
611 530 65 20 minst
687 529 36 21 två
732 530 60 20 liters
803 530 68 26 rymd,

45 558 49 21 med
109 558 69 20 vilkor
192 559 30 19 att
236 558 79 26 kärlen,
331 557 59 21 hvari
405 564 66 14 varan
487 558 112 26 utlämnas,
615 559 34 19 äro
665 558 22 20 af
702 558 116 21 kontrollör
830 558 42 20 för-

45 586 85 28 seglade
146 588 54 19 samt
215 586 98 20 försedde
327 585 50 21 med
392 585 90 27 påskrift
497 592 33 14 om
543 586 48 20 dess
601 586 145 21 beskaffenhet
756 587 40 20 och
808 586 64 21 fabri-

45 615 90 21 kantens
156 614 52 22 eller
229 614 107 21 fabrikens
356 620 71 14 namn.
458 614 76 21 Under
549 614 110 21 enahanda
675 615 68 21 vilkor
757 621 50 15 vare
823 615 49 21 dem

46 643 75 21 tillåtet
136 645 29 19 att
180 643 52 27 sälja
246 642 66 21 finare
327 642 78 21 likörer
421 643 21 20 af
458 649 54 21 egen
528 643 137 27 tillvärkning
679 643 8 21 i
701 643 46 21 kärl
758 643 21 21 af
789 643 83 21 mindre

45 672 62 26 rymd
123 673 26 19 än
164 671 36 21 två
214 672 67 20 liter».
311 671 87 21 Således
412 671 34 21 får
461 678 28 14 en
504 671 222 21 bränvinstillvärkare
741 672 53 26 sälja
809 672 62 20 äfven

45 700 78 21 likörer
146 700 38 20 och
207 700 66 20 andra
291 700 45 20 sina
351 699 164 27 tillvärkningar
529 700 27 27 på
571 702 57 18 ännu
643 700 82 21 mindre
741 700 45 20 kärl
802 702 27 18 än
845 700 27 20 50

45 728 53 28 liter,
119 734 50 15 men
190 728 56 21 detta
268 728 32 20 får
320 728 46 20 icke
382 734 27 14 en
424 728 183 27 partihandlande.
637 728 129 28 Därigenom
781 728 41 21 blir
837 728 35 21 det

46 757 96 27 omöjligt
163 756 33 21 för
214 763 24 14 en
255 756 176 27 partihandlande
447 758 31 19 att
492 756 51 21 idka
556 756 79 21 handel
650 757 48 21 med
714 757 62 21 dessa
791 757 81 21 inhem-

46 785 38 21 ska
106 785 91 21 fabrikat
218 785 40 21 och
275 785 55 20 förse
345 785 47 20 sina
407 785 85 21 kunder
506 785 50 21 med
571 792 51 14 vara
636 786 7 19 i
659 785 44 21 kärl
719 792 35 14 om
769 785 35 21 två
819 785 53 26 liter,

46 813 80 21 hvilket
141 813 95 21 däremot
250 813 133 21 fabrikanten
399 813 32 21 får
446 815 57 25 göra.
533 813 194 21 Partihandlanden
742 814 42 20 kan
800 814 72 20 vidare

46 841 46 21 från
114 842 96 20 utlandet
227 842 114 26 importera
357 841 131 27 buteljerade
504 842 113 20 utländska
632 848 66 20 varor,
713 848 50 15 men
779 842 32 20 får
825 842 47 20 icke

46 870 86 27 försälja
147 870 113 20 desamma.
282 870 49 20 Han
347 872 23 18 är
385 870 84 21 således
485 870 109 28 därvidlag
609 872 41 19 satt
664 871 7 20 i
687 870 41 21 den
743 870 53 21 allra
806 877 67 20 ogyn-

46 900 113 19 sammaste
174 898 105 21 situation.
300 898 80 27 Hvarje
396 898 101 21 utländsk
512 899 137 27 profresande
664 899 41 20 kan
720 899 32 21 till
763 899 46 20 sina
819 899 53 20 kun-

47 927 38 21 der
104 927 86 27 försälja
212 927 78 27 konjak
313 927 39 20 och
370 926 79 22 likörer
463 927 8 20 i
486 927 54 27 parti
555 934 35 14 om
606 927 65 28 några
686 927 83 27 flaskor,
784 927 89 21 hvarvid

47 955 42 21 den
104 955 97 21 enskilda
216 955 87 21 kunden
318 962 50 21 eger
383 957 40 20 rätt
439 957 31 19 att
485 956 86 21 förtulla
582 956 113 21 desamma.
717 955 33 21 En
761 956 113 26 utländing

46 984 43 20 kan
110 983 83 22 således
208 984 49 21 med
273 984 60 21 dessa
348 984 133 27 buteljerade
495 991 61 14 varor
570 985 50 20 idka
635 985 82 26 handel,
733 991 45 14 som
794 984 33 21 för
841 984 33 20 in-

46 1012 75 21 hemsk
136 1019 49 14 man
202 1014 22 19 är
238 1012 118 27 förbjuden,
377 1012 73 21 såvida
466 1013 42 20 han
524 1013 48 26 själf
586 1013 97 20 förtullar
698 1019 70 14 varan.
798 1012 32 27 Ja,
846 1019 28 14 en

46 1041 175 26 partihandlande
236 1041 7 20 i
258 1041 73 20 landet
346 1041 41 20 kan
402 1041 48 20 icke
467 1047 37 15 ens
514 1041 69 21 under
593 1041 70 27 någon
678 1041 54 21 form
742 1041 86 26 försälja
840 1042 34 19 ut-

46 1069 90 20 ländska
156 1069 83 21 likörer.
269 1069 30 26 Ty
321 1069 130 27 tullstadgan
475 1069 119 22 innehåller
611 1070 76 20 förbud
702 1071 44 19 mot
761 1069 77 27 import
853 1069 21 20 af

47 1097 78 21 likörer
146 1097 27 27 på
195 1097 66 21 andra
280 1097 45 21 kärl
340 1099 27 19 än
383 1097 93 27 buteljer
491 1098 39 20 och
545 1098 57 27 krus,
617 1098 106 21 hvarefter
737 1098 40 21 ock
793 1097 81 21 tullsat-

47 1131 62 15 serna
124 1127 36 19 äro
175 1126 8 19 i
198 1125 104 22 tulltaxan
318 1126 89 26 utförda,
423 1126 40 20 och
479 1127 44 26 mig
538 1127 117 26 veterligen
665 1127 95 26 försäljes
772 1126 47 21 icke
829 1126 45 20 häl-

46 1154 32 21 ler
100 1154 70 20 denna
190 1161 50 14 vara
254 1154 7 20 i
277 1154 65 21 andra
357 1154 50 21 kärl.
439 1154 96 21 Sålunda
550 1157 23 18 är
588 1155 36 20 det
639 1155 94 27 omöjligt
747 1155 34 20 för
795 1155 79 20 honom

46 1184 31 19 att
90 1182 50 20 idka
155 1182 133 27 partihandel
302 1183 49 20 med
366 1184 64 19 annat
445 1185 29 18 än
489 1183 107 21 inhemskt
611 1183 89 21 bränvin
715 1183 40 21 och
766 1183 62 27 detta,
841 1183 33 20 så-

46 1217 47 14 som
115 1210 66 27 sagdt,
203 1211 69 20 under
293 1217 162 21 ogynsammare
472 1211 145 22 förhållanden
633 1213 27 19 än
675 1211 139 21 fabrikanten.
844 1211 30 20 Af

47 1239 70 20 denna
132 1239 116 26 anledning
263 1239 68 21 skulle
346 1240 35 27 jag
397 1239 86 21 anhålla
499 1241 30 19 att
545 1240 70 21 denna
630 1240 34 21 del
679 1240 21 21 af
710 1239 164 27 bränvinslagen

47 1267 64 21 måtte
127 1267 30 20 till
174 1267 101 21 utskottet
295 1267 163 22 återremitteras
477 1268 27 27 på
519 1269 36 20 det
569 1270 30 19 att
614 1268 174 27 partihandlande
804 1268 70 20 blefve

46 1295 99 22 likstälda
159 1296 49 21 med
224 1296 244 27 spirituosafabrikanter
484 1297 39 20 och
538 1297 227 20 bränvinstillvärkare.

118 1380 32 22 Hr
165 1380 132 22 Renlund:
325 1381 41 27 Jag
381 1381 38 21 ber
434 1383 32 19 att
481 1382 7 20 i
503 1382 42 20 alla
561 1382 58 20 delar
633 1382 21 20 få
669 1382 113 21 instämma
796 1382 8 20 i
818 1382 56 20 hvad

47 1410 25 20 hr
86 1409 103 27 Hallberg
204 1410 38 20 har
257 1411 69 25 yttrat,
341 1416 50 15 men
407 1410 111 20 dessutom
533 1412 50 25 göra
599 1410 36 21 det
650 1411 72 27 tillägg
737 1412 30 19 att
777 1410 98 21 inhemsk

47 1438 175 26 partihandlande
238 1438 65 21 måtte
318 1438 128 21 åtminstone
464 1438 103 21 likställas
582 1439 50 21 med
647 1439 105 27 utländsk,
768 1438 24 21 så
806 1440 30 19 att
847 1444 28 15 en

46 1466 112 27 utländing
173 1466 47 21 icke
236 1466 68 21 skulle
319 1466 22 21 få
355 1467 7 20 i
377 1466 117 22 framtiden
509 1467 52 27 sälja
576 1467 33 21 sin
625 1474 49 14 vara
689 1468 7 20 i
710 1467 83 21 mindre
804 1468 71 26 poster

46 1496 27 18 än
90 1494 26 21 50
132 1494 52 21 liter.
