1017 1731
290 104 180 21 Borgareständet
482 104 51 17 1891.
559 104 12 16 9
583 105 48 20 maj.
802 101 55 20 1043

52 186 30 18 att
104 183 94 26 anslaget
215 183 47 20 icke
277 183 68 20 skulle
362 182 108 32 särskiljas
485 183 32 20 för
531 178 74 43 hvarje
620 183 29 26 år,
659 185 52 18 utan
727 186 103 30 upptagas
846 191 36 15 en-

52 212 47 20 dast
113 211 33 20 för
160 211 175 27 finansperioden.
365 210 34 21 Då
421 211 36 26 jag
472 217 26 14 en
515 211 55 27 gång
585 211 38 20 har
638 211 65 27 ordet,
713 211 38 21 ber
766 212 35 27 jag
817 214 29 19 att
861 213 21 20 få

52 240 73 20 anföra
140 241 30 19 att
185 239 26 21 de
226 239 21 20 af
262 239 25 20 hr
301 239 123 27 Appelberg
440 239 119 27 föreslagna
575 228 132 32 klämmarna
721 240 8 20 i
745 240 75 27 själfva
836 242 46 19 vär-

51 269 36 20 ket
102 268 7 20 i
124 268 37 20 sak
184 268 46 20 icke
251 267 23 20 så
288 267 86 26 mycket
389 267 64 26 skilja
468 267 31 27 sig
515 267 46 21 från
577 268 58 20 mina
650 269 29 19 att
694 269 36 26 jag
745 269 52 26 eljes
812 268 69 21 skulle

52 297 50 31 vilja
117 295 93 21 vidhålla
224 296 47 20 mitt
286 295 84 27 förslag,
381 302 35 13 om
431 295 48 21 icke
489 296 8 19 i
509 296 25 20 hr
549 296 132 31 Appelbergs
696 297 85 26 förslag,
791 297 90 20 likasom

51 325 7 20 i
74 325 117 25 utskottets,
212 324 161 27 folkhögskolan
396 323 70 21 skulle
487 324 72 20 ställas
574 331 7 13 i
596 324 51 21 sista
663 327 93 18 rummet
772 325 39 20 och
826 331 55 14 sam-

51 341 140 32 manblandas
206 352 48 21 med
270 352 65 20 andra
350 351 104 21 likartade
469 352 152 27 läroanstalter,
636 353 138 27 hvarigenom
784 353 97 27 folkhög-

52 381 98 20 skolorna
172 381 47 20 icke
234 380 21 21 få
271 380 35 21 det
320 379 145 22 framstående
487 387 48 14 rum
551 381 38 20 och
606 369 35 32 det
656 381 122 26 understöd,
793 387 46 15 som
854 381 26 21 de

52 409 66 27 enligt
139 410 45 19 min
206 409 53 20 åsikt
279 408 52 21 böra
346 408 85 21 erhålla.
462 408 41 21 För
518 409 137 20 undvikande
669 410 22 20 af
706 409 23 21 så
743 398 78 39 många
836 416 44 15 om-

52 438 124 27 röstningar,
191 437 39 21 ber
243 437 36 26 jag
294 437 64 20 också
373 439 30 18 att
417 437 23 20 få
455 437 66 20 ändra
536 437 45 20 min
597 437 65 20 andra
679 438 57 20 kläm
751 438 33 20 till
800 445 80 14 samma

51 465 88 27 lydelse,
162 472 46 14 som
230 466 25 19 hr
277 465 78 20 Heikel
377 465 109 26 föreslagit
508 465 33 20 för
561 465 122 21 densamma
705 466 117 27 nämligen:
839 468 42 25 ,att

52 493 179 27 ändamålsenliga
245 493 224 27 fortsättningskurser
484 493 32 21 till
531 493 118 21 folkskolan
665 494 65 21 måtte
745 495 7 19 i
764 494 116 21 vidsträck-

51 524 53 19 taste
119 522 50 20 mån
184 522 122 20 anordnas".

119 578 33 20 Hr
174 577 121 30 Neovius:
318 578 41 26 Jag
381 578 50 20 ville
454 578 112 21 framhålla
584 580 43 18 mot
641 578 25 20 hr
681 578 103 21 Sundvall
800 580 30 19 att
845 578 35 21 det

52 606 54 21 dock
128 608 22 18 är
173 612 27 14 en
222 606 95 27 betydlig
337 606 90 26 skilnad,
443 612 35 14 om
492 613 51 14 man
558 606 37 20 vill
611 606 128 28 bemyndiga
753 607 126 27 regeringen

52 637 30 19 att
104 634 90 27 granska
216 636 39 20 och
271 634 112 28 godkänna
399 618 144 52 programmet
559 634 51 21 eller
625 641 33 14 om
674 634 36 21 det
725 635 53 20 blott
792 635 87 21 medde-

51 663 31 21 las
97 663 32 21 till
144 663 126 21 kännedom.
300 662 41 21 Det
363 662 72 21 kunde
451 663 24 26 ju
490 663 70 20 hända
577 665 30 19 att
623 669 24 14 en
664 663 154 27 folkhögskola,
834 669 45 15 som

51 693 23 19 är
85 691 109 27 ifrägasatt
208 694 30 18 att
252 691 99 31 grundas,
367 692 22 19 är
401 692 76 26 genast
491 692 7 19 i
513 691 65 21 behof
593 691 21 21 af
625 692 133 34 statsanslag.
789 691 33 21 De
832 698 47 20 per-

51 726 67 26 soner,
134 726 46 14 som
194 720 63 20 hafva
273 720 48 20 stält
336 719 32 27 sig
382 719 7 20 i
405 721 86 25 spetsen
507 720 32 20 för
553 719 108 27 företaget,
675 720 50 27 ingä
741 720 27 20 dä
777 720 33 20 till
819 726 60 20 rege-

50 748 76 27 ringen
140 748 49 20 med
204 748 98 20 anhällan
318 754 34 14 om
368 748 75 26 anslag
457 748 34 20 för
506 748 74 20 skolan
595 735 39 33 och
649 736 71 39 bifoga
735 748 36 20 sitt
780 754 99 21 program

51 776 39 20 och
106 776 32 20 sin
154 776 209 27 organisationsplan,
377 776 73 20 hvilka
465 776 8 20 i
488 776 75 20 sådant
578 776 37 20 fall
631 776 20 20 af
665 776 127 27 regeringen
801 776 78 20 under-

50 804 70 20 kastas
136 804 135 27 granskning.
302 804 72 21 Skulle
389 804 128 27 regeringen
533 804 53 21 efter
601 804 69 20 denna
685 804 132 27 granskning
832 804 46 20 icke

50 832 113 27 godkänna
186 832 53 27 dem,
262 832 23 21 så
301 832 57 27 finge
373 832 75 20 skolan
464 832 47 21 icke
527 838 38 14 ens
580 832 59 21 träda
653 832 7 20 i
675 832 139 21 värksamhet.
844 832 34 20 En

50 867 70 14 annan
143 860 59 21 skola
224 860 49 27 åter,
296 867 45 14 som
363 860 47 21 icke
429 867 51 14 vore
495 861 8 19 i
517 860 64 21 behof
596 860 21 21 af
631 860 74 21 sådant
720 860 80 27 anslag,
810 860 69 20 skulle

50 888 46 21 icke
112 888 31 21 till
158 889 125 27 regeringen
305 889 91 21 behöfva
410 889 92 20 insända
517 889 46 20 sina
578 888 84 28 stadgar
677 891 29 19 att
721 889 102 27 granskas
839 888 39 21 och

50 917 128 27 godkännas,
198 918 52 20 utan
270 917 73 20 kunna
357 917 60 21 träda
432 917 7 20 i
456 917 135 21 värksamhet
605 917 68 21 under
688 917 86 28 uppsikt
788 917 22 20 af
824 916 54 21 folk-

50 945 187 27 skoleinspektorn.
263 945 41 28 Jag
313 945 68 21 finner
394 947 30 19 ett
439 945 77 21 sådant
530 945 131 21 förhållande
675 946 47 20 icke
733 945 93 27 önskligt
838 945 39 20 och

50 979 62 15 anser
126 973 112 21 utskottets
254 974 84 26 uttryck
353 974 46 20 icke
415 973 35 21 väl
467 973 63 21 valdt.

118 1029 96 21 Emedan
228 1030 65 26 ingen
309 1029 72 22 vidare
397 1030 73 20 anhöll
487 1037 34 14 om
537 1030 64 27 ordet,
617 1021 129 29 förklarades
761 1029 116 20 diskussio-

49 1063 41 16 nen
106 1057 50 21 härå
172 1057 96 21 afslutad.

116 1113 11 20 I
142 1113 115 27 anledning
279 1113 59 21 däraf
359 1116 29 18 att
409 1114 71 21 under
502 1114 147 21 diskussionen
668 1113 114 21 framstälts
797 1113 80 21 resolu-

48 1141 140 27 tionsförslag,
210 1142 72 20 hvilka
299 1142 102 21 hänförde
417 1142 33 27 sig
465 1142 32 21 till
513 1142 26 21 de
555 1142 102 21 särskilda
670 1143 123 20 momenten
809 1141 21 20 af
845 1143 32 18 ut-

48 1170 88 21 skottets
158 1169 84 28 förslag,
264 1170 104 21 förelades
384 1170 86 21 ståndet
485 1171 32 20 till
532 1171 52 20 först
599 1177 26 14 en
641 1169 236 27 omröstningsproposi-

48 1198 44 20 tion
108 1197 21 21 af
142 1197 93 27 följande
250 1198 91 27 lydelse:

116 1253 38 27 De,
178 1253 74 21 hvilka
274 1253 72 22 såsom
361 1254 218 27 kontraproposition
601 1256 46 19 mot
671 1254 24 21 de
711 1255 81 19 tvänne
806 1253 72 27 första

47 1283 125 20 momenten
191 1282 29 27 af
230 1282 112 21 utskottets
357 1282 218 27 resolutionsförslag
590 1282 115 33 föredraga
720 1282 27 20 hr
762 1281 116 34 Högmans

47 1310 9 20 i
71 1310 81 21 sådant
166 1310 100 27 afseende
281 1310 133 27 framstälda
428 1310 92 27 förslag,
536 1312 59 19 rösta
605 1311 39 26 ja;
662 1311 31 25 de,
709 1310 35 21 det
757 1309 47 20 icke
817 1311 61 25 göra,

47 1340 59 19 rösta
120 1338 48 31 nej;

116 1373 79 14 vinner
209 1366 43 28 nej,
268 1366 41 22 har
325 1365 178 29 borgareständet
517 1367 10 20 i
541 1366 80 22 sådant
643 1366 98 28 afseende
756 1364 122 28 föredragit

48 1395 26 20 hr
89 1394 115 28 Federleys
218 1394 90 28 förslag.

115 1451 162 27 Propositionen
293 1451 127 21 besvarades
435 1451 52 21 med
498 1451 155 27 öfvervägande
664 1451 27 26 ja,
701 1450 49 21 med
761 1448 117 27 anledning

49 1479 74 20 hvaraf
138 1479 40 21 den
195 1479 93 27 följande
304 1479 161 27 propositionen
476 1479 153 21 formulerades
639 1478 98 21 sålunda:
