1017 1731
185 108 41 21 620
392 115 179 21 Borgareståndet
584 117 53 16 1891.
662 117 23 16 10
698 115 59 22 april.

159 194 55 27 dem,
233 201 48 14 som
297 196 34 19 äro
347 195 81 21 bosatta
444 195 27 28 på
486 197 65 26 orten,
573 196 106 21 hvarefter
694 195 153 27 afhandlingen
862 195 66 21 sedan
942 195 42 21 kan

158 223 141 27 kringsändas
313 223 32 21 till
360 223 26 22 de
402 224 73 27 öfriga,
490 224 33 20 för
537 226 30 19 att
582 225 25 20 de
623 224 60 21 skola
698 223 146 21 underteckna
854 223 128 21 densamma.

158 251 34 20 Då
214 251 36 21 det
272 251 30 21 till
321 251 52 22 först
388 252 93 21 beslutes
497 259 34 14 om
547 253 162 27 afhandlingens
725 252 145 27 upprättande,
894 252 40 21 blir
950 253 35 20 det

158 280 47 21 icke
227 280 61 27 fråga
310 287 34 14 om
367 282 30 19 att
418 281 93 21 inbetala
526 281 61 21 dessa
602 282 27 20 20
645 281 34 27 9/,,
697 283 52 18 utan
766 281 35 20 det
816 280 126 21 bestämmes
958 287 26 14 en

158 308 37 27 tid,
209 309 57 20 inom
283 309 85 20 hvilken
384 309 26 21 de
426 309 59 21 skola
499 309 109 21 inbetalas.
631 309 42 22 Det
688 311 23 19 är
726 309 48 20 icke
790 309 71 27 troligt
876 311 29 18 att
920 311 64 19 samt-

158 337 44 27 liga
223 337 130 27 bolagsmän,
376 337 62 21 äfven
461 345 35 14 om
517 338 26 21 de
565 338 46 21 icke
633 345 50 14 vore
704 337 88 28 aflägset
806 338 88 26 bosatta,
916 337 69 22 skulle

159 365 157 21 sammanträda
331 366 74 21 endast
419 366 33 21 för
467 368 29 19 att
511 367 112 20 värkställa
638 366 168 27 inbetalningen,
820 368 52 19 utan
887 366 42 21 kan
944 366 41 21 den

159 393 37 21 ske
211 393 27 28 på
253 396 66 19 annat
333 396 45 19 sätt.
409 394 86 21 Således
509 395 82 20 fordras
606 395 36 20 det
660 395 141 27 ovilkorligen
816 395 115 27 omgångar
946 395 39 20 och

159 422 134 27 tidsutdräkt,
315 423 33 20 för
368 424 30 19 att
418 423 21 20 få
455 423 70 21 denna
539 423 128 28 anteckning
681 423 67 28 gjord.
778 423 94 20 Hvilken
887 423 99 27 trygghet

160 451 35 20 det
218 451 69 20 skulle
305 451 95 20 medföra
415 451 32 21 för
462 452 146 21 aktionärerne
623 452 8 20 i
646 452 32 21 sin
695 452 72 21 helhet
782 453 29 19 att
826 451 26 28 på
868 451 118 21 afhandlin-

159 485 42 20 gen
224 479 115 21 antecknas
361 479 21 21 af
403 480 72 27 hvarje
497 481 100 26 aktionär,
618 482 30 19 att
671 481 62 20 dessa
749 481 27 20 20
792 480 27 27 9/,
835 482 23 18 är
872 479 113 28 inbetalda,

158 507 42 21 kan
216 507 35 28 jag
266 508 47 21 icke
327 508 70 21 förstå.
428 509 50 21 Man
494 509 141 21 öfverlämnar
651 510 23 26 ju
690 509 21 21 åt
727 509 104 26 styrelsen
846 510 30 19 att
890 508 95 28 uppbära

160 536 35 21 det
210 536 133 22 återstående
358 537 99 27 beloppet
472 538 21 20 af
508 538 192 27 aktieteckningen,
716 537 128 21 åtminstone
856 537 32 21 till
898 537 42 21 den
951 537 34 21 del

158 571 51 14 man
232 565 38 20 vill
292 565 62 21 hafva
376 568 23 18 ut
423 566 40 24 det,
485 566 81 21 hvilket
580 566 41 21 kan
637 566 38 21 ske
690 566 8 20 i
714 568 66 19 större
796 567 56 19 rater
866 568 26 18 än
908 566 27 20 20
952 566 32 26 9/,.

159 593 41 27 Jag
216 600 63 14 anser
294 594 69 20 därför
378 596 30 18 att
422 595 25 19 hr
462 594 99 28 Eneberg
575 595 46 21 icke
637 595 70 21 anfört
723 594 65 28 något
798 594 90 21 hållbart
898 594 45 20 skäl
953 594 32 21 för

160 621 41 21 den
218 622 20 20 af
253 622 102 21 utskottet
369 622 119 28 föreslagna
503 623 106 28 åtgärden,
625 630 45 14 som
687 623 75 21 endast
777 623 59 21 leder
850 622 31 21 till
894 622 91 28 onödiga

160 650 116 27 omgångar
292 651 38 20 och
345 651 106 27 dröjsmål.

228 724 33 20 Hr
278 724 154 28 Lindberg:
462 725 41 27 Jag
518 732 61 14 anser
595 725 63 21 också
672 726 27 20 hr
714 724 108 22 Snellman
838 724 62 21 hafva
916 724 69 21 anfört

159 752 55 27 goda
236 752 47 21 skäl
304 753 33 20 för
355 753 35 21 sitt
405 754 94 26 yrkande
515 754 39 21 och
569 754 69 20 finner
653 756 30 19 att
699 754 27 20 då
741 754 36 20 det
792 753 67 27 gäller
873 754 29 20 ett
918 754 65 20 större

158 780 64 28 bolag
237 781 36 21 det
287 781 74 21 endast
375 784 23 18 är
413 782 110 27 styrelsen,
538 789 46 14 som
598 782 42 21 kan
655 784 114 26 garantera
784 784 30 18 att
829 782 35 20 det
875 781 109 21 bestämda

159 808 99 28 beloppet
280 810 68 20 blifvit
362 810 109 22 inbetaldt.
500 811 162 27 Anteckningen
678 811 22 20 af
715 810 99 27 samtliga
828 810 99 20 tecknare
942 810 41 20 kan

159 837 75 21 endast
257 838 48 20 med
327 840 56 19 stora
405 839 114 27 omgångar
539 839 75 21 skaffas
630 840 39 20 och
685 840 64 26 utgör
763 839 54 20 blott
832 845 27 14 en
874 838 109 21 försäkran

159 866 21 20 af
202 866 49 20 dem
273 866 80 28 själfva,
375 869 30 19 att
427 867 26 21 de
475 868 88 20 inbetalt
578 868 46 20 sina
639 868 84 27 belopp,
745 867 81 21 hvilket
840 867 46 21 icke
902 867 82 21 medför

158 896 66 19 större
247 895 82 27 garanti
351 897 26 19 än
400 902 34 14 om
457 896 104 27 styrelsen
578 897 101 27 intygade
696 896 63 21 detta.
789 896 41 27 Jag
845 896 139 20 understöder

159 922 71 21 därför
243 923 27 20 hr
285 923 112 22 Snellman.

226 991 33 21 Hr
281 991 164 24 Serlachius:
476 993 62 20 Hvad
561 994 35 20 hrr
614 993 111 21 Snellman
741 993 39 21 och
796 993 110 20 Sundman
920 993 63 20 hafva

158 1019 69 22 anfört
250 1027 63 20 synes
335 1021 44 27 mig
399 1021 75 21 endast
495 1021 48 21 leda
564 1022 78 20 därhän
658 1024 31 19 att
705 1021 36 21 det
755 1021 7 20 i
778 1021 66 20 andra
858 1021 125 27 paragrafen

157 1047 128 22 föreskrifna
307 1049 128 22 förfarandet
455 1057 50 14 vore
528 1050 108 27 olämpligt
656 1051 39 20 och
719 1050 136 27 betungande
878 1050 34 20 vid
932 1056 15 14 s.
963 1050 19 20 k.

158 1077 116 21 successivt
289 1077 99 22 bildande
404 1078 21 21 af
439 1079 124 27 aktiebolag,
579 1079 37 20 där
631 1079 86 27 bolaget
729 1078 47 21 icke
789 1080 107 25 upprättas
906 1085 77 20 genom

158 1111 27 14 en
200 1106 95 27 enhetlig
310 1106 40 27 akt,
366 1109 50 18 utan
432 1113 76 21 genom
525 1107 108 21 efterhand
648 1107 95 21 skeende
759 1107 109 27 teckning;
885 1113 49 14 men
946 1107 37 20 där

157 1135 24 18 är
201 1134 35 21 det
259 1135 63 20 också
344 1135 97 27 stadgadt
461 1137 30 19 att
512 1136 145 27 inbjudarene,
679 1142 50 14 men
753 1135 47 21 icke
816 1135 166 28 bolagsmännen

157 1162 60 20 skola
238 1163 95 20 bekräfta
355 1163 228 28 bolagsafhandlingen.
613 1164 33 21 Då
668 1165 65 26 lagen
755 1164 137 21 föreskrifver
907 1166 29 18 att
951 1163 31 21 till

156 1190 97 21 vilkoren
275 1191 33 20 för
330 1192 129 27 aktiebolags
481 1193 137 27 upprättande
640 1193 39 21 hör
701 1193 140 27 upprättande
856 1193 22 20 af
892 1192 91 27 skriftlig

157 1218 125 28 afhandling
297 1220 38 20 och
350 1220 132 28 inbetalning
497 1221 21 20 af
533 1228 26 14 en
575 1221 34 21 del
624 1221 21 21 af
660 1221 165 27 aktiekapitalet,
840 1221 66 20 måste
919 1220 63 27 lagen

156 1253 23 14 se
195 1247 31 20 till
242 1249 31 19 att
287 1247 36 21 det
337 1248 33 21 för
385 1249 41 20 den
441 1250 129 27 myndighet,
585 1256 45 14 som
646 1250 131 27 registrerar,
795 1249 53 20 skall
863 1255 50 14 vara
928 1249 54 20 klart

156 1277 30 19 att
208 1275 62 21 dessa
290 1276 78 21 former
390 1279 35 19 äro
446 1278 112 27 iakttagna.
587 1277 33 22 Då
641 1279 65 26 lagen
729 1278 136 21 föreskrifver
880 1279 30 18 att
924 1277 56 20 vissa

155 1310 102 20 personer
272 1305 59 20 skola
346 1312 89 14 ansvara
449 1306 32 21 för
496 1308 29 19 att
540 1306 62 27 bolag
617 1309 23 18 är
654 1307 77 27 lagligt
745 1306 82 21 bildadt
839 1305 35 21 vid
884 1305 98 27 äfventyr

156 1334 30 19 att
208 1333 25 20 de
255 1333 52 26 eljes
329 1340 89 15 ansvara
438 1335 41 20 alla
501 1335 32 20 för
554 1341 26 14 en
603 1335 39 21 och
657 1342 29 14 en
701 1335 34 20 för
750 1335 42 20 alla
806 1335 32 20 för
854 1334 41 21 den
910 1334 71 26 skada,

156 1367 45 15 som
217 1361 62 27 skett,
294 1368 76 20 genom
386 1365 30 19 att
431 1363 26 21 de
472 1363 125 21 föreskrifna
611 1363 109 21 formerna
735 1363 47 21 icke
798 1363 112 27 iakttagits,
925 1362 23 21 så
958 1364 23 19 är

156 1389 35 21 det
206 1390 55 21 klart
277 1392 30 19 att
321 1390 62 28 lagen
399 1392 66 20 måste
479 1392 54 20 fästa
548 1392 61 21 dessa
623 1398 114 21 personers
749 1392 185 27 uppmärksamhet
948 1391 34 20 vid

155 1420 31 18 att
201 1418 25 21 de
242 1418 33 21 stå
289 1418 7 20 i
311 1419 75 21 sådant
401 1426 80 14 ansvar.
510 1420 77 21 Därför
601 1421 86 27 ålägger
702 1420 64 28 lagen
782 1420 48 21 dem
846 1422 29 18 att
887 1420 95 20 bekräfta

155 1446 58 20 detta
228 1447 105 27 skriftligt,
347 1448 28 26 på
390 1448 35 21 det
440 1450 29 19 att
485 1448 25 22 de
525 1449 59 21 skola
599 1450 90 20 förvissa
705 1449 32 27 sig
753 1456 34 14 om
803 1450 30 20 att
848 1448 26 21 de
888 1448 47 20 icke
947 1448 34 20 be-

154 1474 78 22 kräftat
254 1475 65 27 något
339 1482 45 14 som
407 1476 26 22 de
448 1477 47 21 icke
510 1479 47 19 veta
572 1484 50 14 vara
637 1479 54 19 sant.
722 1477 130 27 Därigenom
867 1477 38 20 har
919 1477 62 27 lagen

154 1503 56 26 gjort
231 1503 48 21 dem
303 1504 99 22 särskildt
419 1506 184 27 uppmärksamma
617 1506 27 27 på
659 1506 44 20 den
719 1506 141 27 ansvarighet,
881 1505 59 21 hvari
956 1505 25 21 de
