<?xml version="1.0" encoding="UTF-8"?>
<alto xmlns="http://www.loc.gov/standards/alto/ns-v3#" xmlns:xlink="http://www.w3.org/1999/xlink" xmlns:xsi="http://www.w3.org/2001/XMLSchema-instance" xsi:schemaLocation="http://www.loc.gov/standards/alto/ns-v3# http://www.loc.gov/alto/v3/alto-3-0.xsd">
	<Description>
		<MeasurementUnit>pixel</MeasurementUnit>
		<sourceImageInformation>
			<fileName>/tmp/tess_8vx7zjc6_input.PNG</fileName>
		</sourceImageInformation>
		<OCRProcessing ID="OCR_0">
			<ocrProcessingStep>
				<processingSoftware>
					<softwareName>tesseract 5.3.4</softwareName>
				</processingSoftware>
			</ocrProcessingStep>
		</OCRProcessing>
	</Description>
	<Layout>
		<Page WIDTH="1017" HEIGHT="1731" PHYSICAL_IMG_NR="0" ID="page_0">
			<PrintSpace HPOS="0" VPOS="0" WIDTH="1017" HEIGHT="1731">
				<ComposedBlock ID="cblock_0" HPOS="166" VPOS="100" WIDTH="571" HEIGHT="27">
					<TextBlock ID="block_0" HPOS="166" VPOS="100" WIDTH="571" HEIGHT="27">
						<TextLine ID="line_0" HPOS="166" VPOS="100" WIDTH="571" HEIGHT="27">
							<String ID="string_0" HPOS="166" VPOS="100" WIDTH="42" HEIGHT="20" WC="0.95" CONTENT="658"/><SP WIDTH="165" VPOS="100" HPOS="208"/>
							<String ID="string_1" HPOS="373" VPOS="100" WIDTH="188" HEIGHT="27" WC="0.91" CONTENT="Borgareståndet"/><SP WIDTH="6" VPOS="100" HPOS="561"/>
							<String ID="string_2" HPOS="567" VPOS="107" WIDTH="54" HEIGHT="16" WC="0.96" CONTENT="1891."/><SP WIDTH="22" VPOS="107" HPOS="621"/>
							<String ID="string_3" HPOS="643" VPOS="107" WIDTH="22" HEIGHT="16" WC="0.96" CONTENT="14"/><SP WIDTH="13" VPOS="107" HPOS="665"/>
							<String ID="string_4" HPOS="678" VPOS="106" WIDTH="59" HEIGHT="21" WC="0.94" CONTENT="april."/>
						</TextLine>
					</TextBlock>
				</ComposedBlock>
				<GraphicalElement ID="cblock_1" HPOS="141" VPOS="130" WIDTH="822" HEIGHT="24"></GraphicalElement >
				<ComposedBlock ID="cblock_2" HPOS="136" VPOS="184" WIDTH="835" HEIGHT="135">
					<TextBlock ID="block_1" HPOS="136" VPOS="184" WIDTH="835" HEIGHT="135">
						<TextLine ID="line_1" HPOS="138" VPOS="184" WIDTH="831" HEIGHT="29">
							<String ID="string_5" HPOS="138" VPOS="185" WIDTH="54" HEIGHT="21" WC="0.96" CONTENT="blott"/><SP WIDTH="22" VPOS="185" HPOS="192"/>
							<String ID="string_6" HPOS="214" VPOS="191" WIDTH="28" HEIGHT="15" WC="0.93" CONTENT="en"/><SP WIDTH="21" VPOS="191" HPOS="242"/>
							<String ID="string_7" HPOS="263" VPOS="185" WIDTH="56" HEIGHT="27" WC="0.92" CONTENT="agio-"/><SP WIDTH="16" VPOS="185" HPOS="319"/>
							<String ID="string_8" HPOS="335" VPOS="185" WIDTH="53" HEIGHT="20" WC="0.93" CONTENT="eller"/><SP WIDTH="14" VPOS="185" HPOS="388"/>
							<String ID="string_9" HPOS="402" VPOS="185" WIDTH="195" HEIGHT="28" WC="0.91" CONTENT="konjunkturvinst."/><SP WIDTH="30" VPOS="185" HPOS="597"/>
							<String ID="string_10" HPOS="627" VPOS="185" WIDTH="64" HEIGHT="21" WC="0.93" CONTENT="Hvad"/><SP WIDTH="15" VPOS="185" HPOS="691"/>
							<String ID="string_11" HPOS="706" VPOS="185" WIDTH="25" HEIGHT="20" WC="0.93" CONTENT="hr"/><SP WIDTH="16" VPOS="185" HPOS="731"/>
							<String ID="string_12" HPOS="747" VPOS="184" WIDTH="110" HEIGHT="21" WC="0.92" CONTENT="Stenroths"/><SP WIDTH="15" VPOS="184" HPOS="857"/>
							<String ID="string_13" HPOS="872" VPOS="185" WIDTH="97" HEIGHT="21" WC="0.92" CONTENT="anmärk-"/>
						</TextLine>
						<TextLine ID="line_2" HPOS="139" VPOS="213" WIDTH="832" HEIGHT="28">
							<String ID="string_14" HPOS="139" VPOS="214" WIDTH="53" HEIGHT="27" WC="0.92" CONTENT="ning"/><SP WIDTH="20" VPOS="214" HPOS="192"/>
							<String ID="string_15" HPOS="212" VPOS="213" WIDTH="140" HEIGHT="27" WC="0.92" CONTENT="vidkommer,"/><SP WIDTH="22" VPOS="213" HPOS="352"/>
							<String ID="string_16" HPOS="374" VPOS="213" WIDTH="24" HEIGHT="21" WC="0.93" CONTENT="sä"/><SP WIDTH="21" VPOS="213" HPOS="398"/>
							<String ID="string_17" HPOS="419" VPOS="219" WIDTH="65" HEIGHT="21" WC="0.91" CONTENT="synes"/><SP WIDTH="19" VPOS="219" HPOS="484"/>
							<String ID="string_18" HPOS="503" VPOS="213" WIDTH="36" HEIGHT="22" WC="0.96" CONTENT="det"/><SP WIDTH="15" VPOS="213" HPOS="539"/>
							<String ID="string_19" HPOS="554" VPOS="214" WIDTH="45" HEIGHT="27" WC="0.96" CONTENT="mig"/><SP WIDTH="20" VPOS="214" HPOS="599"/>
							<String ID="string_20" HPOS="619" VPOS="213" WIDTH="88" HEIGHT="22" WC="0.93" CONTENT="alldeles"/><SP WIDTH="14" VPOS="213" HPOS="707"/>
							<String ID="string_21" HPOS="721" VPOS="213" WIDTH="103" HEIGHT="28" WC="0.92" CONTENT="naturligt"/><SP WIDTH="15" VPOS="213" HPOS="824"/>
							<String ID="string_22" HPOS="839" VPOS="215" WIDTH="35" HEIGHT="25" WC="0.96" CONTENT="att,"/><SP WIDTH="16" VPOS="215" HPOS="874"/>
							<String ID="string_23" HPOS="890" VPOS="220" WIDTH="34" HEIGHT="14" WC="0.96" CONTENT="om"/><SP WIDTH="16" VPOS="220" HPOS="924"/>
							<String ID="string_24" HPOS="940" VPOS="215" WIDTH="31" HEIGHT="19" WC="0.96" CONTENT="ett"/>
						</TextLine>
						<TextLine ID="line_3" HPOS="139" VPOS="241" WIDTH="832" HEIGHT="28">
							<String ID="string_25" HPOS="139" VPOS="242" WIDTH="63" HEIGHT="27" WC="0.93" CONTENT="bolag"/><SP WIDTH="16" VPOS="242" HPOS="202"/>
							<String ID="string_26" HPOS="218" VPOS="242" WIDTH="78" HEIGHT="21" WC="0.92" CONTENT="önskar"/><SP WIDTH="22" VPOS="242" HPOS="296"/>
							<String ID="string_27" HPOS="318" VPOS="242" WIDTH="49" HEIGHT="27" WC="0.96" CONTENT="höja"/><SP WIDTH="16" VPOS="242" HPOS="367"/>
							<String ID="string_28" HPOS="383" VPOS="242" WIDTH="35" HEIGHT="21" WC="0.93" CONTENT="sitt"/><SP WIDTH="15" VPOS="242" HPOS="418"/>
							<String ID="string_29" HPOS="433" VPOS="242" WIDTH="143" HEIGHT="27" WC="0.90" CONTENT="aktiekapital,"/><SP WIDTH="23" VPOS="242" HPOS="576"/>
							<String ID="string_30" HPOS="599" VPOS="242" WIDTH="84" HEIGHT="27" WC="0.91" CONTENT="bolaget"/><SP WIDTH="15" VPOS="242" HPOS="683"/>
							<String ID="string_31" HPOS="698" VPOS="241" WIDTH="95" HEIGHT="21" WC="0.92" CONTENT="hvarken"/><SP WIDTH="15" VPOS="241" HPOS="793"/>
							<String ID="string_32" HPOS="808" VPOS="242" WIDTH="42" HEIGHT="20" WC="0.96" CONTENT="kan"/><SP WIDTH="16" VPOS="242" HPOS="850"/>
							<String ID="string_33" HPOS="866" VPOS="242" WIDTH="51" HEIGHT="21" WC="0.96" CONTENT="eller"/><SP WIDTH="15" VPOS="242" HPOS="917"/>
							<String ID="string_34" HPOS="932" VPOS="241" WIDTH="39" HEIGHT="21" WC="0.96" CONTENT="bör"/>
						</TextLine>
						<TextLine ID="line_4" HPOS="138" VPOS="270" WIDTH="831" HEIGHT="28">
							<String ID="string_35" HPOS="138" VPOS="270" WIDTH="79" HEIGHT="21" WC="0.92" CONTENT="tillätas"/><SP WIDTH="15" VPOS="270" HPOS="217"/>
							<String ID="string_36" HPOS="232" VPOS="272" WIDTH="31" HEIGHT="19" WC="0.93" CONTENT="att"/><SP WIDTH="15" VPOS="272" HPOS="263"/>
							<String ID="string_37" HPOS="278" VPOS="270" WIDTH="72" HEIGHT="21" WC="0.92" CONTENT="utdela"/><SP WIDTH="15" VPOS="270" HPOS="350"/>
							<String ID="string_38" HPOS="365" VPOS="270" WIDTH="57" HEIGHT="21" WC="0.91" CONTENT="vinst"/><SP WIDTH="14" VPOS="270" HPOS="422"/>
							<String ID="string_39" HPOS="436" VPOS="271" WIDTH="66" HEIGHT="20" WC="0.92" CONTENT="innan"/><SP WIDTH="15" VPOS="271" HPOS="502"/>
							<String ID="string_40" HPOS="517" VPOS="271" WIDTH="49" HEIGHT="20" WC="0.96" CONTENT="hela"/><SP WIDTH="15" VPOS="271" HPOS="566"/>
							<String ID="string_41" HPOS="581" VPOS="271" WIDTH="99" HEIGHT="27" WC="0.96" CONTENT="beloppet"/><SP WIDTH="19" VPOS="271" HPOS="680"/>
							<String ID="string_42" HPOS="699" VPOS="270" WIDTH="21" HEIGHT="20" WC="0.93" CONTENT="af"/><SP WIDTH="15" VPOS="270" HPOS="720"/>
							<String ID="string_43" HPOS="735" VPOS="270" WIDTH="149" HEIGHT="27" WC="0.93" CONTENT="förhöjningen"/><SP WIDTH="15" VPOS="270" HPOS="884"/>
							<String ID="string_44" HPOS="899" VPOS="270" WIDTH="70" HEIGHT="21" WC="0.91" CONTENT="blifvit"/>
						</TextLine>
						<TextLine ID="line_5" HPOS="136" VPOS="299" WIDTH="110" HEIGHT="20">
							<String ID="string_45" HPOS="136" VPOS="299" WIDTH="110" HEIGHT="20" WC="0.92" CONTENT="inbetaldt."/>
						</TextLine>
					</TextBlock>
				</ComposedBlock>
				<ComposedBlock ID="cblock_3" HPOS="136" VPOS="360" WIDTH="832" HEIGHT="56">
					<TextBlock ID="block_2" HPOS="136" VPOS="360" WIDTH="832" HEIGHT="56">
						<TextLine ID="line_6" HPOS="206" VPOS="360" WIDTH="762" HEIGHT="28">
							<String ID="string_46" HPOS="206" VPOS="360" WIDTH="33" HEIGHT="21" WC="0.91" CONTENT="Dä"/><SP WIDTH="22" VPOS="360" HPOS="239"/>
							<String ID="string_47" HPOS="261" VPOS="361" WIDTH="65" HEIGHT="26" WC="0.95" CONTENT="ingen"/><SP WIDTH="24" VPOS="361" HPOS="326"/>
							<String ID="string_48" HPOS="350" VPOS="360" WIDTH="71" HEIGHT="21" WC="0.93" CONTENT="vidare"/><SP WIDTH="23" VPOS="360" HPOS="421"/>
							<String ID="string_49" HPOS="444" VPOS="361" WIDTH="71" HEIGHT="20" WC="0.92" CONTENT="anhöll"/><SP WIDTH="18" VPOS="361" HPOS="515"/>
							<String ID="string_50" HPOS="533" VPOS="367" WIDTH="36" HEIGHT="14" WC="0.93" CONTENT="om"/><SP WIDTH="16" VPOS="367" HPOS="569"/>
							<String ID="string_51" HPOS="585" VPOS="361" WIDTH="65" HEIGHT="27" WC="0.92" CONTENT="ordet,"/><SP WIDTH="23" VPOS="361" HPOS="650"/>
							<String ID="string_52" HPOS="673" VPOS="361" WIDTH="131" HEIGHT="20" WC="0.92" CONTENT="förklarades"/><SP WIDTH="16" VPOS="361" HPOS="804"/>
							<String ID="string_53" HPOS="820" VPOS="361" WIDTH="148" HEIGHT="20" WC="0.91" CONTENT="diskussionen"/>
						</TextLine>
						<TextLine ID="line_7" HPOS="136" VPOS="389" WIDTH="340" HEIGHT="27">
							<String ID="string_54" HPOS="136" VPOS="389" WIDTH="91" HEIGHT="21" WC="0.92" CONTENT="rörande"/><SP WIDTH="16" VPOS="389" HPOS="227"/>
							<String ID="string_55" HPOS="243" VPOS="389" WIDTH="11" HEIGHT="27" WC="0.92" CONTENT="$"/><SP WIDTH="17" VPOS="389" HPOS="254"/>
							<String ID="string_56" HPOS="271" VPOS="389" WIDTH="27" HEIGHT="20" WC="0.93" CONTENT="20"/><SP WIDTH="15" VPOS="389" HPOS="298"/>
							<String ID="string_57" HPOS="313" VPOS="389" WIDTH="51" HEIGHT="20" WC="0.91" CONTENT="härä"/><SP WIDTH="15" VPOS="389" HPOS="364"/>
							<String ID="string_58" HPOS="379" VPOS="389" WIDTH="97" HEIGHT="21" WC="0.90" CONTENT="afslutad."/>
						</TextLine>
					</TextBlock>
				</ComposedBlock>
				<ComposedBlock ID="cblock_4" HPOS="136" VPOS="451" WIDTH="831" HEIGHT="141">
					<TextBlock ID="block_3" HPOS="136" VPOS="451" WIDTH="831" HEIGHT="141">
						<TextLine ID="line_8" HPOS="207" VPOS="451" WIDTH="759" HEIGHT="28">
							<String ID="string_59" HPOS="207" VPOS="451" WIDTH="70" HEIGHT="20" WC="0.96" CONTENT="Sedan"/><SP WIDTH="23" VPOS="451" HPOS="277"/>
							<String ID="string_60" HPOS="300" VPOS="451" WIDTH="25" HEIGHT="20" WC="0.95" CONTENT="hr"/><SP WIDTH="14" VPOS="451" HPOS="325"/>
							<String ID="string_61" HPOS="339" VPOS="451" WIDTH="144" HEIGHT="27" WC="0.95" CONTENT="Nissinen,"/><SP WIDTH="25" VPOS="451" HPOS="483"/>
							<String ID="string_62" HPOS="508" VPOS="458" WIDTH="46" HEIGHT="14" WC="0.96" CONTENT="som"/><SP WIDTH="16" VPOS="458" HPOS="554"/>
							<String ID="string_63" HPOS="570" VPOS="451" WIDTH="88" HEIGHT="28" WC="0.93" CONTENT="tidigare"/><SP WIDTH="17" VPOS="451" HPOS="658"/>
							<String ID="string_64" HPOS="675" VPOS="451" WIDTH="125" HEIGHT="21" WC="0.93" CONTENT="understödt"/><SP WIDTH="15" VPOS="451" HPOS="800"/>
							<String ID="string_65" HPOS="815" VPOS="451" WIDTH="25" HEIGHT="20" WC="0.93" CONTENT="hr"/><SP WIDTH="14" VPOS="451" HPOS="840"/>
							<String ID="string_66" HPOS="854" VPOS="451" WIDTH="112" HEIGHT="20" WC="0.92" CONTENT="Borenius&#39;"/>
						</TextLine>
						<TextLine ID="line_9" HPOS="136" VPOS="479" WIDTH="831" HEIGHT="28">
							<String ID="string_67" HPOS="136" VPOS="479" WIDTH="80" HEIGHT="27" WC="0.96" CONTENT="förslag"/><SP WIDTH="22" VPOS="479" HPOS="216"/>
							<String ID="string_68" HPOS="238" VPOS="479" WIDTH="33" HEIGHT="20" WC="0.96" CONTENT="till"/><SP WIDTH="22" VPOS="479" HPOS="271"/>
							<String ID="string_69" HPOS="293" VPOS="479" WIDTH="90" HEIGHT="28" WC="0.96" CONTENT="ändring"/><SP WIDTH="23" VPOS="479" HPOS="383"/>
							<String ID="string_70" HPOS="406" VPOS="479" WIDTH="21" HEIGHT="21" WC="0.96" CONTENT="af"/><SP WIDTH="22" VPOS="479" HPOS="427"/>
							<String ID="string_71" HPOS="449" VPOS="480" WIDTH="65" HEIGHT="20" WC="0.93" CONTENT="första"/><SP WIDTH="14" VPOS="480" HPOS="514"/>
							<String ID="string_72" HPOS="528" VPOS="482" WIDTH="123" HEIGHT="24" WC="0.92" CONTENT="momentet,"/><SP WIDTH="18" VPOS="482" HPOS="651"/>
							<String ID="string_73" HPOS="669" VPOS="479" WIDTH="63" HEIGHT="21" WC="0.91" CONTENT="äfven"/><SP WIDTH="15" VPOS="479" HPOS="732"/>
							<String ID="string_74" HPOS="747" VPOS="479" WIDTH="83" HEIGHT="21" WC="0.96" CONTENT="förenat"/><SP WIDTH="15" VPOS="479" HPOS="830"/>
							<String ID="string_75" HPOS="845" VPOS="479" WIDTH="31" HEIGHT="27" WC="0.96" CONTENT="sig"/><SP WIDTH="16" VPOS="479" HPOS="876"/>
							<String ID="string_76" HPOS="892" VPOS="485" WIDTH="33" HEIGHT="14" WC="0.96" CONTENT="om"/><SP WIDTH="17" VPOS="485" HPOS="925"/>
							<String ID="string_77" HPOS="942" VPOS="479" WIDTH="25" HEIGHT="20" WC="0.96" CONTENT="hr"/>
						</TextLine>
						<TextLine ID="line_10" HPOS="136" VPOS="507" WIDTH="830" HEIGHT="29">
							<String ID="string_78" HPOS="136" VPOS="507" WIDTH="90" HEIGHT="28" WC="0.92" CONTENT="Elvings"/><SP WIDTH="22" VPOS="507" HPOS="226"/>
							<String ID="string_79" HPOS="248" VPOS="507" WIDTH="79" HEIGHT="28" WC="0.96" CONTENT="förslag"/><SP WIDTH="22" VPOS="507" HPOS="327"/>
							<String ID="string_80" HPOS="349" VPOS="510" WIDTH="30" HEIGHT="19" WC="0.93" CONTENT="att"/><SP WIDTH="15" VPOS="510" HPOS="379"/>
							<String ID="string_81" HPOS="394" VPOS="508" WIDTH="59" HEIGHT="21" WC="0.90" CONTENT="ordet"/><SP WIDTH="16" VPOS="508" HPOS="453"/>
							<String ID="string_82" HPOS="469" VPOS="508" WIDTH="118" HEIGHT="28" WC="0.32" CONTENT=",värkliga&#39;"/><SP WIDTH="15" VPOS="508" HPOS="587"/>
							<String ID="string_83" HPOS="602" VPOS="508" WIDTH="89" HEIGHT="21" WC="0.96" CONTENT="framför"/><SP WIDTH="16" VPOS="508" HPOS="691"/>
							<String ID="string_84" HPOS="707" VPOS="507" WIDTH="60" HEIGHT="21" WC="0.93" CONTENT="ordet"/><SP WIDTH="15" VPOS="507" HPOS="767"/>
							<String ID="string_85" HPOS="782" VPOS="524" WIDTH="10" HEIGHT="11" WC="0.74" CONTENT=",,"/><SP WIDTH="1" VPOS="524" HPOS="792"/>
							<String ID="string_86" HPOS="793" VPOS="508" WIDTH="76" HEIGHT="21" WC="0.95" CONTENT="värde&quot;"/><SP WIDTH="15" VPOS="508" HPOS="869"/>
							<String ID="string_87" HPOS="884" VPOS="508" WIDTH="8" HEIGHT="20" WC="0.92" CONTENT="i"/><SP WIDTH="14" VPOS="508" HPOS="892"/>
							<String ID="string_88" HPOS="906" VPOS="514" WIDTH="60" HEIGHT="21" WC="0.92" CONTENT="para-"/>
						</TextLine>
						<TextLine ID="line_11" HPOS="137" VPOS="536" WIDTH="829" HEIGHT="28">
							<String ID="string_89" HPOS="137" VPOS="536" WIDTH="85" HEIGHT="27" WC="0.92" CONTENT="grafens"/><SP WIDTH="22" VPOS="536" HPOS="222"/>
							<String ID="string_90" HPOS="244" VPOS="537" WIDTH="5" HEIGHT="19" WC="0.96" CONTENT="1"/><SP WIDTH="17" VPOS="537" HPOS="249"/>
							<String ID="string_91" HPOS="266" VPOS="543" WIDTH="63" HEIGHT="14" WC="0.96" CONTENT="mom."/><SP WIDTH="17" VPOS="543" HPOS="329"/>
							<String ID="string_92" HPOS="346" VPOS="536" WIDTH="68" HEIGHT="21" WC="0.93" CONTENT="skulle"/><SP WIDTH="15" VPOS="536" HPOS="414"/>
							<String ID="string_93" HPOS="429" VPOS="537" WIDTH="56" HEIGHT="27" WC="0.87" CONTENT="utgä,"/><SP WIDTH="15" VPOS="537" HPOS="485"/>
							<String ID="string_94" HPOS="500" VPOS="537" WIDTH="123" HEIGHT="21" WC="0.93" CONTENT="framstälde"/><SP WIDTH="15" VPOS="537" HPOS="623"/>
							<String ID="string_95" HPOS="638" VPOS="537" WIDTH="25" HEIGHT="20" WC="0.93" CONTENT="hr"/><SP WIDTH="15" VPOS="537" HPOS="663"/>
							<String ID="string_96" HPOS="678" VPOS="536" WIDTH="124" HEIGHT="21" WC="0.92" CONTENT="talmannen"/><SP WIDTH="16" VPOS="536" HPOS="802"/>
							<String ID="string_97" HPOS="818" VPOS="536" WIDTH="92" HEIGHT="28" WC="0.93" CONTENT="följande"/><SP WIDTH="12" VPOS="536" HPOS="910"/>
							<String ID="string_98" HPOS="922" VPOS="543" WIDTH="44" HEIGHT="14" WC="0.92" CONTENT="om-"/>
						</TextLine>
						<TextLine ID="line_12" HPOS="136" VPOS="565" WIDTH="704" HEIGHT="27">
							<String ID="string_99" HPOS="136" VPOS="565" WIDTH="238" HEIGHT="27" WC="0.91" CONTENT="röstningsproposition"/><SP WIDTH="16" VPOS="565" HPOS="374"/>
							<String ID="string_100" HPOS="390" VPOS="565" WIDTH="129" HEIGHT="21" WC="0.95" CONTENT="beträffande"/><SP WIDTH="16" VPOS="565" HPOS="519"/>
							<String ID="string_101" HPOS="535" VPOS="565" WIDTH="58" HEIGHT="21" WC="0.96" CONTENT="detta"/><SP WIDTH="15" VPOS="565" HPOS="593"/>
							<String ID="string_102" HPOS="608" VPOS="566" WIDTH="25" HEIGHT="20" WC="0.93" CONTENT="hr"/><SP WIDTH="14" VPOS="566" HPOS="633"/>
							<String ID="string_103" HPOS="647" VPOS="565" WIDTH="90" HEIGHT="27" WC="0.92" CONTENT="Elvings"/><SP WIDTH="15" VPOS="565" HPOS="737"/>
							<String ID="string_104" HPOS="752" VPOS="565" WIDTH="88" HEIGHT="27" WC="0.96" CONTENT="förslag:"/>
						</TextLine>
					</TextBlock>
				</ComposedBlock>
				<ComposedBlock ID="cblock_5" HPOS="135" VPOS="627" WIDTH="830" HEIGHT="60">
					<TextBlock ID="block_4" HPOS="135" VPOS="627" WIDTH="830" HEIGHT="56">
						<TextLine ID="line_13" HPOS="205" VPOS="627" WIDTH="760" HEIGHT="27">
							<String ID="string_105" HPOS="205" VPOS="627" WIDTH="39" HEIGHT="26" WC="0.93" CONTENT="De,"/><SP WIDTH="17" VPOS="627" HPOS="244"/>
							<String ID="string_106" HPOS="261" VPOS="627" WIDTH="75" HEIGHT="21" WC="0.96" CONTENT="hvilka"/><SP WIDTH="13" VPOS="627" HPOS="336"/>
							<String ID="string_107" HPOS="349" VPOS="627" WIDTH="116" HEIGHT="27" WC="0.95" CONTENT="godkänna"/><SP WIDTH="16" VPOS="627" HPOS="465"/>
							<String ID="string_108" HPOS="481" VPOS="628" WIDTH="112" HEIGHT="20" WC="0.95" CONTENT="utskottets"/><SP WIDTH="15" VPOS="628" HPOS="593"/>
							<String ID="string_109" HPOS="608" VPOS="627" WIDTH="84" HEIGHT="32" WC="0.95" CONTENT="förslag"/><SP WIDTH="17" VPOS="627" HPOS="692"/>
							<String ID="string_110" HPOS="709" VPOS="627" WIDTH="34" HEIGHT="20" WC="0.93" CONTENT="till"/><SP WIDTH="16" VPOS="627" HPOS="743"/>
							<String ID="string_111" HPOS="759" VPOS="627" WIDTH="79" HEIGHT="27" WC="0.96" CONTENT="lydelse"/><SP WIDTH="14" VPOS="627" HPOS="838"/>
							<String ID="string_112" HPOS="852" VPOS="627" WIDTH="36" HEIGHT="27" WC="0.93" CONTENT="för"/><SP WIDTH="14" VPOS="627" HPOS="888"/>
							<String ID="string_113" HPOS="902" VPOS="627" WIDTH="15" HEIGHT="27" WC="0.92" CONTENT="$"/><SP WIDTH="16" VPOS="627" HPOS="917"/>
							<String ID="string_114" HPOS="933" VPOS="627" WIDTH="32" HEIGHT="20" WC="0.97" CONTENT="20"/>
						</TextLine>
						<TextLine ID="line_14" HPOS="135" VPOS="644" WIDTH="827" HEIGHT="43">
							<String ID="string_115" HPOS="135" VPOS="655" WIDTH="9" HEIGHT="20" WC="0.94" CONTENT="i"/><SP WIDTH="15" VPOS="655" HPOS="144"/>
							<String ID="string_116" HPOS="159" VPOS="644" WIDTH="146" HEIGHT="43" WC="0.96" CONTENT="förevarande"/><SP WIDTH="15" VPOS="644" HPOS="305"/>
							<String ID="string_117" HPOS="320" VPOS="655" WIDTH="101" HEIGHT="27" WC="0.93" CONTENT="afseende"/><SP WIDTH="20" VPOS="655" HPOS="421"/>
							<String ID="string_118" HPOS="441" VPOS="656" WIDTH="150" HEIGHT="27" WC="0.90" CONTENT="oförändradt,"/><SP WIDTH="18" VPOS="656" HPOS="591"/>
							<String ID="string_119" HPOS="609" VPOS="658" WIDTH="58" HEIGHT="18" WC="0.96" CONTENT="rösta"/><SP WIDTH="9" VPOS="658" HPOS="667"/>
							<String ID="string_120" HPOS="676" VPOS="656" WIDTH="42" HEIGHT="26" WC="0.95" CONTENT="ja;"/><SP WIDTH="24" VPOS="656" HPOS="718"/>
							<String ID="string_121" HPOS="742" VPOS="656" WIDTH="31" HEIGHT="26" WC="0.96" CONTENT="de,"/><SP WIDTH="23" VPOS="656" HPOS="773"/>
							<String ID="string_122" HPOS="796" VPOS="656" WIDTH="35" HEIGHT="20" WC="0.96" CONTENT="det"/><SP WIDTH="14" VPOS="656" HPOS="831"/>
							<String ID="string_123" HPOS="845" VPOS="655" WIDTH="67" HEIGHT="21" WC="0.95" CONTENT="icke"/><SP WIDTH="-7" VPOS="655" HPOS="912"/>
							<String ID="string_124" HPOS="905" VPOS="657" WIDTH="57" HEIGHT="25" WC="0.96" CONTENT="göra,"/>
						</TextLine>
					</TextBlock>
				</ComposedBlock>
				<ComposedBlock ID="cblock_6" HPOS="134" VPOS="685" WIDTH="829" HEIGHT="55">
					<TextBlock ID="block_5" HPOS="134" VPOS="685" WIDTH="829" HEIGHT="55">
						<TextLine ID="line_15" HPOS="134" VPOS="685" WIDTH="122" HEIGHT="26">
							<String ID="string_125" HPOS="134" VPOS="685" WIDTH="60" HEIGHT="19" WC="0.96" CONTENT="rösta"/><SP WIDTH="14" VPOS="685" HPOS="194"/>
							<String ID="string_126" HPOS="208" VPOS="684" WIDTH="48" HEIGHT="27" WC="0.96" CONTENT="nej;"/>
						</TextLine>
						<TextLine ID="line_16" HPOS="204" VPOS="711" WIDTH="759" HEIGHT="29">
							<String ID="string_127" HPOS="204" VPOS="712" WIDTH="81" HEIGHT="20" WC="0.96" CONTENT="vinner"/><SP WIDTH="15" VPOS="712" HPOS="285"/>
							<String ID="string_128" HPOS="300" VPOS="712" WIDTH="41" HEIGHT="28" WC="0.96" CONTENT="nej,"/><SP WIDTH="17" VPOS="712" HPOS="341"/>
							<String ID="string_129" HPOS="358" VPOS="712" WIDTH="41" HEIGHT="21" WC="0.93" CONTENT="har"/><SP WIDTH="16" VPOS="712" HPOS="399"/>
							<String ID="string_130" HPOS="415" VPOS="712" WIDTH="176" HEIGHT="28" WC="0.92" CONTENT="borgareständet"/><SP WIDTH="20" VPOS="712" HPOS="591"/>
							<String ID="string_131" HPOS="611" VPOS="712" WIDTH="88" HEIGHT="21" WC="0.92" CONTENT="beslutit"/><SP WIDTH="16" VPOS="712" HPOS="699"/>
							<String ID="string_132" HPOS="715" VPOS="713" WIDTH="33" HEIGHT="19" WC="0.93" CONTENT="att"/><SP WIDTH="15" VPOS="713" HPOS="748"/>
							<String ID="string_133" HPOS="763" VPOS="712" WIDTH="60" HEIGHT="20" WC="0.93" CONTENT="ordet"/><SP WIDTH="13" VPOS="712" HPOS="823"/>
							<String ID="string_134" HPOS="836" VPOS="711" WIDTH="127" HEIGHT="27" WC="0.63" CONTENT=",,värkliga”"/>
						</TextLine>
					</TextBlock>
				</ComposedBlock>
				<ComposedBlock ID="cblock_7" HPOS="133" VPOS="740" WIDTH="773" HEIGHT="28">
					<TextBlock ID="block_6" HPOS="133" VPOS="740" WIDTH="773" HEIGHT="28">
						<TextLine ID="line_17" HPOS="133" VPOS="740" WIDTH="773" HEIGHT="28">
							<String ID="string_135" HPOS="133" VPOS="740" WIDTH="99" HEIGHT="27" WC="0.96" CONTENT="framför"/><SP WIDTH="14" VPOS="740" HPOS="232"/>
							<String ID="string_136" HPOS="246" VPOS="740" WIDTH="61" HEIGHT="21" WC="0.92" CONTENT="ordet"/><SP WIDTH="14" VPOS="740" HPOS="307"/>
							<String ID="string_137" HPOS="321" VPOS="736" WIDTH="18" HEIGHT="36" WC="0.12" CONTENT=",,"/><SP WIDTH="-4" VPOS="736" HPOS="339"/>
							<String ID="string_138" HPOS="335" VPOS="741" WIDTH="78" HEIGHT="20" WC="0.12" CONTENT="värde&quot;"/><SP WIDTH="18" VPOS="741" HPOS="413"/>
							<String ID="string_139" HPOS="431" VPOS="741" WIDTH="14" HEIGHT="20" WC="0.89" CONTENT="å"/><SP WIDTH="15" VPOS="741" HPOS="445"/>
							<String ID="string_140" HPOS="460" VPOS="742" WIDTH="14" HEIGHT="19" WC="0.96" CONTENT="4"/><SP WIDTH="15" VPOS="742" HPOS="474"/>
							<String ID="string_141" HPOS="489" VPOS="741" WIDTH="68" HEIGHT="20" WC="0.96" CONTENT="raden"/><SP WIDTH="16" VPOS="741" HPOS="557"/>
							<String ID="string_142" HPOS="573" VPOS="740" WIDTH="28" HEIGHT="28" WC="0.96" CONTENT="af"/><SP WIDTH="17" VPOS="740" HPOS="601"/>
							<String ID="string_143" HPOS="618" VPOS="742" WIDTH="5" HEIGHT="19" WC="0.96" CONTENT="1"/><SP WIDTH="16" VPOS="742" HPOS="623"/>
							<String ID="string_144" HPOS="639" VPOS="747" WIDTH="66" HEIGHT="14" WC="0.96" CONTENT="mom."/><SP WIDTH="17" VPOS="747" HPOS="705"/>
							<String ID="string_145" HPOS="722" VPOS="740" WIDTH="57" HEIGHT="21" WC="0.95" CONTENT="skall"/><SP WIDTH="15" VPOS="740" HPOS="779"/>
							<String ID="string_146" HPOS="794" VPOS="740" WIDTH="112" HEIGHT="20" WC="0.95" CONTENT="uteslutas."/>
						</TextLine>
					</TextBlock>
				</ComposedBlock>
				<ComposedBlock ID="cblock_8" HPOS="133" VPOS="802" WIDTH="829" HEIGHT="84">
					<TextBlock ID="block_7" HPOS="133" VPOS="802" WIDTH="829" HEIGHT="84">
						<TextLine ID="line_18" HPOS="202" VPOS="802" WIDTH="759" HEIGHT="28">
							<String ID="string_147" HPOS="202" VPOS="802" WIDTH="43" HEIGHT="20" WC="0.93" CONTENT="Vid"/><SP WIDTH="23" VPOS="802" HPOS="245"/>
							<String ID="string_148" HPOS="268" VPOS="802" WIDTH="106" HEIGHT="21" WC="0.91" CONTENT="värkstäld"/><SP WIDTH="17" VPOS="802" HPOS="374"/>
							<String ID="string_149" HPOS="391" VPOS="803" WIDTH="96" HEIGHT="27" WC="0.91" CONTENT="votering"/><SP WIDTH="14" VPOS="803" HPOS="487"/>
							<String ID="string_150" HPOS="501" VPOS="803" WIDTH="96" HEIGHT="27" WC="0.92" CONTENT="afgäfvos"/><SP WIDTH="16" VPOS="803" HPOS="597"/>
							<String ID="string_151" HPOS="613" VPOS="804" WIDTH="26" HEIGHT="20" WC="0.96" CONTENT="18"/><SP WIDTH="15" VPOS="804" HPOS="639"/>
							<String ID="string_152" HPOS="654" VPOS="804" WIDTH="22" HEIGHT="26" WC="0.96" CONTENT="ja"/><SP WIDTH="16" VPOS="804" HPOS="676"/>
							<String ID="string_153" HPOS="692" VPOS="802" WIDTH="39" HEIGHT="21" WC="0.96" CONTENT="och"/><SP WIDTH="16" VPOS="802" HPOS="731"/>
							<String ID="string_154" HPOS="747" VPOS="803" WIDTH="26" HEIGHT="20" WC="0.96" CONTENT="31"/><SP WIDTH="17" VPOS="803" HPOS="773"/>
							<String ID="string_155" HPOS="790" VPOS="803" WIDTH="42" HEIGHT="26" WC="0.96" CONTENT="nej,"/><SP WIDTH="22" VPOS="803" HPOS="832"/>
							<String ID="string_156" HPOS="854" VPOS="802" WIDTH="39" HEIGHT="21" WC="0.96" CONTENT="och"/><SP WIDTH="15" VPOS="802" HPOS="893"/>
							<String ID="string_157" HPOS="908" VPOS="802" WIDTH="53" HEIGHT="20" WC="0.96" CONTENT="hade"/>
						</TextLine>
						<TextLine ID="line_19" HPOS="133" VPOS="830" WIDTH="829" HEIGHT="22">
							<String ID="string_158" HPOS="133" VPOS="830" WIDTH="84" HEIGHT="22" WC="0.96" CONTENT="ståndet"/><SP WIDTH="23" VPOS="830" HPOS="217"/>
							<String ID="string_159" HPOS="240" VPOS="831" WIDTH="82" HEIGHT="20" WC="0.91" CONTENT="således"/><SP WIDTH="23" VPOS="831" HPOS="322"/>
							<String ID="string_160" HPOS="345" VPOS="830" WIDTH="86" HEIGHT="22" WC="0.81" CONTENT="beslutit"/><SP WIDTH="22" VPOS="830" HPOS="431"/>
							<String ID="string_161" HPOS="453" VPOS="833" WIDTH="30" HEIGHT="19" WC="0.96" CONTENT="att"/><SP WIDTH="22" VPOS="833" HPOS="483"/>
							<String ID="string_162" HPOS="505" VPOS="838" WIDTH="26" HEIGHT="14" WC="0.95" CONTENT="ur"/><SP WIDTH="26" VPOS="838" HPOS="531"/>
							<String ID="string_163" HPOS="557" VPOS="832" WIDTH="66" HEIGHT="20" WC="0.93" CONTENT="första"/><SP WIDTH="22" VPOS="832" HPOS="623"/>
							<String ID="string_164" HPOS="645" VPOS="832" WIDTH="118" HEIGHT="20" WC="0.96" CONTENT="momentet"/><SP WIDTH="22" VPOS="832" HPOS="763"/>
							<String ID="string_165" HPOS="785" VPOS="831" WIDTH="93" HEIGHT="20" WC="0.96" CONTENT="utesluta"/><SP WIDTH="24" VPOS="831" HPOS="878"/>
							<String ID="string_166" HPOS="902" VPOS="830" WIDTH="60" HEIGHT="21" WC="0.95" CONTENT="ordet"/>
						</TextLine>
						<TextLine ID="line_20" HPOS="133" VPOS="859" WIDTH="329" HEIGHT="27">
							<String ID="string_167" HPOS="133" VPOS="859" WIDTH="118" HEIGHT="27" WC="0.33" CONTENT=",»värkliga&quot;"/><SP WIDTH="16" VPOS="859" HPOS="251"/>
							<String ID="string_168" HPOS="267" VPOS="859" WIDTH="27" HEIGHT="27" WC="0.96" CONTENT="på"/><SP WIDTH="14" VPOS="859" HPOS="294"/>
							<String ID="string_169" HPOS="308" VPOS="859" WIDTH="68" HEIGHT="27" WC="0.96" CONTENT="fjärde"/><SP WIDTH="15" VPOS="859" HPOS="376"/>
							<String ID="string_170" HPOS="391" VPOS="860" WIDTH="71" HEIGHT="20" WC="0.96" CONTENT="raden."/>
						</TextLine>
					</TextBlock>
				</ComposedBlock>
				<ComposedBlock ID="cblock_9" HPOS="131" VPOS="921" WIDTH="830" HEIGHT="57">
					<TextBlock ID="block_8" HPOS="131" VPOS="921" WIDTH="830" HEIGHT="57">
						<TextLine ID="line_21" HPOS="200" VPOS="921" WIDTH="761" HEIGHT="28">
							<String ID="string_171" HPOS="200" VPOS="921" WIDTH="135" HEIGHT="21" WC="0.96" CONTENT="Beträffande"/><SP WIDTH="24" VPOS="921" HPOS="335"/>
							<String ID="string_172" HPOS="359" VPOS="921" WIDTH="100" HEIGHT="28" WC="0.96" CONTENT="förslaget"/><SP WIDTH="22" VPOS="921" HPOS="459"/>
							<String ID="string_173" HPOS="481" VPOS="928" WIDTH="34" HEIGHT="15" WC="0.92" CONTENT="om"/><SP WIDTH="22" VPOS="928" HPOS="515"/>
							<String ID="string_174" HPOS="537" VPOS="922" WIDTH="118" HEIGHT="27" WC="0.92" CONTENT="utbytande"/><SP WIDTH="24" VPOS="922" HPOS="655"/>
							<String ID="string_175" HPOS="679" VPOS="921" WIDTH="21" HEIGHT="21" WC="0.96" CONTENT="af"/><SP WIDTH="23" VPOS="921" HPOS="700"/>
							<String ID="string_176" HPOS="723" VPOS="921" WIDTH="60" HEIGHT="22" WC="0.93" CONTENT="ordet"/><SP WIDTH="23" VPOS="921" HPOS="783"/>
							<String ID="string_177" HPOS="806" VPOS="921" WIDTH="90" HEIGHT="28" WC="0.61" CONTENT=",skolat*"/><SP WIDTH="20" VPOS="921" HPOS="896"/>
							<String ID="string_178" HPOS="916" VPOS="923" WIDTH="45" HEIGHT="18" WC="0.96" CONTENT="mot"/>
						</TextLine>
						<TextLine ID="line_22" HPOS="131" VPOS="950" WIDTH="633" HEIGHT="28">
							<String ID="string_179" HPOS="131" VPOS="950" WIDTH="77" HEIGHT="27" WC="0.46" CONTENT="»bort&#39;&quot;,"/><SP WIDTH="16" VPOS="950" HPOS="208"/>
							<String ID="string_180" HPOS="224" VPOS="950" WIDTH="133" HEIGHT="21" WC="0.92" CONTENT="framstäldes"/><SP WIDTH="15" VPOS="950" HPOS="357"/>
							<String ID="string_181" HPOS="372" VPOS="950" WIDTH="93" HEIGHT="27" WC="0.93" CONTENT="följande"/><SP WIDTH="16" VPOS="950" HPOS="465"/>
							<String ID="string_182" HPOS="481" VPOS="950" WIDTH="283" HEIGHT="28" WC="0.92" CONTENT="omröstningsproposition"/><SP WIDTH="-10" VPOS="950" HPOS="764"/>
							<String ID="string_183" HPOS="754" VPOS="946" WIDTH="12" HEIGHT="36" WC="0.92" CONTENT=":"/>
						</TextLine>
					</TextBlock>
				</ComposedBlock>
				<ComposedBlock ID="cblock_10" HPOS="128" VPOS="1006" WIDTH="832" HEIGHT="141">
					<TextBlock ID="block_9" HPOS="130" VPOS="1006" WIDTH="830" HEIGHT="85">
						<TextLine ID="line_23" HPOS="200" VPOS="1006" WIDTH="760" HEIGHT="28">
							<String ID="string_184" HPOS="200" VPOS="1006" WIDTH="39" HEIGHT="27" WC="0.93" CONTENT="De,"/><SP WIDTH="16" VPOS="1006" HPOS="239"/>
							<String ID="string_185" HPOS="255" VPOS="1006" WIDTH="75" HEIGHT="21" WC="0.93" CONTENT="hvilka"/><SP WIDTH="15" VPOS="1006" HPOS="330"/>
							<String ID="string_186" HPOS="345" VPOS="1007" WIDTH="10" HEIGHT="20" WC="0.96" CONTENT="i"/><SP WIDTH="14" VPOS="1007" HPOS="355"/>
							<String ID="string_187" HPOS="369" VPOS="1007" WIDTH="59" HEIGHT="20" WC="0.96" CONTENT="detta"/><SP WIDTH="15" VPOS="1007" HPOS="428"/>
							<String ID="string_188" HPOS="443" VPOS="1007" WIDTH="121" HEIGHT="21" WC="0.93" CONTENT="hänseende"/><SP WIDTH="13" VPOS="1007" HPOS="564"/>
							<String ID="string_189" HPOS="577" VPOS="1007" WIDTH="120" HEIGHT="27" WC="0.91" CONTENT="godkänna"/><SP WIDTH="12" VPOS="1007" HPOS="697"/>
							<String ID="string_190" HPOS="709" VPOS="1007" WIDTH="113" HEIGHT="20" WC="0.91" CONTENT="utskottets"/><SP WIDTH="9" VPOS="1007" HPOS="822"/>
							<String ID="string_191" HPOS="831" VPOS="1006" WIDTH="83" HEIGHT="27" WC="0.96" CONTENT="förslag"/><SP WIDTH="11" VPOS="1006" HPOS="914"/>
							<String ID="string_192" HPOS="925" VPOS="1006" WIDTH="35" HEIGHT="21" WC="0.94" CONTENT="till"/>
						</TextLine>
						<TextLine ID="line_24" HPOS="131" VPOS="1034" WIDTH="827" HEIGHT="29">
							<String ID="string_193" HPOS="131" VPOS="1034" WIDTH="79" HEIGHT="28" WC="0.95" CONTENT="lydelse"/><SP WIDTH="22" VPOS="1034" HPOS="210"/>
							<String ID="string_194" HPOS="232" VPOS="1035" WIDTH="37" HEIGHT="27" WC="0.96" CONTENT="för"/><SP WIDTH="20" VPOS="1035" HPOS="269"/>
							<String ID="string_195" HPOS="289" VPOS="1035" WIDTH="72" HEIGHT="26" WC="0.93" CONTENT="första"/><SP WIDTH="15" VPOS="1035" HPOS="361"/>
							<String ID="string_196" HPOS="376" VPOS="1037" WIDTH="117" HEIGHT="19" WC="0.96" CONTENT="momentet"/><SP WIDTH="20" VPOS="1037" HPOS="493"/>
							<String ID="string_197" HPOS="513" VPOS="1035" WIDTH="29" HEIGHT="28" WC="0.93" CONTENT="af"/><SP WIDTH="11" VPOS="1035" HPOS="542"/>
							<String ID="string_198" HPOS="553" VPOS="1036" WIDTH="15" HEIGHT="27" WC="0.93" CONTENT="$"/><SP WIDTH="17" VPOS="1036" HPOS="568"/>
							<String ID="string_199" HPOS="585" VPOS="1036" WIDTH="31" HEIGHT="20" WC="0.93" CONTENT="20"/><SP WIDTH="15" VPOS="1036" HPOS="616"/>
							<String ID="string_200" HPOS="631" VPOS="1035" WIDTH="152" HEIGHT="28" WC="0.90" CONTENT="oförändradt,"/><SP WIDTH="15" VPOS="1035" HPOS="783"/>
							<String ID="string_201" HPOS="798" VPOS="1036" WIDTH="59" HEIGHT="19" WC="0.96" CONTENT="rösta"/><SP WIDTH="10" VPOS="1036" HPOS="857"/>
							<String ID="string_202" HPOS="867" VPOS="1035" WIDTH="37" HEIGHT="27" WC="0.93" CONTENT="ja;"/><SP WIDTH="23" VPOS="1035" HPOS="904"/>
							<String ID="string_203" HPOS="927" VPOS="1035" WIDTH="31" HEIGHT="26" WC="0.94" CONTENT="de,"/>
						</TextLine>
						<TextLine ID="line_25" HPOS="130" VPOS="1063" WIDTH="307" HEIGHT="28">
							<String ID="string_204" HPOS="130" VPOS="1063" WIDTH="35" HEIGHT="20" WC="0.93" CONTENT="det"/><SP WIDTH="14" VPOS="1063" HPOS="165"/>
							<String ID="string_205" HPOS="179" VPOS="1063" WIDTH="45" HEIGHT="20" WC="0.88" CONTENT="icke"/><SP WIDTH="14" VPOS="1063" HPOS="224"/>
							<String ID="string_206" HPOS="238" VPOS="1066" WIDTH="61" HEIGHT="24" WC="0.93" CONTENT="göra,"/><SP WIDTH="16" VPOS="1066" HPOS="299"/>
							<String ID="string_207" HPOS="315" VPOS="1065" WIDTH="60" HEIGHT="19" WC="0.91" CONTENT="rösta"/><SP WIDTH="15" VPOS="1065" HPOS="375"/>
							<String ID="string_208" HPOS="390" VPOS="1064" WIDTH="47" HEIGHT="27" WC="0.96" CONTENT="nej;"/>
						</TextLine>
					</TextBlock>
					<TextBlock ID="block_10" HPOS="128" VPOS="1091" WIDTH="830" HEIGHT="56">
						<TextLine ID="line_26" HPOS="198" VPOS="1091" WIDTH="760" HEIGHT="28">
							<String ID="string_209" HPOS="198" VPOS="1092" WIDTH="81" HEIGHT="20" WC="0.96" CONTENT="vinner"/><SP WIDTH="23" VPOS="1092" HPOS="279"/>
							<String ID="string_210" HPOS="302" VPOS="1092" WIDTH="41" HEIGHT="27" WC="0.92" CONTENT="nej,"/><SP WIDTH="24" VPOS="1092" HPOS="343"/>
							<String ID="string_211" HPOS="367" VPOS="1092" WIDTH="42" HEIGHT="20" WC="0.93" CONTENT="har"/><SP WIDTH="23" VPOS="1092" HPOS="409"/>
							<String ID="string_212" HPOS="432" VPOS="1092" WIDTH="175" HEIGHT="27" WC="0.91" CONTENT="borgareständet"/><SP WIDTH="23" VPOS="1092" HPOS="607"/>
							<String ID="string_213" HPOS="630" VPOS="1091" WIDTH="90" HEIGHT="22" WC="0.91" CONTENT="beslutit"/><SP WIDTH="22" VPOS="1091" HPOS="720"/>
							<String ID="string_214" HPOS="742" VPOS="1093" WIDTH="33" HEIGHT="19" WC="0.93" CONTENT="att"/><SP WIDTH="23" VPOS="1093" HPOS="775"/>
							<String ID="string_215" HPOS="798" VPOS="1091" WIDTH="78" HEIGHT="28" WC="0.96" CONTENT="utbyta"/><SP WIDTH="23" VPOS="1091" HPOS="876"/>
							<String ID="string_216" HPOS="899" VPOS="1092" WIDTH="59" HEIGHT="20" WC="0.95" CONTENT="ordet"/>
						</TextLine>
						<TextLine ID="line_27" HPOS="128" VPOS="1119" WIDTH="257" HEIGHT="28">
							<String ID="string_217" HPOS="128" VPOS="1119" WIDTH="99" HEIGHT="26" WC="0.14" CONTENT="»8kolat*"/><SP WIDTH="17" VPOS="1119" HPOS="227"/>
							<String ID="string_218" HPOS="244" VPOS="1122" WIDTH="44" HEIGHT="19" WC="0.92" CONTENT="mot"/><SP WIDTH="15" VPOS="1122" HPOS="288"/>
							<String ID="string_219" HPOS="303" VPOS="1137" WIDTH="5" HEIGHT="9" WC="0.92" CONTENT=","/><SP WIDTH="2" VPOS="1137" HPOS="308"/>
							<String ID="string_220" HPOS="310" VPOS="1120" WIDTH="75" HEIGHT="27" WC="0.37" CONTENT="bort."/>
						</TextLine>
					</TextBlock>
				</ComposedBlock>
				<ComposedBlock ID="cblock_11" HPOS="126" VPOS="1176" WIDTH="831" HEIGHT="83">
					<TextBlock ID="block_11" HPOS="126" VPOS="1176" WIDTH="831" HEIGHT="83">
						<TextLine ID="line_28" HPOS="197" VPOS="1176" WIDTH="760" HEIGHT="27">
							<String ID="string_221" HPOS="197" VPOS="1176" WIDTH="163" HEIGHT="27" WC="0.96" CONTENT="Propositionen"/><SP WIDTH="23" VPOS="1176" HPOS="360"/>
							<String ID="string_222" HPOS="383" VPOS="1177" WIDTH="126" HEIGHT="20" WC="0.95" CONTENT="besvarades"/><SP WIDTH="22" VPOS="1177" HPOS="509"/>
							<String ID="string_223" HPOS="531" VPOS="1177" WIDTH="50" HEIGHT="20" WC="0.93" CONTENT="med"/><SP WIDTH="21" VPOS="1177" HPOS="581"/>
							<String ID="string_224" HPOS="602" VPOS="1176" WIDTH="157" HEIGHT="27" WC="0.92" CONTENT="öfvervägande"/><SP WIDTH="21" VPOS="1176" HPOS="759"/>
							<String ID="string_225" HPOS="780" VPOS="1177" WIDTH="41" HEIGHT="26" WC="0.96" CONTENT="nej,"/><SP WIDTH="22" VPOS="1177" HPOS="821"/>
							<String ID="string_226" HPOS="843" VPOS="1177" WIDTH="38" HEIGHT="20" WC="0.96" CONTENT="och"/><SP WIDTH="22" VPOS="1177" HPOS="881"/>
							<String ID="string_227" HPOS="903" VPOS="1176" WIDTH="54" HEIGHT="21" WC="0.96" CONTENT="hade"/>
						</TextLine>
						<TextLine ID="line_29" HPOS="127" VPOS="1203" WIDTH="830" HEIGHT="29">
							<String ID="string_228" HPOS="127" VPOS="1203" WIDTH="85" HEIGHT="22" WC="0.95" CONTENT="ståndet"/><SP WIDTH="20" VPOS="1203" HPOS="212"/>
							<String ID="string_229" HPOS="232" VPOS="1204" WIDTH="83" HEIGHT="21" WC="0.93" CONTENT="således"/><SP WIDTH="23" VPOS="1204" HPOS="315"/>
							<String ID="string_230" HPOS="338" VPOS="1205" WIDTH="86" HEIGHT="20" WC="0.91" CONTENT="beslutit"/><SP WIDTH="22" VPOS="1205" HPOS="424"/>
							<String ID="string_231" HPOS="446" VPOS="1207" WIDTH="29" HEIGHT="18" WC="0.93" CONTENT="att"/><SP WIDTH="21" VPOS="1207" HPOS="475"/>
							<String ID="string_232" HPOS="496" VPOS="1205" WIDTH="59" HEIGHT="21" WC="0.96" CONTENT="ordet"/><SP WIDTH="23" VPOS="1205" HPOS="555"/>
							<String ID="string_233" HPOS="578" VPOS="1205" WIDTH="90" HEIGHT="27" WC="0.81" CONTENT=",skolat*"/><SP WIDTH="21" VPOS="1205" HPOS="668"/>
							<String ID="string_234" HPOS="689" VPOS="1205" WIDTH="12" HEIGHT="20" WC="0.88" CONTENT="&amp;"/><SP WIDTH="16" VPOS="1205" HPOS="701"/>
							<String ID="string_235" HPOS="717" VPOS="1205" WIDTH="75" HEIGHT="26" WC="0.96" CONTENT="sjunde"/><SP WIDTH="16" VPOS="1205" HPOS="792"/>
							<String ID="string_236" HPOS="808" VPOS="1205" WIDTH="66" HEIGHT="20" WC="0.96" CONTENT="raden"/><SP WIDTH="15" VPOS="1205" HPOS="874"/>
							<String ID="string_237" HPOS="889" VPOS="1204" WIDTH="68" HEIGHT="21" WC="0.96" CONTENT="skulle"/>
						</TextLine>
						<TextLine ID="line_30" HPOS="126" VPOS="1232" WIDTH="217" HEIGHT="27">
							<String ID="string_238" HPOS="126" VPOS="1232" WIDTH="78" HEIGHT="21" WC="0.96" CONTENT="ändras"/><SP WIDTH="15" VPOS="1232" HPOS="204"/>
							<String ID="string_239" HPOS="219" VPOS="1233" WIDTH="32" HEIGHT="20" WC="0.93" CONTENT="till"/><SP WIDTH="16" VPOS="1233" HPOS="251"/>
							<String ID="string_240" HPOS="267" VPOS="1233" WIDTH="76" HEIGHT="26" WC="0.56" CONTENT=",bort*."/>
						</TextLine>
					</TextBlock>
				</ComposedBlock>
				<ComposedBlock ID="cblock_12" HPOS="122" VPOS="1288" WIDTH="834" HEIGHT="113">
					<TextBlock ID="block_12" HPOS="122" VPOS="1288" WIDTH="834" HEIGHT="113">
						<TextLine ID="line_31" HPOS="195" VPOS="1288" WIDTH="761" HEIGHT="29">
							<String ID="string_241" HPOS="195" VPOS="1288" WIDTH="119" HEIGHT="27" WC="0.92" CONTENT="Angäende"/><SP WIDTH="16" VPOS="1288" HPOS="314"/>
							<String ID="string_242" HPOS="330" VPOS="1289" WIDTH="25" HEIGHT="20" WC="0.93" CONTENT="hr"/><SP WIDTH="14" VPOS="1289" HPOS="355"/>
							<String ID="string_243" HPOS="369" VPOS="1289" WIDTH="89" HEIGHT="21" WC="0.92" CONTENT="Heikels"/><SP WIDTH="15" VPOS="1289" HPOS="458"/>
							<String ID="string_244" HPOS="473" VPOS="1289" WIDTH="78" HEIGHT="28" WC="0.87" CONTENT="förslag"/><SP WIDTH="16" VPOS="1289" HPOS="551"/>
							<String ID="string_245" HPOS="567" VPOS="1297" WIDTH="34" HEIGHT="13" WC="0.93" CONTENT="om"/><SP WIDTH="16" VPOS="1297" HPOS="601"/>
							<String ID="string_246" HPOS="617" VPOS="1289" WIDTH="122" HEIGHT="22" WC="0.91" CONTENT="äterremiss"/><SP WIDTH="15" VPOS="1289" HPOS="739"/>
							<String ID="string_247" HPOS="754" VPOS="1289" WIDTH="22" HEIGHT="20" WC="0.96" CONTENT="af"/><SP WIDTH="11" VPOS="1289" HPOS="776"/>
							<String ID="string_248" HPOS="787" VPOS="1289" WIDTH="65" HEIGHT="21" WC="0.93" CONTENT="första"/><SP WIDTH="10" VPOS="1289" HPOS="852"/>
							<String ID="string_249" HPOS="862" VPOS="1295" WIDTH="94" HEIGHT="14" WC="0.90" CONTENT="momen-"/>
						</TextLine>
						<TextLine ID="line_32" HPOS="125" VPOS="1317" WIDTH="830" HEIGHT="28">
							<String ID="string_250" HPOS="125" VPOS="1318" WIDTH="30" HEIGHT="19" WC="0.95" CONTENT="tet"/><SP WIDTH="15" VPOS="1318" HPOS="155"/>
							<String ID="string_251" HPOS="170" VPOS="1317" WIDTH="7" HEIGHT="20" WC="0.95" CONTENT="i"/><SP WIDTH="16" VPOS="1317" HPOS="177"/>
							<String ID="string_252" HPOS="193" VPOS="1317" WIDTH="55" HEIGHT="26" WC="0.96" CONTENT="syfte"/><SP WIDTH="17" VPOS="1317" HPOS="248"/>
							<String ID="string_253" HPOS="265" VPOS="1319" WIDTH="30" HEIGHT="18" WC="0.93" CONTENT="att"/><SP WIDTH="20" VPOS="1319" HPOS="295"/>
							<String ID="string_254" HPOS="315" VPOS="1317" WIDTH="88" HEIGHT="21" WC="0.96" CONTENT="framför"/><SP WIDTH="21" VPOS="1317" HPOS="403"/>
							<String ID="string_255" HPOS="424" VPOS="1318" WIDTH="60" HEIGHT="21" WC="0.92" CONTENT="ordet"/><SP WIDTH="15" VPOS="1318" HPOS="484"/>
							<String ID="string_256" HPOS="499" VPOS="1318" WIDTH="182" HEIGHT="27" WC="0.84" CONTENT=",aktiekapitalet&#39;*"/><SP WIDTH="17" VPOS="1318" HPOS="681"/>
							<String ID="string_257" HPOS="698" VPOS="1317" WIDTH="13" HEIGHT="21" WC="0.92" CONTENT="ä"/><SP WIDTH="14" VPOS="1317" HPOS="711"/>
							<String ID="string_258" HPOS="725" VPOS="1317" WIDTH="65" HEIGHT="21" WC="0.93" CONTENT="femte"/><SP WIDTH="15" VPOS="1317" HPOS="790"/>
							<String ID="string_259" HPOS="805" VPOS="1317" WIDTH="67" HEIGHT="21" WC="0.96" CONTENT="raden"/><SP WIDTH="15" VPOS="1317" HPOS="872"/>
							<String ID="string_260" HPOS="887" VPOS="1317" WIDTH="68" HEIGHT="20" WC="0.97" CONTENT="skulle"/>
						</TextLine>
						<TextLine ID="line_33" HPOS="123" VPOS="1345" WIDTH="833" HEIGHT="28">
							<String ID="string_261" HPOS="123" VPOS="1345" WIDTH="90" HEIGHT="21" WC="0.96" CONTENT="insättas"/><SP WIDTH="23" VPOS="1345" HPOS="213"/>
							<String ID="string_262" HPOS="236" VPOS="1345" WIDTH="60" HEIGHT="21" WC="0.93" CONTENT="ordet"/><SP WIDTH="23" VPOS="1345" HPOS="296"/>
							<String ID="string_263" HPOS="319" VPOS="1345" WIDTH="131" HEIGHT="27" WC="0.58" CONTENT=",inbetalda*"/><SP WIDTH="23" VPOS="1345" HPOS="450"/>
							<String ID="string_264" HPOS="473" VPOS="1346" WIDTH="122" HEIGHT="21" WC="0.89" CONTENT="framstälde"/><SP WIDTH="22" VPOS="1346" HPOS="595"/>
							<String ID="string_265" HPOS="617" VPOS="1347" WIDTH="25" HEIGHT="20" WC="0.93" CONTENT="hr"/><SP WIDTH="20" VPOS="1347" HPOS="642"/>
							<String ID="string_266" HPOS="662" VPOS="1346" WIDTH="126" HEIGHT="21" WC="0.94" CONTENT="talmannen"/><SP WIDTH="14" VPOS="1346" HPOS="788"/>
							<String ID="string_267" HPOS="802" VPOS="1345" WIDTH="94" HEIGHT="28" WC="0.93" CONTENT="följande"/><SP WIDTH="16" VPOS="1345" HPOS="896"/>
							<String ID="string_268" HPOS="912" VPOS="1352" WIDTH="44" HEIGHT="13" WC="0.92" CONTENT="om-"/>
						</TextLine>
						<TextLine ID="line_34" HPOS="122" VPOS="1374" WIDTH="249" HEIGHT="27">
							<String ID="string_269" HPOS="122" VPOS="1374" WIDTH="240" HEIGHT="27" WC="0.88" CONTENT="röstningsproposition"/><SP WIDTH="6" VPOS="1374" HPOS="362"/>
							<String ID="string_270" HPOS="368" VPOS="1382" WIDTH="3" HEIGHT="12" WC="0.88" CONTENT=":"/>
						</TextLine>
					</TextBlock>
				</ComposedBlock>
				<ComposedBlock ID="cblock_13" HPOS="119" VPOS="1430" WIDTH="833" HEIGHT="84">
					<TextBlock ID="block_13" HPOS="120" VPOS="1430" WIDTH="832" HEIGHT="84">
						<TextLine ID="line_35" HPOS="192" VPOS="1430" WIDTH="760" HEIGHT="28">
							<String ID="string_271" HPOS="192" VPOS="1430" WIDTH="40" HEIGHT="26" WC="0.93" CONTENT="De,"/><SP WIDTH="21" VPOS="1430" HPOS="232"/>
							<String ID="string_272" HPOS="253" VPOS="1430" WIDTH="75" HEIGHT="21" WC="0.96" CONTENT="hvilka"/><SP WIDTH="15" VPOS="1430" HPOS="328"/>
							<String ID="string_273" HPOS="343" VPOS="1430" WIDTH="10" HEIGHT="20" WC="0.96" CONTENT="i"/><SP WIDTH="14" VPOS="1430" HPOS="353"/>
							<String ID="string_274" HPOS="367" VPOS="1431" WIDTH="73" HEIGHT="21" WC="0.96" CONTENT="denna"/><SP WIDTH="20" VPOS="1431" HPOS="440"/>
							<String ID="string_275" HPOS="460" VPOS="1432" WIDTH="34" HEIGHT="20" WC="0.93" CONTENT="del"/><SP WIDTH="13" VPOS="1432" HPOS="494"/>
							<String ID="string_276" HPOS="507" VPOS="1432" WIDTH="117" HEIGHT="26" WC="0.94" CONTENT="godkänna"/><SP WIDTH="15" VPOS="1432" HPOS="624"/>
							<String ID="string_277" HPOS="639" VPOS="1432" WIDTH="114" HEIGHT="20" WC="0.96" CONTENT="utskottets"/><SP WIDTH="16" VPOS="1432" HPOS="753"/>
							<String ID="string_278" HPOS="769" VPOS="1431" WIDTH="82" HEIGHT="32" WC="0.96" CONTENT="förslag"/><SP WIDTH="17" VPOS="1431" HPOS="851"/>
							<String ID="string_279" HPOS="868" VPOS="1431" WIDTH="34" HEIGHT="20" WC="0.93" CONTENT="till"/><SP WIDTH="16" VPOS="1431" HPOS="902"/>
							<String ID="string_280" HPOS="918" VPOS="1431" WIDTH="34" HEIGHT="27" WC="0.89" CONTENT="ly-"/>
						</TextLine>
						<TextLine ID="line_36" HPOS="120" VPOS="1447" WIDTH="832" HEIGHT="45">
							<String ID="string_281" HPOS="120" VPOS="1454" WIDTH="57" HEIGHT="35" WC="0.96" CONTENT="delse"/><SP WIDTH="15" VPOS="1454" HPOS="177"/>
							<String ID="string_282" HPOS="192" VPOS="1447" WIDTH="40" HEIGHT="45" WC="0.95" CONTENT="för"/><SP WIDTH="11" VPOS="1447" HPOS="232"/>
							<String ID="string_283" HPOS="243" VPOS="1458" WIDTH="72" HEIGHT="27" WC="0.94" CONTENT="första"/><SP WIDTH="14" VPOS="1458" HPOS="315"/>
							<String ID="string_284" HPOS="329" VPOS="1461" WIDTH="119" HEIGHT="19" WC="0.96" CONTENT="momentet"/><SP WIDTH="15" VPOS="1461" HPOS="448"/>
							<String ID="string_285" HPOS="463" VPOS="1460" WIDTH="28" HEIGHT="26" WC="0.93" CONTENT="af"/><SP WIDTH="12" VPOS="1460" HPOS="491"/>
							<String ID="string_286" HPOS="503" VPOS="1461" WIDTH="14" HEIGHT="24" WC="0.93" CONTENT="$"/><SP WIDTH="17" VPOS="1461" HPOS="517"/>
							<String ID="string_287" HPOS="534" VPOS="1460" WIDTH="32" HEIGHT="20" WC="0.92" CONTENT="20"/><SP WIDTH="15" VPOS="1460" HPOS="566"/>
							<String ID="string_288" HPOS="581" VPOS="1460" WIDTH="152" HEIGHT="27" WC="0.91" CONTENT="oförändradt,"/><SP WIDTH="16" VPOS="1460" HPOS="733"/>
							<String ID="string_289" HPOS="749" VPOS="1461" WIDTH="59" HEIGHT="19" WC="0.96" CONTENT="rösta"/><SP WIDTH="7" VPOS="1461" HPOS="808"/>
							<String ID="string_290" HPOS="815" VPOS="1460" WIDTH="39" HEIGHT="27" WC="0.96" CONTENT="ja;"/><SP WIDTH="17" VPOS="1460" HPOS="854"/>
							<String ID="string_291" HPOS="871" VPOS="1460" WIDTH="30" HEIGHT="25" WC="0.95" CONTENT="de,"/><SP WIDTH="17" VPOS="1460" HPOS="901"/>
							<String ID="string_292" HPOS="918" VPOS="1459" WIDTH="34" HEIGHT="20" WC="0.96" CONTENT="det"/>
						</TextLine>
						<TextLine ID="line_37" HPOS="119" VPOS="1486" WIDTH="260" HEIGHT="28">
							<String ID="string_293" HPOS="119" VPOS="1486" WIDTH="46" HEIGHT="20" WC="0.96" CONTENT="icke"/><SP WIDTH="14" VPOS="1486" HPOS="165"/>
							<String ID="string_294" HPOS="179" VPOS="1488" WIDTH="61" HEIGHT="25" WC="0.96" CONTENT="göra,"/><SP WIDTH="16" VPOS="1488" HPOS="240"/>
							<String ID="string_295" HPOS="256" VPOS="1488" WIDTH="61" HEIGHT="19" WC="0.96" CONTENT="rösta"/><SP WIDTH="14" VPOS="1488" HPOS="317"/>
							<String ID="string_296" HPOS="331" VPOS="1488" WIDTH="48" HEIGHT="26" WC="0.96" CONTENT="nej;"/>
						</TextLine>
					</TextBlock>
				</ComposedBlock>
			</PrintSpace>
		</Page>
	</Layout>
</alto>
