1017 1731
261 108 180 22 Borgareståndet
453 109 56 17 1891.
531 109 22 16 10
565 109 59 22 april.
785 103 41 22 629

96 187 33 22 Hr
148 187 156 22 Serlachius:
327 187 42 22 För
390 187 44 21 min
457 188 36 21 del
513 187 80 28 nödgas
608 188 35 27 jag
657 189 98 20 motsätta
770 187 44 27 mig
828 188 26 20 hr

31 223 39 14 von
93 216 81 21 Pfalers
196 216 83 28 förslag.
309 216 41 28 Jag
371 216 42 21 kan
435 216 48 21 icke
497 216 66 21 förstå
577 215 85 22 hvilken
677 217 41 20 rätt
733 215 120 30 egentligen

30 245 94 21 kvarstår
144 245 33 20 för
198 245 42 20 den
258 244 95 21 enskilda
368 242 168 29 bolagsmannen
550 244 8 21 i
573 246 29 19 ett
617 244 124 27 aktiebolag,
752 251 35 14 om
803 250 50 15 man

30 273 85 28 betager
128 274 79 20 honom
222 273 125 27 rättigheten
363 273 31 20 till
410 273 107 21 dividend.
548 272 40 21 Om
603 279 25 15 en
644 273 123 27 bolagsman
778 273 38 20 har
826 278 27 15 en

30 301 51 22 eller
100 301 36 22 två
156 301 66 22 aktier
236 301 8 21 i
259 303 30 20 ett
310 301 69 28 bolag,
401 301 38 21 där
453 301 37 22 det
504 301 80 21 kanske
599 301 68 21 finnes
681 301 42 21 400
739 301 52 21 eller
806 301 48 26 500,

30 329 23 22 så
67 330 88 27 betyder
177 330 40 21 den
240 331 84 20 rösträtt
338 330 43 21 han
395 330 38 20 har
448 330 95 27 oändligt
557 330 52 27 litet,
624 336 49 15 men
689 329 41 22 den
746 329 108 21 ekonomi-

31 358 37 21 ska
82 358 125 27 betydelsen
222 358 21 21 af
258 365 27 14 en
301 358 55 21 aktie
370 358 43 21 kan
428 365 51 14 vara
494 358 81 28 ganska
590 360 48 19 stor.
665 357 40 22 Om
716 358 138 27 bolagsstäm-

30 393 49 14 man
101 387 53 20 skall
169 389 61 25 göras
245 386 24 21 så
283 388 97 24 suverän,
391 393 46 14 som
452 387 26 20 hr
492 393 43 14 von
549 386 72 21 Pfaler
635 386 37 21 vill
687 386 41 27 det,
743 386 24 21 så
781 388 24 19 är
819 385 36 22 det

30 415 54 21 klart
105 417 29 19 att
155 415 41 22 den
218 415 138 21 ekonomiska
377 415 127 27 betydelsen
519 415 21 21 af
555 421 26 15 en
597 415 55 21 aktie
667 417 23 18 är
705 415 23 21 så
743 415 51 28 godt
808 421 46 14 som

30 443 69 28 ingen.
128 443 42 22 Det
184 445 24 20 är
222 443 66 22 kändt
303 445 29 20 att
347 443 36 22 det
397 444 38 20 har
449 443 136 22 förekommit
599 443 77 28 många
690 443 43 28 fall,
749 443 28 21 då
788 443 66 27 majo-

30 472 74 21 riteten
119 472 38 21 har
171 472 105 28 begagnat
290 472 32 27 sig
337 472 21 21 af
373 472 34 21 sin
421 472 106 21 förmenta
541 474 41 19 rätt
593 473 30 20 att
632 472 83 21 besluta
725 471 129 28 oinskränkt,

32 500 89 22 sålunda
136 503 29 19 att
180 501 47 27 den,
242 507 77 21 genom
334 502 30 19 att
379 500 133 22 konsekvent
526 500 77 28 betaga
616 501 134 21 minoriteten
763 501 28 21 all
802 500 52 21 divi-

32 529 62 27 dend,
115 530 81 27 tvingat
210 530 135 20 minoriteten
360 531 31 19 att
405 529 53 27 sälja
473 529 46 21 sina
535 529 67 21 aktier
616 529 32 21 till
663 529 36 21 det
712 529 43 27 pris
770 529 84 27 majori-

30 559 56 20 teten
102 558 61 21 velat.

98 585 42 22 Det
161 586 119 28 föreslagna
300 586 125 27 stadgandet
440 586 107 21 förmenas
562 585 21 21 af
597 586 25 20 hr
637 592 41 14 von
693 585 72 22 Pfaler
780 585 75 21 endast

30 614 63 27 hafva
114 614 32 23 till
167 614 58 28 följd,
240 616 31 20 att
284 621 50 14 man
349 614 7 21 i
371 614 73 28 regeln
459 614 86 22 komme
561 616 29 19 att
605 614 116 21 förbehålla
735 614 22 21 åt
772 614 82 27 bolags-

31 644 102 20 stämman
156 643 131 27 obegränsad
305 644 41 21 rätt
361 644 30 20 att
405 642 118 22 bestämma
538 649 35 15 om
587 643 89 20 vinsten.
705 642 42 22 Det
762 644 24 19 är
800 642 54 21 dock

31 677 27 16 en
79 671 44 22 helt
144 678 70 15 annan
236 671 44 27 sak,
302 678 35 14 om
352 677 27 15 en
395 671 60 27 dylik
469 673 42 19 rätt
525 673 24 19 är
563 671 124 27 uttryckligt
700 670 132 22 förbehållen
846 670 8 21 i

31 699 117 28 stadgarna,
162 702 22 24 ty
200 699 27 21 då
241 702 36 18 vet
290 700 53 20 hvar
357 706 56 21 man,
429 706 47 17 som
490 699 61 28 ingår
566 699 7 21 i
587 699 90 27 bolaget,
692 699 55 21 hvad
762 700 43 20 han
816 698 39 22 har

31 729 29 20 att
81 730 53 19 rätta
156 728 31 28 sig
209 728 59 27 efter,
291 728 39 21 och
348 728 35 21 det
398 730 23 18 är
435 728 88 27 mycket
537 728 74 21 lättare
626 730 30 19 att
670 730 51 25 göra
735 729 30 19 ett
780 727 75 21 sådant

30 756 102 22 förbehåll
146 757 8 20 i
169 756 35 22 det
226 756 55 27 syfte
302 756 112 22 utskottets
437 756 135 22 betänkande
593 758 39 26 gör
653 756 35 21 det
705 758 26 19 än
746 756 7 21 i
769 757 86 19 motsatt

30 784 98 28 riktning.
158 784 40 22 Om
218 785 62 27 lagen
301 784 69 22 skulle
388 784 51 28 utgå
453 784 49 22 från
517 786 30 20 att
562 785 178 27 bolagsstämman
755 786 23 19 är
793 790 61 15 suve-

30 814 44 27 rän,
89 813 23 21 så
127 820 49 14 vore
192 813 36 21 det
238 813 61 21 svårt
313 813 32 21 för
360 813 41 21 den
417 813 96 22 enskilde
529 814 30 20 att
568 813 22 21 få
599 814 23 20 in
633 815 29 19 ett
673 812 123 28 stadgande,
808 819 46 15 som

30 841 123 22 inskränker
167 842 188 27 bolagsstämmans
370 842 136 21 suveränitet.
536 841 40 22 Om
591 842 146 20 aktionärerne
753 848 51 14 anse
819 841 35 21 det

30 870 73 28 nödigt
122 872 31 25 att
170 870 117 22 förbehälla
302 870 179 28 bolagsstämman
497 876 27 15 en
539 870 43 21 viss
596 872 41 19 rätt
652 872 29 19 att
696 869 113 29 disponera
824 870 31 20 öf-

30 904 36 16 ver
86 898 90 28 vinsten,
198 898 23 22 så
243 898 59 22 torde
317 898 36 22 det
367 898 66 21 blifva
447 898 76 22 lättare
538 900 30 20 att
583 898 108 29 uppdraga
704 899 8 20 i
727 898 100 21 afseende
842 898 13 21 å

30 926 26 21 de
78 927 96 22 enskilda
195 927 64 21 fallen
281 927 55 21 vissa
356 929 87 26 gränser
463 927 34 21 för
516 926 189 29 bolagsstämmans
719 926 135 22 suveränitet.

30 955 41 28 Jag
92 957 49 26 tror,
163 957 30 20 att
214 955 28 24 då
255 955 74 28 frågan
345 957 23 19 är
382 956 63 21 väckt
459 962 80 21 genom
554 956 57 21 detta
625 955 73 28 lagens
712 955 78 28 påbud,
804 961 50 16 man

31 983 58 23 alltid
104 984 53 21 skall
171 984 73 23 kunna
259 983 58 22 finna
332 986 89 25 utvägar
435 986 31 19 att
481 985 7 20 i
503 984 36 21 det
553 984 96 22 enskilda
662 984 59 21 fallet
731 990 77 21 genom
818 983 36 22 be-

31 1012 130 27 stämningar
174 1012 7 21 i
196 1012 113 28 stadgarna
331 1012 110 28 tillgodose
461 1012 56 21 både
533 1012 35 22 det
583 1019 40 15 ena
638 1013 38 20 och
692 1012 35 21 det
742 1012 66 21 andra
822 1012 32 20 in-

31 1041 79 21 tresset.
140 1040 40 28 Jag
194 1041 65 26 yrkar
273 1041 70 21 därför
357 1041 27 28 på
399 1043 128 19 momentets
543 1040 138 22 oförändrade
697 1041 123 27 antagande.

97 1125 33 21 Hr
151 1125 128 28 Eneberg:
298 1122 70 25 Äfven
383 1125 36 28 jag
433 1125 69 22 måste
516 1126 34 21 för
563 1125 46 21 min
624 1125 34 22 del
672 1125 27 28 på
714 1125 35 21 det
763 1125 91 20 bestäm-

30 1153 57 22 daste
108 1155 97 19 motsätta
222 1153 45 28 mig
280 1154 26 21 hr
321 1160 41 15 von
377 1154 84 21 Pfalers
476 1154 95 27 yrkande
585 1154 28 28 på
627 1154 89 27 ändring
731 1153 21 21 af
768 1153 26 21 10
809 1159 46 15 mo-

29 1183 84 20 mentet.
144 1181 37 22 Om
198 1181 193 28 bolagsordningen
405 1184 70 26 utgör,
490 1182 55 21 hvad
561 1183 41 20 den
616 1183 8 20 i
639 1182 74 28 själfva
728 1182 74 21 värket
816 1181 39 22 bör

30 1217 55 20 vara,
107 1212 30 21 ett
150 1209 178 29 bolagskontrakt,
343 1211 24 20 så
381 1212 24 19 är
420 1211 36 20 det
471 1211 102 27 naturligt
588 1213 30 19 att
631 1211 73 27 hvarje
719 1210 136 28 bolagsmans

29 1239 121 27 rättigheter
164 1239 39 21 och
218 1239 144 27 skyldigheter
376 1239 67 21 måste
459 1246 50 14 vara
524 1239 37 21 där
573 1239 136 22 förbehållna.
734 1238 74 22 Skulle
819 1238 36 21 det

30 1273 49 15 vara
100 1273 76 22 genom
197 1267 35 28 lag
251 1267 97 28 stadgadt
363 1270 30 19 att
407 1267 165 28 bolagsstämma
593 1268 52 27 egde
663 1268 54 21 efter
731 1266 123 29 förgodtfin-

30 1295 69 21 nande
122 1295 99 22 förordna
237 1302 35 14 om
287 1296 94 27 bolagets
397 1296 62 24 vinst,
475 1296 24 21 så
513 1296 68 21 skulle
596 1296 8 20 i
619 1297 39 20 och
672 1296 50 21 med
737 1296 117 21 detsamma

30 1323 185 28 bolagsmännens
226 1326 41 20 rätt
288 1331 49 15 vara
347 1324 36 22 .sä
398 1324 51 28 godt
465 1331 46 17 som
525 1325 70 27 ingen.
607 1319 11 38 '
625 1324 50 21 Man
690 1325 42 20 kan
747 1324 108 23 föreställa

29 1352 32 27 sig
76 1354 30 19 att
120 1354 30 19 ett
164 1352 62 28 bolag
240 1353 43 20 kan
297 1352 86 22 komma
398 1353 7 20 i
417 1353 114 22 händerna
551 1353 26 28 pä
592 1359 27 15 en
634 1353 82 21 mindre
732 1353 34 21 del
782 1353 21 20 af
818 1352 37 21 bo-

29 1380 147 28 lagsmännen,.
196 1388 45 14 som
264 1381 65 21 blifva
344 1382 27 20 de
385 1382 162 21 bestämmande
568 1382 39 21 och
629 1381 88 21 alldeles
733 1382 79 20 förbise
828 1381 26 21 de

29 1410 97 21 enskilda
147 1410 176 27 bolagsmännens
337 1412 46 19 rätt.
412 1410 11 20 I
439 1410 47 21 små
501 1410 68 28 bolag,
584 1410 37 21 där
635 1410 168 27 bolagsmännen
818 1411 36 20 äro

29 1438 165 21 koncentrerade
208 1438 28 28 pä
250 1445 28 14 en
293 1440 37 25 ort,
345 1438 42 21 kan
402 1445 51 14 man
469 1439 64 21 tänka
547 1439 32 27 sig
594 1440 31 19 att
639 1438 26 21 de
685 1438 73 21 kunna
772 1438 82 22 bevaka

30 1466 47 21 sina
98 1466 126 28 rättigheter,
245 1473 50 15 men
310 1467 8 20 i
333 1468 66 20 större
420 1467 70 27 bolag,
505 1469 14 19 t.
535 1474 32 16 ex.
583 1466 125 28 bankbolag,
731 1467 37 21 där
787 1466 67 22 aktie-

30 1500 90 21 egarene
135 1497 35 19 äro
186 1495 85 27 spridda
285 1495 64 21 rundt
364 1495 99 28 omkring
477 1496 79 27 landet,
571 1495 40 21 och
625 1494 38 22 där
715 1495 57 21 aktierna
784 1494 70 21 cirku-
