1017 1731
273 117 180 22 Borgareståndet
466 119 54 16 1891.
545 119 24 16 14
581 118 59 21 april.
806 113 41 21 667

44 197 128 21 Serlachius
194 197 79 28 förslag
295 197 138 26 vidkommer,
455 204 62 14 anser
531 198 36 26 jag
582 197 36 21 det
633 204 50 13 vara
698 197 86 26 mycket
799 199 75 25 tyngre

45 226 40 21 och
98 225 84 21 svärare
193 228 30 18 att
232 225 124 28 genomföra
369 225 38 21 och
418 225 68 21 häller
497 226 45 21 före
553 227 30 20 att
593 225 42 21 den
646 225 128 28 stipulation,
787 232 46 14 som
843 226 31 19 in-

43 254 38 27 gär
103 255 8 19 i
126 254 66 21 andra
213 256 122 24 momentet,
351 256 23 18 är
389 253 88 22 alldeles
493 254 196 27 tillfyllesgörande,
705 254 26 20 dä
747 254 41 27 det,
804 253 70 21 säsom

44 283 25 20 hr
91 282 99 27 Eneberg
211 282 66 21 redan
299 282 120 27 framhällit,
442 282 55 21 visat
519 283 32 26 sig
566 284 31 19 att
612 289 26 14 en
654 282 60 26 dylik
729 282 145 27 stipulation
862 278 16 35 i

44 311 158 26 konkurslagen
218 311 54 20 varit
286 310 49 21 fullt
349 310 174 28 ändamälsenlig.
553 311 42 27 Jag
610 311 69 20 skulle
693 311 70 20 därför
775 312 99 19 motsätta

44 339 44 27 mig
103 339 25 20 hr
144 339 125 21 Serlachius?
286 339 185 27 ändringsförslag.

114 401 32 21 Hr
162 401 148 28 Clouberg:
327 401 41 28 Jag
383 401 69 21 skulle
467 401 34 21 för
515 401 45 21 min
576 401 34 21 del
626 402 7 19 i
648 401 121 21 hufvudsak
782 401 50 27 vilja
843 401 30 21 bi-

45 429 60 22 träda
119 430 26 20 hr
159 429 88 21 Heikels
257 430 84 27 förslag.
371 429 42 21 Det
422 430 143 21 förekommer
577 430 181 27 bolagsstämmor,
771 429 38 21 där
818 430 56 21 ända

45 458 32 21 till
99 458 84 21 hundra
204 458 120 21 aktionärer
346 460 35 18 äro
404 459 139 26 närvarande,
566 458 38 21 där
625 458 35 21 det
675 460 14 19 t.
704 465 39 20 ex.,
758 458 27 21 dä
800 458 36 21 det
851 460 23 19 är

44 487 60 27 fräga
127 493 33 14 om
184 486 159 28 genomgäende
365 486 78 28 förslag
467 487 32 20 till
513 487 168 27 förändringar
673 482 12 36 i
698 486 118 28 stadgarna,
831 487 42 20 kan

45 515 131 21 förekomma
192 516 155 26 omröstningar
362 515 32 21 till
409 515 44 21 lika
468 517 53 19 stort
536 515 63 26 antal,
614 522 46 14 som
676 515 35 21 det
725 514 69 22 finnes
805 516 68 20 skilda

45 544 181 26 ändringsförslag
241 544 31 20 till
287 544 73 26 hvarje
375 544 104 26 paragraf.
509 544 38 20 Att
562 544 36 20 vid
613 544 75 20 sådant
698 544 132 20 förhållande
840 544 33 20 för

45 572 73 27 hvarje
141 572 131 27 omröstning
287 572 80 27 nödgas
382 572 111 25 anteckna,
508 572 73 20 hvilka
595 578 47 14 som
657 572 62 20 hafva
735 572 91 27 bidragit
840 572 32 20 till

46 600 98 27 beslutet,
166 600 69 21 skulle
258 600 65 28 enligt
339 600 44 20 min
399 600 54 21 äsikt
468 600 58 28 gifva
541 600 88 21 alldeles
644 600 33 21 för
691 600 86 27 mycket
792 600 80 21 besvär.

46 628 41 28 Jag
109 635 62 14 anser
193 628 36 22 det
244 629 121 27 tillräckligt
379 631 30 19 att
424 635 27 14 en
467 629 97 21 aktionär
579 629 44 21 före
639 631 30 19 ett
684 629 79 21 besluts
778 628 95 22 fattande

45 657 33 20 får
94 657 84 21 anhålla
200 659 30 19 att
245 657 36 21 det
295 657 53 21 skall
364 657 123 27 antecknas,
502 657 72 21 hvilka
589 664 46 14 som
651 657 90 27 bidragit
755 657 33 21 till
803 657 70 21 beslu-

46 687 36 25 tet,
106 686 38 20 och
169 686 33 20 för
217 686 63 26 öfrigt
294 688 30 18 att
337 686 80 20 enhvar
431 685 33 21 fär
479 692 108 14 reservera
603 686 32 26 sig
650 688 44 18 mot
709 685 75 21 sädant
798 685 75 21 beslut.

47 713 50 21 Men
120 715 30 19 att
164 714 8 20 i
187 714 73 26 hvarje
274 714 43 25 fall,
333 714 61 20 äfven
411 714 7 20 i
434 720 25 14 en
478 714 109 27 obetydlig
601 714 65 27 fråga,
681 714 36 20 det
731 714 54 20 skall
800 716 74 24 uppta-

45 748 37 21 gas
102 742 8 20 i
125 742 131 27 protokollet,
271 742 72 20 hvilka
357 749 46 14 som
414 742 64 21 hafva
489 744 64 19 röstat
563 742 33 21 för
607 744 29 19 ett
647 742 74 26 beslut,
731 748 62 14 anser
800 742 35 27 jag
843 744 30 18 att

46 770 63 21 altför
123 770 86 27 mycket
223 770 68 21 skulle
307 772 92 26 upptaga
414 777 26 14 en
457 770 176 28 bolagsstämmas
648 771 35 21 tid.
713 770 42 27 Jag
762 770 68 21 skulle
841 770 33 21 sä-

45 799 67 20 lunda
134 798 50 28 vilja
206 799 99 21 förändra
325 800 24 19 hr
364 799 89 21 Heikels
468 799 79 27 förslag
563 799 85 26 därhän,
663 801 30 19 att
708 799 35 21 det
758 798 47 22 icke
820 798 53 21 blott

45 827 60 21 stode
120 827 45 21 fritt
180 829 29 19 att
224 833 108 15 reservera
347 828 37 26 sig,
401 829 50 19 utan
467 828 64 20 ocksä
546 830 35 24 att,
597 834 34 14 om
642 827 69 27 nägon
723 827 95 21 aktionär
828 827 45 21 före

45 855 102 21 beslutets
169 856 94 20 fattande
286 856 94 20 anhäller
401 858 30 18 att
446 856 131 27 anteckning
594 862 35 14 om
645 856 26 20 de
686 856 45 20 däri
747 855 125 27 deltagande

45 884 54 20 skall
122 886 66 25 göras,
211 884 75 21 sädant
308 884 36 20 bör
363 884 43 21 ske.
435 884 106 21 Anhäller
557 884 95 21 däremot
666 884 64 28 ingen
746 890 35 14 om
796 885 30 19 ett
840 883 33 21 sä-

46 912 50 20 dant
112 912 151 28 antecknande,
279 912 23 21 sä
317 912 102 21 behöfver
433 912 37 22 det
485 913 46 21 icke
547 913 42 21 ske.

113 980 33 21 Hr
160 980 139 28 Eneberg:
315 981 42 27 Jag
371 980 66 21 måste
454 987 52 14 anse
522 983 29 18 att
566 981 25 20 hr
607 980 106 27 Clouberg
716 975 13 37 i
727 979 145 28 tillämpnin-

46 1015 42 20 gen
104 1009 21 20 af
140 1009 70 20 denna
225 1009 97 27 paragraf
337 1015 34 14 ser
385 1011 67 19 större
469 1009 130 28 svärigheter
614 1011 26 18 än
656 1008 185 27 värkställigheten
852 1008 21 21 af

45 1037 48 20 dess
108 1037 106 21 föreskrift
229 1037 94 21 innebär.
353 1037 40 21 Om
408 1044 51 14 man
475 1039 39 26 gör
529 1044 26 14 en
571 1037 133 27 förteckning
719 1037 59 20 öfver
790 1036 83 27 bolags-

45 1067 98 24 männen,
165 1065 81 21 hvilket
267 1066 23 27 ju
313 1065 63 21 ocksä
394 1066 67 27 enligt
477 1066 71 21 denna
563 1066 97 27 paragraf
674 1065 67 21 mäste
756 1067 61 25 göras
833 1065 40 20 och

46 1093 63 21 äfven
130 1093 66 21 hittils
218 1094 59 21 alltid
300 1095 38 20 har
353 1095 70 26 gjorts,
439 1096 57 19 samt
511 1095 66 20 sedan
592 1095 35 20 vid
643 1093 158 27 omröstningen
816 1093 56 20 läser

45 1128 42 20 upp
109 1128 93 15 namnen
225 1123 40 20 och
287 1123 116 20 antecknar
424 1123 65 20 hvars
512 1123 39 20 och
573 1129 38 14 ens
633 1123 22 26 ja
673 1122 51 21 eller
739 1121 41 27 nej,
796 1121 23 20 sä
834 1121 39 20 bör

46 1149 62 27 detta,
131 1149 63 22 äfven
216 1157 34 14 om
274 1151 146 20 aktionärerne
436 1153 37 18 äro
489 1152 26 20 50
531 1151 95 26 stycken,
641 1151 72 20 kunna
729 1151 61 26 göras
805 1149 68 21 ofant-

45 1178 39 27 ligt
108 1178 42 21 fort
165 1179 39 20 och
219 1179 74 20 kunna
308 1179 80 21 utföras
403 1179 27 27 pä
445 1185 84 15 samma
543 1179 36 27 tid,
595 1186 45 14 som
656 1179 75 26 själfva
746 1178 127 20 omröstnin-

45 1213 41 20 gen
102 1207 63 20 äfven
180 1207 122 21 därförutan
319 1207 68 21 skulle
403 1209 48 26 taga
467 1208 8 20 i
487 1208 94 27 anspräk.
611 1208 42 27 Jag
665 1207 42 21 kan
722 1207 47 20 icke
784 1207 46 20 inse
843 1208 30 19 att

46 1235 58 21 detta
119 1235 121 21 förfarande
255 1236 69 21 skulle
339 1238 58 19 möta
411 1236 80 21 minsta
507 1236 110 27 svärighet.

112 1303 34 21 Hr
160 1303 167 21 Söderlund:
344 1300 71 24 Äfven
429 1304 37 27 jag
482 1303 38 22 ber
528 1305 29 20 att
569 1304 6 20 i
583 1303 121 21 hufvudsak
714 1303 22 20 få
746 1303 73 20 förena
830 1302 44 27 mig

44 1338 34 14 om
99 1331 26 21 hr
138 1331 89 22 Heikels
242 1332 83 27 förslag.
355 1332 42 27 Jag
411 1332 70 21 mäste
496 1333 33 20 för
543 1333 44 20 min
603 1332 35 21 del
653 1338 50 15 anse
719 1331 36 21 det
770 1337 50 14 vara
834 1331 39 20 alt-

45 1360 33 20 för
94 1360 136 28 omständligt
245 1362 30 19 att
289 1361 34 20 för
337 1361 72 27 hvarje
425 1361 101 21 särskildt
541 1361 70 21 beslut
626 1360 120 28 uppteckna
761 1359 26 21 de
802 1365 71 21 perso-

44 1395 44 20 ner,
104 1395 45 14 som
165 1391 56 19 rösta
231 1388 34 21 för
275 1389 51 21 eller
333 1391 56 19 emot
397 1391 30 19 ett
434 1389 86 27 förslag.
535 1389 42 21 Det
585 1391 23 19 är
616 1383 124 37 fullkomligt
749 1383 125 37 tillräckligt

42 1419 30 19 att
95 1424 49 13 man
164 1417 7 20 i
187 1417 178 27 bolagstämmans
381 1418 107 26 protokoll
504 1420 102 25 upptager
621 1419 30 19 att
665 1417 24 21 sä
703 1417 40 21 och
758 1416 24 20 sä
796 1416 78 27 mänga

43 1446 67 20 röster
124 1446 63 20 hafva
202 1446 54 20 varit
270 1446 33 20 för
317 1446 106 27 förslaget,
439 1446 42 20 och
496 1446 23 21 sä
534 1446 39 21 och
585 1446 24 20 sä
623 1446 77 26 mänga
715 1446 58 20 emot
783 1444 91 21 detsam-

42 1480 40 14 ma.
112 1473 101 21 Däremot
236 1474 68 21 skulle
323 1474 36 27 jag
373 1474 47 21 icke
436 1481 53 14 anse
506 1475 35 20 det
555 1481 51 14 vara
621 1474 73 27 nödigt
709 1475 30 19 att
754 1473 7 20 i
776 1479 98 21 paragra-

42 1502 36 20 fen
93 1502 73 27 intaga
181 1508 27 15 en
224 1509 71 14 annan
311 1502 156 27 bestämmelse,
484 1509 45 14 som
544 1503 25 20 hr
583 1502 79 21 Heikel
677 1502 64 21 ocksä
755 1500 118 27 förordade,
