1017 1731
148 91 55 22 1336
368 97 180 21 Borgareståndet
561 98 55 17 1891.
641 97 22 18 20
675 98 50 20 maj.

192 177 38 27 De,
254 177 76 22 hvilka
352 177 73 22 såsom
447 178 217 27 kontraproposition
679 179 59 20 emot
748 177 112 22 utskottets
870 178 83 20 resolu-

123 205 143 28 tionsförslag
277 206 117 28 föredraga
409 207 27 20 hr
451 207 115 27 Högmans
582 207 90 27 förslag,
689 208 60 19 rösta
759 206 39 27 ja;
815 207 31 26 de,
862 207 34 20 det
910 206 45 20 icke

122 237 60 25 göra,
199 236 60 19 rösta
273 235 49 27 nej;

193 263 80 21 vinner
288 263 43 28 nej,
350 263 42 21 har
408 263 176 28 borgareståndet
599 264 9 20 i
623 263 82 22 sådant
720 263 101 28 afseende
835 263 121 27 föredragit

124 292 36 21 det
174 291 91 28 förslag,
284 299 48 14 som
347 292 110 27 förordats
472 292 35 21 uti
522 293 42 20 den
580 293 73 20 andra
669 292 35 21 till
720 291 145 22 betänkandet
879 292 77 27 fogade

124 320 169 21 reservationen.

194 383 162 27 Propositionen
372 383 126 21 besvarades
513 383 35 21 vid
565 383 83 21 anstäld
664 383 101 26 vorering
780 383 48 20 med
845 383 25 20 19
886 383 20 26 ja
917 383 38 20 och

126 412 26 19 27
176 412 41 26 nej,
240 412 40 20 och
304 412 64 20 erhöll
393 412 48 21 med
457 412 117 27 anledning
589 412 22 21 af
626 412 71 21 denna
714 412 80 27 utgång
807 411 41 21 den
863 411 94 27 följande

125 440 302 27 omröstningspropositionen
439 441 94 26 följande
549 441 94 25 lydelse:

195 502 39 27 De,
252 503 75 21 hvilka
348 503 117 28 godkänna
479 503 114 21 utskottets
607 502 224 28 resolutionsförslag,
847 504 60 19 rösta
916 502 40 28 ja;

125 531 31 27 de,
172 532 35 20 det
221 532 46 20 icke
281 534 60 25 göra,
358 534 59 18 rösta
432 532 47 28 nej;

194 560 80 20 vinner
291 560 44 28 nej,
359 560 42 21 har
421 560 175 28 borgareståndet
617 560 91 28 förenat
730 560 33 27 sig
780 567 32 13 om
830 560 41 20 den
886 560 72 20 andra

126 588 34 21 till
176 588 146 21 betänkandet
337 589 76 27 fogade
428 589 169 21 reservationen.

194 650 58 22 Enär
273 651 158 27 propositionen
454 652 127 20 besvarades
602 652 48 20 med
674 651 158 27 öfvervägande
848 651 40 27 nej,
904 650 54 22 hade

126 679 84 21 ståndet
231 680 34 20 för
280 680 64 27 öfrigt
359 680 93 27 godkänt
469 681 110 20 utskottets
597 680 140 25 betänkande,
754 682 58 18 utom
830 679 128 21 beträffande

128 708 34 21 det
185 708 68 21 under
276 715 35 14 n:o
335 709 13 19 4
371 708 43 21 däri
438 711 107 25 upptagna
560 708 241 28 petitionsmemorialet,
816 708 142 21 hvarutinnan

127 736 84 22 ståndet
232 737 83 21 förenat
337 737 32 27 sig
392 744 33 14 om
449 738 24 20 hr
495 737 77 27 Lagus'
593 738 32 20 till
641 737 145 21 betänkandet
801 736 76 28 fogade
893 742 66 15 reser-

130 765 81 21 vation.

196 908 120 27 Föredrogs
336 908 107 21 allmänna
458 908 188 21 besvärsutskottet
661 908 37 20 vid
714 908 89 27 plenum
819 908 41 20 den
877 908 25 20 16
919 908 40 26 maj

130 936 115 28 bordlagda
262 936 133 22 betänkande
411 944 34 14 n:o
461 938 27 20 28
503 938 7 19 i
526 937 115 28 anledning
657 938 20 20 af
694 938 80 19 tvänne
789 936 6 21 i
808 936 154 21 bondeståndet

128 965 82 28 ingifna
226 965 211 28 petitionsmemorial
453 973 33 14 om
502 966 92 21 revision
610 966 21 21 af
646 966 26 21 de
688 966 35 20 för
739 966 153 20 smittosamma
902 965 59 20 krea-

131 994 181 27 turssjukdomars
335 994 174 21 förekommande
532 995 39 20 och
586 994 130 21 hämmande
732 994 82 27 utgifna
829 993 134 28 lagstadgan-

131 1023 47 25 den,
194 1026 54 18 samt
265 1029 34 14 om
315 1023 132 21 anställande
463 1023 20 21 af
499 1023 64 21 ökadt
579 1023 56 21 antal
651 1023 138 21 veterinärer.

200 1085 55 21 Utan
273 1085 121 21 diskussion
409 1085 44 22 blef
467 1086 143 21 betänkandet
625 1086 20 20 af
661 1085 87 21 ståndet
763 1085 113 27 godkändt.

200 1228 70 21 Bland
287 1228 94 21 ståndets
397 1229 138 21 medlemmar
549 1229 54 21 hade
617 1229 94 21 utdelats
727 1228 39 21 och
782 1227 112 21 bordlades

200 1262 31 21 till
248 1265 61 19 nästa
323 1263 97 27 plenum:

200 1319 44 27 lag-
268 1320 40 20 och
331 1319 212 22 ekonomiutskottets
564 1320 79 27 förslag
665 1320 33 21 till
722 1319 208 27 sammanjämkning
945 1318 21 21 af

132 1347 101 21 ståndens
252 1347 121 29 skiljaktiga
395 1348 70 21 beslut
485 1349 34 20 vid
542 1349 159 27 behandlingen
726 1347 21 21 af
767 1347 111 21 utskottets
894 1347 72 21 betän-

132 1376 70 21 kande
224 1383 36 14 n:o
277 1378 13 19 3
305 1377 8 20 i
328 1377 117 27 anledning
460 1378 21 20 af
495 1377 77 28 nådiga
587 1378 162 27 propositionen
765 1383 35 14 n:o
818 1376 26 20 12
860 1376 48 20 med
924 1376 42 20 för-

132 1405 46 27 slag
200 1405 32 20 till
250 1405 127 27 förordning
392 1412 35 14 om
443 1405 106 21 allmänna
565 1405 188 29 upplagsmagasin
769 1406 49 20 med
834 1406 40 20 rätt
889 1406 30 19 att
934 1407 33 17 ut-

132 1433 58 28 gifva
205 1436 113 24 warrants;

202 1462 109 21 allmänna
337 1462 198 22 besvärsutskottets
560 1463 79 27 förslag
663 1463 32 21 till
721 1461 208 28 sammanjämkning
944 1461 22 21 af

133 1490 101 21 ståndens
255 1491 122 27 skiljaktiga
399 1491 70 21 beslut
489 1492 34 20 vid
546 1492 160 27 behandlingen
727 1491 20 20 af
767 1491 112 21 utskottets
895 1489 71 22 betän-
