1017 1731
365 112 179 21 Borgareståndet
558 114 53 16 1891.
637 113 12 17 9
661 112 47 21 maj.

113 192 86 20 komma
222 192 32 21 till
276 191 62 22 stånd
354 192 25 27 på
395 192 92 21 enskildt
503 192 91 21 initiativ
610 193 38 20 och
665 192 44 21 afse
725 193 30 19 ett
770 198 58 14 mera
844 191 102 28 praktiskt

114 221 62 26 syfte.
198 220 74 21 Skulle
286 223 29 18 ett
328 221 73 26 anslag
417 221 20 20 af
454 221 75 21 15,000

113 249 74 26 slagen
210 255 63 14 anses
295 249 33 20 för
350 249 51 26 litet,
421 249 72 20 kunde
509 249 26 20 de

114 277 89 27 årligen.

114 306 67 26 jämte
197 308 29 18 att
243 306 113 21 utskottets
372 306 21 20 af
407 306 43 27 mig
467 306 73 21 berörd

182 390 33 20 Hr
230 390 115 20 Heikel:
378 390 10 20 I
404 390 120 21 hufvudsak

115 418 46 27 slag
176 418 31 20 till
227 418 64 23 kläm,
314 425 45 14 som
375 418 65 21 redan
456 421 23 18 är
495 422 47 17 anta

545 221 60 20 mark
621 221 32 20 för
668 220 160 27 folkhögskolor
842 220 22 20 af
878 219 67 28 bägge

546 251 21 18 ta
582 249 74 27 anslag
671 249 60 26 höjas
746 248 32 21 till
794 249 75 25 20,000
884 248 61 21 mark

233 277 10 20 I
267 277 93 27 enlighet
382 277 48 21 med
453 277 54 21 hvad
527 278 35 26 jag
577 277 89 27 tidigare
682 279 52 24 sagt,
747 277 88 20 föreslår
849 277 35 26 jag
899 277 46 20 där-

543 313 12 13 a
566 306 109 21 uttalande
685 305 27 27 pä
723 305 38 20 sid.
774 306 26 19 27
812 307 133 19 utmönstras,

544 397 34 14 ber
592 391 35 26 jag
643 393 30 18 att
687 389 22 21 fä
720 390 129 21 understöda
859 390 35 21 det
904 390 41 20 för-

545 421 35 24 get
595 419 21 20 af
632 421 78 18 tvänne
726 418 67 21 andra
808 418 66 21 ständ.
904 418 41 27 Jag

114 448 38 25 gör
168 447 35 20 det
218 447 100 20 särskildt
333 447 70 20 därför
418 449 29 19 att
463 447 35 21 det
515 454 48 14 vore
579 447 22 20 af
615 447 94 27 praktisk
725 447 45 20 vikt
785 449 35 23 att,
836 447 26 20 dä
878 447 19 20 vi
913 453 31 14 re-

115 475 42 20 dan
172 475 86 20 befinna
279 475 54 21 ossi
351 475 62 21 slutet
429 476 20 20 af
464 475 135 28 landtdagen,
615 478 74 25 genast
705 475 20 20 fä
741 477 31 18 tre
788 475 72 20 ständs
876 474 69 21 beslut

114 503 32 21 till
162 503 67 21 ständ.
260 503 49 21 Men
326 504 35 27 jag
375 504 41 21 kan
433 504 53 21 dock
502 504 47 21 icke
564 504 49 21 med
630 504 59 21 bästa
705 503 50 27 vilja
770 503 74 21 förena
855 504 42 27 mig
910 510 34 14 om

114 532 41 20 den
178 532 65 21 första
265 532 107 21 klämmen
388 533 6 19 i
410 533 111 20 utskottets
543 533 128 20 betänkande
687 532 48 20 med
752 532 41 20 den
807 532 80 26 lydelse
904 532 40 20 den

114 560 44 20 har.
188 560 42 28 Jag
245 561 41 20 kan
303 561 46 20 icke
366 561 69 27 undgä
451 564 29 18 att
495 561 58 20 finna
569 563 30 19 att
609 562 36 20 det
655 560 115 22 förefinnes
781 567 26 14 en
818 560 125 28 motsägelse

115 588 90 21 emellan
225 589 70 20 denna
310 589 55 20 kläm
382 589 39 21 och
436 590 112 20 utskottets
564 590 132 26 motivering.
728 589 106 20 Utskottet
850 589 94 20 förordar

115 617 5 19 i
132 617 33 20 sin
176 617 57 20 kläm
244 617 80 21 sädana
334 618 227 26 fortsättningskurser,
571 618 88 20 hvarom
670 617 85 27 stadgas
767 618 7 19 i
784 618 40 19 125
836 617 12 26 &
859 617 21 20 af
891 617 53 20 folk-

117 645 218 28 skoleförordningen.
351 646 48 20 Men
412 647 6 19 i
429 646 69 21 denna
509 646 98 27 paragraf
618 646 59 27 talas,
685 646 71 20 säsom
765 646 65 20 redan
841 646 25 19 hr
876 645 68 21 Sund-

115 674 43 20 vall
181 674 38 20 har
234 674 92 27 upplyst,
342 681 34 13 om
392 677 29 18 att
436 675 189 21 folkskollärarene
641 677 36 18 äro
693 674 99 27 skyldiga
807 676 29 18 att
852 680 26 14 en
894 674 51 20 eller

114 702 36 20 tvä
165 702 165 28 eftermiddagar
344 703 6 19 i
367 703 80 21 veckan
463 703 56 27 gifva
535 703 154 27 undervisning
705 702 21 21 ät
737 702 54 23 dem,
802 709 46 13 som
858 708 86 21 genom-

114 730 45 27 gätt
182 731 64 27 högre
269 731 104 21 folkskola
396 732 51 20 eller
469 738 77 14 annars
569 731 81 22 beflitat
671 732 32 26 sig
719 738 34 13 om
769 730 120 27 kunskaper
904 730 38 20 och

114 758 103 28 bildning.
249 759 108 21 Utskottet
371 760 38 20 har
424 760 100 26 däremot,
541 760 38 20 och
596 760 35 20 det
646 760 50 20 med
712 761 59 21 rätta,
783 759 59 21 tänkt
852 759 32 27 sig
894 759 49 20 fort-

115 788 187 26 sättningskurser,
317 794 45 14 som
378 788 68 21 skulle
457 788 68 27 fortgä
536 788 69 21 under
615 788 65 28 nägra
691 788 89 20 veckors
791 788 29 20 tid
833 788 6 19 i
850 789 29 19 ett
889 794 54 13 sam-

114 816 113 27 manhang.
258 816 84 20 Sådana
360 816 79 27 kurser,
455 823 45 14 som
517 817 12 26 $
546 817 41 20 125
601 817 61 26 afser,
678 816 60 21 torde
754 816 58 20 såväl
827 816 6 20 i
845 816 98 20 afseende

115 843 11 20 å
142 844 110 21 resultatet
268 844 21 21 af
304 845 32 20 sin
352 845 133 21 värksamhet
499 852 46 14 som
561 845 62 21 äfven
639 846 33 20 för
687 844 64 27 öfrigt
763 851 49 14 vara
826 844 117 27 olämpliga,

115 872 27 20 dä
164 879 49 13 man
233 873 22 26 ju
276 873 26 27 pä
324 873 147 27 landsbygden
494 873 38 21 bor
553 874 86 26 mycket
662 873 73 27 spridt,
751 873 39 20 och
806 873 35 20 det
856 872 88 20 sälunda

114 900 47 21 icke
178 901 68 21 skulle
262 901 69 27 lämpa
347 902 32 26 sig
393 902 33 20 för
441 902 98 21 eleverna
555 904 30 18 att
601 909 26 13 en
643 902 53 21 eller
711 901 36 21 tvä
762 901 65 27 dagar
842 901 5 19 i
864 901 80 20 veckan

114 928 79 21 besöka
209 930 80 20 skolan.
319 930 76 21 Därför
410 937 63 20 synes
486 930 44 27 mig
541 930 25 21 de
578 930 21 21 af
610 930 102 21 utskottet
724 929 112 21 förordade
847 929 98 21 skolorna

114 957 27 26 pä
164 958 28 20 alt
215 960 41 19 sätt
277 959 128 26 lämpligare.
435 959 49 20 Men
505 959 26 20 da
552 959 63 21 borde
639 958 106 28 själffallet
768 958 141 27 äberopandet
924 958 21 20 af

116 986 40 20 125
173 987 11 26 $
201 987 21 20 af
238 987 254 27 folkskoleförordningen
508 987 50 28 utgä
573 987 46 20 frän
633 988 115 20 klämmen.
776 987 41 26 Jag
828 987 36 20 ber
876 986 70 20 därför

114 1016 30 18 att
160 1015 20 20 fä
196 1015 77 20 föreslä
291 1017 30 19 att
336 1015 64 21 första
422 1016 107 21 klämmen
551 1016 69 21 skulle
642 1015 81 22 erhälla
744 1015 93 27 följande
853 1015 90 26 lydelse:

114 1044 42 25 »att
172 1043 181 28 ändamålsenliga
368 1044 222 27 fortsättningskurser
605 1045 31 20 till
652 1044 146 21 folkskolorna
809 1043 63 21 måtte
883 1043 7 20 i
901 1043 43 20 vid-

114 1071 124 21 sträektaste
254 1072 48 20 män
315 1073 122 20 anordnas".
462 1073 62 20 Hvad
536 1073 64 20 sedan
613 1073 135 20 vidkommer
759 1072 25 20 de
796 1072 20 20 af
826 1072 25 20 hr
862 1071 82 21 Meche-

113 1099 30 20 lin
160 1099 120 28 föreslagna
291 1100 146 21 landtmanna-
449 1102 37 19 och
498 1101 233 23 husmodersskolorna,
742 1101 22 20 sä
776 1101 37 20 har
824 1100 40 20 den
876 1100 68 27 tanke,

114 1134 46 13 som
176 1128 69 27 ligger
261 1129 31 20 till
308 1129 69 26 grund
393 1129 32 21 för
440 1129 113 23 desamma,
570 1130 60 20 väckt
646 1130 80 20 allmän
742 1129 112 26 genklang.
869 1128 30 26 Ty
910 1128 36 21 det

114 1157 23 18 är
154 1157 119 26 uppenbart
288 1159 29 18 att
333 1157 26 20 de
374 1157 76 27 skolor,
466 1165 45 14 som
527 1159 38 20 hos
581 1165 34 14 oss
630 1159 90 19 inrättas
735 1157 26 27 pä
777 1157 72 20 landet
860 1157 32 20 för
904 1157 41 20 den

114 1190 74 15 vuxna
209 1185 53 20 eller
277 1185 116 21 halfvuxna
410 1186 156 27 befolkningen,
582 1187 67 20 mäste
665 1186 64 21 hafva
745 1192 25 14 en
787 1185 93 27 praktisk
896 1185 50 20 rikt-

114 1212 57 27 ning,
187 1220 34 13 om
238 1213 26 21 de
280 1214 59 20 skola
355 1215 64 20 vinna
435 1215 88 20 fotfäste.
549 1215 74 20 Likväl
638 1217 64 18 stötte
718 1215 35 26 jag
768 1214 44 27 mig
827 1216 73 24 genast
911 1213 34 20 vid

114 1241 25 20 hr
154 1241 118 21 Mechelins
287 1242 79 27 förslag
382 1243 133 27 därutinnan,
531 1245 30 18 att
576 1243 40 20 han
633 1243 94 26 föreslog
743 1245 30 18 ett
788 1242 64 21 skildt
867 1243 79 25 system

114 1269 22 20 af
151 1270 130 27 statsskolor,
303 1277 45 14 som
371 1271 84 21 komme
477 1274 29 18 att
526 1271 75 28 uppstä
616 1272 65 26 jämte
699 1271 26 20 de
741 1277 30 14 nu
786 1269 160 28 ifrägavarande

112 1297 263 28 fortbildningskurserna,
399 1302 53 18 samt
472 1300 34 20 vid
529 1300 61 20 sidan
606 1300 21 20 af
647 1300 25 21 de
689 1306 31 13 nu
736 1298 142 28 uppspirande
893 1297 53 21 folk-

112 1325 150 28 högskolorna.
292 1327 63 21 Detta
379 1328 82 21 föreföll
483 1329 44 26 mig
550 1328 46 21 från
619 1329 75 26 början
718 1327 102 21 innebära
836 1329 28 18 ett
880 1326 66 27 splitt-

113 1355 66 20 rande
196 1355 21 21 af
232 1356 107 20 krafterna
355 1356 32 20 till
403 1357 39 20 den
459 1357 51 27 grad
526 1358 29 20 att
565 1363 50 15 man
627 1357 126 27 därigenom
766 1355 104 21 mähända
878 1354 68 21 skulle

113 1382 79 21 förlora
215 1384 143 21 altsammans.
388 1384 50 21 Men
455 1386 26 20 dä
496 1392 29 14 nu
542 1386 102 20 utskottet
661 1384 115 22 inskränkt
790 1384 25 20 hr
830 1383 116 21 Mechelins

113 1411 79 27 förslag
215 1412 76 26 därtill,
314 1414 29 19 att
364 1415 69 19 staten
453 1413 53 21 blott
521 1414 69 20 skulle
607 1413 130 21 understöda
753 1412 73 27 dylika
840 1411 107 28 praktiska

113 1439 77 27 skolor,
214 1440 27 20 dä
257 1440 26 21 de
299 1440 26 28 pä
341 1441 91 21 enskildt
454 1442 89 20 initiativ
567 1442 93 26 inrättas,
676 1441 25 21 sä
717 1441 37 20 vill
769 1442 35 26 jag
820 1440 61 21 äfven
897 1446 50 14 vara

112 1468 50 20 med
181 1474 35 14 om
232 1469 113 21 utskottets
368 1470 67 20 andra
457 1470 62 20 kläm.
550 1470 49 21 Men
616 1470 67 21 tillika
699 1470 43 20 kan
757 1470 36 26 jag
808 1469 46 21 icke
871 1468 76 20 under-

112 1495 42 21 läta
170 1498 31 18 att
216 1497 67 21 uttala
305 1497 40 21 den
367 1498 169 28 förhoppningen
552 1501 29 19 att
597 1499 40 20 den
653 1498 73 26 tanke,
741 1504 46 14 som
802 1498 25 20 hr
842 1496 105 22 Mechelin
