1017 1731
299 119 180 21 Borgareståndet
493 120 54 17 1891.
572 118 18 18 11
606 119 48 21 maj.
809 115 53 20 1067

59 199 147 26 expeditioner
221 198 47 20 från
283 198 174 27 stämpelpapper,
474 200 51 19 utan
540 205 63 14 anser
618 200 30 19 att
663 199 26 20 de
710 199 88 20 likasom
821 199 69 20 härin-

58 227 44 20 tills
118 227 64 20 borde
198 226 69 21 betala
283 226 168 27 stämpelpapper
467 227 31 20 till
514 226 111 21 enahanda
648 227 76 26 belopp
745 233 45 14 som
807 227 32 20 för
860 227 30 20 öf-

60 255 44 26 riga
120 255 147 26 expeditioner
281 256 23 18 är
319 254 102 27 stadgadt,
437 254 33 21 får
484 255 36 26 jag
535 255 77 20 föreslå
627 256 30 19 att
667 255 71 20 denna
750 255 140 27 anmärkning

60 283 64 20 måtte
139 283 21 20 få
176 283 93 26 följande
284 282 91 27 lydelse:
392 283 178 26 ,,Förordnanden
587 283 26 26 på
629 283 108 20 obestämd
754 283 30 20 tid
804 283 31 20 till
858 283 32 20 så-

60 311 56 20 dana
138 311 80 26 sysslor
239 311 36 20 vid
297 311 107 27 järnvägs-
427 311 40 20 och
486 311 210 27 postförvaltningen,
716 311 71 20 hvilka
808 311 83 27 åtföljas

61 339 75 21 endast
151 339 21 21 af
188 339 77 20 arvode
281 341 54 18 samt
350 339 21 20 af
385 339 124 27 chefskapet
524 339 102 27 tillsättas,
649 339 90 21 skrifvas
761 339 12 20 å
796 339 40 21 den
858 339 33 20 för

62 368 83 20 värkets
161 367 67 28 öfriga
244 367 146 28 expeditioner
405 367 102 28 stadgade
522 367 78 21 karta.

130 453 32 20 Hr
174 452 109 21 Heikel:
307 452 107 21 Utskottet
429 453 40 20 har
483 452 26 27 på
525 453 60 20 sidan
602 453 12 20 5
630 453 7 20 i
652 453 35 20 sitt
702 453 133 20 betänkande
852 453 38 26 gif-

63 481 29 20 vit
107 481 113 20 ständerna
236 483 29 18 ett
280 481 79 26 ganska
375 481 165 20 öfverraskande
556 481 146 20 meddelande.
732 481 10 20 I
757 481 41 20 den
816 487 75 20 propo-

63 510 62 20 sition
148 509 90 21 rörande
261 509 213 27 stämpelbevillning,
500 516 45 14 som
567 510 125 26 regeringen
715 510 121 20 inlämnade
860 510 31 20 till

64 538 53 20 1877
134 538 34 20 års
191 538 106 26 landtdag,
319 538 70 26 ingick
412 540 71 18 under
498 539 12 19 5
526 538 11 26 &
553 538 39 20 och
608 538 101 20 rubriken
725 537 121 27 ,fullmakt*
862 540 30 18 ett

63 566 87 20 alldeles
166 566 69 26 dylikt
249 566 122 26 stadgande,
387 572 44 14 som
452 573 30 13 nu
504 566 142 21 förekommer
661 566 6 20 i
683 566 42 21 den
747 566 77 27 nädiga
845 572 47 21 pro-

63 594 125 27 positionen,
210 594 149 21 innehällande
381 597 29 18 att
434 594 105 26 fullmakt,
561 594 147 28 ämbetsintyg,
729 594 163 27 konstitutorial,

63 622 149 27 förordnande,
232 622 87 21 kallelse
343 623 38 20 och
402 623 182 27 antagningsbref,
605 623 192 27 protokollsutdrag
815 629 27 13 m.
858 630 34 19 m.,

63 651 138 28 hvarigenom
217 651 88 26 ämbete,
321 651 64 26 tjänst
399 651 53 21 eller
468 651 119 27 befattning
602 651 91 21 besättes
708 651 51 21 eller
770 651 122 27 bortgifves,

62 679 70 21 skulle
148 679 90 21 skrifvas
252 679 27 27 pä
294 679 169 27 stämpelpapper
479 680 66 26 enligt
560 679 110 21 enahanda
685 679 74 27 grund,
781 686 45 13 som
850 680 41 20 den

64 707 76 27 nädiga
162 708 156 26 propositionen
341 714 29 14 nu
394 710 108 24 upptager.
532 708 68 20 Dessa
623 708 130 26 stadganden
777 707 70 21 blefvo
871 708 21 20 af

64 736 113 20 ständerna
192 736 112 27 godkända
319 736 39 20 och
374 736 21 20 af
409 736 26 20 H.
452 736 27 20 K.
495 736 28 21 M.
539 736 133 26 stadfästade,
691 736 39 20 och
745 736 54 20 hade
814 736 78 26 jämväl

64 764 54 20 varit
132 764 98 27 gällande
245 764 44 20 före
307 764 60 20 1877.
396 764 51 21 Men
464 765 57 20 detta
537 764 86 21 oaktadt
637 764 126 20 förordnade
780 764 112 27 kejserliga

63 794 88 19 senaten
166 798 77 21 genom
259 798 26 14 en
301 792 110 21 skrifvelse
427 793 21 20 af
464 793 41 21 den
522 794 11 19 9
549 793 42 27 maj
609 793 54 20 1878
679 794 30 19 att
724 792 72 27 dylika
811 792 81 21 förord-

63 820 91 27 nanden,
170 820 53 21 eller
238 820 69 21 säsom
323 820 26 21 de
364 821 67 20 kallas
447 821 194 27 antagningsbevis,
656 821 32 20 för
703 827 25 15 on
740 820 35 21 del
784 821 108 27 järnvägs-

62 849 127 26 tjänstemän
210 849 47 20 icke
272 848 68 21 skulle
359 849 90 21 skrifvas
472 850 27 26 pä
514 850 173 26 stämpelpapper.
717 848 76 22 Denna
815 849 77 27 kejser-

62 877 44 27 liga
120 879 99 19 senatens
234 877 110 21 skrifvelse
360 878 45 20 stod
422 878 91 20 sälunda
529 878 7 20 i
552 878 109 27 uppenbar
675 878 52 20 strid
749 877 49 21 med
821 884 27 14 en
871 878 21 20 af

63 907 73 25 regent
158 906 40 20 och
220 905 86 21 ständer
326 906 71 20 stiftad
413 906 41 27 lag,
479 906 39 21 och
533 906 66 21 mäste
623 906 34 20 det
681 906 64 20 väcka
761 906 41 20 den
818 906 74 26 högsta

63 934 113 27 förväning
190 935 30 19 att
235 940 27 14 en
277 933 59 27 dylik
351 934 112 21 skrifvelse
479 934 130 21 fortfarande
632 934 64 21 sedan
720 934 48 21 dess
790 934 38 21 har
850 934 42 21 till-

63 962 89 27 lämpats
168 964 51 19 utan
234 964 30 18 att
279 963 124 26 regeringen
420 963 73 20 funnit
508 963 33 27 sig
555 963 118 20 föranläten
688 965 30 18 att
740 963 36 20 vid
798 962 94 27 följande

62 990 126 27 landtdagar
202 990 78 21 föreslä
294 991 69 26 nägon
379 991 93 27 ändring
491 991 7 20 i
521 991 240 27 stämpelförordningen
776 991 8 20 i
800 991 92 26 enlighet

63 1019 48 20 med
128 1019 70 20 denna
213 1018 115 21 skrifvelse.
359 1019 41 20 Vid
418 1019 62 27 1882,
498 1020 54 20 1885
571 1020 39 20 och
635 1020 53 20 1888
711 1019 33 20 ärs
767 1019 126 27 landtdagar

62 1047 62 26 lyder
139 1047 126 27 stadgandet
279 1047 6 20 i
301 1047 245 28 stämpelförordningen
561 1048 135 20 oförändradt
712 1047 26 27 pä
753 1054 81 14 samma
852 1049 41 19 sätt

63 1081 46 14 som
125 1076 61 19 1878.
216 1075 49 20 Men
282 1075 56 20 detta
353 1075 86 21 oaktadt
455 1077 40 20 har
509 1076 70 21 denna
595 1076 109 21 skrifvelse
720 1076 21 20 af
756 1076 40 20 den
818 1076 12 20 9
850 1076 41 26 maj

64 1103 54 20 1878
134 1103 60 21 ländt
208 1103 31 20 till
255 1103 138 22 efterrättelse
414 1104 36 20 vid
473 1105 146 26 järnvägarna.
649 1104 41 21 Det
713 1106 22 18 är
759 1106 30 19 ett
810 1104 82 27 lagstri-

63 1131 45 27 digt
122 1131 126 25 förfarande,
265 1138 44 14 som
325 1132 46 21 icke
387 1132 41 21 kan
445 1133 83 20 lämnas
544 1133 115 20 oanmärkt.
689 1133 41 26 Jag
747 1132 71 21 tviflar
838 1132 54 21 dock

62 1159 47 21 icke
124 1159 27 27 pä
167 1161 30 19 att
212 1160 55 20 vissa
283 1160 112 21 ömmande
410 1161 47 20 skäl
474 1161 62 26 gäfvo
552 1161 115 27 anledning
688 1161 31 20 till
741 1161 70 20 denna
832 1160 60 20 skrif-

63 1187 63 26 velse,
142 1194 50 14 men
208 1187 26 21 dä
250 1188 53 21 hade
319 1189 35 20 det
369 1189 54 20 varit
440 1189 138 27 regeringens
594 1189 37 21 sak
647 1191 29 18 att
691 1189 35 20 vid
741 1189 42 20 den
798 1188 94 27 följande

63 1215 129 27 landtdagen
207 1215 77 22 föreslä
299 1217 90 26 ändring
404 1217 21 20 af
441 1217 248 28 stämpelförordningen,
704 1217 46 20 icke
761 1219 30 18 att
802 1217 91 26 ensidigt

64 1245 41 20 och
121 1244 144 29 egenmäktigt
279 1245 66 20 ändra
360 1245 78 21 allmän
455 1245 41 28 lag.
523 1246 42 27 Jag
580 1246 37 20 vill
632 1246 45 21 icke
701 1245 66 21 häller
789 1252 29 13 nu
840 1245 54 26 yrka

63 1273 27 28 pä
105 1275 29 19 att
150 1273 35 21 det
207 1273 244 28 undantagsstadgande,
475 1281 45 14 som
536 1275 102 20 utskottet
655 1274 108 27 föreslagit
783 1274 27 27 pä
832 1273 60 21 sidan

66 1302 32 26 14,
114 1302 65 20 första
195 1302 172 27 anmärkningen,
383 1303 54 20 skall
454 1303 97 27 undergä
566 1303 68 27 nägon
651 1302 103 27 väsentlig
764 1302 130 26 förändring,

63 1336 49 15 men
129 1330 37 21 ber
182 1332 29 19 att
226 1330 20 20 fä
262 1331 128 20 understöda
405 1331 36 20 det
457 1331 85 27 förslag,
557 1338 46 13 som
619 1331 82 27 gjordes
717 1331 21 20 af
748 1331 26 20 hr
784 1330 110 26 Federley,

64 1365 33 14 om
122 1361 29 18 att
174 1358 69 21 denna
266 1358 97 22 befrielse
386 1359 54 21 ifrän
465 1360 174 27 stämpelpapper,
655 1359 22 21 sä
699 1361 38 19 när
752 1365 46 15 som
811 1358 26 28 pä
852 1358 42 21 den

63 1387 123 27 sedvanliga
201 1387 214 27 expeditionskartan,
431 1388 72 21 skulle
519 1388 85 21 komma
618 1388 77 27 jämväl
718 1388 175 26 posttjänstemän

63 1415 31 20 till
110 1415 60 27 godo.
198 1415 85 27 Infogas
298 1416 7 20 i
321 1416 70 20 denna
407 1417 144 27 anmärkning
566 1416 53 21 efter
638 1415 256 28 järnvägsförvaltningen

62 1443 63 21 äfven
146 1444 209 27 postförvaltningen,
379 1444 22 21 sä
424 1444 71 22 skulle
518 1445 69 20 denna
608 1445 92 26 lindring
721 1444 7 20 i
743 1442 150 27 kartastämpel

60 1472 87 20 komma
168 1472 187 27 poststationernas
378 1473 38 20 och
439 1473 236 27 postexpeditionernas
696 1471 144 22 föreständare
863 1470 31 21 till

61 1500 61 26 godo,
138 1500 72 20 hvilka
225 1500 87 26 tjänster
327 1500 83 28 ätföljas
425 1501 23 20 af
464 1503 30 19 ett
509 1501 78 21 arvode
605 1501 21 21 af
646 1502 40 20 200
706 1501 31 20 till
761 1499 41 21 600
826 1499 70 27 mark,
