1017 1731
293 105 179 20 Borgareståndet
485 105 53 17 1891.
562 105 22 17 15
596 105 48 21 maj.
805 101 53 20 1167

56 185 76 26 rering.
162 184 41 27 Jag
224 184 68 21 måste
316 184 85 21 betvifla
423 185 138 26 möjligheten
583 186 30 19 att
631 185 72 20 kunna
719 185 94 27 tillämpa
829 185 57 22 detta

57 213 121 27 stadgande.
208 213 41 26 Jag
272 215 23 18 är
310 212 65 21 likväl
390 212 68 21 tillika
473 213 125 26 öfvertygad
615 213 72 20 därom
703 216 30 18 att
748 213 28 21 all
792 213 41 21 den
848 221 37 19 po-

57 241 49 27 lityr
129 242 39 20 och
190 241 144 26 lackfernissa,
357 240 87 21 hvilken
467 241 42 20 kan
532 241 59 20 inom
611 241 73 21 landet
699 241 85 21 komma
800 243 29 19 att
844 242 41 20 till-

58 270 73 20 värkas
154 270 65 20 sedan
242 269 151 21 denatureradt
413 269 90 20 bränvin
525 269 97 21 kommer
637 271 30 19 att
681 270 115 21 förefinnas
811 270 7 20 i
834 271 51 20 han-

57 298 55 26 deln,
135 298 53 21 skall
210 298 21 21 af
253 298 58 21 detta
333 297 56 27 slags
413 297 90 21 bränvin
526 298 119 27 fabriseras,
661 299 90 20 emedan
767 299 117 20 detsamma

57 327 40 20 blir
119 327 23 20 så
156 327 86 27 mycket
258 326 95 27 billigare
369 328 27 18 än
411 328 66 19 annat
492 326 97 27 bränvin,
604 326 33 21 för
651 327 81 20 hvilket
747 327 55 20 skatt
817 327 67 20 måste

57 355 100 27 erläggas.
186 355 42 27 Jag
250 355 69 20 skulle
341 354 82 21 således
446 355 47 20 icke
516 355 63 20 hafva
602 355 117 27 någonting
739 357 56 19 emot
810 357 30 19 att
855 357 31 19 ett

57 383 94 28 generelt
166 383 116 28 stadgande
298 383 69 20 skulle
382 383 116 20 förefinnas
514 383 72 20 därom
603 385 30 19 att
647 383 78 27 polityr
741 384 39 21 och
795 383 89 22 lackfer-

56 412 58 21 nissa
129 412 200 27 öfverhufvudtaget
343 411 47 21 icke
405 411 56 28 finge
478 411 31 21 till
525 411 46 21 salu
587 411 72 27 hållas,
675 412 45 20 ifall
735 412 26 21 de
776 412 47 21 icke
834 418 50 15 vore

57 440 123 21 tillvärkade
203 440 21 21 af
246 440 141 21 denaturerad
403 440 58 27 sprit.
491 440 50 21 Men
557 442 30 19 ett
602 440 75 21 sådant
692 441 115 26 stadgande
823 447 62 14 anser

56 469 36 27 jag
106 469 46 20 icke
168 469 62 20 hafva
245 469 33 20 sin
294 470 53 19 rätta
362 468 54 27 plats
431 469 7 19 i
455 469 70 20 denna
540 468 41 27 lag,
597 470 51 19 utan
663 469 50 27 såge
728 469 35 27 jag
773 471 65 25 gärna
850 475 34 14 om

57 497 7 21 i
80 504 25 14 en
122 497 89 21 särskild
226 497 35 27 lag
275 497 112 27 stadgades
403 499 30 19 att
449 497 28 21 all
493 497 136 27 tillvärkning
645 497 20 21 af
680 497 78 27 polityr
773 497 39 21 och
827 497 57 21 lack-

57 526 89 21 fernissa
161 526 68 21 skulle
245 526 37 20 ske
298 526 48 20 med
362 526 140 26 begagnande
511 526 20 20 af
539 525 151 22 denatureradt
705 526 94 21 bränvin.
826 526 58 20 Kan-

58 554 36 21 ske
112 554 44 21 helt
171 554 71 22 enkelt
258 560 27 15 en
301 554 178 28 ordningsstadga
493 554 33 21 för
541 554 58 20 detta
615 554 97 21 ändamål
727 555 69 21 skulle
811 554 74 21 kunna

57 583 100 26 utfärdas;
181 583 75 21 sådant
278 589 64 20 synes
361 583 18 26 ej
396 582 51 21 böra
463 584 57 19 möta
535 584 66 19 större
617 582 76 21 hinder
707 585 26 18 än
750 583 135 21 utfärdandet

57 611 21 21 af
100 611 144 27 reglementen
267 612 33 20 för
318 611 65 21 andra
399 611 106 27 näringar,
521 611 72 21 hvilka
609 611 143 27 reglementen
768 611 116 21 föranledts

57 642 13 18 t.
94 646 32 14 ex.
149 640 21 20 af
189 640 214 26 hälsovårdsstadgan
417 646 28 14 m.
461 646 28 14 m.
519 639 51 21 Men
585 640 60 20 häraf
660 640 68 20 skulle
744 640 140 26 ovilkorligen

57 668 51 27 följa
130 670 30 19 att
175 668 28 21 all
218 669 77 26 import
310 668 21 20 af
346 674 70 14 annan
432 674 52 14 vara
499 670 27 18 än
541 668 72 26 sådan,
629 674 45 14 som
689 668 108 21 tillvärkas
812 668 21 20 af
848 668 36 20 de-

57 697 113 21 naturerad
194 697 57 27 sprit,
272 703 50 14 vore
341 696 155 28 omöjliggjord,
511 696 102 28 antingen
636 702 77 22 genom
730 696 155 28 importförbud

58 725 51 21 eller
131 732 76 20 genom
230 725 23 21 så
275 725 42 27 hög
339 725 39 20 tull
394 727 30 18 att
438 725 79 27 import
532 731 50 15 vore
598 725 91 27 omöjlig.
719 725 51 21 Men
785 724 27 21 då
828 724 57 21 detta

57 754 46 20 icke
118 754 42 20 kan
176 754 21 20 af
212 760 34 14 oss
261 754 127 26 dekreteras,
404 755 51 19 enär
471 754 21 20 vi
507 754 46 20 icke
569 754 38 20 här
622 754 73 20 kunna
709 755 51 25 göra
775 752 110 22 bestämda

57 782 129 27 påståenden
206 782 109 27 angående
331 781 143 27 tullsatserna,
490 782 23 20 så
528 782 67 20 måste
610 782 35 26 jag
660 783 97 19 motsätta
772 782 44 26 mig
831 781 54 21 infö-

57 810 75 21 randet
154 810 21 21 af
198 810 56 21 detta
276 812 95 19 moment
392 810 7 20 i
421 810 134 28 paragrafen,
571 812 22 24 ty
608 811 36 26 jag
660 810 40 21 kan
716 809 95 28 omöjligt
826 809 59 21 finna

57 839 55 20 huru
135 839 35 21 det
192 839 54 20 skall
269 838 66 21 blifva
357 838 82 28 möjligt
455 841 31 19 att
500 838 130 21 kontrollera
645 840 29 19 att
689 838 42 21 den
746 838 138 21 lackfernissa

58 867 39 21 och
112 867 98 21 särskildt
225 868 42 20 den
281 867 83 27 polityr,
380 874 46 14 som
441 867 28 27 på
477 867 72 21 landet
557 867 32 21 till
597 867 47 21 salu
651 866 72 28 hålles,
733 869 24 18 är
772 866 112 21 tillvärkad

58 895 20 21 af
94 895 148 21 denatureradt
257 896 95 20 bränvin.
382 895 77 21 Denna
475 895 160 27 undersökning
650 895 68 21 skulle
734 895 26 21 då
776 895 20 21 af
812 894 73 21 veder-

57 924 93 21 börande
171 924 67 21 måsta
256 924 105 27 företagas
377 930 78 21 genom
470 924 84 21 mindre
569 924 103 27 smakliga
687 923 113 28 smakprof,
816 925 23 24 ty
854 924 31 19 att

58 953 20 20 af
100 953 68 20 kärlet
189 953 96 26 bedöma,
307 953 105 20 huruvida
427 959 68 14 varan
511 954 22 19 är
549 953 21 20 af
585 953 140 20 denaturerad
740 951 146 22 beskaffenhet

58 981 50 20 eller
129 981 53 26 icke,
204 983 22 18 är
248 981 101 28 omöjligt.
379 981 51 20 Man
451 981 74 20 kunde
549 981 123 27 visserligen
687 983 50 25 säga
752 982 30 19 att
797 980 41 21 den
853 980 33 19 in-

57 1009 87 21 hemska
166 1009 171 28 tillvärkningen,
359 1016 46 14 som
428 1009 71 21 skulle
522 1016 50 14 vara
587 1009 21 21 af
624 1009 139 21 denaturerad
778 1008 52 28 sprit
845 1008 40 21 och

57 1037 90 21 sålunda
169 1044 50 15 vore
241 1038 42 21 den
306 1038 55 21 enda
379 1044 46 14 som
439 1037 60 28 finge
514 1038 27 27 på
556 1038 72 20 landet
643 1037 100 27 försäljas,
758 1037 39 20 lätt
812 1036 72 21 kunde

57 1065 72 28 skiljas
152 1066 47 21 från
222 1067 26 20 de
271 1067 85 26 vanliga
373 1066 8 20 i
396 1066 95 21 handeln
507 1066 173 21 förekommande
695 1065 106 21 flaskorna
816 1065 21 20 af
853 1067 32 18 ut-

56 1094 76 21 ländsk
155 1095 141 27 tillvärkning.
326 1095 51 20 Men
397 1101 30 14 nu
450 1097 25 18 är
490 1095 35 20 det
543 1095 59 20 fallet
617 1096 35 24 att,
670 1101 34 14 om
719 1093 65 22 också
798 1099 27 15 en
841 1095 44 18 stor

58 1122 34 21 del
108 1123 21 20 af
144 1123 41 20 den
200 1123 32 20 till
240 1123 47 21 salu
295 1123 72 20 hållna
381 1123 156 21 lackfernissan
553 1123 40 20 och
608 1123 104 27 polityren
728 1124 23 19 är
766 1121 77 28 tappad
858 1121 28 27 på

57 1150 84 27 flaskor,
166 1151 36 21 det
226 1151 55 21 dock
306 1151 47 21 icke
376 1153 23 19 är
411 1152 62 26 ringa
489 1151 133 27 kvantiteter,
638 1157 46 14 som
699 1151 95 26 försäljas
809 1149 27 28 på
849 1149 37 26 fat,

58 1179 39 21 och
111 1179 108 21 hurudant
234 1179 116 22 innehållet
365 1180 22 20 af
401 1181 30 20 ett
446 1180 33 21 fat
494 1182 29 25 är,
539 1180 41 20 kan
595 1186 51 14 man
660 1179 47 21 icke
723 1179 21 20 af
758 1179 79 20 kärlets
852 1180 34 18 ut-

58 1207 77 21 seende
155 1207 95 21 bedöma.
281 1208 41 27 Jag
344 1210 43 19 tror
409 1210 30 19 att
463 1215 50 14 man
529 1215 76 20 genom
620 1207 157 21 bibehållandet
792 1207 21 20 af
828 1207 58 20 detta

58 1235 122 28 stadgande,
202 1236 24 21 så
244 1237 95 20 välment
354 1237 35 20 det
405 1238 27 19 än
447 1237 45 20 kan
508 1243 55 20 vara,
579 1236 68 21 skulle
663 1236 65 21 skaffa
743 1235 143 27 landtpolisen

57 1266 30 19 ett
109 1266 51 19 stort
184 1265 86 27 obehag.
300 1265 42 21 Det
362 1265 110 20 missbruk
495 1265 20 20 af
535 1265 136 20 lackfernissa
687 1265 38 20 och
741 1263 83 28 polityr,
840 1269 46 14 som

57 1299 50 21 eger
124 1299 48 14 rum
188 1293 31 21 till
234 1293 105 27 ändamål,
353 1293 86 21 hvartill
455 1293 63 21 dessa
534 1300 61 14 varor
610 1293 46 20 icke
672 1295 35 18 äro
723 1291 93 27 afsedda,
832 1291 18 20 d.
867 1297 19 14 v.

57 1327 15 14 s.
95 1321 33 20 för
143 1321 193 22 tillfredsställande
352 1322 21 20 af
389 1321 235 28 dryckenskapslasten,
641 1323 22 18 är
677 1321 24 27 ju
715 1319 116 28 beklagligt
846 1319 40 20 och

56 1349 127 22 företeelsen
205 1352 23 19 är
242 1350 8 20 i
265 1351 40 20 och
319 1350 34 21 för
367 1350 33 28 sig
415 1350 122 27 afskyvärd.
567 1350 50 21 Men
633 1350 35 27 jag
682 1349 69 21 finner
766 1348 47 21 icke
829 1347 58 21 detta

56 1378 116 28 stadgande
188 1378 78 28 egnadt
281 1381 30 19 att
325 1379 107 21 värksamt
442 1379 111 21 förhindra
564 1378 70 21 denna
644 1378 50 21 lasts
704 1376 183 29 kringspridande,

56 1407 40 20 och
111 1407 67 21 hällre
193 1409 27 19 än
236 1409 29 19 att
281 1413 22 15 se
319 1409 29 19 ett
363 1407 126 27 stadgande,
504 1407 81 21 hvilket
599 1407 48 21 icke
661 1406 42 21 kan
715 1405 121 22 efterlefvas
846 1405 41 20 och

56 1434 53 22 blott
131 1435 108 21 förorsaka
260 1435 83 27 obehag
364 1435 33 21 för
420 1436 57 27 dem,
495 1436 72 20 hvilka
583 1435 36 21 det
634 1435 79 27 äligger
727 1436 30 19 att
772 1432 115 22 öfvervaka

56 1463 123 28 detsamma,
201 1464 69 20 skulle
291 1464 37 27 jag
349 1464 113 27 föredraga
485 1466 30 18 att
537 1464 35 21 det
593 1464 93 27 utginge,
709 1463 38 21 och
762 1462 38 21 ber
816 1461 72 21 därför
