1017 1731
287 133 179 21 Borgareständet
480 135 54 15 1891.
559 133 22 17 22
593 134 47 20 maj.
791 127 54 20 1349

43 213 93 20 tillfaller
160 213 103 26 städerna,
287 219 27 14 en
335 219 70 14 annan
429 213 34 20 del
482 213 94 20 tillfaller
590 212 281 21 kommunikationsfonden.

42 241 42 21 Det
99 243 23 18 är
137 247 44 14 som
198 241 61 27 sagdt
273 241 64 26 ingen
355 241 194 27 bevillningsfråga,
568 241 36 20 det
626 243 23 18 är
671 247 26 14 en
720 240 152 27 lagstiftnings-

42 270 65 27 fråga,
123 269 105 21 beroende
245 269 26 27 på
287 269 25 20 de
329 269 73 23 vilkor,
419 270 68 20 under
503 270 71 20 hvilka
590 269 109 21 bildandet
715 269 20 20 af
746 269 78 20 sådana
835 268 36 21 bo-

43 298 33 27 lag
98 298 20 20 af
140 298 159 27 lagstiftningen
323 297 81 21 tillåtes.
435 297 46 22 Den
500 298 41 20 kan
557 298 71 21 därför
643 297 88 21 likasom
747 297 65 21 andra
827 297 44 26 lag-

43 326 177 27 stiftningsfrågor
236 326 82 27 afgöras
334 332 77 21 genom
427 329 31 18 tre
474 326 73 21 stånds
562 326 77 22 beslut,
659 326 85 21 hvarför
763 326 35 26 jag
818 327 54 18 mot-

43 357 63 18 sätter
121 355 43 26 mig
180 355 35 20 det
231 354 107 21 uttalande
354 354 45 21 från
417 355 185 26 borgareståndets
615 355 51 26 sida,
681 361 46 14 som
741 355 25 20 hr
778 353 94 21 Jusélius

43 383 37 20 har
94 383 113 26 föreslagit.

111 439 32 21 Hr
165 439 158 21 Serlachius:
340 439 41 21 För
397 439 43 20 min
457 440 33 20 del
508 440 37 20 ber
559 440 36 26 jag
611 441 30 19 att
655 439 22 20 få
692 439 105 26 tillstyrka
812 440 59 19 anta-

42 469 78 26 gandet
140 469 21 20 af
184 468 111 20 utskottets
317 468 305 27 sammanjämkningsförslag,
643 467 90 21 sålunda
751 467 53 21 dock
820 467 52 20 att
861 463 14 36 i

42 497 69 21 stället
126 497 32 20 för
173 496 303 27 ,kommunikationsfonden''
487 496 68 21 skulle
569 498 64 19 sättas
644 496 227 27 ,landskommunerna

42 526 6 20 i
64 526 35 20 det
114 526 35 20 län
165 526 83 20 hvarest
264 525 98 20 städerna
377 527 36 18 äro
430 525 109 27 belägna".

109 554 33 20 Då
157 554 35 20 det
207 554 78 26 tillägg,
301 553 25 20 hr
340 553 95 21 Jusélius
451 554 38 20 har
504 554 113 26 föreslagit,
632 553 41 21 kan
683 554 84 20 förenas
777 552 49 21 med
839 552 29 22 de

42 583 55 20 olika
112 582 84 27 förslag,
212 588 45 14 som
273 582 37 20 här
325 582 62 20 hafva
402 582 73 26 gjorts,
492 582 49 20 ville
556 582 36 27 jag
607 582 52 26 yrka
674 582 26 27 på
715 584 30 18 att
755 581 65 27 sagda
830 581 42 21 för-

42 611 45 27 slag
109 610 68 21 skulle
201 610 71 21 ställas
295 610 69 21 under
382 610 55 20 skild
454 610 139 27 omröstning,
609 610 23 20 så
647 612 29 18 att
691 610 35 21 det
741 610 46 21 icke
803 610 69 21 skulle

43 639 113 27 uppställas
172 639 139 21 tillsammans
327 639 48 20 med
391 639 53 20 hans
461 639 79 27 förslag
556 638 129 21 beträffande
707 638 164 26 sammanjämk-

43 668 161 27 ningsförslaget
220 668 5 19 i
242 668 39 20 och
297 668 32 20 för
345 668 36 26 sig.

110 724 32 20 Hr
156 724 131 20 Kivekäs:
305 723 42 21 Sen
363 724 185 20 väli-ehdotuksen
563 723 103 28 johdosta,
684 724 64 26 jonka
770 724 38 20 hra
825 723 47 21 Ser-

43 752 80 21 lachius
138 752 48 25 teki,
202 752 85 27 pyydän
303 752 58 20 minä
375 752 120 27 puolestani
511 752 63 21 saada
589 752 125 27 lausutuksi,
729 754 58 19 etten
800 752 67 21 käsitä

43 781 75 21 oikein,
134 781 65 20 miten
215 781 132 20 semmoinen
365 780 91 21 ehdotus
472 781 98 21 lainkaan
587 781 33 20 voi
638 780 51 21 tulla
704 780 167 28 kysymykseen,

44 810 67 20 siihen
127 809 89 27 nähden,
232 811 41 18 että
289 816 22 13 se
327 811 64 25 sääty,
408 810 107 20 nimittäin
531 810 205 26 talonpoikaissääty,
748 809 50 27 joka
809 808 63 21 edus-

43 839 33 19 tan
99 837 167 24 maalaiskuntia,
288 838 39 20 itse
351 838 126 26 puolestaan
498 838 18 20 ei
533 838 32 20 ole
579 838 97 20 tahtonut
691 838 69 20 vaatia
775 837 97 21 maalais-

44 866 94 21 kunnille
154 866 162 20 minkäänlaista
331 866 134 20 osallisuutta
481 866 166 27 kysymyksessä
665 866 86 20 olevista
773 866 99 20 voittora-

44 895 72 20 hoista.
146 894 82 21 Vaikka
250 894 202 27 talonpoikaissääty
476 895 18 20 ei
518 895 103 20 olisikaan
637 896 107 19 asettunut
759 894 45 20 niin
819 894 52 26 jalo-

43 923 109 20 mieliselle
168 922 99 21 kannalle
283 924 55 19 tässä
353 923 85 27 asiassa,
455 924 19 19 ei
491 923 45 20 olisi
553 926 70 18 suotta
637 925 61 25 syytä
716 924 79 19 asettaa
815 929 57 14 maa-

44 951 112 21 laiskuntia
178 958 86 14 samaan
288 951 149 21 kiusaukseen.
470 952 57 20 Minä
550 952 106 27 pyytäisin
679 951 63 21 saada
757 951 115 20 kannattaa

45 980 142 20 valiokunnan
203 980 117 21 ehdotusta,
335 980 22 27 ja
371 980 102 21 tahtoisin
485 980 94 21 minäkin
590 980 124 27 puolestani
721 979 99 20 niinkuin
834 979 37 20 hra

44 1008 56 20 Göös
122 1008 72 21 viitata
215 1008 74 27 siihen,
312 1010 43 19 että
370 1008 117 21 todellakin
504 1009 158 26 kärsivällisyys
677 1009 65 20 niissä
757 1007 114 27 säädyissä,

43 1036 57 27 jotka
116 1039 54 18 tässä
186 1039 48 18 ovat
248 1037 122 20 koettaneet
385 1037 114 20 kohtuutta
515 1037 120 26 noudattaa,
651 1037 55 26 voipi
721 1037 78 26 loppua
814 1037 21 26 ja
845 1036 27 20 he

44 1071 68 14 ennen
136 1065 44 20 kun
201 1065 168 20 tiedämmekään
394 1065 72 21 voivat
489 1065 41 21 olla
550 1072 38 14 sen
604 1065 170 21 eventualiteetin
792 1065 80 26 edessä,

45 1093 47 21 ettei
110 1093 114 26 nykyisten
241 1093 173 22 viina-asetusten
432 1094 97 27 loppuun
545 1094 99 20 kuluttua
659 1094 77 20 mitään
747 1092 118 27 viinanpolt

44 1123 31 19 toa
92 1122 20 26 ja
129 1122 95 26 myyntiä
240 1122 32 20 voi
289 1122 52 20 tulla
358 1122 222 27 kysymykseenkään.

111 1178 32 20 Hr
162 1178 144 21 Wasenius:
330 1179 41 20 För
391 1179 44 20 min
460 1179 35 21 del
518 1185 62 15 anser
595 1180 35 26 jag
645 1179 24 20 hr
684 1178 62 21 Göös'
763 1177 108 22 uttalande

44 1207 72 20 därom
132 1208 29 19 att
176 1207 109 20 städernas
300 1207 57 21 vinst
371 1207 27 27 pä
413 1207 197 21 bränvinshandeln
626 1208 46 20 icke
687 1207 68 20 skulle
771 1206 101 26 minskas,

43 1235 61 20 äfven
121 1241 34 14 om
170 1235 149 27 fördelningen
329 1235 70 21 blefve
411 1242 27 14 en
455 1243 71 14 annan
538 1238 27 18 än
576 1236 79 27 hittills,
665 1236 46 20 icke
723 1237 74 25 utgöra
808 1235 65 26 nägot

43 1263 43 20 skäl
103 1263 33 21 för
150 1265 30 19 att
195 1265 76 25 antaga
287 1264 328 27 sammanjämkningsförslaget,
632 1266 49 19 utan
697 1266 95 19 tvärtom.
822 1262 50 21 Eta-

43 1291 110 21 blerandet
175 1291 21 21 af
219 1292 219 27 utskänkningsbolag
458 1293 38 20 har
511 1293 45 20 icke
572 1293 45 20 haft
633 1293 29 20 till
678 1291 98 22 ändamäl
792 1293 30 18 att
837 1291 36 20 be-

44 1320 49 21 reda
108 1320 97 21 städerna
221 1327 26 14 en
263 1321 98 26 inkomst,
381 1324 51 17 utan
449 1321 76 21 endast
541 1323 29 19 att
585 1321 51 21 söka
651 1321 6 20 i
672 1321 119 26 möjligaste
807 1319 65 20 måtto
893 1328 4 3 -

43 1349 83 20 minska
146 1349 271 21 bränvinskonsumtionen.
448 1349 35 21 Då
504 1357 29 13 nu
549 1350 66 27 enligt
630 1350 55 20 detta
700 1349 79 27 förslag
794 1354 27 15 en
837 1348 35 20 de-

43 1377 21 20 af
80 1378 80 20 vinsten
178 1377 53 21 skall
246 1378 27 26 gå
288 1378 32 20 till
331 1378 278 21 kommunikationsfonden
621 1379 39 20 och
669 1376 203 22 kommunikations!

43 1406 90 20 fondens
148 1406 70 20 medel
233 1406 175 27 tillgodokomma
424 1407 51 20 hela
490 1407 77 26 landet,
583 1406 23 21 sä
621 1407 40 20 blir
676 1406 35 21 det
727 1406 32 20 för
770 1405 48 21 hela
828 1405 46 20 lan-

43 1434 35 20 det
100 1434 21 20 af
142 1434 89 20 intresse
253 1437 30 18 att
303 1435 124 20 ständernas
443 1435 96 21 inkomst
554 1435 53 21 skall
623 1435 50 21 ökas
688 1435 23 20 sä
726 1434 86 26 mycket
828 1440 44 13 som

42 1462 88 27 möjligt,
153 1462 6 20 i
182 1462 70 21 stället
273 1463 33 20 för
328 1465 29 19 att
379 1470 30 13 nu
425 1464 103 26 möjligen
545 1464 74 20 endast
635 1470 26 14 en
676 1463 34 21 del
725 1462 71 21 städer
811 1462 63 20 hafva

42 1491 54 19 varit
111 1491 139 20 intresserade
266 1491 64 21 däraf.
361 1491 42 21 Det
417 1491 88 28 förslag,
521 1498 45 14 som
582 1498 29 14 nu
627 1494 22 18 är
664 1490 118 28 uppgjordt,
798 1492 23 18 är
836 1489 38 21 all-

43 1518 57 20 dolos
123 1519 107 20 stridande
253 1522 56 18 emot
333 1519 39 21 den
389 1520 78 25 grund,
484 1520 25 27 pä
525 1520 84 20 hvilken
626 1518 247 28 ntskänkningsbolagen
