1017 1731
162 101 54 20 1206
384 107 179 20 Borgareståndet
577 108 54 16 1891.
656 107 21 17 15
690 107 47 21 maj.

134 186 66 27 något
222 187 117 27 ocgentligt
362 187 39 20 och
422 187 70 20 finner
506 187 36 27 jag
557 187 46 21 icke
619 187 72 27 någon
707 186 116 27 anledning
838 186 31 21 till
885 186 22 21 så
924 186 44 21 vidt

134 215 92 20 åtskilda
241 215 223 21 straffbestämmelser
479 216 33 20 för
524 215 88 21 alldeles
623 222 82 14 samma
716 215 116 20 förseelser.
847 215 41 27 Jag
899 215 68 20 skulle

135 243 71 21 därför
222 244 121 27 egentligen
359 244 51 21 böra
425 244 52 27 yrka
493 244 32 27 på,
541 246 31 19 att
586 244 126 27 paragrafen
725 243 69 21 skulle
805 243 162 21 återremitteras

134 272 32 21 till
191 272 108 27 utskottet,
315 273 33 20 för
364 274 29 19 att
409 273 161 20 omformuleras
586 273 31 20 till
633 272 131 27 likstämmig
778 272 49 21 med
844 272 40 21 den
900 271 67 22 straff-

134 300 157 27 bestämmelse,
312 307 46 14 som
377 301 69 20 finnes
467 301 87 27 stadgad
570 301 7 20 i
593 302 25 19 51
636 301 12 26 $
665 302 12 19 2
694 307 62 14 mom.
773 301 7 19 i
796 301 34 20 det
851 301 65 20 redan
932 307 35 20 ge-

134 329 191 21 nomdiskuterade
346 329 141 28 lagförslaget,
508 336 34 14 om
564 330 35 27 jag
614 330 46 20 icke
677 329 69 21 skulle
762 329 51 27 vilja
829 329 93 20 undvika
938 330 29 19 att

134 359 52 26 göra
201 358 45 27 mig
262 358 93 27 delaktig
369 359 7 19 i
393 365 26 14 en
435 358 96 27 tendens,
547 365 45 14 som
608 357 118 28 genomgår
741 358 112 20 utskottets
868 358 48 21 hela
931 357 36 21 be-

134 386 114 27 tänkande,
272 386 69 21 savidt
363 387 35 20 det
421 387 66 26 gäller
509 387 223 20 stratfbestämmelser
753 387 33 20 för
801 386 60 21 brott.
891 386 76 21 Därför

134 414 68 21 måste
217 415 35 26 jag
269 421 49 14 vara
335 415 21 20 af
372 415 87 21 alldeles
475 417 86 19 motsatt
576 415 53 20 åsikt
645 415 50 21 med
711 415 25 20 hr
749 415 99 20 Juslius.
876 414 41 21 Det
932 421 35 20 sy-

134 449 39 14 nes
196 443 44 27 mig
263 443 47 21 icke
333 443 62 22 altför
417 446 79 25 strängt
519 446 30 18 att
568 444 69 27 lagen,
653 451 35 13 om
701 444 35 27 jag
752 443 120 28 upprepade
888 443 79 27 gänger

134 471 131 21 försummar
280 474 30 19 att
325 472 92 21 inbetala
434 473 40 20 den
491 473 101 26 stadgade
608 473 89 26 afgiften
714 472 32 21 för
760 472 44 20 min
820 472 104 26 rättighet,
940 471 26 21 dä

134 500 131 21 förbehäller
287 501 32 27 sig
342 503 29 19 att
393 501 22 20 fä
437 501 95 27 fräntaga
555 501 44 27 mig
621 501 128 27 rättigheten
765 502 30 19 att
809 501 95 20 fortsätta
920 500 46 20 mitt

134 529 58 26 yrke.
223 529 42 27 Jag
285 530 68 26 yrkar,
375 530 69 20 såsom
460 530 66 26 sagdt,
542 530 47 20 icke
605 530 25 26 pä
647 530 72 26 någon
735 530 123 26 förändring
874 529 51 21 eller
940 529 26 27 pä

134 557 70 27 nägon
220 557 122 21 äterremiss
357 558 7 20 i
379 558 84 21 anfördt
479 558 105 23 afseende,
600 565 48 14 men
664 559 37 26 jag
719 558 49 20 ville
787 558 52 20 blott
849 560 49 25 göra
910 557 56 21 stän-

134 586 36 20 det
186 586 150 26 uppmärksam
353 586 25 27 pä
395 593 25 14 en
437 587 148 27 oegentlighet.

204 642 155 22 Diskussionen
376 644 124 20 afstannade
515 644 94 26 härmed,
624 644 108 20 hvarefter
742 644 25 20 hr
778 643 122 21 talmannen
914 650 51 20 upp-

134 671 68 21 stälde
218 671 94 27 följande
329 672 281 28 omröstningsproposition:

205 728 39 23 De,
265 729 96 20 hvilka
357 730 112 31 godkänna
486 730 112 20 utskottets
613 730 84 26 förslag
714 729 34 20 till
764 729 78 31 lydelse
858 728 36 27 för
908 730 14 24 $
940 729 26 20 13

134 752 153 36 oförändradt,
305 759 58 19 rösta
374 758 39 27 ja;
430 758 30 26 de,
477 758 33 20 det
525 758 68 20 icke
589 760 55 25 göra,
659 759 61 19 rösta
736 757 47 27 nej;

204 792 81 14 vinner
305 786 43 27 nej,
365 786 41 21 har
422 780 176 34 borgareståndet
613 786 89 21 beslutit
718 786 160 20 återremittera
893 786 70 20 andra

134 816 118 18 momentet
268 814 70 27 däraf
349 814 10 20 i
373 815 35 20 det
423 815 99 27 afseende
538 815 27 20 hr
580 815 99 21 Juselius
695 814 120 28 föreslagit.

204 871 162 27 Propositionen
391 871 125 21 besvarades
539 872 48 20 med
611 871 157 27 öfvervägande
787 871 39 27 nej,
843 871 39 20 och
897 871 68 20 skulle

134 899 84 21 således
233 900 67 20 andra
315 902 116 18 momentet
447 900 21 20 af
484 901 11 25 $
513 900 26 21 13
555 900 165 21 återremitteras
736 900 32 20 till
780 900 101 20 utskottet
894 900 32 19 för
936 901 30 19 att

134 928 145 26 omredigeras
302 928 85 27 därhän,
411 931 29 18 att
475 931 27 18 rätt
525 929 32 20 till
578 929 152 26 utskänkning,
750 928 34 20 vid
801 928 106 27 upprepad
924 928 41 21 för-

133 957 116 20 summelse
267 959 29 18 att
312 963 85 21 erlägga
412 957 221 28 utskänkningsafgift,
649 957 74 21 kunde
734 957 102 20 förklaras
847 957 118 26 förvärkad,

134 985 77 21 endast
226 985 46 21 ifall
288 986 207 27 omständigheterna
511 986 70 21 därtill
597 987 61 26 gäfve
674 986 124 26 anledning.

203 1041 140 22 Beträffande
359 1045 12 24 $
389 1043 25 20 14
429 1043 84 28 yttrade

203 1099 25 20 hr
244 1099 22 20 G
355 1099 33 21 Då
408 1099 103 22 utskottet
530 1101 7 19 i
560 1099 65 21 andra
644 1102 118 18 momentet
779 1099 50 20 af
819 1095 12 36 $
847 1099 25 20 14
888 1099 78 21 tillåter

134 1127 141 21 innehafvare
291 1136 4 12 af
330 1127 99 21 bränneri
445 1129 50 20 eller
511 1128 193 27 distilleringsvärk
721 1131 30 17 att
768 1127 44 34 sälja
834 1127 65 21 finare
913 1127 53 35 likö-

133 1163 35 13 rer
189 1155 23 21 af
235 1163 54 13 cgen
305 1156 139 28 tillvärkning
460 1157 6 20 i
482 1157 45 21 kärl
543 1157 22 20 af
580 1157 82 21 mindre
678 1159 108 25 utrymme
802 1158 27 18 än
846 1157 11 19 2
874 1156 52 25 liter,
942 1155 23 22 så

133 1188 45 17 tror
192 1185 36 26 jag
243 1184 106 21 utskottet
366 1185 46 20 haft
428 1185 34 20 för
477 1187 83 25 ögonen
577 1193 25 13 en
620 1185 72 28 möjlig
708 1180 116 33 uppkomst
835 1184 23 21 af
869 1173 97 32 inhemsk

133 1213 140 27 tillvärkning
289 1213 23 20 af
328 1213 79 28 dylika.
437 1203 66 31 Men
509 1215 35 27 jag
559 1214 86 21 befarar
660 1217 32 18 att
709 1221 26 13 en
751 1213 68 21 sådan
834 1213 131 20 fabrikation

133 1241 62 27 länge
211 1230 61 32 skall
283 1241 42 21 låta
341 1236 65 27 vänta
423 1242 26 28 på
465 1243 32 26 sig
508 1243 40 20 och
559 1246 30 17 att
603 1242 165 27 bestämningen
778 1241 43 21 kan
833 1241 59 28 gifva
904 1241 62 20 brän-

132 1270 110 27 nericgare
267 1270 41 21 och
332 1270 137 21 distillatörer
483 1259 120 39 anledning
618 1274 31 17 att
664 1259 75 32 under
750 1278 38 20 pre
789 1258 57 33 text
850 1270 23 20 af
888 1270 78 20 likörer

133 1298 53 28 sälja
209 1298 98 26 bränvin,
332 1299 102 20 blandadt
457 1299 48 21 med
521 1299 82 21 bärsaft
619 1299 40 21 och
675 1299 76 28 dylikt.
782 1298 74 21 Skulle
872 1298 93 27 återigen

134 1334 26 13 en
177 1327 84 26 värklig
282 1327 131 34 fabrikation
433 1328 22 20 af
470 1328 64 21 finare
551 1328 78 21 likörer
643 1323 88 33 uppstå,
746 1327 23 21 så
785 1327 67 20 finnes
868 1327 35 21 väl
918 1327 48 20 icke

133 1355 65 27 något
220 1344 78 32 hinder
321 1355 13 21 d
377 1357 23 25 ör,
423 1363 34 14 om
473 1364 48 13 man
537 1356 87 28 stadgar
639 1359 29 19 att
686 1359 33 19 ett
735 1355 69 29 dylikt
820 1355 146 22 distillations-

132 1384 53 21 värk
201 1384 49 21 icke
266 1384 35 21 får
317 1385 51 27 sälja
384 1386 6 19 i
406 1385 47 21 kärl
467 1385 67 21 under
549 1386 12 20 2
577 1386 53 20 liter.
653 1386 35 20 En
705 1384 69 22 sådan
784 1385 118 27 inrättning
912 1384 53 20 skall

131 1412 61 21 alltid
208 1412 54 28 sälja
279 1412 62 22 dessa
357 1414 64 20 finare
440 1413 78 21 likörer
535 1414 22 20 åt
579 1413 174 22 partihandlande
770 1413 41 21 och
826 1413 27 21 de
869 1412 97 22 enskilda

132 1440 112 22 kunderna
269 1442 62 21 skola
352 1441 55 21 blott
429 1442 5 21 i
450 1442 159 27 undantagsfall
625 1442 72 21 vända
714 1443 33 25 sig
759 1442 32 20 till
807 1441 77 29 själfva
900 1441 66 21 fabri-

131 1469 87 21 kanten.
242 1470 45 20 För
302 1473 31 17 att
348 1470 133 21 förekomma
497 1459 80 45 möjligt
593 1459 152 39 kringgående
757 1470 23 21 af
796 1470 36 20 det
842 1469 124 28 stadgande,

130 1505 47 13 som
202 1498 179 27 borgareståndet
404 1499 66 21 redan
493 1500 86 26 antagit,
602 1500 109 26 nämligen
735 1502 31 18 att
784 1498 76 22 endast
877 1486 89 34 bränvin
