1017 1731
289 112 179 21 Borgareståndet
481 113 54 16 1891.
560 112 21 17 19
594 113 47 21 maj.
739 128 4 5 N
799 107 53 21 1261

56 191 104 22 Finlands
183 192 132 21 statskontor
337 191 34 20 för
389 191 36 20 det
441 191 133 21 närvarande
590 191 52 28 utgå
657 191 48 21 med
721 194 30 18 ett
767 191 77 29 belopp
860 192 23 21 af

55 221 89 26 249,541
160 219 60 22 mark
236 220 85 27 årligen,
337 219 91 26 skulle,
420 215 9 36 i
445 219 71 21 stället
531 219 34 21 för
580 222 31 18 att
627 219 70 21 såsom
711 219 105 22 härintills
832 220 51 27 utgå

55 249 48 20 frän
126 248 103 21 Finlands
251 248 68 21 banks
344 247 135 26 vinstmedel,
499 247 88 28 päföras
610 248 106 21 allmänna
741 248 141 21 statsfonden.

58 277 110 21 Utskottet
188 276 125 27 godkänner
327 275 132 28 fullkomligt
475 276 71 21 denna
561 275 62 22 äsikt.
654 276 52 21 Men
722 276 49 21 dess
786 276 96 28 yrkande

56 308 112 25 utmynnar
184 304 56 21 dock
256 305 100 26 slutligen
371 305 13 25 i,
401 304 67 27 enligt
478 305 44 20 min
533 304 145 28 uppfattning,
689 305 62 27 högst
762 304 120 21 sväfvande

55 333 93 27 ordalag.
178 333 113 21 Utskottet
315 334 61 26 säger
399 333 109 27 nämligen
529 336 31 17 att
583 333 36 20 det
642 333 47 20 icke
705 340 62 14 anser
782 333 33 28 sig
830 333 52 20 böra

56 361 106 28 tillstyrka
177 361 66 28 något
258 361 81 28 förslag
354 361 49 20 från
419 361 127 20 ständernas
561 361 48 20 sida
624 369 34 12 om
674 361 59 21 detta
749 361 84 28 anslags
849 361 33 20 öf-

55 389 128 22 verförande
206 389 28 28 pä
257 389 105 21 allmänna
377 389 144 26 statsfonden,
537 397 47 13 men
601 392 31 18 att
647 389 36 21 det
699 389 56 22 dock
770 389 38 22 vill
822 389 60 28 gifva

56 418 86 27 uttryck
157 417 22 21 ät
194 417 43 21 den
252 417 133 28 berättigade
403 417 175 28 förhoppningen
589 421 31 17 att
631 419 126 27 regeringen
768 418 54 21 skall
832 421 49 24 taga

55 447 93 20 initiativ
162 446 33 21 till
210 446 102 27 behöriga
327 445 99 28 ätgärder
447 445 73 22 därom
537 449 31 18 att
583 446 78 21 nämda
676 447 73 27 anslag
765 446 68 21 skulle
849 446 32 21 öf-

55 474 97 21 verföras
173 474 29 29 pä
224 474 67 28 sagda
312 474 59 21 fond.
392 474 45 21 Det
457 482 64 20 synes
537 475 44 27 mig
596 477 32 18 att
643 475 72 26 orden,
730 477 31 18 att
776 474 106 21 utskottet

55 503 39 21 har
108 503 58 21 velat
180 503 60 27 gifva
257 505 30 19 ett
297 503 86 27 uttryck
395 502 23 22 ät
429 502 72 22 denna
508 503 133 27 berättigade
650 503 151 29 förhoppning,
810 503 71 21 lämna

55 531 37 21 det
108 532 75 25 oklart,
198 531 105 21 huruvida
318 531 105 21 utskottet
439 531 39 21 har
493 532 62 20 tänkt
570 532 33 27 sig
618 534 31 18 att
664 532 7 20 i
686 532 125 21 ständernas
822 532 59 20 hem-

55 560 77 20 ställan
146 560 33 20 till
194 560 28 20 H.
234 560 28 20 K.
272 560 31 20 M.
313 567 37 13 ens
362 560 7 20 i
380 560 158 28 motiveringen
553 559 67 28 nägot
635 560 68 21 skulle
718 563 68 25 yttras
801 560 79 21 härom.

56 588 47 27 Mig
125 588 110 21 förefaller
257 588 56 21 dock
329 588 66 20 saken
410 588 23 20 af
449 588 42 21 den
507 588 47 21 vikt
569 591 32 18 att
615 589 36 27 jag
665 588 68 21 skulle
749 588 28 28 pä
792 588 36 21 det
844 596 37 13 en-

55 618 108 26 trägnaste
184 616 85 21 anhälla
291 619 31 18 att
343 616 179 28 borgareständet
540 616 51 21 ville
606 616 55 22 fatta
677 616 69 22 beslut
761 616 73 22 därom
850 619 32 18 att

56 647 32 17 ett
102 644 76 22 sädant
198 644 99 28 yttrande
313 644 68 21 skulle
397 644 51 28 ingä
463 646 7 19 i
487 646 160 26 motiveringen.
677 645 44 21 Det
736 647 23 19 är
774 645 107 27 nämligen

55 672 61 22 fallet
131 676 31 18 att
177 673 146 21 statsfondens
339 673 102 27 ställning
456 673 35 21 för
505 673 134 21 närvarande
655 675 22 19 är
692 673 24 21 sä
731 673 88 29 lysande
835 680 46 14 som

55 708 49 14 man
126 703 66 26 gärna
212 701 43 21 kan
274 701 88 28 hoppas.
391 701 155 28 Beräkningen
561 702 23 20 af
599 701 49 21 dess
663 702 113 28 tillgångar
792 702 40 21 och
848 704 34 18 ut-

55 729 65 27 gifter
142 730 68 20 under
230 729 192 21 nästinstundande
438 726 159 43 budgetperiod
612 730 71 28 gifver
697 730 38 21 vid
749 730 86 21 handen
850 732 32 18 att

56 757 37 21 vid
115 757 107 28 ingången
245 758 23 20 af
290 759 54 20 1895
369 766 27 12 en
417 765 40 13 ren
480 758 125 28 behållning
621 758 22 21 af
659 760 25 20 13
700 758 99 28 miljoner
814 758 67 21 finnes

55 788 32 18 att
101 786 65 27 tillgå,
184 789 59 18 utom
259 786 36 21 det
310 789 31 18 att
357 786 128 21 därutöfver
501 788 110 25 3,800,000
627 787 60 21 mark
701 789 130 19 reserverats
847 786 34 21 för

54 814 118 28 utgifterna
187 814 68 21 under
271 814 26 21 de
312 817 32 19 tre
359 814 69 21 första
443 814 132 22 mänaderna
590 815 23 21 af
625 816 60 20 1895.
709 815 44 21 Det
763 822 63 21 synes
838 815 43 27 mig

55 842 68 21 under
138 842 80 22 sådana
233 842 148 22 förhållanden
397 843 41 21 och
454 843 29 21 dä
500 843 13 21 &
529 843 66 21 andra
610 843 61 21 sidan
687 851 25 13 en
727 843 55 21 brist
796 843 86 21 förefin-

55 878 38 13 nes
115 872 6 19 i
144 870 220 28 bevillningsmedlen,
380 871 93 21 likasom
493 871 66 21 ocksä
574 872 7 20 i
597 871 284 26 kommunikationsfonden,

55 898 34 21 för
112 902 31 18 att
164 899 114 28 tillgodose
293 900 41 20 alla
350 899 27 21 de
392 900 74 25 behof,
481 900 33 20 till
529 900 74 21 hvilka
618 900 37 21 det
669 900 81 28 åligger
766 899 116 21 ständerna

55 930 31 18 att
101 927 60 22 anslä
171 928 75 25 medel,
258 935 51 14 vara
320 928 93 21 särdeles
425 928 120 21 önskvärdt
555 931 32 18 att
597 928 70 21 denna
678 928 65 29 utgift
754 928 23 21 af
785 929 97 25 249,541,

54 956 66 26 mark,
136 963 46 14 som
197 956 82 27 årligen
293 956 139 21 härförinnan
448 957 104 20 bestridts
571 965 25 12 ur
611 957 102 21 Finlands
729 957 69 20 banks
813 957 69 20 vinst-

54 984 76 26 medel,
152 984 94 21 härefter
268 985 48 20 icke
339 985 74 20 vidare
434 985 71 21 skulle
528 985 85 21 komma
635 986 7 19 i
664 985 61 28 fräga
746 985 36 20 för
804 984 78 21 nämda

54 1012 159 27 statsändamäl,
234 1013 73 20 hvilka
329 1013 66 21 borde
418 1013 41 21 och
483 1014 72 20 kunna
570 1013 125 28 tillgodoses
710 1013 49 21 med
774 1013 107 20 allmänna

54 1040 147 21 statsfondens
224 1041 75 21 medel.
315 1036 10 37 .
329 1041 44 21 Det
394 1043 23 19 är
432 1041 29 28 pä
477 1041 70 22 denna
562 1041 75 28 grund,
653 1049 45 14 som
712 1042 36 27 jag
763 1041 69 21 skulle
847 1041 34 20 fö-

54 1068 56 21 reslä
125 1071 31 18 att
171 1069 86 21 ständet
271 1069 50 21 ville
337 1069 55 21 fatta
407 1072 31 19 ett
454 1070 72 21 beslut
541 1070 79 26 därom,
639 1073 30 18 att
685 1073 30 18 ett
729 1069 109 21 bestämdt
847 1072 34 18 ut-

54 1097 86 21 talande
155 1098 7 19 i
178 1097 70 21 denna
263 1097 94 28 riktning
372 1098 69 21 skulle
457 1098 51 28 ingä
523 1099 6 20 i
545 1099 124 20 ständernas
685 1098 120 21 skrifvelse.

122 1181 34 21 Hr
178 1181 103 29 Elving:
314 1183 113 21 Utskottet
449 1183 40 21 har
510 1183 129 28 fullkomligt
660 1183 57 22 delat
737 1183 25 20 hr
777 1182 105 22 Neovius”

54 1209 57 22 äsikt
131 1210 7 20 i
160 1209 71 22 denna
253 1211 67 27 fräga,
342 1219 49 13 men
411 1211 50 21 icke
478 1213 7 19 i
500 1212 138 27 reglementet
652 1212 58 21 velat
724 1211 71 21 införa
810 1211 72 27 nägon

53 1237 117 22 förändrad
185 1238 134 29 bestämning
334 1240 7 20 i
357 1239 59 21 detta
432 1239 111 26 afseende,
558 1240 28 21 dä
601 1240 99 29 möjligen
709 1239 138 22 fastställelse
859 1239 23 20 af

54 1266 36 21 det
105 1274 42 21 nya
162 1267 197 22 bankreglementet
375 1267 49 21 med
440 1268 118 27 anledning
573 1268 61 21 däraf
648 1267 71 22 kunde
735 1269 83 26 vägras.
840 1267 42 28 Jag

53 1297 45 18 tror
120 1295 34 20 för
174 1296 44 19 min
240 1275 36 42 del
293 1298 32 19 att
339 1296 107 21 utskottet
462 1297 130 27 fullkomligt
608 1297 67 20 skulle
690 1296 66 21 hafva
772 1297 88 20 instämt
875 1296 6 19 i

54 1326 31 17 ett
106 1323 77 21 sådant
202 1323 101 28 yrkande,
327 1331 46 14 som
395 1324 37 21 det
453 1325 25 20 af
498 1325 25 20 hr
537 1325 96 21 Neovius
649 1324 131 26 framstälda,
796 1331 49 14 men
860 1324 22 21 vi

53 1351 66 22 hafva
141 1351 69 22 lefvat
231 1353 7 20 i
255 1352 42 21 den
312 1353 180 28 föreställningen
509 1356 30 18 att
553 1354 22 20 vi
591 1354 7 20 i
614 1353 76 29 själfva
706 1353 76 22 värket
797 1353 7 20 i
820 1353 62 20 moti-

53 1381 102 27 veringen
178 1380 65 28 gifvit
264 1381 85 28 uttryck
372 1381 23 21 åt
417 1389 84 13 samma
520 1382 71 26 tanke,
607 1382 65 21 ehuru
687 1382 72 27 någon
774 1382 58 20 kläm
847 1388 35 14 om

53 1408 66 21 saken
134 1408 48 22 icke
198 1409 149 21 förekommer.
377 1409 116 27 Måhända
509 1412 23 18 är
547 1410 56 21 dock
618 1410 119 21 uttalandet
753 1410 6 20 i
776 1410 59 20 detta
850 1408 33 22 af-

53 1436 78 21 seende
147 1437 65 28 något
228 1437 34 21 för
277 1441 67 25 svagt.
