1017 1731
154 102 57 21 1400
371 107 179 22 Borgarostämdet
563 107 55 18 1891.
641 107 34 18 25
680 107 49 21 mij.

197 185 12 22 I
224 186 117 28 anledning
356 187 25 20 af
392 187 39 21 det
443 187 21 21 af
478 187 25 20 hr
519 187 109 21 Snellman
643 194 31 14 nu
689 187 77 20 väckta
780 187 102 27 förslaget
896 187 65 21 fram-

129 214 69 22 stälde
211 215 26 20 kr
252 215 124 21 talmannen
391 215 94 28 följande.
501 215 284 28 omröstningsproposition:

199 271 40 26 De,
263 271 74 21 hvilka
357 272 118 27 godkänna
499 272 170 21 bankutskottets
683 272 10 20 i
707 272 49 21 dess
772 272 134 21 betänkande
920 279 42 14 n:o

129 301 13 19 1
152 299 36 28 pä
200 299 93 22 sidorna
309 301 27 20 31
345 300 39 21 och
395 301 32 20 32
437 300 134 27 framstälda
581 300 218 28 resolutionsförslag
809 299 152 28 oförändradt,

129 329 61 20 rösta
199 328 40 27 ja;
255 328 32 27 de,
302 328 36 21 det
351 329 45 20 icke
409 331 60 25 göra,
485 331 60 19 rösta
558 329 49 26 nej;

200 356 81 21 vinner
300 357 42 27 nej,
364 357 42 21 har
428 357 181 28 borgareständet
625 357 90 28 förenat
733 357 35 28 sig
789 363 36 15 om
842 357 28 21 hr
886 357 74 21 Snell-

131 391 66 15 mans
211 385 91 28 förslag.

200 441 163 28 Propositionen
379 442 126 21 besvarades
521 442 35 21 vid
572 442 106 21 värkstäld
693 442 99 27 votering
806 441 50 22 med
867 442 12 20 9
889 443 21 26 ja
920 443 45 20 och:

131 471 29 20 45
180 471 42 26 nej,
245 471 40 20 och
300 470 54 21 hade
373 470 84 21 ständet
471 471 83 20 säledes
568 471 88 20 beslutit
671 472 31 19 att
717 470 49 21 dess
781 470 89 27 tidigare
886 470 76 27 beslut,

132 500 30 20 att
178 499 41 21 den
235 499 101 21 anvisade
351 499 62 21 delen
429 499 22 21 af
466 499 140 21 bankvinsten
621 499 80 27 årligen
718 499 76 26 skulle,
809 498 23 21 sä
842 501 58 19 snart
910 498 53 21 bok-

132 528 68 20 slutet'
217 527 71 21 blifvit
310 528 21 20 af
351 528 132 20 revisorerna
505 528 113 27 godkärdt,
641 527 119 21 öfverföras
778 527 32 21 till
826 527 137 21 statsvärkets

133 562 53 21 upp-
200 556 41 20 och
257 556 232 27 afskrifnirigsräkning,
504 556 66 21 borde
585 556 70 21 såsom
671 556 110 21 eventuelt
796 562 67 14 anses.

203 697 134 27 Afgörandet
359 698 21 20 af
401 698 242 27 bevillningsutskottets
660 698 8 20 i
684 698 49 20 dess
749 697 134 21 betänkande
898 704 34 14 n:o
948 698 14 20 5

134 724 109 28 angäende
266 726 55 20 accis
343 726 28 27 pä
392 726 64 21 tobak
470 726 87 27 intagna
573 726 66 21 andra
654 726 40 21 och
709 726 69 27 tredje
793 726 170 20 resolutionsför-

134 754 46 26 slag
200 754 131 21 beträffande
354 761 26 14 en
402 754 149 28 införselafgift
572 754 27 28 pä
613 754 144 28 importerade
773 754 191 21 tobaksfabrikater

134 784 55 19 samt
209 782 110 21 eventuelt
341 789 34 15 om
395 783 55 21 skatt
464 783 27 27 pä
505 783 70 27 tobak,
597 783 88 21 hvilken
700 782 61 28 fräga
776 782 42 21 den
834 783 26 19 19
875 782 89 21 inneva-

134 810 65 21 rande
221 811 42 26 maj
287 811 78 27 jämväl
383 811 90 21 lämnats
488 812 106 20 beroende
610 809 54 23 intill
680 811 50 21 dess
745 810 165 22 statsutskottets
925 818 38 13 an-

134 839 191 27 slagsbetänkande
348 840 69 20 blifvit
437 840 134 26 behandladt,
594 840 44 20 blef
659 839 125 28 ytterligare
805 839 111 27 bordlagdt
930 839 32 21 till

134 867 179 27 eftermiddagens
333 868 94 27 plenum,
449 868 96 27 emedan,
567 868 67 27 enligt
653 868 57 21 hvad
726 868 25 20 hr
766 868 123 20 talmannen
904 868 60 20 med-

134 895 68 27 delad,
218 895 85 22 ståndet
317 896 70 21 därtill
402 896 54 21 hade
472 898 29 19 att
516 899 80 19 emotse
609 903 26 14 en
651 896 128 22 liemställan
795 896 21 20 af
826 896 138 27 bevillnings-

135 924 102 21 utskottet
251 924 90 21 rörande.
357 924 148 29 införselafgift
519 924 27 28 på
560 925 70 21 tobak.

203 1065 71 22 Bland
290 1066 95 21 ståndets
398 1067 139 21 medlemmar
552 1067 54 20 hade
622 1067 93 21 utdelats
731 1067 40 20 och
786 1066 113 21 bordlades

203 1122 32 21 till
250 1123 179 28 eftermiddagens
445 1123 95 28 plenum:

202 1179 46 28 lag-
268 1180 40 21 och
330 1180 213 22 ekonomiutskottets
565 1181 66 20 andra
653 1181 81 26 förslag
753 1180 32 21 till
800 1180 165 27 sammanjämk-

134 1208 53 27 ning
208 1208 21 20 af
252 1208 101 21 ståndens
369 1209 120 27 skiljaktiga
503 1209 70 21 beslut
588 1209 35 20 vid
639 1209 160 27 behandlingen
816 1209 21 20 af
851 1209 113 20 utskottets

135 1236 134 21 betänkande
284 1243 35 14 n:o
336 1237 12 20 3
363 1237 8 20 i
386 1237 115 28 anledning
518 1237 22 21 af
554 1237 77 28 nådiga
645 1237 162 28 propositionen
822 1243 34 14 n:o
873 1238 25 20 12
914 1237 49 20 med

134 1264 78 28 förslag
235 1265 32 20 till
287 1265 125 28 förordning
432 1273 35 14 om
487 1266 109 21 allmänna
608 1265 190 28 upplagsmagasin
813 1265 49 21 med
876 1267 42 19 rätt
934 1267 32 19 att

134 1293 81 27 utgifva
230 1296 113 23 warrants;

203 1321 215 22 ekonomiutskottets
432 1323 79 27 förslag
531 1323 32 20 till
579 1323 210 27 sammanjämkning
801 1322 21 21 af
838 1322 25 21 de
878 1321 87 29 skiljak-

134 1349 43 28 tiga
197 1349 78 28 beslut,
297 1350 7 20 i
326 1350 73 21 hvilka
421 1351 89 21 stånden
532 1353 86 19 stannat
639 1351 38 21 vid
695 1351 161 27 behandlingen
871 1351 21 20 af
907 1350 57 21 det
954 1345 15 38 i

134 1378 113 21 utskottets
263 1378 133 22 betänkande
410 1386 36 14 n:o
463 1380 12 20 5
491 1380 122 21 framstälda
625 1380 81 27 förslag
716 1380 32 20 till
759 1380 130 26 förordning,
904 1379 61 21 inne-

133 1406 94 21 fattande
251 1407 90 27 ändring
363 1408 22 20 af
407 1408 27 26 88
451 1409 18 25 1,
485 1408 18 27 2,
519 1408 33 28 12,
568 1409 33 27 14,
617 1409 32 27 18,
665 1409 28 20 19
710 1408 41 21 och
766 1408 26 20 22
808 1408 8 20 i
830 1407 78 28 nådiga
922 1407 43 21 för-

134 1434 118 28 ordningen
276 1435 110 27 angående
408 1436 125 28 försäljning
555 1437 40 21 och
617 1436 148 28 utskänkning
780 1436 22 21 af
816 1436 149 27 maltdrycker,

133 1463 21 20 af
170 1463 41 21 den
227 1464 12 19 2
256 1464 52 26 april
326 1464 65 26 1883;
