1017 1731
181 100 40 21 762
384 106 179 22 Borgareståndet
575 108 54 17 1891.
653 108 26 17 25
691 107 59 22 april.

154 189 78 18 männa
254 187 189 22 besvärsutskottet
463 188 38 20 har
521 190 29 18 ett
569 188 106 21 korrektiv
695 190 45 18 mot
761 187 61 21 dessa
841 187 135 28 möjligheter.

154 215 41 21 Det
210 217 79 20 motser
303 217 30 20 ett
345 215 144 28 banbrytande
500 216 68 27 snille,
579 223 45 14 som
634 216 53 21 skall
698 216 69 21 vända
778 216 29 21 alt
816 216 32 21 till
859 216 35 21 det
906 216 71 27 bättre,

154 244 8 20 i
176 245 52 20 trots
243 244 22 20 af
280 244 111 21 utskottets
413 244 137 21 betänkande.
581 244 40 21 Det
643 251 50 14 vore
715 244 125 27 visserligen
855 247 29 18 att
899 245 78 27 hoppas

154 274 30 19 att
199 272 57 21 detta
272 272 145 27 banbrytande
432 273 60 20 snille
508 273 52 20 skall
576 273 84 20 komma
675 273 60 26 fram,
751 279 49 14 men
816 273 84 21 hvarför
911 273 66 21 under

154 300 58 21 tiden
235 301 26 20 de
281 301 81 20 mindre
383 301 219 21 himmelsstormande
623 301 89 21 snillena
735 301 59 21 skola
816 301 72 27 svälta,
903 301 75 21 förstår

154 329 36 27 jag
204 328 52 22 icke.

222 357 42 21 Det
279 357 161 27 arbetsområde,
455 364 45 14 som
516 358 37 20 här
568 360 23 18 är
606 358 7 20 i
627 357 65 28 fråga,
708 359 37 20 har
761 358 55 21 ända
831 358 73 21 hittills
914 358 8 20 i
933 357 45 22 vårt

155 386 51 20 land
221 386 54 21 varit
290 388 29 19 ett
335 386 101 27 styfbarn.
465 385 42 22 Det
521 386 84 27 förslag,
620 393 44 14 som
681 393 30 14 nu
726 386 22 21 af
763 386 106 21 allmänna
884 386 94 21 besvärs-

154 415 103 20 utskottet
278 416 23 19 är
323 415 74 26 gjordt,
420 421 63 20 synes
504 415 43 27 mig
568 415 39 20 lätt
621 421 42 21 nog
677 415 22 20 få
713 415 127 20 karaktären
855 415 21 20 af
890 417 46 18 sten
951 415 27 26 på

154 442 71 27 börda,
248 443 21 20 af
291 445 30 19 ett
341 443 45 27 slag
400 443 7 20 i
423 443 90 21 ansiktet
535 443 20 21 åt
578 443 56 21 detta
652 443 162 21 arbetsområde.
844 443 40 27 Jag
899 443 79 27 hoppas

154 471 173 27 borgareståndet
348 471 46 22 icke
416 471 52 22 skall
492 479 49 13 vara
563 471 48 22 med
627 472 79 21 därom.
737 471 40 21 Om
794 472 34 21 det
843 471 77 22 tillåtes
935 471 43 28 mig

153 501 31 19 att
204 499 47 21 från
273 500 75 27 själfva
370 500 164 22 arbetsområdet
549 500 26 27 gå
590 500 30 21 till
636 500 123 21 arbetarene
775 500 26 28 på
816 500 115 21 detsamma
945 500 33 21 för

154 528 137 26 närvarande,
315 528 22 21 så
352 529 37 20 vill
403 530 36 26 jag
454 529 72 20 därvid
541 528 110 21 framhålla
667 536 26 14 en
709 529 160 27 omständighet.
899 528 41 22 Det
955 530 23 19 är

154 556 62 22 allom
233 557 66 21 kändt
313 559 30 19 att
358 557 89 21 flertalet
462 557 21 21 af
498 557 54 27 dem,
568 564 45 14 som
628 564 29 14 nu
672 557 79 21 sträfva
766 557 32 21 för
814 558 40 20 den
868 557 110 21 inhemska

154 585 192 27 skönlitteraturen,
357 585 82 21 tillhöra
450 588 29 19 ett
494 588 64 18 annat
573 586 58 27 läger
645 588 27 18 än
683 586 133 27 majoriteten
826 586 6 20 i
844 586 56 20 detta
910 586 68 20 stånd.

154 613 44 27 Mig
218 614 73 26 tyckes
312 620 45 14 som
379 620 35 14 om
429 614 56 21 detta
503 621 49 14 vore
568 620 26 15 en
609 614 116 27 anledning
740 614 32 20 till
787 616 30 18 att
831 614 94 27 beklaga,
941 621 34 14 om

154 642 173 27 borgareståndet
348 642 79 21 beslöte
450 643 32 27 sig
499 642 32 21 för
546 643 111 21 utskottets
671 642 150 21 förnärmande
836 642 82 27 förslag.
947 642 31 28 Ty

154 670 21 20 af
197 670 80 21 enhvar
298 670 66 22 måste
379 671 34 20 väl
429 671 53 21 dock
497 671 116 27 medgifvas
629 673 29 19 att
673 671 62 21 dessa
750 671 94 21 arbetare
860 671 21 20 af
892 677 33 14 oss
936 670 42 21 för-

153 698 54 27 tjänt
229 705 26 14 en
272 706 69 14 annan
357 700 47 20 tack
420 700 6 20 i
441 700 35 20 det
491 700 26 20 de
533 700 71 20 arbeta
619 700 26 26 på
660 699 38 21 vår
711 699 111 27 jämlikhet
836 700 7 20 i
858 699 57 21 idéer
930 699 47 21 med

153 733 59 15 mera
233 727 141 21 framskridna
396 728 39 20 och
451 728 116 27 lyckligare
582 728 49 26 folk,
647 728 39 20 och
701 728 90 20 sålunda
805 728 117 20 motarbeta
936 728 41 20 den

154 755 54 21 enda
230 756 40 20 och
288 756 69 20 kända
372 756 147 28 likformighet,
535 763 46 14 som
596 763 29 13 nu
639 756 32 21 får
687 756 104 28 predikas,
807 758 51 19 utan
873 758 29 19 att
917 756 61 20 hvar-

153 784 42 20 ken
217 786 82 25 strypas
322 784 51 21 eller
395 785 82 21 svältas.
506 785 41 27 Jag
562 785 37 21 ber
615 787 28 19 att
658 784 21 21 få
695 785 6 19 i
717 784 42 21 alla
774 784 58 22 delar
848 784 72 21 förena
935 785 43 27 mig

154 818 34 14 om
204 812 24 20 hr
243 812 64 21 Lilles
323 814 133 20 reservation.

220 897 34 21 Hr
269 897 136 21 Sundvall:
429 898 41 21 Det
485 904 62 20 synes
563 898 43 27 mig
621 904 44 15 som
682 904 34 14 om
733 904 49 14 man
798 898 45 20 icke
859 897 67 21 skulle
941 897 36 21 be-

152 925 64 21 höfva
231 925 76 22 besitta
329 926 69 27 någon
414 926 119 28 ovanlighet
548 927 7 20 i
571 926 152 27 förståndsväg,
739 926 33 21 för
786 928 30 19 att
831 926 45 21 inse
891 927 29 19 att
936 926 41 20 den

153 955 178 27 argumentering,
353 961 45 14 som
421 955 139 21 förekommer
576 956 6 19 i
597 955 112 21 utskottets
732 955 138 25 betänkande,
889 954 87 21 likasom

152 983 40 20 ock
208 983 47 26 den,
271 989 44 14 som
332 983 141 21 förekommer
487 984 7 20 i
509 984 162 26 reservationen,
687 984 42 20 kan
745 983 105 21 fortsättas
865 983 8 20 i
884 983 93 27 oändlig-

151 1011 42 21 het.
224 1011 76 21 Ställer
320 1018 49 14 man
392 1012 32 27 sig
446 1012 25 27 på
492 1012 108 27 principiel
620 1011 137 28 ståndpunkt,
772 1011 23 21 så
810 1011 41 21 kan
866 1011 36 21 det
917 1013 59 25 sägas

152 1039 43 21 lika
211 1040 86 26 mycket
311 1040 32 21 för
359 1047 44 14 som
419 1043 61 18 emot.
509 1041 42 27 Jag
565 1041 38 27 går
618 1041 70 20 därför
703 1041 22 19 in
741 1040 27 27 på
784 1040 40 21 den
834 1040 86 26 önskan,
931 1046 44 14 som

152 1068 38 20 här
204 1068 38 20 har
258 1069 91 26 uttalats,
364 1069 105 27 nämligen
485 1072 29 18 att
529 1069 66 21 saken
610 1069 52 20 skall
679 1071 59 25 tagas
753 1068 47 21 från
816 1068 40 21 den
871 1068 106 27 praktiska

152 1096 66 21 sidan.
248 1096 42 21 Det
312 1099 23 18 är
354 1097 63 21 också
437 1097 46 21 från
500 1097 69 21 denna
591 1098 44 20 sida
654 1097 52 22 flere
721 1097 7 20 i
745 1097 100 21 utskottet
860 1097 51 26 tagit
926 1097 50 20 den-

152 1131 86 14 samma.
269 1125 41 28 Jag
332 1128 48 21 tror,
402 1128 29 19 att
452 1126 35 21 det
508 1125 215 28 petitionsmemorial,
746 1132 46 14 som
807 1125 117 27 föreligger,
939 1126 38 20 har

152 1153 144 21 framkommit
311 1154 6 20 i
333 1161 26 14 en
375 1155 78 26 ganska
469 1155 92 26 olycklig
576 1155 67 20 stund.
674 1154 50 21 Man
740 1154 38 21 har
793 1156 45 25 sagt
853 1154 37 20 här
905 1156 29 19 att
945 1155 31 19 ut-

152 1181 88 21 skottets
264 1182 132 21 betänkande
414 1185 23 18 är
452 1185 29 19 ett
495 1183 45 27 slag
555 1184 7 19 i
577 1183 90 20 ansiktet
682 1183 28 27 på
725 1183 56 20 olika
796 1182 110 21 tänkande.
936 1182 41 27 Jag

152 1209 33 21 för
199 1210 45 20 min
259 1210 35 21 del
309 1212 43 19 tror
366 1213 29 18 att
409 1211 43 27 just
467 1212 120 27 petitionen,
602 1211 47 21 med
666 1211 101 21 afseende
783 1211 12 20 å
810 1211 42 20 den
873 1210 103 27 tidpunkt,

152 1237 28 21 då
190 1238 41 21 den
241 1239 150 25 framkommit,
402 1241 23 19 är
434 1242 29 19 ett
473 1240 44 27 slag
527 1240 8 20 i
545 1240 90 21 ansiktet
649 1242 46 18 mot
711 1245 26 15 en
753 1242 43 18 stor
811 1239 34 20 del
860 1239 20 20 af
895 1239 82 20 landets

152 1266 107 21 tänkande
282 1267 119 21 allmänhet.
431 1268 75 21 Denna
525 1268 114 21 allmänhet
654 1269 65 20 visste
735 1274 46 15 mer
796 1269 26 19 än
838 1267 33 20 väl
886 1269 30 18 att
930 1273 46 21 pre-

152 1295 90 28 miering
258 1295 69 21 blifvit
341 1296 85 27 försökt,
441 1303 48 14 men
505 1297 42 20 den
562 1297 63 20 visste
640 1296 68 21 likaså
724 1296 33 21 väl
773 1297 55 19 huru
847 1295 70 21 denna
932 1302 45 20 pre-

152 1323 90 28 miering
257 1324 83 27 utfallit,
355 1325 55 20 hvad
426 1325 108 21 resultatet
549 1325 21 20 af
585 1325 123 21 densamma
724 1324 74 21 blifvit.
828 1323 32 21 Då
876 1323 40 22 den
932 1323 45 21 där-

153 1352 33 20 för
201 1352 37 28 såg
259 1353 116 27 petitionen
393 1354 39 20 och
449 1353 62 21 hörde
527 1353 90 28 anspråk
633 1353 116 28 uppställas
765 1355 29 18 att
810 1359 25 14 en
852 1352 126 28 premiering

152 1380 178 28 fortsättningsvis
352 1382 69 21 skulle
442 1382 136 26 förekomma,
600 1382 65 21 måste
692 1382 41 20 den
759 1381 65 21 blifva
849 1380 128 22 betänksam.

152 1408 42 21 Det
214 1411 23 18 är
260 1410 27 20 då
308 1410 46 20 icke
377 1411 106 27 underligt
504 1412 30 19 att
557 1411 68 20 denna
640 1410 128 21 allmänhets
782 1410 63 20 tanke
861 1412 23 18 är
899 1409 77 21 denna:

152 1436 35 21 må
208 1437 73 27 hvarje
303 1438 70 21 arbete
396 1439 71 21 bevisa
488 1439 31 20 sin
541 1439 108 27 duglighet
671 1438 125 27 därigenom
816 1440 29 18 att
860 1438 35 20 det
910 1437 68 21 finnes

151 1466 85 26 köpare,
259 1468 30 19 att
307 1466 141 22 allmänheten
463 1467 80 27 uppbär
558 1467 121 21 detsamma.
711 1466 34 21 Må
761 1473 50 14 man
826 1466 46 21 icke
887 1466 91 20 fortsätt-

152 1494 96 27 ningsvis
271 1495 168 27 experimentera
460 1502 76 21 genom
559 1498 29 18 att
609 1496 105 27 premiera
731 1495 80 21 sådana
826 1494 91 27 arbeten,
933 1500 45 15 som
