1017 1731
285 112 178 21 Borgareständet
476 113 53 16 1891.
554 113 12 16 2
579 105 48 49 maj.
802 107 39 20 831

44 193 117 20 derordnad
185 192 113 27 betydelse.
328 192 42 27 Jag
392 192 32 20 får
443 192 70 21 därför
528 193 107 20 vördsamt
649 192 78 21 föreslå
742 194 30 19 att
786 192 84 21 ståndet

44 221 32 20 för
99 221 104 20 vinnande
227 221 20 20 af
269 221 34 20 det
319 221 54 26 goda
389 221 120 26 syftemålet
525 221 48 20 ville
589 221 74 27 frångå
679 221 35 20 sitt
729 221 56 20 förra
800 220 70 21 beslut

44 249 40 20 och
99 252 75 24 antaga
189 249 238 27 sammanjämkningen.

114 311 31 21 Hr
160 311 135 27 Clouberg:
327 311 38 26 Då,
381 311 70 21 såsom
467 312 41 21 den
525 314 82 19 senaste
623 312 63 21 ärade
702 312 80 21 talaren
796 312 73 26 anfört,

44 341 96 26 samtliga
160 340 59 21 stånd
235 340 6 20 i
258 340 119 21 hufvudsak
401 341 93 26 godkänt
515 341 163 27 propositionen,
702 341 22 20 R.
740 347 17 14 o.
774 341 25 20 A.
816 342 54 18 samt

45 369 171 27 borgaresiändet
232 369 53 20 dock
301 369 74 20 endast
391 369 68 20 under
475 369 55 21 vissa
545 369 110 26 förbehåll,
670 369 23 20 sä
706 376 64 20 synes
781 369 35 21 det
826 369 44 26 mig

45 399 29 19 att
96 397 232 27 sammanjämkningen
351 399 76 19 rättare
451 397 65 21 borde
539 397 156 22 åstadkommas
718 397 26 28 pä
764 397 69 28 grund
849 397 21 20 af

46 426 60 20 dessa
122 426 20 20 af
157 426 23 20 R.
197 433 16 13 o.
229 426 25 20 A.
271 428 54 18 samt
340 426 174 27 borgareständet
532 426 79 21 fattade
626 426 76 27 beslut,
725 426 26 21 dä
767 429 29 18 ett
812 428 58 19 anta-

45 455 68 26 gande
136 455 20 20 af
180 455 46 20 dem
247 455 46 20 icke
316 454 26 27 pä
358 454 64 27 nägot
438 457 41 18 sätt
494 455 68 20 skulle
578 455 109 20 motvärka
702 455 168 27 propositionens

45 483 60 27 syfte.
135 483 41 21 Det
198 485 22 18 är
242 483 26 27 pä
290 483 78 20 sädana
387 483 95 27 grunder
496 484 35 27 jag
546 483 46 21 icke
608 483 68 20 skulle
693 483 49 27 vilja
757 483 113 27 godkänna

46 512 35 20 det
96 518 29 14 nu
140 512 72 27 gjorda
228 512 323 28 sammanjämkningsförslaget.

114 574 32 21 Hr
162 574 108 22 Kivekäs
285 574 70 21 anhöll
371 581 34 13 om
421 575 123 27 ytterligare
562 575 151 27 bordläggning
729 575 21 21 af
766 581 105 15 samman-

45 603 225 28 jämkningsförslaget.

113 666 33 21 Hr
168 660 121 27 Äström:
319 665 41 27 Jag
382 666 90 20 föreslär
495 668 29 18 att
529 659 94 27 ståndet
638 666 68 20 skulle
722 666 31 20 till
770 666 102 20 utskottet

46 694 65 21 uttala
127 695 40 21 den
184 695 79 20 önskan
279 696 30 18 att
323 694 102 21 utskottet
436 694 36 20 vid
484 695 233 26 sammanjämkningen
728 694 62 21 äfven
802 694 68 20 skulle

46 725 48 25 taga
117 724 66 20 under
205 722 128 28 behandling
349 723 40 20 den
406 723 97 27 ändring,
525 730 46 14 som
586 723 38 20 här
638 723 123 27 föreslagits,
786 723 18 20 d.
821 730 17 12 v.
854 728 10 14 s.

46 754 30 18 att
90 752 62 20 äfven
168 751 77 21 sädana
260 752 80 20 kronan
356 751 107 27 tillhöriga
480 758 80 14 mossar
575 752 39 20 och
629 752 54 26 kärr,
700 758 45 14 som
761 751 46 21 icke
824 750 47 21 blif-

46 780 30 20 vit
91 780 26 27 pä
132 780 47 20 dess
195 780 115 20 bekostnad
325 780 112 26 torrlagda,
453 780 57 27 finge
525 780 8 20 i
548 780 93 27 enlighet
656 780 47 20 med
719 780 152 26 förordningen

47 808 21 21 ät
90 808 94 21 enskilda
202 815 100 20 personer
316 808 96 27 försäljas
429 808 53 21 eller
497 809 101 27 upplätas.
628 808 42 21 Det
685 811 23 18 är
723 808 33 20 väl
772 808 46 20 icke
834 808 38 20 all-

47 837 57 21 deles
127 837 79 27 vanligt
227 839 29 19 att
277 839 28 19 ett
321 837 80 20 utskott
416 841 105 23 upptager
536 837 118 27 ändringar,
677 844 45 14 som
737 836 54 21 blott
806 836 21 20 af
842 838 30 18 ett

47 866 61 20 ständ
122 866 123 26 föreslagits,
261 872 48 14 men
325 865 75 21 sädant
415 866 39 20 har
471 866 53 20 dock
539 866 140 20 förekommit.

115 928 32 21 Hr
170 928 120 21 Stenroth
312 928 145 21 understödde
481 929 24 20 hr
527 928 99 21 Kivekäs'
642 928 99 21 anhällan
757 934 34 14 om
807 929 64 25 ytter-

47 957 65 27 ligare
128 957 151 27 bordläggning
295 957 20 20 af
330 957 93 20 ärendet.

115 1019 33 21 Hr
162 1019 149 21 Rönnbäck:
342 1019 74 20 Ehuru
433 1019 156 33 bordläggning
607 1019 68 20 blifvit
691 1019 78 26 begärd
786 1019 39 20 och
840 1017 33 21 sä-

47 1048 58 28 ledes
128 1048 61 21 äfven
212 1048 95 20 kommer
327 1050 30 18 att
377 1048 43 22 ske,
444 1048 95 21 anhäller
561 1049 35 26 jag
618 1047 53 21 dock
691 1049 30 18 att
735 1047 22 20 fä
772 1053 61 14 svara
848 1047 25 20 hr

48 1070 90 32 Äström,
161 1076 23 21 sä
206 1079 29 18 att
257 1077 70 20 denna
342 1076 104 27 detaljsak
463 1077 47 20 icke
522 1077 49 24 äter
585 1076 64 21 mätte
665 1075 89 21 behöfva
771 1077 102 25 upptagas

48 1105 34 20 vid
106 1107 58 18 nästa
186 1105 92 27 plenum.
315 1105 41 26 Jag
379 1111 64 14 anser
466 1105 25 20 hr
512 1099 96 26 Äströms
630 1105 79 26 förslag
729 1104 47 20 icke
800 1103 73 20 kunna

48 1133 84 20 komma
152 1133 7 20 i
181 1133 142 21 betraktande.
353 1133 34 20 Då
409 1135 30 19 ett
463 1133 55 21 enda
539 1133 72 21 ständs
632 1133 69 20 beslut
716 1132 35 20 vid
768 1138 105 14 samman-

47 1162 108 27 jämkning
176 1161 72 28 någon!
263 1161 55 28 gång
334 1162 107 27 upptagits
457 1162 22 20 af
495 1162 84 27 utskott,
600 1162 37 20 har
653 1161 34 21 det
703 1161 54 20 skett
772 1160 7 20 i
794 1160 80 21 sådana

48 1190 42 27 fall,
106 1190 26 20 då
148 1190 56 21 detta
219 1190 69 21 beslut
303 1190 56 27 legat
375 1190 92 21 emellan
485 1191 25 20 de
525 1179 55 32 båda
598 1190 172 27 ytterligheterna
787 1189 38 20 och
842 1188 32 21 sä-

48 1207 58 32 ledes
122 1219 77 34 utgjort
214 1221 29 18 ett
257 1207 225 39 förmedlingstörslag.
511 1219 187 27 Borgareständets
713 1217 160 27 ifrägavarande

49 1247 69 21 beslut
133 1249 22 18 är
170 1249 30 19 ett
214 1247 78 27 tillägg,
313 1253 45 14 som
371 1247 50 26 icke
441 1248 100 20 invärkar
556 1247 26 28 pä
597 1247 153 20 hufvudsaken.
781 1246 41 27 Jag
838 1252 36 14 an-

48 1282 34 15 ser
97 1275 81 22 säledes
193 1278 29 19 att
237 1276 36 21 det
287 1276 21 20 af
323 1276 25 20 hr
365 1269 85 27 Äström
467 1276 73 27 gjorda
555 1276 99 27 förslaget
669 1275 46 21 icke
731 1275 42 20 kan
789 1275 85 20 komma

50 1305 66 20 under
131 1304 111 21 utskottets
257 1304 103 27 pröfning.

119 1361 214 21 Ekonomiutskottets.
355 1361 298 27 sammanjämkningsförslag
676 1360 43 22 blef
740 1359 51 21 härä
806 1361 66 25 ytter-

48 1390 65 27 ligare
129 1390 110 27 bordlagdt
254 1390 31 20 till
301 1392 59 19 nästa
376 1389 96 28 plenum.
