1017 1731
289 107 179 21 Borgareståndet
482 108 54 16 1891.
560 108 13 16 4
586 108 47 21 maj.
809 103 40 20 857

192 214 163 33 Mändagen
374 214 57 27 den
450 214 17 27 4
486 214 60 34 maj
567 214 41 27 kl.
626 214 17 27 6
662 221 25 20 e.
705 222 37 19 m.

117 283 41 20 Vid
174 283 115 20 värkstäldt
305 289 81 21 upprop
403 283 105 21 befunnos
524 283 94 21 ständets
629 283 98 27 samtliga
737 283 140 21 medlemmar

48 312 136 25 närvarande,
205 312 91 20 förutom
312 312 25 19 hr
353 311 74 26 Göös,
443 318 48 14 som
505 312 57 20 förut
578 312 97 20 utvärkat
691 312 32 27 sig
737 312 94 20 tillständ
848 313 29 19 att

48 347 50 14 vara
113 340 146 26 fränvarande,
283 340 38 20 och
337 340 24 20 hr
377 339 121 28 Löfgren,
522 347 45 14 som
583 340 21 21 af
619 340 99 27 sjukdom
733 347 38 14 var
786 340 90 21 hindrad

49 370 29 19 att
93 369 84 20 komma
193 368 106 21 tillstädes.

116 425 44 21 Hrr
183 425 134 21 Borenius'
340 425 39 20 och
403 425 146 28 Cloubergs
568 425 99 21 anhållan
683 427 30 19 att
728 433 50 14 vara
792 425 84 21 fränva-

49 454 65 21 rande
129 453 47 21 frän
192 456 58 19 nästa
266 454 87 27 plenum
368 453 76 21 bifölls.

119 584 111 28 Upplästes
252 584 32 21 till
306 584 105 27 justering
433 585 40 19 och
497 584 122 27 godkändes
643 584 102 21 särskilda
760 584 77 27 utdrag
852 590 26 14 ur

51 613 182 27 borgareständets
249 613 34 20 vid
300 615 83 18 senaste
398 612 89 27 plenum
503 613 60 20 förda
577 613 110 27 protokoll.

120 744 112 27 Upplästes
248 744 102 20 särskilda
365 744 196 27 protokollsutdrag
575 744 47 20 frän
637 744 145 20 medständen.

120 868 116 27 Föredrogs
252 868 44 27 lag-
311 868 39 21 och
366 868 214 21 ekonomiutskottets
596 868 35 21 vid
647 870 82 19 senaste
744 868 88 27 plenum
847 868 33 20 för

52 897 66 20 andra
138 897 83 27 gängen
244 897 115 27 bordlagda
382 897 135 21 betänkande
533 904 35 13 n:o
585 898 12 20 3
612 898 7 19 i
635 897 115 27 anledning
766 896 21 21 af
802 896 77 27 nädiga

52 925 155 27 propositionen
224 932 34 14 n:o
275 926 26 19 12
317 925 48 21 med
381 925 80 28 förslag
477 926 32 20 till
524 926 124 27 förordning
663 932 34 14 om
707 926 109 21 allmänna
827 931 52 21 upp-

51 954 141 27 lagsmagasin
208 954 48 21 med
271 955 41 20 rätt
327 956 30 19 att
372 954 82 27 utgifva
470 957 107 18 warrants.

120 1010 98 21 Rörande
234 1011 238 26 författningsförslaget
487 1011 7 20 i
510 1011 47 20 dess
573 1011 71 20 helhet
659 1011 102 27 begärdes
777 1009 60 21 ordet
849 1009 31 20 till

51 1039 52 20 först
118 1039 21 20 af
480 1057 7 8 .

120 1096 24 20 hr
167 1096 132 27 Borenius,
319 1102 45 15 som
387 1096 95 26 yttrade:
513 1096 28 21 Sä
561 1096 62 27 lifligt
637 1096 35 27 jag
687 1097 27 19 än
730 1095 69 20 skulle
814 1095 67 20 önska

52 1126 29 19 att
103 1124 37 20 vär
163 1124 75 21 handel
262 1125 39 20 och
322 1125 91 20 industri
429 1124 67 21 redan
512 1125 54 20 hade
582 1125 45 20 nätt
643 1124 40 21 den
699 1123 129 27 utveckling,
852 1124 29 19 att

52 1152 26 21 de
93 1152 139 27 ovilkorligen
255 1153 39 20 och
313 1153 108 26 själfmant
436 1153 71 21 skulle
523 1153 111 20 framkalla
649 1153 40 20 den
705 1151 120 21 institution
842 1151 39 20 och

52 1181 26 20 de
100 1181 138 26 inrättningar
260 1181 158 27 propositionen
437 1181 7 20 i
460 1181 61 28 fräga
535 1183 38 25 gör
589 1182 31 26 sig
635 1181 31 21 till
681 1179 146 28 förespräkare
843 1179 38 27 för,

51 1209 42 20 kan
108 1209 35 27 jag
159 1209 53 20 dock
228 1209 45 21 icke
290 1210 71 27 undgå
377 1211 30 19 att
422 1210 47 20 inse
486 1212 29 19 att
531 1210 22 20 sä
569 1211 71 25 tyvärr
655 1209 46 21 icke
714 1211 58 18 ännu
783 1210 23 18 är
815 1208 65 20 fallet.

51 1237 51 21 Men
125 1237 26 21 dä
172 1238 35 27 jag
229 1238 12 20 å
259 1238 66 21 andra
341 1238 60 21 sidan
417 1238 66 21 äfven
497 1239 58 20 inser
570 1239 26 20 de
612 1237 123 28 synnerliga
751 1237 130 26 bekvämlig-

51 1266 59 21 heter
133 1267 38 20 och
194 1266 91 21 fördelar
304 1267 35 20 det
353 1266 124 27 föreslagna
492 1269 102 24 systemet
609 1266 113 27 onekligen
737 1265 69 21 skulle
823 1265 58 20 med-

51 1295 45 20 föra
111 1295 33 20 för
159 1295 47 20 hela
222 1295 45 20 vårt
283 1295 138 20 ekonomiska
435 1295 32 26 lif,
484 1295 68 21 skulle
570 1295 36 27 jag
621 1295 67 20 tillika
703 1294 27 27 pä
745 1294 36 20 det
796 1293 85 27 upprik-

51 1323 75 26 tigaste
148 1323 71 27 önska,
242 1325 29 19 att
293 1323 40 21 alla
349 1323 26 21 de
391 1324 100 26 ätgärder
506 1324 69 21 blefve
591 1323 105 27 vidtagna,
719 1329 45 14 som
781 1321 102 26 möjligen

51 1351 27 27 pä
93 1351 63 27 nägot
172 1353 45 26 sätt,
234 1358 49 15 vare
299 1352 32 27 sig
346 1351 64 21 ocksä
425 1352 113 27 artificielt,
554 1352 68 20 skulle
638 1351 117 28 päskynda
763 1350 49 20 dess
822 1355 59 21 mog-

51 1380 41 20 nad
116 1380 39 21 och
177 1380 111 21 införande
309 1381 62 20 äfven
387 1381 39 19 hos
442 1387 42 21 oss,
507 1381 39 20 och
562 1383 29 18 att
606 1381 7 19 i
628 1381 72 26 hvarje
716 1378 102 22 händelse
833 1378 50 26 inga

51 1408 75 21 hinder
150 1408 69 22 blefve
242 1409 111 27 uppstälda
376 1409 32 20 för
431 1409 52 21 dess
498 1409 100 21 snabbast
613 1409 86 27 möjliga
714 1408 114 27 uppkomst
844 1406 39 21 och

51 1436 39 21 fria
107 1437 126 27 utveckling.
257 1438 41 26 Jag
313 1438 41 20 kan
371 1437 121 21 emellertid
507 1438 46 20 icke
569 1437 58 21 finna
643 1439 28 19 att
687 1437 42 20 den
745 1436 21 20 af
781 1435 102 21 utskottet

50 1465 120 27 föreslagna
192 1466 151 26 förordningen
366 1466 7 20 i
395 1468 74 18 ämnet
493 1466 67 20 skulle
579 1466 107 20 innehålla
701 1464 123 27 tillräckligt
838 1464 44 19 loc-

50 1493 70 21 kande
142 1494 107 20 förmäner
271 1494 32 20 för
326 1496 29 18 att
378 1494 25 20 de
422 1494 71 21 skulle
509 1495 74 20 kunna
597 1494 152 26 frambesvärja
765 1496 29 17 ett
809 1492 74 26 nödigt
