1017 1731
272 129 179 21 Borgareståndet
465 130 54 17 1891.
544 130 12 17 9
569 130 47 21 maj.
776 125 54 20 1029

26 211 42 19 että
84 209 40 20 sitä
138 209 50 21 tällä
203 209 73 21 kertaa
291 209 111 20 tehtäisiin.
434 208 51 21 Mitä
501 209 37 20 hra
553 209 94 20 Kivekäs
657 216 28 13 on
696 210 99 27 puhunut
803 210 53 27 siitä,

27 240 42 19 että
89 239 70 19 tämän
175 237 205 21 asetusehdotuksen
396 237 171 27 hyväksyminen
583 237 48 21 olisi
646 244 77 15 suoraa
737 238 119 27 ivantekoa,

28 266 72 21 luulen
116 265 94 28 jokaisen
227 265 118 21 käsittävän
361 266 61 20 aivan
439 266 118 26 joutavaksi
573 266 109 27 puheeksi.

96 322 33 21 Hr
144 323 165 20 Serlachius:
326 322 10 20 I
351 322 66 21 likhet
433 323 49 20 med
497 323 26 20 hr
532 322 99 27 Högman
645 329 62 15 anser
716 323 35 28 jag
763 323 35 21 det
808 330 51 14 vara

28 351 86 26 mycket
128 351 147 27 tvifvelaktigt,
291 351 104 20 huruvida
411 351 64 20 redan
493 351 35 20 vid
544 353 61 18 nästa
620 351 102 28 landtdag
737 352 42 21 kan
794 352 63 21 fram-

28 379 72 27 läggas
116 381 29 19 ett
160 379 133 28 fullständigt
308 379 79 27 förslag
402 379 91 21 rörande
508 379 48 28 lega
572 380 21 20 af
607 379 47 28 jord
670 380 27 27 pä
712 380 77 21 landet.
816 380 42 28 Jag

28 408 67 20 häller
114 408 45 21 före
174 409 30 20 att
220 408 35 21 det
271 408 31 20 till
318 408 39 20 och
370 407 48 21 med
434 409 23 19 är
473 409 76 25 ytterst
563 408 122 21 osannolikt
700 411 30 18 att
745 411 30 19 ett
790 409 68 26 dylikt

29 436 84 27 förslag,
128 443 45 14 som
189 437 47 20 icke
251 436 54 21 blott
317 443 50 14 vore
378 436 116 27 ,gäckeri",
505 437 72 20 kunde
588 436 119 28 föreläggas
718 439 61 19 nästa
789 437 69 21 landt-

30 465 46 27 dag,
97 467 23 24 ty
139 465 81 20 arbetet
239 467 24 18 är
277 465 23 20 sä
315 465 98 27 ofantligt
428 465 137 26 omfattande,
581 467 30 18 att
627 465 35 20 det
677 466 127 27 näppeligen
818 465 40 20 fin-

28 499 38 15 nes
86 493 79 21 krafter
180 495 29 19 att
224 493 21 21 fä
261 493 34 21 det
310 493 82 27 färdigt.
422 493 43 21 Vid
481 493 76 21 sädant
571 493 138 28 förhällande,
725 494 39 21 och
780 493 26 21 dä
821 494 36 27 jag

30 522 46 20 icke
95 522 42 20 kan
152 524 64 19 annat
231 522 58 20 finna
305 524 25 18 än
347 524 30 18 att
392 522 35 20 det
443 522 146 28 föreliggande
604 522 136 28 lagförslaget
755 522 55 21 dock
826 525 33 18 ut-

30 552 38 26 gör
88 557 27 14 en
130 550 131 28 förbättring,
277 552 29 19 ett
320 550 102 27 framsteg
437 553 45 19 mot
498 551 35 21 det
548 550 138 28 närvarande,
702 551 23 21 sä
739 551 69 21 skulle
823 551 36 27 jag

31 585 50 15 anse
97 581 29 19 att
142 579 35 21 det
192 586 50 14 vore
257 579 45 21 skäl
318 579 33 20 för
365 579 176 27 borgareständet
553 581 30 19 att
594 581 76 25 antaga
681 580 113 20 utskottets
804 586 55 14 sam-

31 608 255 27 manjämkningsförslag.

101 664 68 21 Sedan
193 664 148 21 diskussionen
365 664 49 20 härä
437 664 112 21 förklarats
572 664 97 27 afslutad,
692 664 122 22 framstälde
835 665 25 19 hr

32 692 121 21 talmannen
173 693 31 21 till
226 693 129 20 besvarande
376 699 26 14 en
418 692 92 22 sälunda
525 693 129 21 formulerad
670 693 190 27 omröstningspro-

32 721 100 27 position
124 717 12 35 :

103 777 37 27 De,
162 778 74 20 hvilka
252 778 118 27 godkänna
385 778 151 27 lagutskottets
551 778 82 32 förslag
649 778 35 20 till
699 778 160 34 sammajämk-

32 806 56 27 ning
104 806 132 27 beträffande
252 802 159 43 förordningen
427 806 158 21 innehållande
600 806 59 21 vissa
674 802 136 42 stadganden
822 808 36 18 rö-

32 834 68 21 rande
116 835 47 31 lega
178 834 29 28 af
212 835 55 31 jord
278 834 31 28 pä
321 835 79 26 landet,
412 836 60 19 rösta
477 835 40 27 ja;
529 835 32 26 de,
572 835 35 21 det
616 835 45 20 icke
670 837 59 25 göra,
741 836 59 19 rösta
810 834 50 28 nej;

101 870 80 14 vinner
200 870 42 20 nej,
263 863 42 21 har
320 852 183 43 borgareståndet,
520 852 48 32 med
582 863 138 27 förkastande
735 863 29 27 af
777 863 82 21 utskot-

34 894 38 18 tets
87 892 315 27 sammanjämkningsförslag
417 892 10 20 i
442 892 74 20 denna
531 892 40 26 del,
587 892 113 26 vidblifvit
713 892 40 20 sitt
768 891 94 32 tidigare

33 920 83 27 fattade
132 920 70 20 beslut
216 922 34 18 att
265 920 144 21 underkänna
424 920 91 28 ifrägav
517 909 82 32 arande
611 920 230 28 forfattningsförslag
852 920 9 20 i

33 949 47 20 dess
96 948 76 21 helhet.

103 1005 29 21 Pä
155 1005 71 21 därom
250 1005 109 21 framstäld
382 1005 95 28 begäran
501 1006 105 20 anstäldes
622 1005 101 27 votering,
739 1011 45 14 som
799 1004 62 21 utföll

34 1034 48 20 med
99 1035 25 19 37
140 1034 21 27 ja
176 1034 40 21 och
233 1034 26 20 15
276 1035 39 26 nej,
337 1034 48 21 med
407 1034 102 21 afseende
531 1034 64 21 hvarä
615 1034 84 21 ständet
713 1033 83 21 säledes
810 1033 52 27 god-

34 1063 50 20 känt
107 1063 111 20 utskottets
241 1063 300 26 sammanjämkningsförslag
562 1062 129 21 beträffande
710 1061 152 27 förordningen

35 1090 148 21 innehällande
199 1091 55 20 vissa
270 1091 130 27 stadganden
416 1091 92 20 rörande
523 1091 48 27 lega
586 1091 21 20 af
621 1091 45 26 jord
683 1090 26 27 pä
724 1090 77 21 landet.

104 1147 117 21 Utskottets
242 1147 79 28 förslag
343 1148 7 19 i
365 1147 59 27 fråga
440 1154 35 13 om
499 1147 42 21 den
563 1147 145 27 underdäniga
731 1146 132 27 hemställan,

35 1175 99 21 hvarmed
156 1175 113 21 ständerna
284 1176 69 20 skulle
369 1176 30 20 uti
415 1176 33 20 sin
465 1176 160 21 svarskrifvelse
641 1175 12 21 ä
668 1175 39 21 den
723 1175 77 26 nädiga
815 1181 48 20 pro-

34 1204 119 27 positionen
176 1203 30 21 till
226 1204 26 21 H.
273 1204 25 20 K.
320 1204 39 21 M:t
380 1204 55 27 ingä,
460 1205 45 20 blef
525 1204 50 21 härä
590 1208 51 17 utan
657 1203 140 27 anmärkning
812 1202 52 28 god-

35 1232 69 21 kändt.

104 1363 118 27 Föredrogs
237 1363 107 21 allmänna
364 1363 202 22 besvärsutskottets
581 1364 35 20 vid
632 1363 87 28 plenum
735 1363 41 21 den
793 1362 12 20 2
821 1362 43 27 maj

36 1392 116 27 bordlagda
174 1392 134 20 betänkande
331 1398 34 14 n:o
391 1392 26 20 18
432 1392 7 20 i
456 1392 118 27 anledning
589 1393 21 20 af
625 1392 102 20 särskilda
742 1392 7 20 i
764 1390 24 22 R.
804 1397 18 14 o.
838 1391 26 19 A.

36 1423 54 18 samt
106 1420 97 27 borgare-
219 1421 39 20 och
274 1420 160 21 bondestånden
451 1420 84 28 ingifna
550 1420 209 28 petitionsmemorial
775 1419 90 21 rörande

36 1449 138 20 anordnande
190 1449 21 20 af
226 1448 307 28 fortbildningsundervisning
549 1449 35 20 vid
599 1449 82 21 landets
696 1448 122 26 folkskolor,
833 1448 33 20 in-

36 1477 95 20 rättande
153 1477 21 21 af
194 1477 147 21 landtmanna-
364 1478 39 20 och
428 1477 201 21 husmodersskolor
643 1479 55 19 samt
713 1476 116 21 anvisande
844 1476 22 20 af

36 1505 70 21 medel
121 1505 33 20 för
168 1505 184 27 grundläggandet
367 1506 40 20 och
422 1505 136 21 underhållet
573 1506 21 20 af
609 1505 163 27 folkhögskolor.
