1017 1731
282 109 179 20 Borgareständet
474 109 51 16 1891.
550 107 22 18 22
585 109 46 20 maj.
796 103 53 20 1347

113 187 156 22 Diskussionen
292 187 83 21 afbröts
400 187 82 26 härvid,
498 187 88 21 emedan
603 187 94 20 anmäldt
713 187 73 21 blifvit
802 191 29 16 att
848 195 27 12 en

45 215 95 22 ledamot
156 215 22 21 af
193 216 19 21 k.
228 219 87 18 senaten
333 215 89 20 anhållit
438 223 34 13 om
488 215 119 26 företräde;
622 215 66 22 hvarä

114 273 24 20 hr
149 276 99 17 senatorn
259 272 126 25 Fellman,
401 272 78 28 åtföljd
490 272 23 21 af
523 272 267 28 protokollssekreteraren
800 272 76 21 Fors-

45 301 55 25 sell,
115 300 98 21 inträdde
229 301 40 20 och
285 300 162 21 öfverlämnade
461 301 30 20 H.
506 301 29 20 K.
546 301 52 20 M:ts
609 300 79 27 nådiga
701 300 72 33 påbud
784 300 32 21 till
825 300 51 21 Fin-

45 329 61 20 lands
122 329 86 20 ständer
224 337 34 12 om
273 328 142 27 landtdagens
431 329 124 20 afslutande
571 329 41 20 den
629 330 64 25 28/16
711 329 40 27 maj
764 329 60 25 1891,
835 329 41 26 gif-

46 361 36 17 vet
96 358 6 19 i
119 357 118 21 Gatschina
253 357 41 21 den
313 358 45 25 13/1
378 358 39 27 maj
437 358 61 20 1891.

114 414 71 21 Sedan
201 414 25 21 hr
240 415 122 20 talmannen
377 414 78 20 uttalat
468 414 187 27 borgareståndets
670 414 135 21 vördsamma
816 413 61 21 tack-

46 443 82 27 sägelse
150 443 35 20 för
206 442 36 21 det
264 442 77 28 nådiga
365 442 101 28 påbudet,
482 443 83 20 hvilket
580 442 86 21 ståndet
683 443 68 20 skulle
767 442 61 21 ställa
844 443 33 26 sig

47 471 30 20 till
98 471 133 27 underdänig
254 471 147 25 efterrättelse,
425 474 55 17 samt
496 471 25 21 hr
537 474 100 17 senatorn
653 471 52 20 härä
720 471 87 25 afträdt,
823 478 53 20 upp-

47 500 52 20 läste
114 499 26 21 hr
154 500 121 20 talmannen
298 499 165 28 ifrågavarande
487 499 78 29 påbud,
581 507 44 13 som
642 507 38 13 var
695 499 23 21 af
733 499 95 28 följande
844 499 32 27 ly-

47 528 69 21 delse:

117 585 34 21 Wi
173 585 123 21 Alexander
318 584 42 21 den
382 584 86 28 "Tredje,
491 585 48 21 med
561 585 62 21 Guds
643 585 68 26 Näde,
726 586 91 26 Kejsare
834 584 41 21 och

48 614 154 28 Själfhärskare
224 614 62 21 öfver
307 614 48 20 hela
376 614 116 27 Ryssland,
511 614 55 20 Tsar
581 614 22 20 af
618 614 73 25 Polen,
707 614 119 20 Storfurste
842 613 32 20 till

48 639 97 29 Finland,
168 645 39 18 ete.
223 645 39 18 ete.
278 645 39 18 etc.
333 637 98 32 tillbjude
455 630 64 38 Eder,
535 642 42 21 Oss
595 642 107 27 älskelige,
720 642 63 20 Wärc
799 644 76 24 trogne

48 654 130 48 undersåtar,
204 670 207 21 Storfurstendömet
433 670 105 21 Finlands
562 670 91 21 Ständer
678 669 51 22 Wår
754 670 122 28 synnerliga

47 703 77 23 ynnest
140 699 39 21 och
195 698 86 28 Nådiga
295 698 142 34 bevågenhet,
453 699 48 21 med
518 699 50 21 Gud
585 699 134 27 Allsmäktig.

119 727 50 21 Wår
185 727 86 27 Nådiga
285 727 64 33 Wilja
365 729 23 18 är
404 730 32 17 att
452 727 43 21 den
510 735 28 13 nu
553 727 116 28 påstående
682 726 129 28 landtdagen
823 726 55 20 skall

49 756 89 20 afslutas
161 756 42 20 den
222 757 65 24 28/16
303 756 39 27 maj
360 756 146 20 innevarande
522 756 29 26 år,
567 756 25 20 då
609 755 52 21 Wår
677 755 201 27 Generalguvernör

49 784 62 21 öfver
126 784 91 21 Finland
229 784 40 20 och
283 784 199 34 Generaladjutant,
494 784 121 21 Generalan
627 784 22 20 af
659 784 123 20 infanteriet
794 783 84 21 Grefve

48 812 86 21 Feodor
157 812 86 21 Heiden
265 813 96 20 kommer
385 815 29 17 att
437 812 5 20 ä
460 812 66 21 Wära
546 815 81 25 vägnar
642 813 90 27 upplösa
747 812 131 26 landtdagen

49 841 40 21 och
104 840 143 22 hemförlofva
263 840 125 22 Ständerna.

117 869 35 20 Wi
168 869 103 21 förblifva
293 869 58 21 Eder
367 869 100 27 samtliga
483 869 47 21 med
547 870 27 20 all
590 870 107 27 Kejserlig
712 871 78 26 ynnest
805 868 74 21 välbe-

49 897 79 28 vägne;
143 898 122 20 befallande
280 897 59 21 Eder
355 897 50 21 Gud
422 898 136 27 Allsmäktig,
574 898 133 28 synnerligen
723 897 127 27 Nädeligen.

119 926 119 21 Gatschina
254 926 41 21 den
313 927 47 21 13/1
377 926 46 28 Maj
443 927 60 20 1891.

365 971 201 21 ALEXANDER.

340 1017 305 21 Minister-Statssekreterare
660 1017 34 21 W.
710 1025 42 13 von
768 1017 83 20 Daehn.

120 1097 32 20 Hr
167 1097 116 20 Neovius
299 1097 66 20 erhöll
381 1097 97 20 härefter
493 1097 61 21 ordet
569 1097 40 20 och
625 1097 94 28 yttrade:
749 1096 43 27 Jag
807 1096 42 20 kan
861 1096 17 27 ej

50 1125 66 20 häller
138 1125 114 26 godkänna
275 1125 35 21 det
331 1121 307 37 sammanjämkningsförslag,
653 1133 45 13 som
714 1132 28 13 nu
758 1124 122 27 föreligger.

50 1153 41 27 Jag
112 1154 122 20 instämmer
255 1153 150 28 fullkomligt
402 1148 13 38 i
422 1153 60 22 hvad
498 1155 25 20 hr
537 1154 94 21 Jusélius
654 1153 117 21 framhållit
786 1152 41 21 och
843 1152 37 21 vill

51 1181 64 21 äfven
131 1181 130 22 understöda
280 1182 36 21 det
330 1182 23 20 af
368 1182 80 21 honom
465 1183 120 26 föreslagna
603 1183 94 26 tillägget
712 1181 32 21 till
760 1181 121 20 återremis-

51 1217 43 13 sen.
124 1209 41 28 Jag
188 1217 62 14 anser
272 1213 31 18 att
325 1207 329 42 sammanjämkningsförslaget,
675 1218 45 13 som
736 1209 81 21 utfallit
832 1217 49 14 syn-

51 1239 93 26 nerligen
167 1238 152 28 tillkrångladt,
334 1239 55 20 hade
405 1239 49 20 bort
471 1239 62 21 stöda
549 1240 32 26 sig
640 1237 188 29 borgareståndets
842 1233 40 24 be-

50 1267 42 20 slut
108 1267 5 20 i
130 1267 72 26 saken,
224 1267 59 21 detta
301 1267 24 20 så
339 1267 86 28 mycket
451 1275 50 18 mer,
525 1275 44 13 som
586 1267 9 20 f
634 1267 104 33 ndringen
754 1265 24 21 af
792 1265 38 20 det
845 1265 37 21 be-

51 1295 87 20 stående
161 1303 51 13 vore
235 1298 30 18 att
288 1295 117 21 behandlas
424 1296 5 19 i
452 1296 42 21 den
518 1296 91 27 ordning
629 1297 12 25 $
663 1297 26 20 72
705 1297 5 18 i
727 1295 24 20 L.
775 1294 26 20 O.
824 1294 58 20 före-

50 1323 99 21 skrifver.

118 1380 34 21 Hr
168 1381 105 21 Öhman:
303 1381 73 21 Ehuru
392 1382 36 27 jag
446 1382 48 20 icke
511 1389 62 13 anser
588 1382 43 26 mig
646 1381 50 21 böra
711 1380 119 21 framställa
845 1379 38 21 nå-

50 1416 41 20 gon
115 1410 139 32 anmärkning
270 1413 44 17 mot
330 1410 116 20 utskottets
464 1412 43 18 sätt
522 1413 31 17 att
568 1411 6 19 i
589 1409 141 21 förevarande
746 1409 40 20 fall
801 1408 81 20 föreslå

50 1438 210 27 sammanjämkning,
282 1438 41 20 kan
341 1439 36 31 jag
401 1438 67 21 likväl
492 1438 48 21 icke
559 1438 106 28 tillstyrka
680 1438 134 21 densammas
830 1436 53 32 god-

50 1446 122 46 kännande;
189 1469 50 18 utan
255 1466 86 21 förenar
356 1474 35 20 jag
407 1467 45 27 mig
469 1468 4 19 i
491 1467 41 20 allo
549 1474 32 13 om
598 1462 25 25 hr
637 1466 101 21 Juselius?
754 1464 110 22 uttalande
876 1472 6 12 i

50 1494 72 20 saken.
