1017 1731
293 101 178 21 Borgareståndet
484 101 54 17 1891.
562 102 27 16 28
602 101 47 21 maj.
798 95 54 21 1515

55 180 67 21 tion
116 176 14 35 i
140 182 76 25 ämnet,
240 181 54 20 efter
315 181 138 20 inhämtande
476 181 21 20 af
519 181 144 26 kyrkomötets
686 180 114 26 utlåtande,
823 183 55 18 näst-

54 209 197 21 sammanträdande
275 209 84 20 ständer
381 209 100 27 förelagd,
498 209 39 21 och
553 209 153 21 bondeståndet
725 209 96 20 omfattat
836 209 41 21 den

54 237 32 20 till
108 237 111 22 utskottets
242 237 132 21 betänkande
395 237 76 28 fogade
487 238 167 25 reservationen;
670 238 7 20 i
695 237 106 21 anseende
816 237 62 20 hvar-

54 265 32 20 till
101 265 73 28 frågan
188 266 96 25 förfallit;

126 296 30 19 att
170 295 111 20 utskottets
296 294 78 27 förslag
389 294 32 21 till
436 294 207 27 sammanjämkning
658 295 21 20 af
694 294 25 21 de
735 294 67 21 delvis
820 294 57 27 skilj-

55 322 70 28 aktiga
140 323 74 26 beslut,
229 323 7 20 i
251 322 71 21 hvilka
337 323 90 20 stånden
443 325 84 19 stannat
541 323 36 20 vid
592 323 154 27 behandlingen
763 323 21 20 af
797 323 80 20 utskot-

55 352 40 19 tets
111 351 131 21 betänkande
257 357 34 15 n:o
309 351 24 20 17
349 351 49 21 med
415 351 116 28 anledning
546 351 21 21 af
582 351 76 27 nådiga
673 351 156 27 propositionen
842 357 34 14 n:o

54 379 28 20 24
104 379 109 28 angående
234 379 80 21 ändrad
332 379 81 27 lydelse
429 380 22 21 af
465 379 103 22 särskilda
582 380 121 27 paragrafer
717 380 7 20 i
739 379 138 28 värneplikts-

55 407 67 28 lagen,
139 408 68 21 blifvit
222 408 20 21 af
257 408 97 27 samtliga
369 408 62 21 stånd
447 410 94 26 antaget;

125 439 30 19 att
176 437 111 21 utskottets
308 437 126 20 hemställan
453 437 49 21 med
521 437 115 27 anledning
651 437 20 20 af
686 437 26 20 de
727 437 75 26 beslut,
818 437 59 20 hvari

54 465 88 21 stånden
166 467 83 19 stannat
272 465 34 20 vid
329 465 156 28 behandlingen
508 465 21 21 af
551 465 77 28 nådiga
643 465 155 28 propositionen
813 471 35 14 n:o
864 466 12 19 8

53 493 109 28 angående
177 494 78 21 lärares
271 494 38 21 och
324 494 130 21 lärarinnors
473 494 35 21 vid
524 494 246 27 elementarlärovärken,
785 494 91 20 lärovär-

53 522 41 21 ken
118 523 33 21 för
175 522 177 28 kvinnobildning
379 525 55 19 samt
456 523 169 21 folkskollärare-
647 523 39 21 och
707 523 169 21 lärarinnesemi-

53 551 98 21 narierna
173 551 77 27 afgäng
270 558 25 14 ur
317 552 93 26 tjänsten
426 552 36 20 vid
477 552 43 20 viss
536 551 63 27 älder,
615 551 46 21 icke
677 551 68 21 blifvit
761 551 21 21 af
797 551 79 21 bonde-

53 579 83 21 ständet
157 580 92 26 bifallen,
265 580 7 20 i
287 580 106 20 anseende
408 580 86 21 hvartill
510 580 70 21 denna
595 580 58 27 fräga
668 580 39 21 fätt
721 580 94 25 förfalla;

124 610 30 19 att
169 608 71 21 vidare
256 608 111 21 utskottets
384 608 149 22 betänkanden

124 643 34 15 n:o
180 637 25 20 16
221 637 6 20 i
243 636 115 28 anledning
373 637 22 21 af
410 637 77 27 nädiga
502 637 156 27 propositionen
673 644 34 14 n:o
724 638 26 19 22
766 636 110 28 angäende

53 665 90 27 ändring
157 666 7 20 i
180 665 96 27 gällande
292 665 132 28 stadganden
440 672 34 14 om
489 666 76 20 besvär
579 666 7 20 i
597 665 98 21 brottmål
707 666 40 21 och
757 666 119 26 utmätning

52 693 32 21 för
98 693 68 27 böter;

123 728 35 15 n:o
181 722 25 21 18
226 722 7 20 i
248 722 116 28 anledning
379 723 22 20 af
416 723 165 21 statsutskottets
596 723 154 27 framställning
766 722 109 28 angående

52 750 77 28 nädiga
144 751 120 21 manifestet
279 751 21 21 af
315 751 42 21 den
373 752 26 20 12
415 752 47 26 juni
478 752 55 20 1890
549 751 127 21 beträffande
691 751 142 27 poströrelsen
845 751 30 20 äf-

52 784 87 16 vensom
155 781 77 19 tvänne
248 779 31 21 till
295 780 138 27 lagutskottet
449 780 134 21 remitterade
598 780 182 27 petitionsförslag,
791 779 36 21 det
835 785 40 15 ena

51 806 118 22 framstäldt
184 808 7 20 i
206 808 22 20 R.
245 815 18 14 o.
278 808 31 27 A.,
325 808 36 21 det
375 808 68 21 andra
457 809 8 20 i
480 808 178 28 borgareständet;
674 811 54 19 samt

122 843 35 14 n:o
182 837 25 20 19
229 836 49 22 med
301 836 116 28 anledning
437 837 22 21 af
473 837 151 27 prokuratorns
639 837 6 20 i
660 836 112 28 kejserliga
787 838 87 19 senaten

50 864 34 20 för
98 864 90 21 Finland
203 865 110 21 berättelse
330 872 34 14 om
379 865 164 28 lagskipningen
556 866 40 20 och
606 866 96 27 lagarnas
712 864 162 22 handhafvande

50 892 7 20 i
73 892 77 28 landet,
166 893 68 21 blifvit
249 894 21 20 af
285 894 96 27 samtliga
397 894 62 21 stånd
475 894 120 28 godkända;
612 894 108 21 äfvensom

122 923 30 20 att
173 922 111 21 utskottets
307 922 134 21 betänkande
465 929 34 14 n:o
523 923 26 20 13
571 923 8 20 i
599 923 113 27 anledning
727 922 21 21 af
763 928 27 15 en
804 922 8 20 i
827 921 47 21 bor-

49 950 135 26 gareståndet
198 951 62 21 väckt
274 951 81 20 motion
370 958 35 14 om
421 951 120 28 beviljande
557 951 21 21 af
593 951 134 21 förmånsrätt
741 951 21 20 åt
772 950 102 21 exekuto-

50 984 34 15 rer
106 979 7 20 i
135 979 60 21 deras
217 979 162 27 underlydande
402 979 105 28 betjäntes
529 980 112 27 tillgångar
655 980 32 21 för
701 979 55 21 hvad
772 979 61 21 dessa
848 979 26 27 på

49 1007 70 26 grund
134 1007 22 20 af
171 1007 98 28 behöriga
284 1008 62 21 order
360 1008 103 28 indrifvit,
478 1009 103 27 godkänts
597 1009 20 20 af
632 1008 23 21 R.
671 1015 17 14 o.
703 1009 26 20 A.
752 1009 54 19 samt
828 1009 46 25 prä-

49 1037 41 18 ste-
114 1036 40 21 och
175 1036 164 25 bondestånden,
360 1037 86 21 hvadan
470 1037 183 27 borgareståndets
668 1037 69 20 beslut
752 1038 30 19 att
797 1035 77 21 återre-

49 1063 83 22 mittera
148 1065 114 20 sistnämda
277 1065 78 21 ärende
370 1065 33 21 för
418 1072 31 20 ny
464 1065 129 28 behandling
603 1066 8 20 i
622 1065 99 21 utskottet
731 1065 47 20 icke
788 1064 85 21 komme

48 1094 31 19 att
94 1092 31 21 till
140 1093 70 27 någon
225 1093 71 28 åtgärd
311 1093 116 22 föranleda.

120 1229 58 21 Ifrån
198 1229 106 22 allmänna
327 1230 190 22 besvärsutskottet
539 1231 53 21 hade
615 1231 86 21 anländt
715 1237 26 14 en
757 1230 116 27 skrifvelse,

48 1264 46 14 som
116 1258 22 20 af
159 1258 25 21 hr
204 1259 122 20 talmannen
346 1259 116 28 upplästes,
477 1260 40 20 och
532 1260 131 20 inhämtades
678 1259 63 21 därur
757 1261 35 24 att,
807 1259 66 20 sedan

47 1288 32 19 tre
94 1286 61 21 stånd
170 1286 93 28 godkänt
278 1287 112 22 utskottets
405 1288 82 27 förslag
501 1288 32 21 till
548 1288 205 27 sammanjämkning
776 1287 20 21 af
817 1287 55 20 stån-

47 1315 53 20 dens
123 1315 119 27 skiljaktiga
265 1315 68 22 beslut
351 1316 35 21 vid
403 1316 157 28 behandlingen
577 1317 22 20 af
612 1317 112 20 utskottets
739 1315 133 22 betänkande

47 1349 35 15 n:o
98 1344 27 20 29
140 1343 89 22 rörande
244 1344 97 21 lärovärk
356 1344 33 21 för
403 1345 180 28 kvinnobildning
597 1345 8 20 i
619 1345 72 21 landet
705 1345 56 20 hvad
775 1343 98 22 beträffar

46 1371 98 22 Joensuu
160 1372 64 26 skola,
240 1373 39 28 och
294 1373 35 21 två
344 1373 62 21 stånd
423 1374 81 27 antagit
519 1373 162 28 prästeståndets
696 1373 128 27 inbjudning
840 1374 32 20 rö-

46 1400 67 22 rande
128 1401 74 21 skolan
217 1401 7 21 i
239 1402 54 26 Åbo,
309 1402 159 21 ständerbeslut
483 1403 7 20 i
505 1402 87 21 ärendet
606 1402 84 28 förelåg.
