1017 1731
281 115 179 20 Borgareståndet
473 115 52 16 1891.
549 114 23 17 15
583 115 48 20 maj.
683 137 3 2 N
800 109 56 21 1205

117 195 33 20 Hr
165 194 146 21 Nummelin
323 193 96 22 biträdde
431 194 26 20 hr
469 193 104 22 Jusölius'
586 193 85 28 förslag.

118 251 74 21 Första
215 251 38 21 och
277 250 66 21 andra
365 252 122 19 momenten
505 251 20 20 af
541 251 12 26 &
570 251 32 27 12,
617 253 45 18 mot
677 251 71 21 hvilka
763 251 66 28 ingen
844 258 39 14 an-

50 280 112 27 märkning
177 280 71 27 gjorts,
264 279 128 28 godkändes.

119 336 117 27 Angäende
252 336 67 27 tredje
335 337 118 20 momentet
467 337 135 20 framstäldes
617 337 94 26 följande
727 337 155 27 omröstnings-

51 365 134 28 proposition:

120 422 40 27 De,
176 422 75 21 hvilka
264 422 118 27 godkänna
396 422 115 21 utskottets
525 422 84 27 förslag
625 422 35 21 till
676 423 78 34 lydelse
766 422 36 28 för
816 423 67 32 tredje

52 452 116 19 momentet
178 451 28 27 af
210 451 15 27 $
232 451 29 20 12
271 450 150 27 oförändradt,
433 452 62 19 rösta
499 451 40 27 ja;
550 451 31 26 de,
592 451 35 20 det
637 451 45 20 icke
691 453 60 25 göra,
762 453 60 19 rösta
832 451 50 32 nej;

120 479 81 21 vinner
222 479 43 28 nej,
288 479 42 21 har
353 467 177 39 borgareståndet
552 468 36 39 för
609 479 58 21 detta
683 481 97 20 moment
794 479 90 28 antagit

52 508 71 21 andra
138 510 129 19 momentets
283 507 78 28 lydelse
377 507 69 28 enligt
461 508 42 21 den
518 507 83 29 nådiga
613 508 173 28 propositionen.

120 565 49 21 Med
193 565 82 27 afgjord
290 565 149 21 röstöfvervikt
455 565 68 21 beslöt
538 565 85 21 ståndet
638 567 29 19 att
683 566 66 27 tredje
765 567 119 20 momentet

51 594 7 20 i
73 594 112 21 utskottets
205 594 78 27 förslag
298 594 69 20 skulle
383 596 88 18 ersättas
487 594 48 21 med
552 594 66 20 andra
633 596 116 20 momentet
764 595 7 20 i
787 594 42 21 den
844 594 39 21 nå-

52 622 48 28 diga
115 622 164 28 propositionen.

120 679 76 28 Fjärde
212 680 116 20 momentet
343 679 124 27 godkändes
483 680 95 20 däremot
593 680 141 20 oförändradt.

121 736 135 22 Beträffande
273 737 12 26 $
302 737 25 20 13
343 736 104 28 begärdes
463 737 61 21 ordet
539 737 21 20 af

120 794 26 20 hr
167 793 122 27 Jusélius,
312 800 45 14 som
381 793 74 21 därvid
478 794 92 26 yttrade:
592 794 5 20 I
613 796 116 18 momentet
744 794 12 20 2
773 794 21 20 af
810 793 74 21 denna

52 822 98 27 paragraf
164 822 69 21 finnes
248 824 30 19 ett
289 822 123 20 drakoniskt
427 822 124 28 stadgande,
567 828 46 15 som
624 822 7 20 i
642 822 25 21 de
683 822 60 21 flesta
758 822 37 20 fall
811 824 24 18 är
845 822 39 20 all-

53 850 57 21 deles
126 850 139 28 otillämpligt,
281 850 107 28 nämligen
404 852 30 19 att
450 851 35 20 vid
503 851 156 21 uraktlåtenhet
674 851 66 21 andra
755 850 84 28 gången
852 852 32 19 att

52 879 85 27 erlägga
152 879 141 21 föreskrifven
308 879 219 27 utskänkningsskatt,
543 879 224 28 utskänkningsrätten
779 879 53 21 skall
841 879 43 21 för-

51 908 70 20 klaras
143 908 118 20 förvärkad.
291 907 42 21 Det
355 908 38 20 har
414 908 57 21 visat
493 908 38 27 sig,
551 908 126 21 åtminstone
693 908 26 27 på
735 908 41 20 den
792 910 38 23 ort,
846 907 40 21 där

52 936 35 28 jag
109 936 54 21 varit
178 936 7 21 i
201 936 81 21 tillfälle
298 938 30 19 att
343 936 121 28 handlägga
480 937 71 27 dylika
567 937 99 27 ärenden,
682 938 30 19 att
727 936 35 21 det
778 938 23 19 är
816 936 68 27 omöj-

52 965 38 27 ligt
112 967 30 19 att
163 965 52 27 följa
238 965 69 21 denna
328 965 106 21 föreskrift
457 965 54 22 efter
526 966 72 26 orden,
613 968 22 25 ty
652 973 34 13 om
701 972 50 14 man
767 965 49 21 ville
832 966 53 26 göra

52 993 40 28 det,
115 993 23 22 så
160 994 69 21 skulle
251 1000 50 14 man
320 993 58 21 inom
394 995 29 20 ett
439 993 25 22 år
478 994 47 21 icke
540 994 63 21 hafva
619 994 76 27 många
710 993 103 21 värdshus
829 993 53 21 kvar

52 1022 48 21 med
116 1022 202 27 utskänkningsrätt.
348 1022 33 21 Då
397 1023 111 20 dessutom
524 1023 70 21 denna
609 1023 100 20 förseelse
725 1024 23 19 är
760 1022 22 21 af
792 1028 91 20 synner-

51 1051 58 27 ligen
130 1051 109 27 obetydlig
263 1051 143 21 beskaffenhet
429 1052 41 20 och
486 1051 67 28 aldrig
568 1051 60 21 leder
643 1051 31 21 till
689 1051 117 27 någonting
822 1052 62 19 värre

52 1081 27 18 än
102 1081 30 19 att
154 1079 83 21 skatten
260 1081 91 19 utmätes
373 1079 27 28 på
415 1080 44 20 den
475 1080 134 27 försumliges
626 1079 122 27 bekostnad,
763 1079 70 20 finner
848 1079 37 27 jag

51 1108 47 21 icke
114 1107 45 21 skäl
174 1108 132 21 förekomma
321 1108 31 21 till
368 1110 29 19 ett
409 1108 24 21 så
444 1109 86 20 absolut
540 1109 121 26 stadgande.
692 1108 73 27 Enligt
774 1107 45 21 min
830 1114 54 21 upp-

51 1136 92 27 fattning
166 1136 64 21 borde
252 1139 117 18 momentet
392 1137 145 28 omredigeras
551 1137 8 20 i
575 1137 35 21 det
629 1137 55 26 syfte
704 1139 35 24 att,
755 1136 35 21 vid
806 1142 78 21 uppre-

51 1165 54 26 pade
120 1165 159 21 försummelser
290 1167 29 19 att
331 1165 85 28 erlägga
427 1165 219 28 utskänkningsskatt,
658 1165 226 26 utskänkningsrätten

52 1193 72 21 kunde
144 1193 104 22 förklaras
263 1193 118 28 förvärkad,
396 1194 47 21 ifall
460 1194 207 27 omständigheterna
683 1193 69 22 därtill
768 1193 62 27 gåfve
846 1199 39 14 an-

51 1222 93 27 ledning.

120 1279 33 21 Hr
168 1279 194 28 Neppenström:
379 1279 10 21 I
404 1279 142 22 förevarande
562 1280 97 27 paragraf
674 1279 85 28 stadgar
774 1278 112 33 lagförsla-

52 1309 40 31 get,
105 1310 29 19 att
150 1308 40 21 den
207 1308 52 21 eller
274 1308 32 27 de,
321 1314 46 15 som
383 1308 118 21 innehafva
511 1309 200 27 utskänkningsrätt,
723 1308 51 21 böra
784 1308 59 20 inom
856 1313 28 15 en

52 1337 42 20 viss
117 1336 29 21 tid
170 1336 68 21 betala
261 1337 41 20 den
321 1336 34 21 för
369 1337 131 27 rättigheten
515 1337 101 27 stadgade
632 1337 93 27 afgiften.
755 1336 11 21 I
781 1335 105 22 händelse

51 1365 138 27 betalningen
210 1365 135 27 försummas,
367 1365 88 28 stadgar
479 1365 138 28 lagförslaget,
641 1368 29 19 att
688 1365 71 21 denna
774 1364 112 27 betalning

51 1394 39 20 bör
111 1394 103 20 indrifvas
228 1394 8 20 i
251 1394 178 27 utmätningsväg.
461 1394 42 21 För
524 1401 26 14 en
566 1394 87 22 alldeles
669 1394 59 27 dylik
744 1393 100 21 förseelse
863 1393 24 21 af

52 1422 41 21 den
108 1422 52 21 eller
176 1422 32 23 de,
223 1429 46 14 som
284 1422 115 21 innehafva
414 1424 44 20 rätt
474 1425 29 19 att
519 1423 101 21 distillera
636 1424 39 20 och
689 1422 82 22 förädla
786 1422 100 26 bränvin,

51 1451 85 27 stadgas
154 1450 46 22 åter
214 1451 7 21 i
237 1452 25 20 51
280 1451 12 27 $
308 1451 7 20 i
330 1451 62 27 lagen
415 1451 113 27 angående
549 1452 137 27 tillvärkning
701 1452 40 20 och
757 1450 129 26 distillering

51 1479 21 21 af
87 1479 89 21 bränvin
193 1486 27 14 en
234 1480 54 26 plikt
303 1479 21 21 af
339 1480 56 21 ända
409 1480 34 20 till
461 1480 40 21 200
517 1480 65 20 mark.
612 1480 67 27 Altså,
689 1480 32 20 för
732 1479 88 21 alldeles
829 1484 57 15 sam-

50 1514 36 14 ma
108 1508 148 21 försummelse
279 1508 56 20 olika
358 1508 229 22 straffbestämmelser.
617 1508 63 22 Detta
695 1514 64 22 synes
775 1507 44 27 mig
835 1514 52 14 vara
