1017 1731
168 114 55 21 1136
387 121 181 21 Borgareståndet
581 121 54 17 1891.
658 121 23 17 15
692 121 49 20 maj.

140 199 78 27 därför,
239 199 71 22 såsom
329 200 63 21 äfven
407 200 22 21 af
444 200 126 27 paragrafen
586 200 98 28 framgår,
699 201 31 20 att
745 200 34 20 för
793 199 76 22 sådant
884 200 89 21 bränvin

140 228 48 21 icke
203 227 98 22 kommer
316 230 30 19 att
360 228 81 21 betalas
456 228 70 28 någon
542 228 61 21 skatt.

211 285 33 20 Hr
259 285 193 28 Neppenström:
469 285 10 21 I
495 285 71 21 denna
580 286 99 27 paragraf
694 285 86 28 stadgas
796 285 54 21 dock
862 285 112 28 ingenting

141 320 37 14 om
198 313 96 28 bränvin,
314 320 45 15 som
379 313 69 22 finnes
464 314 107 21 förvaradt
586 314 27 27 på
628 313 103 28 nederlag
746 314 40 21 och
801 314 115 27 möjligtvis
932 314 42 20 kan

143 341 27 28 gå
192 342 102 21 förloradt
317 348 76 21 genom
415 349 27 14 en
465 342 106 27 eldsvåda,
592 343 85 20 hvartill
695 342 179 27 bränneriegaren
890 342 46 21 icke
952 344 22 19 är

142 370 104 21 vållande.
277 370 63 21 Hvad
355 370 26 21 hr
394 370 87 28 Hoving
496 371 7 20 i
519 371 58 20 detta
592 371 100 21 afseende
709 372 67 25 antar,
792 373 23 18 är
830 371 38 20 här
882 371 46 20 icke
944 371 30 20 af-

143 399 101 26 görande,
265 401 51 18 enär
334 399 34 27 jag
384 399 41 21 kan
442 401 77 26 antaga
533 399 118 28 någonting
665 399 46 21 helt
726 401 70 19 annat.
827 399 36 21 Ett
878 399 96 27 förtydli-

142 427 70 27 gande
228 427 22 21 af
265 427 66 21 saken
346 427 65 22 borde
427 427 70 21 därför
511 427 51 28 ingå
577 428 7 20 i
599 427 133 28 paragrafen.

212 483 33 21 Hr
260 483 145 22 Rönnbäck:
422 484 41 28 Jag
478 485 42 20 kan
535 484 47 21 icke
598 485 51 20 fatta
661 486 30 19 att
701 484 73 27 någon
784 485 32 20 för
827 484 74 21 sådant
912 484 62 21 brän-

144 513 42 26 vin,
208 519 45 14 som
278 512 85 22 brinner
385 520 49 20 upp,
457 513 68 21 skulle
550 513 90 21 behöfva
655 513 72 21 betala
741 513 61 21 skatt.
832 513 51 21 Man
898 513 77 21 återfår

143 541 85 21 skatten
243 542 34 20 för
293 541 94 27 bränvin,
403 548 45 14 som
464 543 129 26 exporteras,
609 542 39 21 och
663 542 77 20 sådant
753 542 95 26 bränvin,
860 548 45 14 som
918 542 56 20 brin-

144 576 39 14 ner
198 576 48 20 upp,
262 569 67 21 måste
345 570 34 20 väl
394 570 74 21 kunna
482 570 107 21 betraktas
605 570 70 21 såsom
691 570 143 27 exporteradt.

213 626 33 20 Hr
261 626 128 21 Renlund:
405 626 41 28 Jag
461 627 37 20 vill
513 627 54 21 blott
582 627 81 27 påpeka
679 628 31 20 att
725 626 127 28 stadgandet
867 627 6 19 i
893 628 6 19 3
912 633 62 14 mom.

144 654 22 21 af
185 655 26 20 15
228 655 12 26 8
256 654 7 21 i
278 655 139 21 förevarande
433 655 98 21 afseende
547 656 60 20 torde
623 662 51 14 vara
689 655 128 27 tillräckligt.
847 654 42 22 Det
903 655 71 26 lyder:

145 682 43 28 »På
208 683 103 27 nederlag
329 684 64 20 insatt
408 684 89 20 bränvin
513 686 62 25 utgör
590 684 122 27 underpant
727 684 33 20 för
774 684 89 20 skatten.
893 683 83 21 Under-

145 711 53 21 låter
218 712 122 20 tillvärkare
356 714 30 18 att
400 712 58 21 inom
473 712 35 20 två
523 712 24 20 år
561 712 54 21 efter
630 712 35 21 det
681 718 67 14 varan
764 712 69 20 blifvit
848 712 12 20 å
876 712 100 27 nederlag

144 740 66 20 insatt
224 740 71 21 betala
310 740 89 28 skatten,
414 747 38 21 ege
467 740 153 28 länestyrelsen
636 741 88 27 vidtaga
738 740 48 28 laga
796 740 73 28 åtgärd
880 747 34 14 om
924 746 52 21 pan-

145 770 47 19 tens
207 768 144 28 försäljning".

214 824 34 21 Hr
269 825 193 27 Neppenström:
482 825 41 21 För
537 826 46 20 min
599 826 34 21 del
648 826 39 21 har
702 826 36 27 jag
751 826 68 27 aldrig
833 826 47 20 hört
896 832 25 14 en
937 825 39 21 lik-

146 853 65 27 nelse,
227 853 66 21 sådan
309 860 45 14 som
370 854 25 20 hr
410 854 132 21 Rönnbäcks.
571 854 42 21 Det
628 856 23 19 är
667 854 56 21 dock
738 856 44 19 stor
792 854 84 21 skilnad
886 854 90 21 emellan

145 883 30 19 att
190 883 113 26 exportera
319 888 26 15 en
361 889 50 14 vara
427 883 50 21 eller
492 883 81 21 bränna
589 890 42 20 upp
647 883 48 21 den.

214 938 72 22 Sedan
309 939 147 22 diskussionen
479 939 50 22 härå
551 940 112 21 förklarats
691 939 99 27 afslutad,
806 939 121 21 framstälde
952 940 25 20 hr

145 967 124 21 talmannen
288 968 7 20 i
311 968 116 28 anledning
447 969 22 20 af
488 969 35 20 det
539 969 21 20 af
574 969 25 20 hr
614 969 158 27 Neppenström
788 968 75 21 väckta
877 968 99 27 förslaget

144 996 94 27 följande
254 997 281 27 omröstningsproposition:

215 1052 39 27 De,
271 1053 75 20 hvilka
360 1053 117 27 godkänna
492 1053 113 22 utskottets
621 1053 85 28 förslag
723 1053 35 21 till
774 1053 78 28 lydelse
868 1053 36 27 för
918 1055 15 24 $
948 1053 28 20 17

144 1080 153 28 oförändradt,
312 1083 60 19 rösta
382 1082 40 27 ja;
438 1082 31 26 de,
485 1082 34 21 det
533 1082 45 21 icke
592 1084 60 25 göra,
668 1083 62 20 rösta
745 1081 48 28 nej;

214 1109 81 21 vinner
309 1110 42 27 nej,
368 1110 42 21 har
426 1110 175 27 borgareståndet
617 1110 91 21 beslutit
723 1111 32 20 att
767 1110 139 27 paragrafen
920 1110 57 21 skall

144 1137 173 22 äterremitteras
333 1138 35 21 till
383 1139 101 20 utskottet
498 1139 9 20 i
522 1139 35 21 det
571 1139 57 28 syfte
643 1139 28 21 hr
681 1138 163 28 Neppenström
855 1138 119 28 föreslagit.

213 1195 164 27 Propositionen
392 1195 126 22 besvarades
534 1196 49 21 med
599 1195 158 28 öfvervägande
772 1196 27 26 ja,
815 1195 161 28 hvarigenom
961 1191 19 37 $

145 1223 26 20 17
188 1223 71 21 blifvit
275 1223 21 21 af
311 1223 84 22 ståndet
411 1224 98 27 godkänd
525 1224 7 20 i
547 1225 94 27 enlighet
655 1224 53 21 med
724 1224 113 21 utskottets
853 1224 83 27 förslag.

218 1279 121 29 Angående
355 1281 12 26 S
385 1281 26 20 18
426 1280 103 28 begärdes
545 1281 62 21 ordet
621 1281 23 20 af

216 1337 25 20 hr
263 1337 126 26 Jusélius,
411 1345 46 13 som
478 1337 93 28 yttrade:
602 1337 41 28 Jag
664 1337 88 21 fruktar
773 1339 31 18 att
819 1336 105 21 utskottet
939 1337 38 21 vid

144 1365 33 20 sin
193 1365 178 28 omformulering
391 1365 22 21 af
429 1365 66 22 andra
509 1369 118 18 momentet
641 1367 6 20 i
664 1365 74 22 denna
760 1365 94 28 paragraf
868 1365 47 28 gått
930 1365 47 21 litet

143 1392 36 21 för
194 1392 66 28 långt.
291 1393 83 21 Sådant
389 1397 116 18 momentet
522 1402 29 13 nu
567 1394 124 28 föreligger,
707 1369 91 56 innebär
813 1394 117 21 detsamma
945 1396 32 18 att

143 1422 124 21 restitution
283 1422 24 21 af
321 1422 236 28 tillvärkningsskatten
572 1423 35 21 för
617 1423 101 25 bränvin,
728 1422 84 22 hvilket
822 1422 109 21 användes
942 1422 35 21 för

143 1449 137 27 medicinskt,
302 1450 97 22 tekniskt
414 1452 51 20 eller
487 1454 66 18 annat
571 1451 70 29 dylikt
655 1450 77 27 behof,
747 1451 49 21 icke
811 1451 43 21 kan
870 1458 39 20 ega
924 1458 52 19 rum,

143 1478 50 21 med
216 1478 84 22 mindre
319 1480 27 20 än
362 1482 31 18 att
408 1480 114 21 bränvinet
537 1480 146 21 denatureras.
716 1479 35 21 En
765 1479 124 21 tillvärkare
905 1478 23 22 af
943 1478 34 22 så-

144 1506 43 21 dan
202 1507 122 21 medicinsk
341 1508 52 21 eller
407 1508 87 22 teknisk
509 1516 52 14 vara
576 1510 23 19 är
615 1508 86 22 således
717 1508 57 20 stäld
789 1508 79 21 mellan
877 1508 58 21 valet
945 1510 32 19 att
