<?xml version="1.0" encoding="UTF-8"?>
<alto xmlns="http://www.loc.gov/standards/alto/ns-v3#" xmlns:xlink="http://www.w3.org/1999/xlink" xmlns:xsi="http://www.w3.org/2001/XMLSchema-instance" xsi:schemaLocation="http://www.loc.gov/standards/alto/ns-v3# http://www.loc.gov/alto/v3/alto-3-0.xsd">
	<Description>
		<MeasurementUnit>pixel</MeasurementUnit>
		<sourceImageInformation>
			<fileName>/tmp/tess_zn557z6x_input.PNG</fileName>
		</sourceImageInformation>
		<OCRProcessing ID="OCR_0">
			<ocrProcessingStep>
				<processingSoftware>
					<softwareName>tesseract 5.3.4</softwareName>
				</processingSoftware>
			</ocrProcessingStep>
		</OCRProcessing>
	</Description>
	<Layout>
		<Page WIDTH="1017" HEIGHT="1731" PHYSICAL_IMG_NR="0" ID="page_0">
			<PrintSpace HPOS="0" VPOS="0" WIDTH="1017" HEIGHT="1731">
				<ComposedBlock ID="cblock_0" HPOS="282" VPOS="99" WIDTH="570" HEIGHT="26">
					<TextBlock ID="block_0" HPOS="282" VPOS="99" WIDTH="570" HEIGHT="26">
						<TextLine ID="line_0" HPOS="282" VPOS="99" WIDTH="570" HEIGHT="26">
							<String ID="string_0" HPOS="282" VPOS="103" WIDTH="180" HEIGHT="22" WC="0.91" CONTENT="Borgareståndet"/><SP WIDTH="12" VPOS="103" HPOS="462"/>
							<String ID="string_1" HPOS="474" VPOS="105" WIDTH="53" HEIGHT="16" WC="0.96" CONTENT="1891."/><SP WIDTH="24" VPOS="105" HPOS="527"/>
							<String ID="string_2" HPOS="551" VPOS="103" WIDTH="24" HEIGHT="18" WC="0.96" CONTENT="20"/><SP WIDTH="10" VPOS="103" HPOS="575"/>
							<String ID="string_3" HPOS="585" VPOS="104" WIDTH="49" HEIGHT="21" WC="0.96" CONTENT="maj."/><SP WIDTH="163" VPOS="104" HPOS="634"/>
							<String ID="string_4" HPOS="797" VPOS="99" WIDTH="55" HEIGHT="20" WC="0.96" CONTENT="1323"/>
						</TextLine>
					</TextBlock>
				</ComposedBlock>
				<GraphicalElement ID="cblock_1" HPOS="49" VPOS="135" WIDTH="825" HEIGHT="10"></GraphicalElement >
				<ComposedBlock ID="cblock_2" HPOS="43" VPOS="183" WIDTH="832" HEIGHT="113">
					<TextBlock ID="block_1" HPOS="46" VPOS="183" WIDTH="829" HEIGHT="56">
						<TextLine ID="line_1" HPOS="116" VPOS="183" WIDTH="759" HEIGHT="28">
							<String ID="string_5" HPOS="116" VPOS="183" WIDTH="39" HEIGHT="27" WC="0.95" CONTENT="De,"/><SP WIDTH="16" VPOS="183" HPOS="155"/>
							<String ID="string_6" HPOS="171" VPOS="184" WIDTH="74" HEIGHT="21" WC="0.95" CONTENT="hvilka"/><SP WIDTH="13" VPOS="184" HPOS="245"/>
							<String ID="string_7" HPOS="258" VPOS="184" WIDTH="119" HEIGHT="27" WC="0.92" CONTENT="godkänna"/><SP WIDTH="22" VPOS="184" HPOS="377"/>
							<String ID="string_8" HPOS="399" VPOS="183" WIDTH="114" HEIGHT="22" WC="0.84" CONTENT="utskottets"/><SP WIDTH="22" VPOS="183" HPOS="513"/>
							<String ID="string_9" HPOS="535" VPOS="183" WIDTH="84" HEIGHT="28" WC="0.96" CONTENT="förslag"/><SP WIDTH="16" VPOS="183" HPOS="619"/>
							<String ID="string_10" HPOS="635" VPOS="183" WIDTH="35" HEIGHT="21" WC="0.96" CONTENT="till"/><SP WIDTH="16" VPOS="183" HPOS="670"/>
							<String ID="string_11" HPOS="686" VPOS="183" WIDTH="79" HEIGHT="28" WC="0.96" CONTENT="lydelse"/><SP WIDTH="15" VPOS="183" HPOS="765"/>
							<String ID="string_12" HPOS="780" VPOS="183" WIDTH="36" HEIGHT="27" WC="0.93" CONTENT="för"/><SP WIDTH="14" VPOS="183" HPOS="816"/>
							<String ID="string_13" HPOS="830" VPOS="184" WIDTH="16" HEIGHT="27" WC="0.92" CONTENT="$"/><SP WIDTH="14" VPOS="184" HPOS="846"/>
							<String ID="string_14" HPOS="860" VPOS="185" WIDTH="15" HEIGHT="19" WC="0.96" CONTENT="4"/>
						</TextLine>
						<TextLine ID="line_2" HPOS="46" VPOS="211" WIDTH="646" HEIGHT="28">
							<String ID="string_15" HPOS="46" VPOS="212" WIDTH="150" HEIGHT="27" WC="0.92" CONTENT="oförändradt,"/><SP WIDTH="16" VPOS="212" HPOS="196"/>
							<String ID="string_16" HPOS="212" VPOS="214" WIDTH="60" HEIGHT="19" WC="0.96" CONTENT="rösta"/><SP WIDTH="9" VPOS="214" HPOS="272"/>
							<String ID="string_17" HPOS="281" VPOS="212" WIDTH="40" HEIGHT="27" WC="0.95" CONTENT="ja;"/><SP WIDTH="16" VPOS="212" HPOS="321"/>
							<String ID="string_18" HPOS="337" VPOS="212" WIDTH="31" HEIGHT="26" WC="0.96" CONTENT="de,"/><SP WIDTH="16" VPOS="212" HPOS="368"/>
							<String ID="string_19" HPOS="384" VPOS="211" WIDTH="37" HEIGHT="21" WC="0.96" CONTENT="det"/><SP WIDTH="12" VPOS="211" HPOS="421"/>
							<String ID="string_20" HPOS="433" VPOS="211" WIDTH="46" HEIGHT="22" WC="0.96" CONTENT="icke"/><SP WIDTH="13" VPOS="211" HPOS="479"/>
							<String ID="string_21" HPOS="492" VPOS="214" WIDTH="61" HEIGHT="25" WC="0.96" CONTENT="göra,"/><SP WIDTH="16" VPOS="214" HPOS="553"/>
							<String ID="string_22" HPOS="569" VPOS="213" WIDTH="60" HEIGHT="20" WC="0.96" CONTENT="rösta"/><SP WIDTH="15" VPOS="213" HPOS="629"/>
							<String ID="string_23" HPOS="644" VPOS="211" WIDTH="48" HEIGHT="28" WC="0.96" CONTENT="nej;"/>
						</TextLine>
					</TextBlock>
					<TextBlock ID="block_2" HPOS="43" VPOS="239" WIDTH="832" HEIGHT="57">
						<TextLine ID="line_3" HPOS="114" VPOS="239" WIDTH="761" HEIGHT="29">
							<String ID="string_24" HPOS="114" VPOS="241" WIDTH="80" HEIGHT="20" WC="0.95" CONTENT="vinner"/><SP WIDTH="14" VPOS="241" HPOS="194"/>
							<String ID="string_25" HPOS="208" VPOS="241" WIDTH="42" HEIGHT="27" WC="0.95" CONTENT="nej,"/><SP WIDTH="17" VPOS="241" HPOS="250"/>
							<String ID="string_26" HPOS="267" VPOS="241" WIDTH="42" HEIGHT="20" WC="0.93" CONTENT="har"/><SP WIDTH="15" VPOS="241" HPOS="309"/>
							<String ID="string_27" HPOS="324" VPOS="240" WIDTH="177" HEIGHT="27" WC="0.91" CONTENT="borgareståndet"/><SP WIDTH="15" VPOS="240" HPOS="501"/>
							<String ID="string_28" HPOS="516" VPOS="240" WIDTH="89" HEIGHT="21" WC="0.91" CONTENT="beslutit"/><SP WIDTH="14" VPOS="240" HPOS="605"/>
							<String ID="string_29" HPOS="619" VPOS="241" WIDTH="33" HEIGHT="20" WC="0.96" CONTENT="att"/><SP WIDTH="22" VPOS="241" HPOS="652"/>
							<String ID="string_30" HPOS="674" VPOS="241" WIDTH="7" HEIGHT="20" WC="0.96" CONTENT="4"/><SP WIDTH="14" VPOS="241" HPOS="681"/>
							<String ID="string_31" HPOS="695" VPOS="247" WIDTH="66" HEIGHT="14" WC="0.96" CONTENT="mom."/><SP WIDTH="17" VPOS="247" HPOS="761"/>
							<String ID="string_32" HPOS="778" VPOS="239" WIDTH="57" HEIGHT="22" WC="0.92" CONTENT="skall"/><SP WIDTH="11" VPOS="239" HPOS="835"/>
							<String ID="string_33" HPOS="846" VPOS="246" WIDTH="29" HEIGHT="14" WC="0.96" CONTENT="ur"/>
						</TextLine>
						<TextLine ID="line_4" HPOS="43" VPOS="268" WIDTH="211" HEIGHT="28">
							<String ID="string_34" HPOS="43" VPOS="268" WIDTH="138" HEIGHT="28" WC="0.95" CONTENT="paragrafen"/><SP WIDTH="14" VPOS="268" HPOS="181"/>
							<String ID="string_35" HPOS="195" VPOS="269" WIDTH="59" HEIGHT="27" WC="0.96" CONTENT="utgå."/>
						</TextLine>
					</TextBlock>
				</ComposedBlock>
				<ComposedBlock ID="cblock_3" HPOS="44" VPOS="324" WIDTH="830" HEIGHT="85">
					<TextBlock ID="block_3" HPOS="44" VPOS="324" WIDTH="830" HEIGHT="85">
						<TextLine ID="line_5" HPOS="115" VPOS="324" WIDTH="758" HEIGHT="28">
							<String ID="string_36" HPOS="115" VPOS="325" WIDTH="42" HEIGHT="20" WC="0.93" CONTENT="Vid"/><SP WIDTH="23" VPOS="325" HPOS="157"/>
							<String ID="string_37" HPOS="180" VPOS="325" WIDTH="81" HEIGHT="21" WC="0.89" CONTENT="anstäld"/><SP WIDTH="24" VPOS="325" HPOS="261"/>
							<String ID="string_38" HPOS="285" VPOS="325" WIDTH="97" HEIGHT="27" WC="0.93" CONTENT="votering"/><SP WIDTH="23" VPOS="325" HPOS="382"/>
							<String ID="string_39" HPOS="405" VPOS="324" WIDTH="96" HEIGHT="28" WC="0.90" CONTENT="afgåfvos"/><SP WIDTH="23" VPOS="324" HPOS="501"/>
							<String ID="string_40" HPOS="524" VPOS="325" WIDTH="27" HEIGHT="20" WC="0.95" CONTENT="15"/><SP WIDTH="22" VPOS="325" HPOS="551"/>
							<String ID="string_41" HPOS="573" VPOS="325" WIDTH="22" HEIGHT="27" WC="0.95" CONTENT="ja"/><SP WIDTH="14" VPOS="325" HPOS="595"/>
							<String ID="string_42" HPOS="609" VPOS="325" WIDTH="40" HEIGHT="21" WC="0.96" CONTENT="och"/><SP WIDTH="16" VPOS="325" HPOS="649"/>
							<String ID="string_43" HPOS="665" VPOS="326" WIDTH="26" HEIGHT="20" WC="0.96" CONTENT="37"/><SP WIDTH="16" VPOS="326" HPOS="691"/>
							<String ID="string_44" HPOS="707" VPOS="325" WIDTH="42" HEIGHT="27" WC="0.96" CONTENT="nej,"/><SP WIDTH="16" VPOS="325" HPOS="749"/>
							<String ID="string_45" HPOS="765" VPOS="325" WIDTH="38" HEIGHT="21" WC="0.96" CONTENT="och"/><SP WIDTH="16" VPOS="325" HPOS="803"/>
							<String ID="string_46" HPOS="819" VPOS="325" WIDTH="54" HEIGHT="20" WC="0.95" CONTENT="hade"/>
						</TextLine>
						<TextLine ID="line_6" HPOS="44" VPOS="353" WIDTH="830" HEIGHT="27">
							<String ID="string_47" HPOS="44" VPOS="353" WIDTH="85" HEIGHT="22" WC="0.96" CONTENT="ståndet"/><SP WIDTH="22" VPOS="353" HPOS="129"/>
							<String ID="string_48" HPOS="151" VPOS="353" WIDTH="88" HEIGHT="27" WC="0.96" CONTENT="således,"/><SP WIDTH="23" VPOS="353" HPOS="239"/>
							<String ID="string_49" HPOS="262" VPOS="354" WIDTH="5" HEIGHT="20" WC="0.96" CONTENT="i"/><SP WIDTH="24" VPOS="354" HPOS="267"/>
							<String ID="string_50" HPOS="291" VPOS="353" WIDTH="94" HEIGHT="27" WC="0.96" CONTENT="enlighet"/><SP WIDTH="20" VPOS="353" HPOS="385"/>
							<String ID="string_51" HPOS="405" VPOS="353" WIDTH="50" HEIGHT="21" WC="0.96" CONTENT="med"/><SP WIDTH="15" VPOS="353" HPOS="455"/>
							<String ID="string_52" HPOS="470" VPOS="353" WIDTH="26" HEIGHT="21" WC="0.93" CONTENT="hr"/><SP WIDTH="14" VPOS="353" HPOS="496"/>
							<String ID="string_53" HPOS="510" VPOS="353" WIDTH="128" HEIGHT="22" WC="0.92" CONTENT="Rönnbäcks"/><SP WIDTH="14" VPOS="353" HPOS="638"/>
							<String ID="string_54" HPOS="652" VPOS="353" WIDTH="8" HEIGHT="20" WC="0.96" CONTENT="i"/><SP WIDTH="15" VPOS="353" HPOS="660"/>
							<String ID="string_55" HPOS="675" VPOS="354" WIDTH="53" HEIGHT="20" WC="0.96" CONTENT="hans"/><SP WIDTH="15" VPOS="354" HPOS="728"/>
							<String ID="string_56" HPOS="743" VPOS="353" WIDTH="131" HEIGHT="22" WC="0.96" CONTENT="reservation"/>
						</TextLine>
						<TextLine ID="line_7" HPOS="45" VPOS="381" WIDTH="654" HEIGHT="28">
							<String ID="string_57" HPOS="45" VPOS="382" WIDTH="75" HEIGHT="27" WC="0.95" CONTENT="gjorda"/><SP WIDTH="14" VPOS="382" HPOS="120"/>
							<String ID="string_58" HPOS="134" VPOS="382" WIDTH="84" HEIGHT="27" WC="0.93" CONTENT="förslag,"/><SP WIDTH="14" VPOS="382" HPOS="218"/>
							<String ID="string_59" HPOS="232" VPOS="382" WIDTH="87" HEIGHT="21" WC="0.93" CONTENT="beslutit"/><SP WIDTH="15" VPOS="382" HPOS="319"/>
							<String ID="string_60" HPOS="334" VPOS="383" WIDTH="30" HEIGHT="19" WC="0.96" CONTENT="att"/><SP WIDTH="15" VPOS="383" HPOS="364"/>
							<String ID="string_61" HPOS="379" VPOS="381" WIDTH="48" HEIGHT="21" WC="0.93" CONTENT="från"/><SP WIDTH="16" VPOS="381" HPOS="427"/>
							<String ID="string_62" HPOS="443" VPOS="381" WIDTH="12" HEIGHT="27" WC="0.86" CONTENT="$"/><SP WIDTH="16" VPOS="381" HPOS="455"/>
							<String ID="string_63" HPOS="471" VPOS="383" WIDTH="14" HEIGHT="19" WC="0.95" CONTENT="4"/><SP WIDTH="15" VPOS="383" HPOS="485"/>
							<String ID="string_64" HPOS="500" VPOS="381" WIDTH="93" HEIGHT="22" WC="0.95" CONTENT="utesluta"/><SP WIDTH="14" VPOS="381" HPOS="593"/>
							<String ID="string_65" HPOS="607" VPOS="383" WIDTH="15" HEIGHT="20" WC="0.96" CONTENT="4"/><SP WIDTH="15" VPOS="383" HPOS="622"/>
							<String ID="string_66" HPOS="637" VPOS="388" WIDTH="62" HEIGHT="15" WC="0.96" CONTENT="mom."/>
						</TextLine>
					</TextBlock>
				</ComposedBlock>
				<ComposedBlock ID="cblock_4" HPOS="114" VPOS="438" WIDTH="329" HEIGHT="27">
					<TextBlock ID="block_4" HPOS="114" VPOS="438" WIDTH="329" HEIGHT="27">
						<TextLine ID="line_8" HPOS="114" VPOS="438" WIDTH="329" HEIGHT="27">
							<String ID="string_67" HPOS="114" VPOS="439" WIDTH="171" HEIGHT="20" WC="0.92" CONTENT="Vidkommande"/><SP WIDTH="16" VPOS="439" HPOS="285"/>
							<String ID="string_68" HPOS="301" VPOS="439" WIDTH="12" HEIGHT="26" WC="0.92" CONTENT="$"/><SP WIDTH="17" VPOS="439" HPOS="313"/>
							<String ID="string_69" HPOS="330" VPOS="439" WIDTH="12" HEIGHT="20" WC="0.95" CONTENT="5"/><SP WIDTH="15" VPOS="439" HPOS="342"/>
							<String ID="string_70" HPOS="357" VPOS="438" WIDTH="86" HEIGHT="27" WC="0.96" CONTENT="yttrade"/>
						</TextLine>
					</TextBlock>
				</ComposedBlock>
				<ComposedBlock ID="cblock_5" HPOS="44" VPOS="495" WIDTH="830" HEIGHT="142">
					<TextBlock ID="block_5" HPOS="44" VPOS="495" WIDTH="830" HEIGHT="142">
						<TextLine ID="line_9" HPOS="114" VPOS="495" WIDTH="760" HEIGHT="28">
							<String ID="string_71" HPOS="114" VPOS="495" WIDTH="26" HEIGHT="21" WC="0.96" CONTENT="hr"/><SP WIDTH="14" VPOS="495" HPOS="140"/>
							<String ID="string_72" HPOS="154" VPOS="495" WIDTH="113" HEIGHT="28" WC="0.96" CONTENT="Nyberg:"/><SP WIDTH="26" VPOS="495" HPOS="267"/>
							<String ID="string_73" HPOS="293" VPOS="495" WIDTH="40" HEIGHT="21" WC="0.96" CONTENT="Om"/><SP WIDTH="16" VPOS="495" HPOS="333"/>
							<String ID="string_74" HPOS="349" VPOS="495" WIDTH="36" HEIGHT="28" WC="0.96" CONTENT="jag"/><SP WIDTH="14" VPOS="495" HPOS="385"/>
							<String ID="string_75" HPOS="399" VPOS="502" WIDTH="40" HEIGHT="14" WC="0.96" CONTENT="var"/><SP WIDTH="14" VPOS="502" HPOS="439"/>
							<String ID="string_76" HPOS="453" VPOS="497" WIDTH="58" HEIGHT="20" WC="0.96" CONTENT="emot"/><SP WIDTH="15" VPOS="497" HPOS="511"/>
							<String ID="string_77" HPOS="526" VPOS="497" WIDTH="30" HEIGHT="20" WC="0.96" CONTENT="att"/><SP WIDTH="14" VPOS="497" HPOS="556"/>
							<String ID="string_78" HPOS="570" VPOS="495" WIDTH="95" HEIGHT="22" WC="0.95" CONTENT="tillstånd"/><SP WIDTH="16" VPOS="495" HPOS="665"/>
							<String ID="string_79" HPOS="681" VPOS="496" WIDTH="31" HEIGHT="21" WC="0.93" CONTENT="till"/><SP WIDTH="15" VPOS="496" HPOS="712"/>
							<String ID="string_80" HPOS="727" VPOS="495" WIDTH="147" HEIGHT="28" WC="0.92" CONTENT="ölförsäljning"/>
						</TextLine>
						<TextLine ID="line_10" HPOS="46" VPOS="524" WIDTH="828" HEIGHT="28">
							<String ID="string_81" HPOS="46" VPOS="524" WIDTH="68" HEIGHT="21" WC="0.96" CONTENT="skulle"/><SP WIDTH="22" VPOS="524" HPOS="114"/>
							<String ID="string_82" HPOS="136" VPOS="524" WIDTH="108" HEIGHT="21" WC="0.96" CONTENT="meddelas"/><SP WIDTH="23" VPOS="524" HPOS="244"/>
							<String ID="string_83" HPOS="267" VPOS="524" WIDTH="74" HEIGHT="21" WC="0.96" CONTENT="endast"/><SP WIDTH="21" VPOS="524" HPOS="341"/>
							<String ID="string_84" HPOS="362" VPOS="524" WIDTH="33" HEIGHT="21" WC="0.97" CONTENT="för"/><SP WIDTH="22" VPOS="524" HPOS="395"/>
							<String ID="string_85" HPOS="417" VPOS="524" WIDTH="37" HEIGHT="21" WC="0.96" CONTENT="två"/><SP WIDTH="27" VPOS="524" HPOS="454"/>
							<String ID="string_86" HPOS="481" VPOS="524" WIDTH="24" HEIGHT="21" WC="0.88" CONTENT="år"/><SP WIDTH="14" VPOS="524" HPOS="505"/>
							<String ID="string_87" HPOS="519" VPOS="525" WIDTH="8" HEIGHT="20" WC="0.96" CONTENT="i"/><SP WIDTH="6" VPOS="525" HPOS="527"/>
							<String ID="string_88" HPOS="533" VPOS="524" WIDTH="90" HEIGHT="27" WC="0.94" CONTENT="sänder,"/><SP WIDTH="16" VPOS="524" HPOS="623"/>
							<String ID="string_89" HPOS="639" VPOS="524" WIDTH="24" HEIGHT="21" WC="0.96" CONTENT="så"/><SP WIDTH="14" VPOS="524" HPOS="663"/>
							<String ID="string_90" HPOS="677" VPOS="526" WIDTH="23" HEIGHT="19" WC="0.96" CONTENT="är"/><SP WIDTH="14" VPOS="526" HPOS="700"/>
							<String ID="string_91" HPOS="714" VPOS="525" WIDTH="35" HEIGHT="27" WC="0.96" CONTENT="jag"/><SP WIDTH="16" VPOS="525" HPOS="749"/>
							<String ID="string_92" HPOS="765" VPOS="524" WIDTH="36" HEIGHT="22" WC="0.96" CONTENT="det"/><SP WIDTH="14" VPOS="524" HPOS="801"/>
							<String ID="string_93" HPOS="815" VPOS="526" WIDTH="59" HEIGHT="19" WC="0.95" CONTENT="ännu"/>
						</TextLine>
						<TextLine ID="line_11" HPOS="45" VPOS="552" WIDTH="828" HEIGHT="28">
							<String ID="string_94" HPOS="45" VPOS="558" WIDTH="45" HEIGHT="15" WC="0.96" CONTENT="mer"/><SP WIDTH="15" VPOS="558" HPOS="90"/>
							<String ID="string_95" HPOS="105" VPOS="552" WIDTH="56" HEIGHT="21" WC="0.96" CONTENT="hvad"/><SP WIDTH="15" VPOS="552" HPOS="161"/>
							<String ID="string_96" HPOS="176" VPOS="552" WIDTH="70" HEIGHT="22" WC="0.96" CONTENT="denna"/><SP WIDTH="14" VPOS="552" HPOS="246"/>
							<String ID="string_97" HPOS="260" VPOS="552" WIDTH="125" HEIGHT="28" WC="0.96" CONTENT="förordning"/><SP WIDTH="14" VPOS="552" HPOS="385"/>
							<String ID="string_98" HPOS="399" VPOS="552" WIDTH="106" HEIGHT="28" WC="0.91" CONTENT="beträffar,"/><SP WIDTH="15" VPOS="552" HPOS="505"/>
							<String ID="string_99" HPOS="520" VPOS="554" WIDTH="40" HEIGHT="20" WC="0.96" CONTENT="och"/><SP WIDTH="15" VPOS="554" HPOS="560"/>
							<String ID="string_100" HPOS="575" VPOS="553" WIDTH="68" HEIGHT="21" WC="0.97" CONTENT="skulle"/><SP WIDTH="15" VPOS="553" HPOS="643"/>
							<String ID="string_101" HPOS="658" VPOS="553" WIDTH="36" HEIGHT="27" WC="0.96" CONTENT="jag"/><SP WIDTH="15" VPOS="553" HPOS="694"/>
							<String ID="string_102" HPOS="709" VPOS="560" WIDTH="50" HEIGHT="14" WC="0.96" CONTENT="anse"/><SP WIDTH="16" VPOS="560" HPOS="759"/>
							<String ID="string_103" HPOS="775" VPOS="554" WIDTH="30" HEIGHT="20" WC="0.96" CONTENT="att"/><SP WIDTH="10" VPOS="554" HPOS="805"/>
							<String ID="string_104" HPOS="815" VPOS="552" WIDTH="58" HEIGHT="22" WC="0.96" CONTENT="tiden"/>
						</TextLine>
						<TextLine ID="line_12" HPOS="45" VPOS="581" WIDTH="829" HEIGHT="28">
							<String ID="string_105" HPOS="45" VPOS="581" WIDTH="109" HEIGHT="27" WC="0.95" CONTENT="härvidlag"/><SP WIDTH="14" VPOS="581" HPOS="154"/>
							<String ID="string_106" HPOS="168" VPOS="581" WIDTH="72" HEIGHT="21" WC="0.96" CONTENT="kunde"/><SP WIDTH="15" VPOS="581" HPOS="240"/>
							<String ID="string_107" HPOS="255" VPOS="588" WIDTH="51" HEIGHT="14" WC="0.96" CONTENT="vara"/><SP WIDTH="15" VPOS="588" HPOS="306"/>
							<String ID="string_108" HPOS="321" VPOS="581" WIDTH="139" HEIGHT="27" WC="0.96" CONTENT="obegränsad."/><SP WIDTH="30" VPOS="581" HPOS="460"/>
							<String ID="string_109" HPOS="490" VPOS="581" WIDTH="42" HEIGHT="28" WC="0.96" CONTENT="Jag"/><SP WIDTH="15" VPOS="581" HPOS="532"/>
							<String ID="string_110" HPOS="547" VPOS="582" WIDTH="68" HEIGHT="20" WC="0.96" CONTENT="skulle"/><SP WIDTH="16" VPOS="582" HPOS="615"/>
							<String ID="string_111" HPOS="631" VPOS="581" WIDTH="71" HEIGHT="21" WC="0.96" CONTENT="därför"/><SP WIDTH="6" VPOS="581" HPOS="702"/>
							<String ID="string_112" HPOS="708" VPOS="581" WIDTH="78" HEIGHT="21" WC="0.95" CONTENT="föreslå"/><SP WIDTH="10" VPOS="581" HPOS="786"/>
							<String ID="string_113" HPOS="796" VPOS="583" WIDTH="30" HEIGHT="19" WC="0.93" CONTENT="att"/><SP WIDTH="11" VPOS="583" HPOS="826"/>
							<String ID="string_114" HPOS="837" VPOS="588" WIDTH="37" HEIGHT="20" WC="0.90" CONTENT="pa-"/>
						</TextLine>
						<TextLine ID="line_13" HPOS="44" VPOS="609" WIDTH="239" HEIGHT="28">
							<String ID="string_115" HPOS="44" VPOS="609" WIDTH="98" HEIGHT="28" WC="0.90" CONTENT="ragrafen"/><SP WIDTH="15" VPOS="609" HPOS="142"/>
							<String ID="string_116" HPOS="157" VPOS="609" WIDTH="55" HEIGHT="28" WC="0.96" CONTENT="finge"/><SP WIDTH="16" VPOS="609" HPOS="212"/>
							<String ID="string_117" HPOS="228" VPOS="610" WIDTH="55" HEIGHT="27" WC="0.95" CONTENT="utgå."/>
						</TextLine>
					</TextBlock>
				</ComposedBlock>
				<ComposedBlock ID="cblock_6" HPOS="44" VPOS="665" WIDTH="828" HEIGHT="85">
					<TextBlock ID="block_6" HPOS="44" VPOS="665" WIDTH="828" HEIGHT="85">
						<TextLine ID="line_14" HPOS="113" VPOS="665" WIDTH="759" HEIGHT="28">
							<String ID="string_118" HPOS="113" VPOS="665" WIDTH="155" HEIGHT="22" WC="0.93" CONTENT="Diskussionen"/><SP WIDTH="21" VPOS="665" HPOS="268"/>
							<String ID="string_119" HPOS="289" VPOS="666" WIDTH="125" HEIGHT="22" WC="0.90" CONTENT="afstannade"/><SP WIDTH="23" VPOS="666" HPOS="414"/>
							<String ID="string_120" HPOS="437" VPOS="666" WIDTH="94" HEIGHT="27" WC="0.93" CONTENT="härmed,"/><SP WIDTH="21" VPOS="666" HPOS="531"/>
							<String ID="string_121" HPOS="552" VPOS="666" WIDTH="66" HEIGHT="21" WC="0.92" CONTENT="hvarå"/><SP WIDTH="16" VPOS="666" HPOS="618"/>
							<String ID="string_122" HPOS="634" VPOS="667" WIDTH="25" HEIGHT="20" WC="0.96" CONTENT="hr"/><SP WIDTH="14" VPOS="667" HPOS="659"/>
							<String ID="string_123" HPOS="673" VPOS="666" WIDTH="126" HEIGHT="22" WC="0.96" CONTENT="talmannen"/><SP WIDTH="14" VPOS="666" HPOS="799"/>
							<String ID="string_124" HPOS="813" VPOS="666" WIDTH="7" HEIGHT="20" WC="0.93" CONTENT="i"/><SP WIDTH="16" VPOS="666" HPOS="820"/>
							<String ID="string_125" HPOS="836" VPOS="672" WIDTH="36" HEIGHT="14" WC="0.89" CONTENT="an-"/>
						</TextLine>
						<TextLine ID="line_15" HPOS="45" VPOS="694" WIDTH="827" HEIGHT="28">
							<String ID="string_126" HPOS="45" VPOS="694" WIDTH="87" HEIGHT="28" WC="0.96" CONTENT="ledning"/><SP WIDTH="15" VPOS="694" HPOS="132"/>
							<String ID="string_127" HPOS="147" VPOS="694" WIDTH="21" HEIGHT="21" WC="0.95" CONTENT="af"/><SP WIDTH="14" VPOS="694" HPOS="168"/>
							<String ID="string_128" HPOS="182" VPOS="695" WIDTH="26" HEIGHT="20" WC="0.97" CONTENT="hr"/><SP WIDTH="14" VPOS="695" HPOS="208"/>
							<String ID="string_129" HPOS="222" VPOS="695" WIDTH="97" HEIGHT="27" WC="0.96" CONTENT="Nybergs"/><SP WIDTH="16" VPOS="695" HPOS="319"/>
							<String ID="string_130" HPOS="335" VPOS="694" WIDTH="78" HEIGHT="28" WC="0.93" CONTENT="förslag"/><SP WIDTH="22" VPOS="694" HPOS="413"/>
							<String ID="string_131" HPOS="435" VPOS="695" WIDTH="123" HEIGHT="21" WC="0.91" CONTENT="framstälde"/><SP WIDTH="15" VPOS="695" HPOS="558"/>
							<String ID="string_132" HPOS="573" VPOS="695" WIDTH="93" HEIGHT="27" WC="0.93" CONTENT="följande"/><SP WIDTH="16" VPOS="695" HPOS="666"/>
							<String ID="string_133" HPOS="682" VPOS="695" WIDTH="190" HEIGHT="27" WC="0.91" CONTENT="omröstningspro-"/>
						</TextLine>
						<TextLine ID="line_16" HPOS="44" VPOS="722" WIDTH="102" HEIGHT="28">
							<String ID="string_134" HPOS="44" VPOS="722" WIDTH="102" HEIGHT="28" WC="0.75" CONTENT="position:"/>
						</TextLine>
					</TextBlock>
				</ComposedBlock>
				<ComposedBlock ID="cblock_7" HPOS="42" VPOS="778" WIDTH="830" HEIGHT="114">
					<TextBlock ID="block_7" HPOS="44" VPOS="778" WIDTH="828" HEIGHT="58">
						<TextLine ID="line_17" HPOS="113" VPOS="778" WIDTH="759" HEIGHT="30">
							<String ID="string_135" HPOS="113" VPOS="779" WIDTH="39" HEIGHT="27" WC="0.96" CONTENT="De,"/><SP WIDTH="17" VPOS="779" HPOS="152"/>
							<String ID="string_136" HPOS="169" VPOS="779" WIDTH="74" HEIGHT="21" WC="0.96" CONTENT="hvilka"/><SP WIDTH="13" VPOS="779" HPOS="243"/>
							<String ID="string_137" HPOS="256" VPOS="780" WIDTH="117" HEIGHT="27" WC="0.96" CONTENT="godkänna"/><SP WIDTH="22" VPOS="780" HPOS="373"/>
							<String ID="string_138" HPOS="395" VPOS="780" WIDTH="115" HEIGHT="21" WC="0.93" CONTENT="utskottets"/><SP WIDTH="22" VPOS="780" HPOS="510"/>
							<String ID="string_139" HPOS="532" VPOS="780" WIDTH="83" HEIGHT="27" WC="0.96" CONTENT="förslag"/><SP WIDTH="17" VPOS="780" HPOS="615"/>
							<String ID="string_140" HPOS="632" VPOS="780" WIDTH="35" HEIGHT="20" WC="0.96" CONTENT="till"/><SP WIDTH="15" VPOS="780" HPOS="667"/>
							<String ID="string_141" HPOS="682" VPOS="780" WIDTH="78" HEIGHT="28" WC="0.96" CONTENT="lydelse"/><SP WIDTH="15" VPOS="780" HPOS="760"/>
							<String ID="string_142" HPOS="775" VPOS="778" WIDTH="37" HEIGHT="28" WC="0.93" CONTENT="för"/><SP WIDTH="14" VPOS="778" HPOS="812"/>
							<String ID="string_143" HPOS="826" VPOS="780" WIDTH="15" HEIGHT="25" WC="0.92" CONTENT="$"/><SP WIDTH="17" VPOS="780" HPOS="841"/>
							<String ID="string_144" HPOS="858" VPOS="780" WIDTH="14" HEIGHT="20" WC="0.95" CONTENT="5"/>
						</TextLine>
						<TextLine ID="line_18" HPOS="44" VPOS="807" WIDTH="649" HEIGHT="29">
							<String ID="string_145" HPOS="44" VPOS="807" WIDTH="150" HEIGHT="27" WC="0.90" CONTENT="oförändradt,"/><SP WIDTH="16" VPOS="807" HPOS="194"/>
							<String ID="string_146" HPOS="210" VPOS="810" WIDTH="60" HEIGHT="19" WC="0.96" CONTENT="rösta"/><SP WIDTH="9" VPOS="810" HPOS="270"/>
							<String ID="string_147" HPOS="279" VPOS="808" WIDTH="40" HEIGHT="28" WC="0.96" CONTENT="ja;"/><SP WIDTH="16" VPOS="808" HPOS="319"/>
							<String ID="string_148" HPOS="335" VPOS="808" WIDTH="31" HEIGHT="27" WC="0.96" CONTENT="de,"/><SP WIDTH="17" VPOS="808" HPOS="366"/>
							<String ID="string_149" HPOS="383" VPOS="808" WIDTH="35" HEIGHT="21" WC="0.96" CONTENT="det"/><SP WIDTH="14" VPOS="808" HPOS="418"/>
							<String ID="string_150" HPOS="432" VPOS="808" WIDTH="47" HEIGHT="22" WC="0.96" CONTENT="icke"/><SP WIDTH="13" VPOS="808" HPOS="479"/>
							<String ID="string_151" HPOS="492" VPOS="810" WIDTH="61" HEIGHT="26" WC="0.96" CONTENT="göra,"/><SP WIDTH="15" VPOS="810" HPOS="553"/>
							<String ID="string_152" HPOS="568" VPOS="810" WIDTH="61" HEIGHT="19" WC="0.96" CONTENT="rösta"/><SP WIDTH="14" VPOS="810" HPOS="629"/>
							<String ID="string_153" HPOS="643" VPOS="808" WIDTH="50" HEIGHT="28" WC="0.87" CONTENT="nej;"/>
						</TextLine>
					</TextBlock>
					<TextBlock ID="block_8" HPOS="42" VPOS="835" WIDTH="830" HEIGHT="57">
						<TextLine ID="line_19" HPOS="112" VPOS="835" WIDTH="760" HEIGHT="29">
							<String ID="string_154" HPOS="112" VPOS="836" WIDTH="81" HEIGHT="21" WC="0.96" CONTENT="vinner"/><SP WIDTH="21" VPOS="836" HPOS="193"/>
							<String ID="string_155" HPOS="214" VPOS="837" WIDTH="42" HEIGHT="27" WC="0.95" CONTENT="nej,"/><SP WIDTH="22" VPOS="837" HPOS="256"/>
							<String ID="string_156" HPOS="278" VPOS="837" WIDTH="41" HEIGHT="21" WC="0.93" CONTENT="har"/><SP WIDTH="23" VPOS="837" HPOS="319"/>
							<String ID="string_157" HPOS="342" VPOS="836" WIDTH="179" HEIGHT="28" WC="0.91" CONTENT="borgareståndet"/><SP WIDTH="15" VPOS="836" HPOS="521"/>
							<String ID="string_158" HPOS="536" VPOS="836" WIDTH="89" HEIGHT="22" WC="0.91" CONTENT="beslutit"/><SP WIDTH="14" VPOS="836" HPOS="625"/>
							<String ID="string_159" HPOS="639" VPOS="838" WIDTH="33" HEIGHT="19" WC="0.93" CONTENT="att"/><SP WIDTH="14" VPOS="838" HPOS="672"/>
							<String ID="string_160" HPOS="686" VPOS="836" WIDTH="15" HEIGHT="28" WC="0.91" CONTENT="$"/><SP WIDTH="17" VPOS="836" HPOS="701"/>
							<String ID="string_161" HPOS="718" VPOS="837" WIDTH="15" HEIGHT="20" WC="0.94" CONTENT="5"/><SP WIDTH="14" VPOS="837" HPOS="733"/>
							<String ID="string_162" HPOS="747" VPOS="836" WIDTH="57" HEIGHT="20" WC="0.96" CONTENT="skall"/><SP WIDTH="14" VPOS="836" HPOS="804"/>
							<String ID="string_163" HPOS="818" VPOS="835" WIDTH="54" HEIGHT="28" WC="0.96" CONTENT="från"/>
						</TextLine>
						<TextLine ID="line_20" HPOS="42" VPOS="864" WIDTH="379" HEIGHT="28">
							<String ID="string_164" HPOS="42" VPOS="864" WIDTH="252" HEIGHT="28" WC="0.91" CONTENT="författningsförslaget"/><SP WIDTH="13" VPOS="864" HPOS="294"/>
							<String ID="string_165" HPOS="307" VPOS="865" WIDTH="114" HEIGHT="21" WC="0.96" CONTENT="uteslutas."/>
						</TextLine>
					</TextBlock>
				</ComposedBlock>
				<ComposedBlock ID="cblock_8" HPOS="44" VPOS="920" WIDTH="827" HEIGHT="58">
					<TextBlock ID="block_9" HPOS="44" VPOS="920" WIDTH="827" HEIGHT="58">
						<TextLine ID="line_21" HPOS="110" VPOS="920" WIDTH="761" HEIGHT="29">
							<String ID="string_166" HPOS="110" VPOS="920" WIDTH="34" HEIGHT="22" WC="0.96" CONTENT="Då"/><SP WIDTH="21" VPOS="920" HPOS="144"/>
							<String ID="string_167" HPOS="165" VPOS="922" WIDTH="158" HEIGHT="27" WC="0.95" CONTENT="propositionen"/><SP WIDTH="20" VPOS="922" HPOS="323"/>
							<String ID="string_168" HPOS="343" VPOS="922" WIDTH="130" HEIGHT="21" WC="0.96" CONTENT="besvarades"/><SP WIDTH="14" VPOS="922" HPOS="473"/>
							<String ID="string_169" HPOS="487" VPOS="922" WIDTH="50" HEIGHT="21" WC="0.92" CONTENT="med"/><SP WIDTH="16" VPOS="922" HPOS="537"/>
							<String ID="string_170" HPOS="553" VPOS="922" WIDTH="155" HEIGHT="27" WC="0.91" CONTENT="öfvervägande"/><SP WIDTH="14" VPOS="922" HPOS="708"/>
							<String ID="string_171" HPOS="722" VPOS="922" WIDTH="27" HEIGHT="27" WC="0.96" CONTENT="ja,"/><SP WIDTH="17" VPOS="922" HPOS="749"/>
							<String ID="string_172" HPOS="766" VPOS="928" WIDTH="37" HEIGHT="14" WC="0.93" CONTENT="var"/><SP WIDTH="15" VPOS="928" HPOS="803"/>
							<String ID="string_173" HPOS="818" VPOS="920" WIDTH="53" HEIGHT="22" WC="0.92" CONTENT="såle-"/>
						</TextLine>
						<TextLine ID="line_22" HPOS="44" VPOS="949" WIDTH="631" HEIGHT="29">
							<String ID="string_174" HPOS="44" VPOS="949" WIDTH="37" HEIGHT="22" WC="0.96" CONTENT="des"/><SP WIDTH="16" VPOS="949" HPOS="81"/>
							<String ID="string_175" HPOS="97" VPOS="949" WIDTH="12" HEIGHT="27" WC="0.63" CONTENT="8"/><SP WIDTH="17" VPOS="949" HPOS="109"/>
							<String ID="string_176" HPOS="126" VPOS="951" WIDTH="12" HEIGHT="20" WC="0.96" CONTENT="5"/><SP WIDTH="15" VPOS="951" HPOS="138"/>
							<String ID="string_177" HPOS="153" VPOS="950" WIDTH="98" HEIGHT="27" WC="0.95" CONTENT="godkänd"/><SP WIDTH="16" VPOS="950" HPOS="251"/>
							<String ID="string_178" HPOS="267" VPOS="951" WIDTH="7" HEIGHT="20" WC="0.96" CONTENT="i"/><SP WIDTH="15" VPOS="951" HPOS="274"/>
							<String ID="string_179" HPOS="289" VPOS="951" WIDTH="94" HEIGHT="27" WC="0.96" CONTENT="enlighet"/><SP WIDTH="14" VPOS="951" HPOS="383"/>
							<String ID="string_180" HPOS="397" VPOS="951" WIDTH="52" HEIGHT="20" WC="0.96" CONTENT="med"/><SP WIDTH="16" VPOS="951" HPOS="449"/>
							<String ID="string_181" HPOS="465" VPOS="951" WIDTH="112" HEIGHT="21" WC="0.96" CONTENT="utskottets"/><SP WIDTH="15" VPOS="951" HPOS="577"/>
							<String ID="string_182" HPOS="592" VPOS="951" WIDTH="83" HEIGHT="26" WC="0.96" CONTENT="förslag."/>
						</TextLine>
					</TextBlock>
				</ComposedBlock>
				<ComposedBlock ID="cblock_9" HPOS="110" VPOS="1006" WIDTH="253" HEIGHT="28">
					<TextBlock ID="block_10" HPOS="110" VPOS="1006" WIDTH="253" HEIGHT="28">
						<TextLine ID="line_23" HPOS="110" VPOS="1006" WIDTH="253" HEIGHT="28">
							<String ID="string_183" HPOS="110" VPOS="1006" WIDTH="98" HEIGHT="22" WC="0.93" CONTENT="Rörande"/><SP WIDTH="16" VPOS="1006" HPOS="208"/>
							<String ID="string_184" HPOS="224" VPOS="1007" WIDTH="12" HEIGHT="27" WC="0.88" CONTENT="$"/><SP WIDTH="16" VPOS="1007" HPOS="236"/>
							<String ID="string_185" HPOS="252" VPOS="1007" WIDTH="13" HEIGHT="20" WC="0.95" CONTENT="6"/><SP WIDTH="16" VPOS="1007" HPOS="265"/>
							<String ID="string_186" HPOS="281" VPOS="1007" WIDTH="82" HEIGHT="26" WC="0.96" CONTENT="yttrade"/>
						</TextLine>
					</TextBlock>
				</ComposedBlock>
				<ComposedBlock ID="cblock_10" HPOS="40" VPOS="1062" WIDTH="831" HEIGHT="143">
					<TextBlock ID="block_11" HPOS="40" VPOS="1062" WIDTH="831" HEIGHT="143">
						<TextLine ID="line_24" HPOS="109" VPOS="1062" WIDTH="762" HEIGHT="28">
							<String ID="string_187" HPOS="109" VPOS="1063" WIDTH="26" HEIGHT="20" WC="0.93" CONTENT="hr"/><SP WIDTH="21" VPOS="1063" HPOS="135"/>
							<String ID="string_188" HPOS="156" VPOS="1063" WIDTH="137" HEIGHT="22" WC="0.90" CONTENT="Jusélius:"/><SP WIDTH="30" VPOS="1063" HPOS="293"/>
							<String ID="string_189" HPOS="323" VPOS="1063" WIDTH="11" HEIGHT="21" WC="0.93" CONTENT="I"/><SP WIDTH="22" VPOS="1063" HPOS="334"/>
							<String ID="string_190" HPOS="356" VPOS="1064" WIDTH="222" HEIGHT="21" WC="0.91" CONTENT="öfverensstämmelse"/><SP WIDTH="18" VPOS="1064" HPOS="578"/>
							<String ID="string_191" HPOS="596" VPOS="1064" WIDTH="49" HEIGHT="21" WC="0.96" CONTENT="med"/><SP WIDTH="15" VPOS="1064" HPOS="645"/>
							<String ID="string_192" HPOS="660" VPOS="1064" WIDTH="48" HEIGHT="21" WC="0.96" CONTENT="mitt"/><SP WIDTH="14" VPOS="1064" HPOS="708"/>
							<String ID="string_193" HPOS="722" VPOS="1063" WIDTH="97" HEIGHT="27" WC="0.96" CONTENT="yrkande"/><SP WIDTH="16" VPOS="1063" HPOS="819"/>
							<String ID="string_194" HPOS="835" VPOS="1062" WIDTH="36" HEIGHT="21" WC="0.96" CONTENT="vid"/>
						</TextLine>
						<TextLine ID="line_25" HPOS="41" VPOS="1091" WIDTH="830" HEIGHT="29">
							<String ID="string_195" HPOS="41" VPOS="1091" WIDTH="187" HEIGHT="28" WC="0.96" CONTENT="förhandlingarna"/><SP WIDTH="22" VPOS="1091" HPOS="228"/>
							<String ID="string_196" HPOS="250" VPOS="1092" WIDTH="110" HEIGHT="27" WC="0.96" CONTENT="angående"/><SP WIDTH="19" VPOS="1092" HPOS="360"/>
							<String ID="string_197" HPOS="379" VPOS="1092" WIDTH="156" HEIGHT="28" WC="0.96" CONTENT="förordningen"/><SP WIDTH="15" VPOS="1092" HPOS="535"/>
							<String ID="string_198" HPOS="550" VPOS="1099" WIDTH="35" HEIGHT="14" WC="0.92" CONTENT="om"/><SP WIDTH="15" VPOS="1099" HPOS="585"/>
							<String ID="string_199" HPOS="600" VPOS="1091" WIDTH="143" HEIGHT="28" WC="0.92" CONTENT="maltdrycker"/><SP WIDTH="15" VPOS="1091" HPOS="743"/>
							<String ID="string_200" HPOS="758" VPOS="1097" WIDTH="63" HEIGHT="15" WC="0.95" CONTENT="anser"/><SP WIDTH="14" VPOS="1097" HPOS="821"/>
							<String ID="string_201" HPOS="835" VPOS="1091" WIDTH="36" HEIGHT="27" WC="0.96" CONTENT="jag"/>
						</TextLine>
						<TextLine ID="line_26" HPOS="41" VPOS="1119" WIDTH="829" HEIGHT="28">
							<String ID="string_202" HPOS="41" VPOS="1121" WIDTH="30" HEIGHT="19" WC="0.96" CONTENT="att"/><SP WIDTH="14" VPOS="1121" HPOS="71"/>
							<String ID="string_203" HPOS="85" VPOS="1119" WIDTH="47" HEIGHT="22" WC="0.96" CONTENT="icke"/><SP WIDTH="20" VPOS="1119" HPOS="132"/>
							<String ID="string_204" HPOS="152" VPOS="1120" WIDTH="67" HEIGHT="21" WC="0.96" CONTENT="häller"/><SP WIDTH="22" VPOS="1120" HPOS="219"/>
							<String ID="string_205" HPOS="241" VPOS="1121" WIDTH="37" HEIGHT="20" WC="0.93" CONTENT="här"/><SP WIDTH="19" VPOS="1121" HPOS="278"/>
							<String ID="string_206" HPOS="297" VPOS="1120" WIDTH="141" HEIGHT="21" WC="0.92" CONTENT="förvärkande"/><SP WIDTH="16" VPOS="1120" HPOS="438"/>
							<String ID="string_207" HPOS="454" VPOS="1121" WIDTH="23" HEIGHT="20" WC="0.96" CONTENT="af"/><SP WIDTH="14" VPOS="1121" HPOS="477"/>
							<String ID="string_208" HPOS="491" VPOS="1127" WIDTH="65" HEIGHT="14" WC="0.96" CONTENT="varan"/><SP WIDTH="15" VPOS="1127" HPOS="556"/>
							<String ID="string_209" HPOS="571" VPOS="1121" WIDTH="39" HEIGHT="20" WC="0.96" CONTENT="bör"/><SP WIDTH="15" VPOS="1121" HPOS="610"/>
							<String ID="string_210" HPOS="625" VPOS="1121" WIDTH="84" HEIGHT="20" WC="0.96" CONTENT="komma"/><SP WIDTH="14" VPOS="1121" HPOS="709"/>
							<String ID="string_211" HPOS="723" VPOS="1120" WIDTH="8" HEIGHT="20" WC="0.96" CONTENT="i"/><SP WIDTH="14" VPOS="1120" HPOS="731"/>
							<String ID="string_212" HPOS="745" VPOS="1119" WIDTH="69" HEIGHT="28" WC="0.96" CONTENT="fråga;"/><SP WIDTH="17" VPOS="1119" HPOS="814"/>
							<String ID="string_213" HPOS="831" VPOS="1119" WIDTH="39" HEIGHT="21" WC="0.96" CONTENT="och"/>
						</TextLine>
						<TextLine ID="line_27" HPOS="41" VPOS="1147" WIDTH="829" HEIGHT="29">
							<String ID="string_214" HPOS="41" VPOS="1147" WIDTH="69" HEIGHT="21" WC="0.96" CONTENT="skulle"/><SP WIDTH="15" VPOS="1147" HPOS="110"/>
							<String ID="string_215" HPOS="125" VPOS="1148" WIDTH="35" HEIGHT="27" WC="0.93" CONTENT="jag"/><SP WIDTH="15" VPOS="1148" HPOS="160"/>
							<String ID="string_216" HPOS="175" VPOS="1148" WIDTH="57" HEIGHT="27" WC="0.92" CONTENT="förty"/><SP WIDTH="15" VPOS="1148" HPOS="232"/>
							<String ID="string_217" HPOS="247" VPOS="1149" WIDTH="83" HEIGHT="20" WC="0.96" CONTENT="anhålla"/><SP WIDTH="16" VPOS="1149" HPOS="330"/>
							<String ID="string_218" HPOS="346" VPOS="1151" WIDTH="30" HEIGHT="18" WC="0.93" CONTENT="att"/><SP WIDTH="14" VPOS="1151" HPOS="376"/>
							<String ID="string_219" HPOS="390" VPOS="1149" WIDTH="140" HEIGHT="27" WC="0.91" CONTENT="paragrafens"/><SP WIDTH="15" VPOS="1149" HPOS="530"/>
							<String ID="string_220" HPOS="545" VPOS="1150" WIDTH="12" HEIGHT="19" WC="0.96" CONTENT="2"/><SP WIDTH="16" VPOS="1150" HPOS="557"/>
							<String ID="string_221" HPOS="573" VPOS="1155" WIDTH="63" HEIGHT="15" WC="0.96" CONTENT="mom."/><SP WIDTH="15" VPOS="1155" HPOS="636"/>
							<String ID="string_222" HPOS="651" VPOS="1149" WIDTH="65" HEIGHT="21" WC="0.93" CONTENT="måtte"/><SP WIDTH="16" VPOS="1149" HPOS="716"/>
							<String ID="string_223" HPOS="732" VPOS="1148" WIDTH="138" HEIGHT="21" WC="0.92" CONTENT="återremitte-"/>
						</TextLine>
						<TextLine ID="line_28" HPOS="40" VPOS="1175" WIDTH="609" HEIGHT="30">
							<String ID="string_224" HPOS="40" VPOS="1182" WIDTH="34" HEIGHT="15" WC="0.96" CONTENT="ras"/><SP WIDTH="15" VPOS="1182" HPOS="74"/>
							<String ID="string_225" HPOS="89" VPOS="1176" WIDTH="7" HEIGHT="20" WC="0.96" CONTENT="i"/><SP WIDTH="16" VPOS="1176" HPOS="96"/>
							<String ID="string_226" HPOS="112" VPOS="1175" WIDTH="35" HEIGHT="22" WC="0.96" CONTENT="det"/><SP WIDTH="15" VPOS="1175" HPOS="147"/>
							<String ID="string_227" HPOS="162" VPOS="1177" WIDTH="54" HEIGHT="26" WC="0.96" CONTENT="syfte"/><SP WIDTH="16" VPOS="1177" HPOS="216"/>
							<String ID="string_228" HPOS="232" VPOS="1179" WIDTH="30" HEIGHT="19" WC="0.96" CONTENT="att"/><SP WIDTH="15" VPOS="1179" HPOS="262"/>
							<String ID="string_229" HPOS="277" VPOS="1177" WIDTH="70" HEIGHT="21" WC="0.96" CONTENT="denna"/><SP WIDTH="15" VPOS="1177" HPOS="347"/>
							<String ID="string_230" HPOS="362" VPOS="1177" WIDTH="137" HEIGHT="28" WC="0.96" CONTENT="bestämning"/><SP WIDTH="14" VPOS="1177" HPOS="499"/>
							<String ID="string_231" HPOS="513" VPOS="1177" WIDTH="65" HEIGHT="22" WC="0.96" CONTENT="måtte"/><SP WIDTH="16" VPOS="1177" HPOS="578"/>
							<String ID="string_232" HPOS="594" VPOS="1177" WIDTH="55" HEIGHT="28" WC="0.95" CONTENT="utgå."/>
						</TextLine>
					</TextBlock>
				</ComposedBlock>
				<ComposedBlock ID="cblock_11" HPOS="38" VPOS="1232" WIDTH="834" HEIGHT="284">
					<TextBlock ID="block_12" HPOS="38" VPOS="1232" WIDTH="834" HEIGHT="284">
						<TextLine ID="line_29" HPOS="111" VPOS="1232" WIDTH="760" HEIGHT="29">
							<String ID="string_233" HPOS="111" VPOS="1232" WIDTH="33" HEIGHT="21" WC="0.96" CONTENT="Hr"/><SP WIDTH="22" VPOS="1232" HPOS="144"/>
							<String ID="string_234" HPOS="166" VPOS="1233" WIDTH="113" HEIGHT="21" WC="0.96" CONTENT="Öhman:"/><SP WIDTH="30" VPOS="1233" HPOS="279"/>
							<String ID="string_235" HPOS="309" VPOS="1234" WIDTH="30" HEIGHT="21" WC="0.93" CONTENT="Af"/><SP WIDTH="20" VPOS="1234" HPOS="339"/>
							<String ID="string_236" HPOS="359" VPOS="1234" WIDTH="188" HEIGHT="27" WC="0.91" CONTENT="borgareständets"/><SP WIDTH="15" VPOS="1234" HPOS="547"/>
							<String ID="string_237" HPOS="562" VPOS="1234" WIDTH="70" HEIGHT="21" WC="0.96" CONTENT="beslut"/><SP WIDTH="14" VPOS="1234" HPOS="632"/>
							<String ID="string_238" HPOS="646" VPOS="1233" WIDTH="130" HEIGHT="22" WC="0.93" CONTENT="beträffande"/><SP WIDTH="16" VPOS="1233" HPOS="776"/>
							<String ID="string_239" HPOS="792" VPOS="1233" WIDTH="13" HEIGHT="26" WC="0.83" CONTENT="$"/><SP WIDTH="17" VPOS="1233" HPOS="805"/>
							<String ID="string_240" HPOS="822" VPOS="1233" WIDTH="26" HEIGHT="20" WC="0.95" CONTENT="18"/><SP WIDTH="15" VPOS="1233" HPOS="848"/>
							<String ID="string_241" HPOS="863" VPOS="1233" WIDTH="8" HEIGHT="20" WC="0.95" CONTENT="i"/>
						</TextLine>
						<TextLine ID="line_30" HPOS="40" VPOS="1260" WIDTH="832" HEIGHT="30">
							<String ID="string_242" HPOS="40" VPOS="1261" WIDTH="152" HEIGHT="27" WC="0.96" CONTENT="förordningen"/><SP WIDTH="15" VPOS="1261" HPOS="192"/>
							<String ID="string_243" HPOS="207" VPOS="1268" WIDTH="34" HEIGHT="14" WC="0.95" CONTENT="om"/><SP WIDTH="16" VPOS="1268" HPOS="241"/>
							<String ID="string_244" HPOS="257" VPOS="1262" WIDTH="125" HEIGHT="28" WC="0.95" CONTENT="försäljning"/><SP WIDTH="14" VPOS="1262" HPOS="382"/>
							<String ID="string_245" HPOS="396" VPOS="1263" WIDTH="21" HEIGHT="20" WC="0.93" CONTENT="af"/><SP WIDTH="15" VPOS="1263" HPOS="417"/>
							<String ID="string_246" HPOS="432" VPOS="1263" WIDTH="146" HEIGHT="26" WC="0.92" CONTENT="maltdrycker"/><SP WIDTH="14" VPOS="1263" HPOS="578"/>
							<String ID="string_247" HPOS="592" VPOS="1269" WIDTH="62" HEIGHT="14" WC="0.96" CONTENT="anser"/><SP WIDTH="14" VPOS="1269" HPOS="654"/>
							<String ID="string_248" HPOS="668" VPOS="1263" WIDTH="35" HEIGHT="26" WC="0.96" CONTENT="jag"/><SP WIDTH="14" VPOS="1263" HPOS="703"/>
							<String ID="string_249" HPOS="717" VPOS="1261" WIDTH="53" HEIGHT="21" WC="0.96" CONTENT="böra"/><SP WIDTH="12" VPOS="1261" HPOS="770"/>
							<String ID="string_250" HPOS="782" VPOS="1260" WIDTH="52" HEIGHT="27" WC="0.96" CONTENT="följa"/><SP WIDTH="7" VPOS="1260" HPOS="834"/>
							<String ID="string_251" HPOS="841" VPOS="1262" WIDTH="31" HEIGHT="19" WC="0.96" CONTENT="att"/>
						</TextLine>
						<TextLine ID="line_31" HPOS="39" VPOS="1289" WIDTH="832" HEIGHT="29">
							<String ID="string_252" HPOS="39" VPOS="1289" WIDTH="173" HEIGHT="28" WC="0.91" CONTENT="borgareståndet"/><SP WIDTH="15" VPOS="1289" HPOS="212"/>
							<String ID="string_253" HPOS="227" VPOS="1290" WIDTH="46" HEIGHT="21" WC="0.96" CONTENT="icke"/><SP WIDTH="16" VPOS="1290" HPOS="273"/>
							<String ID="string_254" HPOS="289" VPOS="1291" WIDTH="38" HEIGHT="20" WC="0.96" CONTENT="bör"/><SP WIDTH="14" VPOS="1291" HPOS="327"/>
							<String ID="string_255" HPOS="341" VPOS="1293" WIDTH="78" HEIGHT="25" WC="0.96" CONTENT="antaga"/><SP WIDTH="16" VPOS="1293" HPOS="419"/>
							<String ID="string_256" HPOS="435" VPOS="1291" WIDTH="28" HEIGHT="21" WC="0.96" CONTENT="de"/><SP WIDTH="18" VPOS="1291" HPOS="463"/>
							<String ID="string_257" HPOS="481" VPOS="1293" WIDTH="85" HEIGHT="25" WC="0.93" CONTENT="stränga"/><SP WIDTH="18" VPOS="1293" HPOS="566"/>
							<String ID="string_258" HPOS="584" VPOS="1289" WIDTH="225" HEIGHT="27" WC="0.85" CONTENT="straffbestämmelser,"/><SP WIDTH="15" VPOS="1289" HPOS="809"/>
							<String ID="string_259" HPOS="824" VPOS="1295" WIDTH="47" HEIGHT="14" WC="0.96" CONTENT="som"/>
						</TextLine>
						<TextLine ID="line_32" HPOS="39" VPOS="1317" WIDTH="832" HEIGHT="30">
							<String ID="string_260" HPOS="39" VPOS="1319" WIDTH="8" HEIGHT="20" WC="0.94" CONTENT="i"/><SP WIDTH="15" VPOS="1319" HPOS="47"/>
							<String ID="string_261" HPOS="62" VPOS="1319" WIDTH="12" HEIGHT="20" WC="0.84" CONTENT="1"/><SP WIDTH="16" VPOS="1319" HPOS="74"/>
							<String ID="string_262" HPOS="90" VPOS="1325" WIDTH="63" HEIGHT="14" WC="0.96" CONTENT="mom."/><SP WIDTH="16" VPOS="1325" HPOS="153"/>
							<String ID="string_263" HPOS="169" VPOS="1318" WIDTH="21" HEIGHT="21" WC="0.96" CONTENT="af"/><SP WIDTH="15" VPOS="1318" HPOS="190"/>
							<String ID="string_264" HPOS="205" VPOS="1325" WIDTH="29" HEIGHT="14" WC="0.96" CONTENT="nu"/><SP WIDTH="16" VPOS="1325" HPOS="234"/>
							<String ID="string_265" HPOS="250" VPOS="1319" WIDTH="138" HEIGHT="21" WC="0.96" CONTENT="förevarande"/><SP WIDTH="15" VPOS="1319" HPOS="388"/>
							<String ID="string_266" HPOS="403" VPOS="1319" WIDTH="102" HEIGHT="28" WC="0.96" CONTENT="paragraf"/><SP WIDTH="14" VPOS="1319" HPOS="505"/>
							<String ID="string_267" HPOS="519" VPOS="1321" WIDTH="36" HEIGHT="19" WC="0.96" CONTENT="äro"/><SP WIDTH="14" VPOS="1321" HPOS="555"/>
							<String ID="string_268" HPOS="569" VPOS="1319" WIDTH="126" HEIGHT="27" WC="0.96" CONTENT="föreslagna,"/><SP WIDTH="8" VPOS="1319" HPOS="695"/>
							<String ID="string_269" HPOS="703" VPOS="1320" WIDTH="52" HEIGHT="19" WC="0.96" CONTENT="utan"/><SP WIDTH="8" VPOS="1320" HPOS="755"/>
							<String ID="string_270" HPOS="763" VPOS="1319" WIDTH="31" HEIGHT="20" WC="0.93" CONTENT="att"/><SP WIDTH="10" VPOS="1319" HPOS="794"/>
							<String ID="string_271" HPOS="804" VPOS="1317" WIDTH="67" HEIGHT="21" WC="0.90" CONTENT="straff-"/>
						</TextLine>
						<TextLine ID="line_33" HPOS="40" VPOS="1345" WIDTH="831" HEIGHT="29">
							<String ID="string_272" HPOS="40" VPOS="1346" WIDTH="186" HEIGHT="21" WC="0.96" CONTENT="bestämmelserna"/><SP WIDTH="22" VPOS="1346" HPOS="226"/>
							<String ID="string_273" HPOS="248" VPOS="1347" WIDTH="65" HEIGHT="21" WC="0.95" CONTENT="borde"/><SP WIDTH="24" VPOS="1347" HPOS="313"/>
							<String ID="string_274" HPOS="337" VPOS="1347" WIDTH="66" HEIGHT="21" WC="0.95" CONTENT="blifva"/><SP WIDTH="22" VPOS="1347" HPOS="403"/>
							<String ID="string_275" HPOS="425" VPOS="1347" WIDTH="112" HEIGHT="22" WC="0.96" CONTENT="desamma"/><SP WIDTH="22" VPOS="1347" HPOS="537"/>
							<String ID="string_276" HPOS="559" VPOS="1354" WIDTH="46" HEIGHT="15" WC="0.96" CONTENT="som"/><SP WIDTH="17" VPOS="1354" HPOS="605"/>
							<String ID="string_277" HPOS="622" VPOS="1348" WIDTH="32" HEIGHT="21" WC="0.96" CONTENT="uti"/><SP WIDTH="15" VPOS="1348" HPOS="654"/>
							<String ID="string_278" HPOS="669" VPOS="1354" WIDTH="30" HEIGHT="14" WC="0.96" CONTENT="nu"/><SP WIDTH="16" VPOS="1354" HPOS="699"/>
							<String ID="string_279" HPOS="715" VPOS="1346" WIDTH="99" HEIGHT="28" WC="0.93" CONTENT="gällande"/><SP WIDTH="15" VPOS="1346" HPOS="814"/>
							<String ID="string_280" HPOS="829" VPOS="1345" WIDTH="42" HEIGHT="22" WC="0.92" CONTENT="för-"/>
						</TextLine>
						<TextLine ID="line_34" HPOS="39" VPOS="1375" WIDTH="832" HEIGHT="28">
							<String ID="string_281" HPOS="39" VPOS="1375" WIDTH="91" HEIGHT="27" WC="0.96" CONTENT="ordning"/><SP WIDTH="15" VPOS="1375" HPOS="130"/>
							<String ID="string_282" HPOS="145" VPOS="1375" WIDTH="109" HEIGHT="27" WC="0.96" CONTENT="angående"/><SP WIDTH="15" VPOS="1375" HPOS="254"/>
							<String ID="string_283" HPOS="269" VPOS="1376" WIDTH="126" HEIGHT="27" WC="0.96" CONTENT="försäljning"/><SP WIDTH="15" VPOS="1376" HPOS="395"/>
							<String ID="string_284" HPOS="410" VPOS="1376" WIDTH="23" HEIGHT="21" WC="0.93" CONTENT="af"/><SP WIDTH="14" VPOS="1376" HPOS="433"/>
							<String ID="string_285" HPOS="447" VPOS="1376" WIDTH="150" HEIGHT="27" WC="0.92" CONTENT="maltdrycker,"/><SP WIDTH="16" VPOS="1376" HPOS="597"/>
							<String ID="string_286" HPOS="613" VPOS="1376" WIDTH="19" HEIGHT="21" WC="0.89" CONTENT="d."/><SP WIDTH="15" VPOS="1376" HPOS="632"/>
							<String ID="string_287" HPOS="647" VPOS="1383" WIDTH="19" HEIGHT="13" WC="0.92" CONTENT="v."/><SP WIDTH="15" VPOS="1383" HPOS="666"/>
							<String ID="string_288" HPOS="681" VPOS="1382" WIDTH="16" HEIGHT="14" WC="0.91" CONTENT="s."/><SP WIDTH="17" VPOS="1382" HPOS="697"/>
							<String ID="string_289" HPOS="714" VPOS="1376" WIDTH="34" HEIGHT="20" WC="0.96" CONTENT="för"/><SP WIDTH="14" VPOS="1376" HPOS="748"/>
							<String ID="string_290" HPOS="762" VPOS="1375" WIDTH="66" HEIGHT="21" WC="0.93" CONTENT="första"/><SP WIDTH="10" VPOS="1375" HPOS="828"/>
							<String ID="string_291" HPOS="838" VPOS="1381" WIDTH="33" HEIGHT="14" WC="0.91" CONTENT="re-"/>
						</TextLine>
						<TextLine ID="line_35" HPOS="38" VPOS="1403" WIDTH="833" HEIGHT="29">
							<String ID="string_292" HPOS="38" VPOS="1410" WIDTH="39" HEIGHT="14" WC="0.93" CONTENT="san"/><SP WIDTH="15" VPOS="1410" HPOS="77"/>
							<String ID="string_293" HPOS="92" VPOS="1404" WIDTH="74" HEIGHT="27" WC="0.92" CONTENT="oloflig"/><SP WIDTH="14" VPOS="1404" HPOS="166"/>
							<String ID="string_294" HPOS="180" VPOS="1404" WIDTH="123" HEIGHT="28" WC="0.93" CONTENT="försäljning"/><SP WIDTH="15" VPOS="1404" HPOS="303"/>
							<String ID="string_295" HPOS="318" VPOS="1405" WIDTH="85" HEIGHT="20" WC="0.90" CONTENT="25—75"/><SP WIDTH="15" VPOS="1405" HPOS="403"/>
							<String ID="string_296" HPOS="418" VPOS="1405" WIDTH="70" HEIGHT="27" WC="0.96" CONTENT="mark,"/><SP WIDTH="15" VPOS="1405" HPOS="488"/>
							<String ID="string_297" HPOS="503" VPOS="1405" WIDTH="32" HEIGHT="21" WC="0.96" CONTENT="för"/><SP WIDTH="16" VPOS="1405" HPOS="535"/>
							<String ID="string_298" HPOS="551" VPOS="1405" WIDTH="66" HEIGHT="21" WC="0.96" CONTENT="andra"/><SP WIDTH="9" VPOS="1405" HPOS="617"/>
							<String ID="string_299" HPOS="626" VPOS="1411" WIDTH="62" HEIGHT="15" WC="0.93" CONTENT="resan"/><SP WIDTH="9" VPOS="1411" HPOS="688"/>
							<String ID="string_300" HPOS="697" VPOS="1404" WIDTH="99" HEIGHT="21" WC="0.80" CONTENT="75—150"/><SP WIDTH="14" VPOS="1404" HPOS="796"/>
							<String ID="string_301" HPOS="810" VPOS="1403" WIDTH="61" HEIGHT="21" WC="0.96" CONTENT="mark"/>
						</TextLine>
						<TextLine ID="line_36" HPOS="38" VPOS="1431" WIDTH="833" HEIGHT="29">
							<String ID="string_302" HPOS="38" VPOS="1432" WIDTH="41" HEIGHT="20" WC="0.96" CONTENT="och"/><SP WIDTH="20" VPOS="1432" HPOS="79"/>
							<String ID="string_303" HPOS="99" VPOS="1432" WIDTH="33" HEIGHT="20" WC="0.96" CONTENT="för"/><SP WIDTH="22" VPOS="1432" HPOS="132"/>
							<String ID="string_304" HPOS="154" VPOS="1432" WIDTH="67" HEIGHT="27" WC="0.96" CONTENT="tredje"/><SP WIDTH="23" VPOS="1432" HPOS="221"/>
							<String ID="string_305" HPOS="244" VPOS="1439" WIDTH="61" HEIGHT="15" WC="0.93" CONTENT="resan"/><SP WIDTH="24" VPOS="1439" HPOS="305"/>
							<String ID="string_306" HPOS="329" VPOS="1433" WIDTH="115" HEIGHT="21" WC="0.92" CONTENT="150—500"/><SP WIDTH="21" VPOS="1433" HPOS="444"/>
							<String ID="string_307" HPOS="465" VPOS="1433" WIDTH="67" HEIGHT="21" WC="0.96" CONTENT="mark."/><SP WIDTH="29" VPOS="1433" HPOS="532"/>
							<String ID="string_308" HPOS="561" VPOS="1433" WIDTH="48" HEIGHT="21" WC="0.95" CONTENT="Den"/><SP WIDTH="16" VPOS="1433" HPOS="609"/>
							<String ID="string_309" HPOS="625" VPOS="1440" WIDTH="30" HEIGHT="14" WC="0.96" CONTENT="nu"/><SP WIDTH="14" VPOS="1440" HPOS="655"/>
							<String ID="string_310" HPOS="669" VPOS="1432" WIDTH="123" HEIGHT="28" WC="0.96" CONTENT="ifrågasatta"/><SP WIDTH="16" VPOS="1432" HPOS="792"/>
							<String ID="string_311" HPOS="808" VPOS="1431" WIDTH="63" HEIGHT="27" WC="0.96" CONTENT="lagen"/>
						</TextLine>
						<TextLine ID="line_37" HPOS="38" VPOS="1459" WIDTH="833" HEIGHT="29">
							<String ID="string_312" HPOS="38" VPOS="1459" WIDTH="85" HEIGHT="22" WC="0.95" CONTENT="komme"/><SP WIDTH="21" VPOS="1459" HPOS="123"/>
							<String ID="string_313" HPOS="144" VPOS="1460" WIDTH="24" HEIGHT="27" WC="0.95" CONTENT="ju"/><SP WIDTH="23" VPOS="1460" HPOS="168"/>
							<String ID="string_314" HPOS="191" VPOS="1462" WIDTH="29" HEIGHT="20" WC="0.96" CONTENT="att"/><SP WIDTH="22" VPOS="1462" HPOS="220"/>
							<String ID="string_315" HPOS="242" VPOS="1461" WIDTH="56" HEIGHT="27" WC="0.96" CONTENT="gälla"/><SP WIDTH="23" VPOS="1461" HPOS="298"/>
							<String ID="string_316" HPOS="321" VPOS="1461" WIDTH="41" HEIGHT="21" WC="0.96" CONTENT="alla"/><SP WIDTH="20" VPOS="1461" HPOS="362"/>
							<String ID="string_317" HPOS="382" VPOS="1461" WIDTH="70" HEIGHT="27" WC="0.93" CONTENT="öfriga"/><SP WIDTH="15" VPOS="1461" HPOS="452"/>
							<String ID="string_318" HPOS="467" VPOS="1461" WIDTH="128" HEIGHT="27" WC="0.92" CONTENT="rusdrycker"/><SP WIDTH="15" VPOS="1461" HPOS="595"/>
							<String ID="string_319" HPOS="610" VPOS="1461" WIDTH="55" HEIGHT="21" WC="0.96" CONTENT="ända"/><SP WIDTH="15" VPOS="1461" HPOS="665"/>
							<String ID="string_320" HPOS="680" VPOS="1460" WIDTH="48" HEIGHT="22" WC="0.96" CONTENT="från"/><SP WIDTH="15" VPOS="1460" HPOS="728"/>
							<String ID="string_321" HPOS="743" VPOS="1461" WIDTH="14" HEIGHT="20" WC="0.95" CONTENT="4"/><SP WIDTH="15" VPOS="1461" HPOS="757"/>
							<String ID="string_322" HPOS="772" VPOS="1462" WIDTH="99" HEIGHT="25" WC="0.95" CONTENT="procents"/>
						</TextLine>
						<TextLine ID="line_38" HPOS="38" VPOS="1487" WIDTH="833" HEIGHT="29">
							<String ID="string_323" HPOS="38" VPOS="1488" WIDTH="135" HEIGHT="28" WC="0.95" CONTENT="alkoholhalt,"/><SP WIDTH="23" VPOS="1488" HPOS="173"/>
							<String ID="string_324" HPOS="196" VPOS="1488" WIDTH="54" HEIGHT="22" WC="0.96" CONTENT="altså"/><SP WIDTH="21" VPOS="1488" HPOS="250"/>
							<String ID="string_325" HPOS="271" VPOS="1490" WIDTH="62" HEIGHT="20" WC="0.96" CONTENT="äfven"/><SP WIDTH="25" VPOS="1490" HPOS="333"/>
							<String ID="string_326" HPOS="358" VPOS="1489" WIDTH="87" HEIGHT="27" WC="0.96" CONTENT="sådana,"/><SP WIDTH="17" VPOS="1489" HPOS="445"/>
							<String ID="string_327" HPOS="462" VPOS="1496" WIDTH="47" HEIGHT="14" WC="0.96" CONTENT="som"/><SP WIDTH="14" VPOS="1496" HPOS="509"/>
							<String ID="string_328" HPOS="523" VPOS="1490" WIDTH="46" HEIGHT="21" WC="0.96" CONTENT="icke"/><SP WIDTH="16" VPOS="1490" HPOS="569"/>
							<String ID="string_329" HPOS="585" VPOS="1492" WIDTH="36" HEIGHT="19" WC="0.96" CONTENT="äro"/><SP WIDTH="16" VPOS="1492" HPOS="621"/>
							<String ID="string_330" HPOS="637" VPOS="1490" WIDTH="93" HEIGHT="20" WC="0.96" CONTENT="starkare"/><SP WIDTH="16" VPOS="1490" HPOS="730"/>
							<String ID="string_331" HPOS="746" VPOS="1490" WIDTH="27" HEIGHT="19" WC="0.96" CONTENT="än"/><SP WIDTH="15" VPOS="1490" HPOS="773"/>
							<String ID="string_332" HPOS="788" VPOS="1487" WIDTH="27" HEIGHT="27" WC="0.95" CONTENT="öl,"/><SP WIDTH="16" VPOS="1487" HPOS="815"/>
							<String ID="string_333" HPOS="831" VPOS="1488" WIDTH="40" HEIGHT="20" WC="0.93" CONTENT="och"/>
						</TextLine>
					</TextBlock>
				</ComposedBlock>
			</PrintSpace>
		</Page>
	</Layout>
</alto>
