1017 1731
159 99 54 21 1016
378 105 180 21 Borgareståndet
571 105 53 18 1891.
649 106 12 16 6
673 105 48 20 maj.

202 183 38 28 De,
257 184 74 21 hvilka
351 185 118 26 godkänna
489 185 114 20 utskottets
621 184 216 27 resolutionsförslag
853 184 30 27 på
898 184 66 21 sidan

134 213 41 20 148
190 212 152 27 oförändradt,
357 215 60 18 rösta
430 213 37 27 ja;
483 213 31 26 de,
530 213 36 20 det
579 213 44 20 icke
636 216 61 24 göra,
713 215 60 18 rösta
788 213 48 27 nej;

201 241 82 20 vinner
299 241 42 27 nej,
358 241 42 21 har
419 241 181 27 borgareståndet,
614 242 49 20 med
676 241 161 27 godkännande
852 241 27 27 af
885 241 79 27 försla-

130 271 41 25 get,
187 269 89 21 beslutit
296 269 160 22 återremittera
478 269 144 22 betänkandet
636 271 10 20 i
660 271 73 20 denna
754 270 35 21 del
803 269 36 28 för
854 271 32 19 att
902 270 61 20 kom-

129 298 106 27 pletteras
250 298 10 20 i
275 298 34 21 det
323 298 58 27 syfte
396 298 27 21 hr
437 298 123 27 Malmberg
575 299 120 27 föreslagit.

202 377 59 21 Enär
282 378 158 27 propositionen
463 378 127 21 besvarades
611 378 50 21 med
682 377 156 28 öfvervägande
854 378 41 27 nej,
910 378 55 21 hade

134 405 89 27 ståndet,
237 406 49 21 med
309 406 156 27 godkännande
483 407 22 20 af
524 407 113 20 utskottets
652 406 80 27 förslag
747 406 33 21 för
795 406 68 27 öfrigt,
879 406 87 21 beslutit

134 436 30 19 att
184 434 145 21 betänkandet
343 435 7 20 i
366 435 70 20 denna
455 435 33 20 del
505 435 68 21 skulle
589 435 164 21 återremitteras
769 435 31 20 till
816 435 102 20 utskottet
932 435 35 20 för

134 464 30 20 att
173 463 107 27 utskottet,
291 463 49 21 med
353 463 116 28 anledning
479 463 22 21 af
511 463 94 22 ståndets
614 463 71 21 beslut
693 463 130 21 beträffande
832 463 82 21 teknisk
926 463 39 20 och

134 491 126 21 ekonomisk
282 491 168 29 undersökning
457 492 22 21 af
495 492 217 28 bansträckningarna
728 488 237 31 Östermyra—Kauha-

134 520 216 27 joki—Kristinestad
367 523 55 18 samt
437 520 381 28 Östermyra—Kauhajoki—Kaskö,
833 520 65 21 måtte
913 527 53 21 upp-

134 550 51 25 göra
208 548 118 28 beräkning
345 550 39 20 och
402 550 109 20 inkomma
533 550 48 20 med
605 550 79 26 förslag
705 556 34 13 om
755 549 115 21 anvisande
886 548 21 21 af
922 555 45 15 me-

135 577 34 20 del
185 577 32 20 till
233 577 36 21 det
284 577 33 21 för
332 578 140 20 omförmälda
487 578 160 27 undersökning
663 578 139 27 erforderliga
818 578 78 26 anslag.

204 650 172 22 Vidkommande
399 652 99 27 slutligen
519 652 112 20 utskottets
647 652 26 27 pä
689 651 86 21 sidorna
792 652 40 20 154
848 651 39 20 och
904 651 40 21 155
959 651 8 20 i

135 679 144 21 betänkandet
294 680 173 21 förekommande
483 680 57 20 kläm
555 680 84 26 yttrade

203 754 25 20 hr
243 753 122 21 Neovius:
396 754 72 21 Redan
492 754 34 21 vid
549 754 41 21 den
606 755 109 20 allmänna
730 754 149 21 diskussionen
894 754 74 27 gjorde

135 782 36 26 jag
192 788 26 14 en
241 782 128 27 hänvisning
392 783 27 27 pä
439 784 30 20 att
490 783 35 27 jag
545 783 36 20 vid
599 783 70 21 denna
688 782 59 21 kläm
763 782 68 21 skulle
846 782 77 21 föreslä
939 784 29 19 ett

136 810 79 27 tillägg.
246 810 42 28 Jag
310 811 129 21 motiverade
455 812 70 20 denna
540 812 57 20 kläm
613 812 65 20 redan
695 811 28 21 dä
738 812 39 20 och
793 818 63 14 anser
871 811 35 21 det
921 811 47 21 dar-

135 838 34 21 för
192 839 88 27 onödigt
303 841 29 19 att
353 846 30 14 nu
398 840 49 27 ingä
463 840 7 20 i
484 840 71 27 nägon
570 840 72 21 vidare
657 840 130 26 motivering
802 840 22 20 af
839 840 128 20 densamma.

135 866 33 21 Hr
183 867 103 27 Tallgvist
301 868 109 21 anmärkte
425 868 124 28 visserligen
565 871 56 18 emot
637 875 26 14 en
679 868 66 21 sädan
759 868 63 26 kläm,
836 870 30 18 att
876 868 35 20 det
921 868 47 20 icke

136 896 123 27 egentligen
275 896 69 21 skulle
359 896 74 21 kunna
448 897 117 21 tillkomma
581 897 41 21 den
638 897 146 27 kommission,
800 897 87 20 hvarom
900 897 37 20 här
945 898 24 19 är

136 924 65 27 fräga,
217 926 30 19 att
262 927 95 25 uppgöra
373 927 29 19 ett
417 925 75 21 sädant
507 926 84 27 förslag,
606 932 45 15 som
666 926 37 27 jag
719 925 101 27 äsyftade.
851 924 62 22 Detta
926 925 43 20 kan

136 953 24 26 ju
175 953 64 20 hafva
261 953 32 21 sin
315 953 106 28 riktighet,
439 954 6 20 i
460 954 101 21 händelse
584 955 41 20 den
645 954 147 27 kommission,
807 960 46 15 som
869 954 101 20 utskottet

136 981 94 27 föreslär,
250 982 70 21 skulle
343 982 66 21 blifva
429 989 25 14 en
475 985 47 18 rent
544 983 89 20 teknisk.
663 983 66 20 Detta
751 985 23 18 är
789 982 117 21 emellertid
922 982 46 21 icke

136 1009 149 24 förhällandet,
308 1011 90 20 emedan
413 1011 7 20 i
435 1011 64 21 slutet
521 1011 21 21 af
563 1011 112 21 utskottets
697 1011 58 20 kläm
778 1011 63 20 äfven
864 1011 63 26 yrkas
942 1011 28 27 pä

137 1038 103 27 ätgärder,
256 1045 45 14 som
317 1039 64 20 hafva
396 1039 31 21 till
443 1040 82 27 uppgift
539 1041 31 20 att
584 1040 103 27 befrämja
704 1039 141 28 uppkomsten
856 1039 21 20 af
887 1039 82 28 privata

137 1066 68 21 banor
219 1067 7 20 i
241 1067 78 21 landet.
350 1067 93 22 Härmed
463 1068 78 27 äsyftas
564 1069 118 27 säkerligen
707 1068 147 21 fastställande
870 1068 20 20 af
905 1074 65 21 grun-

137 1095 66 20 derna
218 1095 33 21 för
267 1096 41 21 den
323 1096 119 28 föreslagna
461 1097 222 27 subventioneringen,
701 1097 40 20 och
757 1096 70 21 denna
843 1096 34 21 del
892 1097 21 20 af
928 1096 41 21 frä-

137 1130 41 20 gan
202 1125 23 19 är
240 1125 23 26 ju
279 1124 22 21 af
320 1125 124 20 ekonomisk
462 1125 46 21 icke
524 1125 83 21 teknisk
623 1129 68 17 natur.
723 1125 11 20 I
749 1125 102 20 händelse
866 1124 47 21 mitt
928 1125 42 20 för-

138 1152 46 27 slag
198 1152 72 21 blefve
286 1155 91 25 antaget,
392 1153 68 21 skulle
477 1154 56 20 detta
547 1154 23 27 ju
585 1154 105 27 själffallet
703 1153 48 21 leda
762 1153 80 21 därhän
854 1155 30 19 att
894 1153 76 28 ifräga-

137 1180 94 21 varande
250 1181 140 21 kommission
408 1182 69 21 blefve
493 1185 137 18 sammansatt
645 1183 7 20 i
667 1182 96 27 enlighet
778 1182 48 21 med
844 1181 40 21 den
901 1182 71 20 utvid-

137 1209 54 26 gade
214 1210 84 26 uppgift
313 1210 42 21 den
375 1210 27 21 dä
422 1211 68 20 skulle
510 1211 85 20 erhälla.
625 1211 40 27 Jag
681 1211 40 20 har
736 1211 112 26 ingenting
863 1213 57 17 emot
935 1212 37 25 att,

138 1243 34 14 om
189 1237 23 21 sä
226 1237 71 22 finnes
313 1239 78 26 nödigt,
406 1241 78 19 tvänne
499 1239 162 21 kommissioner
676 1239 68 21 blifva
759 1239 92 20 tillsatta.
882 1238 44 27 Mig
936 1244 34 21 sy-

136 1272 39 15 nes
190 1265 85 22 likvisst
285 1267 209 28 ändamälsenligare,
505 1274 34 14 om
550 1268 74 21 endast
634 1274 27 15 en
671 1269 69 20 större
751 1267 138 21 kommission
900 1267 71 20 blefve

136 1295 85 27 utsedd,
244 1295 88 21 hvilken
354 1295 72 22 kunde
447 1296 81 21 fördela
549 1296 32 27 sig
601 1297 26 26 pä
649 1296 117 21 divisioner
781 1296 34 20 för
830 1295 26 21 de
872 1295 99 27 speciella

136 1323 105 27 frågorna.
273 1323 50 21 Man
339 1324 68 21 skulle
423 1325 122 26 därigenom
561 1325 65 20 vinna
641 1327 29 18 ett
686 1326 68 19 större
770 1324 102 21 samband
890 1324 5 19 i
911 1323 60 21 arbe-

136 1353 30 19 tet
181 1352 7 19 i
204 1352 33 20 sin
259 1353 76 20 helhet.
365 1352 42 21 Det
422 1355 23 18 är
460 1353 27 27 pä
504 1353 61 20 dessa
587 1353 94 27 grunder
703 1353 37 27 jag
755 1353 32 20 fär
802 1352 77 21 föreslä
895 1353 29 19 att
939 1352 30 20 till

136 1380 114 21 utskottets
273 1381 57 21 kläm
353 1382 69 20 skulle
445 1382 59 27 fogas
527 1384 29 18 ett
579 1382 72 27 tillägg
671 1382 23 21 af
714 1382 94 26 följande
832 1381 90 27 lydelse:
939 1382 33 19 att

136 1408 75 21 denna
227 1409 145 21 kommission
387 1410 108 27 därjämte
509 1410 59 27 finge
583 1410 33 28 sig
632 1410 77 28 älagdt
725 1412 33 18 att
772 1410 74 20 innan
858 1409 112 21 nästkom-

136 1437 81 21 mande
234 1437 105 28 landtdag
359 1438 101 21 utarbeta
475 1440 30 19 ett
518 1438 83 28 förslag
617 1446 35 13 om
667 1438 78 22 hvilka
760 1438 87 20 mindre
864 1438 68 20 banor
947 1437 28 27 af

137 1465 58 21 lokal
211 1466 106 27 betydelse
332 1466 52 20 eller
399 1467 98 27 bibanor,
513 1468 81 26 egnade
609 1469 33 19 att
651 1467 78 21 stärka
741 1466 94 28 trafiken
847 1466 14 21 ä
872 1466 98 26 hufvud-

137 1493 108 28 banorna,
262 1496 102 19 närmast
380 1495 63 21 borde
458 1496 87 20 komma
561 1496 35 20 till
608 1495 120 28 utförande
739 1495 37 21 och
787 1495 31 27 pä
830 1494 80 21 hvilket
920 1496 50 20 sätt.
