1017 1731
268 123 181 21 Borgareståndet
461 124 53 17 1891.
539 124 12 16 6
563 124 48 21 maj.
796 121 39 20 931

30 203 41 28 Jag
86 203 105 21 erkänner
208 203 125 27 visserligen
354 204 29 19 att
398 203 55 20 både
469 203 95 20 lärarens
580 203 39 20 och
634 203 134 21 lärarinnans
784 205 78 20 ekono-

30 232 68 21 miska
120 232 100 27 ställning
241 233 23 18 är
279 231 79 27 ganska
374 237 57 21 svag,
447 237 51 15 men
513 231 35 27 jag
563 235 44 17 tror
622 233 29 19 att
666 231 134 22 lärarinnans
815 233 47 22 icke

31 267 37 14 ens
84 260 48 21 med
148 260 26 21 de
189 259 124 21 nuvarande
329 259 148 21 lönevilkoren
493 261 23 19 är
531 261 68 19 sämre
615 261 26 19 än
657 267 111 21 mannens,
782 262 38 20 och
832 264 30 19 att

31 289 70 20 därför
115 289 47 20 icke
178 290 65 19 större
259 288 45 21 skäl
320 288 103 27 föreligga
439 290 30 19 att
485 288 40 21 öka
539 288 134 21 lärarinnans
688 289 35 20 lön
739 291 28 18 än
781 292 30 18 att
822 291 40 20 öka

30 317 99 20 lärarens.
158 317 50 20 Ifall
231 317 70 20 därför
324 317 115 20 ständerna
461 317 50 20 ville
533 317 32 20 till
580 317 83 21 ökande
679 318 22 20 af
714 317 148 28 lönebidraget

30 345 33 21 för
78 345 230 27 folkskolepersonalen
324 345 99 21 använda
439 345 42 20 den
496 345 121 21 beräknade
629 351 97 15 summan
738 346 21 21 af
770 347 90 26 100,000

30 374 66 26 mark,
120 374 69 20 skulle
210 374 35 27 jag
265 379 51 15 anse
332 373 35 21 det
383 373 48 21 vida
446 373 111 21 rättvisare
573 375 30 19 att
617 374 42 21 den
675 374 119 21 fördelades
809 375 53 27 jämt

31 402 27 27 på
72 409 50 14 man
138 403 39 20 och
192 402 85 26 kvinna,
292 401 27 28 på
334 402 67 21 lärare
417 402 41 20 och
473 402 113 27 lärarinna,
602 403 39 20 och
649 403 48 20 icke
708 403 86 22 komme
806 404 54 21 blott

32 431 40 20 den
88 437 41 14 ena
144 431 20 20 af
180 431 48 21 dem
244 430 93 27 tillgodo.
362 430 32 21 De
411 430 64 21 ärade
491 433 160 18 reservanterna
665 431 63 21 hafva
739 432 73 21 vidare
823 439 36 14 an-

31 459 47 27 fört,
93 462 29 18 att
138 459 35 21 det
188 465 50 15 vore
253 459 22 20 af
290 459 108 27 synnerlig
413 459 52 27 vikt,
482 459 38 20 och
537 459 57 21 detta
608 459 39 20 har
661 459 63 21 äfven
734 460 126 21 framhållits

31 488 38 20 här
90 488 7 19 i
116 488 88 27 ståndet,
220 489 30 19 att
265 487 22 20 få
302 487 83 21 bildade
401 487 93 21 kvinnor
507 487 31 21 till
553 487 118 21 lärarinnor
687 488 6 20 i
709 488 151 22 folkskolorna.

31 516 63 21 Detta
110 517 103 20 erkännes
229 516 74 27 billigt,
318 522 49 15 men
383 516 35 27 jag
433 516 73 27 frågar
521 516 26 21 de
563 516 63 21 ärade
641 516 107 28 herrarne,
763 524 51 14 vore
826 517 36 21 det

31 545 47 21 icke
100 545 42 21 lika
165 545 75 27 viktigt
255 547 30 18 att
299 544 21 21 få
335 544 68 21 lärare
418 545 50 20 med
484 545 65 27 högre
564 545 98 27 bildning
678 545 31 21 till
724 545 137 21 folkskolan?

31 572 41 22 Det
94 573 113 27 föreligger
229 573 88 21 alldeles
339 580 81 14 samma
442 573 46 21 skäl
511 574 51 20 att
554 568 12 37 i
579 574 57 20 detta
649 574 39 20 fall
703 574 48 26 höja
766 574 95 21 lärarens

32 602 36 20 lön
90 608 46 14 som
158 602 137 20 lärarinnans.
328 601 42 21 Det
392 608 51 14 vore
467 602 7 20 i
490 602 71 26 hvarje
576 602 101 21 händelse
693 602 32 21 för
740 602 121 21 folkskolan

32 630 48 21 vida
103 630 67 21 bättre
194 637 33 14 om
246 630 57 20 såväl
319 630 82 20 läraren
417 636 46 14 som
480 630 121 20 lärarinnan
617 630 68 22 skulle
701 631 115 21 innehafva
832 633 30 19 ett

32 659 64 27 högre
111 659 53 21 mått
179 659 21 21 af
214 659 79 21 allmän
308 658 102 28 bildning,
425 661 26 18 än
467 659 27 21 de
505 659 32 20 för
547 659 132 21 närvarande
689 659 121 27 innehafva,
821 660 39 20 och

32 694 49 14 vore
96 688 68 21 bättre
179 687 126 21 förberedda
324 687 32 21 för
371 687 36 21 sitt
421 687 50 21 kall.
502 687 51 21 Man
569 687 59 21 torde
643 688 47 20 icke
705 688 67 20 häller
786 688 75 20 kunna

30 716 60 26 påstå
105 718 29 19 att
149 716 122 20 lärarinnan
286 716 7 20 i
309 716 98 20 afseende
423 716 12 20 å
451 716 122 27 kunskaper
589 716 39 20 och
643 716 120 27 utbildning
778 716 34 21 för
826 717 36 20 sitt

31 744 43 20 kall
95 744 33 21 för
148 744 133 21 närvarande
296 744 68 20 skulle
380 744 32 21 stå
427 744 56 21 efter
497 744 89 21 läraren.
616 744 70 27 Något
701 744 99 21 särskildt
815 745 46 20 skäl

32 774 29 19 att
76 779 29 14 nu
120 772 88 28 specielt
222 772 51 21 söka
288 772 49 27 höja
347 772 135 21 lärarinnans
495 772 97 28 bildning
602 772 113 21 förefinnes
727 772 71 21 därför
807 773 53 25 icke,

32 803 51 19 utan
105 801 43 27 bör,
172 801 68 21 såsom
262 801 66 27 sagdt,
350 801 57 21 detta
422 801 123 21 sträfvande
561 801 55 27 gälla
631 801 58 21 såväl
704 808 94 14 mannen
814 808 46 14 som

30 830 101 26 kvinnan,
154 830 39 20 och
214 830 34 27 jag
271 829 54 21 skall
340 836 50 14 vara
405 830 43 20 den
464 830 65 20 förste
545 832 30 18 att
590 830 129 20 understöda
734 830 42 20 alla
792 830 67 27 ätgär-

31 858 42 27 der,
94 865 45 14 som
161 858 7 20 i
192 858 56 21 detta
271 858 55 26 syfte
345 858 94 21 föresläs.
470 858 42 28 Jag
527 858 37 20 vill
580 858 53 21 blott
647 858 122 27 ytterligare
785 858 75 21 beröra

31 893 26 14 en
79 887 163 26 inkonsekvens,
265 893 46 14 som
331 887 24 20 hr
369 886 80 28 Elving
465 889 47 25 sagt
527 888 30 20 att
572 887 101 21 utskottet
688 886 78 28 begätt,
783 886 26 21 dä
825 886 35 22 det

30 915 108 28 föreslagit
160 922 28 14 en
209 915 114 28 utredning
345 915 20 21 af
380 915 149 26 förhällandet,
544 915 106 21 huruvida
664 915 47 21 icke
727 921 26 15 en
770 915 90 28 ändring

30 944 68 21 skulle
121 951 51 14 vara
194 944 65 27 nödig
281 944 6 20 i
311 944 99 21 afseende
429 944 12 20 å
458 944 43 21 den
515 944 114 27 tjänstetid,
645 950 45 14 som
705 944 33 20 för
753 944 107 20 lärarinna

30 972 33 21 för
78 973 121 20 erhällande
215 972 21 21 af
250 973 89 26 pension
355 972 69 21 blifvit
437 973 97 20 faststäld
546 973 41 20 den
599 973 12 20 5
624 972 84 27 augusti
719 972 61 21 1886.
806 972 54 21 Fak-

30 1001 51 20 tiskt
103 1003 23 18 är
148 1001 123 27 visserligen
294 1003 29 18 att
346 1001 70 20 denna
435 1001 108 26 tjänstetid
559 1001 84 27 stadgas
659 1001 7 20 i
680 1000 142 27 kungörelsen
839 1000 21 21 af

31 1029 60 27 1886,
113 1035 50 15 men
186 1029 41 21 den
249 1029 39 20 har
310 1029 54 21 varit
384 1029 101 28 gällande
500 1029 65 21 redan
581 1029 58 27 längt
655 1029 141 20 därförinnan.
826 1028 33 21 De

29 1057 130 28 lönebidrag,
182 1064 45 14 som
250 1057 123 28 medgäfvos
395 1057 23 21 är
442 1058 63 23 1886,
520 1057 94 21 infördes
629 1057 52 21 först
696 1057 31 26 dä,
743 1057 59 20 och
790 1053 12 36 i
818 1057 42 20 alla

29 1086 112 21 händelser
163 1086 142 21 förekommer
325 1093 28 14 en
368 1086 85 21 skilnad
473 1087 134 26 därutinnan,
623 1088 30 18 att
667 1085 102 21 utskottet
784 1085 76 21 endast

29 1114 87 21 föreslär
132 1121 26 14 en
174 1115 120 26 utredning,
309 1115 106 20 huruvida
430 1115 139 26 tjänstetiden
584 1115 65 20 borde
660 1114 110 26 förkortas,
781 1114 78 20 medan

30 1143 94 20 däremot
139 1143 25 20 hr
178 1142 78 28 Elving
271 1143 88 20 föreslär
374 1149 26 14 en
417 1143 124 21 omedelbar
551 1143 123 27 förändring
685 1143 20 20 af
715 1142 144 27 kungörelsen

30 1171 20 20 af
66 1171 22 20 är
105 1171 60 27 1886,
181 1171 68 21 sävidt
265 1171 41 21 den
321 1173 34 19 rör
370 1171 193 21 löneförmänerna.

98 1256 32 21 Hr
152 1256 135 27 Hallberg:
318 1256 42 21 Det
380 1257 128 27 lönebidrag
531 1258 68 19 staten
622 1257 68 26 gifver
704 1256 155 20 kommunerna

28 1285 33 20 för
76 1285 112 20 aflönande
204 1285 20 20 af
240 1285 61 20 deras
315 1285 170 27 lärarepersonal
500 1285 42 20 kan
556 1285 36 27 jag
607 1285 18 26 ej
642 1291 50 14 anse
708 1291 50 14 vara
773 1284 87 20 hänför-

28 1313 38 27 ligt
89 1313 31 21 till
141 1314 118 27 respektive
284 1313 228 27 tjänsteinnehafvares
528 1313 148 28 personlighet,
692 1315 50 18 utan
757 1311 33 21 till
805 1312 54 26 tjän-

29 1344 46 18 sten
98 1342 53 27 själf.
182 1341 41 22 Det
246 1342 39 21 bör
303 1342 71 20 därför
389 1342 76 21 utfalla
481 1342 49 27 lika,
545 1349 35 13 om
596 1349 47 13 man
661 1341 51 21 eller
728 1340 79 21 kvinna
822 1339 37 21 be-

28 1371 76 20 strider
126 1371 98 26 tjänsten,
244 1371 143 27 synnerligast
409 1377 47 14 som
481 1371 35 20 det
535 1370 63 21 äfven
612 1371 8 19 i
635 1371 35 20 sitt
686 1370 74 27 högsta
776 1368 82 28 belopp,

28 1400 41 20 800
85 1400 65 26 mark,
166 1399 54 21 blott
234 1401 117 19 motsvarar
366 1400 29 20 ett
411 1399 216 27 existensminimum,
643 1399 39 21 och
696 1399 7 19 i
715 1398 144 20 kommunens

28 1428 52 20 skön
96 1428 68 26 ligger
179 1430 30 19 att
224 1428 65 20 sedan
305 1428 57 26 gifva
377 1428 55 20 form
448 1428 22 20 ät
487 1427 56 21 detta
559 1428 76 20 skelett
649 1433 77 21 genom
742 1426 75 20 lönens
828 1426 31 20 af-

28 1456 108 27 rundning
158 1456 7 20 i
186 1456 122 27 proportion
330 1456 49 20 med
403 1456 41 20 den
469 1456 45 21 vikt
536 1456 130 21 kommunen
681 1456 65 20 fäster
761 1454 35 20 vid
812 1454 47 20 sina

29 1484 63 20 barns
107 1484 129 28 uppfostran.
267 1484 141 27 Synnerligen
427 1484 95 28 önskligt
537 1491 64 20 synes
617 1484 35 20 det
666 1484 44 27 mig
725 1483 63 21 äfven
809 1488 50 14 vara

28 1515 29 18 att
72 1512 24 21 sä
110 1513 78 27 mänga
202 1512 240 28 folkskollärareplatser
452 1513 8 20 i
471 1513 74 21 landet
555 1520 45 14 som
611 1512 82 28 möjligt
706 1512 92 20 besättas
809 1510 50 20 med
