1017 1731
153 100 39 19 796
351 106 180 20 Borgareständet
545 107 52 16 1891.
619 107 25 16 29
658 107 59 20 april.

126 187 23 18 är
174 185 109 20 oventuelt
308 186 38 20 och
372 186 85 20 komme
483 186 68 20 under
577 186 159 27 delegationens
759 185 38 21 och
819 185 140 21 konstnärens

128 214 104 26 pröfning.

196 287 32 20 Hr
243 287 132 27 Löfgren:
406 288 45 20 Hra
466 288 124 27 Tallqvistin
607 288 135 21 ehdottaman
760 294 85 20 ponnen
860 287 98 27 johdosta

127 322 51 14 saan
194 316 131 25 muistuttaa,
341 318 42 19 että
398 317 153 20 valtuuskunta
567 323 26 14 on
610 316 125 27 puolestaan
755 316 99 21 katsonut
870 316 89 27 paikkaa

127 344 118 26 säätytalon
262 345 21 26 ja
299 344 92 21 Suomen
407 345 79 26 pankin
500 345 71 20 välillä
581 345 188 27 sopimattomaksi.
793 345 32 20 On
837 351 36 13 siis
884 345 75 20 turhaa

127 373 63 26 jättää
206 373 43 20 asia
267 373 113 20 uudelleen
397 373 173 20 valtuuskunnan
587 381 5 12 r
648 373 106 22 istavaksi,
776 373 65 20 koska
857 379 22 14 se
894 373 21 26 jo
932 380 26 13 on

127 401 47 20 siitä
190 401 137 26 ajatuksensa
349 401 108 21 lausunut.
490 402 88 26 Pyydän
595 402 71 20 lisäksi
683 402 64 20 saada
763 401 93 24 mainita,
880 403 41 18 että
937 408 22 14 se

128 429 118 21 arkkitehti,
263 430 106 20 nimittäin
385 430 113 21 arkkitehti
513 431 107 26 Nyström,
635 431 50 26 joka
702 430 174 20 valtuuskunnan
891 437 69 19 pyyn-

129 459 59 19 nöstä
212 464 26 13 on
261 458 138 27 piirustukset
422 459 75 26 tehnyt
515 461 69 18 tämän
601 459 132 20 ehdotuksen
750 458 103 27 johdosta,
877 465 83 20 puoles-

128 487 47 19 taan
194 487 98 26 myöskin
308 493 27 14 on
351 487 114 27 selittänyt,
481 489 42 18 että
536 491 38 23 nyt
588 488 109 20 ehdotettu
709 487 77 27 paikka
797 493 25 14 on
835 487 124 26 sopimaton.

197 560 33 20 Hr
253 560 145 21 Borenius:
429 561 69 21 Ocksä
520 562 35 26 jag
578 562 37 20 ber
634 564 31 18 att
686 560 21 21 fä
724 560 127 21 understöda
867 561 24 20 hr
906 561 54 20 Tall-

130 588 66 26 gvists
220 589 63 26 kläm,
307 590 38 19 och
361 590 56 20 detta
433 590 22 20 sä
472 590 84 26 mycket
572 596 45 14 mer
629 596 52 15 som,
706 589 66 27 enligt
788 589 52 20 hvad
858 589 34 21 det
909 596 51 20 upp-

129 617 73 26 gifves,
227 617 126 21 konstnären
378 618 47 26 själf
448 618 26 27 pä
495 625 74 14 senare
591 618 54 21 tider
668 618 29 21 alt
717 624 44 14 mer
778 618 38 20 och
832 624 44 14 mer
891 618 69 20 skulle

129 645 63 20 hafva
208 645 115 27 iträgasatt,
338 646 105 21 huruvida
459 647 46 20 icke
518 647 81 27 platsen
611 647 88 20 framför
711 646 145 21 ständerhuset
868 646 5 19 i
886 646 73 26 sjelfva

130 674 72 20 värket
226 680 51 14 vore
300 674 198 28 ändamälsenligast
519 675 57 21 såväl
601 682 24 13 ur
643 674 133 27 konstnärlig
792 674 107 27 synpunkt
915 681 44 13 som

129 702 62 20 äfven
208 709 83 14 annars.

199 776 31 20 Hr
245 776 150 26 Tallgvist:
420 777 41 21 Det
477 778 41 19 kan
535 778 123 26 visserligen
675 784 50 13 vara
742 777 81 27 möjligt
839 777 38 20 och
888 779 72 25 antag-

129 804 44 26 ligt,
189 811 71 13 såsom
277 805 24 20 hr
315 804 92 28 Löfgren
423 808 65 23 säger,
504 808 29 18 att
549 806 148 26 delegationen
717 806 63 20 redan
799 806 36 19 har
850 806 60 20 fattat
926 806 35 20 sitt

129 832 70 21 beslut
215 833 4 19 i
237 833 66 21 saken
327 834 38 20 och
387 834 101 20 förkastat
510 834 80 27 platsen
607 834 92 20 emellan
716 834 119 20 bankhuset
850 834 39 20 och
905 836 55 18 stän-

169 861 67 25 huset,
252 868 49 14 men
317 862 34 27 jag
367 862 42 20 kan
425 863 46 20 icke
486 862 57 21 finna
559 865 30 18 att
605 863 57 20 detta
677 862 121 21 förhindrar
811 862 148 26 delegationen

130 892 30 18 att
182 889 56 27 ånyo
264 893 90 24 upptaga
373 890 74 27 frågan
463 891 29 21 till
510 891 99 27 pröfning
623 892 33 20 för
673 891 42 20 den
731 890 101 21 händelse
848 891 112 20 ständerna

130 917 57 28 gifva
202 920 30 19 ett
248 919 75 20 sådant
339 919 113 27 uttalande,
469 926 43 14 som
529 920 47 20 mitt
591 920 78 27 förslag
680 919 125 21 innehåller.
827 919 31 20 Hr
870 919 89 26 Löfgren

130 946 119 27 äberopade
273 947 32 26 sig
326 948 63 20 ocksa
411 948 26 27 pä
461 948 116 21 arkitekten
601 948 109 27 Nyström,
731 955 46 13 som
797 948 36 20 har
848 948 55 27 gjort
920 955 40 20 upp

130 975 180 28 eskissförslagen.
348 976 41 27 Jag
411 977 38 20 har
471 977 106 20 meddelat
599 977 43 26 mig
665 977 50 20 med
739 977 77 20 honom
841 977 119 26 upprepade

130 1003 80 27 gånger
233 1004 40 20 och
289 1008 70 17 senast
374 1005 6 19 i
397 1011 43 20 går.
464 1005 38 20 och
519 1012 36 13 var
571 1006 40 19 han
627 1005 90 21 alldeles
733 1005 47 20 icke
796 1005 110 20 deciderad
922 1005 39 26 för,

130 1033 30 19 att
176 1032 46 21 icke
238 1033 71 20 denna
325 1033 54 27 plats
395 1033 67 21 skulle
479 1034 71 20 kunna
567 1036 120 25 accepteras
703 1033 33 20 för
751 1036 151 17 monumentet.

132 861 30 9 67

130 871 35 10 aer

268 1106 119 27 Löfgren:
425 1107 157 21 Valtuuskunta
610 1114 26 13 on
664 1109 93 25 jättänyt
784 1107 58 20 asian
866 1107 94 27 säätyjen

271 1135 10 10 si.
318 1135 38 21 Jos
416 1136 37 26 dyt
474 1138 109 25 päättävät,
605 1139 42 18 että
670 1137 128 26 kuvapatsas
818 1142 25 13 on
860 1138 101 24 pystytet-

130 1165 48 17 tävä
199 1163 94 20 Suomen
317 1164 78 26 pankin
418 1165 21 26 ja
462 1165 116 20 säätytalon
600 1165 95 20 väliselle
713 1164 67 23 alalle,
802 1171 26 13 on
845 1171 21 13 se
882 1164 77 20 tietysti

130 1191 61 20 sinne
207 1194 120 18 asetettava.
357 1193 44 20 Hra
417 1193 101 26 Tallavist
533 1200 27 13 on
577 1194 132 24 ehdottanut,
725 1195 42 18 että
783 1193 43 20 asia
840 1193 60 26 jätetti

130 1219 175 21 valtuuskunnan
328 1222 157 25 päätettäväksi,
509 1224 65 18 mutta
599 1222 154 20 valtuuskunta
775 1227 27 14 on
820 1221 20 26 jo
857 1220 104 21 tavallaan

130 1247 59 20 asian
207 1248 119 21 ratkaissut.

198 1321 34 21 Hr
254 1323 166 27 Borgström:
452 1324 40 20 För
514 1324 43 20 min
581 1324 34 21 del
638 1324 71 20 skulle
731 1324 35 26 jag
790 1329 49 14 anse
863 1323 34 20 det
914 1329 48 14 vara

130 1350 127 28 lämpligast,
281 1358 33 13 om
332 1351 19 21 vi
367 1352 68 21 skulle
452 1353 112 26 hänskjuta
578 1353 74 27 frågan
668 1352 34 21 till
719 1351 153 28 delegationen.
903 1351 60 20 Stän-

130 1378 66 22 derna
219 1380 64 20 hafva
303 1380 66 20 redan
394 1384 63 18 utsett
480 1388 27 14 en
529 1381 120 27 delegation
674 1381 35 20 för
731 1380 57 21 detta
811 1380 97 20 ändamäl
924 1380 39 20 och

130 1406 150 28 delegationen
297 1408 38 20 har
350 1415 76 20 genom
443 1410 32 20 sin
491 1410 74 20 remiss
581 1410 81 20 bevisat
679 1411 32 19 att
726 1409 41 21 den
783 1409 52 26 tagit
848 1408 67 20 under
926 1408 37 20 all-

130 1435 76 27 varligt
229 1436 157 27 öfvervägande
405 1438 41 20 alla
461 1438 119 26 föreslagna
596 1438 155 26 förändringar.
783 1437 72 20 Skulle
872 1437 23 19 hr
910 1436 54 20 Tal!-

131 1464 66 25 qvists
213 1464 57 20 kläm
287 1468 94 24 antagas,
405 1466 22 20 sa
444 1473 49 14 vore
509 1466 34 21 det
559 1471 58 15 snart
633 1466 63 26 sagdt
713 1466 95 26 omöjligt
824 1468 29 18 att
868 1465 94 25 begagna

130 1492 32 26 sig
178 1492 20 20 af
214 1492 41 21 den
272 1493 64 21 första
352 1494 88 26 platsen,
456 1495 38 20 och
511 1495 119 27 därigenom
644 1494 72 21 blefvo
732 1494 29 20 alt
774 1493 63 21 redan
850 1493 114 21 värkstäldt
