<?xml version="1.0" encoding="UTF-8"?>
<alto xmlns="http://www.loc.gov/standards/alto/ns-v3#" xmlns:xlink="http://www.w3.org/1999/xlink" xmlns:xsi="http://www.w3.org/2001/XMLSchema-instance" xsi:schemaLocation="http://www.loc.gov/standards/alto/ns-v3# http://www.loc.gov/alto/v3/alto-3-0.xsd">
	<Description>
		<MeasurementUnit>pixel</MeasurementUnit>
		<sourceImageInformation>
			<fileName>/tmp/tess_gwjdhfbs_input.PNG</fileName>
		</sourceImageInformation>
		<OCRProcessing ID="OCR_0">
			<ocrProcessingStep>
				<processingSoftware>
					<softwareName>tesseract 5.3.4</softwareName>
				</processingSoftware>
			</ocrProcessingStep>
		</OCRProcessing>
	</Description>
	<Layout>
		<Page WIDTH="1017" HEIGHT="1731" PHYSICAL_IMG_NR="0" ID="page_0">
			<PrintSpace HPOS="0" VPOS="0" WIDTH="1017" HEIGHT="1731">
				<ComposedBlock ID="cblock_0" HPOS="275" VPOS="118" WIDTH="565" HEIGHT="25">
					<TextBlock ID="block_0" HPOS="275" VPOS="118" WIDTH="565" HEIGHT="25">
						<TextLine ID="line_0" HPOS="275" VPOS="118" WIDTH="565" HEIGHT="25">
							<String ID="string_0" HPOS="275" VPOS="121" WIDTH="180" HEIGHT="22" WC="0.90" CONTENT="Borgareständet"/><SP WIDTH="13" VPOS="121" HPOS="455"/>
							<String ID="string_1" HPOS="468" VPOS="122" WIDTH="54" HEIGHT="17" WC="0.96" CONTENT="1891."/><SP WIDTH="25" VPOS="122" HPOS="522"/>
							<String ID="string_2" HPOS="547" VPOS="122" WIDTH="20" HEIGHT="17" WC="0.96" CONTENT="15"/><SP WIDTH="13" VPOS="122" HPOS="567"/>
							<String ID="string_3" HPOS="580" VPOS="123" WIDTH="47" HEIGHT="20" WC="0.96" CONTENT="maj."/><SP WIDTH="161" VPOS="123" HPOS="627"/>
							<String ID="string_4" HPOS="788" VPOS="118" WIDTH="52" HEIGHT="20" WC="0.95" CONTENT="1141"/>
						</TextLine>
					</TextBlock>
				</ComposedBlock>
				<GraphicalElement ID="cblock_1" HPOS="44" VPOS="154" WIDTH="824" HEIGHT="7"></GraphicalElement >
				<ComposedBlock ID="cblock_2" HPOS="43" VPOS="201" WIDTH="825" HEIGHT="142">
					<TextBlock ID="block_1" HPOS="43" VPOS="201" WIDTH="825" HEIGHT="142">
						<TextLine ID="line_1" HPOS="43" VPOS="201" WIDTH="824" HEIGHT="28">
							<String ID="string_5" HPOS="43" VPOS="201" WIDTH="71" HEIGHT="21" WC="0.90" CONTENT="ralitet"/><SP WIDTH="15" VPOS="201" HPOS="114"/>
							<String ID="string_6" HPOS="129" VPOS="201" WIDTH="117" HEIGHT="20" WC="0.96" CONTENT="omfattade"/><SP WIDTH="16" VPOS="201" HPOS="246"/>
							<String ID="string_7" HPOS="262" VPOS="201" WIDTH="163" HEIGHT="27" WC="0.93" CONTENT="motiveringen."/><SP WIDTH="30" VPOS="201" HPOS="425"/>
							<String ID="string_8" HPOS="455" VPOS="201" WIDTH="42" HEIGHT="20" WC="0.96" CONTENT="Om"/><SP WIDTH="16" VPOS="201" HPOS="497"/>
							<String ID="string_9" HPOS="513" VPOS="208" WIDTH="26" HEIGHT="13" WC="0.96" CONTENT="en"/><SP WIDTH="20" VPOS="208" HPOS="539"/>
							<String ID="string_10" HPOS="559" VPOS="201" WIDTH="67" HEIGHT="20" WC="0.96" CONTENT="sådan"/><SP WIDTH="18" VPOS="201" HPOS="626"/>
							<String ID="string_11" HPOS="644" VPOS="201" WIDTH="162" HEIGHT="28" WC="0.96" CONTENT="omständighet,"/><SP WIDTH="16" VPOS="201" HPOS="806"/>
							<String ID="string_12" HPOS="822" VPOS="209" WIDTH="45" HEIGHT="14" WC="0.96" CONTENT="som"/>
						</TextLine>
						<TextLine ID="line_2" HPOS="44" VPOS="229" WIDTH="824" HEIGHT="28">
							<String ID="string_13" HPOS="44" VPOS="229" WIDTH="41" HEIGHT="21" WC="0.96" CONTENT="den"/><SP WIDTH="16" VPOS="229" HPOS="85"/>
							<String ID="string_14" HPOS="101" VPOS="229" WIDTH="170" HEIGHT="26" WC="0.93" CONTENT="ifrågavarande,"/><SP WIDTH="15" VPOS="229" HPOS="271"/>
							<String ID="string_15" HPOS="286" VPOS="229" WIDTH="105" HEIGHT="21" WC="0.92" CONTENT="behöfver"/><SP WIDTH="21" VPOS="229" HPOS="391"/>
							<String ID="string_16" HPOS="412" VPOS="236" WIDTH="26" HEIGHT="13" WC="0.93" CONTENT="en"/><SP WIDTH="23" VPOS="236" HPOS="438"/>
							<String ID="string_17" HPOS="461" VPOS="229" WIDTH="137" HEIGHT="28" WC="0.90" CONTENT="vidlyftigare"/><SP WIDTH="23" VPOS="229" HPOS="598"/>
							<String ID="string_18" HPOS="621" VPOS="230" WIDTH="128" HEIGHT="27" WC="0.96" CONTENT="motivering"/><SP WIDTH="23" VPOS="230" HPOS="749"/>
							<String ID="string_19" HPOS="772" VPOS="231" WIDTH="26" HEIGHT="19" WC="0.96" CONTENT="än"/><SP WIDTH="22" VPOS="231" HPOS="798"/>
							<String ID="string_20" HPOS="820" VPOS="230" WIDTH="48" HEIGHT="27" WC="0.96" CONTENT="den,"/>
						</TextLine>
						<TextLine ID="line_3" HPOS="43" VPOS="257" WIDTH="825" HEIGHT="29">
							<String ID="string_21" HPOS="43" VPOS="262" WIDTH="33" HEIGHT="17" WC="0.93" CONTENT="att"/><SP WIDTH="14" VPOS="262" HPOS="76"/>
							<String ID="string_22" HPOS="90" VPOS="260" WIDTH="114" HEIGHT="19" WC="0.96" CONTENT="ständerna"/><SP WIDTH="16" VPOS="260" HPOS="204"/>
							<String ID="string_23" HPOS="220" VPOS="261" WIDTH="70" HEIGHT="18" WC="0.92" CONTENT="ansett"/><SP WIDTH="15" VPOS="261" HPOS="290"/>
							<String ID="string_24" HPOS="305" VPOS="257" WIDTH="130" HEIGHT="28" WC="0.92" CONTENT="stadgandet"/><SP WIDTH="15" VPOS="257" HPOS="435"/>
							<String ID="string_25" HPOS="450" VPOS="257" WIDTH="121" HEIGHT="28" WC="0.81" CONTENT="obehöfiigt,"/><SP WIDTH="15" VPOS="257" HPOS="571"/>
							<String ID="string_26" HPOS="586" VPOS="257" WIDTH="25" HEIGHT="22" WC="0.96" CONTENT="sä"/><SP WIDTH="14" VPOS="257" HPOS="611"/>
							<String ID="string_27" HPOS="625" VPOS="260" WIDTH="23" HEIGHT="18" WC="0.96" CONTENT="är"/><SP WIDTH="16" VPOS="260" HPOS="648"/>
							<String ID="string_28" HPOS="664" VPOS="257" WIDTH="37" HEIGHT="22" WC="0.96" CONTENT="det"/><SP WIDTH="22" VPOS="257" HPOS="701"/>
							<String ID="string_29" HPOS="723" VPOS="258" WIDTH="86" HEIGHT="28" WC="0.91" CONTENT="mycket"/><SP WIDTH="21" VPOS="258" HPOS="809"/>
							<String ID="string_30" HPOS="830" VPOS="266" WIDTH="38" HEIGHT="13" WC="0.91" CONTENT="na-"/>
						</TextLine>
						<TextLine ID="line_4" HPOS="43" VPOS="286" WIDTH="823" HEIGHT="29">
							<String ID="string_31" HPOS="43" VPOS="287" WIDTH="99" HEIGHT="28" WC="0.93" CONTENT="turligare"/><SP WIDTH="16" VPOS="287" HPOS="142"/>
							<String ID="string_32" HPOS="158" VPOS="289" WIDTH="31" HEIGHT="18" WC="0.93" CONTENT="att"/><SP WIDTH="15" VPOS="289" HPOS="189"/>
							<String ID="string_33" HPOS="204" VPOS="286" WIDTH="243" HEIGHT="28" WC="0.92" CONTENT="expeditionsutskottet"/><SP WIDTH="15" VPOS="286" HPOS="447"/>
							<String ID="string_34" HPOS="462" VPOS="286" WIDTH="103" HEIGHT="29" WC="0.90" CONTENT="äberopar"/><SP WIDTH="16" VPOS="286" HPOS="565"/>
							<String ID="string_35" HPOS="581" VPOS="286" WIDTH="59" HEIGHT="21" WC="0.90" CONTENT="säväl"/><SP WIDTH="18" VPOS="286" HPOS="640"/>
							<String ID="string_36" HPOS="658" VPOS="287" WIDTH="145" HEIGHT="28" WC="0.91" CONTENT="majoritetens"/><SP WIDTH="19" VPOS="287" HPOS="803"/>
							<String ID="string_37" HPOS="822" VPOS="294" WIDTH="44" HEIGHT="14" WC="0.96" CONTENT="som"/>
						</TextLine>
						<TextLine ID="line_5" HPOS="43" VPOS="314" WIDTH="823" HEIGHT="29">
							<String ID="string_38" HPOS="43" VPOS="316" WIDTH="145" HEIGHT="20" WC="0.93" CONTENT="minoritetens"/><SP WIDTH="16" VPOS="316" HPOS="188"/>
							<String ID="string_39" HPOS="204" VPOS="315" WIDTH="45" HEIGHT="20" WC="0.94" CONTENT="skäl"/><SP WIDTH="16" VPOS="315" HPOS="249"/>
							<String ID="string_40" HPOS="265" VPOS="314" WIDTH="40" HEIGHT="21" WC="0.93" CONTENT="och"/><SP WIDTH="17" VPOS="314" HPOS="305"/>
							<String ID="string_41" HPOS="322" VPOS="314" WIDTH="90" HEIGHT="21" WC="0.93" CONTENT="sälunda"/><SP WIDTH="15" VPOS="314" HPOS="412"/>
							<String ID="string_42" HPOS="427" VPOS="322" WIDTH="38" HEIGHT="20" WC="0.96" CONTENT="ger"/><SP WIDTH="15" VPOS="322" HPOS="465"/>
							<String ID="string_43" HPOS="480" VPOS="317" WIDTH="56" HEIGHT="18" WC="0.93" CONTENT="ännu"/><SP WIDTH="15" VPOS="317" HPOS="536"/>
							<String ID="string_44" HPOS="551" VPOS="315" WIDTH="116" HEIGHT="28" WC="0.92" CONTENT="kraftigare"/><SP WIDTH="17" VPOS="315" HPOS="667"/>
							<String ID="string_45" HPOS="684" VPOS="315" WIDTH="48" HEIGHT="21" WC="0.96" CONTENT="stöd"/><SP WIDTH="18" VPOS="315" HPOS="732"/>
							<String ID="string_46" HPOS="750" VPOS="315" WIDTH="22" HEIGHT="21" WC="0.96" CONTENT="ät"/><SP WIDTH="22" VPOS="315" HPOS="772"/>
							<String ID="string_47" HPOS="794" VPOS="315" WIDTH="72" HEIGHT="21" WC="0.96" CONTENT="saken."/>
						</TextLine>
					</TextBlock>
				</ComposedBlock>
				<ComposedBlock ID="cblock_3" HPOS="42" VPOS="371" WIDTH="826" HEIGHT="314">
					<TextBlock ID="block_2" HPOS="42" VPOS="371" WIDTH="826" HEIGHT="314">
						<TextLine ID="line_6" HPOS="112" VPOS="371" WIDTH="756" HEIGHT="28">
							<String ID="string_48" HPOS="112" VPOS="372" WIDTH="33" HEIGHT="21" WC="0.92" CONTENT="Hr"/><SP WIDTH="15" VPOS="372" HPOS="145"/>
							<String ID="string_49" HPOS="160" VPOS="372" WIDTH="131" HEIGHT="21" WC="0.64" CONTENT="Jus6lius:"/><SP WIDTH="23" VPOS="372" HPOS="291"/>
							<String ID="string_50" HPOS="314" VPOS="371" WIDTH="71" HEIGHT="21" WC="0.96" CONTENT="Jämte"/><SP WIDTH="16" VPOS="371" HPOS="385"/>
							<String ID="string_51" HPOS="401" VPOS="371" WIDTH="38" HEIGHT="21" WC="0.96" CONTENT="det"/><SP WIDTH="10" VPOS="371" HPOS="439"/>
							<String ID="string_52" HPOS="449" VPOS="372" WIDTH="36" HEIGHT="27" WC="0.93" CONTENT="jag"/><SP WIDTH="15" VPOS="372" HPOS="485"/>
							<String ID="string_53" HPOS="500" VPOS="371" WIDTH="85" HEIGHT="22" WC="0.96" CONTENT="förenar"/><SP WIDTH="15" VPOS="371" HPOS="585"/>
							<String ID="string_54" HPOS="600" VPOS="373" WIDTH="43" HEIGHT="26" WC="0.96" CONTENT="mig"/><SP WIDTH="15" VPOS="373" HPOS="643"/>
							<String ID="string_55" HPOS="658" VPOS="372" WIDTH="49" HEIGHT="21" WC="0.96" CONTENT="med"/><SP WIDTH="10" VPOS="372" HPOS="707"/>
							<String ID="string_56" HPOS="717" VPOS="372" WIDTH="35" HEIGHT="22" WC="0.92" CONTENT="hrr"/><SP WIDTH="12" VPOS="372" HPOS="752"/>
							<String ID="string_57" HPOS="764" VPOS="373" WIDTH="104" HEIGHT="21" WC="0.91" CONTENT="Numme-"/>
						</TextLine>
						<TextLine ID="line_7" HPOS="43" VPOS="400" WIDTH="824" HEIGHT="28">
							<String ID="string_58" HPOS="43" VPOS="401" WIDTH="29" HEIGHT="20" WC="0.95" CONTENT="lin"/><SP WIDTH="16" VPOS="401" HPOS="72"/>
							<String ID="string_59" HPOS="88" VPOS="401" WIDTH="40" HEIGHT="20" WC="0.95" CONTENT="och"/><SP WIDTH="14" VPOS="401" HPOS="128"/>
							<String ID="string_60" HPOS="142" VPOS="401" WIDTH="127" HEIGHT="26" WC="0.81" CONTENT="Rönnbäck,"/><SP WIDTH="14" VPOS="401" HPOS="269"/>
							<String ID="string_61" HPOS="283" VPOS="400" WIDTH="37" HEIGHT="21" WC="0.96" CONTENT="vill"/><SP WIDTH="15" VPOS="400" HPOS="320"/>
							<String ID="string_62" HPOS="335" VPOS="401" WIDTH="42" HEIGHT="27" WC="0.96" CONTENT="jag,"/><SP WIDTH="15" VPOS="401" HPOS="377"/>
							<String ID="string_63" HPOS="392" VPOS="401" WIDTH="7" HEIGHT="20" WC="0.93" CONTENT="i"/><SP WIDTH="16" VPOS="401" HPOS="399"/>
							<String ID="string_64" HPOS="415" VPOS="400" WIDTH="116" HEIGHT="28" WC="0.92" CONTENT="anledning"/><SP WIDTH="14" VPOS="400" HPOS="531"/>
							<String ID="string_65" HPOS="545" VPOS="400" WIDTH="23" HEIGHT="21" WC="0.96" CONTENT="af"/><SP WIDTH="15" VPOS="400" HPOS="568"/>
							<String ID="string_66" HPOS="583" VPOS="401" WIDTH="25" HEIGHT="20" WC="0.93" CONTENT="hr"/><SP WIDTH="10" VPOS="401" HPOS="608"/>
							<String ID="string_67" HPOS="618" VPOS="401" WIDTH="115" HEIGHT="21" WC="0.93" CONTENT="Forsmans"/><SP WIDTH="11" VPOS="401" HPOS="733"/>
							<String ID="string_68" HPOS="744" VPOS="401" WIDTH="123" HEIGHT="27" WC="0.92" CONTENT="anförande,"/>
						</TextLine>
						<TextLine ID="line_8" HPOS="43" VPOS="429" WIDTH="825" HEIGHT="29">
							<String ID="string_69" HPOS="43" VPOS="432" WIDTH="30" HEIGHT="18" WC="0.96" CONTENT="att"/><SP WIDTH="17" VPOS="432" HPOS="73"/>
							<String ID="string_70" HPOS="90" VPOS="429" WIDTH="70" HEIGHT="21" WC="0.96" CONTENT="denna"/><SP WIDTH="14" VPOS="429" HPOS="160"/>
							<String ID="string_71" HPOS="174" VPOS="429" WIDTH="37" HEIGHT="22" WC="0.93" CONTENT="sak"/><SP WIDTH="17" VPOS="429" HPOS="211"/>
							<String ID="string_72" HPOS="228" VPOS="437" WIDTH="51" HEIGHT="14" WC="0.93" CONTENT="vore"/><SP WIDTH="16" VPOS="437" HPOS="279"/>
							<String ID="string_73" HPOS="295" VPOS="429" WIDTH="22" HEIGHT="20" WC="0.96" CONTENT="af"/><SP WIDTH="15" VPOS="429" HPOS="317"/>
							<String ID="string_74" HPOS="332" VPOS="429" WIDTH="89" HEIGHT="20" WC="0.96" CONTENT="alldeles"/><SP WIDTH="18" VPOS="429" HPOS="421"/>
							<String ID="string_75" HPOS="439" VPOS="429" WIDTH="65" HEIGHT="28" WC="0.92" CONTENT="ingen"/><SP WIDTH="22" VPOS="429" HPOS="504"/>
							<String ID="string_76" HPOS="526" VPOS="429" WIDTH="97" HEIGHT="28" WC="0.92" CONTENT="praktisk"/><SP WIDTH="22" VPOS="429" HPOS="623"/>
							<String ID="string_77" HPOS="645" VPOS="429" WIDTH="116" HEIGHT="28" WC="0.86" CONTENT="betydelse,"/><SP WIDTH="37" VPOS="429" HPOS="761"/>
							<String ID="string_78" HPOS="798" VPOS="429" WIDTH="70" HEIGHT="29" WC="0.92" CONTENT="päpeka"/>
						</TextLine>
						<TextLine ID="line_9" HPOS="43" VPOS="433" WIDTH="825" HEIGHT="55">
							<String ID="string_79" HPOS="43" VPOS="461" WIDTH="31" HEIGHT="17" WC="0.93" CONTENT="att"/><SP WIDTH="15" VPOS="461" HPOS="74"/>
							<String ID="string_80" HPOS="89" VPOS="457" WIDTH="85" HEIGHT="22" WC="0.91" CONTENT="ständet"/><SP WIDTH="15" VPOS="457" HPOS="174"/>
							<String ID="string_81" HPOS="189" VPOS="460" WIDTH="56" HEIGHT="19" WC="0.93" CONTENT="ännu"/><SP WIDTH="16" VPOS="460" HPOS="245"/>
							<String ID="string_82" HPOS="261" VPOS="457" WIDTH="48" HEIGHT="21" WC="0.91" CONTENT="icke"/><SP WIDTH="16" VPOS="457" HPOS="309"/>
							<String ID="string_83" HPOS="325" VPOS="457" WIDTH="94" HEIGHT="26" WC="0.90" CONTENT="beslutit,"/><SP WIDTH="15" VPOS="457" HPOS="419"/>
							<String ID="string_84" HPOS="434" VPOS="457" WIDTH="106" HEIGHT="22" WC="0.90" CONTENT="huruvida"/><SP WIDTH="21" VPOS="457" HPOS="540"/>
							<String ID="string_85" HPOS="561" VPOS="458" WIDTH="124" HEIGHT="21" WC="0.90" CONTENT="tillvärkare"/><SP WIDTH="22" VPOS="458" HPOS="685"/>
							<String ID="string_86" HPOS="707" VPOS="458" WIDTH="51" HEIGHT="21" WC="0.96" CONTENT="eller"/><SP WIDTH="17" VPOS="458" HPOS="758"/>
							<String ID="string_87" HPOS="775" VPOS="433" WIDTH="93" HEIGHT="55" WC="0.0" CONTENT="disklla-"/>
						</TextLine>
						<TextLine ID="line_10" HPOS="42" VPOS="485" WIDTH="826" HEIGHT="29">
							<String ID="string_88" HPOS="42" VPOS="488" WIDTH="34" HEIGHT="19" WC="0.93" CONTENT="tör"/><SP WIDTH="14" VPOS="488" HPOS="76"/>
							<String ID="string_89" HPOS="90" VPOS="486" WIDTH="53" HEIGHT="21" WC="0.93" CONTENT="skall"/><SP WIDTH="15" VPOS="486" HPOS="143"/>
							<String ID="string_90" HPOS="158" VPOS="487" WIDTH="66" HEIGHT="20" WC="0.93" CONTENT="hafva"/><SP WIDTH="16" VPOS="487" HPOS="224"/>
							<String ID="string_91" HPOS="240" VPOS="488" WIDTH="42" HEIGHT="19" WC="0.96" CONTENT="rätt"/><SP WIDTH="15" VPOS="488" HPOS="282"/>
							<String ID="string_92" HPOS="297" VPOS="489" WIDTH="31" HEIGHT="17" WC="0.93" CONTENT="att"/><SP WIDTH="15" VPOS="489" HPOS="328"/>
							<String ID="string_93" HPOS="343" VPOS="486" WIDTH="52" HEIGHT="28" WC="0.92" CONTENT="sälja"/><SP WIDTH="19" VPOS="486" HPOS="395"/>
							<String ID="string_94" HPOS="414" VPOS="485" WIDTH="77" HEIGHT="22" WC="0.96" CONTENT="endast"/><SP WIDTH="22" VPOS="485" HPOS="491"/>
							<String ID="string_95" HPOS="513" VPOS="486" WIDTH="31" HEIGHT="21" WC="0.93" CONTENT="till"/><SP WIDTH="22" VPOS="486" HPOS="544"/>
							<String ID="string_96" HPOS="566" VPOS="486" WIDTH="155" HEIGHT="28" WC="0.92" CONTENT="äterförsäljare"/><SP WIDTH="23" VPOS="486" HPOS="721"/>
							<String ID="string_97" HPOS="744" VPOS="487" WIDTH="51" HEIGHT="20" WC="0.93" CONTENT="eller"/><SP WIDTH="19" VPOS="487" HPOS="795"/>
							<String ID="string_98" HPOS="814" VPOS="486" WIDTH="54" HEIGHT="21" WC="0.90" CONTENT="icke."/>
						</TextLine>
						<TextLine ID="line_11" HPOS="43" VPOS="514" WIDTH="824" HEIGHT="29">
							<String ID="string_99" HPOS="43" VPOS="515" WIDTH="76" HEIGHT="21" WC="0.92" CONTENT="Denna"/><SP WIDTH="14" VPOS="515" HPOS="119"/>
							<String ID="string_100" HPOS="133" VPOS="515" WIDTH="63" HEIGHT="27" WC="0.95" CONTENT="fråga"/><SP WIDTH="14" VPOS="515" HPOS="196"/>
							<String ID="string_101" HPOS="210" VPOS="517" WIDTH="23" HEIGHT="19" WC="0.93" CONTENT="är"/><SP WIDTH="15" VPOS="517" HPOS="233"/>
							<String ID="string_102" HPOS="248" VPOS="516" WIDTH="77" HEIGHT="27" WC="0.95" CONTENT="öppen,"/><SP WIDTH="16" VPOS="516" HPOS="325"/>
							<String ID="string_103" HPOS="341" VPOS="514" WIDTH="40" HEIGHT="21" WC="0.96" CONTENT="och"/><SP WIDTH="15" VPOS="514" HPOS="381"/>
							<String ID="string_104" HPOS="396" VPOS="514" WIDTH="35" HEIGHT="21" WC="0.93" CONTENT="för"/><SP WIDTH="15" VPOS="514" HPOS="431"/>
							<String ID="string_105" HPOS="446" VPOS="518" WIDTH="72" HEIGHT="18" WC="0.96" CONTENT="resten"/><SP WIDTH="14" VPOS="518" HPOS="518"/>
							<String ID="string_106" HPOS="532" VPOS="518" WIDTH="45" HEIGHT="18" WC="0.96" CONTENT="tror"/><SP WIDTH="14" VPOS="518" HPOS="577"/>
							<String ID="string_107" HPOS="591" VPOS="516" WIDTH="36" HEIGHT="27" WC="0.93" CONTENT="jag"/><SP WIDTH="15" VPOS="516" HPOS="627"/>
							<String ID="string_108" HPOS="642" VPOS="516" WIDTH="17" HEIGHT="27" WC="0.95" CONTENT="ej"/><SP WIDTH="17" VPOS="516" HPOS="659"/>
							<String ID="string_109" HPOS="676" VPOS="518" WIDTH="31" HEIGHT="18" WC="0.93" CONTENT="att"/><SP WIDTH="16" VPOS="518" HPOS="707"/>
							<String ID="string_110" HPOS="723" VPOS="515" WIDTH="144" HEIGHT="28" WC="0.93" CONTENT="expeditions-"/>
						</TextLine>
						<TextLine ID="line_12" HPOS="42" VPOS="543" WIDTH="825" HEIGHT="29">
							<String ID="string_111" HPOS="42" VPOS="544" WIDTH="114" HEIGHT="20" WC="0.89" CONTENT="utskottets"/><SP WIDTH="16" VPOS="544" HPOS="156"/>
							<String ID="string_112" HPOS="172" VPOS="544" WIDTH="182" HEIGHT="26" WC="0.92" CONTENT="framställningar"/><SP WIDTH="15" VPOS="544" HPOS="354"/>
							<String ID="string_113" HPOS="369" VPOS="544" WIDTH="6" HEIGHT="19" WC="0.92" CONTENT="i"/><SP WIDTH="16" VPOS="544" HPOS="375"/>
							<String ID="string_114" HPOS="391" VPOS="543" WIDTH="75" HEIGHT="28" WC="0.92" CONTENT="dylika"/><SP WIDTH="15" VPOS="543" HPOS="466"/>
							<String ID="string_115" HPOS="481" VPOS="543" WIDTH="72" HEIGHT="28" WC="0.92" CONTENT="frägor"/><SP WIDTH="15" VPOS="543" HPOS="553"/>
							<String ID="string_116" HPOS="568" VPOS="544" WIDTH="64" HEIGHT="28" WC="0.93" CONTENT="pläga"/><SP WIDTH="15" VPOS="544" HPOS="632"/>
							<String ID="string_117" HPOS="647" VPOS="543" WIDTH="84" HEIGHT="21" WC="0.90" CONTENT="affattas"/><SP WIDTH="15" VPOS="543" HPOS="731"/>
							<String ID="string_118" HPOS="746" VPOS="543" WIDTH="29" HEIGHT="29" WC="0.96" CONTENT="pä"/><SP WIDTH="18" VPOS="543" HPOS="775"/>
							<String ID="string_119" HPOS="793" VPOS="543" WIDTH="37" HEIGHT="21" WC="0.96" CONTENT="det"/><SP WIDTH="14" VPOS="543" HPOS="830"/>
							<String ID="string_120" HPOS="844" VPOS="544" WIDTH="23" HEIGHT="20" WC="0.96" CONTENT="af"/>
						</TextLine>
						<TextLine ID="line_13" HPOS="42" VPOS="572" WIDTH="824" HEIGHT="28">
							<String ID="string_121" HPOS="42" VPOS="572" WIDTH="25" HEIGHT="20" WC="0.94" CONTENT="hr"/><SP WIDTH="14" VPOS="572" HPOS="67"/>
							<String ID="string_122" HPOS="81" VPOS="572" WIDTH="103" HEIGHT="20" WC="0.93" CONTENT="Forsman"/><SP WIDTH="16" VPOS="572" HPOS="184"/>
							<String ID="string_123" HPOS="200" VPOS="572" WIDTH="88" HEIGHT="28" WC="0.92" CONTENT="angifna"/><SP WIDTH="15" VPOS="572" HPOS="288"/>
							<String ID="string_124" HPOS="303" VPOS="573" WIDTH="74" HEIGHT="25" WC="0.96" CONTENT="sättet;"/><SP WIDTH="15" VPOS="573" HPOS="377"/>
							<String ID="string_125" HPOS="392" VPOS="575" WIDTH="53" HEIGHT="17" WC="0.96" CONTENT="utan"/><SP WIDTH="18" VPOS="575" HPOS="445"/>
							<String ID="string_126" HPOS="463" VPOS="574" WIDTH="24" HEIGHT="18" WC="0.96" CONTENT="är"/><SP WIDTH="16" VPOS="574" HPOS="487"/>
							<String ID="string_127" HPOS="503" VPOS="572" WIDTH="36" HEIGHT="28" WC="0.92" CONTENT="jag"/><SP WIDTH="17" VPOS="572" HPOS="539"/>
							<String ID="string_128" HPOS="556" VPOS="572" WIDTH="128" HEIGHT="28" WC="0.91" CONTENT="öfvertygad"/><SP WIDTH="23" VPOS="572" HPOS="684"/>
							<String ID="string_129" HPOS="707" VPOS="580" WIDTH="33" HEIGHT="13" WC="0.96" CONTENT="om"/><SP WIDTH="21" VPOS="580" HPOS="740"/>
							<String ID="string_130" HPOS="761" VPOS="575" WIDTH="37" HEIGHT="23" WC="0.93" CONTENT="att,"/><SP WIDTH="23" VPOS="575" HPOS="798"/>
							<String ID="string_131" HPOS="821" VPOS="572" WIDTH="45" HEIGHT="21" WC="0.92" CONTENT="ifall"/>
						</TextLine>
						<TextLine ID="line_14" HPOS="42" VPOS="600" WIDTH="825" HEIGHT="29">
							<String ID="string_132" HPOS="42" VPOS="600" WIDTH="70" HEIGHT="21" WC="0.92" CONTENT="denna"/><SP WIDTH="16" VPOS="600" HPOS="112"/>
							<String ID="string_133" HPOS="128" VPOS="600" WIDTH="157" HEIGHT="28" WC="0.92" CONTENT="omständighet"/><SP WIDTH="15" VPOS="600" HPOS="285"/>
							<String ID="string_134" HPOS="300" VPOS="608" WIDTH="29" HEIGHT="13" WC="0.93" CONTENT="nu"/><SP WIDTH="15" VPOS="608" HPOS="329"/>
							<String ID="string_135" HPOS="344" VPOS="608" WIDTH="99" HEIGHT="20" WC="0.92" CONTENT="passerar"/><SP WIDTH="14" VPOS="608" HPOS="443"/>
							<String ID="string_136" HPOS="457" VPOS="604" WIDTH="52" HEIGHT="17" WC="0.92" CONTENT="utan"/><SP WIDTH="22" VPOS="604" HPOS="509"/>
							<String ID="string_137" HPOS="531" VPOS="600" WIDTH="144" HEIGHT="28" WC="0.91" CONTENT="anmärkning,"/><SP WIDTH="23" VPOS="600" HPOS="675"/>
							<String ID="string_138" HPOS="698" VPOS="600" WIDTH="169" HEIGHT="29" WC="0.91" CONTENT="expeditionsut-"/>
						</TextLine>
						<TextLine ID="line_15" HPOS="42" VPOS="629" WIDTH="825" HEIGHT="29">
							<String ID="string_139" HPOS="42" VPOS="629" WIDTH="80" HEIGHT="21" WC="0.91" CONTENT="skottet"/><SP WIDTH="14" VPOS="629" HPOS="122"/>
							<String ID="string_140" HPOS="136" VPOS="629" WIDTH="84" HEIGHT="21" WC="0.92" CONTENT="komme"/><SP WIDTH="16" VPOS="629" HPOS="220"/>
							<String ID="string_141" HPOS="236" VPOS="632" WIDTH="31" HEIGHT="18" WC="0.92" CONTENT="att"/><SP WIDTH="16" VPOS="632" HPOS="267"/>
							<String ID="string_142" HPOS="283" VPOS="629" WIDTH="92" HEIGHT="21" WC="0.92" CONTENT="stilisera"/><SP WIDTH="14" VPOS="629" HPOS="375"/>
							<String ID="string_143" HPOS="389" VPOS="630" WIDTH="34" HEIGHT="20" WC="0.93" CONTENT="sin"/><SP WIDTH="16" VPOS="630" HPOS="423"/>
							<String ID="string_144" HPOS="439" VPOS="630" WIDTH="128" HEIGHT="26" WC="0.92" CONTENT="motivering"/><SP WIDTH="14" VPOS="630" HPOS="567"/>
							<String ID="string_145" HPOS="581" VPOS="630" WIDTH="7" HEIGHT="20" WC="0.96" CONTENT="i"/><SP WIDTH="17" VPOS="630" HPOS="588"/>
							<String ID="string_146" HPOS="605" VPOS="629" WIDTH="93" HEIGHT="28" WC="0.96" CONTENT="enlighet"/><SP WIDTH="14" VPOS="629" HPOS="698"/>
							<String ID="string_147" HPOS="712" VPOS="629" WIDTH="48" HEIGHT="21" WC="0.93" CONTENT="med"/><SP WIDTH="20" VPOS="629" HPOS="760"/>
							<String ID="string_148" HPOS="780" VPOS="629" WIDTH="87" HEIGHT="29" WC="0.91" CONTENT="plurali-"/>
						</TextLine>
						<TextLine ID="line_16" HPOS="42" VPOS="658" WIDTH="692" HEIGHT="27">
							<String ID="string_149" HPOS="42" VPOS="660" WIDTH="68" HEIGHT="18" WC="0.93" CONTENT="tetens"/><SP WIDTH="16" VPOS="660" HPOS="110"/>
							<String ID="string_150" HPOS="126" VPOS="658" WIDTH="85" HEIGHT="27" WC="0.95" CONTENT="förslag."/><SP WIDTH="521" VPOS="658" HPOS="211"/>
							<String ID="string_151" HPOS="732" VPOS="667" WIDTH="2" HEIGHT="2" WC="0.49" CONTENT="e"/>
						</TextLine>
					</TextBlock>
				</ComposedBlock>
				<ComposedBlock ID="cblock_4" HPOS="41" VPOS="714" WIDTH="826" HEIGHT="78">
					<TextBlock ID="block_3" HPOS="41" VPOS="714" WIDTH="826" HEIGHT="78">
						<TextLine ID="line_17" HPOS="109" VPOS="714" WIDTH="757" HEIGHT="29">
							<String ID="string_152" HPOS="109" VPOS="714" WIDTH="34" HEIGHT="21" WC="0.91" CONTENT="Hr"/><SP WIDTH="14" VPOS="714" HPOS="143"/>
							<String ID="string_153" HPOS="157" VPOS="714" WIDTH="123" HEIGHT="28" WC="0.91" CONTENT="Hoving:"/><SP WIDTH="23" VPOS="714" HPOS="280"/>
							<String ID="string_154" HPOS="303" VPOS="714" WIDTH="42" HEIGHT="28" WC="0.93" CONTENT="Jag"/><SP WIDTH="12" VPOS="714" HPOS="345"/>
							<String ID="string_155" HPOS="357" VPOS="714" WIDTH="97" HEIGHT="21" WC="0.92" CONTENT="önskade"/><SP WIDTH="12" VPOS="714" HPOS="454"/>
							<String ID="string_156" HPOS="466" VPOS="715" WIDTH="75" HEIGHT="21" WC="0.93" CONTENT="endast"/><SP WIDTH="11" VPOS="715" HPOS="541"/>
							<String ID="string_157" HPOS="552" VPOS="714" WIDTH="111" HEIGHT="22" WC="0.92" CONTENT="framhälla"/><SP WIDTH="16" VPOS="714" HPOS="663"/>
							<String ID="string_158" HPOS="679" VPOS="718" WIDTH="31" HEIGHT="18" WC="0.96" CONTENT="att"/><SP WIDTH="14" VPOS="718" HPOS="710"/>
							<String ID="string_159" HPOS="724" VPOS="716" WIDTH="41" HEIGHT="27" WC="0.93" CONTENT="jag,"/><SP WIDTH="11" VPOS="716" HPOS="765"/>
							<String ID="string_160" HPOS="776" VPOS="714" WIDTH="90" HEIGHT="22" WC="0.92" CONTENT="likasom"/>
						</TextLine>
						<TextLine ID="line_18" HPOS="41" VPOS="743" WIDTH="826" HEIGHT="27">
							<String ID="string_161" HPOS="41" VPOS="743" WIDTH="35" HEIGHT="20" WC="0.96" CONTENT="hrr"/><SP WIDTH="15" VPOS="743" HPOS="76"/>
							<String ID="string_162" HPOS="91" VPOS="743" WIDTH="122" HEIGHT="21" WC="0.96" CONTENT="Nummelin"/><SP WIDTH="17" VPOS="743" HPOS="213"/>
							<String ID="string_163" HPOS="230" VPOS="743" WIDTH="40" HEIGHT="21" WC="0.96" CONTENT="och"/><SP WIDTH="15" VPOS="743" HPOS="270"/>
							<String ID="string_164" HPOS="285" VPOS="743" WIDTH="127" HEIGHT="26" WC="0.93" CONTENT="Rönnbäck,"/><SP WIDTH="16" VPOS="743" HPOS="412"/>
							<String ID="string_165" HPOS="428" VPOS="743" WIDTH="100" HEIGHT="21" WC="0.92" CONTENT="omfattat"/><SP WIDTH="15" VPOS="743" HPOS="528"/>
							<String ID="string_166" HPOS="543" VPOS="743" WIDTH="42" HEIGHT="21" WC="0.93" CONTENT="den"/><SP WIDTH="16" VPOS="743" HPOS="585"/>
							<String ID="string_167" HPOS="601" VPOS="743" WIDTH="61" HEIGHT="27" WC="0.92" CONTENT="äsikt,"/><SP WIDTH="15" VPOS="743" HPOS="662"/>
							<String ID="string_168" HPOS="677" VPOS="751" WIDTH="45" HEIGHT="13" WC="0.93" CONTENT="som"/><SP WIDTH="15" VPOS="751" HPOS="722"/>
							<String ID="string_169" HPOS="737" VPOS="743" WIDTH="87" HEIGHT="21" WC="0.92" CONTENT="uttalats"/><SP WIDTH="19" VPOS="743" HPOS="824"/>
							<String ID="string_170" HPOS="843" VPOS="743" WIDTH="24" HEIGHT="21" WC="0.96" CONTENT="af"/>
						</TextLine>
						<TextLine ID="line_19" HPOS="42" VPOS="772" WIDTH="280" HEIGHT="20">
							<String ID="string_171" HPOS="42" VPOS="772" WIDTH="133" HEIGHT="20" WC="0.91" CONTENT="minoriteten"/><SP WIDTH="15" VPOS="772" HPOS="175"/>
							<String ID="string_172" HPOS="190" VPOS="772" WIDTH="7" HEIGHT="20" WC="0.93" CONTENT="i"/><SP WIDTH="15" VPOS="772" HPOS="197"/>
							<String ID="string_173" HPOS="212" VPOS="772" WIDTH="110" HEIGHT="20" WC="0.92" CONTENT="utskottet."/>
						</TextLine>
					</TextBlock>
				</ComposedBlock>
				<ComposedBlock ID="cblock_5" HPOS="40" VPOS="828" WIDTH="826" HEIGHT="84">
					<TextBlock ID="block_4" HPOS="40" VPOS="828" WIDTH="826" HEIGHT="84">
						<TextLine ID="line_20" HPOS="108" VPOS="828" WIDTH="758" HEIGHT="28">
							<String ID="string_174" HPOS="108" VPOS="828" WIDTH="35" HEIGHT="21" WC="0.92" CONTENT="Dä"/><SP WIDTH="22" VPOS="828" HPOS="143"/>
							<String ID="string_175" HPOS="165" VPOS="829" WIDTH="63" HEIGHT="27" WC="0.93" CONTENT="ingen"/><SP WIDTH="22" VPOS="829" HPOS="228"/>
							<String ID="string_176" HPOS="250" VPOS="828" WIDTH="141" HEIGHT="28" WC="0.92" CONTENT="anmärkning"/><SP WIDTH="21" VPOS="828" HPOS="391"/>
							<String ID="string_177" HPOS="412" VPOS="829" WIDTH="69" HEIGHT="27" WC="0.91" CONTENT="gjorts"/><SP WIDTH="24" VPOS="829" HPOS="481"/>
							<String ID="string_178" HPOS="505" VPOS="832" WIDTH="55" HEIGHT="18" WC="0.96" CONTENT="emot"/><SP WIDTH="24" VPOS="832" HPOS="560"/>
							<String ID="string_179" HPOS="584" VPOS="829" WIDTH="41" HEIGHT="20" WC="0.96" CONTENT="den"/><SP WIDTH="23" VPOS="829" HPOS="625"/>
							<String ID="string_180" HPOS="648" VPOS="829" WIDTH="22" HEIGHT="21" WC="0.92" CONTENT="af"/><SP WIDTH="20" VPOS="829" HPOS="670"/>
							<String ID="string_181" HPOS="690" VPOS="829" WIDTH="104" HEIGHT="21" WC="0.92" CONTENT="utskottet"/><SP WIDTH="15" VPOS="829" HPOS="794"/>
							<String ID="string_182" HPOS="809" VPOS="828" WIDTH="57" HEIGHT="21" WC="0.93" CONTENT="före-"/>
						</TextLine>
						<TextLine ID="line_21" HPOS="41" VPOS="856" WIDTH="824" HEIGHT="29">
							<String ID="string_183" HPOS="41" VPOS="857" WIDTH="74" HEIGHT="27" WC="0.96" CONTENT="slagna"/><SP WIDTH="26" VPOS="857" HPOS="115"/>
							<String ID="string_184" HPOS="141" VPOS="856" WIDTH="96" HEIGHT="29" WC="0.96" CONTENT="lydelsen"/><SP WIDTH="25" VPOS="856" HPOS="237"/>
							<String ID="string_185" HPOS="262" VPOS="857" WIDTH="35" HEIGHT="20" WC="0.92" CONTENT="för"/><SP WIDTH="25" VPOS="857" HPOS="297"/>
							<String ID="string_186" HPOS="322" VPOS="858" WIDTH="12" HEIGHT="26" WC="0.80" CONTENT="&amp;"/><SP WIDTH="24" VPOS="858" HPOS="334"/>
							<String ID="string_187" HPOS="358" VPOS="858" WIDTH="33" HEIGHT="25" WC="0.96" CONTENT="20,"/><SP WIDTH="21" VPOS="858" HPOS="391"/>
							<String ID="string_188" HPOS="412" VPOS="864" WIDTH="40" HEIGHT="14" WC="0.93" CONTENT="var"/><SP WIDTH="25" VPOS="864" HPOS="452"/>
							<String ID="string_189" HPOS="477" VPOS="857" WIDTH="122" HEIGHT="21" WC="0.96" CONTENT="densamma"/><SP WIDTH="26" VPOS="857" HPOS="599"/>
							<String ID="string_190" HPOS="625" VPOS="857" WIDTH="82" HEIGHT="21" WC="0.96" CONTENT="således"/><SP WIDTH="26" VPOS="857" HPOS="707"/>
							<String ID="string_191" HPOS="733" VPOS="857" WIDTH="22" HEIGHT="21" WC="0.93" CONTENT="af"/><SP WIDTH="25" VPOS="857" HPOS="755"/>
							<String ID="string_192" HPOS="780" VPOS="856" WIDTH="85" HEIGHT="22" WC="0.95" CONTENT="ståndet"/>
						</TextLine>
						<TextLine ID="line_22" HPOS="40" VPOS="885" WIDTH="106" HEIGHT="27">
							<String ID="string_193" HPOS="40" VPOS="885" WIDTH="106" HEIGHT="27" WC="0.93" CONTENT="godkänd."/>
						</TextLine>
					</TextBlock>
				</ComposedBlock>
				<ComposedBlock ID="cblock_6" HPOS="40" VPOS="942" WIDTH="826" HEIGHT="85">
					<TextBlock ID="block_5" HPOS="40" VPOS="942" WIDTH="826" HEIGHT="85">
						<TextLine ID="line_23" HPOS="108" VPOS="942" WIDTH="758" HEIGHT="27">
							<String ID="string_194" HPOS="108" VPOS="942" WIDTH="136" HEIGHT="21" WC="0.87" CONTENT="Beträffande"/><SP WIDTH="17" VPOS="942" HPOS="244"/>
							<String ID="string_195" HPOS="261" VPOS="942" WIDTH="26" HEIGHT="21" WC="0.93" CONTENT="de"/><SP WIDTH="15" VPOS="942" HPOS="287"/>
							<String ID="string_196" HPOS="302" VPOS="943" WIDTH="74" HEIGHT="26" WC="0.90" CONTENT="motiv,"/><SP WIDTH="16" VPOS="943" HPOS="376"/>
							<String ID="string_197" HPOS="392" VPOS="950" WIDTH="46" HEIGHT="13" WC="0.95" CONTENT="som"/><SP WIDTH="17" VPOS="950" HPOS="438"/>
							<String ID="string_198" HPOS="455" VPOS="943" WIDTH="67" HEIGHT="20" WC="0.95" CONTENT="borde"/><SP WIDTH="15" VPOS="943" HPOS="522"/>
							<String ID="string_199" HPOS="537" VPOS="943" WIDTH="6" HEIGHT="20" WC="0.93" CONTENT="i"/><SP WIDTH="12" VPOS="943" HPOS="543"/>
							<String ID="string_200" HPOS="555" VPOS="943" WIDTH="124" HEIGHT="20" WC="0.92" CONTENT="ständernas"/><SP WIDTH="12" VPOS="943" HPOS="679"/>
							<String ID="string_201" HPOS="691" VPOS="943" WIDTH="175" HEIGHT="21" WC="0.91" CONTENT="svarsskrifvelse"/>
						</TextLine>
						<TextLine ID="line_24" HPOS="40" VPOS="971" WIDTH="826" HEIGHT="28">
							<String ID="string_202" HPOS="40" VPOS="971" WIDTH="85" HEIGHT="20" WC="0.96" CONTENT="anföras"/><SP WIDTH="15" VPOS="971" HPOS="125"/>
							<String ID="string_203" HPOS="140" VPOS="971" WIDTH="36" HEIGHT="20" WC="0.93" CONTENT="för"/><SP WIDTH="14" VPOS="971" HPOS="176"/>
							<String ID="string_204" HPOS="190" VPOS="971" WIDTH="145" HEIGHT="20" WC="0.92" CONTENT="uteslutandet"/><SP WIDTH="16" VPOS="971" HPOS="335"/>
							<String ID="string_205" HPOS="351" VPOS="971" WIDTH="23" HEIGHT="20" WC="0.96" CONTENT="af"/><SP WIDTH="20" VPOS="971" HPOS="374"/>
							<String ID="string_206" HPOS="394" VPOS="971" WIDTH="38" HEIGHT="20" WC="0.65" CONTENT="det"/><SP WIDTH="15" VPOS="971" HPOS="432"/>
							<String ID="string_207" HPOS="447" VPOS="972" WIDTH="5" HEIGHT="19" WC="0.65" CONTENT="i"/><SP WIDTH="18" VPOS="972" HPOS="452"/>
							<String ID="string_208" HPOS="470" VPOS="971" WIDTH="41" HEIGHT="21" WC="0.93" CONTENT="den"/><SP WIDTH="19" VPOS="971" HPOS="511"/>
							<String ID="string_209" HPOS="530" VPOS="971" WIDTH="78" HEIGHT="28" WC="0.96" CONTENT="nådiga"/><SP WIDTH="19" VPOS="971" HPOS="608"/>
							<String ID="string_210" HPOS="627" VPOS="972" WIDTH="159" HEIGHT="27" WC="0.93" CONTENT="propositionen"/><SP WIDTH="22" VPOS="972" HPOS="786"/>
							<String ID="string_211" HPOS="808" VPOS="971" WIDTH="58" HEIGHT="20" WC="0.93" CONTENT="före-"/>
						</TextLine>
						<TextLine ID="line_25" HPOS="40" VPOS="999" WIDTH="826" HEIGHT="28">
							<String ID="string_212" HPOS="40" VPOS="999" WIDTH="72" HEIGHT="27" WC="0.95" CONTENT="slagna"/><SP WIDTH="11" VPOS="999" HPOS="112"/>
							<String ID="string_213" HPOS="123" VPOS="1000" WIDTH="14" HEIGHT="19" WC="0.93" CONTENT="4"/><SP WIDTH="10" VPOS="1000" HPOS="137"/>
							<String ID="string_214" HPOS="147" VPOS="1007" WIDTH="67" HEIGHT="18" WC="0.89" CONTENT="mom.,"/><SP WIDTH="10" VPOS="1007" HPOS="214"/>
							<String ID="string_215" HPOS="224" VPOS="999" WIDTH="135" HEIGHT="21" WC="0.93" CONTENT="framstäldes"/><SP WIDTH="10" VPOS="999" HPOS="359"/>
							<String ID="string_216" HPOS="369" VPOS="999" WIDTH="98" HEIGHT="21" WC="0.96" CONTENT="däremot"/><SP WIDTH="10" VPOS="999" HPOS="467"/>
							<String ID="string_217" HPOS="477" VPOS="999" WIDTH="94" HEIGHT="28" WC="0.93" CONTENT="följande"/><SP WIDTH="9" VPOS="999" HPOS="571"/>
							<String ID="string_218" HPOS="580" VPOS="999" WIDTH="286" HEIGHT="28" WC="0.66" CONTENT="omröstningsproposition"/><SP WIDTH="-10" VPOS="999" HPOS="866"/>
							<String ID="string_219" HPOS="856" VPOS="995" WIDTH="13" HEIGHT="37" WC="0.66" CONTENT=":"/>
						</TextLine>
					</TextBlock>
				</ComposedBlock>
				<ComposedBlock ID="cblock_7" HPOS="37" VPOS="1056" WIDTH="825" HEIGHT="141">
					<TextBlock ID="block_6" HPOS="40" VPOS="1056" WIDTH="822" HEIGHT="57">
						<TextLine ID="line_26" HPOS="108" VPOS="1056" WIDTH="754" HEIGHT="28">
							<String ID="string_220" HPOS="108" VPOS="1056" WIDTH="38" HEIGHT="27" WC="0.93" CONTENT="De,"/><SP WIDTH="16" VPOS="1056" HPOS="146"/>
							<String ID="string_221" HPOS="162" VPOS="1056" WIDTH="74" HEIGHT="21" WC="0.91" CONTENT="hvilka"/><SP WIDTH="12" VPOS="1056" HPOS="236"/>
							<String ID="string_222" HPOS="248" VPOS="1057" WIDTH="118" HEIGHT="26" WC="0.90" CONTENT="godkänna"/><SP WIDTH="15" VPOS="1057" HPOS="366"/>
							<String ID="string_223" HPOS="381" VPOS="1057" WIDTH="114" HEIGHT="20" WC="0.92" CONTENT="utskottets"/><SP WIDTH="16" VPOS="1057" HPOS="495"/>
							<String ID="string_224" HPOS="511" VPOS="1057" WIDTH="66" HEIGHT="20" WC="0.92" CONTENT="motiv"/><SP WIDTH="16" VPOS="1057" HPOS="577"/>
							<String ID="string_225" HPOS="593" VPOS="1057" WIDTH="35" HEIGHT="20" WC="0.96" CONTENT="till"/><SP WIDTH="14" VPOS="1057" HPOS="628"/>
							<String ID="string_226" HPOS="642" VPOS="1057" WIDTH="41" HEIGHT="20" WC="0.94" CONTENT="den"/><SP WIDTH="14" VPOS="1057" HPOS="683"/>
							<String ID="string_227" HPOS="697" VPOS="1057" WIDTH="10" HEIGHT="20" WC="0.93" CONTENT="i"/><SP WIDTH="14" VPOS="1057" HPOS="707"/>
							<String ID="string_228" HPOS="721" VPOS="1056" WIDTH="64" HEIGHT="28" WC="0.91" CONTENT="fräga"/><SP WIDTH="16" VPOS="1056" HPOS="785"/>
							<String ID="string_229" HPOS="801" VPOS="1063" WIDTH="35" HEIGHT="14" WC="0.92" CONTENT="om"/><SP WIDTH="12" VPOS="1063" HPOS="836"/>
							<String ID="string_230" HPOS="848" VPOS="1056" WIDTH="14" HEIGHT="27" WC="0.92" CONTENT="$"/>
						</TextLine>
						<TextLine ID="line_27" HPOS="40" VPOS="1085" WIDTH="822" HEIGHT="28">
							<String ID="string_231" HPOS="40" VPOS="1085" WIDTH="32" HEIGHT="20" WC="0.93" CONTENT="20"/><SP WIDTH="14" VPOS="1085" HPOS="72"/>
							<String ID="string_232" HPOS="86" VPOS="1085" WIDTH="104" HEIGHT="27" WC="0.90" CONTENT="vidtagna"/><SP WIDTH="14" VPOS="1085" HPOS="190"/>
							<String ID="string_233" HPOS="204" VPOS="1085" WIDTH="167" HEIGHT="27" WC="0.90" CONTENT="förändringen,"/><SP WIDTH="16" VPOS="1085" HPOS="371"/>
							<String ID="string_234" HPOS="387" VPOS="1087" WIDTH="61" HEIGHT="19" WC="0.92" CONTENT="rösta"/><SP WIDTH="10" VPOS="1087" HPOS="448"/>
							<String ID="string_235" HPOS="458" VPOS="1085" WIDTH="39" HEIGHT="28" WC="0.96" CONTENT="ja;"/><SP WIDTH="16" VPOS="1085" HPOS="497"/>
							<String ID="string_236" HPOS="513" VPOS="1085" WIDTH="31" HEIGHT="27" WC="0.97" CONTENT="de,"/><SP WIDTH="16" VPOS="1085" HPOS="544"/>
							<String ID="string_237" HPOS="560" VPOS="1085" WIDTH="35" HEIGHT="21" WC="0.93" CONTENT="det"/><SP WIDTH="14" VPOS="1085" HPOS="595"/>
							<String ID="string_238" HPOS="609" VPOS="1085" WIDTH="44" HEIGHT="21" WC="0.89" CONTENT="icke"/><SP WIDTH="14" VPOS="1085" HPOS="653"/>
							<String ID="string_239" HPOS="667" VPOS="1088" WIDTH="59" HEIGHT="25" WC="0.93" CONTENT="göra,"/><SP WIDTH="16" VPOS="1088" HPOS="726"/>
							<String ID="string_240" HPOS="742" VPOS="1086" WIDTH="59" HEIGHT="19" WC="0.92" CONTENT="rösta"/><SP WIDTH="13" VPOS="1086" HPOS="801"/>
							<String ID="string_241" HPOS="814" VPOS="1085" WIDTH="48" HEIGHT="27" WC="0.95" CONTENT="nej;"/>
						</TextLine>
					</TextBlock>
					<TextBlock ID="block_7" HPOS="37" VPOS="1113" WIDTH="825" HEIGHT="84">
						<TextLine ID="line_28" HPOS="106" VPOS="1113" WIDTH="755" HEIGHT="28">
							<String ID="string_242" HPOS="106" VPOS="1113" WIDTH="79" HEIGHT="20" WC="0.91" CONTENT="vinner"/><SP WIDTH="15" VPOS="1113" HPOS="185"/>
							<String ID="string_243" HPOS="200" VPOS="1113" WIDTH="41" HEIGHT="28" WC="0.95" CONTENT="nej,"/><SP WIDTH="16" VPOS="1113" HPOS="241"/>
							<String ID="string_244" HPOS="257" VPOS="1113" WIDTH="42" HEIGHT="21" WC="0.93" CONTENT="har"/><SP WIDTH="15" VPOS="1113" HPOS="299"/>
							<String ID="string_245" HPOS="314" VPOS="1113" WIDTH="178" HEIGHT="28" WC="0.91" CONTENT="borgareständet"/><SP WIDTH="15" VPOS="1113" HPOS="492"/>
							<String ID="string_246" HPOS="507" VPOS="1114" WIDTH="86" HEIGHT="21" WC="0.91" CONTENT="beslutit"/><SP WIDTH="10" VPOS="1114" HPOS="593"/>
							<String ID="string_247" HPOS="603" VPOS="1115" WIDTH="33" HEIGHT="20" WC="0.96" CONTENT="att"/><SP WIDTH="11" VPOS="1115" HPOS="636"/>
							<String ID="string_248" HPOS="647" VPOS="1114" WIDTH="72" HEIGHT="21" WC="0.93" CONTENT="denna"/><SP WIDTH="10" VPOS="1114" HPOS="719"/>
							<String ID="string_249" HPOS="729" VPOS="1113" WIDTH="132" HEIGHT="28" WC="0.92" CONTENT="förändring"/>
						</TextLine>
						<TextLine ID="line_29" HPOS="38" VPOS="1141" WIDTH="824" HEIGHT="28">
							<String ID="string_250" HPOS="38" VPOS="1141" WIDTH="28" HEIGHT="27" WC="0.96" CONTENT="af"/><SP WIDTH="11" VPOS="1141" HPOS="66"/>
							<String ID="string_251" HPOS="77" VPOS="1141" WIDTH="41" HEIGHT="21" WC="0.93" CONTENT="den"/><SP WIDTH="14" VPOS="1141" HPOS="118"/>
							<String ID="string_252" HPOS="132" VPOS="1141" WIDTH="83" HEIGHT="28" WC="0.91" CONTENT="nädiga"/><SP WIDTH="12" VPOS="1141" HPOS="215"/>
							<String ID="string_253" HPOS="227" VPOS="1142" WIDTH="167" HEIGHT="27" WC="0.96" CONTENT="propositionen"/><SP WIDTH="15" VPOS="1142" HPOS="394"/>
							<String ID="string_254" HPOS="409" VPOS="1143" WIDTH="58" HEIGHT="20" WC="0.93" CONTENT="skall"/><SP WIDTH="16" VPOS="1143" HPOS="467"/>
							<String ID="string_255" HPOS="483" VPOS="1143" WIDTH="115" HEIGHT="20" WC="0.92" CONTENT="motiveras"/><SP WIDTH="14" VPOS="1143" HPOS="598"/>
							<String ID="string_256" HPOS="612" VPOS="1142" WIDTH="30" HEIGHT="27" WC="0.96" CONTENT="pä"/><SP WIDTH="14" VPOS="1142" HPOS="642"/>
							<String ID="string_257" HPOS="656" VPOS="1144" WIDTH="44" HEIGHT="19" WC="0.93" CONTENT="sätt"/><SP WIDTH="21" VPOS="1144" HPOS="700"/>
							<String ID="string_258" HPOS="721" VPOS="1141" WIDTH="141" HEIGHT="22" WC="0.90" CONTENT="minoriteten"/>
						</TextLine>
						<TextLine ID="line_30" HPOS="37" VPOS="1170" WIDTH="291" HEIGHT="27">
							<String ID="string_259" HPOS="37" VPOS="1170" WIDTH="60" HEIGHT="20" WC="0.91" CONTENT="inom"/><SP WIDTH="17" VPOS="1170" HPOS="97"/>
							<String ID="string_260" HPOS="114" VPOS="1170" WIDTH="100" HEIGHT="21" WC="0.93" CONTENT="utskottet"/><SP WIDTH="12" VPOS="1170" HPOS="214"/>
							<String ID="string_261" HPOS="226" VPOS="1170" WIDTH="102" HEIGHT="27" WC="0.91" CONTENT="päyrkat."/>
						</TextLine>
					</TextBlock>
				</ComposedBlock>
				<ComposedBlock ID="cblock_8" HPOS="37" VPOS="1226" WIDTH="825" HEIGHT="228">
					<TextBlock ID="block_8" HPOS="37" VPOS="1226" WIDTH="825" HEIGHT="115">
						<TextLine ID="line_31" HPOS="105" VPOS="1226" WIDTH="757" HEIGHT="29">
							<String ID="string_262" HPOS="105" VPOS="1226" WIDTH="163" HEIGHT="29" WC="0.93" CONTENT="Propositionen"/><SP WIDTH="16" VPOS="1226" HPOS="268"/>
							<String ID="string_263" HPOS="284" VPOS="1227" WIDTH="129" HEIGHT="21" WC="0.91" CONTENT="besvarades"/><SP WIDTH="17" VPOS="1227" HPOS="413"/>
							<String ID="string_264" HPOS="430" VPOS="1227" WIDTH="50" HEIGHT="21" WC="0.93" CONTENT="med"/><SP WIDTH="21" VPOS="1227" HPOS="480"/>
							<String ID="string_265" HPOS="501" VPOS="1227" WIDTH="158" HEIGHT="28" WC="0.92" CONTENT="öfvervägande"/><SP WIDTH="23" VPOS="1227" HPOS="659"/>
							<String ID="string_266" HPOS="682" VPOS="1228" WIDTH="40" HEIGHT="27" WC="0.96" CONTENT="nej,"/><SP WIDTH="23" VPOS="1228" HPOS="722"/>
							<String ID="string_267" HPOS="745" VPOS="1227" WIDTH="39" HEIGHT="21" WC="0.96" CONTENT="och"/><SP WIDTH="24" VPOS="1227" HPOS="784"/>
							<String ID="string_268" HPOS="808" VPOS="1227" WIDTH="54" HEIGHT="21" WC="0.96" CONTENT="hade"/>
						</TextLine>
						<TextLine ID="line_32" HPOS="38" VPOS="1254" WIDTH="824" HEIGHT="29">
							<String ID="string_269" HPOS="38" VPOS="1254" WIDTH="84" HEIGHT="22" WC="0.96" CONTENT="ståndet"/><SP WIDTH="22" VPOS="1254" HPOS="122"/>
							<String ID="string_270" HPOS="144" VPOS="1255" WIDTH="82" HEIGHT="21" WC="0.93" CONTENT="således"/><SP WIDTH="22" VPOS="1255" HPOS="226"/>
							<String ID="string_271" HPOS="248" VPOS="1255" WIDTH="89" HEIGHT="22" WC="0.84" CONTENT="beslutit"/><SP WIDTH="22" VPOS="1255" HPOS="337"/>
							<String ID="string_272" HPOS="359" VPOS="1259" WIDTH="31" HEIGHT="18" WC="0.93" CONTENT="att"/><SP WIDTH="22" VPOS="1259" HPOS="390"/>
							<String ID="string_273" HPOS="412" VPOS="1256" WIDTH="147" HEIGHT="21" WC="0.91" CONTENT="uteslutandet"/><SP WIDTH="22" VPOS="1256" HPOS="559"/>
							<String ID="string_274" HPOS="581" VPOS="1257" WIDTH="31" HEIGHT="20" WC="0.93" CONTENT="uti"/><SP WIDTH="21" VPOS="1257" HPOS="612"/>
							<String ID="string_275" HPOS="633" VPOS="1257" WIDTH="12" HEIGHT="26" WC="0.83" CONTENT="&amp;"/><SP WIDTH="17" VPOS="1257" HPOS="645"/>
							<String ID="string_276" HPOS="662" VPOS="1257" WIDTH="26" HEIGHT="20" WC="0.96" CONTENT="20"/><SP WIDTH="16" VPOS="1257" HPOS="688"/>
							<String ID="string_277" HPOS="704" VPOS="1256" WIDTH="23" HEIGHT="21" WC="0.96" CONTENT="af"/><SP WIDTH="14" VPOS="1256" HPOS="727"/>
							<String ID="string_278" HPOS="741" VPOS="1255" WIDTH="37" HEIGHT="22" WC="0.96" CONTENT="det"/><SP WIDTH="20" VPOS="1255" HPOS="778"/>
							<String ID="string_279" HPOS="798" VPOS="1256" WIDTH="6" HEIGHT="20" WC="0.96" CONTENT="i"/><SP WIDTH="17" VPOS="1256" HPOS="804"/>
							<String ID="string_280" HPOS="821" VPOS="1255" WIDTH="41" HEIGHT="21" WC="0.96" CONTENT="den"/>
						</TextLine>
						<TextLine ID="line_33" HPOS="37" VPOS="1283" WIDTH="825" HEIGHT="29">
							<String ID="string_281" HPOS="37" VPOS="1283" WIDTH="78" HEIGHT="28" WC="0.92" CONTENT="nädiga"/><SP WIDTH="14" VPOS="1283" HPOS="115"/>
							<String ID="string_282" HPOS="129" VPOS="1284" WIDTH="161" HEIGHT="27" WC="0.96" CONTENT="propositionen"/><SP WIDTH="15" VPOS="1284" HPOS="290"/>
							<String ID="string_283" HPOS="305" VPOS="1284" WIDTH="124" HEIGHT="28" WC="0.96" CONTENT="föreslagna"/><SP WIDTH="15" VPOS="1284" HPOS="429"/>
							<String ID="string_284" HPOS="444" VPOS="1285" WIDTH="14" HEIGHT="20" WC="0.96" CONTENT="4"/><SP WIDTH="16" VPOS="1285" HPOS="458"/>
							<String ID="string_285" HPOS="474" VPOS="1292" WIDTH="61" HEIGHT="13" WC="0.96" CONTENT="mom."/><SP WIDTH="16" VPOS="1292" HPOS="535"/>
							<String ID="string_286" HPOS="551" VPOS="1285" WIDTH="68" HEIGHT="21" WC="0.93" CONTENT="skulle"/><SP WIDTH="15" VPOS="1285" HPOS="619"/>
							<String ID="string_287" HPOS="634" VPOS="1285" WIDTH="120" HEIGHT="26" WC="0.92" CONTENT="motiveras,"/><SP WIDTH="18" VPOS="1285" HPOS="754"/>
							<String ID="string_288" HPOS="772" VPOS="1283" WIDTH="28" HEIGHT="29" WC="0.96" CONTENT="pä"/><SP WIDTH="18" VPOS="1283" HPOS="800"/>
							<String ID="string_289" HPOS="818" VPOS="1285" WIDTH="44" HEIGHT="20" WC="0.96" CONTENT="sätt"/>
						</TextLine>
						<TextLine ID="line_34" HPOS="37" VPOS="1312" WIDTH="440" HEIGHT="29">
							<String ID="string_290" HPOS="37" VPOS="1313" WIDTH="132" HEIGHT="20" WC="0.92" CONTENT="minoriteten"/><SP WIDTH="17" VPOS="1313" HPOS="169"/>
							<String ID="string_291" HPOS="186" VPOS="1313" WIDTH="56" HEIGHT="20" WC="0.93" CONTENT="inom"/><SP WIDTH="16" VPOS="1313" HPOS="242"/>
							<String ID="string_292" HPOS="258" VPOS="1313" WIDTH="105" HEIGHT="20" WC="0.92" CONTENT="utskottet"/><SP WIDTH="15" VPOS="1313" HPOS="363"/>
							<String ID="string_293" HPOS="378" VPOS="1312" WIDTH="99" HEIGHT="29" WC="0.92" CONTENT="päyrkat."/>
						</TextLine>
					</TextBlock>
					<TextBlock ID="block_9" HPOS="104" VPOS="1369" WIDTH="463" HEIGHT="29">
						<TextLine ID="line_35" HPOS="104" VPOS="1369" WIDTH="463" HEIGHT="29">
							<String ID="string_294" HPOS="104" VPOS="1370" WIDTH="12" HEIGHT="26" WC="0.87" CONTENT="8"/><SP WIDTH="16" VPOS="1370" HPOS="116"/>
							<String ID="string_295" HPOS="132" VPOS="1370" WIDTH="24" HEIGHT="20" WC="0.93" CONTENT="21"/><SP WIDTH="16" VPOS="1370" HPOS="156"/>
							<String ID="string_296" HPOS="172" VPOS="1369" WIDTH="125" HEIGHT="28" WC="0.96" CONTENT="godkändes"/><SP WIDTH="17" VPOS="1369" HPOS="297"/>
							<String ID="string_297" HPOS="314" VPOS="1373" WIDTH="49" HEIGHT="17" WC="0.93" CONTENT="utan"/><SP WIDTH="17" VPOS="1373" HPOS="363"/>
							<String ID="string_298" HPOS="380" VPOS="1370" WIDTH="187" HEIGHT="28" WC="0.84" CONTENT="meningsolikhet."/>
						</TextLine>
					</TextBlock>
					<TextBlock ID="block_10" HPOS="104" VPOS="1426" WIDTH="301" HEIGHT="28">
						<TextLine ID="line_36" HPOS="104" VPOS="1426" WIDTH="301" HEIGHT="28">
							<String ID="string_299" HPOS="104" VPOS="1426" WIDTH="131" HEIGHT="22" WC="0.93" CONTENT="Beträffande"/><SP WIDTH="16" VPOS="1426" HPOS="235"/>
							<String ID="string_300" HPOS="251" VPOS="1427" WIDTH="12" HEIGHT="26" WC="0.58" CONTENT="$"/><SP WIDTH="17" VPOS="1427" HPOS="263"/>
							<String ID="string_301" HPOS="280" VPOS="1428" WIDTH="27" HEIGHT="19" WC="0.93" CONTENT="22"/><SP WIDTH="15" VPOS="1428" HPOS="307"/>
							<String ID="string_302" HPOS="322" VPOS="1428" WIDTH="83" HEIGHT="26" WC="0.96" CONTENT="yttrade"/>
						</TextLine>
					</TextBlock>
				</ComposedBlock>
				<ComposedBlock ID="cblock_9" HPOS="32" VPOS="1483" WIDTH="829" HEIGHT="57">
					<TextBlock ID="block_11" HPOS="32" VPOS="1483" WIDTH="829" HEIGHT="57">
						<TextLine ID="line_37" HPOS="102" VPOS="1483" WIDTH="757" HEIGHT="29">
							<String ID="string_303" HPOS="102" VPOS="1484" WIDTH="25" HEIGHT="20" WC="0.90" CONTENT="hr"/><SP WIDTH="17" VPOS="1484" HPOS="127"/>
							<String ID="string_304" HPOS="144" VPOS="1484" WIDTH="134" HEIGHT="27" WC="0.93" CONTENT="Hallberg:"/><SP WIDTH="31" VPOS="1484" HPOS="278"/>
							<String ID="string_305" HPOS="309" VPOS="1484" WIDTH="56" HEIGHT="21" WC="0.92" CONTENT="Sista"/><SP WIDTH="22" VPOS="1484" HPOS="365"/>
							<String ID="string_306" HPOS="387" VPOS="1484" WIDTH="117" HEIGHT="28" WC="0.92" CONTENT="meningen"/><SP WIDTH="15" VPOS="1484" HPOS="504"/>
							<String ID="string_307" HPOS="519" VPOS="1485" WIDTH="7" HEIGHT="20" WC="0.94" CONTENT="i"/><SP WIDTH="16" VPOS="1485" HPOS="526"/>
							<String ID="string_308" HPOS="542" VPOS="1484" WIDTH="68" HEIGHT="21" WC="0.93" CONTENT="denna"/><SP WIDTH="15" VPOS="1484" HPOS="610"/>
							<String ID="string_309" HPOS="625" VPOS="1484" WIDTH="97" HEIGHT="28" WC="0.92" CONTENT="paragraf"/><SP WIDTH="15" VPOS="1484" HPOS="722"/>
							<String ID="string_310" HPOS="737" VPOS="1489" WIDTH="63" HEIGHT="21" WC="0.91" CONTENT="synes"/><SP WIDTH="15" VPOS="1489" HPOS="800"/>
							<String ID="string_311" HPOS="815" VPOS="1483" WIDTH="44" HEIGHT="27" WC="0.96" CONTENT="mig"/>
						</TextLine>
						<TextLine ID="line_38" HPOS="32" VPOS="1511" WIDTH="829" HEIGHT="29">
							<String ID="string_312" HPOS="32" VPOS="1512" WIDTH="47" HEIGHT="20" WC="0.96" CONTENT="icke"/><SP WIDTH="16" VPOS="1512" HPOS="79"/>
							<String ID="string_313" HPOS="95" VPOS="1512" WIDTH="33" HEIGHT="20" WC="0.93" CONTENT="väl"/><SP WIDTH="16" VPOS="1512" HPOS="128"/>
							<String ID="string_314" HPOS="144" VPOS="1512" WIDTH="128" HEIGHT="21" WC="0.92" CONTENT="sammanstä"/><SP WIDTH="14" VPOS="1512" HPOS="272"/>
							<String ID="string_315" HPOS="286" VPOS="1512" WIDTH="49" HEIGHT="21" WC="0.95" CONTENT="med"/><SP WIDTH="16" VPOS="1512" HPOS="335"/>
							<String ID="string_316" HPOS="351" VPOS="1519" WIDTH="62" HEIGHT="14" WC="0.96" CONTENT="mom."/><SP WIDTH="18" VPOS="1519" HPOS="413"/>
							<String ID="string_317" HPOS="431" VPOS="1514" WIDTH="12" HEIGHT="19" WC="0.95" CONTENT="2"/><SP WIDTH="17" VPOS="1514" HPOS="443"/>
							<String ID="string_318" HPOS="460" VPOS="1514" WIDTH="7" HEIGHT="19" WC="0.93" CONTENT="i"/><SP WIDTH="17" VPOS="1514" HPOS="467"/>
							<String ID="string_319" HPOS="484" VPOS="1513" WIDTH="11" HEIGHT="27" WC="0.92" CONTENT="$"/><SP WIDTH="16" VPOS="1513" HPOS="495"/>
							<String ID="string_320" HPOS="511" VPOS="1514" WIDTH="26" HEIGHT="20" WC="0.97" CONTENT="28"/><SP WIDTH="16" VPOS="1514" HPOS="537"/>
							<String ID="string_321" HPOS="553" VPOS="1513" WIDTH="22" HEIGHT="20" WC="0.93" CONTENT="af"/><SP WIDTH="14" VPOS="1513" HPOS="575"/>
							<String ID="string_322" HPOS="589" VPOS="1512" WIDTH="203" HEIGHT="28" WC="0.91" CONTENT="försäljningslagen."/><SP WIDTH="22" VPOS="1512" HPOS="792"/>
							<String ID="string_323" HPOS="814" VPOS="1511" WIDTH="47" HEIGHT="21" WC="0.96" CONTENT="Här"/>
						</TextLine>
					</TextBlock>
				</ComposedBlock>
			</PrintSpace>
		</Page>
	</Layout>
</alto>
