1017 1731
164 102 54 21 1338
383 107 178 22 Borgareständet
575 108 54 17 1891.
654 107 21 18 21
689 107 48 20 maj.

253 215 171 34 Torsdagen
447 215 57 27 den
523 215 32 27 21
574 215 61 34 maj
655 215 40 28 kl.
717 215 31 26 11
768 214 22 27 f.
808 222 39 19 m.

205 283 42 21 Vid
265 283 115 21 värkstäldt
395 291 80 20 upprop
491 284 106 21 befunnos
613 284 94 21 ståndets
721 283 97 28 samtliga
829 283 139 21 medlemmar

138 312 138 27 närvarande,
291 313 92 20 förutom
399 313 24 20 hr
437 313 74 27 Berg,
527 319 46 14 som
589 313 80 20 anmält
684 312 186 27 sjukdomsförfall.

210 444 111 27 Upplästes
344 444 31 21 till
398 445 103 26 justering
524 445 39 20 och
586 444 124 27 godkändes
733 444 103 20 särskilda
852 444 75 27 utdrag
943 450 25 13 ur

139 472 184 27 borgareståndets
340 473 34 20 vid
390 476 82 18 senaste
488 473 87 27 plenum
591 473 59 21 förda
665 472 112 28 protokoll.

208 604 113 27 Upplästes
343 605 101 21 särskilda
460 605 193 27 protokollsutdrag
673 605 48 21 från
738 604 23 21 R.
778 611 18 14 o.
812 605 24 20 A.
853 607 53 18 samt
922 606 46 26 prä-

136 632 123 22 steståndet.

206 764 119 27 Föredrogs
347 765 44 27 lag-
414 765 38 21 och
475 765 213 21 ekonomiutskottets
713 765 35 20 vid
772 767 83 19 senaste
881 765 85 27 plenum

138 792 115 28 bordlagda
269 793 79 27 förslag
363 794 31 20 till
417 794 206 26 sammanjämkning
643 794 20 20 af
679 794 103 20 ständens
798 794 118 26 skiljaktiga
932 794 36 20 be-

136 821 44 20 slut
202 821 35 20 vid
261 821 157 28 behandlingen
437 822 20 20 af
473 822 112 21 utskottets
599 822 137 21 betänkande
751 828 35 14 n:o
803 823 12 19 3
830 822 8 20 i
853 822 115 27 anledning

136 849 22 21 af
173 849 77 27 nådiga
266 850 158 27 propositionen
439 857 34 14 n:o
491 852 25 19 12
532 851 48 21 med
596 851 79 27 förslag
691 850 32 21 till
739 850 124 28 förordning
879 857 33 14 om
928 850 38 21 all-

136 880 80 19 männa
231 878 186 28 upplagsmagasin
433 880 48 20 med
496 881 41 19 rätt
553 882 29 18 att
598 880 81 27 utgifva
695 882 109 18 warrants.

206 934 67 22 Ordet
290 935 101 27 begärdes
407 936 30 21 till
453 936 52 21 först
520 936 21 21 af
556 937 26 20 hr
596 936 133 27 Forsman,
745 943 45 14 som
806 936 92 27 yttrade:
924 936 43 21 En-

136 963 39 28 ligt
190 963 47 21 mitt
252 964 139 21 förmenande
407 965 38 20 har
460 965 101 21 utskottet
576 965 46 21 icke
638 966 45 20 haft
703 965 117 26 anledning
836 967 34 24 att,
886 965 26 27 på
928 967 40 18 sätt

136 998 46 15 som
198 992 61 23 skett,
275 993 167 27 sammanjämka
458 994 25 20 de
499 994 68 20 skilda
582 994 101 21 ståndens
700 993 71 21 beslut
786 994 5 19 i
808 993 59 28 fråga
879 1000 32 14 om
924 993 43 28 pla-

136 1021 73 27 cering
225 1021 21 20 af
263 1021 40 21 den
320 1024 55 25 tysta
391 1022 160 21 förmånsrätten
568 1023 33 20 för
616 1023 80 20 skadad
708 1022 52 21 eller
770 1022 132 21 förkommen
912 1029 55 19 vara,

136 1049 22 20 af
180 1049 85 21 hvilken
289 1050 70 27 frågas
384 1051 85 20 lösande
486 1052 11 19 3
514 1052 12 25 $
542 1051 7 20 i
564 1051 152 27 förordningen
734 1057 33 14 om
784 1051 183 27 upplagsmagasin

136 1078 47 20 med
201 1080 40 19 rätt
257 1080 30 19 att
303 1079 80 27 utgifva
400 1082 100 18 warrants
516 1080 39 20 och
570 1079 160 28 förordningen,
741 1079 145 21 innefattande
895 1079 59 27 tilläg;

136 1106 32 20 till
193 1107 10 20 7
227 1107 12 26 $
263 1107 6 20 i
295 1107 152 28 förordningen
470 1108 21 21 af
511 1108 40 21 den
571 1109 12 20 9
599 1109 118 20 november
734 1108 54 20 1868
804 1115 34 13 om
854 1108 114 27 borgenärs

136 1137 40 18 rätt
192 1135 39 20 och
246 1135 113 28 företräde,
374 1138 23 19 är
419 1136 110 21 beroende.
560 1137 10 20 I
592 1137 68 20 denna
675 1136 71 28 punkt
761 1137 39 20 har
814 1137 154 26 prästeståndet

137 1163 51 20 rarit
203 1164 21 20 af
239 1164 42 21 den
298 1164 60 27 åsikt,
373 1167 30 18 att
418 1165 123 27 inteckning
557 1166 30 20 uti
596 1165 188 28 upplagsmagasin
795 1165 47 20 icke
853 1165 30 20 als
903 1165 63 21 borde

136 1191 83 27 tillätas,
243 1193 40 20 och
307 1193 31 20 till
361 1193 70 21 denna
451 1193 54 21 äsikt
519 1194 38 21 har
572 1194 157 27 prästeständet
744 1193 119 28 pätagligen
879 1193 89 21 kommit

136 1220 22 20 af
178 1220 42 21 den
243 1221 68 26 orsak,
335 1223 29 19 att
385 1222 84 21 ständet
486 1223 46 20 icke
552 1223 55 20 velat
622 1223 96 20 etablera
733 1228 26 14 en
776 1224 42 24 tyst
833 1222 135 21 förmänsrätt

135 1249 88 20 framför
238 1249 43 21 den
297 1250 135 21 förmänsrätt
446 1251 123 27 inteckning
584 1251 87 21 medför.
704 1250 158 21 Prästeständet
873 1251 37 20 har
920 1251 47 20 icke

136 1277 56 20 velat
206 1277 91 22 förstöra
313 1279 79 20 värkan
408 1279 21 20 af
444 1281 29 20 ett
489 1279 100 27 gammalt
605 1279 142 26 rättsinstitut,
762 1279 157 27 inteckningen,
932 1285 35 20 ge-

135 1312 50 14 nom
201 1308 30 19 att
246 1307 90 20 framför
352 1307 123 21 densamma
490 1308 68 21 införa
578 1315 26 14 en
620 1315 28 20 ny
664 1309 46 26 tyst
726 1307 84 28 generel
827 1307 140 21 förmänsiätt.

134 1334 11 20 I
161 1334 57 21 detta
234 1335 101 21 afseende
350 1336 39 20 har
403 1336 82 21 således
508 1337 153 26 prästeståndet
683 1336 52 21 med
751 1336 23 21 R.
791 1343 17 13 o.
824 1337 26 20 A.
866 1336 39 21 och
920 1336 48 20 bor-

134 1363 137 27 gareständet
286 1364 54 21 varit
356 1365 21 20 af
392 1371 80 15 samma
487 1365 92 27 mening.
609 1365 41 27 Jag
669 1371 67 15 anser
751 1364 75 22 därför,
843 1367 29 18 att
887 1365 81 20 utskot-

135 1393 30 19 tet
180 1392 47 20 bort
242 1392 76 21 basera
333 1393 234 28 sammanjämkningen
590 1394 26 26 pä
636 1394 23 20 R.
677 1400 18 14 o.
713 1393 39 21 A:s
768 1394 39 20 och
823 1393 145 27 borgarestän-

135 1420 46 20 dets
197 1420 77 24 beslut,
291 1421 51 21 eller
357 1422 49 20 med
422 1422 66 20 andra
503 1422 36 20 ord
564 1422 25 27 pä
605 1422 35 21 hrr
655 1429 42 13 von
715 1422 82 20 Pfalers
813 1422 39 20 och
867 1421 101 21 Kumlins

135 1449 137 21 reservation.
302 1449 33 21 Då
356 1450 23 20 sä
403 1451 116 20 emellertid
536 1451 46 21 icke
597 1451 60 27 skett,
673 1450 72 21 håller
758 1451 36 27 jag
810 1450 50 27 före,
876 1453 29 18 att
920 1450 48 20 bor-

135 1477 138 27 gareständet
289 1478 46 20 icke
351 1479 38 20 har
404 1479 115 27 anledning
535 1481 29 19 att
579 1479 74 27 frångå
668 1480 39 20 sitt
718 1479 94 31 tidigare
827 1479 7 20 i
850 1479 65 21 saken
930 1479 39 21 fat-

135 1505 48 21 tade
200 1506 76 28 beslut,
293 1508 51 19 utan
360 1507 65 21 borde
441 1508 52 20 afslä
509 1508 238 27 sammanjämkningen
763 1508 6 20 i
786 1508 68 20 denna
871 1507 39 21 del.
