1017 1731
171 136 55 19 1350
391 141 178 21 Borgareståndet
582 143 47 16 1891.
661 142 22 17 22
696 146 47 16 maj.

142 222 36 19 äro
195 220 126 21 etablerade.
351 221 41 27 Jag
408 221 37 21 ber
460 222 70 20 därför
545 224 30 19 att
591 221 20 21 få
627 221 130 21 understöda
773 221 100 27 förslaget
886 223 30 18 att
927 221 47 20 bor-

142 249 136 26 gareståndet
294 249 113 21 vidblifver
421 250 35 21 sitt
472 250 88 27 tidigare
578 250 73 21 beslut.

212 305 32 20 Hr
267 306 74 20 Göös:
365 307 42 26 Jag
429 307 68 20 skulle
520 307 47 20 icke
587 307 48 26 vilja
653 306 129 21 understöda
797 306 25 20 hr
839 306 134 21 Wasenius
960 301 16 37 i

142 334 54 20 hans
212 334 140 27 uppfattning,
367 337 22 24 ty
405 342 34 13 om
455 342 49 13 man
520 335 69 20 skulle
605 335 64 27 draga
685 335 157 20 konklusionen
856 335 22 20 af
890 335 24 20 hr
923 335 51 20 Wa-

142 362 80 21 senius'
244 365 41 18 sätt
306 365 29 18 att
357 369 114 15 resonnera
493 364 5 19 i
515 363 72 23 saken,
608 363 23 20 sä
646 363 69 20 skulle
732 363 110 20 resultatet
857 363 65 20 blifva
938 363 36 20 det

143 393 30 18 att
196 391 98 21 städerna
317 391 64 21 borde
395 392 70 27 afsäga
481 392 32 27 sig
528 392 28 20 all
573 392 59 20 vinst.
662 392 31 26 Ty
709 398 34 13 om
760 391 214 28 utskänkningsbola-

142 425 41 21 gen
208 419 108 27 värkligen
341 420 75 21 bildats
439 421 74 20 endast
531 421 32 20 för
579 423 29 18 att
623 420 61 27 stäfja
702 419 233 28 dryckenskapslasten,
951 420 23 20 sä

144 447 51 20 böra
217 447 25 21 de
266 448 46 21 icke
335 448 65 21 räkna
420 449 25 26 pä
467 449 69 26 någon
560 449 62 25 vinst,
645 452 51 17 utan
713 448 72 20 arbeta
802 448 74 21 endast
891 449 33 20 för
939 448 35 21 det

144 475 54 27 goda
214 476 125 21 ändamälet.

212 532 32 21 Hr
260 533 119 21 Neovius:
402 534 111 20 Gentemot
529 535 24 19 hr
569 534 127 20 Serlachius?
712 533 80 27 förslag
808 534 37 19 vill
860 534 35 26 jag
910 534 63 20 fram-

143 561 55 20 hålla
220 563 30 18 att
270 561 151 22 bondeståndet
437 562 45 21 icke
498 563 37 20 har
551 563 75 20 önskat
641 562 81 20 orhälla
738 562 70 27 någon
826 562 34 20 del
876 562 21 20 af
912 562 61 20 dessa

144 590 125 20 vinstmedel
284 590 33 20 för
331 590 126 21 landsorten.
488 591 54 20 Frän
559 597 26 14 en
601 598 70 13 annan
688 590 47 20 sida
750 590 41 20 kan
808 591 35 26 jag
860 590 46 20 icke
929 590 44 20 häl-

143 618 31 20 ler
196 618 73 20 förena
291 619 43 26 mig
355 626 33 13 om
412 619 35 21 det
466 619 83 27 förslag,
568 626 45 14 som
629 620 66 26 gjorts
711 618 22 21 af
749 619 24 20 hr
788 618 128 24 Serlachius,
933 619 39 20 och

143 646 56 21 detta
215 646 89 21 emedan
320 648 40 26 jag,
376 648 64 20 redan
457 648 26 20 dä
500 648 74 26 frägan
598 650 71 18 senast
692 654 38 13 var
753 647 67 20 under
843 646 128 27 diskussion,

143 674 97 21 framhöll
256 675 40 20 den
312 678 56 18 stora
383 676 104 24 orättvisa,
503 682 44 14 som
564 676 68 20 skulle
649 676 37 20 ske
703 676 26 20 de
745 675 56 21 olika
812 675 158 21 landskommu-

144 709 65 14 nerna
225 703 6 19 i
247 703 72 21 landet
334 710 76 20 genom
426 706 29 19 att
470 705 6 19 i
492 705 71 26 hvarje
575 704 33 21 län
620 705 21 20 af
653 704 111 21 städernas
775 704 6 20 i
793 704 57 20 detta
860 703 34 21 län
908 704 64 20 vinst-

143 731 69 20 medel
235 731 80 21 tilldela
338 732 27 27 ?/;
388 732 21 21 ät
429 733 216 20 landskommunerna
668 733 6 20 i
697 739 81 13 samma
793 732 41 20 län.
865 732 30 20 På
910 732 62 20 dessa

142 760 94 26 grunder
259 766 63 20 synes
346 761 43 27 mig
410 762 24 19 hr
456 761 126 21 Serlachius'
598 761 79 27 förslag
693 760 47 21 icke
756 760 71 20 kunna
844 760 128 26 godkännas.

212 816 71 21 Sedan
299 818 148 20 diskussionen
463 818 48 20 härä
527 818 111 20 förklarats
652 818 99 26 afslutad,
765 817 121 21 framstälde
899 817 25 20 hr
934 817 38 21 tal-

143 851 92 14 mannen
253 845 30 20 till
300 846 51 20 först
367 846 92 27 följande
475 846 284 28 omröstningsproposition:

216 908 39 26 De,
279 908 73 20 hvilka
375 908 70 21 såsom
470 909 215 27 kontraproposition
709 910 45 19 mot
779 908 113 20 utskottets
910 914 61 14 sam-

143 936 265 29 manjämkningsförslag
431 937 133 28 beträffande
581 940 15 24 $
612 938 27 20 10
653 937 119 28 jöredraga
788 936 39 21 hrr
842 936 130 28 Appelbergs

142 965 39 20 och
197 964 142 22 Nummelins
354 965 90 28 förslag,
459 968 59 19 rösta
528 966 41 27 ja;
585 967 31 25 de,
633 967 34 20 det
682 966 47 20 icke
743 967 60 25 göra,
820 967 58 18 rösta
894 965 46 27 nej;

214 993 81 21 vinner
309 994 42 27 nej,
368 994 42 21 har
425 995 174 27 borgareständet
614 995 9 20 i
637 995 84 20 sådant
738 993 100 28 afseende
854 993 119 28 föredragit

142 1021 27 20 hr
186 1021 133 21 Serlachius'
335 1022 90 28 förslag.

211 1084 162 27 Propositionen
390 1086 124 21 besvarades
529 1087 49 20 med
590 1086 157 27 öfvervägande
757 1086 27 27 ja,
798 1085 39 21 och
848 1085 65 21 erhöll
924 1085 47 21 med

143 1112 116 28 anledning
275 1113 59 21 häraf
349 1114 41 21 den
401 1114 92 27 följande
502 1114 303 28 omröstningspropositionen
815 1113 157 22 nedanstäende

140 1141 93 26 lydelse:

211 1203 39 27 De,
267 1204 74 21 hvilka
357 1205 72 21 såsom
445 1206 214 27 kontraproposition
671 1207 49 19 mot
732 1206 112 20 utskottets
856 1212 115 13 samman-

137 1231 218 30 Jämkningsförslag
371 1233 134 28 beträffande
520 1236 15 24 $
550 1235 29 20 10
593 1235 119 26 föredraga
727 1234 40 20 hrr
782 1233 131 28 Appelbergs
935 1233 39 20 och

144 1259 142 22 Nummelins
301 1261 90 28 förslag,
407 1264 60 19 rösta
476 1263 39 27 ja;
531 1263 31 26 de,
578 1263 34 20 det
627 1263 44 21 icke
686 1265 62 24 göra,
764 1264 61 19 rösta
840 1262 47 27 nej;

212 1289 81 21 vinner
307 1290 43 27 nej,
367 1290 41 21 har
424 1291 174 27 borgareståndet
612 1291 10 20 i
644 1291 76 21 sådant
738 1291 101 26 afseende
854 1289 120 28 föredragit

141 1317 106 26 förslaget
271 1319 34 19 att
325 1318 87 21 ståndet
433 1319 66 21 måtte
521 1319 98 27 förkasta
633 1318 341 28 sammanjämkningsförslaget

140 1345 40 20 och
194 1345 110 28 vidblifva
319 1347 40 20 sitt
373 1347 62 27 förut
449 1348 10 20 i
473 1348 65 21 saken
555 1348 83 27 fattade
651 1348 78 21 beslut.

209 1408 42 20 Vid
276 1410 106 20 värkstäld
406 1411 95 27 votering
524 1411 94 27 afgåfvos
637 1412 27 19 24
680 1412 23 26 ja
719 1411 39 20 och
775 1411 25 20 31
817 1410 41 26 nej,
874 1410 33 20 till
922 1409 52 27 följd

140 1436 75 21 hvaraf
230 1437 43 21 den
289 1438 86 27 slutliga
390 1440 156 26 propositionen
562 1440 67 20 erhöll
645 1439 163 21 nedanstående
824 1438 90 27 lydelse:

163 1499 89 31 De,
275 1500 75 21 hvilka
371 1501 117 27 godkänna
510 1502 112 20 utskottets
641 1502 86 26 förslag
748 1501 36 21 till
796 1501 176 27 sammanjämk-

140 1533 56 21 ning
212 1528 135 26 beträffande
363 1530 15 26 $
394 1530 33 24 10,
445 1531 58 19 rösta
511 1530 40 27 ja;
568 1530 31 26 de,
615 1530 34 20 det
664 1530 47 21 icke
726 1532 60 25 göra,
802 1531 60 19 rösta
875 1530 47 27 nej;
