1017 1731
283 127 180 22 Borgareståndet
476 128 55 17 1891.
555 128 26 17 25
593 128 48 21 maj.
807 123 54 20 1463

125 207 39 26 De,
188 207 74 21 hvilka
283 207 117 27 godkänna
420 207 114 20 utskottets
549 207 83 27 förslag
648 207 134 27 beträffande
794 208 92 27 privata

55 235 75 27 finska
144 235 233 27 fruntimmersskolan
389 235 10 20 i
413 235 107 26 Joensuu,
536 237 60 19 rösta
605 235 40 28 ja;
666 235 31 27 de,
717 235 36 21 det
766 235 46 21 icke
825 238 60 25 göra,

56 265 60 19 rösta
130 263 48 28 nej;

125 291 80 22 vinner
220 292 42 27 nej,
286 291 42 21 har
343 291 177 28 borgareståndet
535 291 9 21 i
559 292 59 20 detta
633 291 101 28 afseende
749 291 88 28 förenat
852 292 34 27 sig

55 327 37 14 om
107 320 27 21 hr
149 320 88 21 Heikels
251 320 90 27 förslag.

126 377 30 20 På
171 377 92 26 begäran
279 376 106 21 anstäldes
400 377 103 26 votering,
519 383 45 14 som
580 376 62 21 utföll
659 377 49 20 med
724 377 27 20 20
766 377 21 26 ja
802 377 39 20 och
858 377 26 20 33

56 405 42 27 nej,
120 405 32 20 till
173 405 52 27 följd
248 405 74 20 hvaraf
344 404 84 21 ståndet
451 405 83 20 således
556 405 83 20 förenat
657 405 32 27 sig
704 411 35 14 om
754 411 28 14 en
796 405 89 27 petition

56 433 74 21 därom
152 435 30 19 att
203 433 82 27 privata
307 433 68 20 finska
397 433 223 21 fruntimmersskolan
642 433 8 20 i
671 433 98 21 Joensuu
784 433 64 21 måtte
864 433 22 21 af

55 463 70 20 staten
140 462 123 27 öfvertagas.

125 519 134 21 Beträffande
270 518 65 21 sedan
345 518 81 28 privata
436 518 70 21 finska
518 518 221 22 fruntimmersskolan
750 519 7 20 i
768 518 30 21 S:t
806 518 78 21 Michel

56 547 133 21 framstäldes
204 547 22 21 af
240 548 25 20 hr
280 546 123 22 talmannen
418 547 95 27 följande
529 547 281 28 omröstningsproposition:

125 604 39 26 De,
180 603 74 21 hvilka
268 604 118 26 godkänna
400 603 115 21 utskottets
530 603 84 27 förslag
629 604 92 20 rörande
734 604 91 27 privata
836 603 47 27 fin-

55 632 39 20 ska
108 632 234 27 fruntimmersskolan
357 632 9 20 i
382 631 36 21 S:t
433 631 88 27 Michel,
537 633 60 19 rösta
607 632 39 27 ja;
669 632 32 26 de,
716 632 35 20 det
765 632 45 20 icke
824 634 60 25 göra,

55 662 60 19 rösta
129 660 49 28 nej;

124 689 80 21 vinner
225 688 42 28 nej,
292 688 42 20 har
357 688 178 27 borgareståndet
555 688 89 27 förenat
663 689 34 27 sig
719 695 34 14 om
769 688 35 21 det
818 688 10 20 i
842 688 42 21 den

55 718 73 20 andra
142 716 162 22 reservationen
319 716 133 27 framstälda
467 716 111 28 förslaget.

124 774 161 27 Propositionen
308 773 127 21 besvarades
459 773 49 21 med
528 774 155 26 öfvervägande
697 774 26 26 ja,
745 774 39 20 och
800 780 37 14 var
852 772 32 21 så-

56 802 59 21 ledes
138 802 111 20 utskottets
271 802 79 27 förslag
371 802 7 20 i
401 802 102 21 afseende
525 802 13 20 å
553 802 80 27 privata
647 802 68 21 finska
729 802 155 20 fruntimmers-

56 830 74 21 skolan
145 831 7 19 i
167 830 31 21 S:t
212 830 78 21 Michel
305 830 112 27 godkändt.

125 886 103 28 Slutligen
251 886 122 21 framstälde
399 887 26 20 hr
450 887 125 21 talmannen
600 887 89 21 rörande
711 886 81 27 privata
815 886 69 20 finska

56 915 220 21 fruntimmersskolan
292 915 7 20 i
314 915 132 21 Nikolaistad
462 914 160 22 nedanstående
637 914 137 28 proposition:

125 971 39 27 De,
186 971 74 21 hvilka
279 971 118 28 godkänna
417 972 114 20 utskottets
549 971 83 28 förslag
648 971 133 27 beträffande
793 971 92 27 privata

55 1000 74 27 finska
148 1000 233 27 fruntimmersskolan
403 1000 10 20 i
434 999 149 27 Nikolaistad,
604 1001 59 20 rösta
680 1000 40 27 ja;
743 999 31 27 de,
790 999 35 21 det
838 999 46 21 icke

54 1031 60 25 göra,
130 1030 60 19 rösta
204 1028 49 27 nej;

125 1057 79 20 vinner
225 1057 42 27 nej,
291 1057 41 20 har
355 1056 179 27 borgareständet
556 1056 89 27 förenat
666 1056 33 27 sig
719 1063 35 14 om
769 1056 35 20 det
818 1055 10 20 i
841 1055 43 21 den

56 1085 72 20 andra
142 1085 161 21 reservationen
317 1085 134 26 framstälda
467 1085 110 27 förslaget.

125 1142 71 21 Äfven
217 1142 70 21 denna
309 1142 130 27 proposition
464 1141 127 22 besvarades
613 1141 49 21 med
684 1140 155 27 öfvervägande
858 1141 26 26 ja,

56 1170 33 20 till
110 1170 52 27 följd
183 1170 74 21 hvaraf
280 1170 81 21 säledes
383 1170 114 21 utskottets
513 1170 133 21 betänkande
661 1169 77 28 jämväl
753 1169 7 20 i
775 1168 59 28 fräga
850 1175 34 14 om

56 1199 82 26 privata
160 1198 68 21 finska
249 1198 223 21 fruntimmersskolan
493 1198 7 20 i
519 1198 132 21 Nikolaistad
667 1197 68 21 blifvit
751 1197 21 20 af
786 1197 99 27 borgare-

56 1226 84 21 ständet
154 1226 113 27 godkändt.
751 1228 4 2 :

124 1368 12 20 I
146 1367 121 22 skrifvelser
277 1368 31 21 till
323 1367 84 29 ståndet
422 1369 127 21 meddelade
565 1367 106 21 allmänna
686 1366 197 22 besvärsutskottet:

125 1398 30 19 att
176 1396 97 27 samtliga
296 1396 61 21 stånd
377 1397 95 27 godkänt
494 1397 113 21 utskottets
627 1395 133 22 betänkande
784 1401 34 14 n:o
835 1394 26 20 26
877 1394 7 20 i

56 1425 116 27 anledning
193 1425 22 20 af
236 1426 30 20 ett
280 1425 7 19 i
302 1425 157 21 bondeståndet
477 1425 118 21 inlämnadt
610 1424 178 28 petitionsförslag
803 1430 34 13 om
852 1422 33 20 in-

55 1453 105 21 rättandet
176 1453 21 21 af
211 1453 264 26 kreatursskötareskolor;
491 1455 55 19 samt

125 1483 35 25 att,
183 1482 65 20 sedan
270 1484 31 18 tre
324 1482 61 20 stånd
402 1482 95 27 godkänt
512 1481 112 21 utskottets
639 1481 78 27 förslag
733 1480 30 21 till
779 1485 106 15 samman-

54 1510 112 27 jämkning
181 1510 21 20 af
216 1510 101 20 ståndens
333 1510 121 27 skiljaktiga
470 1510 70 21 beslut
555 1510 35 20 vid
606 1509 154 27 behandlingen
773 1508 21 20 af
804 1507 81 21 utskot-
