1059 1700
376 118 23 17 20
411 122 18 18 p.
442 113 79 22 Huhtik.
796 114 41 20 815

34 177 201 28 koulunopettajien
254 177 24 28 ja
293 177 189 28 -opettajattarien
501 178 235 26 palkankoroitukseen
751 172 48 28 olisi
813 176 54 24 kek-

35 207 52 27 sitty
108 207 53 27 joku
176 206 139 28 soveliaampi
331 206 64 22 keino
415 206 52 22 kuin
483 206 144 22 valiokunnan
643 208 38 26 nyt
696 206 106 28 esittämä,
818 206 49 22 sillä

34 236 59 20 minä
109 242 25 14 en
150 234 87 22 millään
256 236 65 26 tapaa
341 235 58 26 soisi,
418 236 47 20 että
481 235 84 21 meidän
581 235 286 22 kansakoululaitoksemme

35 264 96 21 tehdään
153 263 194 22 valtiolaitokseksi
368 264 23 27 ja
414 270 38 15 sen
477 264 107 27 opettajat
603 264 82 22 valtion
699 264 167 26 virkamiehiksi,

35 292 97 22 niinkuin
147 292 48 27 käy,
209 292 34 27 jos
258 292 176 27 palkankoroitus
450 293 108 26 tapahtuu
573 292 144 22 valiokunnan
731 292 136 22 ehdotuksen

35 322 100 21 mukaan.
166 321 70 21 Mutta
257 321 70 21 koska
349 327 27 15 en
394 321 116 21 minäkään
528 321 35 21 voi
578 328 116 20 parempaa
709 322 77 21 keinoa
800 321 68 22 tähän

35 349 236 28 palkankoroitukseen
289 350 78 21 keksiä
386 350 24 27 ja
432 350 70 21 koska
517 350 80 26 tiedän,
611 352 46 20 että
673 350 74 22 suurin
763 357 38 15 osa
816 350 53 22 kan-

35 378 234 27 sakoulunopettajista
285 379 24 27 ja
329 378 198 28 -opettajattarista
546 378 193 28 palkanylennystä
757 379 112 22 kuitenkin

35 407 95 28 kipeästi
146 407 83 26 kaipaa,
245 407 44 21 niin
304 409 74 25 täytyy
393 407 118 26 minunkin,
527 408 79 21 vaikka
621 408 194 25 vastenmielisesti,
831 408 38 27 hy-

35 436 83 27 väksyä
132 435 142 21 valiokunnan
289 436 79 21 käsillä
383 436 62 21 oleva
459 436 134 26 ponsilause.

106 463 218 27 Landtdagsmannen
335 464 145 27 Svedberg:
492 465 45 20 Min
545 464 66 27 afsigt
619 471 37 15 var
664 466 33 19 att
705 465 86 21 bemöta
799 464 70 21 landt-

37 493 146 26 dagsmannen
199 493 123 27 Leppänen,
343 499 48 15 men
409 493 37 27 jag
467 493 38 21 har
521 493 65 22 redan
603 493 70 22 blifvit
688 492 145 23 förekommen
849 492 22 22 af

36 521 209 33 landtdagsmännen
261 522 107 21 Teittinen
389 521 40 22 och
445 521 82 28 Pöysti,
544 522 32 28 uti
591 522 84 21 hvilkas
691 522 99 27 yttrande
805 522 7 21 i
827 521 43 22 frä-

36 556 43 22 gan
99 550 37 28 jag
159 549 84 23 derföre
261 551 39 21 ber
320 553 33 19 att
368 549 21 23 få
404 551 123 21 instämma.
557 546 69 26 Äfven
639 551 38 27 jag
693 556 68 20 anser,
778 552 33 20 att
833 550 37 22 det

36 585 52 16 vore
104 586 26 14 en
146 579 76 27 olycka
236 579 33 21 för
284 580 48 20 värt
346 579 58 26 land,
421 585 35 15 om
472 580 169 26 statsbidragets
653 580 92 26 höjande
755 579 69 22 skulle
832 580 38 26 gö-

34 614 38 16 ras
87 608 108 21 beroende
210 608 23 21 af
246 610 32 19 ett
292 608 96 27 förhöjdt
400 596 79 38 bidrag
490 608 32 21 till
532 608 216 22 folkskolelärarenes
764 608 40 22 och
814 608 56 21 lära-

35 637 113 21 rinnornas
172 636 93 28 aflöning
284 636 46 22 från
346 637 167 21 kommunernas
530 637 53 21 sida.
613 637 27 21 Vi
655 636 63 22 hafva
733 637 75 21 härvid
823 636 47 22 från

36 665 89 27 Sverige
148 666 102 32 exempel,
276 665 73 21 hvilka
369 665 117 27 ingalunda
509 672 63 20 mana
595 665 32 21 till
650 665 113 27 efterföljd.
799 665 72 27 Tager

36 700 51 16 man
110 694 112 21 dessutom
244 694 6 21 i
270 694 149 27 betraktande,
441 696 34 19 att
489 690 122 26 folkskolan
627 694 77 21 hittills
719 694 46 21 fritt
779 693 42 22 fått
835 695 35 20 ut-

37 722 77 22 veckla
130 723 33 25 sig
177 722 40 22 och
234 723 56 27 gjort
305 723 37 21 det
357 722 50 22 med
423 722 118 28 framgång,
559 723 24 21 så
599 724 46 20 tror
657 723 39 27 jag
711 724 32 20 att
759 728 48 16 man
822 722 49 22 icke

35 751 71 22 skulle
122 751 79 21 handla
217 752 60 20 klokt
292 752 31 20 uti
339 753 33 19 att
387 752 92 21 beträda
495 752 41 21 den
552 752 7 20 i
575 751 79 27 nådiga
668 751 160 27 propositionen
839 750 32 22 fö-

36 780 103 26 reslagna
154 782 75 25 vägen,
245 786 46 15 som
307 780 39 26 går
361 782 24 19 ut
400 780 28 27 på
444 782 33 19 att
493 780 49 22 med
557 780 74 27 lagens
648 780 65 27 tvång
728 780 73 26 tvinga
811 780 61 21 kom-

37 814 105 16 munerna
156 808 31 22 till
202 808 146 28 uppoffringar
361 808 33 22 för
409 808 134 22 folkskolans
560 810 47 20 sak.

107 837 61 21 Hvad
183 837 48 21 åter
246 837 101 21 beträffar
363 837 37 21 det
415 837 23 21 af
447 838 209 26 landtdagsmännen
668 837 87 22 Summa
765 837 40 21 och
816 836 55 22 Ehr-

36 867 68 20 ström
127 866 76 27 gjorda
221 866 108 27 förslaget,
350 866 25 21 så
395 866 37 21 vill
452 867 40 26 jag
513 866 122 26 framhålla,
658 868 33 19 att
703 866 38 27 jag
756 865 33 22 för
805 867 26 19 23
848 865 24 21 år

35 895 70 21 sedan
120 894 73 22 såsom
209 894 95 22 ledamot
319 894 22 22 af
355 901 27 15 en
403 894 192 22 folkskolekomité
611 895 97 21 uttalade
723 894 43 27 mig
782 894 32 21 till
829 894 43 21 för-

37 929 50 15 mon
103 922 33 22 för
152 923 37 21 det
204 923 134 21 förhållande
354 923 92 21 emellan
462 923 205 22 folkskolelärarens
685 923 39 22 och
740 923 132 21 lärarinnans

38 951 100 27 aflöning,
154 958 47 15 som
216 952 33 21 för
263 952 135 21 närvarande
413 952 70 22 finnes
504 952 92 22 fixeradt
611 952 6 21 i
633 952 99 26 gällande
748 951 125 21 Folkskole-

36 980 132 27 förordning,
185 980 39 22 och
248 981 68 21 under
338 980 108 28 förloppet
461 980 24 22 af
499 981 64 21 dessa
579 982 26 20 23
623 981 23 21 år
660 981 39 21 har
712 980 38 28 jag
765 980 48 21 icke
827 979 47 22 haft

38 1008 48 22 skäl
110 1011 33 19 att
157 1009 75 26 frångå
251 1009 70 21 denna
336 1009 44 21 min
399 1010 63 26 åsigt.
495 1010 50 20 Man
561 1010 100 26 utlägger
676 1009 126 26 visserligen
819 1008 55 21 huru

39 1037 39 21 det
94 1039 24 19 är
134 1038 101 20 orättvist
250 1040 33 19 att
297 1038 33 21 för
345 1038 44 21 lika
404 1038 75 21 arbete
495 1038 49 21 icke
559 1038 84 21 betalas
659 1038 43 21 lika
712 1038 41 26 lön,
765 1043 48 15 men
824 1043 51 15 man

38 1066 105 26 glömmer
165 1066 74 21 dervid
261 1068 32 20 att
313 1068 52 25 taga
379 1066 8 21 i
402 1066 146 22 betraktande
564 1067 37 21 det
614 1066 96 22 faktiska
724 1066 149 26 förhållandet,

39 1096 34 20 att
88 1094 231 22 lefnadskostnaderna
333 1096 8 20 i
357 1095 27 21 de
399 1094 64 22 flesta
478 1095 37 21 fall
531 1095 64 21 ställa
605 1095 34 27 sig
649 1095 57 21 olika
716 1094 33 22 för
757 1094 118 23 folkskole-

38 1123 72 21 lärare
127 1123 41 22 och
191 1123 122 27 -lärarinna,
338 1124 40 21 och
399 1124 38 27 jag
458 1126 46 19 tror
524 1125 33 20 att
571 1130 49 15 man
636 1124 35 21 vid
687 1123 102 22 stiftande
804 1122 23 22 af
840 1123 35 26 lag

40 1151 58 22 dock
114 1152 38 21 bör
167 1154 51 25 taga
232 1153 81 26 hänsyn
333 1153 61 20 äfven
411 1153 33 20 till
460 1153 28 21 de
504 1153 119 21 bestående
637 1152 167 22 förhållandena.
835 1151 41 22 Om

40 1186 50 16 man
106 1181 103 27 derjemte
226 1183 62 24 tager
302 1181 7 21 i
325 1181 146 21 betraktande
487 1183 34 19 att
536 1181 108 21 utskottet
659 1181 6 21 i
676 1180 75 29 sjelfva
761 1180 75 21 verket
843 1179 32 22 fö-

40 1209 93 26 reslagit
148 1209 32 21 för
195 1209 121 22 lärarinnan
332 1216 26 15 en
379 1211 70 20 större
469 1209 173 28 löneförhöjning
657 1212 27 19 än
699 1209 32 22 för
745 1209 92 26 läraren,
853 1210 23 26 ty

40 1237 34 22 för
91 1237 122 22 lärarinnan
228 1238 39 21 har
282 1238 109 21 utskottet
405 1237 115 28 föreslagit
535 1245 27 14 en
577 1238 170 33 löneförhöjning
758 1237 22 22 af
789 1239 27 20 50
827 1243 49 21 pro-

41 1267 57 25 cent,
114 1272 48 14 men
177 1266 34 21 för
225 1267 85 21 läraren
326 1267 79 21 endast
421 1267 58 25 33!/;
495 1269 96 24 procent,
608 1267 25 21 så
648 1269 45 19 tror
701 1267 37 27 jag
749 1268 32 19 att
791 1266 85 21 utskot-

40 1296 44 20 tets
93 1282 86 38 "förslag
194 1294 67 22 borde
277 1297 51 19 utan
343 1295 78 21 tvekan
438 1295 74 21 kunna
528 1297 97 25 antagas.

111 1323 38 21 Ett
163 1323 112 22 uttalande
295 1323 22 22 af
334 1324 209 26 landtdagsmannen
563 1324 120 26 Ehrström,
700 1324 67 21 ehuru
783 1323 38 21 det
834 1322 43 22 vis-

43 1351 94 27 serligen
159 1351 69 27 ligger
249 1352 67 27 något
338 1354 59 19 utom
418 1354 81 24 ämnet,
518 1352 42 22 kan
573 1352 38 27 jag
626 1352 47 22 icke
688 1352 71 21 lemna
773 1352 104 20 obemött.

41 1380 59 21 Herr
122 1380 113 21 Ehrström
257 1381 40 21 har
318 1381 91 21 kommit
426 1381 33 21 till
481 1381 41 21 den
538 1380 156 27 erfarenheten,
711 1383 32 19 att
757 1380 121 21 lärarinnor

40 1408 110 22 handhaft
172 1409 178 27 undervisningen
374 1409 35 21 vid
431 1409 122 21 folkskolor
575 1410 48 21 med
640 1411 69 19 större
724 1409 111 27 framgång
851 1410 27 19 än

43 1437 94 27 manliga
158 1437 77 26 lärare,
259 1438 40 21 och
323 1440 32 19 att
374 1438 93 26 qvinnan
485 1438 6 20 i
507 1438 118 21 allmänhet
639 1444 52 16 vore
705 1437 125 27 lämpligare
846 1438 33 20 att

42 1465 66 21 sköta
123 1466 138 22 lärarekallet
275 1467 35 21 vid
325 1467 52 21 våra
392 1466 122 22 folkskolor
529 1468 28 20 än
572 1472 98 16 mannen.
699 1466 42 26 Jag
755 1468 46 19 tror
815 1465 62 26 dock,

42 1495 34 20 att
91 1493 42 21 han
149 1494 75 22 härvid
239 1494 100 22 förbisett
354 1501 27 15 en
396 1495 67 26 vigtig
480 1495 168 27 omständighet,
665 1495 41 21 den
720 1494 113 26 nämligen,
846 1495 33 19 att

43 1522 41 21 det
100 1522 74 22 tillhör
189 1523 62 22 äfven
267 1524 74 21 skolan
357 1525 34 19 att
401 1523 102 21 utveckla
514 1524 110 21 elevernas
635 1523 106 26 karakter,
754 1524 33 20 att
796 1522 84 22 utbilda
