1064 1711
211 99 41 22 848
520 105 20 17 16
552 110 18 17 p.
583 104 79 19 Huhtik.

182 165 78 27 tyksen
280 164 108 27 johdosta,
410 165 52 27 joka
482 165 84 22 koskee
580 165 137 28 maaverojen
733 163 159 23 suorittamista
907 163 104 27 Wiipurin

182 193 96 22 läänissä
293 193 79 28 uuden,
388 194 55 21 siinä
457 195 39 26 nyt
512 194 96 27 loppuun
628 196 101 20 saatetun
745 193 153 27 verollepanon
913 192 99 23 mukaan.

580 225 10 19 1

252 249 114 23 Edusmies
381 251 125 22 Vehanen
521 251 129 26 huomautti,
667 253 46 20 että
728 252 62 20 tässä
805 250 117 27 pykälässä
933 256 25 16 on
967 250 45 27 pai-

182 279 97 26 novirhe,
302 279 54 21 siinä
370 279 43 21 kun
430 281 106 20 sanotaan
556 296 5 9 ,
564 280 106 27 puoleksi
685 279 88 25 rukiita,
788 279 100 27 puoleksi
901 279 110 27 kauroja”,

181 308 67 27 jonka
263 307 73 27 pitäisi
352 308 82 21 oleman
454 325 5 9 ,
462 308 107 27 puoleksi
584 308 87 26 rukiita,
687 307 101 29 puoleksi
803 307 82 22 ohria'.

253 336 113 22 Edusmies
381 336 127 22 Forsman
524 336 59 28 yhtyi
600 337 107 22 edusmies
715 336 102 22 Vehasen
826 336 113 22 tekemään
947 336 65 21 muis-

183 364 125 22 tutukseen.

253 393 66 27 Sääty
327 393 103 28 hyväksyi
438 394 161 27 yksimieliessti
608 394 169 27 kysymyksessä
785 393 75 22 olevan
869 393 143 22 valiokunnan

184 421 136 22 ehdotuksen
336 422 145 22 edusmiesten
496 422 100 22 Vehasen
610 423 24 27 ja
648 422 128 22 Forsmanin
792 421 115 22 tekemällä
922 421 91 22 muistu-

184 450 102 22 tuksella.

254 479 147 22 Valiokunnan
418 479 91 22 ehdotus
528 481 14 19 3
551 479 26 28 ja
594 481 15 20 8
623 479 39 28 $:n
678 479 94 22 suhteen
788 479 146 28 hyväksyttiin
948 479 65 22 ilman

183 507 82 22 mitään
281 509 147 21 muistutusta.

254 594 110 21 Esitettiin
376 594 24 27 ja
414 594 98 27 lykättiin
529 594 228 22 Valtiovaliokuntaan
772 593 147 22 Keisarillisen
935 593 78 27 Majes-

184 622 68 22 teetin
268 622 122 22 armollinen
407 623 71 27 esitys,
487 623 96 21 koskeva
591 623 193 25 rahanmääräystä
792 622 147 22 valtioneuvos
948 622 65 22 Fred-

183 651 34 21 rik
241 650 111 28 Cygnaeus
368 652 97 26 vainajan
485 652 94 21 Suomen
594 652 96 21 kansalle
707 653 212 23 testamenttaaman,
934 651 79 21 Kaivo-

184 680 111 26 puistossa
316 680 110 27 Helsingin
449 680 123 27 kaupungin
594 681 96 21 vieressä
705 680 79 22 olevan
799 680 86 21 huvilan
900 685 35 16 n:o
952 681 25 19 17
991 679 24 27 ja

185 708 55 22 siinä
256 709 145 27 säilytettyjen
417 709 181 21 taidetuotteiden
613 709 180 27 ylläpitämiseen.

255 737 85 27 Säädyn
363 740 57 19 tästä
442 738 152 21 valiokuntaan
609 738 176 21 lähettämisestä
800 737 61 27 tehty
876 738 77 26 päätös
970 738 43 20 tar-

185 766 113 21 kastettiin
314 766 52 22 heti.

256 862 110 21 Esitettiin
382 863 100 27 pöydällä
493 863 55 22 ollut
560 863 219 22 Valtiovaliokunnan
788 862 99 21 mietintö
895 868 34 15 n:o
938 863 12 20 7
961 863 54 20 1882

186 891 85 21 vuoden
289 891 150 28 valtiopäivien
458 894 121 19 asettaman
600 891 317 28 Säätyhuoneustoimikunnan
940 891 75 21 kerto-

186 919 118 22 muksesta.

255 948 114 22 Edusmies
392 949 92 27 Pöysti
508 949 90 26 ehdotti,
622 951 46 20 että
683 949 68 26 Sääty
767 947 123 28 hyväksyisi
904 947 111 28 kysymyk-

186 978 63 19 sessä
266 977 73 21 olevan
356 977 141 22 valiokunnan
514 978 117 21 mietinnön
646 978 64 21 ilman
729 977 150 21 keskustelua.

255 1005 114 22 Edusmies
384 1006 120 21 Heikura
519 1007 59 26 yhtyi
594 1006 103 22 edellisen
712 1005 99 28 puhujan
826 1005 161 26 mielipiteesen.

255 1034 217 27 Landtdagsmannen
494 1035 148 21 Ehrström:
667 1035 10 21 I
699 1034 71 21 likhet
785 1034 49 21 med
849 1033 42 22 alla
905 1039 111 22 represen-

186 1064 73 19 tanter
281 1063 56 21 inom
362 1063 26 22 de
404 1065 32 19 tre
456 1063 78 22 ofrälse
550 1063 98 26 ständen,
665 1069 63 15 anser
741 1063 40 26 jag
797 1062 37 22 det
849 1063 6 20 i
871 1062 78 27 högsta
963 1062 53 27 grad

187 1091 124 26 Önskvärdt,
328 1093 32 20 att
376 1092 40 21 den
432 1092 39 21 allt
486 1092 66 21 sedan
568 1091 199 28 äterupplifvandet
783 1091 23 21 af
819 1091 48 21 vårt
876 1091 140 21 konstitutio-

186 1119 57 21 nella
263 1121 117 20 statsskick
396 1121 28 26 pä
443 1120 159 27 dagordningen
618 1121 92 21 varande
727 1119 207 27 ständerhusfrägan
949 1120 68 21 mätte

185 1147 67 21 blifva
267 1148 88 27 lyckligt
370 1148 44 22 löst
429 1152 55 18 samt
499 1151 33 19 att
546 1149 84 21 landets
646 1150 178 26 representanter
839 1148 72 21 kunde
926 1148 91 21 beredas

185 1176 85 22 tillfälle
285 1180 32 18 att
333 1177 35 21 vid
383 1177 154 27 landtdagarne
553 1178 160 21 sammanträda
723 1177 33 21 uti
769 1178 32 20 ett
812 1178 133 24 gemensamt
957 1178 60 20 stän-

187 1205 86 26 derhus,
290 1206 39 21 och
346 1206 54 26 icke,
416 1206 72 22 såsom
503 1206 105 22 härintills
624 1206 55 21 varit
694 1206 69 25 fallet,
780 1205 43 21 irra
838 1205 62 26 kring
913 1204 46 22 från
975 1204 42 22 den

187 1240 40 14 ena
242 1234 71 21 ändan
330 1234 22 22 af
366 1235 75 21 staden
457 1235 32 21 till
505 1235 40 21 den
562 1235 72 25 andra,
651 1234 46 22 från
713 1234 43 22 den
773 1240 42 15 ena
823 1240 45 14 mer
876 1233 52 22 eller
936 1234 81 21 mindre

186 1262 116 27 olämpliga
318 1263 85 21 lokalen
419 1263 31 21 till
466 1264 40 20 den
522 1263 74 21 andra.
626 1264 49 21 Men
689 1265 76 25 tyvärr
780 1262 43 22 kan
838 1262 48 21 icke
897 1262 36 21 det
943 1262 22 22 af
975 1262 42 21 den

185 1290 36 22 vid
239 1292 55 20 1882
310 1292 34 20 års
360 1292 104 26 landtdag
479 1292 91 21 tillsatta
585 1292 145 27 deligationen
746 1291 122 27 uppgjorda
882 1291 85 27 projekt
977 1290 41 22 och

186 1318 182 23 Statsutskottets
383 1326 29 15 nu
426 1320 146 28 föreliggande
588 1320 80 27 förslag
683 1319 148 23 tillfredställa
841 1319 50 27 mig.
907 1320 37 20 Att
955 1320 63 20 Stän-

186 1347 232 28 derhusdelegationen
442 1349 46 21 haft
511 1351 32 19 ett
565 1348 99 28 ofantligt
686 1349 62 21 svårt
764 1348 101 27 uppdrag
880 1349 32 20 att
927 1347 92 27 fullgöra

185 1376 40 21 och
242 1378 34 20 ett
290 1377 120 27 åliggande,
427 1383 46 16 som
488 1378 62 26 ingen
566 1378 62 21 torde
644 1377 91 22 afundas
753 1376 133 26 densamma,
902 1376 69 22 måste
984 1382 34 16 er-

184 1404 92 27 kännas,
293 1405 109 22 äfvensom
417 1408 32 19 att
465 1406 150 27 delegationen
630 1406 56 22 ledts
702 1405 23 22 af
741 1406 28 21 de
785 1406 64 20 bästa
863 1405 95 25 motiver,
969 1410 49 16 men

189 1432 41 22 den
252 1433 86 28 lösning
354 1434 22 21 af
392 1433 83 28 frågan,
490 1435 85 21 hvartill
596 1435 151 27 delegationen
765 1433 97 27 kommit,
877 1433 42 21 kan
933 1433 38 27 jag
985 1433 34 22 för

185 1461 43 21 min
244 1462 36 21 del
296 1461 57 22 finna
367 1463 95 22 hvarken
478 1463 97 27 praktisk
590 1464 52 21 eller
657 1463 87 27 lycklig,
761 1462 94 21 hvarhos
869 1462 37 27 jag
920 1461 47 22 icke
975 1462 44 21 kan

185 1490 59 27 dölja
260 1492 33 20 att
309 1491 155 27 delegationen,
482 1491 65 27 enligt
555 1492 42 21 min
606 1491 144 28 uppfattning,
763 1491 56 26 tagit
829 1491 41 21 den
881 1491 138 21 ekonomiska

185 1518 64 23 delen
273 1519 22 21 af
314 1519 76 28 frågan
410 1520 39 21 allt
469 1520 33 22 för
517 1520 47 22 lätt.
593 1521 39 21 Att
648 1522 32 21 ett
695 1520 77 27 fattigt
787 1519 58 26 land,
861 1525 46 16 som
922 1519 96 25 Finland,
