<?xml version="1.0" encoding="UTF-8"?>
<alto xmlns="http://www.loc.gov/standards/alto/ns-v3#" xmlns:xlink="http://www.w3.org/1999/xlink" xmlns:xsi="http://www.w3.org/2001/XMLSchema-instance" xsi:schemaLocation="http://www.loc.gov/standards/alto/ns-v3# http://www.loc.gov/alto/v3/alto-3-0.xsd">
	<Description>
		<MeasurementUnit>pixel</MeasurementUnit>
		<sourceImageInformation>
			<fileName>/tmp/tess_d5wg_apd_input.PNG</fileName>
		</sourceImageInformation>
		<OCRProcessing ID="OCR_0">
			<ocrProcessingStep>
				<processingSoftware>
					<softwareName>tesseract 5.3.4</softwareName>
				</processingSoftware>
			</ocrProcessingStep>
		</OCRProcessing>
	</Description>
	<Layout>
		<Page WIDTH="1073" HEIGHT="1706" PHYSICAL_IMG_NR="0" ID="page_0">
			<PrintSpace HPOS="0" VPOS="0" WIDTH="1073" HEIGHT="1706">
				<ComposedBlock ID="cblock_0" HPOS="411" VPOS="112" WIDTH="451" HEIGHT="26">
					<TextBlock ID="block_0" HPOS="411" VPOS="112" WIDTH="451" HEIGHT="26">
						<TextLine ID="line_0" HPOS="411" VPOS="112" WIDTH="451" HEIGHT="26">
							<String ID="string_0" HPOS="411" VPOS="115" WIDTH="42" HEIGHT="19" WC="0.96" CONTENT="Den"/><SP WIDTH="13" VPOS="115" HPOS="453"/>
							<String ID="string_1" HPOS="466" VPOS="117" WIDTH="21" HEIGHT="16" WC="0.96" CONTENT="18"/><SP WIDTH="12" VPOS="117" HPOS="487"/>
							<String ID="string_2" HPOS="499" VPOS="115" WIDTH="59" HEIGHT="23" WC="0.92" CONTENT="April."/><SP WIDTH="264" VPOS="115" HPOS="558"/>
							<String ID="string_3" HPOS="822" VPOS="112" WIDTH="40" HEIGHT="19" WC="0.94" CONTENT="595"/>
						</TextLine>
					</TextBlock>
				</ComposedBlock>
				<ComposedBlock ID="cblock_1" HPOS="66" VPOS="175" WIDTH="826" HEIGHT="852">
					<TextBlock ID="block_1" HPOS="72" VPOS="175" WIDTH="820" HEIGHT="141">
						<TextLine ID="line_1" HPOS="74" VPOS="175" WIDTH="818" HEIGHT="27">
							<String ID="string_4" HPOS="74" VPOS="181" WIDTH="77" HEIGHT="21" WC="0.96" CONTENT="genom"/><SP WIDTH="15" VPOS="181" HPOS="151"/>
							<String ID="string_5" HPOS="166" VPOS="176" WIDTH="32" HEIGHT="20" WC="0.96" CONTENT="ett"/><SP WIDTH="16" VPOS="176" HPOS="198"/>
							<String ID="string_6" HPOS="214" VPOS="175" WIDTH="77" HEIGHT="22" WC="0.96" CONTENT="sådant"/><SP WIDTH="15" VPOS="175" HPOS="291"/>
							<String ID="string_7" HPOS="306" VPOS="176" WIDTH="125" HEIGHT="26" WC="0.95" CONTENT="stadgande."/><SP WIDTH="32" VPOS="176" HPOS="431"/>
							<String ID="string_8" HPOS="463" VPOS="176" WIDTH="40" HEIGHT="22" WC="0.95" CONTENT="Om"/><SP WIDTH="14" VPOS="176" HPOS="503"/>
							<String ID="string_9" HPOS="517" VPOS="176" WIDTH="47" HEIGHT="22" WC="0.93" CONTENT="icke"/><SP WIDTH="15" VPOS="176" HPOS="564"/>
							<String ID="string_10" HPOS="579" VPOS="175" WIDTH="204" HEIGHT="27" WC="0.91" CONTENT="kronobetjeningen"/><SP WIDTH="15" VPOS="175" HPOS="783"/>
							<String ID="string_11" HPOS="798" VPOS="175" WIDTH="33" HEIGHT="22" WC="0.96" CONTENT="får"/><SP WIDTH="9" VPOS="175" HPOS="831"/>
							<String ID="string_12" HPOS="840" VPOS="176" WIDTH="52" HEIGHT="21" WC="0.95" CONTENT="reda"/>
						</TextLine>
						<TextLine ID="line_2" HPOS="73" VPOS="203" WIDTH="818" HEIGHT="28">
							<String ID="string_13" HPOS="73" VPOS="204" WIDTH="30" HEIGHT="27" WC="0.93" CONTENT="på"/><SP WIDTH="14" VPOS="204" HPOS="103"/>
							<String ID="string_14" HPOS="117" VPOS="203" WIDTH="98" HEIGHT="23" WC="0.91" CONTENT="oskicket"/><SP WIDTH="15" VPOS="203" HPOS="215"/>
							<String ID="string_15" HPOS="230" VPOS="204" WIDTH="40" HEIGHT="21" WC="0.93" CONTENT="och"/><SP WIDTH="15" VPOS="204" HPOS="270"/>
							<String ID="string_16" HPOS="285" VPOS="204" WIDTH="112" HEIGHT="26" WC="0.92" CONTENT="inskrider,"/><SP WIDTH="16" VPOS="204" HPOS="397"/>
							<String ID="string_17" HPOS="413" VPOS="204" WIDTH="40" HEIGHT="22" WC="0.96" CONTENT="blir"/><SP WIDTH="16" VPOS="204" HPOS="453"/>
							<String ID="string_18" HPOS="469" VPOS="205" WIDTH="36" HEIGHT="21" WC="0.93" CONTENT="det"/><SP WIDTH="15" VPOS="205" HPOS="505"/>
							<String ID="string_19" HPOS="520" VPOS="204" WIDTH="111" HEIGHT="27" WC="0.91" CONTENT="obeifradt,"/><SP WIDTH="17" VPOS="204" HPOS="631"/>
							<String ID="string_20" HPOS="648" VPOS="204" WIDTH="68" HEIGHT="22" WC="0.96" CONTENT="ehuru"/><SP WIDTH="9" VPOS="204" HPOS="716"/>
							<String ID="string_21" HPOS="725" VPOS="204" WIDTH="36" HEIGHT="22" WC="0.96" CONTENT="det"/><SP WIDTH="8" VPOS="204" HPOS="761"/>
							<String ID="string_22" HPOS="769" VPOS="204" WIDTH="59" HEIGHT="22" WC="0.15" CONTENT="står"/><SP WIDTH="-12" VPOS="204" HPOS="828"/>
							<String ID="string_23" HPOS="816" VPOS="199" WIDTH="12" HEIGHT="36" WC="0.15" CONTENT="i"/><SP WIDTH="9" VPOS="199" HPOS="828"/>
							<String ID="string_24" HPOS="837" VPOS="204" WIDTH="54" HEIGHT="22" WC="0.94" CONTENT="strid"/>
						</TextLine>
						<TextLine ID="line_3" HPOS="73" VPOS="232" WIDTH="818" HEIGHT="28">
							<String ID="string_25" HPOS="73" VPOS="233" WIDTH="49" HEIGHT="21" WC="0.96" CONTENT="med"/><SP WIDTH="15" VPOS="233" HPOS="122"/>
							<String ID="string_26" HPOS="137" VPOS="232" WIDTH="68" HEIGHT="27" WC="0.95" CONTENT="lagen."/><SP WIDTH="30" VPOS="232" HPOS="205"/>
							<String ID="string_27" HPOS="235" VPOS="232" WIDTH="78" HEIGHT="22" WC="0.93" CONTENT="Finnes"/><SP WIDTH="16" VPOS="232" HPOS="313"/>
							<String ID="string_28" HPOS="329" VPOS="233" WIDTH="177" HEIGHT="27" WC="0.91" CONTENT="kronobetjening"/><SP WIDTH="15" VPOS="233" HPOS="506"/>
							<String ID="string_29" HPOS="521" VPOS="234" WIDTH="32" HEIGHT="20" WC="0.96" CONTENT="till"/><SP WIDTH="16" VPOS="234" HPOS="553"/>
							<String ID="string_30" HPOS="569" VPOS="233" WIDTH="74" HEIGHT="25" WC="0.96" CONTENT="hands,"/><SP WIDTH="16" VPOS="233" HPOS="643"/>
							<String ID="string_31" HPOS="659" VPOS="233" WIDTH="25" HEIGHT="21" WC="0.96" CONTENT="så"/><SP WIDTH="10" VPOS="233" HPOS="684"/>
							<String ID="string_32" HPOS="694" VPOS="232" WIDTH="42" HEIGHT="22" WC="0.96" CONTENT="kan"/><SP WIDTH="11" VPOS="232" HPOS="736"/>
							<String ID="string_33" HPOS="747" VPOS="233" WIDTH="40" HEIGHT="21" WC="0.93" CONTENT="den"/><SP WIDTH="8" VPOS="233" HPOS="787"/>
							<String ID="string_34" HPOS="795" VPOS="232" WIDTH="96" HEIGHT="22" WC="0.92" CONTENT="inskrida"/>
						</TextLine>
						<TextLine ID="line_4" HPOS="74" VPOS="260" WIDTH="817" HEIGHT="28">
							<String ID="string_35" HPOS="74" VPOS="261" WIDTH="40" HEIGHT="21" WC="0.96" CONTENT="och"/><SP WIDTH="15" VPOS="261" HPOS="114"/>
							<String ID="string_36" HPOS="129" VPOS="261" WIDTH="53" HEIGHT="21" WC="0.93" CONTENT="söka"/><SP WIDTH="16" VPOS="261" HPOS="182"/>
							<String ID="string_37" HPOS="198" VPOS="260" WIDTH="65" HEIGHT="27" WC="0.92" CONTENT="stäfja"/><SP WIDTH="15" VPOS="260" HPOS="263"/>
							<String ID="string_38" HPOS="278" VPOS="261" WIDTH="67" HEIGHT="27" WC="0.93" CONTENT="dylikt"/><SP WIDTH="20" VPOS="261" HPOS="345"/>
							<String ID="string_39" HPOS="365" VPOS="261" WIDTH="71" HEIGHT="27" WC="0.92" CONTENT="superi"/><SP WIDTH="15" VPOS="261" HPOS="436"/>
							<String ID="string_40" HPOS="451" VPOS="264" WIDTH="51" HEIGHT="19" WC="0.96" CONTENT="utan"/><SP WIDTH="17" VPOS="264" HPOS="502"/>
							<String ID="string_41" HPOS="519" VPOS="264" WIDTH="31" HEIGHT="19" WC="0.96" CONTENT="att"/><SP WIDTH="16" VPOS="264" HPOS="550"/>
							<String ID="string_42" HPOS="566" VPOS="267" WIDTH="77" HEIGHT="16" WC="0.95" CONTENT="ansvar"/><SP WIDTH="14" VPOS="267" HPOS="643"/>
							<String ID="string_43" HPOS="657" VPOS="260" WIDTH="68" HEIGHT="22" WC="0.93" CONTENT="finnes"/><SP WIDTH="16" VPOS="260" HPOS="725"/>
							<String ID="string_44" HPOS="741" VPOS="261" WIDTH="102" HEIGHT="27" WC="0.92" CONTENT="stadgadt"/><SP WIDTH="14" VPOS="261" HPOS="843"/>
							<String ID="string_45" HPOS="857" VPOS="260" WIDTH="34" HEIGHT="22" WC="0.96" CONTENT="för"/>
						</TextLine>
						<TextLine ID="line_5" HPOS="72" VPOS="288" WIDTH="629" HEIGHT="28">
							<String ID="string_46" HPOS="72" VPOS="288" WIDTH="139" HEIGHT="28" WC="0.96" CONTENT="försäljaren;"/><SP WIDTH="17" VPOS="288" HPOS="211"/>
							<String ID="string_47" HPOS="228" VPOS="289" WIDTH="60" HEIGHT="21" WC="0.96" CONTENT="detta"/><SP WIDTH="15" VPOS="289" HPOS="288"/>
							<String ID="string_48" HPOS="303" VPOS="292" WIDTH="83" HEIGHT="19" WC="0.95" CONTENT="ensamt"/><SP WIDTH="14" VPOS="292" HPOS="386"/>
							<String ID="string_49" HPOS="400" VPOS="290" WIDTH="43" HEIGHT="21" WC="0.96" CONTENT="kan"/><SP WIDTH="15" VPOS="290" HPOS="443"/>
							<String ID="string_50" HPOS="458" VPOS="290" WIDTH="47" HEIGHT="21" WC="0.96" CONTENT="icke"/><SP WIDTH="16" VPOS="290" HPOS="505"/>
							<String ID="string_51" HPOS="521" VPOS="290" WIDTH="48" HEIGHT="21" WC="0.96" CONTENT="leda"/><SP WIDTH="15" VPOS="290" HPOS="569"/>
							<String ID="string_52" HPOS="584" VPOS="290" WIDTH="31" HEIGHT="21" WC="0.96" CONTENT="till"/><SP WIDTH="15" VPOS="290" HPOS="615"/>
							<String ID="string_53" HPOS="630" VPOS="289" WIDTH="71" HEIGHT="22" WC="0.96" CONTENT="målet."/>
						</TextLine>
					</TextBlock>
					<TextBlock ID="block_2" HPOS="71" VPOS="317" WIDTH="820" HEIGHT="200">
						<TextLine ID="line_6" HPOS="141" VPOS="317" WIDTH="749" HEIGHT="26">
							<String ID="string_54" HPOS="141" VPOS="317" WIDTH="55" HEIGHT="21" WC="0.96" CONTENT="Herr"/><SP WIDTH="22" VPOS="317" HPOS="196"/>
							<String ID="string_55" HPOS="218" VPOS="317" WIDTH="101" HEIGHT="26" WC="0.91" CONTENT="Munck,"/><SP WIDTH="15" VPOS="317" HPOS="319"/>
							<String ID="string_56" HPOS="334" VPOS="318" WIDTH="26" HEIGHT="21" WC="0.89" CONTENT="K."/><SP WIDTH="16" VPOS="318" HPOS="360"/>
							<String ID="string_57" HPOS="376" VPOS="318" WIDTH="33" HEIGHT="21" WC="0.89" CONTENT="F.:"/><SP WIDTH="23" VPOS="318" HPOS="409"/>
							<String ID="string_58" HPOS="432" VPOS="318" WIDTH="61" HEIGHT="22" WC="0.96" CONTENT="Efter"/><SP WIDTH="15" VPOS="318" HPOS="493"/>
							<String ID="string_59" HPOS="508" VPOS="318" WIDTH="27" HEIGHT="21" WC="0.96" CONTENT="de"/><SP WIDTH="13" VPOS="318" HPOS="535"/>
							<String ID="string_60" HPOS="548" VPOS="320" WIDTH="79" HEIGHT="19" WC="0.96" CONTENT="tvänne"/><SP WIDTH="15" VPOS="320" HPOS="627"/>
							<String ID="string_61" HPOS="642" VPOS="319" WIDTH="87" HEIGHT="20" WC="0.96" CONTENT="senaste"/><SP WIDTH="15" VPOS="319" HPOS="729"/>
							<String ID="string_62" HPOS="744" VPOS="318" WIDTH="66" HEIGHT="21" WC="0.90" CONTENT="ärade"/><SP WIDTH="15" VPOS="318" HPOS="810"/>
							<String ID="string_63" HPOS="825" VPOS="317" WIDTH="65" HEIGHT="21" WC="0.90" CONTENT="talar-"/>
						</TextLine>
						<TextLine ID="line_7" HPOS="72" VPOS="345" WIDTH="819" HEIGHT="28">
							<String ID="string_64" HPOS="72" VPOS="352" WIDTH="38" HEIGHT="16" WC="0.96" CONTENT="nes"/><SP WIDTH="22" VPOS="352" HPOS="110"/>
							<String ID="string_65" HPOS="132" VPOS="345" WIDTH="82" HEIGHT="28" WC="0.96" CONTENT="förslag"/><SP WIDTH="23" VPOS="345" HPOS="214"/>
							<String ID="string_66" HPOS="237" VPOS="346" WIDTH="68" HEIGHT="22" WC="0.93" CONTENT="skulle"/><SP WIDTH="22" VPOS="346" HPOS="305"/>
							<String ID="string_67" HPOS="327" VPOS="346" WIDTH="137" HEIGHT="27" WC="0.91" CONTENT="paragrafens"/><SP WIDTH="23" VPOS="346" HPOS="464"/>
							<String ID="string_68" HPOS="487" VPOS="352" WIDTH="75" HEIGHT="16" WC="0.96" CONTENT="senare"/><SP WIDTH="23" VPOS="352" HPOS="562"/>
							<String ID="string_69" HPOS="585" VPOS="348" WIDTH="94" HEIGHT="20" WC="0.95" CONTENT="moment"/><SP WIDTH="15" VPOS="348" HPOS="679"/>
							<String ID="string_70" HPOS="694" VPOS="346" WIDTH="85" HEIGHT="22" WC="0.96" CONTENT="komma"/><SP WIDTH="15" VPOS="346" HPOS="779"/>
							<String ID="string_71" HPOS="794" VPOS="348" WIDTH="33" HEIGHT="19" WC="0.96" CONTENT="att"/><SP WIDTH="14" VPOS="348" HPOS="827"/>
							<String ID="string_72" HPOS="841" VPOS="346" WIDTH="50" HEIGHT="27" WC="0.96" CONTENT="lyda"/>
						</TextLine>
						<TextLine ID="line_8" HPOS="74" VPOS="374" WIDTH="816" HEIGHT="28">
							<String ID="string_73" HPOS="74" VPOS="375" WIDTH="85" HEIGHT="26" WC="0.91" CONTENT="»derest"/><SP WIDTH="15" VPOS="375" HPOS="159"/>
							<String ID="string_74" HPOS="174" VPOS="375" WIDTH="20" HEIGHT="21" WC="0.94" CONTENT="öl"/><SP WIDTH="17" VPOS="375" HPOS="194"/>
							<String ID="string_75" HPOS="211" VPOS="374" WIDTH="51" HEIGHT="22" WC="0.96" CONTENT="eller"/><SP WIDTH="14" VPOS="374" HPOS="262"/>
							<String ID="string_76" HPOS="276" VPOS="376" WIDTH="79" HEIGHT="26" WC="0.96" CONTENT="porter,"/><SP WIDTH="17" VPOS="376" HPOS="355"/>
							<String ID="string_77" HPOS="372" VPOS="381" WIDTH="45" HEIGHT="15" WC="0.96" CONTENT="som"/><SP WIDTH="16" VPOS="381" HPOS="417"/>
							<String ID="string_78" HPOS="433" VPOS="376" WIDTH="64" HEIGHT="26" WC="0.96" CONTENT="köpts"/><SP WIDTH="15" VPOS="376" HPOS="497"/>
							<String ID="string_79" HPOS="512" VPOS="375" WIDTH="40" HEIGHT="21" WC="0.96" CONTENT="hos"/><SP WIDTH="16" VPOS="375" HPOS="552"/>
							<String ID="string_80" HPOS="568" VPOS="375" WIDTH="67" HEIGHT="22" WC="0.93" CONTENT="sådan"/><SP WIDTH="10" VPOS="375" HPOS="635"/>
							<String ID="string_81" HPOS="645" VPOS="374" WIDTH="191" HEIGHT="28" WC="0.90" CONTENT="försäljningsman,"/><SP WIDTH="11" VPOS="374" HPOS="836"/>
							<String ID="string_82" HPOS="847" VPOS="375" WIDTH="43" HEIGHT="21" WC="0.92" CONTENT="för-"/>
						</TextLine>
						<TextLine ID="line_9" HPOS="72" VPOS="401" WIDTH="818" HEIGHT="30">
							<String ID="string_83" HPOS="72" VPOS="405" WIDTH="58" HEIGHT="21" WC="0.90" CONTENT="täres"/><SP WIDTH="16" VPOS="405" HPOS="130"/>
							<String ID="string_84" HPOS="146" VPOS="403" WIDTH="7" HEIGHT="21" WC="0.96" CONTENT="i"/><SP WIDTH="14" VPOS="403" HPOS="153"/>
							<String ID="string_85" HPOS="167" VPOS="404" WIDTH="105" HEIGHT="21" WC="0.84" CONTENT="närheten."/><SP WIDTH="15" VPOS="404" HPOS="272"/>
							<String ID="string_86" HPOS="287" VPOS="404" WIDTH="22" HEIGHT="21" WC="0.93" CONTENT="af"/><SP WIDTH="14" VPOS="404" HPOS="309"/>
							<String ID="string_87" HPOS="323" VPOS="403" WIDTH="211" HEIGHT="28" WC="0.91" CONTENT="försäljningsstället"/><SP WIDTH="15" VPOS="403" HPOS="534"/>
							<String ID="string_88" HPOS="549" VPOS="404" WIDTH="13" HEIGHT="21" WC="0.93" CONTENT="å"/><SP WIDTH="15" VPOS="404" HPOS="562"/>
							<String ID="string_89" HPOS="577" VPOS="404" WIDTH="94" HEIGHT="25" WC="0.93" CONTENT="område,"/><SP WIDTH="17" VPOS="404" HPOS="671"/>
							<String ID="string_90" HPOS="688" VPOS="401" WIDTH="112" HEIGHT="24" WC="0.91" CONTENT="hvaröfver"/><SP WIDTH="14" VPOS="401" HPOS="800"/>
							<String ID="string_91" HPOS="814" VPOS="403" WIDTH="76" HEIGHT="21" WC="0.91" CONTENT="försäl-"/>
						</TextLine>
						<TextLine ID="line_10" HPOS="72" VPOS="432" WIDTH="819" HEIGHT="27">
							<String ID="string_92" HPOS="72" VPOS="432" WIDTH="92" HEIGHT="27" WC="0.95" CONTENT="säljaren"/><SP WIDTH="24" VPOS="432" HPOS="164"/>
							<String ID="string_93" HPOS="188" VPOS="438" WIDTH="51" HEIGHT="21" WC="0.96" CONTENT="eger"/><SP WIDTH="14" VPOS="438" HPOS="239"/>
							<String ID="string_94" HPOS="253" VPOS="432" WIDTH="89" HEIGHT="27" WC="0.96" CONTENT="förfoga,"/><SP WIDTH="21" VPOS="432" HPOS="342"/>
							<String ID="string_95" HPOS="363" VPOS="432" WIDTH="55" HEIGHT="22" WC="0.96" CONTENT="skall"/><SP WIDTH="15" VPOS="432" HPOS="418"/>
							<String ID="string_96" HPOS="433" VPOS="432" WIDTH="75" HEIGHT="27" WC="0.93" CONTENT="denne,"/><SP WIDTH="17" VPOS="432" HPOS="508"/>
							<String ID="string_97" HPOS="525" VPOS="433" WIDTH="77" HEIGHT="21" WC="0.92" CONTENT="stånda"/><SP WIDTH="15" VPOS="433" HPOS="602"/>
							<String ID="string_98" HPOS="617" VPOS="438" WIDTH="77" HEIGHT="16" WC="0.96" CONTENT="ansvar"/><SP WIDTH="15" VPOS="438" HPOS="694"/>
							<String ID="string_99" HPOS="709" VPOS="432" WIDTH="71" HEIGHT="22" WC="0.96" CONTENT="såsom"/><SP WIDTH="16" VPOS="432" HPOS="780"/>
							<String ID="string_100" HPOS="796" VPOS="432" WIDTH="40" HEIGHT="22" WC="0.95" CONTENT="den"/><SP WIDTH="16" VPOS="432" HPOS="836"/>
							<String ID="string_101" HPOS="852" VPOS="432" WIDTH="39" HEIGHT="21" WC="0.96" CONTENT="der"/>
						</TextLine>
						<TextLine ID="line_11" HPOS="71" VPOS="460" WIDTH="818" HEIGHT="28">
							<String ID="string_102" HPOS="71" VPOS="461" WIDTH="83" HEIGHT="21" WC="0.91" CONTENT="utöfvat"/><SP WIDTH="16" VPOS="461" HPOS="154"/>
							<String ID="string_103" HPOS="170" VPOS="461" WIDTH="62" HEIGHT="27" WC="0.96" CONTENT="olaga"/><SP WIDTH="14" VPOS="461" HPOS="232"/>
							<String ID="string_104" HPOS="246" VPOS="461" WIDTH="165" HEIGHT="27" WC="0.69" CONTENT="utskänkning.”"/><SP WIDTH="34" VPOS="461" HPOS="411"/>
							<String ID="string_105" HPOS="445" VPOS="461" WIDTH="44" HEIGHT="22" WC="0.92" CONTENT="Det"/><SP WIDTH="14" VPOS="461" HPOS="489"/>
							<String ID="string_106" HPOS="503" VPOS="468" WIDTH="50" HEIGHT="15" WC="0.96" CONTENT="vore"/><SP WIDTH="15" VPOS="468" HPOS="553"/>
							<String ID="string_107" HPOS="568" VPOS="464" WIDTH="77" HEIGHT="19" WC="0.96" CONTENT="nästan"/><SP WIDTH="15" VPOS="464" HPOS="645"/>
							<String ID="string_108" HPOS="660" VPOS="460" WIDTH="33" HEIGHT="23" WC="0.96" CONTENT="för"/><SP WIDTH="14" VPOS="460" HPOS="693"/>
							<String ID="string_109" HPOS="707" VPOS="464" WIDTH="76" HEIGHT="24" WC="0.95" CONTENT="grymt,"/><SP WIDTH="17" VPOS="464" HPOS="783"/>
							<String ID="string_110" HPOS="800" VPOS="462" WIDTH="32" HEIGHT="20" WC="0.96" CONTENT="att"/><SP WIDTH="14" VPOS="462" HPOS="832"/>
							<String ID="string_111" HPOS="846" VPOS="461" WIDTH="43" HEIGHT="21" WC="0.96" CONTENT="han"/>
						</TextLine>
						<TextLine ID="line_12" HPOS="72" VPOS="489" WIDTH="739" HEIGHT="28">
							<String ID="string_112" HPOS="72" VPOS="490" WIDTH="68" HEIGHT="22" WC="0.96" CONTENT="skulle"/><SP WIDTH="16" VPOS="490" HPOS="140"/>
							<String ID="string_113" HPOS="156" VPOS="490" WIDTH="93" HEIGHT="26" WC="0.96" CONTENT="straffas,"/><SP WIDTH="16" VPOS="490" HPOS="249"/>
							<String ID="string_114" HPOS="265" VPOS="490" WIDTH="101" HEIGHT="27" WC="0.96" CONTENT="antingen"/><SP WIDTH="15" VPOS="490" HPOS="366"/>
							<String ID="string_115" HPOS="381" VPOS="490" WIDTH="42" HEIGHT="22" WC="0.95" CONTENT="han"/><SP WIDTH="16" VPOS="490" HPOS="423"/>
							<String ID="string_116" HPOS="439" VPOS="492" WIDTH="60" HEIGHT="20" WC="0.96" CONTENT="vetat"/><SP WIDTH="16" VPOS="492" HPOS="499"/>
							<String ID="string_117" HPOS="515" VPOS="490" WIDTH="51" HEIGHT="22" WC="0.96" CONTENT="eller"/><SP WIDTH="14" VPOS="490" HPOS="566"/>
							<String ID="string_118" HPOS="580" VPOS="490" WIDTH="49" HEIGHT="22" WC="0.93" CONTENT="icke"/><SP WIDTH="15" VPOS="490" HPOS="629"/>
							<String ID="string_119" HPOS="644" VPOS="489" WIDTH="81" HEIGHT="23" WC="0.91" CONTENT="afvetat"/><SP WIDTH="14" VPOS="489" HPOS="725"/>
							<String ID="string_120" HPOS="739" VPOS="490" WIDTH="72" HEIGHT="21" WC="0.96" CONTENT="saken."/>
						</TextLine>
					</TextBlock>
					<TextBlock ID="block_3" HPOS="71" VPOS="518" WIDTH="818" HEIGHT="142">
						<TextLine ID="line_13" HPOS="139" VPOS="518" WIDTH="750" HEIGHT="28">
							<String ID="string_121" HPOS="139" VPOS="518" WIDTH="56" HEIGHT="22" WC="0.93" CONTENT="Herr"/><SP WIDTH="15" VPOS="518" HPOS="195"/>
							<String ID="string_122" HPOS="210" VPOS="518" WIDTH="138" HEIGHT="22" WC="0.91" CONTENT="Mechelin:"/><SP WIDTH="17" VPOS="518" HPOS="348"/>
							<String ID="string_123" HPOS="365" VPOS="518" WIDTH="39" HEIGHT="22" WC="0.96" CONTENT="Om"/><SP WIDTH="13" VPOS="518" HPOS="404"/>
							<String ID="string_124" HPOS="417" VPOS="519" WIDTH="38" HEIGHT="27" WC="0.96" CONTENT="jag"/><SP WIDTH="16" VPOS="519" HPOS="455"/>
							<String ID="string_125" HPOS="471" VPOS="519" WIDTH="47" HEIGHT="21" WC="0.96" CONTENT="icke"/><SP WIDTH="15" VPOS="519" HPOS="518"/>
							<String ID="string_126" HPOS="533" VPOS="519" WIDTH="56" HEIGHT="21" WC="0.96" CONTENT="hade"/><SP WIDTH="16" VPOS="519" HPOS="589"/>
							<String ID="string_127" HPOS="605" VPOS="520" WIDTH="58" HEIGHT="20" WC="0.96" CONTENT="orätt"/><SP WIDTH="14" VPOS="520" HPOS="663"/>
							<String ID="string_128" HPOS="677" VPOS="518" WIDTH="108" HEIGHT="28" WC="0.96" CONTENT="uppfattat"/><SP WIDTH="14" VPOS="518" HPOS="785"/>
							<String ID="string_129" HPOS="799" VPOS="518" WIDTH="90" HEIGHT="22" WC="0.95" CONTENT="friherre"/>
						</TextLine>
						<TextLine ID="line_14" HPOS="72" VPOS="547" WIDTH="817" HEIGHT="27">
							<String ID="string_130" HPOS="72" VPOS="548" WIDTH="88" HEIGHT="21" WC="0.92" CONTENT="Wredes"/><SP WIDTH="16" VPOS="548" HPOS="160"/>
							<String ID="string_131" HPOS="176" VPOS="547" WIDTH="85" HEIGHT="27" WC="0.95" CONTENT="förslag,"/><SP WIDTH="23" VPOS="547" HPOS="261"/>
							<String ID="string_132" HPOS="284" VPOS="548" WIDTH="25" HEIGHT="20" WC="0.96" CONTENT="så"/><SP WIDTH="15" VPOS="548" HPOS="309"/>
							<String ID="string_133" HPOS="324" VPOS="554" WIDTH="37" HEIGHT="14" WC="0.96" CONTENT="var"/><SP WIDTH="20" VPOS="554" HPOS="361"/>
							<String ID="string_134" HPOS="381" VPOS="548" WIDTH="36" HEIGHT="21" WC="0.96" CONTENT="det"/><SP WIDTH="16" VPOS="548" HPOS="417"/>
							<String ID="string_135" HPOS="433" VPOS="548" WIDTH="129" HEIGHT="25" WC="0.96" CONTENT="alternativt,"/><SP WIDTH="17" VPOS="548" HPOS="562"/>
							<String ID="string_136" HPOS="579" VPOS="548" WIDTH="101" HEIGHT="26" WC="0.96" CONTENT="antingen"/><SP WIDTH="15" VPOS="548" HPOS="680"/>
							<String ID="string_137" HPOS="695" VPOS="548" WIDTH="30" HEIGHT="25" WC="0.94" CONTENT="så,"/><SP WIDTH="18" VPOS="548" HPOS="725"/>
							<String ID="string_138" HPOS="743" VPOS="549" WIDTH="33" HEIGHT="19" WC="0.96" CONTENT="att"/><SP WIDTH="15" VPOS="549" HPOS="776"/>
							<String ID="string_139" HPOS="791" VPOS="547" WIDTH="49" HEIGHT="21" WC="0.93" CONTENT="hela"/><SP WIDTH="15" VPOS="547" HPOS="840"/>
							<String ID="string_140" HPOS="855" VPOS="553" WIDTH="34" HEIGHT="15" WC="0.92" CONTENT="se-"/>
						</TextLine>
						<TextLine ID="line_15" HPOS="71" VPOS="576" WIDTH="818" HEIGHT="27">
							<String ID="string_141" HPOS="71" VPOS="582" WIDTH="51" HEIGHT="15" WC="0.95" CONTENT="nare"/><SP WIDTH="16" VPOS="582" HPOS="122"/>
							<String ID="string_142" HPOS="138" VPOS="576" WIDTH="61" HEIGHT="22" WC="0.96" CONTENT="delen"/><SP WIDTH="17" VPOS="576" HPOS="199"/>
							<String ID="string_143" HPOS="216" VPOS="576" WIDTH="69" HEIGHT="21" WC="0.96" CONTENT="skulle"/><SP WIDTH="15" VPOS="576" HPOS="285"/>
							<String ID="string_144" HPOS="300" VPOS="577" WIDTH="52" HEIGHT="26" WC="0.96" CONTENT="utgå"/><SP WIDTH="15" VPOS="577" HPOS="352"/>
							<String ID="string_145" HPOS="367" VPOS="576" WIDTH="52" HEIGHT="22" WC="0.96" CONTENT="eller"/><SP WIDTH="11" VPOS="576" HPOS="419"/>
							<String ID="string_146" HPOS="430" VPOS="576" WIDTH="71" HEIGHT="26" WC="0.96" CONTENT="också,"/><SP WIDTH="10" VPOS="576" HPOS="501"/>
							<String ID="string_147" HPOS="511" VPOS="579" WIDTH="33" HEIGHT="19" WC="0.93" CONTENT="att"/><SP WIDTH="10" VPOS="579" HPOS="544"/>
							<String ID="string_148" HPOS="554" VPOS="576" WIDTH="65" HEIGHT="22" WC="0.92" CONTENT="derur"/><SP WIDTH="8" VPOS="576" HPOS="619"/>
							<String ID="string_149" HPOS="627" VPOS="576" WIDTH="69" HEIGHT="22" WC="0.93" CONTENT="skulle"/><SP WIDTH="11" VPOS="576" HPOS="696"/>
							<String ID="string_150" HPOS="707" VPOS="576" WIDTH="105" HEIGHT="21" WC="0.92" CONTENT="utlemnas"/><SP WIDTH="12" VPOS="576" HPOS="812"/>
							<String ID="string_151" HPOS="824" VPOS="576" WIDTH="65" HEIGHT="21" WC="0.96" CONTENT="orden"/>
						</TextLine>
						<TextLine ID="line_16" HPOS="72" VPOS="604" WIDTH="817" HEIGHT="27">
							<String ID="string_152" HPOS="72" VPOS="604" WIDTH="61" HEIGHT="26" WC="0.85" CONTENT="»med"/><SP WIDTH="16" VPOS="604" HPOS="133"/>
							<String ID="string_153" HPOS="149" VPOS="605" WIDTH="54" HEIGHT="21" WC="0.96" CONTENT="hans"/><SP WIDTH="16" VPOS="605" HPOS="203"/>
							<String ID="string_154" HPOS="219" VPOS="605" WIDTH="90" HEIGHT="26" WC="0.96" CONTENT="vetskap"/><SP WIDTH="16" VPOS="605" HPOS="309"/>
							<String ID="string_155" HPOS="325" VPOS="604" WIDTH="40" HEIGHT="22" WC="0.97" CONTENT="och"/><SP WIDTH="16" VPOS="604" HPOS="365"/>
							<String ID="string_156" HPOS="381" VPOS="608" WIDTH="51" HEIGHT="18" WC="0.96" CONTENT="utan"/><SP WIDTH="16" VPOS="608" HPOS="432"/>
							<String ID="string_157" HPOS="448" VPOS="606" WIDTH="32" HEIGHT="20" WC="0.96" CONTENT="att"/><SP WIDTH="14" VPOS="606" HPOS="480"/>
							<String ID="string_158" HPOS="494" VPOS="606" WIDTH="41" HEIGHT="20" WC="0.96" CONTENT="han"/><SP WIDTH="17" VPOS="606" HPOS="535"/>
							<String ID="string_159" HPOS="552" VPOS="606" WIDTH="49" HEIGHT="21" WC="0.96" CONTENT="sökt"/><SP WIDTH="15" VPOS="606" HPOS="601"/>
							<String ID="string_160" HPOS="616" VPOS="605" WIDTH="77" HEIGHT="21" WC="0.95" CONTENT="sådant"/><SP WIDTH="10" VPOS="605" HPOS="693"/>
							<String ID="string_161" HPOS="703" VPOS="605" WIDTH="95" HEIGHT="21" WC="0.84" CONTENT="hindra.”"/><SP WIDTH="17" VPOS="605" HPOS="798"/>
							<String ID="string_162" HPOS="815" VPOS="604" WIDTH="74" HEIGHT="22" WC="0.92" CONTENT="Detär"/>
						</TextLine>
						<TextLine ID="line_17" HPOS="71" VPOS="632" WIDTH="535" HEIGHT="28">
							<String ID="string_163" HPOS="71" VPOS="634" WIDTH="37" HEIGHT="20" WC="0.96" CONTENT="det"/><SP WIDTH="13" VPOS="634" HPOS="108"/>
							<String ID="string_164" HPOS="121" VPOS="632" WIDTH="58" HEIGHT="23" WC="0.95" CONTENT="förra"/><SP WIDTH="15" VPOS="632" HPOS="179"/>
							<String ID="string_165" HPOS="194" VPOS="633" WIDTH="136" HEIGHT="21" WC="0.96" CONTENT="alternativet"/><SP WIDTH="15" VPOS="633" HPOS="330"/>
							<String ID="string_166" HPOS="345" VPOS="640" WIDTH="46" HEIGHT="14" WC="0.97" CONTENT="som"/><SP WIDTH="12" VPOS="640" HPOS="391"/>
							<String ID="string_167" HPOS="403" VPOS="634" WIDTH="39" HEIGHT="26" WC="0.93" CONTENT="jag"/><SP WIDTH="15" VPOS="634" HPOS="442"/>
							<String ID="string_168" HPOS="457" VPOS="634" WIDTH="149" HEIGHT="21" WC="0.90" CONTENT="understöder."/>
						</TextLine>
					</TextBlock>
					<TextBlock ID="block_4" HPOS="70" VPOS="661" WIDTH="817" HEIGHT="56">
						<TextLine ID="line_18" HPOS="138" VPOS="661" WIDTH="749" HEIGHT="28">
							<String ID="string_169" HPOS="138" VPOS="662" WIDTH="98" HEIGHT="21" WC="0.92" CONTENT="Friherre"/><SP WIDTH="15" VPOS="662" HPOS="236"/>
							<String ID="string_170" HPOS="251" VPOS="662" WIDTH="104" HEIGHT="26" WC="0.96" CONTENT="Wrede,"/><SP WIDTH="16" VPOS="662" HPOS="355"/>
							<String ID="string_171" HPOS="371" VPOS="662" WIDTH="95" HEIGHT="27" WC="0.96" CONTENT="August:"/><SP WIDTH="16" VPOS="662" HPOS="466"/>
							<String ID="string_172" HPOS="482" VPOS="663" WIDTH="41" HEIGHT="26" WC="0.96" CONTENT="Jag"/><SP WIDTH="14" VPOS="663" HPOS="523"/>
							<String ID="string_173" HPOS="537" VPOS="662" WIDTH="49" HEIGHT="22" WC="0.96" CONTENT="ville"/><SP WIDTH="16" VPOS="662" HPOS="586"/>
							<String ID="string_174" HPOS="602" VPOS="662" WIDTH="78" HEIGHT="21" WC="0.96" CONTENT="endast"/><SP WIDTH="14" VPOS="662" HPOS="680"/>
							<String ID="string_175" HPOS="694" VPOS="661" WIDTH="98" HEIGHT="24" WC="0.96" CONTENT="förklara,"/><SP WIDTH="11" VPOS="661" HPOS="792"/>
							<String ID="string_176" HPOS="803" VPOS="663" WIDTH="32" HEIGHT="20" WC="0.96" CONTENT="att"/><SP WIDTH="9" VPOS="663" HPOS="835"/>
							<String ID="string_177" HPOS="844" VPOS="661" WIDTH="43" HEIGHT="21" WC="0.96" CONTENT="min"/>
						</TextLine>
						<TextLine ID="line_19" HPOS="70" VPOS="690" WIDTH="645" HEIGHT="27">
							<String ID="string_178" HPOS="70" VPOS="690" WIDTH="57" HEIGHT="27" WC="0.92" CONTENT="äsigt"/><SP WIDTH="15" VPOS="690" HPOS="127"/>
							<String ID="string_179" HPOS="142" VPOS="693" WIDTH="24" HEIGHT="19" WC="0.96" CONTENT="är"/><SP WIDTH="15" VPOS="693" HPOS="166"/>
							<String ID="string_180" HPOS="181" VPOS="690" WIDTH="89" HEIGHT="22" WC="0.93" CONTENT="alldeles"/><SP WIDTH="16" VPOS="690" HPOS="270"/>
							<String ID="string_181" HPOS="286" VPOS="691" WIDTH="75" HEIGHT="26" WC="0.91" CONTENT="riktigt"/><SP WIDTH="14" VPOS="691" HPOS="361"/>
							<String ID="string_182" HPOS="375" VPOS="690" WIDTH="22" HEIGHT="22" WC="0.93" CONTENT="af"/><SP WIDTH="13" VPOS="690" HPOS="397"/>
							<String ID="string_183" HPOS="410" VPOS="691" WIDTH="50" HEIGHT="21" WC="0.93" CONTENT="herr"/><SP WIDTH="15" VPOS="691" HPOS="460"/>
							<String ID="string_184" HPOS="475" VPOS="691" WIDTH="105" HEIGHT="21" WC="0.93" CONTENT="Mechelin"/><SP WIDTH="15" VPOS="691" HPOS="580"/>
							<String ID="string_185" HPOS="595" VPOS="690" WIDTH="120" HEIGHT="27" WC="0.92" CONTENT="uppfattad."/>
						</TextLine>
					</TextBlock>
					<TextBlock ID="block_5" HPOS="138" VPOS="719" WIDTH="748" HEIGHT="27">
						<TextLine ID="line_20" HPOS="138" VPOS="719" WIDTH="748" HEIGHT="27">
							<String ID="string_186" HPOS="138" VPOS="719" WIDTH="39" HEIGHT="22" WC="0.93" CONTENT="Till"/><SP WIDTH="16" VPOS="719" HPOS="177"/>
							<String ID="string_187" HPOS="193" VPOS="719" WIDTH="133" HEIGHT="22" WC="0.92" CONTENT="besvarande"/><SP WIDTH="16" VPOS="719" HPOS="326"/>
							<String ID="string_188" HPOS="342" VPOS="719" WIDTH="61" HEIGHT="21" WC="0.92" CONTENT="afläts"/><SP WIDTH="17" VPOS="719" HPOS="403"/>
							<String ID="string_189" HPOS="420" VPOS="726" WIDTH="25" HEIGHT="15" WC="0.96" CONTENT="en"/><SP WIDTH="17" VPOS="726" HPOS="445"/>
							<String ID="string_190" HPOS="462" VPOS="720" WIDTH="24" HEIGHT="21" WC="0.93" CONTENT="sä"/><SP WIDTH="14" VPOS="720" HPOS="486"/>
							<String ID="string_191" HPOS="500" VPOS="720" WIDTH="91" HEIGHT="26" WC="0.92" CONTENT="lydande"/><SP WIDTH="11" VPOS="720" HPOS="591"/>
							<String ID="string_192" HPOS="602" VPOS="719" WIDTH="284" HEIGHT="27" WC="0.91" CONTENT="omröstningsproposition:"/>
						</TextLine>
					</TextBlock>
					<TextBlock ID="block_6" HPOS="69" VPOS="748" WIDTH="818" HEIGHT="56">
						<TextLine ID="line_21" HPOS="137" VPOS="748" WIDTH="750" HEIGHT="26">
							<String ID="string_193" HPOS="137" VPOS="748" WIDTH="53" HEIGHT="26" WC="0.95" CONTENT="Den,"/><SP WIDTH="17" VPOS="748" HPOS="190"/>
							<String ID="string_194" HPOS="207" VPOS="754" WIDTH="46" HEIGHT="15" WC="0.96" CONTENT="som"/><SP WIDTH="16" VPOS="754" HPOS="253"/>
							<String ID="string_195" HPOS="269" VPOS="748" WIDTH="124" HEIGHT="26" WC="0.93" CONTENT="godkänner"/><SP WIDTH="15" VPOS="748" HPOS="393"/>
							<String ID="string_196" HPOS="408" VPOS="748" WIDTH="13" HEIGHT="26" WC="0.73" CONTENT="$"/><SP WIDTH="17" VPOS="748" HPOS="421"/>
							<String ID="string_197" HPOS="438" VPOS="750" WIDTH="25" HEIGHT="19" WC="0.96" CONTENT="15"/><SP WIDTH="16" VPOS="750" HPOS="463"/>
							<String ID="string_198" HPOS="479" VPOS="754" WIDTH="62" HEIGHT="16" WC="0.96" CONTENT="mom."/><SP WIDTH="16" VPOS="754" HPOS="541"/>
							<String ID="string_199" HPOS="557" VPOS="750" WIDTH="13" HEIGHT="20" WC="0.92" CONTENT="2"/><SP WIDTH="14" VPOS="750" HPOS="570"/>
							<String ID="string_200" HPOS="584" VPOS="748" WIDTH="33" HEIGHT="21" WC="0.89" CONTENT="uti"/><SP WIDTH="8" VPOS="748" HPOS="617"/>
							<String ID="string_201" HPOS="625" VPOS="748" WIDTH="118" HEIGHT="21" WC="0.89" CONTENT="utskottets"/><SP WIDTH="9" VPOS="748" HPOS="743"/>
							<String ID="string_202" HPOS="752" VPOS="748" WIDTH="135" HEIGHT="21" WC="0.96" CONTENT="betänkande"/>
						</TextLine>
						<TextLine ID="line_22" HPOS="69" VPOS="776" WIDTH="276" HEIGHT="28">
							<String ID="string_203" HPOS="69" VPOS="776" WIDTH="143" HEIGHT="23" WC="0.89" CONTENT="oförändradt,"/><SP WIDTH="16" VPOS="776" HPOS="212"/>
							<String ID="string_204" HPOS="228" VPOS="778" WIDTH="72" HEIGHT="20" WC="0.92" CONTENT="röstar"/><SP WIDTH="12" VPOS="778" HPOS="300"/>
							<String ID="string_205" HPOS="312" VPOS="777" WIDTH="33" HEIGHT="27" WC="0.96" CONTENT="ja;"/>
						</TextLine>
					</TextBlock>
					<TextBlock ID="block_7" HPOS="70" VPOS="805" WIDTH="817" HEIGHT="56">
						<TextLine ID="line_23" HPOS="137" VPOS="805" WIDTH="750" HEIGHT="27">
							<String ID="string_206" HPOS="137" VPOS="806" WIDTH="74" HEIGHT="20" WC="0.92" CONTENT="vinner"/><SP WIDTH="22" VPOS="806" HPOS="211"/>
							<String ID="string_207" HPOS="233" VPOS="805" WIDTH="40" HEIGHT="27" WC="0.93" CONTENT="nej,"/><SP WIDTH="21" VPOS="805" HPOS="273"/>
							<String ID="string_208" HPOS="294" VPOS="806" WIDTH="63" HEIGHT="26" WC="0.92" CONTENT="utgär"/><SP WIDTH="20" VPOS="806" HPOS="357"/>
							<String ID="string_209" HPOS="377" VPOS="811" WIDTH="76" HEIGHT="16" WC="0.93" CONTENT="senare"/><SP WIDTH="15" VPOS="811" HPOS="453"/>
							<String ID="string_210" HPOS="468" VPOS="806" WIDTH="118" HEIGHT="26" WC="0.92" CONTENT="meningen,"/><SP WIDTH="16" VPOS="806" HPOS="586"/>
							<String ID="string_211" HPOS="602" VPOS="805" WIDTH="139" HEIGHT="27" WC="0.92" CONTENT="begynnande"/><SP WIDTH="16" VPOS="805" HPOS="741"/>
							<String ID="string_212" HPOS="757" VPOS="805" WIDTH="48" HEIGHT="21" WC="0.93" CONTENT="med"/><SP WIDTH="16" VPOS="805" HPOS="805"/>
							<String ID="string_213" HPOS="821" VPOS="805" WIDTH="66" HEIGHT="21" WC="0.92" CONTENT="orden"/>
						</TextLine>
						<TextLine ID="line_24" HPOS="70" VPOS="833" WIDTH="391" HEIGHT="28">
							<String ID="string_214" HPOS="70" VPOS="833" WIDTH="86" HEIGHT="28" WC="0.90" CONTENT="»derest"/><SP WIDTH="15" VPOS="833" HPOS="156"/>
							<String ID="string_215" HPOS="171" VPOS="834" WIDTH="20" HEIGHT="20" WC="0.96" CONTENT="öl"/><SP WIDTH="16" VPOS="834" HPOS="191"/>
							<String ID="string_216" HPOS="207" VPOS="834" WIDTH="52" HEIGHT="21" WC="0.93" CONTENT="eller"/><SP WIDTH="14" VPOS="834" HPOS="259"/>
							<String ID="string_217" HPOS="273" VPOS="836" WIDTH="74" HEIGHT="25" WC="0.93" CONTENT="porter"/><SP WIDTH="15" VPOS="836" HPOS="347"/>
							<String ID="string_218" HPOS="362" VPOS="840" WIDTH="19" HEIGHT="15" WC="0.82" CONTENT="o."/><SP WIDTH="16" VPOS="840" HPOS="381"/>
							<String ID="string_219" HPOS="397" VPOS="840" WIDTH="16" HEIGHT="15" WC="0.93" CONTENT="s."/><SP WIDTH="16" VPOS="840" HPOS="413"/>
							<String ID="string_220" HPOS="429" VPOS="835" WIDTH="32" HEIGHT="19" WC="0.93" CONTENT="v.*"/>
						</TextLine>
					</TextBlock>
					<TextBlock ID="block_8" HPOS="67" VPOS="861" WIDTH="819" HEIGHT="57">
						<TextLine ID="line_25" HPOS="136" VPOS="861" WIDTH="750" HEIGHT="28">
							<String ID="string_221" HPOS="136" VPOS="861" WIDTH="67" HEIGHT="22" WC="0.40" CONTENT="Äfven"/><SP WIDTH="25" VPOS="861" HPOS="203"/>
							<String ID="string_222" HPOS="228" VPOS="862" WIDTH="69" HEIGHT="21" WC="0.95" CONTENT="denna"/><SP WIDTH="22" VPOS="862" HPOS="297"/>
							<String ID="string_223" HPOS="319" VPOS="862" WIDTH="131" HEIGHT="27" WC="0.93" CONTENT="proposition"/><SP WIDTH="20" VPOS="862" HPOS="450"/>
							<String ID="string_224" HPOS="470" VPOS="862" WIDTH="129" HEIGHT="22" WC="0.96" CONTENT="besvarades"/><SP WIDTH="23" VPOS="862" HPOS="599"/>
							<String ID="string_225" HPOS="622" VPOS="862" WIDTH="49" HEIGHT="20" WC="0.93" CONTENT="med"/><SP WIDTH="20" VPOS="862" HPOS="671"/>
							<String ID="string_226" HPOS="691" VPOS="861" WIDTH="105" HEIGHT="22" WC="0.92" CONTENT="obestridt"/><SP WIDTH="12" VPOS="861" HPOS="796"/>
							<String ID="string_227" HPOS="808" VPOS="862" WIDTH="29" HEIGHT="26" WC="0.96" CONTENT="ja,"/><SP WIDTH="17" VPOS="862" HPOS="837"/>
							<String ID="string_228" HPOS="854" VPOS="861" WIDTH="32" HEIGHT="21" WC="0.96" CONTENT="till"/>
						</TextLine>
						<TextLine ID="line_26" HPOS="67" VPOS="890" WIDTH="655" HEIGHT="28">
							<String ID="string_229" HPOS="67" VPOS="890" WIDTH="53" HEIGHT="28" WC="0.92" CONTENT="följd"/><SP WIDTH="14" VPOS="890" HPOS="120"/>
							<String ID="string_230" HPOS="134" VPOS="890" WIDTH="76" HEIGHT="22" WC="0.95" CONTENT="hvaraf"/><SP WIDTH="14" VPOS="890" HPOS="210"/>
							<String ID="string_231" HPOS="224" VPOS="892" WIDTH="12" HEIGHT="19" WC="0.96" CONTENT="2"/><SP WIDTH="16" VPOS="892" HPOS="236"/>
							<String ID="string_232" HPOS="252" VPOS="897" WIDTH="62" HEIGHT="15" WC="0.95" CONTENT="mom."/><SP WIDTH="17" VPOS="897" HPOS="314"/>
							<String ID="string_233" HPOS="331" VPOS="891" WIDTH="6" HEIGHT="21" WC="0.93" CONTENT="i"/><SP WIDTH="16" VPOS="891" HPOS="337"/>
							<String ID="string_234" HPOS="353" VPOS="890" WIDTH="11" HEIGHT="28" WC="0.92" CONTENT="$"/><SP WIDTH="18" VPOS="890" HPOS="364"/>
							<String ID="string_235" HPOS="382" VPOS="892" WIDTH="24" HEIGHT="20" WC="0.96" CONTENT="15"/><SP WIDTH="17" VPOS="892" HPOS="406"/>
							<String ID="string_236" HPOS="423" VPOS="897" WIDTH="38" HEIGHT="15" WC="0.93" CONTENT="var"/><SP WIDTH="15" VPOS="897" HPOS="461"/>
							<String ID="string_237" HPOS="476" VPOS="892" WIDTH="88" HEIGHT="25" WC="0.93" CONTENT="antaget"/><SP WIDTH="14" VPOS="892" HPOS="564"/>
							<String ID="string_238" HPOS="578" VPOS="890" WIDTH="144" HEIGHT="21" WC="0.33" CONTENT="oförändradt."/>
						</TextLine>
					</TextBlock>
					<TextBlock ID="block_9" HPOS="66" VPOS="918" WIDTH="821" HEIGHT="109">
						<TextLine ID="line_27" HPOS="135" VPOS="918" WIDTH="752" HEIGHT="28">
							<String ID="string_239" HPOS="135" VPOS="919" WIDTH="10" HEIGHT="21" WC="0.96" CONTENT="I"/><SP WIDTH="15" VPOS="919" HPOS="145"/>
							<String ID="string_240" HPOS="160" VPOS="919" WIDTH="108" HEIGHT="21" WC="0.90" CONTENT="anseende"/><SP WIDTH="17" VPOS="919" HPOS="268"/>
							<String ID="string_241" HPOS="285" VPOS="919" WIDTH="77" HEIGHT="27" WC="0.90" CONTENT="dertill,"/><SP WIDTH="17" VPOS="919" HPOS="362"/>
							<String ID="string_242" HPOS="379" VPOS="921" WIDTH="31" HEIGHT="19" WC="0.96" CONTENT="att"/><SP WIDTH="15" VPOS="921" HPOS="410"/>
							<String ID="string_243" HPOS="425" VPOS="919" WIDTH="59" HEIGHT="21" WC="0.93" CONTENT="tiden"/><SP WIDTH="15" VPOS="919" HPOS="484"/>
							<String ID="string_244" HPOS="499" VPOS="918" WIDTH="132" HEIGHT="22" WC="0.92" CONTENT="framskridit"/><SP WIDTH="16" VPOS="918" HPOS="631"/>
							<String ID="string_245" HPOS="647" VPOS="918" WIDTH="31" HEIGHT="21" WC="0.96" CONTENT="till"/><SP WIDTH="17" VPOS="918" HPOS="678"/>
							<String ID="string_246" HPOS="695" VPOS="918" WIDTH="58" HEIGHT="22" WC="0.96" CONTENT="öfver"/><SP WIDTH="14" VPOS="918" HPOS="753"/>
							<String ID="string_247" HPOS="767" VPOS="920" WIDTH="34" HEIGHT="20" WC="0.96" CONTENT="tre"/><SP WIDTH="14" VPOS="920" HPOS="801"/>
							<String ID="string_248" HPOS="815" VPOS="918" WIDTH="29" HEIGHT="27" WC="0.93" CONTENT="pä"/><SP WIDTH="12" VPOS="918" HPOS="844"/>
							<String ID="string_249" HPOS="856" VPOS="918" WIDTH="31" HEIGHT="22" WC="0.91" CONTENT="ef-"/>
						</TextLine>
						<TextLine ID="line_28" HPOS="67" VPOS="946" WIDTH="819" HEIGHT="28">
							<String ID="string_250" HPOS="67" VPOS="948" WIDTH="156" HEIGHT="26" WC="0.92" CONTENT="termiddagen,"/><SP WIDTH="22" VPOS="948" HPOS="223"/>
							<String ID="string_251" HPOS="245" VPOS="948" WIDTH="66" HEIGHT="26" WC="0.92" CONTENT="ansäg"/><SP WIDTH="20" VPOS="948" HPOS="311"/>
							<String ID="string_252" HPOS="331" VPOS="948" WIDTH="50" HEIGHT="21" WC="0.91" CONTENT="herr"/><SP WIDTH="19" VPOS="948" HPOS="381"/>
							<String ID="string_253" HPOS="400" VPOS="948" WIDTH="206" HEIGHT="21" WC="0.91" CONTENT="Landtmarskalken"/><SP WIDTH="14" VPOS="948" HPOS="606"/>
							<String ID="string_254" HPOS="620" VPOS="947" WIDTH="121" HEIGHT="27" WC="0.92" CONTENT="lämpligast"/><SP WIDTH="16" VPOS="947" HPOS="741"/>
							<String ID="string_255" HPOS="757" VPOS="949" WIDTH="32" HEIGHT="19" WC="0.97" CONTENT="att"/><SP WIDTH="14" VPOS="949" HPOS="789"/>
							<String ID="string_256" HPOS="803" VPOS="947" WIDTH="40" HEIGHT="21" WC="0.93" CONTENT="här"/><SP WIDTH="13" VPOS="947" HPOS="843"/>
							<String ID="string_257" HPOS="856" VPOS="946" WIDTH="30" HEIGHT="22" WC="0.92" CONTENT="af-"/>
						</TextLine>
						<TextLine ID="line_29" HPOS="66" VPOS="976" WIDTH="820" HEIGHT="27">
							<String ID="string_258" HPOS="66" VPOS="976" WIDTH="63" HEIGHT="27" WC="0.91" CONTENT="bryta"/><SP WIDTH="14" VPOS="976" HPOS="129"/>
							<String ID="string_259" HPOS="143" VPOS="976" WIDTH="150" HEIGHT="26" WC="0.92" CONTENT="lagförslagets"/><SP WIDTH="17" VPOS="976" HPOS="293"/>
							<String ID="string_260" HPOS="310" VPOS="976" WIDTH="73" HEIGHT="22" WC="0.96" CONTENT="vidare"/><SP WIDTH="8" VPOS="976" HPOS="383"/>
							<String ID="string_261" HPOS="391" VPOS="976" WIDTH="130" HEIGHT="26" WC="0.96" CONTENT="behandling"/><SP WIDTH="10" VPOS="976" HPOS="521"/>
							<String ID="string_262" HPOS="531" VPOS="976" WIDTH="41" HEIGHT="22" WC="0.93" CONTENT="och"/><SP WIDTH="7" VPOS="976" HPOS="572"/>
							<String ID="string_263" HPOS="579" VPOS="976" WIDTH="134" HEIGHT="27" WC="0.92" CONTENT="uppmanade"/><SP WIDTH="8" VPOS="976" HPOS="713"/>
							<String ID="string_264" HPOS="721" VPOS="976" WIDTH="98" HEIGHT="21" WC="0.91" CONTENT="ständets"/><SP WIDTH="8" VPOS="976" HPOS="819"/>
							<String ID="string_265" HPOS="827" VPOS="976" WIDTH="59" HEIGHT="21" WC="0.92" CONTENT="med-"/>
						</TextLine>
						<TextLine ID="line_30" HPOS="66" VPOS="1004" WIDTH="494" HEIGHT="23">
							<String ID="string_266" HPOS="66" VPOS="1004" WIDTH="88" HEIGHT="22" WC="0.92" CONTENT="lemmar"/><SP WIDTH="15" VPOS="1004" HPOS="154"/>
							<String ID="string_267" HPOS="169" VPOS="1007" WIDTH="33" HEIGHT="19" WC="0.93" CONTENT="att"/><SP WIDTH="14" VPOS="1007" HPOS="202"/>
							<String ID="string_268" HPOS="216" VPOS="1004" WIDTH="93" HEIGHT="22" WC="0.92" CONTENT="klockan"/><SP WIDTH="16" VPOS="1004" HPOS="309"/>
							<String ID="string_269" HPOS="325" VPOS="1011" WIDTH="37" HEIGHT="16" WC="0.93" CONTENT="sex"/><SP WIDTH="16" VPOS="1011" HPOS="362"/>
							<String ID="string_270" HPOS="378" VPOS="1005" WIDTH="47" HEIGHT="21" WC="0.92" CONTENT="äter"/><SP WIDTH="14" VPOS="1005" HPOS="425"/>
							<String ID="string_271" HPOS="439" VPOS="1005" WIDTH="121" HEIGHT="21" WC="0.92" CONTENT="församlas."/>
						</TextLine>
					</TextBlock>
				</ComposedBlock>
				<ComposedBlock ID="cblock_2" HPOS="203" VPOS="1101" WIDTH="544" HEIGHT="28">
					<TextBlock ID="block_10" HPOS="203" VPOS="1101" WIDTH="544" HEIGHT="28">
						<TextLine ID="line_31" HPOS="203" VPOS="1101" WIDTH="544" HEIGHT="28">
							<String ID="string_272" HPOS="203" VPOS="1101" WIDTH="44" HEIGHT="23" WC="0.96" CONTENT="Den"/><SP WIDTH="18" VPOS="1101" HPOS="247"/>
							<String ID="string_273" HPOS="265" VPOS="1101" WIDTH="23" HEIGHT="22" WC="0.96" CONTENT="18"/><SP WIDTH="15" VPOS="1101" HPOS="288"/>
							<String ID="string_274" HPOS="303" VPOS="1101" WIDTH="60" HEIGHT="27" WC="0.93" CONTENT="April"/><SP WIDTH="18" VPOS="1101" HPOS="363"/>
							<String ID="string_275" HPOS="381" VPOS="1101" WIDTH="94" HEIGHT="23" WC="0.92" CONTENT="klockan"/><SP WIDTH="17" VPOS="1101" HPOS="475"/>
							<String ID="string_276" HPOS="492" VPOS="1107" WIDTH="41" HEIGHT="18" WC="0.95" CONTENT="sex"/><SP WIDTH="16" VPOS="1107" HPOS="533"/>
							<String ID="string_277" HPOS="549" VPOS="1101" WIDTH="62" HEIGHT="23" WC="0.93" CONTENT="efter"/><SP WIDTH="12" VPOS="1101" HPOS="611"/>
							<String ID="string_278" HPOS="623" VPOS="1101" WIDTH="124" HEIGHT="28" WC="0.90" CONTENT="middagen."/>
						</TextLine>
					</TextBlock>
				</ComposedBlock>
				<ComposedBlock ID="cblock_3" HPOS="62" VPOS="1147" WIDTH="822" HEIGHT="400">
					<TextBlock ID="block_11" HPOS="64" VPOS="1147" WIDTH="820" HEIGHT="142">
						<TextLine ID="line_32" HPOS="133" VPOS="1147" WIDTH="750" HEIGHT="28">
							<String ID="string_279" HPOS="133" VPOS="1147" WIDTH="47" HEIGHT="22" WC="0.96" CONTENT="Den"/><SP WIDTH="15" VPOS="1147" HPOS="180"/>
							<String ID="string_280" HPOS="195" VPOS="1147" WIDTH="28" HEIGHT="27" WC="0.93" CONTENT="pä"/><SP WIDTH="18" VPOS="1147" HPOS="223"/>
							<String ID="string_281" HPOS="241" VPOS="1147" WIDTH="146" HEIGHT="26" WC="0.91" CONTENT="förmiddagen"/><SP WIDTH="20" VPOS="1147" HPOS="387"/>
							<String ID="string_282" HPOS="407" VPOS="1147" WIDTH="117" HEIGHT="28" WC="0.91" CONTENT="päbörjade"/><SP WIDTH="15" VPOS="1147" HPOS="524"/>
							<String ID="string_283" HPOS="539" VPOS="1147" WIDTH="186" HEIGHT="27" WC="0.92" CONTENT="handläggningen"/><SP WIDTH="15" VPOS="1147" HPOS="725"/>
							<String ID="string_284" HPOS="740" VPOS="1147" WIDTH="22" HEIGHT="22" WC="0.93" CONTENT="af"/><SP WIDTH="14" VPOS="1147" HPOS="762"/>
							<String ID="string_285" HPOS="776" VPOS="1147" WIDTH="107" HEIGHT="22" WC="0.91" CONTENT="ekonomi-"/>
						</TextLine>
						<TextLine ID="line_33" HPOS="66" VPOS="1175" WIDTH="818" HEIGHT="28">
							<String ID="string_286" HPOS="66" VPOS="1176" WIDTH="120" HEIGHT="21" WC="0.92" CONTENT="utskottets"/><SP WIDTH="15" VPOS="1176" HPOS="186"/>
							<String ID="string_287" HPOS="201" VPOS="1176" WIDTH="136" HEIGHT="21" WC="0.92" CONTENT="betänkande"/><SP WIDTH="15" VPOS="1176" HPOS="337"/>
							<String ID="string_288" HPOS="352" VPOS="1175" WIDTH="40" HEIGHT="22" WC="0.96" CONTENT="N:o"/><SP WIDTH="16" VPOS="1175" HPOS="392"/>
							<String ID="string_289" HPOS="408" VPOS="1178" WIDTH="11" HEIGHT="19" WC="0.95" CONTENT="3"/><SP WIDTH="16" VPOS="1178" HPOS="419"/>
							<String ID="string_290" HPOS="435" VPOS="1176" WIDTH="6" HEIGHT="21" WC="0.93" CONTENT="i"/><SP WIDTH="16" VPOS="1176" HPOS="441"/>
							<String ID="string_291" HPOS="457" VPOS="1177" WIDTH="113" HEIGHT="26" WC="0.92" CONTENT="anledning"/><SP WIDTH="16" VPOS="1177" HPOS="570"/>
							<String ID="string_292" HPOS="586" VPOS="1176" WIDTH="23" HEIGHT="21" WC="0.93" CONTENT="af"/><SP WIDTH="16" VPOS="1176" HPOS="609"/>
							<String ID="string_293" HPOS="625" VPOS="1176" WIDTH="84" HEIGHT="27" WC="0.91" CONTENT="Nädiga"/><SP WIDTH="15" VPOS="1176" HPOS="709"/>
							<String ID="string_294" HPOS="724" VPOS="1175" WIDTH="160" HEIGHT="28" WC="0.96" CONTENT="propositionen"/>
						</TextLine>
						<TextLine ID="line_34" HPOS="64" VPOS="1204" WIDTH="819" HEIGHT="28">
							<String ID="string_295" HPOS="64" VPOS="1205" WIDTH="42" HEIGHT="21" WC="0.96" CONTENT="N:o"/><SP WIDTH="18" VPOS="1205" HPOS="106"/>
							<String ID="string_296" HPOS="124" VPOS="1207" WIDTH="8" HEIGHT="18" WC="0.92" CONTENT="1"/><SP WIDTH="18" VPOS="1207" HPOS="132"/>
							<String ID="string_297" HPOS="150" VPOS="1205" WIDTH="111" HEIGHT="26" WC="0.95" CONTENT="angående"/><SP WIDTH="15" VPOS="1205" HPOS="261"/>
							<String ID="string_298" HPOS="276" VPOS="1204" WIDTH="125" HEIGHT="27" WC="0.96" CONTENT="försäljning"/><SP WIDTH="14" VPOS="1204" HPOS="401"/>
							<String ID="string_299" HPOS="415" VPOS="1205" WIDTH="38" HEIGHT="21" WC="0.93" CONTENT="och"/><SP WIDTH="18" VPOS="1205" HPOS="453"/>
							<String ID="string_300" HPOS="471" VPOS="1205" WIDTH="145" HEIGHT="26" WC="0.96" CONTENT="utskänkning"/><SP WIDTH="15" VPOS="1205" HPOS="616"/>
							<String ID="string_301" HPOS="631" VPOS="1204" WIDTH="23" HEIGHT="21" WC="0.93" CONTENT="af"/><SP WIDTH="12" VPOS="1204" HPOS="654"/>
							<String ID="string_302" HPOS="666" VPOS="1204" WIDTH="149" HEIGHT="28" WC="0.85" CONTENT="maltdrycker,"/><SP WIDTH="16" VPOS="1204" HPOS="815"/>
							<String ID="string_303" HPOS="831" VPOS="1204" WIDTH="52" HEIGHT="21" WC="0.92" CONTENT="fort-"/>
						</TextLine>
						<TextLine ID="line_35" HPOS="66" VPOS="1232" WIDTH="818" HEIGHT="28">
							<String ID="string_304" HPOS="66" VPOS="1235" WIDTH="74" HEIGHT="23" WC="0.92" CONTENT="sattes,"/><SP WIDTH="16" VPOS="1235" HPOS="140"/>
							<String ID="string_305" HPOS="156" VPOS="1233" WIDTH="7" HEIGHT="21" WC="0.96" CONTENT="i"/><SP WIDTH="16" VPOS="1233" HPOS="163"/>
							<String ID="string_306" HPOS="179" VPOS="1233" WIDTH="37" HEIGHT="22" WC="0.97" CONTENT="det"/><SP WIDTH="19" VPOS="1233" HPOS="216"/>
							<String ID="string_307" HPOS="235" VPOS="1233" WIDTH="31" HEIGHT="21" WC="0.96" CONTENT="till"/><SP WIDTH="19" VPOS="1233" HPOS="266"/>
							<String ID="string_308" HPOS="285" VPOS="1233" WIDTH="55" HEIGHT="21" WC="0.93" CONTENT="först"/><SP WIDTH="15" VPOS="1233" HPOS="340"/>
							<String ID="string_309" HPOS="355" VPOS="1232" WIDTH="111" HEIGHT="28" WC="0.93" CONTENT="föredrogs"/><SP WIDTH="16" VPOS="1232" HPOS="466"/>
							<String ID="string_310" HPOS="482" VPOS="1234" WIDTH="40" HEIGHT="21" WC="0.96" CONTENT="och"/><SP WIDTH="15" VPOS="1234" HPOS="522"/>
							<String ID="string_311" HPOS="537" VPOS="1235" WIDTH="52" HEIGHT="20" WC="0.93" CONTENT="utan"/><SP WIDTH="16" VPOS="1235" HPOS="589"/>
							<String ID="string_312" HPOS="605" VPOS="1233" WIDTH="139" HEIGHT="26" WC="0.92" CONTENT="anmärkning"/><SP WIDTH="15" VPOS="1233" HPOS="744"/>
							<String ID="string_313" HPOS="759" VPOS="1233" WIDTH="125" HEIGHT="27" WC="0.92" CONTENT="godkändes"/>
						</TextLine>
						<TextLine ID="line_36" HPOS="64" VPOS="1261" WIDTH="301" HEIGHT="28">
							<String ID="string_314" HPOS="64" VPOS="1261" WIDTH="153" HEIGHT="28" WC="0.92" CONTENT="paragraferna"/><SP WIDTH="16" VPOS="1261" HPOS="217"/>
							<String ID="string_315" HPOS="233" VPOS="1264" WIDTH="25" HEIGHT="19" WC="0.95" CONTENT="16"/><SP WIDTH="17" VPOS="1264" HPOS="258"/>
							<String ID="string_316" HPOS="275" VPOS="1261" WIDTH="39" HEIGHT="22" WC="0.96" CONTENT="och"/><SP WIDTH="17" VPOS="1261" HPOS="314"/>
							<String ID="string_317" HPOS="331" VPOS="1264" WIDTH="34" HEIGHT="19" WC="0.96" CONTENT="17."/>
						</TextLine>
					</TextBlock>
					<TextBlock ID="block_12" HPOS="132" VPOS="1290" WIDTH="313" HEIGHT="27">
						<TextLine ID="line_37" HPOS="132" VPOS="1290" WIDTH="313" HEIGHT="27">
							<String ID="string_318" HPOS="132" VPOS="1291" WIDTH="117" HEIGHT="26" WC="0.93" CONTENT="Angående"/><SP WIDTH="15" VPOS="1291" HPOS="249"/>
							<String ID="string_319" HPOS="264" VPOS="1290" WIDTH="11" HEIGHT="27" WC="0.87" CONTENT="&amp;"/><SP WIDTH="17" VPOS="1290" HPOS="275"/>
							<String ID="string_320" HPOS="292" VPOS="1292" WIDTH="26" HEIGHT="20" WC="0.93" CONTENT="18"/><SP WIDTH="16" VPOS="1292" HPOS="318"/>
							<String ID="string_321" HPOS="334" VPOS="1291" WIDTH="111" HEIGHT="21" WC="0.95" CONTENT="anmärkte"/>
						</TextLine>
					</TextBlock>
					<TextBlock ID="block_13" HPOS="62" VPOS="1319" WIDTH="821" HEIGHT="170">
						<TextLine ID="line_38" HPOS="132" VPOS="1319" WIDTH="751" HEIGHT="26">
							<String ID="string_322" HPOS="132" VPOS="1319" WIDTH="56" HEIGHT="22" WC="0.95" CONTENT="Herr"/><SP WIDTH="14" VPOS="1319" HPOS="188"/>
							<String ID="string_323" HPOS="202" VPOS="1325" WIDTH="41" HEIGHT="16" WC="0.96" CONTENT="von"/><SP WIDTH="15" VPOS="1325" HPOS="243"/>
							<String ID="string_324" HPOS="258" VPOS="1319" WIDTH="109" HEIGHT="26" WC="0.93" CONTENT="Wright:"/><SP WIDTH="17" VPOS="1319" HPOS="367"/>
							<String ID="string_325" HPOS="384" VPOS="1319" WIDTH="33" HEIGHT="22" WC="0.91" CONTENT="Dä"/><SP WIDTH="15" VPOS="1319" HPOS="417"/>
							<String ID="string_326" HPOS="432" VPOS="1319" WIDTH="24" HEIGHT="21" WC="0.96" CONTENT="R."/><SP WIDTH="17" VPOS="1319" HPOS="456"/>
							<String ID="string_327" HPOS="473" VPOS="1326" WIDTH="18" HEIGHT="15" WC="0.96" CONTENT="o."/><SP WIDTH="16" VPOS="1326" HPOS="491"/>
							<String ID="string_328" HPOS="507" VPOS="1319" WIDTH="25" HEIGHT="22" WC="0.96" CONTENT="A."/><SP WIDTH="15" VPOS="1319" HPOS="532"/>
							<String ID="string_329" HPOS="547" VPOS="1320" WIDTH="35" HEIGHT="21" WC="0.93" CONTENT="vid"/><SP WIDTH="16" VPOS="1320" HPOS="582"/>
							<String ID="string_330" HPOS="598" VPOS="1319" WIDTH="156" HEIGHT="26" WC="0.91" CONTENT="förmiddagens"/><SP WIDTH="9" VPOS="1319" HPOS="754"/>
							<String ID="string_331" HPOS="763" VPOS="1319" WIDTH="86" HEIGHT="26" WC="0.92" CONTENT="plenum"/><SP WIDTH="8" VPOS="1319" HPOS="849"/>
							<String ID="string_332" HPOS="857" VPOS="1325" WIDTH="26" HEIGHT="15" WC="0.96" CONTENT="ur"/>
						</TextLine>
						<TextLine ID="line_39" HPOS="64" VPOS="1346" WIDTH="819" HEIGHT="28">
							<String ID="string_333" HPOS="64" VPOS="1346" WIDTH="153" HEIGHT="26" WC="0.93" CONTENT="författningen"/><SP WIDTH="23" VPOS="1346" HPOS="217"/>
							<String ID="string_334" HPOS="240" VPOS="1347" WIDTH="80" HEIGHT="21" WC="0.91" CONTENT="uteslöt"/><SP WIDTH="19" VPOS="1347" HPOS="320"/>
							<String ID="string_335" HPOS="339" VPOS="1347" WIDTH="100" HEIGHT="27" WC="0.92" CONTENT="paragraf"/><SP WIDTH="18" VPOS="1347" HPOS="439"/>
							<String ID="string_336" HPOS="457" VPOS="1349" WIDTH="19" HEIGHT="24" WC="0.93" CONTENT="8,"/><SP WIDTH="16" VPOS="1349" HPOS="476"/>
							<String ID="string_337" HPOS="492" VPOS="1347" WIDTH="84" HEIGHT="21" WC="0.92" CONTENT="hvilken"/><SP WIDTH="16" VPOS="1347" HPOS="576"/>
							<String ID="string_338" HPOS="592" VPOS="1347" WIDTH="136" HEIGHT="25" WC="0.92" CONTENT="bestämmer,"/><SP WIDTH="17" VPOS="1347" HPOS="728"/>
							<String ID="string_339" HPOS="745" VPOS="1347" WIDTH="6" HEIGHT="20" WC="0.96" CONTENT="i"/><SP WIDTH="16" VPOS="1347" HPOS="751"/>
							<String ID="string_340" HPOS="767" VPOS="1347" WIDTH="54" HEIGHT="20" WC="0.96" CONTENT="huru"/><SP WIDTH="16" VPOS="1347" HPOS="821"/>
							<String ID="string_341" HPOS="837" VPOS="1349" WIDTH="46" HEIGHT="18" WC="0.96" CONTENT="stor"/>
						</TextLine>
						<TextLine ID="line_40" HPOS="64" VPOS="1374" WIDTH="818" HEIGHT="28">
							<String ID="string_342" HPOS="64" VPOS="1376" WIDTH="106" HEIGHT="25" WC="0.35" CONTENT="gvantitet"/><SP WIDTH="22" VPOS="1376" HPOS="170"/>
							<String ID="string_343" HPOS="192" VPOS="1375" WIDTH="144" HEIGHT="27" WC="0.78" CONTENT="maltdrycker"/><SP WIDTH="22" VPOS="1375" HPOS="336"/>
							<String ID="string_344" HPOS="358" VPOS="1375" WIDTH="55" HEIGHT="27" WC="0.93" CONTENT="finge"/><SP WIDTH="20" VPOS="1375" HPOS="413"/>
							<String ID="string_345" HPOS="433" VPOS="1375" WIDTH="112" HEIGHT="26" WC="0.92" CONTENT="utlemnas,"/><SP WIDTH="17" VPOS="1375" HPOS="545"/>
							<String ID="string_346" HPOS="562" VPOS="1375" WIDTH="25" HEIGHT="21" WC="0.97" CONTENT="sä"/><SP WIDTH="15" VPOS="1375" HPOS="587"/>
							<String ID="string_347" HPOS="602" VPOS="1376" WIDTH="61" HEIGHT="20" WC="0.93" CONTENT="torde"/><SP WIDTH="16" VPOS="1376" HPOS="663"/>
							<String ID="string_348" HPOS="679" VPOS="1374" WIDTH="60" HEIGHT="22" WC="0.96" CONTENT="deraf"/><SP WIDTH="13" VPOS="1374" HPOS="739"/>
							<String ID="string_349" HPOS="752" VPOS="1374" WIDTH="82" HEIGHT="27" WC="0.96" CONTENT="framgå"/><SP WIDTH="15" VPOS="1374" HPOS="834"/>
							<String ID="string_350" HPOS="849" VPOS="1377" WIDTH="33" HEIGHT="18" WC="0.97" CONTENT="att"/>
						</TextLine>
						<TextLine ID="line_41" HPOS="64" VPOS="1403" WIDTH="818" HEIGHT="28">
							<String ID="string_351" HPOS="64" VPOS="1403" WIDTH="65" HEIGHT="22" WC="0.92" CONTENT="orden"/><SP WIDTH="21" VPOS="1403" HPOS="129"/>
							<String ID="string_352" HPOS="150" VPOS="1404" WIDTH="7" HEIGHT="21" WC="0.93" CONTENT="i"/><SP WIDTH="24" VPOS="1404" HPOS="157"/>
							<String ID="string_353" HPOS="181" VPOS="1404" WIDTH="61" HEIGHT="21" WC="0.92" CONTENT="18:de"/><SP WIDTH="20" VPOS="1404" HPOS="242"/>
							<String ID="string_354" HPOS="262" VPOS="1403" WIDTH="126" HEIGHT="28" WC="0.93" CONTENT="paragrafen"/><SP WIDTH="18" VPOS="1403" HPOS="388"/>
							<String ID="string_355" HPOS="406" VPOS="1403" WIDTH="65" HEIGHT="26" WC="0.90" CONTENT=",eller"/><SP WIDTH="15" VPOS="1403" HPOS="471"/>
							<String ID="string_356" HPOS="486" VPOS="1404" WIDTH="34" HEIGHT="21" WC="0.96" CONTENT="vid"/><SP WIDTH="16" VPOS="1404" HPOS="520"/>
							<String ID="string_357" HPOS="536" VPOS="1403" WIDTH="77" HEIGHT="22" WC="0.93" CONTENT="handel"/><SP WIDTH="17" VPOS="1403" HPOS="613"/>
							<String ID="string_358" HPOS="630" VPOS="1403" WIDTH="64" HEIGHT="28" WC="0.91" CONTENT="säljer"/><SP WIDTH="16" VPOS="1403" HPOS="694"/>
							<String ID="string_359" HPOS="710" VPOS="1403" WIDTH="51" HEIGHT="22" WC="0.93" CONTENT="eller"/><SP WIDTH="15" VPOS="1403" HPOS="761"/>
							<String ID="string_360" HPOS="776" VPOS="1403" WIDTH="106" HEIGHT="22" WC="0.92" CONTENT="utlemnar"/>
						</TextLine>
						<TextLine ID="line_42" HPOS="62" VPOS="1432" WIDTH="820" HEIGHT="29">
							<String ID="string_361" HPOS="62" VPOS="1433" WIDTH="82" HEIGHT="22" WC="0.96" CONTENT="mindre"/><SP WIDTH="16" VPOS="1433" HPOS="144"/>
							<String ID="string_362" HPOS="160" VPOS="1435" WIDTH="27" HEIGHT="19" WC="0.96" CONTENT="än"/><SP WIDTH="14" VPOS="1435" HPOS="187"/>
							<String ID="string_363" HPOS="201" VPOS="1433" WIDTH="33" HEIGHT="22" WC="0.96" CONTENT="till"/><SP WIDTH="15" VPOS="1433" HPOS="234"/>
							<String ID="string_364" HPOS="249" VPOS="1432" WIDTH="125" HEIGHT="29" WC="0.93" CONTENT="försäljning"/><SP WIDTH="14" VPOS="1432" HPOS="374"/>
							<String ID="string_365" HPOS="388" VPOS="1432" WIDTH="115" HEIGHT="27" WC="0.93" CONTENT="medgifvet"/><SP WIDTH="14" VPOS="1432" HPOS="503"/>
							<String ID="string_366" HPOS="517" VPOS="1433" WIDTH="79" HEIGHT="21" WC="0.92" CONTENT="minsta"/><SP WIDTH="16" VPOS="1433" HPOS="596"/>
							<String ID="string_367" HPOS="612" VPOS="1432" WIDTH="99" HEIGHT="28" WC="0.92" CONTENT="belopp*,"/><SP WIDTH="13" VPOS="1432" HPOS="711"/>
							<String ID="string_368" HPOS="724" VPOS="1432" WIDTH="80" HEIGHT="28" WC="0.91" CONTENT="jämväl"/><SP WIDTH="11" VPOS="1432" HPOS="804"/>
							<String ID="string_369" HPOS="815" VPOS="1432" WIDTH="67" HEIGHT="22" WC="0.97" CONTENT="borde"/>
						</TextLine>
						<TextLine ID="line_43" HPOS="62" VPOS="1463" WIDTH="70" HEIGHT="26">
							<String ID="string_370" HPOS="62" VPOS="1463" WIDTH="70" HEIGHT="26" WC="0.91" CONTENT="utegä."/>
						</TextLine>
					</TextBlock>
					<TextBlock ID="block_14" HPOS="62" VPOS="1489" WIDTH="819" HEIGHT="58">
						<TextLine ID="line_44" HPOS="129" VPOS="1489" WIDTH="752" HEIGHT="28">
							<String ID="string_371" HPOS="129" VPOS="1491" WIDTH="55" HEIGHT="22" WC="0.96" CONTENT="Herr"/><SP WIDTH="16" VPOS="1491" HPOS="184"/>
							<String ID="string_372" HPOS="200" VPOS="1490" WIDTH="22" HEIGHT="22" WC="0.96" CONTENT="af"/><SP WIDTH="14" VPOS="1490" HPOS="222"/>
							<String ID="string_373" HPOS="236" VPOS="1491" WIDTH="135" HEIGHT="22" WC="0.93" CONTENT="Forselles"/><SP WIDTH="15" VPOS="1491" HPOS="371"/>
							<String ID="string_374" HPOS="386" VPOS="1491" WIDTH="145" HEIGHT="22" WC="0.96" CONTENT="understödde"/><SP WIDTH="11" VPOS="1491" HPOS="531"/>
							<String ID="string_375" HPOS="542" VPOS="1491" WIDTH="37" HEIGHT="21" WC="0.84" CONTENT="det"/><SP WIDTH="8" VPOS="1491" HPOS="579"/>
							<String ID="string_376" HPOS="587" VPOS="1489" WIDTH="22" HEIGHT="22" WC="0.84" CONTENT="af"/><SP WIDTH="8" VPOS="1489" HPOS="609"/>
							<String ID="string_377" HPOS="617" VPOS="1489" WIDTH="50" HEIGHT="23" WC="0.96" CONTENT="herr"/><SP WIDTH="7" VPOS="1489" HPOS="667"/>
							<String ID="string_378" HPOS="674" VPOS="1495" WIDTH="41" HEIGHT="16" WC="0.96" CONTENT="von"/><SP WIDTH="10" VPOS="1495" HPOS="715"/>
							<String ID="string_379" HPOS="725" VPOS="1489" WIDTH="84" HEIGHT="28" WC="0.93" CONTENT="Wright"/><SP WIDTH="6" VPOS="1489" HPOS="809"/>
							<String ID="string_380" HPOS="815" VPOS="1489" WIDTH="66" HEIGHT="22" WC="0.91" CONTENT="fram-"/>
						</TextLine>
						<TextLine ID="line_45" HPOS="62" VPOS="1519" WIDTH="193" HEIGHT="28">
							<String ID="string_381" HPOS="62" VPOS="1520" WIDTH="71" HEIGHT="23" WC="0.86" CONTENT="stälda"/><SP WIDTH="13" VPOS="1520" HPOS="133"/>
							<String ID="string_382" HPOS="146" VPOS="1519" WIDTH="109" HEIGHT="28" WC="0.95" CONTENT="förslaget."/>
						</TextLine>
					</TextBlock>
				</ComposedBlock>
			</PrintSpace>
		</Page>
	</Layout>
</alto>
