1081 1698
203 100 40 21 536
509 103 41 18 Den
563 104 20 17 41
597 104 57 23 April.

174 164 132 26 nerationen,
330 164 40 22 och
391 166 32 20 att
445 164 122 26 framdraga
589 164 49 22 dem
661 164 75 22 endast
752 164 39 22 och
808 165 90 21 allenast
913 164 33 22 för
961 167 33 19 att

176 195 33 20 att
231 192 98 22 ähvälfva
351 192 118 22 rusthällen
490 200 25 14 en
531 193 73 27 obillig
619 192 40 22 och
675 192 137 22 öfverhöfvan
828 193 52 27 dryg
894 193 99 28 beskatt-

174 222 57 26 ning.
262 222 47 20 Och
325 221 28 21 dä
366 226 29 16 nu
410 221 69 21 under
494 222 99 21 ärendets
608 221 129 27 behandling
752 222 6 21 i
767 222 37 21 det
812 221 114 27 höglofliga
934 222 60 22 stän-

176 251 37 21 det
228 250 36 21 det
279 250 58 21 visat
351 250 33 26 sig
399 250 81 26 ganska
495 250 59 22 svärt
569 250 39 22 och
624 250 81 27 närapä
720 250 96 27 omöjligt
826 252 32 19 att
877 246 61 36 komma
952 250 42 22 till

177 286 27 14 en
225 278 97 28 nöjaktig
344 278 85 27 lösning
451 278 23 22 af
495 278 69 22 denna
585 279 126 21 invecklade
730 278 67 27 fräga,
814 280 24 20 sä
852 278 33 22 fär
896 280 38 26 jag
949 278 49 22 utaf

176 307 86 22 fullaste
278 306 142 28 öfvertygeise
436 307 86 21 ansluta
537 307 43 28 mig
590 307 32 21 till
633 307 49 21 herr
691 308 117 22 Mechelins
819 308 131 21 reservation
960 308 35 21 sä-

177 343 46 15 som
237 336 148 22 innefattande
400 335 38 22 det
451 335 88 28 förslag,
553 336 82 21 hvilket
650 336 6 21 i
671 336 121 27 möjligaste
802 336 78 22 minsta
888 342 48 17 mon
945 336 49 22 rub-

177 366 39 21 bar
231 364 27 22 de
273 371 29 15 nu
316 364 118 22 bestående
448 364 167 27 förhållandena,
631 367 55 19 samt
696 365 84 21 således
791 365 109 22 vördsamt
910 364 86 23 förorda

178 394 131 26 antagandet
323 392 24 27 af
359 392 93 22 nämnda
467 393 137 21 reservation.
851 405 3 11 ;

246 421 55 22 Herr
315 427 42 15 von
372 420 123 22 Alfthan:
515 421 42 27 Jag
571 421 55 21 skall
641 421 47 21 icke
703 421 63 27 länge
781 423 97 25 upptaga.
893 422 36 22 det
947 422 50 26 kög-

178 449 71 28 lofliga
264 449 98 22 ständets
378 449 82 27 tid,
432 445 27 36 dä
472 450 37 27 jag
525 450 76 21 endast
615 450 8 20 i
637 449 87 22 korthet
734 450 36 22 vill
780 450 86 22 bemöta
877 451 27 21 de
914 450 80 26 hertar,

177 478 73 22 hvilka
271 478 58 27 gjort
349 476 50 24 mitt
419 477 82 27 förslag
516 479 40 21 den
571 480 52 20 äran
639 480 32 19 att
685 478 97 22 deremot
796 479 118 21 framställa
929 479 67 27 nägra

178 507 154 26 invändningar
354 506 40 22 och
409 506 90 22 sälunda
514 508 99 27 upptagit
628 507 117 22 detsamma
760 507 32 22 till
806 507 104 27 pröfning.
940 508 57 21 Herr

178 535 154 30 Pippingsköld
347 535 117 28 anmärkte,
480 536 68 21 under
563 537 86 20 senaste
664 536 92 26 plenum,
772 538 33 19 att
816 536 27 22 dä
850 542 50 15 man
909 536 23 22 ät
939 537 57 21 rust-

178 564 115 26 hällarene,
310 564 7 21 i
333 563 119 29 ersättning
466 564 33 22 för
514 564 27 22 de
555 567 73 19 räntor
644 570 46 16 som
698 564 25 22 de
733 564 113 22 framdeles
856 564 69 22 skulle
932 564 65 22 hafva

179 595 33 20 att
226 593 88 27 erlägga
327 592 33 22 till
375 594 78 25 staten,
468 592 97 23 lemnade
581 595 32 19 ett
627 593 55 21 visst
688 594 88 26 kapital,
786 595 33 20 ett
828 593 79 22 sädant
914 600 52 15 vore
976 593 23 22 af

178 628 43 22 nog
235 621 74 28 flyktig
323 620 150 28 beskaffenhet
488 621 33 22 för
534 624 32 19 att
576 622 73 22 kunna
656 625 90 24 antagas
759 622 72 22 säsom
838 622 50 22 fullt
895 622 103 27 vederlag

178 652 41 21 och
241 652 38 24 att,
303 650 28 21 dä
345 650 54 22 efter
417 650 70 27 nägon
502 650 43 22 tids
559 650 83 28 förlopp
658 650 156 24 rusthällarene
829 651 69 21 skulle
913 651 83 27 nödgas

178 679 73 23 betala
265 679 33 21 sin
313 678 52 22 fulla
380 678 65 26 skatt,
462 678 63 22 dessa
541 679 105 27 svärligen
665 679 69 22 skulle
747 682 73 24 mägta
834 680 96 22 härmed.
956 680 43 26 Jag

178 710 52 24 tror,
246 709 38 25 att
293 714 34 15 om
343 708 26 20 de
384 708 132 23 närvarande
531 708 194 27 rusthällsegarene
735 708 71 22 skulle
819 708 181 24 omhänderfä
963 703 39 36 ett

179 737 25 22 sä
219 738 55 20 stort
288 736 89 27 kapital,
393 742 47 16 som
456 732 66 31 enligt
537 737 48 21 mitt
599 736 68 22 första
683 737 112 21 alternativ
811 738 47 22 dem
869 736 70 23 skulle
954 737 43 22 til

178 766 91 26 komma,
286 765 81 27 ganska
382 764 82 28 mänga,
480 765 129 22 ätminstone
625 765 42 22 alla
675 764 87 29 driftiga
770 766 40 21 och
819 765 180 27 hushällsaktiga,

180 794 124 26 derigenom
326 793 70 22 skulle
417 793 81 22 erhälla
516 794 77 27 nödiga
607 794 70 22 medel
692 794 32 22 för
740 796 32 20 att
786 794 106 22 förbättra
906 794 46 22 sina
966 794 31 22 lä-

180 824 103 28 genheter
305 822 40 22 och
361 828 34 16 om
411 822 65 22 ocksä
491 829 26 15 en
533 824 40 20 och
589 829 69 15 annan
674 822 68 22 skulle
757 822 92 23 förslösa
864 823 92 27 medlen,
972 824 26 20 sä

180 852 69 23 blefve
265 852 64 22 dessa
344 851 34 22 väl
393 851 115 28 ingalunda
525 851 97 22 flertalet.
657 851 61 22 Hvad
734 852 65 22 sedan
815 852 136 27 svärigheten
965 851 35 23 för

180 881 158 24 rusthällarene
352 881 32 21 att
400 881 7 20 i
421 887 26 15 en
461 881 89 26 framtid
564 881 87 27 erlägga
669 881 59 22 skatt
742 881 138 26 vidkommer,
896 881 24 22 sä
935 881 65 22 hafva

178 911 25 27 ju
217 909 120 22 rusthällen
353 909 110 26 samtidigt
478 909 49 22 med
542 909 40 22 och
597 909 55 22 efter
667 910 112 22 enahanda
794 910 93 25 grunder
900 916 46 15 som
957 909 43 23 alla

180 939 67 22 andra
261 938 125 27 lägenheter
401 938 7 21 i
423 938 74 21 landet
511 938 69 22 blifvit
594 938 132 27 skattlagde;
742 937 23 22 af
778 939 64 21 dessa
849 945 76 15 senare
936 938 65 22 hafva

181 967 125 27 visserligen
325 967 67 26 några
411 966 68 22 blifvit
493 966 139 27 förmedlade,
648 973 48 15 men
711 967 79 21 sådant
804 967 43 21 kan
860 967 8 21 i
883 967 69 22 sinom
967 967 33 21 tid

181 995 62 28 äfven
259 995 38 22 'ske
311 995 50 22 med
376 994 125 23 rusthällen.
517 1007 29 3 —
559 995 57 21 Herr
634 995 74 22 Taube
724 995 40 22 har
778 995 108 22 framstält
901 995 98 22 anmärk-

180 1025 76 26 ningar
276 1025 59 21 emot
357 1022 103 29 förslaget
479 1023 53 22 ifrån
552 1025 89 25 statens,
657 1024 162 25 rusthällarens,
836 1024 45 21 och:
891 1024 108 27 slutligen;

182 1054 39 21 den
237 1052 69 27 tredje
317 1059 112 20 personen,
444 1052 52 22 eller
507 1052 75 27 sjelfva
591 1052 125 21 rusthällets
728 1053 137 26 ståndpunkt.
880 1052 120 27 Angående

181 1088 28 15 nu
226 1081 40 21 den
281 1080 68 22 första
368 1086 112 20 personen,
498 1081 80 22 erinrar
593 1081 49 21 herr
657 1081 73 22 Taube
746 1083 38 24 att,
801 1081 27 22 dä
842 1081 158 22 rusthällarene

181 1109 67 28 enligt
262 1110 49 21 mitt
326 1108 81 28 förslag
421 1109 70 22 skulle
507 1109 81 23 erhälla
603 1109 36 22 full
656 1109 118 28 ersättning
784 1109 32 22 för
827 1110 33 21 sin
871 1111 67 24 ränta,
950 1115 49 16 men

181 1138 62 22 deras
266 1137 127 28 lägenheter
412 1137 113 22 framdeles
545 1137 70 23 blefve
629 1138 137 26 förmedlade,
783 1138 132 21 statsverket
930 1138 69 22 skulle

180 1167 127 28 tillskyndas
324 1173 27 15 en
366 1165 71 23 direkt
450 1165 83 23 förlust.
563 1167 72 26 Något
650 1167 77 21 sådant
741 1167 39 21 har
792 1167 39 27 jag
846 1167 48 22 icke
909 1166 90 23 föresla:

180 1193 38 30 git,
242 1195 39 22 och
304 1201 34 15 om
352 1195 51 21 herr
417 1195 74 22 Taube
509 1195 70 22 skulle
594 1195 59 28 gjort
665 1195 32 28 sig
712 1195 102 22 besväret
828 1197 32 21 att
874 1195 126 27 genomläsa

180 1223 103 24 referatet
303 1223 23 22 af
342 1224 49 21 mitt
405 1223 143 27 andragande,
568 1224 69 22 skulle
652 1224 42 21 han
708 1223 64 22 hafva
786 1224 72 22 funnit
870 1225 32 19 att
915 1224 38 25 jag
967 1224 31 20 fö-

180 1252 89 26 reslagit
283 1253 33 20 att
330 1251 154 26 förmedlingen
499 1251 70 21 skulle
583 1251 74 26 föregå
671 1251 100 27 ligviden,
780 1253 32 19 att
823 1258 25 15 en
857 1252 67 21 sådan
932 1251 66 26 ligvid

182 1280 53 21 elter
244 1275 120 36 'indemnitö
381 1279 66 26 enligt
459 1279 44 21 min
518 1279 142 28 uppfattning,
676 1285 29 15 nu
720 1280 38 20 bör
773 1280 7 21 i
790 1279 60 26 fråga
864 1279 91 26 komma,
972 1285 27 15 en

179 1307 54 28 följd
255 1307 22 22 af
290 1305 107 29 tillfälliga
415 1307 189 28 omständigheter,
621 1307 22 21 af
656 1307 117 23 historiska
788 1307 149 23 förhållanden
952 1313 46 16 som

179 1337 72 26 vållat,
275 1337 33 21 att
330 1334 157 25 rusthällarene
505 1336 68 22 under
589 1343 25 15 en
629 1336 51 27 lång
694 1336 52 28 följd
761 1336 23 23 af
797 1337 24 21 år
837 1337 53 21 varit
905 1337 6 20 i
927 1337 71 27 ätnju-

180 1365 64 23 tande
260 1365 23 22 af
299 1365 180 27 utomordentliga
498 1364 106 23 förmäner
623 1365 41 22 och
684 1367 32 22 att
730 1371 49 16 man
794 1372 28 15 nu
838 1372 37 15 ser
888 1366 33 26 sig
936 1367 62 20 tvun-

180 1401 41 21 gen
236 1396 33 20 att
282 1394 88 22 beröfva
386 1394 48 28 dem
450 1394 69 27 dessa,
536 1394 110 27 samtidigt
667 1400 46 16 som
728 1401 50 16 man
793 1395 22 21 ät
829 1394 85 22 landets
930 1394 72 28 öfriga

179 1422 250 30 lägenhetsinnehafvare
451 1425 39 26 gör
505 1429 26 16 en
546 1429 37 16 ren
597 1423 69 27 gäfva.
683 1435 26 4 —
725 1424 43 22 Det
782 1424 55 21 talas
853 1424 41 22 och
908 1425 89 21 teoreti-

180 1455 59 20 seras
261 1453 8 22 i
291 1452 117 23 allmänhet
430 1452 81 27 ganska
525 1452 86 28 mycket
626 1458 34 15 om
676 1453 148 27 önskligheten
840 1455 32 20 att
886 1459 30 15 nu
930 1453 67 21 redan

178 1481 74 28 aflyfta
263 1481 137 28 jordskatten
415 1481 7 22 i
437 1481 96 24 Finland.
550 1492 25 5 —
590 1481 43 28 Jag
647 1481 87 28 medger
749 1483 33 20 att
797 1482 37 21 det
848 1482 40 22 har
902 1481 33 23 sin
945 1480 54 23 fulla

177 1510 110 28 riktighet,
310 1512 33 20 att
365 1511 171 26 grundräntorna
557 1510 68 22 under
647 1512 32 20 ett
700 1517 59 16 mera
774 1510 126 23 utveckladt
913 1510 85 22 kultur-
