1078 1714
213 143 41 22 672
531 142 41 19 Den
584 143 22 17 29
618 142 57 23 April.

184 207 73 22 utmed:
278 209 69 26 vägen
370 208 88 22 emellan
480 209 135 22 Tavastehus
630 209 40 22 och
685 208 142 23 Tammerfors
844 209 40 21 och
899 208 63 28 skilja
978 209 23 22 åt

187 237 41 22 den
243 236 56 28 3:dje
312 236 43 23 och
370 237 68 22 delvis
452 238 42 22 den
510 238 60 22 2:dra
584 244 68 16 zonen
667 237 54 23 ifrån
734 237 166 29 jernvägslinien
914 239 40 26 gör
964 237 36 22 det

185 266 59 22 svårt
258 267 34 20 att
312 266 86 21 komma
411 267 31 21 till
458 267 76 26 banan,
550 267 110 22 hvaremot
675 267 26 21 de
716 267 63 21 hafva
794 267 31 21 sin
841 267 84 26 vanliga
940 266 60 21 kom-

184 294 133 22 munikation
332 295 29 27 på
375 295 139 22 Tavastehus.
550 296 94 21 Sålunda
658 295 63 22 hafva
735 295 84 27 Hauho,
835 295 108 27 Luopiois,
959 295 40 22 och

185 323 87 22 Tuulois
288 323 97 28 socknar,
400 324 71 22 hvilka
486 325 69 21 skulle
570 325 52 21 höra
636 324 33 21 till
685 324 56 27 3:dje
756 330 75 21 zonen,
847 324 32 22 sin
893 323 107 22 trafiksta-

185 352 45 22 tion
245 353 13 21 &
272 352 141 27 Tavastehus,
429 359 47 16 men
492 354 133 21 Tavastehus
641 352 62 23 trafik
719 353 39 22 har
773 353 39 22 alls
828 353 46 22 icke
885 353 69 22 blifvit
962 353 37 21 ob-

185 381 107 26 serverad,
314 381 87 22 hvarför
423 382 42 22 alla
488 383 64 22 dessa
570 383 97 26 socknar,
683 388 46 16 som
745 382 69 22 skulle
829 382 52 22 höra
896 382 33 22 till
944 382 57 26 3:dje

186 416 75 21 zonen,
277 409 107 23 uteblifvit
398 411 46 22 från
459 412 125 26 räkningen.
613 411 41 28 Jag
674 412 42 21 kan
731 413 72 26 tyvärr
817 411 47 22 icke
879 410 33 22 för
927 413 75 20 närva-

186 439 67 22 rande
266 439 101 28 uppgifva
381 441 69 26 precis
466 441 154 26 procenttalen,
636 446 46 16 som
697 440 69 22 skulle
777 440 77 27 belöpa
861 440 33 27 sig
901 440 29 27 på
938 440 64 22 dessa

186 468 107 26 invånare,
315 469 83 21 sådana
419 469 26 22 de
467 469 82 28 framgå
570 469 23 22 af
613 469 63 22 dessa
699 469 165 27 observationer,
888 472 22 25 ty
926 475 77 21 genom

187 499 32 20 ett
233 497 136 23 förbiseende
393 497 39 23 har
455 499 69 22 denna
546 498 190 27 anteckningslapp
755 497 70 23 blifvit
839 498 22 22 af
873 498 43 27 mig
931 498 71 27 glömd

186 527 91 21 hemma.
307 526 49 23 'Men
372 527 37 21 der
425 529 23 20 är
464 529 56 20 ännu
536 534 25 15 en
578 527 158 28 omständighet
751 529 32 20 att
799 527 120 22 observera.
935 527 67 22 Afven

187 557 89 25 antaget
290 557 32 20 att
337 556 63 22 dessa
415 556 145 23 koefficienter
575 563 49 16 vore
640 557 84 27 riktiga,
741 557 25 21 så
773 556 69 22 måste
851 556 54 22 dock
916 563 26 14 en
951 556 52 21 hvar

188 584 99 25 erkänna,
302 586 33 20 att
350 585 26 22 de
390 585 56 22 blott
461 585 55 28 gifva
531 586 41 21 den
588 592 40 16 ena
641 585 86 22 faktorn
741 586 9 21 i
763 585 128 28 produkten.
922 585 42 22 Det
980 587 23 19 är

187 613 47 22 icke
250 613 81 22 antalet
345 615 243 28 passagerarebiljetter,
604 615 46 22 icke
661 614 81 22 antalet
753 617 94 24 centner,
855 620 46 16 som
909 614 93 22 bestäm-

187 649 45 15 mer
247 649 26 15 en
286 643 100 28 jernvägs
401 643 127 28 inkomster;
544 644 37 22 det
596 646 24 19 är
627 643 81 22 antalet
715 643 129 28 biljettverst
855 643 40 22 och
905 645 98 20 centner-

188 673 64 24 verst,
268 671 84 22 således
368 673 37 20 det
418 673 122 27 vägstycke,
556 679 46 15 som
617 673 73 26 hvarje
708 679 79 21 person
803 673 39 21 och
858 674 88 20 centner
960 672 43 22 till-

188 700 139 28 ryggalägger
341 701 29 27 på
384 701 76 22 banan.
490 701 29 22 Af
533 702 70 22 denna
617 701 69 22 faktor
701 701 67 22 finnes
779 701 137 28 ingenstädes
928 701 32 22 uti
969 703 34 21 ut-

189 729 93 22 skottets
297 730 137 22 betänkande
450 737 36 15 ens
503 731 50 27 spår
567 731 38 21 till.
635 730 61 23 Hvad
711 730 234 28 passageraretrafiken
958 730 46 22 vid-

189 759 102 27 kommer,
307 759 25 21 så
347 761 24 20 är
386 759 41 22 den
442 760 86 27 omöjlig
548 761 32 20 att
595 759 105 28 uppfatta,
717 760 88 21 emedan
821 759 67 27 några
903 759 100 22 observa-

189 787 69 22 tioner
272 787 7 22 i
294 787 70 22 denna
378 788 94 27 riktning
486 789 48 22 icke
550 788 84 22 utförts.
649 789 103 22 Deremot
766 789 39 21 har
817 788 43 28 jag,
876 789 55 22 hvad
940 788 64 27 gods-

189 815 90 23 trafiken
295 816 137 28 vidkommer,
448 817 33 22 för
495 812 118 27 Åbobanan
628 817 105 23 verkstält
747 817 68 22 sådan
832 817 116 27 beräkning
964 818 40 21 och

189 845 43 22 kan
254 845 66 22 också
341 846 97 28 upplysa,
456 848 32 20 att
504 846 21 22 af
539 847 73 27 hvarje
628 847 87 21 centner
728 847 57 21 inom
800 846 67 22 första
882 852 70 16 zonen
966 847 39 21 har

189 874 68 22 under
272 875 24 21 år
312 875 54 21 1878
381 875 156 27 tillryggalagts
553 877 27 20 77
595 877 64 25 verst,
675 875 72 28 hvarje
755 877 94 25 centner,
858 881 45 16 som
913 875 91 22 tillkom-

189 903 39 22 mit
242 903 121 27 jernvägen
385 903 47 22 från
455 904 40 21 den
515 905 67 22 andra
596 910 73 21 zonen,
686 904 51 22 eller
751 904 58 22 inom
824 906 12 20 2
852 905 42 25 mil,
910 904 40 22 har
964 904 42 21 till-

189 932 111 27 ryggalagt
323 934 40 20 159
383 934 59 21 verst
457 933 39 22 och
512 933 73 28 hvarje
601 935 93 24 centner,
710 939 46 16 som
772 933 121 22 tillkommit
908 933 47 22 från
969 939 36 16 zo-

189 967 67 16 nerna
278 961 122 22 derutöfver
415 961 39 22 har
468 962 146 27 tillryggalagt
628 964 40 19 243
685 964 64 20 verst.
779 962 33 21 Då
827 963 107 21 utskottet
949 962 56 21 visat

191 991 33 20 att
237 990 153 22 medelantalet
405 992 87 20 centner
506 991 57 22 inom
577 991 68 22 första
659 997 68 16 zonen
742 993 24 20 är
781 993 12 20 7
809 991 80 27 gånger
900 993 70 20 större
978 993 27 19 än

190 1019 82 22 antalet
287 1021 88 20 centner
389 1019 55 22 ifrån
460 1020 26 21 de
501 1021 59 20 utom
576 1020 70 22 denna
661 1026 41 15 zon
716 1019 101 28 liggande
833 1020 107 26 områden,
951 1019 55 22 hade

189 1047 107 22 utskottet
317 1048 49 22 bort
388 1049 52 26 taga
453 1048 8 21 i
476 1049 117 27 beräkning
608 1048 59 22 äfven
683 1049 139 27 väglängden.
852 1049 32 22 Då
898 1049 56 22 hade
970 1049 36 21 det

189 1076 102 28 framgått
306 1078 32 21 att
352 1077 8 21 i
377 1079 54 20 1:sta
445 1083 67 16 zonen
528 1083 46 16 mer
588 1080 27 19 än
631 1077 88 22 dubbelt
738 1079 25 20 så
777 1078 79 27 många
870 1079 89 20 centner
974 1084 32 15 er-

189 1104 83 23 fordras
286 1104 34 23 för
335 1107 32 20 att
381 1108 108 19 motsvara
505 1107 40 20 den
560 1107 99 26 inkomst,
675 1113 46 15 som
732 1107 26 21 de
769 1108 57 27 yttre
836 1113 92 15 zonerna
936 1107 70 21 lemna

190 1134 34 21 vid
246 1134 43 21 lika
312 1135 125 22 centnertal.
473 1135 43 22 Det
538 1137 24 20 är
578 1135 70 22 derför
663 1135 98 27 ensidigt,
779 1135 27 22 då
821 1142 47 15 man
884 1134 122 24 framhåller

190 1163 64 21 dessa
275 1163 119 27 procenttal
417 1163 23 22 af
460 1163 111 28 biljetter,.
584 1170 46 16 som
651 1164 78 27 belöpa
748 1165 33 26 sig
796 1164 28 27 på
839 1164 73 27 hvarje.
927 1169 79 22 person

190 1191 56 22 inom
261 1192 145 21 zonområdet.
436 1192 112 22 Utskottet
563 1193 39 21 har
617 1193 72 22 vidare
703 1193 28 27 på
746 1199 48 21 pag.
811 1195 11 19 7
839 1192 123 27 framhållit,
975 1194 33 20 att

191 1220 37 22 det
249 1227 64 15 anser
336 1221 63 21 dessa
414 1220 147 23 koefficienter
576 1227 50 16 vara
641 1221 139 28 tillförlitliga,
796 1222 25 21 så
839 1221 84 28 mycket
938 1221 68 22 hällre

187 1245 57 35 som:
253 1249 32 26 de,
301 1249 124 26 tillämpade
440 1249 28 27 på
484 1250 70 21 banan
569 1249 199 27 Lahtis—Wiborg,
784 1251 71 20 lemna
869 1245 29 35 ett
908 1251 98 24 resultat,

191 1283 46 15 som
259 1276 33 22 för
310 1277 28 21 år
361 1279 54 20 1878
437 1277 49 21 med
504 1280 24 19 17
544 1279 90 25 procent
648 1278 137 26 understiger
801 1278 26 21 de
838 1278 106 27 verkligen
964 1277 42 22 för-

191 1305 60 22 sålda
272 1305 129 28 biljetterna.
438 1305 34 22 Då
493 1306 143 27 procenttalet
650 1305 33 22 för
697 1306 69 22 första
780 1313 67 15 zonen
862 1307 66 22 redan
944 1309 24 19 är
982 1306 25 21 så

191 1334 53 27 högt
258 1334 128 28 uppdrifvet,
402 1341 46 16 som
464 1334 37 23 det
516 1337 30 25 är,
562 1335 26 22 så
602 1335 42 22 kan
659 1341 55 22 man,
723 1337 52 20 utan
787 1337 32 20 att
827 1335 80 28 befara,
919 1337 33 20 att
959 1341 48 16 man

191 1363 75 28 begått
287 1358 97 33 misstag,
404 1365 59 26 säga,
479 1365 32 20 att
526 1365 65 22 dessa
608 1367 24 19 17
642 1365 24 26 %
680 1365 90 22 härröra
784 1365 47 22 från
847 1365 27 22 de
889 1364 119 28 aflägsnare

190 1398 99 17 zonerna.
326 1393 43 22 Det
390 1393 193 27 missförhällande,
606 1399 46 16 som
673 1394 35 22 vid
749 1394 107 22 Åbo-banan
875 1397 24 19 är
912 1393 95 23 rådande

192 1422 90 22 emellan
294 1423 41 21 den
344 1421 68 23 första
420 1423 40 21 och
468 1422 26 23 de
503 1423 96 27 aflägsna
614 1429 99 21 zonerna,
722 1423 103 23 existerar
833 1424 46 22 icke
887 1423 32 22 till
928 1429 80 17 samma

191 1451 53 28 grad
258 1451 28 28 pä
301 1451 202 28 Lahtis--Wiborgs
518 1452 77 27 banan,
611 1452 48 27 (der
675 1452 54 23 dock
743 1453 49 27 inga
803 1453 160 22 observationer
973 1454 34 21 rö-

191 1480 65 22 rande
271 1480 170 27 persontrafiken
455 1481 69 21 blifvit
539 1481 91 28 gjorda),
646 1481 68 22 ehuru
729 1481 62 22 äfven
806 1482 28 27 pä
845 1483 63 21 södra
916 1482 60 21 sidan
987 1481 23 22 af

192 1509 69 21 denna
274 1509 66 22 linien
354 1509 43 22 alla
412 1510 73 21 städer
500 1511 73 20 utmed
588 1510 79 22 kusten
683 1511 66 26 draga
764 1517 26 15 en
806 1513 45 19 stor
867 1511 35 21 del
916 1511 22 20 af
952 1510 56 22 trafi-

191 1537 41 22 ken
246 1537 32 22 till
293 1538 33 27 sig
341 1538 41 22 och
396 1538 94 27 förringa
506 1539 122 27 derigenom
642 1539 107 28 betydligt
763 1539 42 22 den
817 1539 83 22 direkta
917 1539 91 22 trafiken

190 1566 46 23 från
258 1567 153 23 kommunerna
432 1568 32 22 uti
487 1567 26 23 de
536 1568 89 28 trakter,
642 1574 45 17 som
702 1568 57 28 ligga
773 1570 60 21 utom
848 1568 27 24 de
890 1569 36 22 två
940 1568 68 23 första
