1073 1709
398 143 41 18 Den
452 144 22 17 25
486 143 54 23 April
814 145 40 21 659

68 208 250 29 manjämkningsförslag
340 211 96 27 antages,
452 210 37 22 det
504 210 61 22 torde
580 210 22 22 få
617 210 48 23 dela
680 216 81 16 samma
777 210 46 26 öde,
840 216 46 16 som

68 238 38 22 det
120 237 23 23 af
156 239 87 21 senaste
258 238 90 22 ständer
362 238 119 28 uppgjorda
490 237 85 29 förslag
594 245 34 15 om
642 238 124 28 inteckning
780 238 7 22 i
802 238 84 28 privata

66 266 120 28 jernvägar.
216 266 42 22 Det
273 269 24 19 är
312 267 106 22 således
411 262 12 37 i
434 266 127 23 ständernas
577 266 144 23 välförstädda
736 267 92 21 intresse
839 272 47 17 som

66 295 38 27 jag
125 294 91 23 föreslår
238 296 32 20 att
292 295 60 21 detta
371 295 297 28 sammanjämkningsförslag
687 295 48 22 icke
749 295 69 22 måtte
833 295 53 28 god-

68 324 89 27 kännas,
173 326 52 20 utan
240 324 62 22 torde
316 323 74 28 frågan
406 322 85 24 således
505 324 85 22 förfalla
605 324 33 22 för
653 325 70 21 denna
737 324 111 27 landtdag.

136 352 56 22 Herr
213 352 116 22 Palmén:
352 353 30 22 På
402 353 28 23 de
445 352 23 23 af
480 351 50 24 herr
543 353 92 28 Pipping
649 352 90 24 anförda
754 353 47 22 skäl
816 352 71 23 skulle

66 381 38 28 jag
118 381 7 22 i
140 381 40 22 allt
194 381 86 23 biträda
294 380 54 23 hans
363 382 102 28 yrkande.

136 410 57 22 Hetr
207 410 188 28 Montgomery:
421 411 43 22 Det
478 417 51 16 vore
544 409 34 24 väl
593 411 123 29 egentligen
730 410 156 29 lagutskottets

68 439 149 22 medlemmars
239 440 61 27 pligt,
315 441 33 20 att
369 440 8 21 i
396 440 62 22 detta
471 440 90 22 likasom
576 440 7 22 i
599 440 67 22 andra
680 440 37 22 fall
732 440 108 27 uppträda
854 440 34 22 till

68 468 84 22 försvar
173 468 33 22 för
226 468 51 23 dess
298 468 94 23 arbeten.
422 468 42 23 För
479 469 42 21 min
536 468 35 23 del
586 468 43 23 kan
641 468 38 29 jag
693 468 65 23 likväl
772 468 48 23 icke
835 469 53 27 göra

70 497 66 27 detta,
158 498 89 21 emedan
268 498 38 27 jag
327 497 7 21 i
354 496 75 28 sjelfva
443 498 75 22 verket
533 498 60 22 delar
607 498 42 22 den
664 498 57 28 åsigt
735 503 47 17 som
797 498 91 22 uttalats

70 525 21 22 af
105 526 50 22 herr
170 526 96 27 Pipping,
282 527 34 21 att
330 526 107 27 nämligen
453 526 60 22 detta
520 526 117 28 lagförslag
647 526 55 22 lider
712 525 49 23 utaf
769 526 120 28 väsentliga

69 554 35 22 fel.
138 554 154 27 Lagutskottet
312 554 40 22 har
373 555 103 27 omöjligt,
496 562 34 15 om
549 556 36 21 det
599 555 49 22 ville
663 555 52 28 följa
728 555 24 22 L.
768 554 32 28 O.,
816 555 72 22 såsom

70 584 37 21 det
121 583 76 27 måste,
212 584 83 22 kunnat
312 584 52 27 göra
379 586 65 20 annat
458 586 27 19 än
500 584 55 22 hvad
571 590 46 16 som
632 590 29 15 nu
676 584 65 27 skett,
757 583 20 23 d.
792 590 20 16 v.
828 590 17 15 s.
860 583 29 28 på

70 612 132 27 grundvalen
217 612 23 22 af
252 612 102 22 ståndens
370 612 56 22 olika
440 612 74 22 beslut
528 612 40 23 och
582 612 133 23 föreskrifter
724 613 33 21 till
767 612 121 27 lagutskot-

70 643 33 20 tet
117 642 97 26 uppgöra
230 642 32 21 ett
276 641 86 27 förslag.
392 641 80 23 Derom
486 641 119 23 innehåller
619 641 23 22 L.
660 642 23 21 O.
700 641 69 29 tydlig
779 641 111 22 föreskrift

70 670 40 22 och
126 670 40 22 den
182 670 39 22 har
235 670 150 28 lagutskottet,
401 670 25 22 så
440 670 46 22 vidt
500 671 83 28 möjligt
597 672 30 24 är,
644 670 51 22 sökt
708 670 98 28 fullfölja,
821 670 25 22 så
856 671 33 21 att

70 698 104 28 förslaget
189 698 55 22 dock
260 699 70 22 skulle
345 698 65 23 blifva
424 700 68 21 under
506 700 27 22 de
548 698 57 29 gifna
620 699 163 23 förhållandena
797 699 26 22 så
837 698 53 28 godt

70 728 38 22 det
128 727 74 23 kunde
216 727 70 23 blifva.
323 728 34 22 De
372 728 96 22 svåraste
483 728 107 22 bristerna
605 728 7 21 i
628 728 60 22 detta
703 723 115 59 lagförslag
832 728 58 27 ligga

68 756 47 28 just
136 756 7 22 i
166 756 26 22 de
215 757 183 27 omständigheter
418 756 50 23 herr
482 757 91 28 Pipping
587 756 122 28 framhållit,
733 758 46 22 först
794 759 33 20 att
841 761 49 17 man

71 785 51 22 skilt
144 785 22 22 åt
188 785 130 28 byggnader,
341 792 46 16 som
406 785 54 23 höra
483 786 33 22 till
530 786 138 28 fastigheten,
685 786 40 22 och
741 785 86 28 sådana,
843 791 47 16 som

70 814 48 22 icke
133 814 22 22 få
169 814 53 22 höra
237 814 33 22 till
284 814 137 28 fastigheten,
438 815 90 22 emedan
543 816 26 22 de
584 815 55 23 råka
653 815 93 22 omsluta
761 821 27 16 en
798 814 92 23 fabriks-

70 843 124 28 inrättning.
231 843 43 23 Det
296 846 24 20 är
342 843 96 29 omöjligt
457 846 33 20 att
504 844 91 23 tillsluta
611 845 83 27 ögonen
709 844 32 22 för
756 844 41 22 den
812 844 78 23 konse-

72 879 66 21 qvens
154 874 38 26 att,
209 872 28 22 då
251 872 227 28 fabriksinrättningen
493 874 90 28 upphör,
599 880 49 16 man
658 873 47 22 icke
717 873 39 22 har
766 873 70 28 någon
844 872 46 31 led-

71 902 51 27 ning
136 901 39 28 för,
190 901 64 23 hvart
268 902 127 28 byggnaden
411 902 67 22 sedan
494 902 54 22 skall
564 903 58 26 höra,
638 908 35 16 om
685 902 48 22 icke
743 902 34 22 till
785 899 105 31 fastighe-

71 932 43 26 ten,
130 931 53 22 eller
198 936 34 17 om
247 930 227 29 fabriksinrättningen
490 931 104 28 gvarstär,
611 931 41 23 den
667 931 55 22 skall
733 931 111 23 betraktas
855 931 35 22 sä-

68 962 50 20 'som
140 960 56 22 blott
218 960 40 22 och
280 960 49 22 bart
351 967 26 16 en
398 960 104 29 byggnad.
538 961 67 21 Detta
619 961 82 21 lämnar
714 960 141 28 lagförslaget
869 960 22 22 in

72 995 112 21 suspenso.
218 989 47 22 Den
285 990 67 21 andra
371 990 7 21 i
392 990 44 22 min
451 990 65 22 tanke
531 990 58 22 ändä
603 990 87 22 svärare
705 989 83 23 bristen
803 992 24 20 är
842 990 48 26 den,

72 1019 33 21 att
119 1018 123 28 inteckning
257 1018 43 22 kan
314 1018 109 22 meddelas
439 1018 7 22 i
460 1018 102 28 flyttbara
575 1018 148 29 inrättningar,
739 1018 7 22 i
761 1017 102 24 afseende
878 1017 14 23 &

72 1046 72 22 hvilka
162 1046 236 28 inteckningsföremäls
418 1047 167 29 hypotiserande
598 1047 163 28 lagstiftningen
777 1047 114 28 omöjligen

72 1076 42 21 kan
130 1076 128 22 säkerställa
273 1076 41 22 den
329 1076 34 22 för
376 1076 158 28 borgenärerne
549 1076 133 23 förvärfvade
696 1078 79 20 rätten.
790 1075 102 29 Lagstift-

72 1104 78 28 ningen
164 1105 46 21 stär
229 1104 25 22 sä
272 1105 46 21 vidt
330 1105 38 27 jag
382 1105 43 22 kan
440 1104 55 23 fatta
509 1105 100 28 temligen
625 1105 123 27 vanmäktig
763 1105 6 21 i
785 1105 61 21 detta
860 1104 32 22 af-

72 1133 86 23 seende.
188 1134 50 21 Man
255 1134 43 22 kan
312 1134 56 21 visst
382 1135 60 26 säga,
458 1135 70 21 säsom
544 1134 37 22 det
596 1136 60 25 sagts
671 1134 28 27 pä
714 1134 60 22 detta
789 1139 47 16 rum
852 1134 40 22 och

73 1162 149 27 annorstädes,
237 1164 33 20 att
284 1162 133 27 borgenären
432 1163 40 21 har
487 1164 33 21 att
534 1162 69 29 skyllä
617 1163 34 27 sig
665 1162 54 29 sjelf,
735 1168 34 17 om
785 1162 42 22 han
838 1162 54 22 lem-

72 1197 40 15 nar
125 1191 73 22 kredit
211 1191 29 27 pä
254 1191 108 27 säkerhet,
378 1197 46 16 som
438 1192 49 22 icke
502 1194 24 20 är
540 1191 69 27 säker,
625 1197 49 16 men
690 1192 61 22 detta
765 1191 49 22 skäl
828 1197 64 21 synes

73 1220 44 26 mig
131 1220 47 21 icke
194 1219 99 28 hällbart,
309 1221 23 26 ty
346 1220 63 27 lagen
424 1219 33 23 fär
471 1221 47 22 icke
533 1222 72 26 öppna
619 1220 69 28 utsigt
700 1220 33 22 för
742 1220 72 27 nägon
824 1226 69 16 annan

74 1248 107 26 säkerhet,
197 1250 27 20 än
241 1249 41 21 den
300 1248 109 28 verkligen
429 1248 42 22 kan
486 1249 87 29 skydda.
604 1248 51 22 Mitt
670 1248 55 23 enda
739 1249 64 27 hopp,
819 1248 7 23 i
840 1248 53 22 hän-

74 1277 59 22 delse
156 1278 115 21 ständerna
293 1277 70 23 skulle
386 1278 113 26 godkänna
518 1277 241 28 författningsförslaget
774 1279 25 20 är
812 1283 30 17 nu
857 1277 37 23 det

74 1307 34 21 att
130 1305 41 22 den
192 1307 72 26 utväg,
280 1312 47 16 som
341 1304 92 24 lemnats
449 1306 7 22 i
471 1307 14 26 8
500 1308 13 20 2
529 1308 32 20 att
575 1306 102 22 inteckna
691 1312 26 16 en
733 1306 114 22 industriel
861 1306 32 22 in-

74 1334 101 26 rättning,
195 1334 68 26 jämte
285 1334 61 22 mark
368 1334 41 22 och
424 1335 131 27 byggnader,
571 1335 28 21 dä
614 1335 64 21 dessa
689 1334 41 22 äro
746 1334 106 28 uppförda
865 1335 29 26 pä

74 1361 78 23 dertilll
168 1361 115 23 afsöndrad
296 1362 56 27 jord,
368 1368 46 16 som
429 1362 89 22 innehas
533 1362 49 22 med
598 1363 127 26 eganderätt
736 1363 53 21 eller
799 1362 49 22 med
859 1362 35 22 sä-

75 1390 41 22 dan
138 1390 113 28 nyttjorätt
274 1396 46 16 som
342 1393 12 19 2
372 1390 10 28 8
398 1391 6 21 i
422 1392 54 20 1868
492 1391 34 22 års
541 1390 125 28 förordning
680 1392 129 24 omnämner,
825 1390 70 22 skulle

74 1419 86 23 komma
175 1420 33 21 att
223 1419 64 22 blifva
301 1420 65 27 regel.
396 1419 42 28 Jag
453 1421 45 21 tror
513 1422 32 20 att
557 1420 115 22 resultatet
686 1420 70 22 skulle
771 1420 65 22 blifva
851 1419 43 27 det,

76 1450 32 20 att
129 1448 54 22 hvar
198 1448 40 22 och
254 1455 25 16 en
294 1449 70 22 skulle
379 1448 47 22 inse
441 1450 33 20 att
488 1449 28 22 all
531 1455 70 16 annan
617 1448 57 28 slags
689 1448 207 28 fabriksinteckning

76 1480 26 20 än
118 1476 69 24 under
201 1477 81 22 sådana
301 1477 184 28 omständigheter
500 1477 69 23 skulle
584 1477 66 23 blifva
663 1478 101 28 temligen
779 1477 116 28 illusorisk,

76 1507 40 22 och
139 1506 71 23 derför
231 1506 48 23 icke
303 1507 70 22 skulle
394 1506 139 23 förekomma.
570 1506 126 23 Emellertid
717 1507 39 22 har
779 1507 62 28 lagen
867 1510 29 18 nu

76 1536 80 23 lemnat
178 1536 66 28 öppet
266 1538 33 20 att
321 1536 54 23 söka
394 1536 41 22 och
450 1536 64 23 vinna
528 1536 124 28 inteckning
666 1536 7 22 i
689 1530 41 29 alla
745 1536 81 23 sädana
840 1536 56 23 före-

76 1565 48 28 mål,
141 1566 38 22 der
194 1564 170 29 oegentligheter
380 1564 40 25 och
436 1565 115 24 konflikter
566 1566 67 28 enligt
647 1565 43 23 min
705 1566 66 23 tanke
781 1568 37 21 äro
829 1565 67 24 ound-
