1078 1709
205 122 40 20 912
522 126 41 18 Den
579 127 10 16 9
601 126 45 22 Maj.

175 185 42 22 kan
230 186 37 26 jag
281 186 49 21 icke
344 185 113 22 underlåta
473 187 32 20 att
520 186 76 22 härvid
610 185 74 23 anföra
698 187 32 21 ett
744 186 139 26 förhållande,
899 192 46 16 som
956 192 36 16 en-

175 214 40 26 ligt
229 214 42 22 min
288 214 57 26 åsigt
360 216 25 19 är
400 214 95 26 särdeles
510 214 137 28 betungande
662 214 33 22 för
706 215 130 27 jordegarne
851 215 7 21 i
869 214 101 22 afseende
981 215 13 21 å

175 245 77 24 vägars
267 242 120 26 underhåll,
403 242 40 22 och
459 242 63 22 hvars
538 242 142 27 borttagande
695 240 72 29 skälle
780 243 81 22 bereda
876 241 26 23 en
918 244 75 30 betyd-

175 271 30 26 lig
226 271 84 21 lättnad
330 272 7 20 i
353 271 59 21 detta
432 270 107 22 afseende.
570 271 43 21 Det
628 273 23 19 är
665 272 106 26 nämligen
786 272 27 21 de
828 272 57 21 invid
900 273 94 25 vägarna

174 300 30 26 på
218 306 45 14 mer
278 299 53 21 eller
346 299 81 21 mindre
443 300 92 26 onödiga
555 300 76 20 ställen
650 300 105 26 anbragta
770 300 123 26 ledstänger
908 300 32 21 till
955 300 37 21 be-

174 327 68 28 tydlig
257 328 71 26 längd.
359 328 32 21 De
406 330 36 19 äro
458 328 7 21 i
481 328 116 21 allmänhet
612 328 66 27 enligt
692 328 42 21 min
750 330 34 20 tro
794 328 82 22 mindre
886 328 108 27 behöfliga

175 356 41 26 och
239 356 63 21 hafva
319 356 69 22 sällan
403 356 53 22 eller
471 357 69 26 aldrig
554 356 136 22 förekommit
703 357 71 27 någon
789 357 124 28 stjelpning;
936 360 57 18 ännu

168 384 89 27 "mindre
272 385 39 25 har
326 385 70 27 någon
407 385 76 27 olycka
493 391 76 21 genom
581 386 48 21 dem
639 385 69 22 blifvit
717 386 130 27 undanröjd;
862 385 131 29 åtminstone

174 412 41 23 har
224 414 40 27 jag
278 414 44 26 mig
336 413 48 23 icke
400 414 79 22 bekant
493 414 66 27 något
574 414 56 22 enda
644 414 90 26 tillfälle,
751 414 27 22 då
785 414 128 27 ledstången
921 415 71 21 skulle

173 441 67 23 häfva'
251 443 102 27 besparat
368 442 69 28 någon
456 443 112 21 menniska
582 442 65 23 lifvet.
678 443 76 22 Derför
769 444 69 21 skulle
851 444 37 26 jag
900 444 35 21 för
947 444 45 21 rnin

175 471 35 21 del
225 477 52 16 anse
292 473 33 19 att
339 471 146 22 betänkandet
499 472 68 21 borde
582 472 174 26 återremitteras,
767 472 34 21 för
811 474 32 20 att
855 472 73 22 ändras
940 473 7 20 i
950 472 42 22 det

175 500 55 27 syfte
251 502 33 19 att
305 500 125 26 ledstänger
452 500 77 22 endast
547 501 152 26 undantagsvis
719 501 39 21 och
775 501 38 21 der
829 501 36 21 det
880 501 24 21 af
915 501 77 27 högsta

174 528 102 22 behofvet
292 531 23 19 är
329 529 117 27 påkalladt,
463 529 69 21 skulle
548 529 112 27 anbringas
676 530 34 20 vid
719 532 99 24 vägarna.
835 530 79 21 Vidare
922 530 70 21 skulle

172 557 39 27 jag
232 557 62 21 hafva
314 559 32 19 att
364 558 101 20 anmärka
484 564 27 14 en
529 558 163 26 omständighet,
716 564 46 15 som
784 558 116 26 igenfinnes
915 558 7 21 i.
938 560 11 24 $
967 560 23 19 11

174 585 32 21 uti
221 586 152 21 betänkandet.
404 586 43 21 Det
462 588 24 19 är
501 588 33 19 att
549 586 62 21 ordet
621 586 141 27 verststolpar
772 586 69 22 skulle
853 587 86 27 utbytas
946 588 47 20 mot

173 614 38 21 mil
226 614 39 21 och
276 614 194 27 fjerdingsstolpar.
485 615 34 21 De
533 614 123 22 nuvarande
671 615 170 27 verststolparna
856 615 95 21 medföra
966 622 26 14 en

173 644 47 19 stor
234 641 174 23 nationalförlust
422 648 76 21 genom
515 643 36 21 det
566 643 100 25 trävirke,
681 649 46 15 som
738 643 38 27 går
786 643 103 22 förloradt
900 644 91 26 årligen;

173 671 70 21 måste
268 671 108 21 användas
396 673 63 19 tusen
479 672 68 20 sinom
569 673 64 19 tusen
655 673 70 20 större
747 672 56 23 träd;
816 672 34 21 för
865 674 32 20 att
912 674 82 20 ersätta

174 699 27 21 de
215 699 133 21 förruttnade
370 700 168 26 verststolparne
554 700 48 21 med
617 706 47 21 nya,
682 700 28 21 då
725 701 26 21 de
767 701 109 21 dessutom
892 700 48 22 icke
955 703 37 19 äro

174 728 135 27 synnerligen
324 728 117 26 varaktiga,
457 728 26 21 då
499 728 26 22 de
541 730 36 20 äro
593 728 113 27 ingräfda
696 724 14 36 i
715 729 83 27 jorden.
814 729 102 21 Deremot
924 729 68 22 skulle

173 756 115 27 fjerdings-
303 757 41 21 och
359 755 152 29 milstolparna,
528 763 34 15 om
578 758 26 20 de
620 757 69 21 skulle
698 758 114 26 anbringas
823 758 27 27 på
859 764 81 15 samma
948 760 45 19 sätt

173 791 47 15 som
242 784 83 22 fordom
347 786 80 20 medels
450 787 32 19 ett
505 785 142 22 stenkummel
671 786 58 21 hålla
753 786 33 26 sig
808 786 7 21 i
837 787 154 21 mannaåldrar.

173 813 147 27 Verststolpar
335 813 95 22 medföra
445 814 110 21 dessutom
570 820 27 15 en
612 817 46 18 stor
672 815 91 21 kostnad
775 815 23 21 åt
808 815 27 21 de
844 815 148 27 vägbyghåds-

174 842 103 26 skyldige,
294 842 28 21 dä
336 842 38 22 det
388 844 24 19 är
426 842 91 21 häradet
531 848 46 16 som
593 843 55 21 skall
664 843 91 21 bekosta
770 844 55 21 dem.
845 844 60 21 :Icke
916 844 77 21 endast

174 876 76 20 genom
274 871 61 21 deras
355 870 69 23 första
441 870 134 28 uppförande
590 873 51 19 utan
656 872 68 20 också
739 878 34 15 om
788 872 66 26 något
869 872 124 26 gästgifveri

173 898 97 22 kommer
283 901 33 19 att
330 898 79 27 flyttas,
425 900 69 20 måste
511 900 41 20 alla
567 899 70 22 siffror
651 900 29 26 pä
695 900 65 21 dessa
774 900 82 26 stolpar
870 901 68 21 målas
951 906 41 21 om,

173 926 83 22 hvilket
277 927 42 21 tidt
341 928 40 20 och
404 927 45 21 ofta
464 928 102 26 inträffar,
583 928 40 21 och
637 928 8 21 i
660 929 32 21 sin
708 935 49 15 mon
772 928 82 22 medför
868 929 124 21 kostnader.

173 955 64 21 Hvad
247 971 3 1 -
258 954 76 28 själfva
353 957 110 21 distansen
482 959 60 19 verst
557 956 107 26 beträffar,
680 958 25 20 sä
720 964 65 14 anser
796 958 38 26 jag
848 958 38 20 det
901 964 51 15 vara
966 964 27 15 en

174 983 73 28 alltför
262 984 49 22 kort
326 984 127 27 vägalängd.
483 985 126 27 Fjerdingar
623 985 53 21 eller
690 985 31 21 låt
736 992 57 20 vara,
809 992 33 15 om
853 992 49 15 man
911 986 43 24 vill,
966 992 27 16 en

173 1012 119 28 vägalängd
308 1012 23 22 af
344 1014 36 20 två
395 1015 59 19 verst
467 1019 52 15 vore
534 1020 26 15 en
576 1014 88 21 alldeles
682 1014 71 27 lagom
770 1017 54 24 väga
838 1015 71 27 längd.
940 1014 53 23 Ver-

173 1042 49 20 sten
244 1043 25 19 är
290 1041 34 22 för
344 1042 49 21 kort
415 1042 40 21 och
475 1042 144 22 återkommer
635 1042 33 22 för
683 1042 50 26 ofta,
748 1043 34 21 för
797 1045 32 19 att
844 1044 40 20 den
897 1044 95 21 resande

173 1070 55 20 skall
243 1070 56 21 fästa
314 1070 34 27 sig
361 1070 36 22 vid
412 1070 55 22 dem.
498 1070 74 22 Skulle
587 1077 49 15 man
651 1073 79 25 antaga
749 1072 119 27 milstolpar
883 1066 45 37 och:
933 1072 59 22 stol-

172 1104 40 20 par
226 1099 28 25 pä
268 1099 123 21 hvärannan
406 1101 65 24 verst,
486 1099 72 21 kunde
574 1100 41 20 den
630 1100 70 26 gamla
718 1100 135 27 indelningen
869 1103 58 19 ännu
942 1107 51 15 vara

173 1127 130 21 användbar.
333 1128 42 25 Jag
389 1127 69 21 skulle
475 1127 85 21 således
575 1127 34 22 för
623 1128 42 21 min
682 1128 35 21 del
730 1128 80 22 föreslå
824 1129 123 21 inrättande
962 1129 30 21 al-

173 1155 103 21 ternativt
290 1155 22 21 af
326 1154 105 28 fjerdings
447 1156 82 26 stolpar
545 1156 52 21 eller
613 1156 81 27 stolpar
708 1157 29 26 pä
752 1157 122 21 hvarannan
889 1159 65 19 verst.

241 1184 57 21 Herr
312 1184 207 22 Landtmarskalken
534 1184 36 22 vill
585 1185 49 21 med
649 1185 115 27 anledning
778 1185 23 21 af
815 1186 37 21 det
862 1186 90 22 sälunda
962 1186 30 21 af-

173 1211 59 25 gifna
246 1212 112 26 yttrandet
375 1212 121 25 hemställa,
516 1212 106 22 huruvida
640 1213 37 21 det
691 1214 47 21 icke
754 1220 51 15 vore
819 1214 126 27 lämpligare
960 1216 34 20 att

173 1242 64 23 spara
253 1240 259 27 detaljanmärkningarne
532 1241 32 20 till
579 1241 42 21 den
635 1242 95 25 speciela
746 1243 158 25 granskningen
920 1242 22 21 af
955 1250 37 19 pa-

172 1267 133 27 ragraferna'
318 1268 7 21 i
344 1268 67 26 sagda
429 1268 123 26 lagförslag,
569 1269 89 21 emedan
673 1270 37 20 det
725 1270 90 21 sälunda
830 1270 70 22 blefve
913 1271 80 21 lättare

174 1297 34 19 att
230 1298 51 24 taga
304 1296 48 21 dem
366 1296 69 22 under
454 1296 163 28 öfvervägande,
633 1297 40 22 och
689 1298 99 22 lamnade
803 1298 50 22 herr
866 1299 127 21 Landtmar-

173 1324 89 22 skalken
277 1325 54 21 härä
346 1325 62 21 ordet
423 1325 23 21 ät
920 1341 2 3 =

242 1354 50 22 herr
306 1354 100 27 Taube,
422 1360 45 16 som
482 1354 97 28 yttrade:
595 1355 35 22 Då
640 1355 38 28 jag
692 1362 29 15 nu
736 1356 37 21 vill
787 1356 66 24 ställa
866 1357 43 27 mig
919 1357 32 22 till
962 1357 31 22 ef-

174 1383 126 21 terrättelse
315 1383 145 27 högvälborne
479 1383 50 22 herr
543 1384 66 22 baron
625 1384 40 22 och
680 1384 216 24 Landtmarskalkens
912 1386 82 22 önskan

172 1412 93 21 rörande
284 1412 157 26 diskussionen,
463 1412 25 21 sä
503 1412 38 22 ber
553 1413 39 28 jag
608 1414 54 21 dock
677 1416 33 19 att
724 1420 30 16 nu
767 1414 28 27 få,
811 1414 72 22 såsom
898 1415 96 22 hörande

173 1440 32 21 till
221 1440 42 22 den
283 1441 107 22 allmänna
408 1441 165 27 granskningen,
590 1442 76 22 beröra
680 1443 119 22 utskottets
815 1443 123 28 föreslagna
950 1444 44 22 för-

173 1469 91 27 ändring
286 1469 41 22 och
349 1470 75 27 utbyte
447 1470 24 21 af
491 1470 62 22 ordet
574 1471 208 27 ,tullmjölgvarnar*
799 1473 166 27 mot.,qvarnar
981 1474 13 20 &

172 1497 73 23 hvilka
267 1498 67 22 malas
350 1500 46 20 mot
410 1499 140 27 ersättning”,
566 1501 23 26 ty
605 1500 69 21 denna
688 1500 125 27 förändring
821 1500 148 24 förekommer
986 1502 8 21 i

173 1525 51 23 flere
239 1526 131 29 paragrafer,
390 1528 40 22 och
446 1529 46 21 tror
504 1528 44 27 jag,
568 1530 33 20 att
616 1534 34 16 om
665 1529 50 22 herr
729 1530 67 21 baron
812 1530 41 22 och
867 1530 127 27 Landtmar-
