<?xml version="1.0" encoding="UTF-8"?>
<alto xmlns="http://www.loc.gov/standards/alto/ns-v3#" xmlns:xlink="http://www.w3.org/1999/xlink" xmlns:xsi="http://www.w3.org/2001/XMLSchema-instance" xsi:schemaLocation="http://www.loc.gov/standards/alto/ns-v3# http://www.loc.gov/alto/v3/alto-3-0.xsd">
	<Description>
		<MeasurementUnit>pixel</MeasurementUnit>
		<sourceImageInformation>
			<fileName>/tmp/tess_z3sxtnq3_input.PNG</fileName>
		</sourceImageInformation>
		<OCRProcessing ID="OCR_0">
			<ocrProcessingStep>
				<processingSoftware>
					<softwareName>tesseract 5.3.4</softwareName>
				</processingSoftware>
			</ocrProcessingStep>
		</OCRProcessing>
	</Description>
	<Layout>
		<Page WIDTH="1070" HEIGHT="1703" PHYSICAL_IMG_NR="0" ID="page_0">
			<PrintSpace HPOS="0" VPOS="0" WIDTH="1070" HEIGHT="1703">
				<ComposedBlock ID="cblock_0" HPOS="216" VPOS="124" WIDTH="432" HEIGHT="25">
					<TextBlock ID="block_0" HPOS="216" VPOS="124" WIDTH="432" HEIGHT="25">
						<TextLine ID="line_0" HPOS="216" VPOS="124" WIDTH="432" HEIGHT="25">
							<String ID="string_0" HPOS="216" VPOS="129" WIDTH="41" HEIGHT="20" WC="0.96" CONTENT="710"/><SP WIDTH="274" VPOS="129" HPOS="257"/>
							<String ID="string_1" HPOS="531" VPOS="125" WIDTH="40" HEIGHT="18" WC="0.96" CONTENT="Den"/><SP WIDTH="10" VPOS="125" HPOS="571"/>
							<String ID="string_2" HPOS="581" VPOS="125" WIDTH="10" HEIGHT="17" WC="0.90" CONTENT="2"/><SP WIDTH="12" VPOS="125" HPOS="591"/>
							<String ID="string_3" HPOS="603" VPOS="124" WIDTH="45" HEIGHT="23" WC="0.96" CONTENT="Maj."/>
						</TextLine>
					</TextBlock>
				</ComposedBlock>
				<ComposedBlock ID="cblock_1" HPOS="177" VPOS="188" WIDTH="830" HEIGHT="1373">
					<TextBlock ID="block_1" HPOS="177" VPOS="188" WIDTH="830" HEIGHT="1373">
						<TextLine ID="line_1" HPOS="185" VPOS="188" WIDTH="822" HEIGHT="31">
							<String ID="string_4" HPOS="185" VPOS="191" WIDTH="88" HEIGHT="22" WC="0.88" CONTENT="Alfthan"/><SP WIDTH="16" VPOS="191" HPOS="273"/>
							<String ID="string_5" HPOS="289" VPOS="191" WIDTH="71" HEIGHT="25" WC="0.85" CONTENT="anfört"/><SP WIDTH="14" VPOS="191" HPOS="360"/>
							<String ID="string_6" HPOS="374" VPOS="191" WIDTH="58" HEIGHT="20" WC="0.96" CONTENT="emot"/><SP WIDTH="15" VPOS="191" HPOS="432"/>
							<String ID="string_7" HPOS="447" VPOS="189" WIDTH="118" HEIGHT="22" WC="0.96" CONTENT="utskottets"/><SP WIDTH="15" VPOS="189" HPOS="565"/>
							<String ID="string_8" HPOS="580" VPOS="189" WIDTH="143" HEIGHT="30" WC="0.96" CONTENT="beräkningar"/><SP WIDTH="14" VPOS="189" HPOS="723"/>
							<String ID="string_9" HPOS="737" VPOS="190" WIDTH="39" HEIGHT="21" WC="0.96" CONTENT="har"/><SP WIDTH="15" VPOS="190" HPOS="776"/>
							<String ID="string_10" HPOS="791" VPOS="188" WIDTH="70" HEIGHT="22" WC="0.94" CONTENT="blifvit"/><SP WIDTH="10" VPOS="188" HPOS="861"/>
							<String ID="string_11" HPOS="871" VPOS="189" WIDTH="23" HEIGHT="22" WC="0.96" CONTENT="af"/><SP WIDTH="8" VPOS="189" HPOS="894"/>
							<String ID="string_12" HPOS="902" VPOS="189" WIDTH="50" HEIGHT="21" WC="0.93" CONTENT="herr"/><SP WIDTH="8" VPOS="189" HPOS="952"/>
							<String ID="string_13" HPOS="960" VPOS="189" WIDTH="47" HEIGHT="22" WC="0.92" CONTENT="Gri-"/>
						</TextLine>
						<TextLine ID="line_2" HPOS="185" VPOS="217" WIDTH="821" HEIGHT="30">
							<String ID="string_14" HPOS="185" VPOS="221" WIDTH="96" HEIGHT="26" WC="0.92" CONTENT="penberg"/><SP WIDTH="15" VPOS="221" HPOS="281"/>
							<String ID="string_15" HPOS="296" VPOS="219" WIDTH="90" HEIGHT="22" WC="0.90" CONTENT="berördt"/><SP WIDTH="14" VPOS="219" HPOS="386"/>
							<String ID="string_16" HPOS="400" VPOS="218" WIDTH="40" HEIGHT="22" WC="0.96" CONTENT="och"/><SP WIDTH="16" VPOS="218" HPOS="440"/>
							<String ID="string_17" HPOS="456" VPOS="218" WIDTH="7" HEIGHT="21" WC="0.96" CONTENT="i"/><SP WIDTH="15" VPOS="218" HPOS="463"/>
							<String ID="string_18" HPOS="478" VPOS="218" WIDTH="105" HEIGHT="27" WC="0.96" CONTENT="väsentlig"/><SP WIDTH="16" VPOS="218" HPOS="583"/>
							<String ID="string_19" HPOS="599" VPOS="224" WIDTH="47" HEIGHT="15" WC="0.92" CONTENT="mon"/><SP WIDTH="16" VPOS="224" HPOS="646"/>
							<String ID="string_20" HPOS="662" VPOS="217" WIDTH="120" HEIGHT="28" WC="0.91" CONTENT="vederlagt;"/><SP WIDTH="14" VPOS="217" HPOS="782"/>
							<String ID="string_21" HPOS="796" VPOS="218" WIDTH="38" HEIGHT="27" WC="0.96" CONTENT="jag"/><SP WIDTH="14" VPOS="218" HPOS="834"/>
							<String ID="string_22" HPOS="848" VPOS="217" WIDTH="36" HEIGHT="21" WC="0.91" CONTENT="vill"/><SP WIDTH="16" VPOS="217" HPOS="884"/>
							<String ID="string_23" HPOS="900" VPOS="217" WIDTH="56" HEIGHT="22" WC="0.96" CONTENT="blott"/><SP WIDTH="10" VPOS="217" HPOS="956"/>
							<String ID="string_24" HPOS="966" VPOS="218" WIDTH="40" HEIGHT="23" WC="0.96" CONTENT="här"/>
						</TextLine>
						<TextLine ID="line_3" HPOS="185" VPOS="245" WIDTH="821" HEIGHT="31">
							<String ID="string_25" HPOS="185" VPOS="251" WIDTH="57" HEIGHT="19" WC="0.96" CONTENT="ännu"/><SP WIDTH="17" VPOS="251" HPOS="242"/>
							<String ID="string_26" HPOS="259" VPOS="250" WIDTH="57" HEIGHT="26" WC="0.96" CONTENT="göra"/><SP WIDTH="10" VPOS="250" HPOS="316"/>
							<String ID="string_27" HPOS="326" VPOS="254" WIDTH="25" HEIGHT="20" WC="0.94" CONTENT="en"/><SP WIDTH="15" VPOS="254" HPOS="351"/>
							<String ID="string_28" HPOS="366" VPOS="247" WIDTH="40" HEIGHT="22" WC="0.96" CONTENT="och"/><SP WIDTH="15" VPOS="247" HPOS="406"/>
							<String ID="string_29" HPOS="421" VPOS="252" WIDTH="70" HEIGHT="16" WC="0.95" CONTENT="annan"/><SP WIDTH="16" VPOS="252" HPOS="491"/>
							<String ID="string_30" HPOS="507" VPOS="246" WIDTH="139" HEIGHT="27" WC="0.95" CONTENT="anmärkning"/><SP WIDTH="14" VPOS="246" HPOS="646"/>
							<String ID="string_31" HPOS="660" VPOS="246" WIDTH="36" HEIGHT="22" WC="0.94" CONTENT="vid"/><SP WIDTH="17" VPOS="246" HPOS="696"/>
							<String ID="string_32" HPOS="713" VPOS="246" WIDTH="67" HEIGHT="27" WC="0.94" CONTENT="några"/><SP WIDTH="14" VPOS="246" HPOS="780"/>
							<String ID="string_33" HPOS="794" VPOS="245" WIDTH="24" HEIGHT="22" WC="0.95" CONTENT="af"/><SP WIDTH="13" VPOS="245" HPOS="818"/>
							<String ID="string_34" HPOS="831" VPOS="245" WIDTH="50" HEIGHT="22" WC="0.96" CONTENT="herr"/><SP WIDTH="14" VPOS="245" HPOS="881"/>
							<String ID="string_35" HPOS="895" VPOS="252" WIDTH="41" HEIGHT="15" WC="0.93" CONTENT="von"/><SP WIDTH="15" VPOS="252" HPOS="936"/>
							<String ID="string_36" HPOS="951" VPOS="246" WIDTH="55" HEIGHT="22" WC="0.93" CONTENT="Alft-"/>
						</TextLine>
						<TextLine ID="line_4" HPOS="184" VPOS="274" WIDTH="820" HEIGHT="29">
							<String ID="string_37" HPOS="184" VPOS="277" WIDTH="42" HEIGHT="22" WC="0.93" CONTENT="han"/><SP WIDTH="16" VPOS="277" HPOS="226"/>
							<String ID="string_38" HPOS="242" VPOS="277" WIDTH="126" HEIGHT="22" WC="0.60" CONTENT="framhållna"/><SP WIDTH="13" VPOS="277" HPOS="368"/>
							<String ID="string_39" HPOS="381" VPOS="275" WIDTH="107" HEIGHT="28" WC="0.96" CONTENT="uppgifter"/><SP WIDTH="15" VPOS="275" HPOS="488"/>
							<String ID="string_40" HPOS="503" VPOS="275" WIDTH="40" HEIGHT="22" WC="0.96" CONTENT="och"/><SP WIDTH="16" VPOS="275" HPOS="543"/>
							<String ID="string_41" HPOS="559" VPOS="274" WIDTH="75" HEIGHT="22" WC="0.95" CONTENT="siffror."/><SP WIDTH="18" VPOS="274" HPOS="634"/>
							<String ID="string_42" HPOS="652" VPOS="275" WIDTH="32" HEIGHT="22" WC="0.96" CONTENT="Då"/><SP WIDTH="15" VPOS="275" HPOS="684"/>
							<String ID="string_43" HPOS="699" VPOS="274" WIDTH="50" HEIGHT="22" WC="0.96" CONTENT="herr"/><SP WIDTH="15" VPOS="274" HPOS="749"/>
							<String ID="string_44" HPOS="764" VPOS="281" WIDTH="41" HEIGHT="15" WC="0.96" CONTENT="von"/><SP WIDTH="8" VPOS="281" HPOS="805"/>
							<String ID="string_45" HPOS="813" VPOS="274" WIDTH="87" HEIGHT="22" WC="0.93" CONTENT="Alfthan"/><SP WIDTH="14" VPOS="274" HPOS="900"/>
							<String ID="string_46" HPOS="914" VPOS="275" WIDTH="90" HEIGHT="27" WC="0.96" CONTENT="bevisar,"/>
						</TextLine>
						<TextLine ID="line_5" HPOS="184" VPOS="303" WIDTH="821" HEIGHT="30">
							<String ID="string_47" HPOS="184" VPOS="308" WIDTH="34" HEIGHT="19" WC="0.96" CONTENT="att"/><SP WIDTH="15" VPOS="308" HPOS="218"/>
							<String ID="string_48" HPOS="233" VPOS="308" WIDTH="102" HEIGHT="25" WC="0.96" CONTENT="exporten"/><SP WIDTH="15" VPOS="308" HPOS="335"/>
							<String ID="string_49" HPOS="350" VPOS="305" WIDTH="68" HEIGHT="21" WC="0.96" CONTENT="under"/><SP WIDTH="19" VPOS="305" HPOS="418"/>
							<String ID="string_50" HPOS="437" VPOS="304" WIDTH="83" HEIGHT="22" WC="0.96" CONTENT="vintern"/><SP WIDTH="19" VPOS="304" HPOS="520"/>
							<String ID="string_51" HPOS="539" VPOS="303" WIDTH="38" HEIGHT="22" WC="0.96" CONTENT="och"/><SP WIDTH="16" VPOS="303" HPOS="577"/>
							<String ID="string_52" HPOS="593" VPOS="304" WIDTH="106" HEIGHT="27" WC="0.96" CONTENT="importen"/><SP WIDTH="15" VPOS="304" HPOS="699"/>
							<String ID="string_53" HPOS="714" VPOS="304" WIDTH="33" HEIGHT="21" WC="0.96" CONTENT="för"/><SP WIDTH="15" VPOS="304" HPOS="747"/>
							<String ID="string_54" HPOS="762" VPOS="303" WIDTH="113" HEIGHT="27" WC="0.96" CONTENT="Uleåborg,"/><SP WIDTH="17" VPOS="303" HPOS="875"/>
							<String ID="string_55" HPOS="892" VPOS="303" WIDTH="47" HEIGHT="22" WC="0.96" CONTENT="icke"/><SP WIDTH="16" VPOS="303" HPOS="939"/>
							<String ID="string_56" HPOS="955" VPOS="304" WIDTH="50" HEIGHT="21" WC="0.96" CONTENT="sker"/>
						</TextLine>
						<TextLine ID="line_6" HPOS="183" VPOS="331" WIDTH="820" HEIGHT="30">
							<String ID="string_57" HPOS="183" VPOS="341" WIDTH="78" HEIGHT="20" WC="0.96" CONTENT="genom"/><SP WIDTH="20" VPOS="341" HPOS="261"/>
							<String ID="string_58" HPOS="281" VPOS="335" WIDTH="27" HEIGHT="20" WC="0.96" CONTENT="de"/><SP WIDTH="20" VPOS="335" HPOS="308"/>
							<String ID="string_59" HPOS="328" VPOS="333" WIDTH="118" HEIGHT="27" WC="0.93" CONTENT="sydligaste"/><SP WIDTH="19" VPOS="333" HPOS="446"/>
							<String ID="string_60" HPOS="465" VPOS="332" WIDTH="159" HEIGHT="26" WC="0.92" CONTENT="kuststäderna,"/><SP WIDTH="23" VPOS="332" HPOS="624"/>
							<String ID="string_61" HPOS="647" VPOS="332" WIDTH="76" HEIGHT="26" WC="0.96" CONTENT="Hangö"/><SP WIDTH="16" VPOS="332" HPOS="723"/>
							<String ID="string_62" HPOS="739" VPOS="332" WIDTH="65" HEIGHT="21" WC="0.96" CONTENT="bland"/><SP WIDTH="15" VPOS="332" HPOS="804"/>
							<String ID="string_63" HPOS="819" VPOS="331" WIDTH="73" HEIGHT="27" WC="0.96" CONTENT="andra,"/><SP WIDTH="17" VPOS="331" HPOS="892"/>
							<String ID="string_64" HPOS="909" VPOS="332" WIDTH="24" HEIGHT="21" WC="0.89" CONTENT="så"/><SP WIDTH="16" VPOS="332" HPOS="933"/>
							<String ID="string_65" HPOS="949" VPOS="332" WIDTH="54" HEIGHT="22" WC="0.89" CONTENT="tillå-"/>
						</TextLine>
						<TextLine ID="line_7" HPOS="185" VPOS="360" WIDTH="820" HEIGHT="30">
							<String ID="string_66" HPOS="185" VPOS="365" WIDTH="34" HEIGHT="20" WC="0.96" CONTENT="ter"/><SP WIDTH="12" VPOS="365" HPOS="219"/>
							<String ID="string_67" HPOS="231" VPOS="362" WIDTH="39" HEIGHT="28" WC="0.96" CONTENT="jag"/><SP WIDTH="14" VPOS="362" HPOS="270"/>
							<String ID="string_68" HPOS="284" VPOS="362" WIDTH="43" HEIGHT="26" WC="0.96" CONTENT="mig"/><SP WIDTH="15" VPOS="362" HPOS="327"/>
							<String ID="string_69" HPOS="342" VPOS="364" WIDTH="34" HEIGHT="19" WC="0.96" CONTENT="att"/><SP WIDTH="13" VPOS="364" HPOS="376"/>
							<String ID="string_70" HPOS="389" VPOS="361" WIDTH="100" HEIGHT="27" WC="0.96" CONTENT="påminna"/><SP WIDTH="15" VPOS="361" HPOS="489"/>
							<String ID="string_71" HPOS="504" VPOS="361" WIDTH="73" HEIGHT="21" WC="0.96" CONTENT="derom"/><SP WIDTH="16" VPOS="361" HPOS="577"/>
							<String ID="string_72" HPOS="593" VPOS="362" WIDTH="32" HEIGHT="20" WC="0.96" CONTENT="att"/><SP WIDTH="14" VPOS="362" HPOS="625"/>
							<String ID="string_73" HPOS="639" VPOS="360" WIDTH="120" HEIGHT="27" WC="0.96" CONTENT="Uleåborgs"/><SP WIDTH="16" VPOS="360" HPOS="759"/>
							<String ID="string_74" HPOS="775" VPOS="360" WIDTH="65" HEIGHT="22" WC="0.95" CONTENT="hamn"/><SP WIDTH="14" VPOS="360" HPOS="840"/>
							<String ID="string_75" HPOS="854" VPOS="362" WIDTH="25" HEIGHT="19" WC="0.95" CONTENT="är"/><SP WIDTH="14" VPOS="362" HPOS="879"/>
							<String ID="string_76" HPOS="893" VPOS="360" WIDTH="72" HEIGHT="22" WC="0.93" CONTENT="frusen"/><SP WIDTH="9" VPOS="360" HPOS="965"/>
							<String ID="string_77" HPOS="974" VPOS="360" WIDTH="31" HEIGHT="22" WC="0.91" CONTENT="of-"/>
						</TextLine>
						<TextLine ID="line_8" HPOS="185" VPOS="389" WIDTH="821" HEIGHT="28">
							<String ID="string_78" HPOS="185" VPOS="393" WIDTH="29" HEIGHT="24" WC="0.96" CONTENT="ta,"/><SP WIDTH="17" VPOS="393" HPOS="214"/>
							<String ID="string_79" HPOS="231" VPOS="392" WIDTH="28" HEIGHT="21" WC="0.96" CONTENT="då"/><SP WIDTH="14" VPOS="392" HPOS="259"/>
							<String ID="string_80" HPOS="273" VPOS="398" WIDTH="49" HEIGHT="15" WC="0.96" CONTENT="man"/><SP WIDTH="15" VPOS="398" HPOS="322"/>
							<String ID="string_81" HPOS="337" VPOS="390" WIDTH="33" HEIGHT="21" WC="0.95" CONTENT="till"/><SP WIDTH="23" VPOS="390" HPOS="370"/>
							<String ID="string_82" HPOS="393" VPOS="390" WIDTH="64" HEIGHT="21" WC="0.96" CONTENT="Wasa"/><SP WIDTH="18" VPOS="390" HPOS="457"/>
							<String ID="string_83" HPOS="475" VPOS="390" WIDTH="40" HEIGHT="21" WC="0.93" CONTENT="och"/><SP WIDTH="14" VPOS="390" HPOS="515"/>
							<String ID="string_84" HPOS="529" VPOS="389" WIDTH="76" HEIGHT="27" WC="0.90" CONTENT="Yxpila"/><SP WIDTH="15" VPOS="389" HPOS="605"/>
							<String ID="string_85" HPOS="620" VPOS="401" WIDTH="26" HEIGHT="3" WC="0.92" CONTENT="—"/><SP WIDTH="17" VPOS="401" HPOS="646"/>
							<String ID="string_86" HPOS="663" VPOS="390" WIDTH="40" HEIGHT="21" WC="0.96" CONTENT="den"/><SP WIDTH="16" VPOS="390" HPOS="703"/>
							<String ID="string_87" HPOS="719" VPOS="396" WIDTH="76" HEIGHT="15" WC="0.96" CONTENT="senare"/><SP WIDTH="16" VPOS="396" HPOS="795"/>
							<String ID="string_88" HPOS="811" VPOS="389" WIDTH="91" HEIGHT="21" WC="0.88" CONTENT="hamnen"/><SP WIDTH="15" VPOS="389" HPOS="902"/>
							<String ID="string_89" HPOS="917" VPOS="389" WIDTH="89" HEIGHT="27" WC="0.90" CONTENT="anlöpes"/>
						</TextLine>
						<TextLine ID="line_9" HPOS="184" VPOS="417" WIDTH="821" HEIGHT="29">
							<String ID="string_90" HPOS="184" VPOS="420" WIDTH="79" HEIGHT="22" WC="0.93" CONTENT="lättare"/><SP WIDTH="14" VPOS="420" HPOS="263"/>
							<String ID="string_91" HPOS="277" VPOS="432" WIDTH="30" HEIGHT="3" WC="0.93" CONTENT="—"/><SP WIDTH="14" VPOS="432" HPOS="307"/>
							<String ID="string_92" HPOS="321" VPOS="420" WIDTH="39" HEIGHT="21" WC="0.96" CONTENT="har"/><SP WIDTH="24" VPOS="420" HPOS="360"/>
							<String ID="string_93" HPOS="384" VPOS="420" WIDTH="66" HEIGHT="26" WC="0.96" CONTENT="öppet"/><SP WIDTH="21" VPOS="420" HPOS="450"/>
							<String ID="string_94" HPOS="471" VPOS="420" WIDTH="80" HEIGHT="20" WC="0.95" CONTENT="vatten."/><SP WIDTH="34" VPOS="420" HPOS="551"/>
							<String ID="string_95" HPOS="585" VPOS="418" WIDTH="67" HEIGHT="21" WC="0.96" CONTENT="Detta"/><SP WIDTH="14" VPOS="418" HPOS="652"/>
							<String ID="string_96" HPOS="666" VPOS="418" WIDTH="70" HEIGHT="21" WC="0.96" CONTENT="skulle"/><SP WIDTH="15" VPOS="418" HPOS="736"/>
							<String ID="string_97" HPOS="751" VPOS="418" WIDTH="87" HEIGHT="21" WC="0.96" CONTENT="inverka"/><SP WIDTH="15" VPOS="418" HPOS="838"/>
							<String ID="string_98" HPOS="853" VPOS="417" WIDTH="65" HEIGHT="22" WC="0.96" CONTENT="bland"/><SP WIDTH="15" VPOS="417" HPOS="918"/>
							<String ID="string_99" HPOS="933" VPOS="420" WIDTH="72" HEIGHT="24" WC="0.96" CONTENT="annat,"/>
						</TextLine>
						<TextLine ID="line_10" HPOS="184" VPOS="446" WIDTH="820" HEIGHT="29">
							<String ID="string_100" HPOS="184" VPOS="451" WIDTH="35" HEIGHT="20" WC="0.96" CONTENT="att"/><SP WIDTH="14" VPOS="451" HPOS="219"/>
							<String ID="string_101" HPOS="233" VPOS="449" WIDTH="116" HEIGHT="26" WC="0.96" CONTENT="ingalunda"/><SP WIDTH="19" VPOS="449" HPOS="349"/>
							<String ID="string_102" HPOS="368" VPOS="454" WIDTH="27" HEIGHT="14" WC="0.93" CONTENT="en"/><SP WIDTH="17" VPOS="454" HPOS="395"/>
							<String ID="string_103" HPOS="412" VPOS="447" WIDTH="90" HEIGHT="28" WC="0.93" CONTENT="jernväg"/><SP WIDTH="15" VPOS="447" HPOS="502"/>
							<String ID="string_104" HPOS="517" VPOS="446" WIDTH="54" HEIGHT="22" WC="0.96" CONTENT="ifrån"/><SP WIDTH="16" VPOS="446" HPOS="571"/>
							<String ID="string_105" HPOS="587" VPOS="446" WIDTH="75" HEIGHT="22" WC="0.96" CONTENT="Gamla"/><SP WIDTH="15" VPOS="446" HPOS="662"/>
							<String ID="string_106" HPOS="677" VPOS="447" WIDTH="93" HEIGHT="27" WC="0.93" CONTENT="Karleby"/><SP WIDTH="15" VPOS="447" HPOS="770"/>
							<String ID="string_107" HPOS="785" VPOS="446" WIDTH="92" HEIGHT="27" WC="0.90" CONTENT="(Yxpila)"/><SP WIDTH="16" VPOS="446" HPOS="877"/>
							<String ID="string_108" HPOS="893" VPOS="446" WIDTH="32" HEIGHT="22" WC="0.93" CONTENT="till"/><SP WIDTH="15" VPOS="446" HPOS="925"/>
							<String ID="string_109" HPOS="940" VPOS="446" WIDTH="64" HEIGHT="22" WC="0.91" CONTENT="Uleå-"/>
						</TextLine>
						<TextLine ID="line_11" HPOS="184" VPOS="474" WIDTH="821" HEIGHT="30">
							<String ID="string_110" HPOS="184" VPOS="478" WIDTH="55" HEIGHT="26" WC="0.96" CONTENT="borg"/><SP WIDTH="14" VPOS="478" HPOS="239"/>
							<String ID="string_111" HPOS="253" VPOS="477" WIDTH="70" HEIGHT="22" WC="0.96" CONTENT="skulle"/><SP WIDTH="15" VPOS="477" HPOS="323"/>
							<String ID="string_112" HPOS="338" VPOS="476" WIDTH="68" HEIGHT="22" WC="0.95" CONTENT="under"/><SP WIDTH="15" VPOS="476" HPOS="406"/>
							<String ID="string_113" HPOS="421" VPOS="476" WIDTH="50" HEIGHT="22" WC="0.96" CONTENT="höst"/><SP WIDTH="15" VPOS="476" HPOS="471"/>
							<String ID="string_114" HPOS="486" VPOS="475" WIDTH="40" HEIGHT="22" WC="0.96" CONTENT="och"/><SP WIDTH="16" VPOS="475" HPOS="526"/>
							<String ID="string_115" HPOS="542" VPOS="476" WIDTH="37" HEIGHT="20" WC="0.96" CONTENT="vår"/><SP WIDTH="15" VPOS="476" HPOS="579"/>
							<String ID="string_116" HPOS="594" VPOS="475" WIDTH="67" HEIGHT="21" WC="0.96" CONTENT="sakna"/><SP WIDTH="15" VPOS="475" HPOS="661"/>
							<String ID="string_117" HPOS="676" VPOS="476" WIDTH="81" HEIGHT="21" WC="0.96" CONTENT="rörelse"/><SP WIDTH="15" VPOS="476" HPOS="757"/>
							<String ID="string_118" HPOS="772" VPOS="474" WIDTH="61" HEIGHT="22" WC="0.96" CONTENT="äfven"/><SP WIDTH="12" VPOS="474" HPOS="833"/>
							<String ID="string_119" HPOS="845" VPOS="481" WIDTH="34" HEIGHT="15" WC="0.96" CONTENT="om"/><SP WIDTH="10" VPOS="481" HPOS="879"/>
							<String ID="string_120" HPOS="889" VPOS="482" WIDTH="49" HEIGHT="14" WC="0.93" CONTENT="man"/><SP WIDTH="10" VPOS="482" HPOS="938"/>
							<String ID="string_121" HPOS="948" VPOS="474" WIDTH="57" HEIGHT="23" WC="0.91" CONTENT="afser"/>
						</TextLine>
						<TextLine ID="line_12" HPOS="184" VPOS="503" WIDTH="820" HEIGHT="29">
							<String ID="string_122" HPOS="184" VPOS="506" WIDTH="48" HEIGHT="22" WC="0.92" CONTENT="från"/><SP WIDTH="15" VPOS="506" HPOS="232"/>
							<String ID="string_123" HPOS="247" VPOS="504" WIDTH="265" HEIGHT="28" WC="0.91" CONTENT="åkerbruksprodukterna"/><SP WIDTH="13" VPOS="504" HPOS="512"/>
							<String ID="string_124" HPOS="525" VPOS="504" WIDTH="68" HEIGHT="27" WC="0.95" CONTENT="jämte"/><SP WIDTH="16" VPOS="504" HPOS="593"/>
							<String ID="string_125" HPOS="609" VPOS="506" WIDTH="86" HEIGHT="26" WC="0.96" CONTENT="smöret,"/><SP WIDTH="16" VPOS="506" HPOS="695"/>
							<String ID="string_126" HPOS="711" VPOS="510" WIDTH="34" HEIGHT="15" WC="0.96" CONTENT="om"/><SP WIDTH="16" VPOS="510" HPOS="745"/>
							<String ID="string_127" HPOS="761" VPOS="503" WIDTH="72" HEIGHT="22" WC="0.96" CONTENT="hvilka"/><SP WIDTH="15" VPOS="503" HPOS="833"/>
							<String ID="string_128" HPOS="848" VPOS="504" WIDTH="50" HEIGHT="22" WC="0.93" CONTENT="herr"/><SP WIDTH="16" VPOS="504" HPOS="898"/>
							<String ID="string_129" HPOS="914" VPOS="504" WIDTH="90" HEIGHT="28" WC="0.91" CONTENT="Gripen-"/>
						</TextLine>
						<TextLine ID="line_13" HPOS="184" VPOS="532" WIDTH="821" HEIGHT="30">
							<String ID="string_130" HPOS="184" VPOS="535" WIDTH="54" HEIGHT="27" WC="0.96" CONTENT="berg"/><SP WIDTH="15" VPOS="535" HPOS="238"/>
							<String ID="string_131" HPOS="253" VPOS="534" WIDTH="102" HEIGHT="22" WC="0.96" CONTENT="särskildt"/><SP WIDTH="17" VPOS="534" HPOS="355"/>
							<String ID="string_132" HPOS="372" VPOS="534" WIDTH="97" HEIGHT="22" WC="0.96" CONTENT="nämnde."/><SP WIDTH="30" VPOS="534" HPOS="469"/>
							<String ID="string_133" HPOS="499" VPOS="533" WIDTH="62" HEIGHT="21" WC="0.95" CONTENT="Huru"/><SP WIDTH="19" VPOS="533" HPOS="561"/>
							<String ID="string_134" HPOS="580" VPOS="538" WIDTH="48" HEIGHT="16" WC="0.96" CONTENT="man"/><SP WIDTH="19" VPOS="538" HPOS="628"/>
							<String ID="string_135" HPOS="647" VPOS="533" WIDTH="7" HEIGHT="21" WC="0.96" CONTENT="i"/><SP WIDTH="16" VPOS="533" HPOS="654"/>
							<String ID="string_136" HPOS="670" VPOS="533" WIDTH="140" HEIGHT="22" WC="0.96" CONTENT="Österbotten"/><SP WIDTH="15" VPOS="533" HPOS="810"/>
							<String ID="string_137" HPOS="825" VPOS="532" WIDTH="79" HEIGHT="23" WC="0.96" CONTENT="förstår"/><SP WIDTH="15" VPOS="532" HPOS="904"/>
							<String ID="string_138" HPOS="919" VPOS="536" WIDTH="33" HEIGHT="18" WC="0.93" CONTENT="att"/><SP WIDTH="16" VPOS="536" HPOS="952"/>
							<String ID="string_139" HPOS="968" VPOS="540" WIDTH="37" HEIGHT="15" WC="0.92" CONTENT="an-"/>
						</TextLine>
						<TextLine ID="line_14" HPOS="184" VPOS="561" WIDTH="820" HEIGHT="28">
							<String ID="string_140" HPOS="184" VPOS="564" WIDTH="71" HEIGHT="22" WC="0.96" CONTENT="vända"/><SP WIDTH="18" VPOS="564" HPOS="255"/>
							<String ID="string_141" HPOS="273" VPOS="564" WIDTH="43" HEIGHT="21" WC="0.93" CONTENT="alla"/><SP WIDTH="19" VPOS="564" HPOS="316"/>
							<String ID="string_142" HPOS="335" VPOS="564" WIDTH="90" HEIGHT="25" WC="0.91" CONTENT="utvägar"/><SP WIDTH="15" VPOS="564" HPOS="425"/>
							<String ID="string_143" HPOS="440" VPOS="562" WIDTH="31" HEIGHT="22" WC="0.91" CONTENT="till"/><SP WIDTH="15" VPOS="562" HPOS="471"/>
							<String ID="string_144" HPOS="486" VPOS="561" WIDTH="67" HEIGHT="27" WC="0.91" CONTENT="lofligt"/><SP WIDTH="14" VPOS="561" HPOS="553"/>
							<String ID="string_145" HPOS="567" VPOS="561" WIDTH="81" HEIGHT="23" WC="0.92" CONTENT="förvärf"/><SP WIDTH="13" VPOS="561" HPOS="648"/>
							<String ID="string_146" HPOS="661" VPOS="562" WIDTH="56" HEIGHT="21" WC="0.93" CONTENT="visar"/><SP WIDTH="15" VPOS="562" HPOS="717"/>
							<String ID="string_147" HPOS="732" VPOS="562" WIDTH="203" HEIGHT="26" WC="0.91" CONTENT="spanmålshandeln"/><SP WIDTH="15" VPOS="562" HPOS="935"/>
							<String ID="string_148" HPOS="950" VPOS="561" WIDTH="54" HEIGHT="27" WC="0.96" CONTENT="ifrån"/>
						</TextLine>
						<TextLine ID="line_15" HPOS="184" VPOS="590" WIDTH="820" HEIGHT="29">
							<String ID="string_149" HPOS="184" VPOS="593" WIDTH="67" HEIGHT="21" WC="0.95" CONTENT="Wasa"/><SP WIDTH="15" VPOS="593" HPOS="251"/>
							<String ID="string_150" HPOS="266" VPOS="592" WIDTH="55" HEIGHT="22" WC="0.96" CONTENT="ända"/><SP WIDTH="15" VPOS="592" HPOS="321"/>
							<String ID="string_151" HPOS="336" VPOS="592" WIDTH="21" HEIGHT="21" WC="0.96" CONTENT="in"/><SP WIDTH="15" VPOS="592" HPOS="357"/>
							<String ID="string_152" HPOS="372" VPOS="592" WIDTH="29" HEIGHT="27" WC="0.96" CONTENT="på"/><SP WIDTH="18" VPOS="592" HPOS="401"/>
							<String ID="string_153" HPOS="419" VPOS="590" WIDTH="145" HEIGHT="28" WC="0.93" CONTENT="Helsingfors;"/><SP WIDTH="16" VPOS="590" HPOS="564"/>
							<String ID="string_154" HPOS="580" VPOS="602" WIDTH="28" HEIGHT="4" WC="0.90" CONTENT="—"/><SP WIDTH="15" VPOS="602" HPOS="608"/>
							<String ID="string_155" HPOS="623" VPOS="593" WIDTH="33" HEIGHT="19" WC="0.96" CONTENT="att"/><SP WIDTH="15" VPOS="593" HPOS="656"/>
							<String ID="string_156" HPOS="671" VPOS="590" WIDTH="70" HEIGHT="22" WC="0.96" CONTENT="denna"/><SP WIDTH="14" VPOS="590" HPOS="741"/>
							<String ID="string_157" HPOS="755" VPOS="590" WIDTH="78" HEIGHT="22" WC="0.95" CONTENT="handel"/><SP WIDTH="16" VPOS="590" HPOS="833"/>
							<String ID="string_158" HPOS="849" VPOS="591" WIDTH="43" HEIGHT="21" WC="0.96" CONTENT="kan"/><SP WIDTH="15" VPOS="591" HPOS="892"/>
							<String ID="string_159" HPOS="907" VPOS="591" WIDTH="97" HEIGHT="22" WC="0.96" CONTENT="sträckas"/>
						</TextLine>
						<TextLine ID="line_16" HPOS="183" VPOS="619" WIDTH="820" HEIGHT="24">
							<String ID="string_160" HPOS="183" VPOS="623" WIDTH="77" HEIGHT="20" WC="0.95" CONTENT="norrut"/><SP WIDTH="14" VPOS="623" HPOS="260"/>
							<String ID="string_161" HPOS="274" VPOS="621" WIDTH="8" HEIGHT="21" WC="0.96" CONTENT="i"/><SP WIDTH="13" VPOS="621" HPOS="282"/>
							<String ID="string_162" HPOS="295" VPOS="621" WIDTH="45" HEIGHT="21" WC="0.95" CONTENT="lika"/><SP WIDTH="13" VPOS="621" HPOS="340"/>
							<String ID="string_163" HPOS="353" VPOS="620" WIDTH="132" HEIGHT="22" WC="0.67" CONTENT="förhållande"/><SP WIDTH="16" VPOS="620" HPOS="485"/>
							<String ID="string_164" HPOS="501" VPOS="622" WIDTH="25" HEIGHT="18" WC="0.95" CONTENT="är"/><SP WIDTH="14" VPOS="622" HPOS="526"/>
							<String ID="string_165" HPOS="540" VPOS="619" WIDTH="62" HEIGHT="22" WC="0.96" CONTENT="klart."/><SP WIDTH="16" VPOS="619" HPOS="602"/>
							<String ID="string_166" HPOS="618" VPOS="619" WIDTH="95" HEIGHT="21" WC="0.96" CONTENT="Sålunda"/><SP WIDTH="15" VPOS="619" HPOS="713"/>
							<String ID="string_167" HPOS="728" VPOS="619" WIDTH="39" HEIGHT="21" WC="0.96" CONTENT="har"/><SP WIDTH="15" VPOS="619" HPOS="767"/>
							<String ID="string_168" HPOS="782" VPOS="620" WIDTH="68" HEIGHT="21" WC="0.96" CONTENT="under"/><SP WIDTH="8" VPOS="620" HPOS="850"/>
							<String ID="string_169" HPOS="858" VPOS="620" WIDTH="145" HEIGHT="21" WC="0.96" CONTENT="innevarande"/>
						</TextLine>
						<TextLine ID="line_17" HPOS="183" VPOS="648" WIDTH="822" HEIGHT="27">
							<String ID="string_170" HPOS="183" VPOS="650" WIDTH="70" HEIGHT="21" WC="0.95" CONTENT="vinter"/><SP WIDTH="22" VPOS="650" HPOS="253"/>
							<String ID="string_171" HPOS="275" VPOS="649" WIDTH="47" HEIGHT="22" WC="0.95" CONTENT="från"/><SP WIDTH="21" VPOS="649" HPOS="322"/>
							<String ID="string_172" HPOS="343" VPOS="649" WIDTH="65" HEIGHT="21" WC="0.95" CONTENT="Wasa"/><SP WIDTH="22" VPOS="649" HPOS="408"/>
							<String ID="string_173" HPOS="430" VPOS="648" WIDTH="75" HEIGHT="21" WC="0.96" CONTENT="införts"/><SP WIDTH="23" VPOS="648" HPOS="505"/>
							<String ID="string_174" HPOS="528" VPOS="648" WIDTH="51" HEIGHT="27" WC="0.96" CONTENT="mjöl"/><SP WIDTH="18" VPOS="648" HPOS="579"/>
							<String ID="string_175" HPOS="597" VPOS="648" WIDTH="32" HEIGHT="21" WC="0.96" CONTENT="till"/><SP WIDTH="14" VPOS="648" HPOS="629"/>
							<String ID="string_176" HPOS="643" VPOS="648" WIDTH="142" HEIGHT="26" WC="0.96" CONTENT="Helsingfors,"/><SP WIDTH="16" VPOS="648" HPOS="785"/>
							<String ID="string_177" HPOS="801" VPOS="648" WIDTH="41" HEIGHT="22" WC="0.96" CONTENT="och"/><SP WIDTH="14" VPOS="648" HPOS="842"/>
							<String ID="string_178" HPOS="856" VPOS="648" WIDTH="69" HEIGHT="22" WC="0.96" CONTENT="skulle"/><SP WIDTH="19" VPOS="648" HPOS="925"/>
							<String ID="string_179" HPOS="944" VPOS="649" WIDTH="61" HEIGHT="21" WC="0.96" CONTENT="detta"/>
						</TextLine>
						<TextLine ID="line_18" HPOS="183" VPOS="676" WIDTH="821" HEIGHT="27">
							<String ID="string_180" HPOS="183" VPOS="678" WIDTH="65" HEIGHT="22" WC="0.96" CONTENT="hafva"/><SP WIDTH="15" VPOS="678" HPOS="248"/>
							<String ID="string_181" HPOS="263" VPOS="678" WIDTH="59" HEIGHT="21" WC="0.96" CONTENT="skett"/><SP WIDTH="13" VPOS="678" HPOS="322"/>
							<String ID="string_182" HPOS="335" VPOS="678" WIDTH="8" HEIGHT="21" WC="0.96" CONTENT="i"/><SP WIDTH="16" VPOS="678" HPOS="343"/>
							<String ID="string_183" HPOS="359" VPOS="680" WIDTH="28" HEIGHT="19" WC="0.96" CONTENT="än"/><SP WIDTH="15" VPOS="680" HPOS="387"/>
							<String ID="string_184" HPOS="402" VPOS="679" WIDTH="71" HEIGHT="19" WC="0.96" CONTENT="större"/><SP WIDTH="15" VPOS="679" HPOS="473"/>
							<String ID="string_185" HPOS="488" VPOS="676" WIDTH="60" HEIGHT="21" WC="0.96" CONTENT="skala"/><SP WIDTH="15" VPOS="676" HPOS="548"/>
							<String ID="string_186" HPOS="563" VPOS="683" WIDTH="34" HEIGHT="15" WC="0.97" CONTENT="om"/><SP WIDTH="10" VPOS="683" HPOS="597"/>
							<String ID="string_187" HPOS="607" VPOS="677" WIDTH="53" HEIGHT="21" WC="0.96" CONTENT="icke"/><SP WIDTH="16" VPOS="677" HPOS="660"/>
							<String ID="string_188" HPOS="676" VPOS="676" WIDTH="37" HEIGHT="22" WC="0.96" CONTENT="det"/><SP WIDTH="15" VPOS="676" HPOS="713"/>
							<String ID="string_189" HPOS="728" VPOS="676" WIDTH="71" HEIGHT="27" WC="0.93" CONTENT="dåliga"/><SP WIDTH="10" VPOS="676" HPOS="799"/>
							<String ID="string_190" HPOS="809" VPOS="677" WIDTH="56" HEIGHT="21" WC="0.92" CONTENT="föret"/><SP WIDTH="10" VPOS="677" HPOS="865"/>
							<String ID="string_191" HPOS="875" VPOS="677" WIDTH="88" HEIGHT="22" WC="0.96" CONTENT="hindrat"/><SP WIDTH="8" VPOS="677" HPOS="963"/>
							<String ID="string_192" HPOS="971" VPOS="679" WIDTH="33" HEIGHT="20" WC="0.96" CONTENT="att"/>
						</TextLine>
						<TextLine ID="line_19" HPOS="183" VPOS="704" WIDTH="821" HEIGHT="29">
							<String ID="string_193" HPOS="183" VPOS="706" WIDTH="47" HEIGHT="22" WC="0.96" CONTENT="från"/><SP WIDTH="23" VPOS="706" HPOS="230"/>
							<String ID="string_194" HPOS="253" VPOS="707" WIDTH="65" HEIGHT="20" WC="0.95" CONTENT="Wasa"/><SP WIDTH="22" VPOS="707" HPOS="318"/>
							<String ID="string_195" HPOS="340" VPOS="707" WIDTH="147" HEIGHT="26" WC="0.95" CONTENT="transportera"/><SP WIDTH="21" VPOS="707" HPOS="487"/>
							<String ID="string_196" HPOS="508" VPOS="704" WIDTH="51" HEIGHT="27" WC="0.81" CONTENT="mjöl"/><SP WIDTH="14" VPOS="704" HPOS="559"/>
							<String ID="string_197" HPOS="573" VPOS="705" WIDTH="33" HEIGHT="21" WC="0.96" CONTENT="till"/><SP WIDTH="14" VPOS="705" HPOS="606"/>
							<String ID="string_198" HPOS="620" VPOS="705" WIDTH="147" HEIGHT="21" WC="0.91" CONTENT="Tammerfors."/><SP WIDTH="30" VPOS="705" HPOS="767"/>
							<String ID="string_199" HPOS="797" VPOS="705" WIDTH="63" HEIGHT="22" WC="0.95" CONTENT="Hade"/><SP WIDTH="16" VPOS="705" HPOS="860"/>
							<String ID="string_200" HPOS="876" VPOS="712" WIDTH="26" HEIGHT="15" WC="0.93" CONTENT="en"/><SP WIDTH="12" VPOS="712" HPOS="902"/>
							<String ID="string_201" HPOS="914" VPOS="705" WIDTH="90" HEIGHT="28" WC="0.92" CONTENT="jernväg"/>
						</TextLine>
						<TextLine ID="line_20" HPOS="183" VPOS="733" WIDTH="821" HEIGHT="28">
							<String ID="string_202" HPOS="183" VPOS="735" WIDTH="89" HEIGHT="24" WC="0.96" CONTENT="funnits,"/><SP WIDTH="25" VPOS="735" HPOS="272"/>
							<String ID="string_203" HPOS="297" VPOS="734" WIDTH="25" HEIGHT="22" WC="0.96" CONTENT="så"/><SP WIDTH="21" VPOS="734" HPOS="322"/>
							<String ID="string_204" HPOS="343" VPOS="735" WIDTH="55" HEIGHT="21" WC="0.96" CONTENT="hade"/><SP WIDTH="23" VPOS="735" HPOS="398"/>
							<String ID="string_205" HPOS="421" VPOS="737" WIDTH="51" HEIGHT="18" WC="0.91" CONTENT="utan"/><SP WIDTH="23" VPOS="737" HPOS="472"/>
							<String ID="string_206" HPOS="495" VPOS="733" WIDTH="73" HEIGHT="22" WC="0.91" CONTENT="tvifvel"/><SP WIDTH="22" VPOS="733" HPOS="568"/>
							<String ID="string_207" HPOS="590" VPOS="733" WIDTH="47" HEIGHT="22" WC="0.96" CONTENT="icke"/><SP WIDTH="23" VPOS="733" HPOS="637"/>
							<String ID="string_208" HPOS="660" VPOS="733" WIDTH="77" HEIGHT="22" WC="0.96" CONTENT="endast"/><SP WIDTH="15" VPOS="733" HPOS="737"/>
							<String ID="string_209" HPOS="752" VPOS="733" WIDTH="73" HEIGHT="22" WC="0.93" CONTENT="ädlare"/><SP WIDTH="15" VPOS="733" HPOS="825"/>
							<String ID="string_210" HPOS="840" VPOS="733" WIDTH="122" HEIGHT="28" WC="0.91" CONTENT="mjölsorter"/><SP WIDTH="15" VPOS="733" HPOS="962"/>
							<String ID="string_211" HPOS="977" VPOS="745" WIDTH="27" HEIGHT="5" WC="0.91" CONTENT="—"/>
						</TextLine>
						<TextLine ID="line_21" HPOS="183" VPOS="761" WIDTH="820" HEIGHT="29">
							<String ID="string_212" HPOS="183" VPOS="769" WIDTH="29" HEIGHT="16" WC="0.96" CONTENT="nu"/><SP WIDTH="22" VPOS="769" HPOS="212"/>
							<String ID="string_213" HPOS="234" VPOS="763" WIDTH="66" HEIGHT="21" WC="0.96" CONTENT="redan"/><SP WIDTH="23" VPOS="763" HPOS="300"/>
							<String ID="string_214" HPOS="323" VPOS="763" WIDTH="41" HEIGHT="22" WC="0.96" CONTENT="ock"/><SP WIDTH="22" VPOS="763" HPOS="364"/>
							<String ID="string_215" HPOS="386" VPOS="763" WIDTH="25" HEIGHT="21" WC="0.93" CONTENT="så"/><SP WIDTH="18" VPOS="763" HPOS="411"/>
							<String ID="string_216" HPOS="429" VPOS="761" WIDTH="84" HEIGHT="22" WC="0.92" CONTENT="kalladt"/><SP WIDTH="22" VPOS="761" HPOS="513"/>
							<String ID="string_217" HPOS="535" VPOS="762" WIDTH="162" HEIGHT="21" WC="0.92" CONTENT="sammanmalet"/><SP WIDTH="14" VPOS="762" HPOS="697"/>
							<String ID="string_218" HPOS="711" VPOS="762" WIDTH="121" HEIGHT="28" WC="0.92" CONTENT="hvetemjöl,"/><SP WIDTH="16" VPOS="762" HPOS="832"/>
							<String ID="string_219" HPOS="848" VPOS="763" WIDTH="32" HEIGHT="20" WC="0.93" CONTENT="hit"/><SP WIDTH="15" VPOS="763" HPOS="880"/>
							<String ID="string_220" HPOS="895" VPOS="765" WIDTH="108" HEIGHT="24" WC="0.91" CONTENT="porterats"/>
						</TextLine>
						<TextLine ID="line_22" HPOS="183" VPOS="791" WIDTH="821" HEIGHT="27">
							<String ID="string_221" HPOS="183" VPOS="791" WIDTH="47" HEIGHT="22" WC="0.96" CONTENT="från"/><SP WIDTH="23" VPOS="791" HPOS="230"/>
							<String ID="string_222" HPOS="253" VPOS="792" WIDTH="65" HEIGHT="22" WC="0.96" CONTENT="Wasa"/><SP WIDTH="21" VPOS="792" HPOS="318"/>
							<String ID="string_223" HPOS="339" VPOS="793" WIDTH="60" HEIGHT="20" WC="0.93" CONTENT="stora"/><SP WIDTH="16" VPOS="793" HPOS="399"/>
							<String ID="string_224" HPOS="415" VPOS="791" WIDTH="124" HEIGHT="27" WC="0.92" CONTENT="mjölgvarn."/><SP WIDTH="30" VPOS="791" HPOS="539"/>
							<String ID="string_225" HPOS="569" VPOS="791" WIDTH="28" HEIGHT="21" WC="0.96" CONTENT="Ja"/><SP WIDTH="14" VPOS="791" HPOS="597"/>
							<String ID="string_226" HPOS="611" VPOS="797" WIDTH="49" HEIGHT="15" WC="0.96" CONTENT="man"/><SP WIDTH="15" VPOS="797" HPOS="660"/>
							<String ID="string_227" HPOS="675" VPOS="792" WIDTH="26" HEIGHT="20" WC="0.96" CONTENT="är"/><SP WIDTH="13" VPOS="792" HPOS="701"/>
							<String ID="string_228" HPOS="714" VPOS="791" WIDTH="26" HEIGHT="20" WC="0.93" CONTENT="sä"/><SP WIDTH="15" VPOS="791" HPOS="740"/>
							<String ID="string_229" HPOS="755" VPOS="791" WIDTH="136" HEIGHT="26" WC="0.92" CONTENT="företagsam,"/><SP WIDTH="16" VPOS="791" HPOS="891"/>
							<String ID="string_230" HPOS="907" VPOS="793" WIDTH="33" HEIGHT="20" WC="0.96" CONTENT="att"/><SP WIDTH="14" VPOS="793" HPOS="940"/>
							<String ID="string_231" HPOS="954" VPOS="797" WIDTH="50" HEIGHT="16" WC="0.96" CONTENT="man"/>
						</TextLine>
						<TextLine ID="line_23" HPOS="183" VPOS="819" WIDTH="820" HEIGHT="28">
							<String ID="string_232" HPOS="183" VPOS="820" WIDTH="128" HEIGHT="27" WC="0.96" CONTENT="importerar"/><SP WIDTH="15" VPOS="820" HPOS="311"/>
							<String ID="string_233" HPOS="326" VPOS="821" WIDTH="39" HEIGHT="21" WC="0.96" CONTENT="säd"/><SP WIDTH="19" VPOS="821" HPOS="365"/>
							<String ID="string_234" HPOS="384" VPOS="819" WIDTH="46" HEIGHT="22" WC="0.96" CONTENT="från"/><SP WIDTH="16" VPOS="819" HPOS="430"/>
							<String ID="string_235" HPOS="446" VPOS="819" WIDTH="106" HEIGHT="26" WC="0.96" CONTENT="Amerika,"/><SP WIDTH="16" VPOS="819" HPOS="552"/>
							<String ID="string_236" HPOS="568" VPOS="819" WIDTH="93" HEIGHT="25" WC="0.63" CONTENT="Liibeck,"/><SP WIDTH="16" VPOS="819" HPOS="661"/>
							<String ID="string_237" HPOS="677" VPOS="819" WIDTH="87" HEIGHT="22" WC="0.96" CONTENT="Danska"/><SP WIDTH="16" VPOS="819" HPOS="764"/>
							<String ID="string_238" HPOS="780" VPOS="819" WIDTH="89" HEIGHT="22" WC="0.96" CONTENT="hamnar"/><SP WIDTH="15" VPOS="819" HPOS="869"/>
							<String ID="string_239" HPOS="884" VPOS="820" WIDTH="32" HEIGHT="21" WC="0.96" CONTENT="till"/><SP WIDTH="15" VPOS="820" HPOS="916"/>
							<String ID="string_240" HPOS="931" VPOS="820" WIDTH="72" HEIGHT="27" WC="0.96" CONTENT="Wasa,"/>
						</TextLine>
						<TextLine ID="line_24" HPOS="182" VPOS="847" WIDTH="821" HEIGHT="26">
							<String ID="string_241" HPOS="182" VPOS="849" WIDTH="34" HEIGHT="22" WC="0.96" CONTENT="för"/><SP WIDTH="14" VPOS="849" HPOS="216"/>
							<String ID="string_242" HPOS="230" VPOS="851" WIDTH="35" HEIGHT="22" WC="0.95" CONTENT="att"/><SP WIDTH="14" VPOS="851" HPOS="265"/>
							<String ID="string_243" HPOS="279" VPOS="849" WIDTH="39" HEIGHT="22" WC="0.93" CONTENT="der"/><SP WIDTH="18" VPOS="849" HPOS="318"/>
							<String ID="string_244" HPOS="336" VPOS="848" WIDTH="92" HEIGHT="23" WC="0.92" CONTENT="förmald"/><SP WIDTH="19" VPOS="848" HPOS="428"/>
							<String ID="string_245" HPOS="447" VPOS="847" WIDTH="91" HEIGHT="22" WC="0.90" CONTENT="afsättas"/><SP WIDTH="20" VPOS="847" HPOS="538"/>
							<String ID="string_246" HPOS="558" VPOS="847" WIDTH="56" HEIGHT="22" WC="0.96" CONTENT="ända"/><SP WIDTH="19" VPOS="847" HPOS="614"/>
							<String ID="string_247" HPOS="633" VPOS="848" WIDTH="33" HEIGHT="21" WC="0.92" CONTENT="bit"/><SP WIDTH="18" VPOS="848" HPOS="666"/>
							<String ID="string_248" HPOS="684" VPOS="848" WIDTH="48" HEIGHT="22" WC="0.96" CONTENT="ned."/><SP WIDTH="31" VPOS="848" HPOS="732"/>
							<String ID="string_249" HPOS="763" VPOS="849" WIDTH="38" HEIGHT="21" WC="0.96" CONTENT="Att"/><SP WIDTH="19" VPOS="849" HPOS="801"/>
							<String ID="string_250" HPOS="820" VPOS="855" WIDTH="47" HEIGHT="15" WC="0.96" CONTENT="man"/><SP WIDTH="17" VPOS="855" HPOS="867"/>
							<String ID="string_251" HPOS="884" VPOS="849" WIDTH="48" HEIGHT="21" WC="0.96" CONTENT="icke"/><SP WIDTH="14" VPOS="849" HPOS="932"/>
							<String ID="string_252" HPOS="946" VPOS="849" WIDTH="8" HEIGHT="21" WC="0.93" CONTENT="i"/><SP WIDTH="15" VPOS="849" HPOS="954"/>
							<String ID="string_253" HPOS="969" VPOS="851" WIDTH="34" HEIGHT="20" WC="0.92" CONTENT="ut-"/>
						</TextLine>
						<TextLine ID="line_25" HPOS="183" VPOS="876" WIDTH="820" HEIGHT="28">
							<String ID="string_254" HPOS="183" VPOS="877" WIDTH="84" HEIGHT="24" WC="0.96" CONTENT="skottet"/><SP WIDTH="22" VPOS="877" HPOS="267"/>
							<String ID="string_255" HPOS="289" VPOS="877" WIDTH="43" HEIGHT="22" WC="0.96" CONTENT="fäst"/><SP WIDTH="22" VPOS="877" HPOS="332"/>
							<String ID="string_256" HPOS="354" VPOS="879" WIDTH="70" HEIGHT="20" WC="0.95" CONTENT="större"/><SP WIDTH="18" VPOS="879" HPOS="424"/>
							<String ID="string_257" HPOS="442" VPOS="876" WIDTH="190" HEIGHT="27" WC="0.96" CONTENT="uppmärksamhet"/><SP WIDTH="22" VPOS="876" HPOS="632"/>
							<String ID="string_258" HPOS="654" VPOS="876" WIDTH="34" HEIGHT="21" WC="0.96" CONTENT="vid"/><SP WIDTH="16" VPOS="876" HPOS="688"/>
							<String ID="string_259" HPOS="704" VPOS="877" WIDTH="144" HEIGHT="27" WC="0.89" CONTENT="anläggandet"/><SP WIDTH="16" VPOS="877" HPOS="848"/>
							<String ID="string_260" HPOS="864" VPOS="877" WIDTH="22" HEIGHT="22" WC="0.90" CONTENT="äf"/><SP WIDTH="13" VPOS="877" HPOS="886"/>
							<String ID="string_261" HPOS="899" VPOS="884" WIDTH="26" HEIGHT="15" WC="0.92" CONTENT="en"/><SP WIDTH="16" VPOS="884" HPOS="925"/>
							<String ID="string_262" HPOS="941" VPOS="877" WIDTH="62" HEIGHT="23" WC="0.91" CONTENT="kust-"/>
						</TextLine>
						<TextLine ID="line_26" HPOS="182" VPOS="900" WIDTH="822" HEIGHT="33">
							<String ID="string_263" HPOS="182" VPOS="906" WIDTH="58" HEIGHT="21" WC="0.93" CONTENT="bana"/><SP WIDTH="21" VPOS="906" HPOS="240"/>
							<String ID="string_264" HPOS="261" VPOS="907" WIDTH="56" HEIGHT="21" WC="0.96" CONTENT="ända"/><SP WIDTH="21" VPOS="907" HPOS="317"/>
							<String ID="string_265" HPOS="338" VPOS="905" WIDTH="47" HEIGHT="22" WC="0.96" CONTENT="från"/><SP WIDTH="23" VPOS="905" HPOS="385"/>
							<String ID="string_266" HPOS="408" VPOS="900" WIDTH="46" HEIGHT="27" WC="0.95" CONTENT="Åbo"/><SP WIDTH="19" VPOS="900" HPOS="454"/>
							<String ID="string_267" HPOS="473" VPOS="905" WIDTH="32" HEIGHT="22" WC="0.96" CONTENT="till"/><SP WIDTH="15" VPOS="905" HPOS="505"/>
							<String ID="string_268" HPOS="520" VPOS="905" WIDTH="66" HEIGHT="22" WC="0.96" CONTENT="Wasa"/><SP WIDTH="14" VPOS="905" HPOS="586"/>
							<String ID="string_269" HPOS="600" VPOS="905" WIDTH="41" HEIGHT="21" WC="0.96" CONTENT="kan"/><SP WIDTH="15" VPOS="905" HPOS="641"/>
							<String ID="string_270" HPOS="656" VPOS="905" WIDTH="109" HEIGHT="28" WC="0.93" CONTENT="verkligen"/><SP WIDTH="16" VPOS="905" HPOS="765"/>
							<String ID="string_271" HPOS="781" VPOS="905" WIDTH="113" HEIGHT="28" WC="0.92" CONTENT="anmärkas"/><SP WIDTH="16" VPOS="905" HPOS="894"/>
							<String ID="string_272" HPOS="910" VPOS="912" WIDTH="45" HEIGHT="16" WC="0.96" CONTENT="som"/><SP WIDTH="16" VPOS="912" HPOS="955"/>
							<String ID="string_273" HPOS="971" VPOS="908" WIDTH="33" HEIGHT="20" WC="0.96" CONTENT="ett"/>
						</TextLine>
						<TextLine ID="line_27" HPOS="182" VPOS="933" WIDTH="820" HEIGHT="28">
							<String ID="string_274" HPOS="182" VPOS="934" WIDTH="36" HEIGHT="26" WC="0.96" CONTENT="fel,"/><SP WIDTH="15" VPOS="934" HPOS="218"/>
							<String ID="string_275" HPOS="233" VPOS="935" WIDTH="41" HEIGHT="22" WC="0.96" CONTENT="och"/><SP WIDTH="16" VPOS="935" HPOS="274"/>
							<String ID="string_276" HPOS="290" VPOS="935" WIDTH="27" HEIGHT="21" WC="0.97" CONTENT="då"/><SP WIDTH="14" VPOS="935" HPOS="317"/>
							<String ID="string_277" HPOS="331" VPOS="941" WIDTH="49" HEIGHT="15" WC="0.96" CONTENT="man"/><SP WIDTH="15" VPOS="941" HPOS="380"/>
							<String ID="string_278" HPOS="395" VPOS="933" WIDTH="134" HEIGHT="28" WC="0.95" CONTENT="projekterat"/><SP WIDTH="18" VPOS="933" HPOS="529"/>
							<String ID="string_279" HPOS="547" VPOS="940" WIDTH="26" HEIGHT="15" WC="0.96" CONTENT="en"/><SP WIDTH="16" VPOS="940" HPOS="573"/>
							<String ID="string_280" HPOS="589" VPOS="933" WIDTH="108" HEIGHT="22" WC="0.95" CONTENT="kustbana"/><SP WIDTH="14" VPOS="933" HPOS="697"/>
							<String ID="string_281" HPOS="711" VPOS="934" WIDTH="46" HEIGHT="22" WC="0.96" CONTENT="från"/><SP WIDTH="16" VPOS="934" HPOS="757"/>
							<String ID="string_282" HPOS="773" VPOS="935" WIDTH="133" HEIGHT="26" WC="0.91" CONTENT="Björneborg"/><SP WIDTH="15" VPOS="935" HPOS="906"/>
							<String ID="string_283" HPOS="921" VPOS="937" WIDTH="81" HEIGHT="24" WC="0.91" CONTENT="norrut,"/>
						</TextLine>
						<TextLine ID="line_28" HPOS="182" VPOS="962" WIDTH="821" HEIGHT="27">
							<String ID="string_284" HPOS="182" VPOS="963" WIDTH="26" HEIGHT="22" WC="0.96" CONTENT="så"/><SP WIDTH="14" VPOS="963" HPOS="208"/>
							<String ID="string_285" HPOS="222" VPOS="963" WIDTH="40" HEIGHT="22" WC="0.95" CONTENT="har"/><SP WIDTH="13" VPOS="963" HPOS="262"/>
							<String ID="string_286" HPOS="275" VPOS="969" WIDTH="50" HEIGHT="16" WC="0.95" CONTENT="man"/><SP WIDTH="16" VPOS="969" HPOS="325"/>
							<String ID="string_287" HPOS="341" VPOS="963" WIDTH="67" HEIGHT="26" WC="0.96" CONTENT="glömt"/><SP WIDTH="14" VPOS="963" HPOS="408"/>
							<String ID="string_288" HPOS="422" VPOS="963" WIDTH="49" HEIGHT="20" WC="0.96" CONTENT="bort"/><SP WIDTH="14" VPOS="963" HPOS="471"/>
							<String ID="string_289" HPOS="485" VPOS="963" WIDTH="75" HEIGHT="20" WC="0.96" CONTENT="Kaskö"/><SP WIDTH="16" VPOS="963" HPOS="560"/>
							<String ID="string_290" HPOS="576" VPOS="962" WIDTH="70" HEIGHT="25" WC="0.95" CONTENT="hamn,"/><SP WIDTH="16" VPOS="962" HPOS="646"/>
							<String ID="string_291" HPOS="662" VPOS="968" WIDTH="46" HEIGHT="16" WC="0.96" CONTENT="som"/><SP WIDTH="15" VPOS="968" HPOS="708"/>
							<String ID="string_292" HPOS="723" VPOS="965" WIDTH="24" HEIGHT="18" WC="0.96" CONTENT="är"/><SP WIDTH="15" VPOS="965" HPOS="747"/>
							<String ID="string_293" HPOS="762" VPOS="962" WIDTH="118" HEIGHT="27" WC="0.95" CONTENT="förträfflig,"/><SP WIDTH="12" VPOS="962" HPOS="880"/>
							<String ID="string_294" HPOS="892" VPOS="963" WIDTH="47" HEIGHT="26" WC="0.95" CONTENT="gått"/><SP WIDTH="9" VPOS="963" HPOS="939"/>
							<String ID="string_295" HPOS="948" VPOS="963" WIDTH="55" HEIGHT="22" WC="0.96" CONTENT="förbi"/>
						</TextLine>
						<TextLine ID="line_29" HPOS="182" VPOS="991" WIDTH="821" HEIGHT="28">
							<String ID="string_296" HPOS="182" VPOS="991" WIDTH="42" HEIGHT="22" WC="0.96" CONTENT="den"/><SP WIDTH="16" VPOS="991" HPOS="224"/>
							<String ID="string_297" HPOS="240" VPOS="992" WIDTH="54" HEIGHT="22" WC="0.96" CONTENT="efter"/><SP WIDTH="15" VPOS="992" HPOS="294"/>
							<String ID="string_298" HPOS="309" VPOS="993" WIDTH="33" HEIGHT="20" WC="0.96" CONTENT="att"/><SP WIDTH="14" VPOS="993" HPOS="342"/>
							<String ID="string_299" HPOS="356" VPOS="991" WIDTH="63" HEIGHT="21" WC="0.96" CONTENT="hafva"/><SP WIDTH="15" VPOS="991" HPOS="419"/>
							<String ID="string_300" HPOS="434" VPOS="991" WIDTH="91" HEIGHT="27" WC="0.96" CONTENT="uppnått"/><SP WIDTH="15" VPOS="991" HPOS="525"/>
							<String ID="string_301" HPOS="540" VPOS="991" WIDTH="153" HEIGHT="21" WC="0.93" CONTENT="Kristinestad."/><SP WIDTH="30" VPOS="991" HPOS="693"/>
							<String ID="string_302" HPOS="723" VPOS="991" WIDTH="43" HEIGHT="27" WC="0.77" CONTENT="Mig"/><SP WIDTH="16" VPOS="991" HPOS="766"/>
							<String ID="string_303" HPOS="782" VPOS="997" WIDTH="63" HEIGHT="22" WC="0.96" CONTENT="synes"/><SP WIDTH="16" VPOS="997" HPOS="845"/>
							<String ID="string_304" HPOS="861" VPOS="991" WIDTH="61" HEIGHT="22" WC="0.96" CONTENT="detta"/><SP WIDTH="15" VPOS="991" HPOS="922"/>
							<String ID="string_305" HPOS="937" VPOS="992" WIDTH="66" HEIGHT="22" WC="0.96" CONTENT="redan"/>
						</TextLine>
						<TextLine ID="line_30" HPOS="182" VPOS="1019" WIDTH="821" HEIGHT="27">
							<String ID="string_306" HPOS="182" VPOS="1026" WIDTH="52" HEIGHT="15" WC="0.95" CONTENT="vara"/><SP WIDTH="21" VPOS="1026" HPOS="234"/>
							<String ID="string_307" HPOS="255" VPOS="1022" WIDTH="34" HEIGHT="19" WC="0.96" CONTENT="ett"/><SP WIDTH="14" VPOS="1022" HPOS="289"/>
							<String ID="string_308" HPOS="303" VPOS="1020" WIDTH="27" HEIGHT="21" WC="0.95" CONTENT="fel"/><SP WIDTH="20" VPOS="1020" HPOS="330"/>
							<String ID="string_309" HPOS="350" VPOS="1020" WIDTH="41" HEIGHT="21" WC="0.96" CONTENT="och"/><SP WIDTH="14" VPOS="1020" HPOS="391"/>
							<String ID="string_310" HPOS="405" VPOS="1019" WIDTH="69" HEIGHT="21" WC="0.95" CONTENT="likaså"/><SP WIDTH="15" VPOS="1019" HPOS="474"/>
							<String ID="string_311" HPOS="489" VPOS="1019" WIDTH="28" HEIGHT="21" WC="0.96" CONTENT="då"/><SP WIDTH="15" VPOS="1019" HPOS="517"/>
							<String ID="string_312" HPOS="532" VPOS="1025" WIDTH="48" HEIGHT="15" WC="0.96" CONTENT="man"/><SP WIDTH="15" VPOS="1025" HPOS="580"/>
							<String ID="string_313" HPOS="595" VPOS="1019" WIDTH="61" HEIGHT="21" WC="0.96" CONTENT="leder"/><SP WIDTH="14" VPOS="1019" HPOS="656"/>
							<String ID="string_314" HPOS="670" VPOS="1025" WIDTH="25" HEIGHT="15" WC="0.92" CONTENT="en"/><SP WIDTH="14" VPOS="1025" HPOS="695"/>
							<String ID="string_315" HPOS="709" VPOS="1020" WIDTH="153" HEIGHT="26" WC="0.91" CONTENT="jernvägslinie"/><SP WIDTH="15" VPOS="1020" HPOS="862"/>
							<String ID="string_316" HPOS="877" VPOS="1020" WIDTH="62" HEIGHT="26" WC="0.93" CONTENT="längs"/><SP WIDTH="15" VPOS="1020" HPOS="939"/>
							<String ID="string_317" HPOS="954" VPOS="1021" WIDTH="49" HEIGHT="21" WC="0.92" CONTENT="Loi-"/>
						</TextLine>
						<TextLine ID="line_31" HPOS="181" VPOS="1046" WIDTH="822" HEIGHT="30">
							<String ID="string_318" HPOS="181" VPOS="1048" WIDTH="74" HEIGHT="28" WC="0.88" CONTENT="mijoki"/><SP WIDTH="14" VPOS="1048" HPOS="255"/>
							<String ID="string_319" HPOS="269" VPOS="1048" WIDTH="63" HEIGHT="22" WC="0.90" CONTENT="elfdal"/><SP WIDTH="15" VPOS="1048" HPOS="332"/>
							<String ID="string_320" HPOS="347" VPOS="1048" WIDTH="33" HEIGHT="21" WC="0.92" CONTENT="till"/><SP WIDTH="15" VPOS="1048" HPOS="380"/>
							<String ID="string_321" HPOS="395" VPOS="1048" WIDTH="140" HEIGHT="27" WC="0.95" CONTENT="Björneborg,"/><SP WIDTH="16" VPOS="1048" HPOS="535"/>
							<String ID="string_322" HPOS="551" VPOS="1054" WIDTH="49" HEIGHT="15" WC="0.95" CONTENT="men"/><SP WIDTH="15" VPOS="1054" HPOS="600"/>
							<String ID="string_323" HPOS="615" VPOS="1046" WIDTH="39" HEIGHT="22" WC="0.96" CONTENT="har"/><SP WIDTH="15" VPOS="1046" HPOS="654"/>
							<String ID="string_324" HPOS="669" VPOS="1047" WIDTH="64" HEIGHT="27" WC="0.96" CONTENT="ingen"/><SP WIDTH="14" VPOS="1047" HPOS="733"/>
							<String ID="string_325" HPOS="747" VPOS="1048" WIDTH="66" HEIGHT="22" WC="0.96" CONTENT="tanke"/><SP WIDTH="15" VPOS="1048" HPOS="813"/>
							<String ID="string_326" HPOS="828" VPOS="1048" WIDTH="33" HEIGHT="22" WC="0.96" CONTENT="för"/><SP WIDTH="8" VPOS="1048" HPOS="861"/>
							<String ID="string_327" HPOS="869" VPOS="1048" WIDTH="82" HEIGHT="22" WC="0.96" CONTENT="Raumo"/><SP WIDTH="11" VPOS="1048" HPOS="951"/>
							<String ID="string_328" HPOS="962" VPOS="1048" WIDTH="41" HEIGHT="22" WC="0.96" CONTENT="och"/>
						</TextLine>
						<TextLine ID="line_32" HPOS="181" VPOS="1075" WIDTH="822" HEIGHT="29">
							<String ID="string_329" HPOS="181" VPOS="1076" WIDTH="91" HEIGHT="28" WC="0.96" CONTENT="Nystad,"/><SP WIDTH="20" VPOS="1076" HPOS="272"/>
							<String ID="string_330" HPOS="292" VPOS="1077" WIDTH="79" HEIGHT="25" WC="0.96" CONTENT="hvilka,"/><SP WIDTH="21" VPOS="1077" HPOS="371"/>
							<String ID="string_331" HPOS="392" VPOS="1082" WIDTH="33" HEIGHT="15" WC="0.94" CONTENT="om."/><SP WIDTH="20" VPOS="1082" HPOS="425"/>
							<String ID="string_332" HPOS="445" VPOS="1076" WIDTH="66" HEIGHT="22" WC="0.96" CONTENT="också"/><SP WIDTH="15" VPOS="1076" HPOS="511"/>
							<String ID="string_333" HPOS="526" VPOS="1076" WIDTH="7" HEIGHT="20" WC="0.96" CONTENT="i"/><SP WIDTH="15" VPOS="1076" HPOS="533"/>
							<String ID="string_334" HPOS="548" VPOS="1076" WIDTH="58" HEIGHT="21" WC="0.91" CONTENT="vissa"/><SP WIDTH="14" VPOS="1076" HPOS="606"/>
							<String ID="string_335" HPOS="620" VPOS="1075" WIDTH="117" HEIGHT="22" WC="0.91" CONTENT="afseenden"/><SP WIDTH="15" VPOS="1075" HPOS="737"/>
							<String ID="string_336" HPOS="752" VPOS="1076" WIDTH="126" HEIGHT="26" WC="0.96" CONTENT="småstäder,"/><SP WIDTH="17" VPOS="1076" HPOS="878"/>
							<String ID="string_337" HPOS="895" VPOS="1078" WIDTH="55" HEIGHT="20" WC="0.92" CONTENT="dock"/><SP WIDTH="15" VPOS="1078" HPOS="950"/>
							<String ID="string_338" HPOS="965" VPOS="1083" WIDTH="38" HEIGHT="20" WC="0.91" CONTENT="ge-"/>
						</TextLine>
						<TextLine ID="line_33" HPOS="181" VPOS="1104" WIDTH="822" HEIGHT="28">
							<String ID="string_339" HPOS="181" VPOS="1111" WIDTH="51" HEIGHT="16" WC="0.93" CONTENT="nom"/><SP WIDTH="14" VPOS="1111" HPOS="232"/>
							<String ID="string_340" HPOS="246" VPOS="1105" WIDTH="124" HEIGHT="27" WC="0.92" CONTENT="skeppsfart"/><SP WIDTH="15" VPOS="1105" HPOS="370"/>
							<String ID="string_341" HPOS="385" VPOS="1107" WIDTH="150" HEIGHT="24" WC="0.96" CONTENT="representera"/><SP WIDTH="10" VPOS="1107" HPOS="535"/>
							<String ID="string_342" HPOS="545" VPOS="1104" WIDTH="108" HEIGHT="27" WC="0.96" CONTENT="betydliga"/><SP WIDTH="10" VPOS="1104" HPOS="653"/>
							<String ID="string_343" HPOS="663" VPOS="1104" WIDTH="101" HEIGHT="22" WC="0.96" CONTENT="faktorer."/><SP WIDTH="16" VPOS="1104" HPOS="764"/>
							<String ID="string_344" HPOS="780" VPOS="1105" WIDTH="82" HEIGHT="21" WC="0.96" CONTENT="Raumo"/><SP WIDTH="8" VPOS="1105" HPOS="862"/>
							<String ID="string_345" HPOS="870" VPOS="1105" WIDTH="40" HEIGHT="22" WC="0.96" CONTENT="och"/><SP WIDTH="9" VPOS="1105" HPOS="910"/>
							<String ID="string_346" HPOS="919" VPOS="1105" WIDTH="84" HEIGHT="27" WC="0.96" CONTENT="Nystad"/>
						</TextLine>
						<TextLine ID="line_34" HPOS="181" VPOS="1132" WIDTH="821" HEIGHT="28">
							<String ID="string_347" HPOS="181" VPOS="1133" WIDTH="65" HEIGHT="22" WC="0.93" CONTENT="hafva"/><SP WIDTH="14" VPOS="1133" HPOS="246"/>
							<String ID="string_348" HPOS="260" VPOS="1135" WIDTH="78" HEIGHT="24" WC="0.91" CONTENT="23,000"/><SP WIDTH="16" VPOS="1135" HPOS="338"/>
							<String ID="string_349" HPOS="354" VPOS="1140" WIDTH="13" HEIGHT="14" WC="0.93" CONTENT="a"/><SP WIDTH="15" VPOS="1140" HPOS="367"/>
							<String ID="string_350" HPOS="382" VPOS="1134" WIDTH="77" HEIGHT="26" WC="0.90" CONTENT="25,000"/><SP WIDTH="16" VPOS="1134" HPOS="459"/>
							<String ID="string_351" HPOS="475" VPOS="1133" WIDTH="68" HEIGHT="21" WC="0.92" CONTENT="läster"/><SP WIDTH="14" VPOS="1133" HPOS="543"/>
							<String ID="string_352" HPOS="557" VPOS="1132" WIDTH="53" HEIGHT="22" WC="0.93" CONTENT="eller"/><SP WIDTH="14" VPOS="1132" HPOS="610"/>
							<String ID="string_353" HPOS="624" VPOS="1133" WIDTH="141" HEIGHT="25" WC="0.90" CONTENT="registertons"/><SP WIDTH="16" VPOS="1133" HPOS="765"/>
							<String ID="string_354" HPOS="781" VPOS="1133" WIDTH="146" HEIGHT="22" WC="0.95" CONTENT="tillsammans."/><SP WIDTH="30" VPOS="1133" HPOS="927"/>
							<String ID="string_355" HPOS="957" VPOS="1134" WIDTH="45" HEIGHT="22" WC="0.87" CONTENT="Alt"/>
						</TextLine>
						<TextLine ID="line_35" HPOS="182" VPOS="1160" WIDTH="820" HEIGHT="24">
							<String ID="string_356" HPOS="182" VPOS="1163" WIDTH="61" HEIGHT="21" WC="0.96" CONTENT="detta"/><SP WIDTH="14" VPOS="1163" HPOS="243"/>
							<String ID="string_357" HPOS="257" VPOS="1162" WIDTH="35" HEIGHT="22" WC="0.95" CONTENT="må"/><SP WIDTH="15" VPOS="1162" HPOS="292"/>
							<String ID="string_358" HPOS="307" VPOS="1162" WIDTH="105" HEIGHT="21" WC="0.95" CONTENT="erkännas"/><SP WIDTH="16" VPOS="1162" HPOS="412"/>
							<String ID="string_359" HPOS="428" VPOS="1162" WIDTH="72" HEIGHT="21" WC="0.95" CONTENT="såsom"/><SP WIDTH="15" VPOS="1162" HPOS="500"/>
							<String ID="string_360" HPOS="515" VPOS="1168" WIDTH="26" HEIGHT="14" WC="0.95" CONTENT="en"/><SP WIDTH="16" VPOS="1168" HPOS="541"/>
							<String ID="string_361" HPOS="557" VPOS="1160" WIDTH="149" HEIGHT="23" WC="0.95" CONTENT="försummelse"/><SP WIDTH="15" VPOS="1160" HPOS="706"/>
							<String ID="string_362" HPOS="721" VPOS="1164" WIDTH="45" HEIGHT="19" WC="0.96" CONTENT="mot"/><SP WIDTH="15" VPOS="1164" HPOS="766"/>
							<String ID="string_363" HPOS="781" VPOS="1162" WIDTH="84" HEIGHT="22" WC="0.96" CONTENT="kusten."/><SP WIDTH="30" VPOS="1162" HPOS="865"/>
							<String ID="string_364" HPOS="895" VPOS="1162" WIDTH="56" HEIGHT="22" WC="0.93" CONTENT="Herr"/><SP WIDTH="10" VPOS="1162" HPOS="951"/>
							<String ID="string_365" HPOS="961" VPOS="1168" WIDTH="41" HEIGHT="16" WC="0.96" CONTENT="von"/>
						</TextLine>
						<TextLine ID="line_36" HPOS="181" VPOS="1189" WIDTH="821" HEIGHT="28">
							<String ID="string_366" HPOS="181" VPOS="1190" WIDTH="86" HEIGHT="22" WC="0.89" CONTENT="Alfthan"/><SP WIDTH="17" VPOS="1190" HPOS="267"/>
							<String ID="string_367" HPOS="284" VPOS="1196" WIDTH="64" HEIGHT="16" WC="0.96" CONTENT="anser"/><SP WIDTH="14" VPOS="1196" HPOS="348"/>
							<String ID="string_368" HPOS="362" VPOS="1192" WIDTH="33" HEIGHT="19" WC="0.96" CONTENT="att"/><SP WIDTH="14" VPOS="1192" HPOS="395"/>
							<String ID="string_369" HPOS="409" VPOS="1190" WIDTH="110" HEIGHT="26" WC="0.96" CONTENT="Uleåborg"/><SP WIDTH="14" VPOS="1190" HPOS="519"/>
							<String ID="string_370" HPOS="533" VPOS="1189" WIDTH="70" HEIGHT="22" WC="0.96" CONTENT="skulle"/><SP WIDTH="16" VPOS="1189" HPOS="603"/>
							<String ID="string_371" HPOS="619" VPOS="1190" WIDTH="63" HEIGHT="21" WC="0.96" CONTENT="vinna"/><SP WIDTH="15" VPOS="1190" HPOS="682"/>
							<String ID="string_372" HPOS="697" VPOS="1190" WIDTH="28" HEIGHT="21" WC="0.96" CONTENT="de"/><SP WIDTH="15" VPOS="1190" HPOS="725"/>
							<String ID="string_373" HPOS="740" VPOS="1190" WIDTH="63" HEIGHT="21" WC="0.96" CONTENT="bästa"/><SP WIDTH="14" VPOS="1190" HPOS="803"/>
							<String ID="string_374" HPOS="817" VPOS="1190" WIDTH="95" HEIGHT="23" WC="0.96" CONTENT="fördelar"/><SP WIDTH="14" VPOS="1190" HPOS="912"/>
							<String ID="string_375" HPOS="926" VPOS="1197" WIDTH="76" HEIGHT="20" WC="0.95" CONTENT="genom"/>
						</TextLine>
						<TextLine ID="line_37" HPOS="180" VPOS="1218" WIDTH="822" HEIGHT="28">
							<String ID="string_376" HPOS="180" VPOS="1219" WIDTH="86" HEIGHT="27" WC="0.96" CONTENT="Kuopio"/><SP WIDTH="15" VPOS="1219" HPOS="266"/>
							<String ID="string_377" HPOS="281" VPOS="1219" WIDTH="82" HEIGHT="21" WC="0.95" CONTENT="banans"/><SP WIDTH="15" VPOS="1219" HPOS="363"/>
							<String ID="string_378" HPOS="378" VPOS="1218" WIDTH="139" HEIGHT="27" WC="0.96" CONTENT="fortsättning"/><SP WIDTH="15" VPOS="1218" HPOS="517"/>
							<String ID="string_379" HPOS="532" VPOS="1220" WIDTH="80" HEIGHT="20" WC="0.92" CONTENT="norrut."/><SP WIDTH="14" VPOS="1220" HPOS="612"/>
							<String ID="string_380" HPOS="626" VPOS="1218" WIDTH="43" HEIGHT="27" WC="0.96" CONTENT="Jag"/><SP WIDTH="15" VPOS="1218" HPOS="669"/>
							<String ID="string_381" HPOS="684" VPOS="1219" WIDTH="105" HEIGHT="21" WC="0.96" CONTENT="erkänner"/><SP WIDTH="14" VPOS="1219" HPOS="789"/>
							<String ID="string_382" HPOS="803" VPOS="1219" WIDTH="126" HEIGHT="27" WC="0.96" CONTENT="betydelsen"/><SP WIDTH="15" VPOS="1219" HPOS="929"/>
							<String ID="string_383" HPOS="944" VPOS="1219" WIDTH="23" HEIGHT="21" WC="0.96" CONTENT="af"/><SP WIDTH="8" VPOS="1219" HPOS="967"/>
							<String ID="string_384" HPOS="975" VPOS="1226" WIDTH="27" HEIGHT="14" WC="0.96" CONTENT="en"/>
						</TextLine>
						<TextLine ID="line_38" HPOS="180" VPOS="1246" WIDTH="822" HEIGHT="27">
							<String ID="string_385" HPOS="180" VPOS="1248" WIDTH="69" HEIGHT="20" WC="0.96" CONTENT="sådan"/><SP WIDTH="14" VPOS="1248" HPOS="249"/>
							<String ID="string_386" HPOS="263" VPOS="1247" WIDTH="145" HEIGHT="26" WC="0.95" CONTENT="fortsättning,"/><SP WIDTH="16" VPOS="1247" HPOS="408"/>
							<String ID="string_387" HPOS="424" VPOS="1252" WIDTH="48" HEIGHT="16" WC="0.96" CONTENT="men"/><SP WIDTH="17" VPOS="1252" HPOS="472"/>
							<String ID="string_388" HPOS="489" VPOS="1246" WIDTH="77" HEIGHT="21" WC="0.96" CONTENT="endast"/><SP WIDTH="13" VPOS="1246" HPOS="566"/>
							<String ID="string_389" HPOS="579" VPOS="1246" WIDTH="72" HEIGHT="20" WC="0.96" CONTENT="såsom"/><SP WIDTH="16" VPOS="1246" HPOS="651"/>
							<String ID="string_390" HPOS="667" VPOS="1252" WIDTH="26" HEIGHT="15" WC="0.96" CONTENT="en"/><SP WIDTH="21" VPOS="1252" HPOS="693"/>
							<String ID="string_391" HPOS="714" VPOS="1247" WIDTH="78" HEIGHT="21" WC="0.96" CONTENT="bibana"/><SP WIDTH="14" VPOS="1247" HPOS="792"/>
							<String ID="string_392" HPOS="806" VPOS="1246" WIDTH="47" HEIGHT="22" WC="0.96" CONTENT="från"/><SP WIDTH="16" VPOS="1246" HPOS="853"/>
							<String ID="string_393" HPOS="869" VPOS="1248" WIDTH="84" HEIGHT="25" WC="0.94" CONTENT="Kuopio"/><SP WIDTH="16" VPOS="1248" HPOS="953"/>
							<String ID="string_394" HPOS="969" VPOS="1248" WIDTH="33" HEIGHT="20" WC="0.94" CONTENT="till"/>
						</TextLine>
						<TextLine ID="line_39" HPOS="180" VPOS="1274" WIDTH="822" HEIGHT="28">
							<String ID="string_395" HPOS="180" VPOS="1275" WIDTH="126" HEIGHT="26" WC="0.82" CONTENT="ldensalmi;"/><SP WIDTH="24" VPOS="1275" HPOS="306"/>
							<String ID="string_396" HPOS="330" VPOS="1274" WIDTH="60" HEIGHT="22" WC="0.96" CONTENT="svårt"/><SP WIDTH="14" VPOS="1274" HPOS="390"/>
							<String ID="string_397" HPOS="404" VPOS="1277" WIDTH="24" HEIGHT="18" WC="0.93" CONTENT="är"/><SP WIDTH="16" VPOS="1277" HPOS="428"/>
							<String ID="string_398" HPOS="444" VPOS="1274" WIDTH="143" HEIGHT="24" WC="0.92" CONTENT="deremot.att"/><SP WIDTH="15" VPOS="1274" HPOS="587"/>
							<String ID="string_399" HPOS="602" VPOS="1274" WIDTH="89" HEIGHT="27" WC="0.92" CONTENT="begripa"/><SP WIDTH="14" VPOS="1274" HPOS="691"/>
							<String ID="string_400" HPOS="705" VPOS="1274" WIDTH="56" HEIGHT="22" WC="0.66" CONTENT="kuru"/><SP WIDTH="15" VPOS="1274" HPOS="761"/>
							<String ID="string_401" HPOS="776" VPOS="1275" WIDTH="71" HEIGHT="21" WC="0.96" CONTENT="denna"/><SP WIDTH="15" VPOS="1275" HPOS="847"/>
							<String ID="string_402" HPOS="862" VPOS="1274" WIDTH="140" HEIGHT="28" WC="0.96" CONTENT="fortsättning"/>
						</TextLine>
						<TextLine ID="line_40" HPOS="180" VPOS="1301" WIDTH="820" HEIGHT="29">
							<String ID="string_403" HPOS="180" VPOS="1304" WIDTH="71" HEIGHT="21" WC="0.96" CONTENT="skulle"/><SP WIDTH="21" VPOS="1304" HPOS="251"/>
							<String ID="string_404" HPOS="272" VPOS="1304" WIDTH="73" HEIGHT="21" WC="0.96" CONTENT="kunna"/><SP WIDTH="21" VPOS="1304" HPOS="345"/>
							<String ID="string_405" HPOS="366" VPOS="1303" WIDTH="75" HEIGHT="21" WC="0.95" CONTENT="ställas"/><SP WIDTH="22" VPOS="1303" HPOS="441"/>
							<String ID="string_406" HPOS="463" VPOS="1301" WIDTH="91" HEIGHT="23" WC="0.95" CONTENT="framför."/><SP WIDTH="18" VPOS="1301" HPOS="554"/>
							<String ID="string_407" HPOS="572" VPOS="1302" WIDTH="75" HEIGHT="22" WC="0.93" CONTENT="Gamla"/><SP WIDTH="23" VPOS="1302" HPOS="647"/>
							<String ID="string_408" HPOS="670" VPOS="1302" WIDTH="231" HEIGHT="28" WC="0.82" CONTENT="Karleby—Uleåborg"/><SP WIDTH="22" VPOS="1302" HPOS="901"/>
							<String ID="string_409" HPOS="923" VPOS="1304" WIDTH="77" HEIGHT="21" WC="0.96" CONTENT="banan."/>
						</TextLine>
						<TextLine ID="line_41" HPOS="180" VPOS="1326" WIDTH="821" HEIGHT="33">
							<String ID="string_410" HPOS="180" VPOS="1332" WIDTH="105" HEIGHT="27" WC="0.92" CONTENT="Samtliga"/><SP WIDTH="21" VPOS="1332" HPOS="285"/>
							<String ID="string_411" HPOS="306" VPOS="1333" WIDTH="209" HEIGHT="26" WC="0.92" CONTENT="representanterne"/><SP WIDTH="14" VPOS="1333" HPOS="515"/>
							<String ID="string_412" HPOS="529" VPOS="1330" WIDTH="34" HEIGHT="26" WC="0.96" CONTENT="för"/><SP WIDTH="22" VPOS="1330" HPOS="563"/>
							<String ID="string_413" HPOS="585" VPOS="1326" WIDTH="142" HEIGHT="28" WC="0.96" CONTENT="Österbotten"/><SP WIDTH="22" VPOS="1326" HPOS="727"/>
							<String ID="string_414" HPOS="749" VPOS="1332" WIDTH="35" HEIGHT="22" WC="0.96" CONTENT="vid"/><SP WIDTH="22" VPOS="1332" HPOS="784"/>
							<String ID="string_415" HPOS="806" VPOS="1332" WIDTH="69" HEIGHT="22" WC="0.93" CONTENT="denna"/><SP WIDTH="21" VPOS="1332" HPOS="875"/>
							<String ID="string_416" HPOS="896" VPOS="1332" WIDTH="105" HEIGHT="27" WC="0.91" CONTENT="landtdag"/>
						</TextLine>
						<TextLine ID="line_42" HPOS="179" VPOS="1360" WIDTH="823" HEIGHT="28">
							<String ID="string_417" HPOS="179" VPOS="1361" WIDTH="64" HEIGHT="22" WC="0.96" CONTENT="hafva"/><SP WIDTH="15" VPOS="1361" HPOS="243"/>
							<String ID="string_418" HPOS="258" VPOS="1362" WIDTH="75" HEIGHT="24" WC="0.96" CONTENT="röstat,"/><SP WIDTH="17" VPOS="1362" HPOS="333"/>
							<String ID="string_419" HPOS="350" VPOS="1361" WIDTH="25" HEIGHT="21" WC="0.96" CONTENT="så"/><SP WIDTH="15" VPOS="1361" HPOS="375"/>
							<String ID="string_420" HPOS="390" VPOS="1360" WIDTH="45" HEIGHT="22" WC="0.96" CONTENT="vidt"/><SP WIDTH="12" VPOS="1360" HPOS="435"/>
							<String ID="string_421" HPOS="447" VPOS="1360" WIDTH="38" HEIGHT="28" WC="0.96" CONTENT="jag"/><SP WIDTH="15" VPOS="1360" HPOS="485"/>
							<String ID="string_422" HPOS="500" VPOS="1362" WIDTH="41" HEIGHT="23" WC="0.96" CONTENT="vet,"/><SP WIDTH="16" VPOS="1362" HPOS="541"/>
							<String ID="string_423" HPOS="557" VPOS="1360" WIDTH="34" HEIGHT="22" WC="0.96" CONTENT="för"/><SP WIDTH="14" VPOS="1360" HPOS="591"/>
							<String ID="string_424" HPOS="605" VPOS="1360" WIDTH="69" HEIGHT="26" WC="0.96" CONTENT="banan"/><SP WIDTH="19" VPOS="1360" HPOS="674"/>
							<String ID="string_425" HPOS="693" VPOS="1360" WIDTH="47" HEIGHT="21" WC="0.93" CONTENT="från"/><SP WIDTH="15" VPOS="1360" HPOS="740"/>
							<String ID="string_426" HPOS="755" VPOS="1360" WIDTH="80" HEIGHT="23" WC="0.92" CONTENT="Nurmo"/><SP WIDTH="15" VPOS="1360" HPOS="835"/>
							<String ID="string_427" HPOS="850" VPOS="1363" WIDTH="81" HEIGHT="20" WC="0.95" CONTENT="norrut."/><SP WIDTH="30" VPOS="1363" HPOS="931"/>
							<String ID="string_428" HPOS="961" VPOS="1360" WIDTH="41" HEIGHT="23" WC="0.96" CONTENT="Att"/>
						</TextLine>
						<TextLine ID="line_43" HPOS="180" VPOS="1389" WIDTH="820" HEIGHT="28">
							<String ID="string_429" HPOS="180" VPOS="1389" WIDTH="63" HEIGHT="24" WC="0.93" CONTENT="deras"/><SP WIDTH="23" VPOS="1389" HPOS="243"/>
							<String ID="string_430" HPOS="266" VPOS="1389" WIDTH="94" HEIGHT="28" WC="0.83" CONTENT="&#39;speciela"/><SP WIDTH="19" VPOS="1389" HPOS="360"/>
							<String ID="string_431" HPOS="379" VPOS="1389" WIDTH="93" HEIGHT="22" WC="0.93" CONTENT="intresse"/><SP WIDTH="16" VPOS="1389" HPOS="472"/>
							<String ID="string_432" HPOS="488" VPOS="1389" WIDTH="73" HEIGHT="22" WC="0.92" CONTENT="dervid"/><SP WIDTH="15" VPOS="1389" HPOS="561"/>
							<String ID="string_433" HPOS="576" VPOS="1389" WIDTH="56" HEIGHT="27" WC="0.96" CONTENT="gjort"/><SP WIDTH="15" VPOS="1389" HPOS="632"/>
							<String ID="string_434" HPOS="647" VPOS="1389" WIDTH="34" HEIGHT="27" WC="0.96" CONTENT="sig"/><SP WIDTH="14" VPOS="1389" HPOS="681"/>
							<String ID="string_435" HPOS="695" VPOS="1389" WIDTH="100" HEIGHT="27" WC="0.96" CONTENT="gällande"/><SP WIDTH="15" VPOS="1389" HPOS="795"/>
							<String ID="string_436" HPOS="810" VPOS="1390" WIDTH="43" HEIGHT="21" WC="0.96" CONTENT="kan"/><SP WIDTH="15" VPOS="1390" HPOS="853"/>
							<String ID="string_437" HPOS="868" VPOS="1396" WIDTH="51" HEIGHT="15" WC="0.96" CONTENT="vara"/><SP WIDTH="14" VPOS="1396" HPOS="919"/>
							<String ID="string_438" HPOS="933" VPOS="1390" WIDTH="67" HEIGHT="27" WC="0.96" CONTENT="fallet,"/>
						</TextLine>
						<TextLine ID="line_44" HPOS="179" VPOS="1417" WIDTH="822" HEIGHT="29">
							<String ID="string_439" HPOS="179" VPOS="1425" WIDTH="49" HEIGHT="18" WC="0.96" CONTENT="men"/><SP WIDTH="16" VPOS="1425" HPOS="228"/>
							<String ID="string_440" HPOS="244" VPOS="1419" WIDTH="27" HEIGHT="21" WC="0.95" CONTENT="de"/><SP WIDTH="15" VPOS="1419" HPOS="271"/>
							<String ID="string_441" HPOS="286" VPOS="1421" WIDTH="37" HEIGHT="19" WC="0.95" CONTENT="äro"/><SP WIDTH="15" VPOS="1421" HPOS="323"/>
							<String ID="string_442" HPOS="338" VPOS="1419" WIDTH="7" HEIGHT="21" WC="0.95" CONTENT="i"/><SP WIDTH="15" VPOS="1419" HPOS="345"/>
							<String ID="string_443" HPOS="360" VPOS="1418" WIDTH="42" HEIGHT="22" WC="0.96" CONTENT="alla"/><SP WIDTH="14" VPOS="1418" HPOS="402"/>
							<String ID="string_444" HPOS="416" VPOS="1417" WIDTH="37" HEIGHT="22" WC="0.96" CONTENT="fall"/><SP WIDTH="15" VPOS="1417" HPOS="453"/>
							<String ID="string_445" HPOS="468" VPOS="1417" WIDTH="48" HEIGHT="22" WC="0.96" CONTENT="med"/><SP WIDTH="16" VPOS="1417" HPOS="516"/>
							<String ID="string_446" HPOS="532" VPOS="1417" WIDTH="102" HEIGHT="22" WC="0.93" CONTENT="afseende"/><SP WIDTH="15" VPOS="1417" HPOS="634"/>
							<String ID="string_447" HPOS="649" VPOS="1418" WIDTH="13" HEIGHT="21" WC="0.90" CONTENT="å"/><SP WIDTH="10" VPOS="1418" HPOS="662"/>
							<String ID="string_448" HPOS="672" VPOS="1418" WIDTH="120" HEIGHT="28" WC="0.96" CONTENT="Uleåborgs"/><SP WIDTH="10" VPOS="1418" HPOS="792"/>
							<String ID="string_449" HPOS="802" VPOS="1419" WIDTH="50" HEIGHT="22" WC="0.95" CONTENT="stad"/><SP WIDTH="12" VPOS="1419" HPOS="852"/>
							<String ID="string_450" HPOS="864" VPOS="1419" WIDTH="137" HEIGHT="27" WC="0.96" CONTENT="berättigade"/>
						</TextLine>
						<TextLine ID="line_45" HPOS="178" VPOS="1447" WIDTH="823" HEIGHT="28">
							<String ID="string_451" HPOS="178" VPOS="1447" WIDTH="42" HEIGHT="23" WC="0.93" CONTENT="och"/><SP WIDTH="16" VPOS="1447" HPOS="220"/>
							<String ID="string_452" HPOS="236" VPOS="1447" WIDTH="134" HEIGHT="28" WC="0.91" CONTENT="sakkunnige"/><SP WIDTH="14" VPOS="1447" HPOS="370"/>
							<String ID="string_453" HPOS="384" VPOS="1449" WIDTH="184" HEIGHT="26" WC="0.96" CONTENT="representanter:"/><SP WIDTH="19" VPOS="1449" HPOS="568"/>
							<String ID="string_454" HPOS="587" VPOS="1453" WIDTH="48" HEIGHT="16" WC="0.96" CONTENT="man"/><SP WIDTH="15" VPOS="1453" HPOS="635"/>
							<String ID="string_455" HPOS="650" VPOS="1447" WIDTH="41" HEIGHT="22" WC="0.96" CONTENT="bör"/><SP WIDTH="15" VPOS="1447" HPOS="691"/>
							<String ID="string_456" HPOS="706" VPOS="1447" WIDTH="84" HEIGHT="23" WC="0.96" CONTENT="således"/><SP WIDTH="16" VPOS="1447" HPOS="790"/>
							<String ID="string_457" HPOS="806" VPOS="1448" WIDTH="47" HEIGHT="22" WC="0.96" CONTENT="icke"/><SP WIDTH="15" VPOS="1448" HPOS="853"/>
							<String ID="string_458" HPOS="868" VPOS="1448" WIDTH="73" HEIGHT="22" WC="0.93" CONTENT="kunna"/><SP WIDTH="14" VPOS="1448" HPOS="941"/>
							<String ID="string_459" HPOS="955" VPOS="1455" WIDTH="46" HEIGHT="15" WC="0.92" CONTENT="mo-"/>
						</TextLine>
						<TextLine ID="line_46" HPOS="178" VPOS="1475" WIDTH="823" HEIGHT="29">
							<String ID="string_460" HPOS="178" VPOS="1477" WIDTH="69" HEIGHT="22" WC="0.92" CONTENT="tivera"/><SP WIDTH="16" VPOS="1477" HPOS="247"/>
							<String ID="string_461" HPOS="263" VPOS="1477" WIDTH="69" HEIGHT="21" WC="0.93" CONTENT="banan"/><SP WIDTH="15" VPOS="1477" HPOS="332"/>
							<String ID="string_462" HPOS="347" VPOS="1475" WIDTH="260" HEIGHT="27" WC="0.78" CONTENT="lidenselmi—Uleåborg"/><SP WIDTH="14" VPOS="1475" HPOS="607"/>
							<String ID="string_463" HPOS="621" VPOS="1476" WIDTH="49" HEIGHT="21" WC="0.96" CONTENT="med"/><SP WIDTH="15" VPOS="1476" HPOS="670"/>
							<String ID="string_464" HPOS="685" VPOS="1476" WIDTH="27" HEIGHT="21" WC="0.97" CONTENT="de"/><SP WIDTH="15" VPOS="1476" HPOS="712"/>
							<String ID="string_465" HPOS="727" VPOS="1476" WIDTH="94" HEIGHT="23" WC="0.96" CONTENT="fördelar"/><SP WIDTH="14" VPOS="1476" HPOS="821"/>
							<String ID="string_466" HPOS="835" VPOS="1483" WIDTH="47" HEIGHT="16" WC="0.96" CONTENT="som"/><SP WIDTH="10" VPOS="1483" HPOS="882"/>
							<String ID="string_467" HPOS="892" VPOS="1477" WIDTH="109" HEIGHT="27" WC="0.96" CONTENT="Uleåborg"/>
						</TextLine>
						<TextLine ID="line_47" HPOS="177" VPOS="1503" WIDTH="824" HEIGHT="28">
							<String ID="string_468" HPOS="177" VPOS="1504" WIDTH="65" HEIGHT="25" WC="0.96" CONTENT="deraf"/><SP WIDTH="13" VPOS="1504" HPOS="242"/>
							<String ID="string_469" HPOS="255" VPOS="1505" WIDTH="69" HEIGHT="22" WC="0.96" CONTENT="skulle"/><SP WIDTH="15" VPOS="1505" HPOS="324"/>
							<String ID="string_470" HPOS="339" VPOS="1504" WIDTH="63" HEIGHT="23" WC="0.96" CONTENT="hafva"/><SP WIDTH="14" VPOS="1504" HPOS="402"/>
							<String ID="string_471" HPOS="416" VPOS="1503" WIDTH="88" HEIGHT="23" WC="0.96" CONTENT="framför"/><SP WIDTH="15" VPOS="1503" HPOS="504"/>
							<String ID="string_472" HPOS="519" VPOS="1504" WIDTH="41" HEIGHT="22" WC="0.95" CONTENT="den"/><SP WIDTH="16" VPOS="1504" HPOS="560"/>
							<String ID="string_473" HPOS="576" VPOS="1504" WIDTH="23" HEIGHT="21" WC="0.96" CONTENT="af"/><SP WIDTH="13" VPOS="1504" HPOS="599"/>
							<String ID="string_474" HPOS="612" VPOS="1506" WIDTH="72" HEIGHT="20" WC="0.96" CONTENT="vestra"/><SP WIDTH="15" VPOS="1506" HPOS="684"/>
							<String ID="string_475" HPOS="699" VPOS="1505" WIDTH="76" HEIGHT="26" WC="0.95" CONTENT="banan,"/><SP WIDTH="8" VPOS="1505" HPOS="775"/>
							<String ID="string_476" HPOS="783" VPOS="1507" WIDTH="54" HEIGHT="20" WC="0.95" CONTENT="nära"/><SP WIDTH="7" VPOS="1507" HPOS="837"/>
							<String ID="string_477" HPOS="844" VPOS="1505" WIDTH="85" HEIGHT="22" WC="0.96" CONTENT="kusten."/><SP WIDTH="16" VPOS="1505" HPOS="929"/>
							<String ID="string_478" HPOS="945" VPOS="1505" WIDTH="56" HEIGHT="23" WC="0.96" CONTENT="Herr"/>
						</TextLine>
						<TextLine ID="line_48" HPOS="178" VPOS="1532" WIDTH="823" HEIGHT="29">
							<String ID="string_479" HPOS="178" VPOS="1539" WIDTH="41" HEIGHT="16" WC="0.93" CONTENT="von"/><SP WIDTH="16" VPOS="1539" HPOS="219"/>
							<String ID="string_480" HPOS="235" VPOS="1533" WIDTH="86" HEIGHT="23" WC="0.89" CONTENT="Alfthan"/><SP WIDTH="15" VPOS="1533" HPOS="321"/>
							<String ID="string_481" HPOS="336" VPOS="1534" WIDTH="40" HEIGHT="21" WC="0.96" CONTENT="har"/><SP WIDTH="13" VPOS="1534" HPOS="376"/>
							<String ID="string_482" HPOS="389" VPOS="1533" WIDTH="68" HEIGHT="27" WC="0.96" CONTENT="äfven,"/><SP WIDTH="16" VPOS="1533" HPOS="457"/>
							<String ID="string_483" HPOS="473" VPOS="1533" WIDTH="56" HEIGHT="22" WC="0.96" CONTENT="dock"/><SP WIDTH="13" VPOS="1533" HPOS="529"/>
							<String ID="string_484" HPOS="542" VPOS="1533" WIDTH="31" HEIGHT="22" WC="0.93" CONTENT="uti"/><SP WIDTH="15" VPOS="1533" HPOS="573"/>
							<String ID="string_485" HPOS="588" VPOS="1532" WIDTH="112" HEIGHT="29" WC="0.92" CONTENT="försigtiga"/><SP WIDTH="15" VPOS="1532" HPOS="700"/>
							<String ID="string_486" HPOS="715" VPOS="1534" WIDTH="96" HEIGHT="27" WC="0.96" CONTENT="ordalag,"/><SP WIDTH="15" VPOS="1534" HPOS="811"/>
							<String ID="string_487" HPOS="826" VPOS="1533" WIDTH="81" HEIGHT="23" WC="0.96" CONTENT="uttalat"/><SP WIDTH="14" VPOS="1533" HPOS="907"/>
							<String ID="string_488" HPOS="921" VPOS="1534" WIDTH="34" HEIGHT="27" WC="0.95" CONTENT="sig"/><SP WIDTH="13" VPOS="1534" HPOS="955"/>
							<String ID="string_489" HPOS="968" VPOS="1534" WIDTH="33" HEIGHT="23" WC="0.96" CONTENT="för"/>
						</TextLine>
					</TextBlock>
				</ComposedBlock>
			</PrintSpace>
		</Page>
	</Layout>
</alto>
