1059 1703
367 102 41 33 Den
420 104 11 17 4
442 103 45 24 Maj.
507 118 7 16 -
792 105 44 22 803

735 170 133 78 eka

50 170 34 20 ste
98 168 44 22 förr
156 168 53 26 eller
223 174 76 19 senare
314 169 89 31 komma
402 169 44 27 till
460 169 68 27 stånd,
546 170 109 53 mea
650 169 37 33 det
702 171 32 25 är,

49 195 33 23 att
97 195 75 52 e
174 196 119 31 -nöräöstra
308 197 65 26 trafikeri
405 197 45 28 till
465 193 113 43 sydvesträ
588 196 40 28 kus
656 176 73 53 nä

49 219 45 38 når:
203 225 15 22 8
229 224 31 23 då
278 230 26 17 en
319 222 67 28 bana
405 220 17 27 till
440 224 75 24 Hvitä'
518 220 77 40 hafvet
706 227 25 25 ed

50 251 33 25 ste
96 253 87 22 komma
197 250 34 30 till
241 254 69 21 stånd
325 254 49 25 och
375 252 97 29 trafiken
485 252 108 27 deröfver
596 261 23 26 mi
704 262 10 14 r
736 229 83 81 in

48 282 84 27 Hangö,
148 282 24 21 sä
187 277 70 27 blefve
272 282 70 22 banan
354 276 40 28 St.
403 273 235 46 Michel—Heinola—1
648 277 27 30 ah
682 261 89 75 lin
813 226 53 106 si

48 310 78 27 vändig
142 312 32 19 att
192 310 87 22 komma
297 311 22 21 in
338 311 8 21 i
358 311 167 28 jernvägsnätet.
532 310 77 26 såsom
619 304 163 39 nteörande.em
791 282 51 50 a
846 310 24 22 af

50 339 69 21 denna
134 339 64 21 bana
198 337 43 29 och
251 339 88 21 rakaste
346 336 46 35 väg
396 339 90 26 emellan
494 340 76 27 Hangö
579 340 40 23 och
626 314 61 61 Hvit
737 342 40 25 yet.
786 336 6 39 .
792 340 76 22 Skulle

50 361 48 37 mitt
119 358 96 63 förslag”
220 362 73 33 kunna
308 367 88 26 komma
415 367 8 22 i
437 363 176 36 verkställighet,
616 367 78 25 skulle
706 362 37 37 det
757 367 74 26 äfven
833 374 34 23 er-

49 393 66 31 bjuda
129 394 114 36 Tördelen
250 395 22 27 'af
286 398 32 20 ett
331 393 112 32 betydligt
455 395 117 25 närmande
587 394 33 28 till
631 395 107 33 Joensuu,
754 396 26 29 sä
794 398 34 25 att
838 403 30 27 en

49 421 140 33 fortsättning
203 424 53 23 från
264 423 115 27 Parikkala
389 425 36 21 till
440 425 96 27 Joensuu
552 427 50 20 vore
618 423 76 27 endast.
708 432 28 17 en
745 425 68 30 obety

50 454 49 26 het,
117 457 46 18 som
185 453 7 22 i
215 459 26 16 en
264 459 50 16 snar
332 452 86 28 framitid
438 450 81 29 kunde
524 454 134 29 verkställas,
687 453 96 32 Joensuu
798 460 70 16 skulle

49 471 66 33 blifva
130 489 25 15 en
171 482 163 28 utgängspunkt
346 479 35 25 för
394 477 72 28 banan
481 481 37 23 till
527 482 76 26 Hvita
606 480 83 30 hafvet,
694 482 55 29 som
758 479 53 33 utan
819 483 49 22 tvif-

50 511 34 22 vel
98 511 97 22 kommer
208 511 33 21 till
256 511 70 26 stånd,
343 511 40 22 och
394 511 39 27 jag
449 515 50 23 tror,
516 513 32 20 att
563 511 25 22 sä
600 512 62 26 snart
677 511 28 23 vi
712 508 86 32 äro.vid
803 512 65 23 Joen-

51 546 47 19 suu,
121 539 25 22 sä
168 539 56 21 skall
246 539 37 22 det
300 527 35 33 väl
354 539 49 22 icke
417 528 82 34 saknas
512 540 64 27 ryska
590 540 153 32 kapitalister,
748 546 46 16 som
808 540 63 24 skola

50 568 70 28 bygga
134 568 71 21 banan
217 567 34 21 till
266 568 65 21 Hvita
342 561 77 29 hafvet
434 568 40 22 och
490 568 28 21 dä
528 568 70 22 skulle
608 569 20 22 vi
638 568 22 23 få
670 575 27 15 en
707 564 111 35 betydlig
810 570 59 20 tran-

51 596 107 22 sitotrafik
180 602 46 16 som
248 596 40 27 går
308 595 43 23 ned
364 596 48 21 från
426 596 66 22 Hvita
506 596 74 23 hafvet
594 597 41 22 och
650 596 38 22 allt
702 596 57 27 hvad
774 596 39 23 der
825 596 44 23 kan

50 624 68 22 finnas
134 625 96 21 kommer
249 626 33 20 att
296 625 28 27 gä
338 624 45 22 ned
395 625 65 27 Jängs
472 625 70 22 denna
555 625 57 22 bana
626 623 32 24 till
674 621 96 31 Wiborg
776 625 40 22 och
830 625 40 22 Pe-

51 654 100 26 tersburg
165 655 57 20 samt
236 652 59 22 öfver
310 651 112 29 sydvesträ
437 653 62 22 delen
514 653 24 23 af
550 654 90 24 Finland
654 654 32 22 till
695 654 84 30 Hangö.
792 653 38 23 Dä

51 682 78 22 tänker
150 682 46 28 mig
212 683 34 21 att
257 677 115 42 jernvägar
386 682 81 27 byggas
482 682 48 22 icke
546 682 77 22 endast
637 682 33 22 för
687 681 103 25 stundens
805 654 67 55 vd

52 712 52 23 utan
113 709 68 23 "äfven
193 707 152 36 främtidsvyer
359 717 7 14 i
381 710 124 27 perspektiv
520 711 70 21 måste
599 711 88 22 inverka
696 710 29 28 pä
734 708 76 28 dessas
816 706 54 26 rikt-

51 739 75 27 ningar
141 739 26 21 så
177 738 73 22 måste
262 738 37 28 jag
313 738 122 27 verkeligen
450 739 100 27 beklaga,
566 741 32 22 att
614 739 148 26 diskussionen
774 738 48 23 ledt
838 739 32 21 till

53 767 60 22 detta
127 767 98 22 resultat.
247 767 50 21 Men
313 767 37 21 det
365 769 24 19 är
400 767 25 28 ju
440 767 82 28 möjligt
538 769 32 20 att
584 767 57 22 inom
657 768 26 21 de
699 768 66 21 andra
780 768 91 21 stånden

53 799 56 18 ännu
130 795 76 27 frågan
228 796 41 21 kan
292 798 51 23 taga
365 801 25 16 en
408 801 75 16 -annan
498 796 94 27 riktning
608 797 40 22 och
664 796 28 21 då
707 796 40 22 blir
763 797 36 23 det
816 795 56 22 ännu

52 824 84 28 möjligt
151 826 32 19 att
198 824 39 21 här
252 824 54 27 ånyo
321 825 95 30 upptaga
435 824 128 22 densamma.

121 852 34 21 Då
170 853 50 21 herr
234 851 169 28 Nordenskjöld,
414 852 51 22 Karl
481 853 69 26 Adolf,
566 853 7 21 i
588 853 39 22 sitt
640 853 82 30 förslag
736 838 34 38 om
781 853 90 29 dragan-

55 881 37 22 det
106 881 22 22 af
140 881 167 27 jernvägslinien
318 881 143 21 Davidstad
450 877 16 35 —
465 866 85 46 Kuopio
562 881 58 22 öfver
626 881 132 24 Haukivuori
769 879 40 24 och
818 882 53 22 Suo-

53 910 95 28 nenjoki-
159 909 48 22 icke
214 904 11 39 -
229 909 67 22 blifvit
314 909 140 26 understödd,
470 911 68 28 ansåg
551 910 51 22 herr
617 908 208 24 Landtmarskalken
839 910 33 27 sig

53 935 59 25 blott
124 938 73 21 kunna
217 938 33 21 till
264 938 25 21 R.
306 944 18 15 o.
340 938 24 21 A.
380 921 125 49 framställa,
520 939 106 22 huruvida
640 939 48 22 icke
704 939 40 22 den
759 939 35 22 vid
810 945 61 26 sena-

55 969 33 20 ste
103 967 86 32 plenum
204 966 33 21 till
251 967 99 27 byggnad
365 967 100 21 beslutna
480 967 70 22 banan
558 966 49 23 från
616 967 119 23 Davidstad
744 967 34 22 till
787 967 70 23 Kuopi

54 996 67 21 borde
143 995 7 21 i
174 994 151 28 'hufvudsaklig
348 995 222 22 öfverensstämmelse
592 996 48 22 med
659 996 119 29 utskottets
792 969 81 59 förslag

55 1024 98 21 sträckas
169 1029 77 24 genom
261 1023 89 26 Jokkas,
366 1023 70 22 Jorois
448 1023 40 22 och
498 1024 135 27 Leppävirta.

83 1059 1 3 +
122 1052 76 22 Denna
216 1051 50 22 herr
287 1040 218 34 Landtmarskalkens
524 1052 134 28 framställng
676 1052 54 32 blef
732 1041 32 34 "af
785 1053 88 22 ståndet

55 1081 49 22 med
120 1080 156 28 öfvervägande
292 1081 46 26 ,ja*
356 1080 121 22 besvaradt.

83 1113 2 2 +
123 1109 49 22 Till
183 1109 72 22 vidare
276 1109 75 27 åtgärd
370 1109 110 27 föredrogs
496 1116 29 15 nu
540 1109 75 27 frågan
630 1099 116 37 angående
751 1110 29 32 de
796 1109 76 26 medel,

56 1145 46 15 som
116 1138 43 21 till
165 1136 40 23 den
221 1124 113 35 beslutade
349 1137 82 24 banans
446 1137 113 28 byggande
574 1138 67 22 borde
656 1138 78 27 anslås,
750 1138 7 21 i
772 1126 100 34 afseende

56 1167 13 22 å
83 1167 71 22 hvilka
167 1166 75 27 frågor
255 1165 82 28 förelåg
352 1166 118 21 utskottets
485 1166 87 27 förslag,
588 1169 32 19 att
635 1167 81 32 årligen
729 1151 61 47 intill
796 1167 76 26 utgån-

56 1202 40 21 gen
118 1195 23 22 af
154 1195 25 22 år
201 1197 54 32 1885
272 1201 26 15 en
318 1201 83 15 summa
416 1194 23 22 af
452 1197 13 18 4
478 1195 98 28 miljoner
590 1195 61 24 mark
666 1195 8 21 i
688 1192 100 27 medeltal
804 1195 68 22 skulle

56 1223 78 27 anslås,
150 1224 40 21 och
204 1223 51 22 herr
269 1223 117 22 Mechelins
401 1223 80 28 förslag
496 1225 32 20 att
543 1223 33 22 för
581 1223 214 29 jernvägsbygnaden
804 1224 68 22 skulle

55 1253 32 21 till
104 1259 25 16 en
144 1252 75 28 början
235 1252 71 21 änsläs
322 1254 12 19 8
346 1247 104 42 miljoner
462 1252 67 21 mark.

123 1281 57 22 Herr
197 1280 135 22 Mechelin
347 1280 68 25 utbad
433 1281 38 32 sig
482 1281 62 22 ordet
559 1281 39 22 och
614 1281 94 34 yttrade:
731 1281 41 27 Jag
787 1281 39 25 ber
840 1283 34 20 att

55 1310 23 21 få
92 1309 100 26 förklara,
207 1309 87 22 hvarför
308 1309 49 21 mitt
371 1309 81 26 förslag
466 1309 7 21 i
488 1310 70 21 denna
570 1309 34 22 del
614 1309 68 27 något
691 1309 81 24 afviker
781 1310 47 21 från
839 1313 34 18 ut-

57 1339 99 20 skottets.
187 1327 115 32 Utskottet
320 1337 40 20 har
377 1337 111 26 föreslagit
503 1339 47 25 ,att
563 1338 33 23 för
608 1338 198 31 jernvägsarbetets
821 1338 51 21 fort-

57 1366 99 21 sättande
172 1365 71 21 anslås
260 1371 26 19 en
301 1368 83 18 summa
399 1364 23 21 af
435 1365 55 22 ända
510 1365 32 21 till
558 1367 13 19 4
585 1365 98 27 miljoner
697 1365 61 22 mark
772 1366 12 24 i
794 1366 79 21 medel-

56 1394 32 22 tal
103 1394 81 26 årligen
198 1393 47 21 från
261 1394 41 20 den
317 1393 32 21 tid
363 1391 105 28 arbetena
482 1391 72 24 kunna
568 1394 88 26 vidtaga
670 1392 54 27 intill
735 1388 116 33 utgången
851 1394 25 23 af

57 1423 24 21 år
102 1422 77 27 1885;*
195 1434 29 3 —
239 1422 66 22 Detta
323 1423 46 20 sätt
383 1423 33 20 att
430 1421 115 23 formulera
559 1420 95 24 beslutet
669 1422 68 27 skulle
752 1422 70 22 lemna
834 1420 41 24 det

58 1452 31 21 till
104 1458 26 15 en
146 1452 42 21 viss
205 1451 52 27 grad
273 1450 129 27 obestämdt,
416 1449 57 22 huru
488 1452 54 20 stort
553 1450 75 27 anslag
638 1447 116 28 ständerna
763 1451 67 33 borde
837 1452 37 21 be-

57 1481 67 27 räkna
138 1479 33 23 för
186 1479 41 24 den
242 1479 127 22 kommande
384 1468 108 41 perioden,
512 1479 28 22 då
554 1479 116 22 ständerna
684 1479 48 26 icke
746 1479 64 27 hafva
819 1480 55 28 i:sin

55 1502 69 56 hand.
130 1512 33 19 att
177 1508 126 39 "bestämma
325 1510 39 20 när
379 1506 85 24 arbetet
478 1508 69 22 skulle
558 1508 111 33 begynna;
694 1509 39 24 det
745 1504 43 29 kan
803 1505 71 32 börjas

708 214 29 15 aa
769 204 25 20 ESS,

742 222 95 35 siden
820 204 17 66 p
