1061 1698
204 127 42 20 764
537 124 42 18 Den
591 124 11 17 4
613 123 45 23 Maj.

176 190 104 22 väsendet
295 190 8 21 i
317 190 95 26 landet",
428 189 88 23 hvarom
530 189 59 22 Hans
600 188 120 29 Kejserliga
727 189 103 27 Majestät
838 188 56 23 velat
901 187 95 23 inhemta

177 219 132 22 Ständernas.
332 218 105 28 yttrande,
460 219 50 21 fann
531 217 179 28 borgareståndet
731 217 104 22 likaledes
850 217 53 27 godt
916 216 79 27 bifalla,

176 253 49 16 men
239 247 51 22 ville
305 247 179 27 borgareståndet
498 247 55 22 dock
563 247 32 21 uti
606 246 126 22 ständernas
743 245 119 28 afgifvande
872 244 123 23 svarsskrif-

176 276 59 21 velse
249 275 65 22 hafva
327 275 33 22 till
375 275 11 28 $
401 276 13 20 2
430 275 30 22 uti
476 275 41 22 den
531 275 78 27 nådiga
623 274 144 28 kungörelsen
782 273 106 28 anmärkt,
905 273 92 22 attibe-

176 304 71 22 mälda
262 303 10 28 $
280 304 84 27 jämväl
379 303 120 28 stadgande
513 303 67 23 borde
595 303 50 28 ingå
660 309 34 16 om
709 303 41 22 den
760 303 8 22 i
778 303 87 22 landets
875 302 121 28 nordligare

177 333 59 22 delar
250 332 173 23 förekommande
438 333 141 27 renskjutsen.

237 361 63 22 "Från
314 361 198 22 bondeståndet
526 361 49 22 med
590 359 166 22 underrättelse:

245 391 33 20 att
292 389 87 22 ståndet
393 389 96 27 godkänt
504 388 244 23 talmanskonferensens
759 386 156 29 framställning
923 387 74 23 derom

177 418 34 21 att
226 417 144 28 expeditions-
386 418 40 22 och
439 417 231 28 justeringsutskotten
685 417 53 27 egde
753 417 35 22 vid
802 416 139 22 förefallande
953 422 44 16 me-

176 446 172 29 ningsolikheter
368 446 92 22 rörande
481 447 126 22 ständernas
623 445 146 28 expeditioner
783 445 73 22 förena
871 445 34 27 sig
919 445 33 21 till
967 445 32 22 ett

177 473 104 29 förstärkt
302 475 87 22 utskott
410 474 40 23 och
473 481 75 21 genom
564 480 158 23 gemensamma
736 474 122 27 voteringar
872 473 74 28 afgöra
961 474 36 28 dy-

176 503 44 22 lika
234 503 82 27 frågor;

246 534 33 20 att
293 532 88 22 ståndet
402 532 33 22 till
452 532 143 27 lagutskottet
609 532 120 22 remitterat
743 531 79 27 nådiga
836 531 162 28 propositionen

179 560 111 28 angående
305 561 89 27 ändring
408 561 8 21 i
431 561 106 21 särskilda
552 561 59 22 delar
626 560 23 22 af
661 560 205 28 värnepligtslagen;
885 562 57 19 samt

247 590 33 21 att
301 589 88 22 ståndet
407 588 106 23 förkastat
530 589 155 27 lagutskottets
701 588 297 28 sammanjämkningsförslag

178 624 35 16 om
235 618 124 26 inteckning
379 618 7 21 i
405 618 125 22 mekaniska
549 618 41 22 och
604 617 126 23 industriela
744 617 53 22 verk
812 619 57 20 samt
882 616 49 23 med
947 617 48 22 dem

177 646 105 22 likartade
296 646 148 27 inrättningar.

246 674 105 28 Samtliga
373 675 65 21 dessa
456 675 198 27 protokollsutdrag
673 674 67 27 lades,
756 674 71 22 såsom
842 673 47 24 icke
903 673 92 23 föranle-

179 703 69 22 dande
263 704 34 21 tilt
309 703 73 33 beslut
397 703 47 22 från
460 704 23 22 R.
500 710 19 16 o.
534 704 26 21 A.
576 704 53 26 sida,
645 703 32 21 till
693 702 159 28 handlingarna.

245 789 57 30 Herr
311 789 206 23 Landtmarskalken
527 789 126 23 meddelade
663 790 32 21 att
702 789 89 23 friherre
801 790 63 27 Hugo
873 788 22 23 af
907 788 12 24 S
925 788 70 24 chul-

178 818 44 22 tön
241 818 90 22 anhällit
348 819 32 21 att
393 818 23 22 fä
430 820 53 26 göra
497 825 27 16 en
537 818 158 28 framställning
709 819 33 21 till
757 818 87 23 ständet
859 818 40 23 och
915 818 80 22 lemna-

178 848 27 22 de
220 847 63 23 ordet
297 848 23 21 ät

245 876 90 22 friherre
357 876 23 22 af
400 875 140 28 Schult&n,
560 882 47 16 som
621 877 96 27 yttrade:
743 876 50 23 Med
807 876 50 22 herr
871 876 68 22 baron
955 875 40 23 och

178 905 209 22 landtmarskalkens
401 905 98 23 tillstånd
512 905 41 22 ber
565 905 38 28 jag
619 907 32 20 att
665 905 34 22 för
712 905 67 27 några
794 905 113 27 ögonblick
915 905 23 22 få
947 906 51 26 taga

177 934 25 22 R.
219 940 19 16 0.
254 933 37 23 A:s
306 934 33 21 tid
353 934 8 22 i
376 934 93 27 anspråk
484 934 33 22 för
532 940 26 16 en
573 934 45 26 sak,
635 940 46 16 som
696 936 24 20 är
734 934 131 22 främmande
880 934 33 22 för
929 933 26 22 de
969 934 30 27 pä

178 962 162 29 dagordningen
362 962 90 22 stäende
474 962 106 28 frägorna.
613 962 30 22 Pä
665 962 98 28 uppdrag
782 962 22 22 af
817 962 134 28 bestyrelsen
966 962 33 22 för

177 990 69 22 finska
267 990 135 28 afdelningen
427 991 35 21 vid
485 991 152 27 utställningen
658 992 8 20 i
688 991 90 22 Moskva
802 992 51 26 åtog
875 991 33 27 sig
929 990 70 22 finska

179 1018 201 28 konstföreningens
395 1019 106 22 direktion
517 1021 32 20 att
563 1020 55 21 söka
631 1020 8 20 i
654 1020 32 21 sin
701 1026 50 15 mon
766 1019 103 28 befrämja
879 1020 41 21 den
930 1019 69 22 finska

179 1048 103 22 konstens
297 1048 93 22 intresse
405 1048 37 22 vid
456 1049 91 21 nämnde
562 1048 125 28 utställning
697 1054 77 21 genom
784 1050 34 20 att
827 1048 172 27 sammanbringa

180 1077 26 21 de
222 1078 56 20 mest
292 1076 146 22 framstäende
453 1077 52 21 verk
520 1083 46 16 som
581 1077 70 21 denna
665 1077 65 22 konst
744 1077 69 22 under
828 1077 26 22 de
869 1078 87 20 senaste
971 1078 27 20 25

180 1105 52 21 åren
247 1104 146 28 frambringat.
427 1105 49 22 Med
492 1105 101 23 afseende
608 1106 52 21 derä
674 1105 71 28 ingick
760 1106 67 21 också
840 1104 159 23 konstförenin-

181 1140 53 20 gens
250 1133 106 23 direktion
371 1133 31 22 till
418 1133 223 23 riddarhusutskottet
655 1134 50 22 med
719 1134 99 22 anhällan
834 1140 34 16 om
878 1135 33 22 att
919 1133 80 23 erhälla

180 1162 37 24 det
233 1162 12 21 å
260 1162 137 22 riddarhuset
412 1162 110 27 befintliga
537 1164 118 26 porträttet
669 1162 23 22 af
704 1162 110 22 framlidne
824 1162 175 22 Landtmarskal-

180 1190 42 22 ken
244 1190 91 22 friherre
355 1190 71 22 Johan
440 1190 86 28 August
540 1197 41 16 von
595 1191 64 21 Born.
689 1191 231 22 Riddarhusutskottet
934 1192 67 26 ansåg

180 1219 34 26 sig
224 1215 7 35 .
237 1219 67 22 likväl
325 1219 48 22 icke
389 1219 72 22 kunna
480 1219 74 22 bifalla
566 1219 33 22 till
615 1219 69 22 denna
699 1219 98 22 anhällan
812 1220 48 22 med
875 1220 83 22 mindre
973 1222 27 20 än

181 1246 40 27 full
243 1247 84 26 garanti
347 1247 81 22 stäldes
448 1247 33 21 för
502 1249 33 19 att
550 1247 27 21 all
593 1248 40 20 den
650 1248 73 26 skada,
740 1253 45 16 som
800 1248 92 21 nämnde
907 1249 94 25 porträtt

180 1274 23 22 af
217 1280 26 16 en
259 1274 53 22 eller
326 1280 68 16 annan
410 1275 114 27 anledning
537 1275 72 21 kunde
624 1275 86 22 komma
724 1277 34 20 att
771 1276 50 26 lida,
830 1275 69 22 blefve
908 1276 32 21 till
947 1276 52 21 fullo

178 1304 78 21 ersatt.
293 1303 34 22 Då
342 1303 64 21 likväl
422 1303 23 21 af
457 1304 41 22 lätt
512 1303 91 22 insedda
618 1303 47 22 skäl
681 1310 26 15 en
722 1304 57 27 dylik
795 1304 84 27 garanti
893 1304 48 22 icke
956 1304 43 22 kan

180 1331 23 24 af
224 1331 69 23 finska
315 1331 190 28 konstföreningen
526 1333 116 27 presteras,
663 1332 40 23 och
725 1332 27 23 då
766 1332 114 23 frånvaron
894 1332 23 23 af
930 1333 70 23 denna

177 1360 52 24 tafla
243 1361 14 22 &
271 1361 90 23 Moskva
379 1361 119 28 exposition
520 1361 69 22 skulle
604 1361 149 23 åstadkomma
768 1368 26 16 en
809 1362 110 28 betänklig
934 1362 65 23 lucka

178 1390 33 23 uti
231 1390 36 22 det
281 1389 70 23 finska
365 1390 198 28 porträttmäleriet,
579 1392 52 21 enär
646 1391 65 22 taflan
726 1391 40 22 har
780 1391 58 22 bäde
851 1391 55 28 högt
923 1391 74 23 konst-

178 1419 66 24 värde
266 1419 40 22 och
328 1419 103 23 särskildt
450 1422 24 20 är
489 1419 202 23 karakteriserande
705 1420 34 23 för
753 1420 101 28 målaren,
871 1421 24 22 sä
909 1420 40 22 har
961 1421 38 28 jag

177 1449 65 27 vägat
263 1449 64 27 vädja
347 1448 33 23 till
402 1449 24 22 R.
448 1455 18 16 o.
482 1449 26 22 A.
523 1448 58 29 sjelft
595 1449 7 21 i
619 1449 69 22 denna
703 1450 44 21 sak.
776 1449 43 28 Jag
834 1449 103 23 behöfver
950 1450 48 23 icke

179 1477 70 22 erinra
264 1483 40 21 om,
320 1477 57 23 huru
391 1477 102 29 oändligt.
503 1477 77 28 vigtigt
595 1477 38 23 det
647 1484 51 16 vore
713 1479 33 21 att
761 1479 41 22 den
816 1477 69 23 finska
899 1479 99 26 konsten,

179 1506 29 24 dä
222 1506 39 22 den
273 1505 35 23 för
326 1506 67 23 första
408 1507 84 27 gängen
506 1506 127 23 framträder
648 1507 8 21 i
671 1507 69 22 direkt
748 1507 66 22 täflan
823 1507 51 22 med
881 1507 117 28 Rysslands

172 1535 76 28 "konst,
264 1535 69 23 skulle
350 1536 72 22 kunna
439 1536 65 22 bestå
519 1536 69 23 denna
604 1535 66 24 täflan
684 1537 50 22 med
747 1536 75 23 heder.
851 1536 42 28 Jag
908 1537 39 22 ber
961 1543 37 16 en-
