1053 1703
397 134 41 18 Den
453 136 20 17 13
485 135 44 22 Maj.
800 131 39 20 933

53 193 22 22 af
95 193 109 23 utskottet
224 194 122 28 föreslagna
363 195 169 28 jernvägslinier,
556 195 75 22 såvida
652 195 88 22 ståndet
757 196 48 22 icke
820 195 49 22 ville

51 223 127 21 kommande
193 223 127 27 landtdagar
337 224 7 21 i
364 224 74 27 förväg
453 225 45 21 deri
513 225 56 21 fatta
584 224 105 22 definitivt
703 225 77 26 beslut,
796 226 27 20 än
838 224 31 22 äf-

52 257 41 15 ven
107 251 134 22 beträffande
255 252 76 26 anslag
344 252 34 21 för
393 252 190 22 åstadkommande
593 253 23 21 af
624 252 124 28 ytterligare
756 253 113 26 utredning

52 286 34 15 om
102 280 27 21 de
144 279 139 22 ekonomiska
298 280 132 22 förhållande
444 281 62 26 längs
522 281 27 22 de
564 280 23 22 af
599 281 107 22 utskottet
718 281 151 27 projekterade

52 308 174 21 stambanelinier
239 310 56 20 samt
310 309 32 21 till
357 309 74 21 okulär
446 309 159 27 undersökning
613 309 23 22 af
644 311 56 19 ännu
711 309 19 27 ej
739 310 131 26 uppgångna

52 336 62 21 linier
129 336 49 21 med
193 337 55 21 hvad
268 342 60 16 mera
345 337 108 21 utskottet
467 337 7 21 i
489 338 41 21 den
546 337 62 21 delen
623 337 105 26 förordat;
751 337 118 28 hvarjämte

53 364 117 22 utskottets
185 364 80 28 förslag
280 364 31 22 uti
327 365 48 22 4:de
390 365 41 22 och
446 367 44 21 5:te
505 372 62 15 mom.
583 366 70 22 skulle
667 365 89 23 förfalla.

121 392 50 32 Med
187 392 114 28 afgörande
316 393 24 21 af
352 393 75 28 frågan
443 400 33 16 om
492 394 75 28 anslag
581 394 33 22 för
626 394 198 28 jernvägsarbetets
835 395 34 20 ut-

52 420 89 24 förande
155 422 111 22 lemnades
282 423 46 21 åter
343 422 112 27 beroende,
471 423 55 22 intill
542 423 50 22 dess
608 423 165 22 statsutskottet
787 423 81 22 inkom-

53 450 40 22 mit
107 450 50 22 med
171 450 50 22 dess
236 451 87 27 anslags
338 451 145 27 betänkande;

121 480 71 21 Dessa
206 479 196 28 protokollsutdrag
417 480 47 22 med
476 481 109 26 undantag
597 480 22 22 af
628 480 36 22 det
675 480 47 22 från
732 480 137 28 borgarstån-

53 507 37 22 det
104 508 100 22 inkomna
218 508 111 27 angående
344 508 72 23 vidare
429 509 225 28 jernvägsbyggnader
668 509 8 22 i
690 509 75 22 landet
778 509 91 27 ansågos

52 536 49 23 icke
115 536 111 23 föranleda
240 537 32 22 till
291 532 66 39 någon
372 538 83 29 åtgärd.

120 623 134 27 Föredrogos
270 623 41 22 och
321 623 113 23 bordlades
445 624 94 28 följande
549 624 47 22 från
605 623 110 23 utskotten
726 624 99 22 inkomna
833 624 36 22 be-

53 652 130 27 tänkanden,
199 652 117 27 nämligen:

121 680 32 22 till
168 682 64 20 nästa
245 681 97 26 plenum:

121 708 176 23 statsutskottets
312 709 136 22 betänkande
463 715 35 17 n:o
515 711 26 20 10
555 709 8 22 i
578 709 114 28 anledning
702 709 24 22 af
733 709 79 28 nådiga
820 715 50 22 pro-

53 737 120 29 positionen
188 737 111 28 angående
314 737 75 28 anslag
404 738 22 21 af
438 738 197 27 bevillningsmedel
650 738 32 22 för
697 738 174 22 folkskolornas
858 733 16 38 i

53 767 74 22 landet
147 766 111 23 underhåll
282 769 56 20 samt
356 767 151 28 pensionering
523 767 22 22 af
559 767 41 22 den
615 766 34 23 vid
665 767 65 22 dessa
745 767 73 22 skolor
833 773 36 16 an-

31 797 5 5 *
54 795 70 23 stälda
138 795 180 28 lärarepersonal;

122 825 175 22 statsutskottets
312 825 135 22 betänkande
462 831 35 16 n:o
515 827 23 20 11
555 825 7 22 i
573 824 113 28 anledning
696 824 22 23 af
730 825 79 27 nädiga
820 831 49 21 pro-

53 853 122 28 positionen
191 859 33 16 om
240 853 115 23 anvisande
370 853 22 23 af
404 854 70 22 medel
489 854 32 22 till
536 853 138 23 bestridande
689 853 23 22 af
724 854 146 22 kostnaderna

53 883 33 22 för
100 882 70 23 finska
185 883 115 26 militären;
456 886 3 1 i

122 911 176 22 statsutskottets
314 911 134 22 betänkande
462 918 36 15 n:o
515 913 26 20 12
556 911 7 21 i
578 911 114 27 anledning
700 906 26 38 af
735 911 79 28 nädiga
821 916 49 22 pro-

53 940 120 28 positionen
189 940 110 27 angäende
314 940 76 27 anslag
404 940 32 22 för
450 940 149 22 fullbordande
615 940 22 22 af
642 939 228 29 jernvägsbyggnaden

55 969 89 22 emellan
159 969 143 22 Tammerfors
318 969 40 22 och
373 969 143 27 Nikolaistad;

123 997 32 22 till
171 998 65 21 andra
251 997 87 28 plenum
352 998 7 21 i
375 999 62 21 nästa
452 998 77 22 vecka:

122 1026 176 22 statsutskottets
310 1026 135 22 betänkande
455 1032 35 16 n:o
503 1028 24 20 13
537 1026 6 22 i
552 1026 114 27 anledning
674 1025 23 23 af
705 1025 79 28 nädiga
794 1030 77 23 propo-

55 1054 92 23 sitionen
162 1055 49 21 med
225 1054 80 28 förslag
320 1055 112 27 angäende
450 1055 75 22 vidare
537 1054 201 28 jernvägsbyggnad
752 1055 8 21 i
774 1054 83 26 landet;

123 1084 176 22 statsutskottets
314 1083 137 23 betänkande
465 1090 35 16 n:o
517 1086 26 19 14
559 1083 111 27 angäende
684 1083 100 27 samtliga
800 1083 26 21 de
836 1082 37 22 vid

54 1112 129 28 landtdagen
199 1112 24 22 är
239 1114 54 20 1882
309 1112 80 22 äskade
405 1112 74 27 anslag
495 1114 55 20 samt
565 1114 67 20 sättet
651 1112 33 22 för
699 1112 139 22 anskaffande
853 1111 22 21 af

55 1141 70 23 medel
140 1141 32 22 till
188 1141 114 27 desamma,
319 1140 87 27 afgifvet
421 1141 46 22 dels
483 1141 7 21 i
500 1141 115 27 anledning
625 1140 22 22 af
656 1141 78 27 nädiga
744 1140 129 28 propositio-

55 1176 41 16 nen
111 1176 35 16 n:o
157 1171 39 25 41,
212 1170 46 22 dels
273 1170 29 28 pä
316 1170 68 26 grund
400 1170 23 22 af
436 1171 27 21 36
479 1170 13 26 $
507 1170 7 21 i
529 1170 23 21 L.
569 1169 36 27 O.;

123 1198 246 28 bevillningsutskottets
384 1198 136 22 betänkande
535 1204 34 16 n:o
585 1199 13 20 2
613 1198 8 21 i
636 1198 114 26 anledning
765 1197 23 21 af
795 1197 78 27 nädiga

55 1227 161 27 propositionen
239 1227 110 27 angäende
372 1227 118 27 utgörande
513 1226 22 22 af
556 1228 60 20 extra
636 1226 115 27 bevillning
770 1226 33 22 för
817 1225 56 28 spel-

55 1256 60 27 kort;
131 1256 41 22 och

123 1284 246 27 beviliningsutskottets
384 1284 136 22 betänkande
535 1290 35 15 n:o
586 1286 12 19 3
613 1283 7 21 i
636 1283 114 27 anledning
766 1282 22 22 af
796 1282 78 28 nådiga

56 1313 162 29 propositionen
234 1318 33 17 om
283 1312 115 28 bevillning
412 1312 33 23 för
459 1312 137 28 tillverkning
611 1311 33 23 för
658 1312 148 28 maltdrycker.

124 1397 120 27 Föredrogs
259 1404 28 15 nu
303 1397 42 23 den
354 1396 22 23 af
382 1397 179 27 borgareständet
569 1397 34 22 vid
611 1396 180 23 sammanträdets
799 1395 75 28 början

57 1426 116 23 framförda
187 1426 152 28 inbjudningen
353 1426 8 22 i
374 1426 178 28 jernvägsfrägan
564 1426 38 22 och
614 1426 5 22 i
626 1425 154 27 sammanhang
788 1425 87 22 dermed

58 1463 27 16 en
103 1455 55 24 ifrän
177 1456 209 28 jernvägsutskottet
405 1455 120 22 inkommen
541 1455 91 22 sälunda
646 1454 91 29 lydande
753 1453 121 24 skrifvelse:

220 1485 40 22 Till
274 1485 122 28 Höglofliga
410 1484 160 28 Ridderskapet
585 1485 40 22 och
638 1484 75 22 Adeln.

127 1514 73 23 Sedan
212 1514 209 28 jernvägsutskottet
436 1513 113 28 emottagit
563 1513 141 23 meddelande
718 1512 47 23 frän
775 1512 100 27 samtliga

59 1543 92 24 ständen
166 1543 110 29 angäende
291 1544 63 22 deras
370 1543 71 23 beslut
455 1543 7 22 i
477 1543 114 28 anledning
600 1542 23 23 af
630 1543 60 22 Hans
700 1541 122 29 Kejserliga
829 1541 45 23 Ma-
