1064 1700
205 146 42 20 740
522 133 41 34 Den
576 150 10 16 2
598 148 45 23 Maj.

176 209 51 22 keln
245 209 70 21 skulle
336 208 114 28 lämpligen
465 209 72 21 kunna
551 208 154 27 kompletteras
722 214 76 21 genom
813 214 27 16 en
854 208 46 26 bas,
916 207 81 27 dragen

176 238 47 21 från
238 238 119 22 Davidstad
372 237 52 22 eller
438 237 88 27 Wiborg
540 236 33 22 till
588 236 114 28 Uleåborg,
717 236 138 28 hvarigenom
870 242 50 15 man
928 235 69 22 skulle

176 265 28 23 få
212 267 33 20 ett
259 266 58 27 slags
332 267 47 21 stor
397 266 75 21 maska
486 266 8 21 i
508 267 67 20 nätet.
604 265 50 22 Men
670 265 20 22 vi
704 265 73 22 kunna
792 272 28 15 nu
836 271 26 15 en
877 264 57 28 gång
948 264 48 22 icke

176 294 134 23 konstruera.
326 294 52 22 våra
392 294 116 28 jernvägar
522 294 55 22 efter
591 294 85 22 landets
691 293 165 28 konfiguration.
886 293 26 22 Vi
927 293 70 21 måste

176 322 57 23 fästa
255 324 36 21 oss
313 323 37 22 vid
365 323 66 21 andra
446 322 153 27 förhållanden,
615 322 40 22 och
670 322 57 22 hvad
742 329 46 15 som
804 322 134 28 synnerligen
952 321 43 22 för-

176 352 74 22 svårar
271 352 178 26 bestämmandet,
471 353 24 20 är
510 352 32 21 att
555 350 134 28 Helsingfors
704 351 48 22 icke
767 354 24 19 är
806 358 26 15 en
846 350 150 22 beherskande

177 380 117 22 centralort
315 380 33 22 för
370 380 80 27 landet,
468 382 53 20 utan
536 382 33 20 att
584 380 37 21 det
636 379 68 22 finnes
719 381 33 20 ett
766 382 56 20 stort
836 379 161 22 trafikcentrum

175 409 8 22 i
197 409 104 22 härheten
316 410 60 21 utom
390 409 80 26 landet,
486 415 46 16 som
547 408 70 24 starkt
631 408 99 23 inverkar
743 408 29 28 på
782 408 84 22 landets
878 407 64 23 trafik
954 407 40 22 och

176 444 47 16 som
238 438 83 27 tvingar
335 437 52 23 våra
404 438 114 27 jernvägar
533 439 32 20 att
580 437 85 22 deviera
680 437 65 27 ditåt;
769 437 45 22 deri
828 437 71 27 ligger
914 436 81 27 svårig-

176 467 65 22 heten
256 467 40 22 och
319 467 111 22 dessutom
444 467 8 21 i
466 467 84 21 landets
566 467 60 26 ringa
642 466 138 22 ekonomiska
795 465 128 27 utveckling.
953 465 43 27 Jag

176 495 33 22 för
223 495 43 22 min
282 495 35 22 del
332 495 46 22 står
391 494 131 23 fortfarande
536 495 29 28 på
580 501 81 16 samma
676 495 139 27 ståndpunkt,
831 494 85 22 hvilken
928 495 24 20 är
962 495 33 20 ut-

177 524 72 27 tryckt
263 524 31 21 uti
310 523 119 22 utskottets
444 524 112 27 principer,
573 524 40 21 och
627 523 29 27 på
666 523 85 22 hvilken
762 523 61 22 äfven
834 524 162 21 reservanterne

176 553 50 22 sökt
240 553 71 28 bygga
326 552 40 23 och
381 552 85 22 hvilken
481 559 46 15 mer
542 552 52 22 eller
608 552 82 22 mindre
705 552 79 22 enhvar
794 552 61 22 torde
864 551 64 22 hafva
936 551 73 22 svårt
1000 547 13 38 .

176 584 33 20 att
221 582 72 28 jäfva.
316 582 49 22 Med
381 582 37 22 det
433 581 129 28 föregående
580 581 35 23 vill
628 582 38 26 jag
680 581 56 22 blott
750 581 64 22 hafva
828 582 56 26 sagt,
900 582 33 20 att
946 580 50 22 med

177 611 81 21 sådana
279 610 86 28 uttryck
388 616 46 16 som
456 612 66 20 stam-
538 610 39 22 och
599 610 120 26 lokalbana,
740 610 84 22 landets
840 609 156 27 konfiguration

150 646 53 21 om.
219 646 26 15 m.
262 639 86 22 bevisar
362 645 48 15 man
426 639 120 27 egentligen
562 638 115 28 ingenting.
693 650 27 4 —
735 639 56 21 Herr
806 638 53 22 Rein
876 638 119 25 anmärkte,

177 669 32 21 att
231 668 109 21 utskottet
360 667 57 22 hade
439 668 48 21 låtit
502 668 33 21 sin
553 667 149 27 Uleåborgska
716 667 61 27 bana,
794 667 41 22 den
850 666 54 22 ifrån
920 666 76 22 Gamla

176 696 203 28 Karleby—-Nurmo
394 702 105 16 avancera
516 696 62 28 1!/;å
594 698 12 19 2
622 696 34 21 mil
672 696 47 21 från
733 696 85 26 kusten,
834 695 33 22 för
882 697 32 20 att
922 694 22 22 få
954 695 41 22 den

176 727 33 19 att
223 731 24 15 se
262 725 79 22 vacker
362 726 30 20 ut.
422 725 43 21 Det
480 727 24 19 är
517 724 69 22 första
600 724 83 27 gången
696 725 37 27 jag
748 724 41 22 fått
804 724 53 22 höra
872 725 33 21 att
918 724 77 21 esteti-

176 754 41 22 ken
233 754 57 28 gjort
304 754 34 26 sig
352 753 236 27 gällande
457 748 10 38 i
478 753 110 27 utskottet,
598 753 40 21 och
646 753 81 21 känner
734 754 44 26 mig
785 752 85 29 mycket
878 752 118 27 smickrad;

175 784 24 26 ty
215 782 61 22 äfven
288 782 40 28 jag
342 782 88 22 röstade
444 782 33 22 för
492 782 41 22 den
548 782 157 26 sträckningen.
721 782 50 21 Men
786 782 116 26 sanningen
919 782 33 20 att
961 783 35 19 sä-

176 817 34 21 ga,
225 813 46 20 tror
283 811 39 27 jag
336 810 90 22 motivet
438 817 39 15 var
490 810 45 22 helt
550 810 73 22 enkelt
638 810 38 22 det
690 812 32 20 att
736 810 29 28 på
774 810 106 22 hvardera
890 810 60 22 sidan
962 816 34 16 om

176 840 71 21 banan
261 839 64 22 hafva
338 839 21 21 vi
374 838 44 22 folk
433 841 53 19 utan
501 840 33 20 att
549 839 55 21 dock
612 838 66 28 rycka
687 839 49 21 med
746 839 70 21 banan
826 838 101 27 ostligare
935 838 21 22 in
965 839 31 20 uti

176 868 140 22 ödemarken:
333 866 71 23 derför
411 867 49 22 ville
468 874 48 15 man
525 866 46 23 föra
580 867 40 22 den
630 868 9 20 1
650 867 52 21 eller
711 868 10 20 1
733 866 25 28 1/,
768 867 12 21 å
788 869 13 19 2
809 867 36 21 mil
856 866 46 22 från
910 867 86 27 kusten,

176 898 22 26 ty
213 902 49 16 man
277 895 43 23 fick
335 896 91 21 sålunda
440 896 28 27 på
482 896 106 21 hvardera
602 895 62 22 sidan
679 901 27 15 en
713 895 101 22 befolkad
822 901 52 21 zon;
889 901 48 16 man
945 895 52 27 hop-

176 925 67 27 pades
259 926 34 20 att
307 924 91 22 sålunda
412 924 22 21 få
448 930 24 16 se
488 930 26 16 en
528 923 121 23 lokaltrafik
665 924 132 27 småningom
812 924 100 22 utveckla
919 924 77 27 sig,
983 919 17 37 —

176 953 136 27 naturligtvis
328 952 48 22 icke
391 954 83 26 genast.
490 964 28 4 —
532 952 44 22 Det
590 954 24 20 är
628 952 73 22 vidare
716 952 42 22 lätt
772 954 34 20 att
812 952 95 28 begripa,
918 954 34 20 att
962 958 34 16 om

177 988 26 16 en
219 982 67 21 sådan
300 981 56 22 bana
371 981 69 21 skulle
455 980 57 22 föras
527 981 60 26 fram,
602 982 53 20 utan
669 982 32 20 att
716 981 90 21 bibanor
819 981 76 21 funnes
906 980 32 22 till
951 982 44 20 stä-

177 1011 71 25 derna,
265 1010 24 22 så
304 1009 70 22 skulle
390 1010 28 26 på
433 1010 27 21 de
475 1010 87 26 platser,
579 1009 39 22 der
631 1009 71 22 banan
717 1010 51 21 skär
781 1009 123 27 elfdalarna,
915 1009 81 28 uppstå

177 1038 166 22 landthandlare
358 1038 40 22 och
414 1038 46 21 små
474 1038 112 27 köpingar,
602 1044 46 15 som
664 1038 69 22 skulle
744 1040 82 20 ersätta
836 1038 159 26 kuststäderna,

177 1068 82 22 hvilket
274 1068 52 20 utan
348 1066 72 22 tvifvel
442 1072 51 16 vore
515 1066 163 22 kuststädernas
699 1066 54 27 ruin,
770 1066 25 22 så
809 1066 49 22 vida
872 1066 47 22 icke
934 1066 65 22 dessa

177 1096 75 28 sjelfva
267 1095 70 22 skulle
350 1096 52 26 taga
416 1094 71 22 denna
502 1094 52 22 affär
569 1101 34 15 om
618 1095 62 21 hand.
710 1095 50 21 Men
774 1095 57 21 inom
841 1095 108 21 utskottet
960 1101 38 15 var

177 1130 49 16 man
248 1124 48 22 icke
318 1124 26 21 så
365 1129 65 22 grym.
460 1124 50 21 Man
528 1123 56 27 ville,
600 1125 34 20 att
647 1124 71 21 banan
733 1124 69 21 skulle
817 1125 75 20 närma
906 1123 33 27 sig
954 1124 44 21 stä-

177 1153 76 26 derna
265 1153 66 21 minst
352 1152 30 27 på
404 1158 26 15 en
445 1152 48 21 mils
513 1151 86 22 afstånd
613 1152 69 21 under
696 1151 148 28 förhoppning,
861 1154 33 19 att
908 1152 90 21 bibanor

177 1182 130 21 åtminstone
325 1180 50 22 med
395 1180 128 22 subvention
542 1180 70 22 skulle
626 1180 72 21 kunna
713 1181 165 21 åstadkommas.
908 1180 42 27 Jag
965 1186 32 16 er-

177 1210 82 22 känner
273 1209 33 22 till
322 1208 40 23 och
377 1209 49 21 med
441 1209 131 26 rigtigheten
586 1208 24 22 af
622 1208 104 28 förslaget
740 1210 33 20 att
788 1209 27 27 gå
829 1210 25 20 ut
868 1209 33 21 till
915 1209 83 27 Nykar-

176 1239 50 26 leby
246 1237 47 22 från
314 1237 81 21 Nurmo
418 1237 63 20 snedt
502 1237 62 26 längs
582 1237 34 26 ån,
632 1237 66 21 sedan
714 1237 51 27 följa
779 1238 79 20 kusten
872 1237 33 20 till
920 1237 77 21 Gamla

177 1266 94 27 Karleby
285 1265 41 22 och
341 1265 25 22 så
381 1265 47 21 åter
442 1265 48 27 igen
505 1265 50 22 vika
569 1265 46 21 inåt
629 1265 81 22 landet.
730 1265 128 27 Derigenom
874 1265 69 22 blefve
958 1265 39 22 ba-

176 1302 43 15 nan
233 1294 89 22 alldeles
345 1293 48 23 icke
412 1293 80 28 längre,
509 1293 40 22 och
563 1294 42 21 alla
620 1294 64 21 dessa
698 1294 80 27 städer,
793 1295 60 21 utom
867 1294 128 26 Jakobstad,

176 1323 125 29 betjenades
317 1322 135 23 omedelbart
469 1322 28 28 pä
511 1324 53 20 nära
578 1322 44 22 håll
637 1322 23 22 af
673 1322 76 22 banan.
779 1323 43 21 Det
836 1328 52 17 vore
903 1322 47 22 skäl
965 1324 34 20 att

176 1353 47 23 föra
235 1352 128 26 kustbanan,
378 1351 46 23 helt
438 1353 53 21 nära
508 1351 73 23 utmed
595 1351 85 27 kusten,
696 1351 46 23 från
757 1351 66 23 Wasa
836 1352 34 22 till
884 1351 114 28 Uleåborg,

177 1388 35 16 om
231 1382 67 22 Wasa
322 1381 40 21 och
382 1380 118 28 Uleåborgs
516 1380 42 27 län,
574 1381 71 21 såsom
660 1375 46 27 Åbo
722 1381 41 27 län,
779 1381 56 23 hade
850 1380 46 22 haft
911 1387 25 16 en
952 1383 47 20 stor

177 1411 41 23 och
233 1410 43 23 rikt
290 1409 101 23 befolkad
406 1409 117 28 skärgård;
538 1416 49 15 men
603 1409 28 22 då
646 1409 61 23 detta
721 1410 48 22 icke
784 1412 24 20 är
822 1409 66 28 fallet,
900 1416 63 22 synes
971 1416 27 16 en

177 1440 68 23 sådan
265 1439 115 26 kustbana,
403 1438 47 22 förd
466 1438 46 22 helt
526 1440 52 20 nära
593 1439 41 22 den
649 1438 71 23 nakna
735 1438 85 28 kusten,
835 1439 49 22 icke
898 1445 52 16 vara
964 1439 34 22 väl

177 1469 56 22 vald.
248 1480 28 3 —
291 1468 63 21 Hvad
371 1467 153 27 emigrationen
539 1467 73 27 angår,
628 1467 25 22 så
667 1468 43 21 kan
725 1468 63 26 ingen
802 1468 77 21 hindra
889 1474 26 15 en
924 1468 74 26 sådan,

177 1504 35 16 om
226 1496 164 23 förhållandena
404 1496 58 22 inom
478 1498 49 25 eget
540 1496 51 22 land
606 1496 29 28 på
649 1502 54 21 egen
718 1496 70 22 torfva
803 1498 37 20 äro
855 1496 26 22 så
888 1497 70 26 svåra,
966 1498 33 20 att

175 1527 93 27 kampen
283 1524 33 23 för
335 1525 93 22 existens
444 1525 85 27 tvingar
544 1531 26 16 en
585 1526 33 20 att
632 1524 54 23 söka
702 1531 26 16 en
743 1531 69 16 annan
826 1525 58 27 plats
899 1524 33 23 för
947 1524 51 22 den-

176 1561 91 21 samma;
283 1560 49 16 men
347 1554 8 22 i
370 1554 40 22 och
425 1554 49 22 med
490 1554 118 22 detsamma
623 1560 47 16 som
684 1554 49 22 med
748 1560 27 16 en
788 1554 91 28 järnväg
889 1560 26 16 en
926 1560 28 22 ny
963 1555 35 21 rö-
