1056 1703
429 121 43 19 Den
484 123 11 16 4
507 122 45 23 Maj.
822 125 40 20 791

72 188 127 28 charge
174 183 26 37 åt
210 187 170 28 förvaltningen,
400 194 53 20 som.
461 188 55 23 skall
532 188 74 27 afgöra
618 189 46 25 alla
676 188 161 28 prineipfrågor,
853 189 40 23 bör

70 222 56 21 vara
140 216 143 25 talrikare.
259 211 26 36 än
299 217 41 22 den
355 215 106 28 härintills
476 217 61 21 varit.
554 211 12 36 :
566 217 44 22 Det
623 218 39 23 bör
672 217 48 22 icke
730 218 72 22 kunna
812 217 39 23 ske
859 219 34 21 att

72 246 40 22 två
126 251 115 22 personérs.
256 247 73 20 votum
344 244 130 26 bestämmer.
488 245 109 27 principen
612 245 34 22 för.
669 245 45 25 dem;
722 245 56 24 bank
793 251 46 17 som
851 245 42 24 har

74 274 34 22 till
124 274 84 27 uppgift
223 275 33 19 att
271 273 148 27 upprätthålla
429 273 79 26 stadga
523 274 40 22 och
579 273 214 25 säkerhet'ilandets
803 274 89 26 pennin-

73 302 183 28 geförhällanden.
286 302 164 26 Förvaltningen
466 302 23 20 af
502 308 26 16 en
547 302 57 21 bank
618 302 46 23 kan
674 302 25 27 ju
714 302 140 26 organiseras:
863 302 29 28 pä

73 331 87 27 mycket
175 330 58 22 olika
255 332 50 19 sätt.
335 330 63 21 Afser
426 336 48 19 man
490 330 41 22 den
546 330 81 22 största
641 330 87 27 möjliga
743 330 92 27 vinning,
851 331 41 22 den

74 361 83 21 största
170 358 104 27 rörlighet
289 358 41 22 och
345 358 42 23 den
401 360 82 24 största
498 359 72 26 energi
589 359 8 22 i
611 359 121 28 ledningen,
747 359 25 23 sä
786 359 43 23 kan
843 364 49 17 man

73 388 138 27 naturligtvis
225 387 49 22 icke
289 393 52 16 anse
358 394 25 19 en
399 387 66 25 sådan
482 388 146 27 organisation
642 393 46 18 som
704 389 41 21 den
760 383 86 37 hvilken
857 383 35 37 fö-

74 417 232 27 religger
177 411 45 37 oss
227 417 75 27 :säsom
321 416 85 28 lycklig.
436 416 49 21 Man
500 417 68 24 måste.
584 416 28 22 dä
626 417 57 27 välja
697 423 27 16 en
739 416 152 27 organisatian,

75 447 39 21 der
128 446 86 21 makten
231 447 27 20 är
269 445 89 22 förenad
372 445 33 21 uti
417 451 29 16 en
461 451 88 20 persons
564 445 64 25 hand,
643 445 49 23 Men
702 439 31 37 en
740 445 77 24 sådtin
831 451 61 21 orga-

71 475 96 22 nisation
189 475 39 21 har
249 474 58 21 icke'
320 480 38 15 ens
380 473 55 23 valts
458 474 7 21 i
487 474 71 27 någon
575 474 57 21 enda
646 474 138 27 privatbanki
797 477 45 19 sam
855 474 38 27 jag

74 505 89 25 känner,
179 503 68 21 ehuru
262 503 65 21 dessa
346 502 93 21 bankers
454 502 42 21 mäl
510 504 96 20 närmast
620 505 25 19 är
660 502 40 23 den
716 503 109 27 möjligast
839 504 55 20 stör-

72 535 38 19 sta
131 532 58 22 vinst
209 531 29 27 pä
260 531 63 22 deras
342 531 88 26 rörelse,
460 531 10 21 I
485 531 113 27 praktiken
613 531 40 23 har
667 531 127 27 visserligen:
807 531 86 28 mycket

73 560 54 26 ofta,
144 561 40 21 och
199 560 21 21 vi
234 559 92 23 behöfva
340 559 48 26 icke
403 560 28 26 gå
450 559 60 27 långt
524 559 34 22 för
567 562 34 19 att
614 560 55 21 söka
682 560 103 27 exempel,
799 559 95 24 utbildat

75 589 34 27 sig
124 589 152 25 förhällanden,
294 588 38 22 der
351 594 26 15 en
392 594 78 21 person
485 588 82 27 ganska
581 588 145 28 sjelfständigt
738 591 48 25 styr
801 594 26 16 en
841 595 53 20 gan-

75 618 40 22 ska
138 619 45 20 stor
205 617 124 27 inrättning,
353 616 40 22 och
412 619 45 25 styr
473 617 40 21 den
528 617 24 22 sä
567 619 33 19 att
615 617 42 22 den
671 617 81 23 lemnar
767 623 28 17 en
809 617 85 28 mycket

75 647 97 27 betydlig
193 646 58 21 vinst
265 646 23 21 ät
303 646 47 21 sina
364 645 128 22 aktionärer.
522 645 51 22 Men
590 645 31 22 uti
642 645 87 27 teorien,
744 647 40 21 när
797 646 38 22 det
849 645 46 28 gält

73 677 37 23 att
124 677 104 25 uppsätta
245 674 88 27 stadgar
348 673 41 23 och
404 674 150 26 reglementen,
569 674 39 23 har
619 675 60 22 detta
689 676 82 26 system
779 674 72 23 säsom
857 675 38 26 jag

75 703 57 25 hade
146 706 52 20 äran
213 705 58 25 säga,
291 702 49 23 icke
359 702 108 27 godkänts
487 702 23 22 af
522 702 66 28 nägra
603 702 83 23 stiftare
701 702 23 23 af
737 702 157 28 privatbanker.

75 732 92 23 Hvarför
183 732 37 22 det
234 732 47 21 icke
296 732 107 26 godkänts
419 733 24 19 är
457 732 84 26 mycket
558 731 72 22 enkelt
640 731 39 22 och
690 731 62 23 klart.
768 731 47 22 Den
825 733 71 20 större

75 761 113 27 möjlighet
203 760 32 22 till
250 760 101 28 förtjenst
365 759 114 23 innefattar
494 760 134 27 naturligtvis
644 760 68 23 ocksä
725 766 26 16 en
766 761 70 21 större
844 760 52 26 möj-

76 790 68 26 lighet
159 789 32 21 till
206 789 82 25 förlust,
305 788 42 22 och
361 788 38 22 det
412 788 40 21 har
466 788 55 22 varit
533 788 33 22 för
580 790 34 20 att
628 788 128 23 säkerställa
771 788 83 23 banken
862 788 33 22 för

78 819 26 21 de
120 818 101 22 förluster
236 817 72 21 hvilka
323 823 27 15 en
365 822 83 22 person,
465 823 45 15 som
526 816 55 23 hade
596 817 49 21 hela
655 817 106 27 styrelsen
770 816 8 22 i
788 818 33 21 sin
831 817 64 26 hand,

76 852 79 22 genom
176 846 47 21 sina
243 845 100 26 ätgärder
361 845 78 25 kunde,
456 845 43 21 ifall
515 841 35 26 då
556 845 71 23 skulle
641 847 51 25 taga
708 851 24 15 en
741 845 87 26 oriktig
843 845 52 21 rikt-

76 875 58 26 ning,
157 874 56 21 vålla
227 874 90 25 banken,
341 880 46 15 som
409 873 42 21 alla
473 874 150 26 privatbanker
641 874 40 21 och
701 874 42 22 alla
758 873 138 24 statsbanker

77 903 65 23 hafva
155 902 45 22 valt
215 902 40 22 den
271 902 152 27 organisation,
439 908 46 15 som
501 902 19 21 vi
536 898 63 26 hafva
613 902 34 23 för
661 902 101 22 Finlands
777 902 57 22 bank
844 902 53 22 eller

76 933 68 25 något
158 931 112 26 liknande;
286 933 33 19 att
333 931 107 26 nämligen
456 930 47 22 icke
518 931 86 21 makten
615 926 24 36 är
647 931 250 27 koncentrerad
813 926 12 36 i
837 926 63 36 några

77 966 114 22 personers
207 959 82 22 händer
303 965 47 16 som
365 960 70 21 tillika
449 959 63 22 hafva
526 959 156 27 förvaltningen
696 960 7 21 i
719 959 33 23 sin
767 959 63 22 hand.
856 959 41 23 Så-

76 995 49 16 som
137 989 38 27 jag
189 988 66 22 redan
270 988 57 22 hade
342 990 51 22 äran
409 990 83 24 nämna,
503 988 94 27 gestalta
607 988 33 27 sig
649 987 248 28 förhållandena
815 983 13 37 i
836 983 66 37 prak-

79 1018 60 21 tiken
161 1017 44 21 ofta
227 1016 133 30 annorlunda
381 1018 28 19 än
431 1023 49 15 man
495 1017 69 22 skulle
580 1017 85 22 dömma
680 1016 58 23 efter
749 1017 147 27 reglementet.

77 1046 46 23 Det
136 1047 25 20 är
174 1045 79 26 många
267 1045 159 27 privatbanker,
448 1045 64 22 hvars
526 1045 86 27 logiska
625 1044 41 23 och
681 1045 111 27 försigtiga
807 1047 90 25 uppsät-

73 1075 73 24 tande
160 1074 23 22 af
196 1073 146 28 reglementen
355 1074 48 21 icke
417 1074 83 21 kunnat
514 1074 79 21 bevara
608 1073 49 23 dem
667 1072 34 24 för
710 1074 119 27 missgrepp
839 1073 5 22 i
855 1073 42 22 för-

78 1103 125 27 valtningen
219 1102 39 22 och
274 1102 61 22 deraf
344 1102 97 28 följande
455 1102 105 22 förluster.
577 1102 32 21 En
622 1102 90 26 engelsk
721 1102 119 25 författare,
851 1108 48 15 som

78 1132 52 27 sjelf
144 1131 39 23 har
195 1131 56 22 varit
265 1131 79 26 många
358 1131 24 21 är
395 1131 160 22 verkställande
570 1131 96 22 direktör
680 1131 7 21 i
702 1137 27 17 en
744 1131 24 22 af
780 1131 27 22 de
817 1132 82 21 största

79 1159 152 29 privatbanker
253 1160 7 21 i
282 1159 104 27 England,
408 1159 41 22 och
472 1165 52 21 som,
543 1159 26 23 sä
582 1157 86 29 mycket
679 1159 39 27 jag
730 1161 44 22 vet,
790 1159 37 22 allt
842 1161 57 20 ännu

78 1190 73 20 måste
163 1193 64 17 anses
243 1188 72 21 såsom
331 1188 46 23 den:
385 1187 70 22 första
469 1188 118 21 auktoritet
600 1188 7 20 i
623 1187 42 22 alla
680 1186 135 28 bankirägor,
830 1190 70 25 yttrar

78 1217 37 27 sig
124 1216 136 25 beträffande
276 1216 27 22 :de
317 1216 36 23 fall
371 1216 28 21 dä
413 1216 81 22 banker
508 1216 70 22 blifvit
589 1216 113 23 ruinerade
717 1215 37 24 till:
764 1214 54 29 följd
830 1216 24 23 af
866 1216 33 22 sin

79 1245 106 28 styrelses
191 1239 10 38 :
207 1245 100 26 åtgärder
326 1245 36 27 pä
373 1244 94 28 följande
481 1247 45 19 sätt
541 1244 99 28 (jag:har
654 1251 26 16 en
696 1239 129 38 Ordagränn-
831 1239 69 38 öfver-

80 1274 97 27 sättning
186 1273 29 23 -af
228 1274 54 22 hans
301 1274 120 26 yttrande):
444 1273 72 22 Sedan
534 1273 42 23 han
590 1273 188 23 skärskädat.:den
788 1273 63 23 olika
865 1279 34 16 or-

81 1303 149 28 ganisationen
251 1302 8 23 i
278 1302 58 24 olika
347 1302 91 24 :bauker
453 1303 38 21 och
507 1302 116 24 framhållit
637 1304 33 20 att
684 1302 82 23 banker
780 1302 24 23 af
816 1302 85 28 mycket

82 1332 58 21 olika
156 1332 145 24 organisation
314 1330 66 24 hafva
393 1331 46 22 haft
453 1336 81 16 samma
548 1329 107 29 olyckliga:
670 1330 45 22 öde:
723 1332 67 24 säger
798 1330 58 21 han:
879 1330 22 24 ,I

82 1360 68 25 några
165 1359 37 21 fall
216 1359 39 21 har
267 1364 29 17 en
316 1359 57 21 bank:
386 1358 71 23 blifvit
474 1358 96 23 ruinerad
588 1363 72 21 genom
677 1358 53 23 dess
740 1358 161 23 verkställande

81 1387 104 26 direktör,
200 1387 7 21 i
222 1387 67 23 andra
303 1387 37 23 fall
354 1392 78 21 genom
447 1385 42 22 den
503 1386 159 27 verkställande
675 1386 67 27 jämte
753 1385 68 27 öfriga:
831 1385 71 24 direk-

82 1418 62 23 törer
157 1418 145 25 gemensamt;
317 1415 36 27 (de
364 1410 75 37 flesta.
441 1415 102 27 engelska
552 1415 82 24 banker
642 1415 63 23 hafva
712 1414 190 29 nämligen:trenne

79 1445 140 25 direktörer).
248 1445 10 21 1
273 1445 68 22 andra
359 1444 37 23 fall
409 1451 82 20 genom
506 1444 27 22 de
548 1444 68 27 öfriga
630 1443 148 25 direktörerna
791 1443 112 24 mtan'den

84 1473 159 25 verkställande
259 1473 54 22 eller
329 1473 153 26 ordföranden:
505 1472 41 23 och
560 1473 47 23 åter
620 1472 8 23 i
644 1473 68 23 andra
722 1472 39 30 fall
773 1476 80 23 genom
867 1479 34 21 en,

80 1503 110 25 -tvä-eller
204 1505 34 22 tre
252 1502 143 25 medlemmar.
409 1501 23 24 af
449 1502 50 23 dess
515 1501 97 28 styrelse,
628 1501 81 27 hvilka,
718 1501 77 26 ehnru
803 1502 50 25 jöke
868 1504 34 22 ut-

84 1532 93 23 nämnda
192 1531 33 23 till
241 1531 125 27 direktörer,
381 1537 76 22 genom
473 1531 38 22 sitt
525 1530 115 29 inflytande
655 1530 7 22 i
678 1530 110 28 konseljen
805 1531 27 22 de
845 1530 58 23 facto
