1075 1709
206 131 40 20 606
502 130 41 18 Den
557 131 20 17 18
589 130 58 23 April.

176 195 68 21 uttala
259 195 32 27 sig
307 201 34 15 om
356 195 158 27 inbjudningen,
531 197 32 19 att
573 196 76 20 sådant
659 197 58 24 göra.
740 196 47 22 Den
798 196 28 27 på
836 197 41 21 den
888 197 107 21 allmänna

176 223 149 21 diskussionen
341 224 109 25 grundade
466 224 122 26 voteringen
599 224 69 21 skulle
679 226 77 24 utgöra
767 231 49 15 svar
825 225 29 26 på
864 225 128 21 densamma.

243 252 56 21 Herr
319 252 150 26 Schauman,
489 253 92 26 August:
596 252 174 22 Bondeständets
786 253 131 27 inbjudning'
927 254 69 26 gäller

175 280 110 27 ingenting
301 282 65 20 annat
381 283 26 19 än
424 280 44 22 helt
484 281 71 21 enkelt
570 282 131 25 antagandet
716 282 23 20 af
752 282 40 21 den
808 282 120 27 Kejserliga
943 289 48 21 pro-

175 309 126 27 positionen.
325 310 75 20 Denna
414 309 96 22 kommer
521 310 24 27 ju
560 310 68 21 under
642 310 98 26 votering
751 310 66 27 enligt
828 311 26 21 de
864 311 129 27 föregående

176 338 127 21 debatterna
325 338 39 21 och
388 338 65 26 enligt
476 338 37 22 det
535 338 22 22 af
577 338 49 21 herr
647 338 207 22 Landtmarskalken
877 340 115 27 uppstälda

175 366 104 27 förslaget
300 366 31 22 till
354 367 247 27 voteringsproposition.
631 367 42 27 Jag
693 367 81 22 förstår
795 368 54 26 icke,
865 368 55 21 huru
935 375 55 19 man,

176 394 27 22 då
218 401 47 15 man
280 395 7 21 i
303 395 42 21 alla
359 395 37 21 fall
410 396 96 21 kommer
521 398 32 19 att
567 398 74 19 votera
659 402 33 14 om
710 397 130 26 antagandet
857 397 22 21 af
895 398 96 26 proposi-

174 424 79 25 tionen,
277 424 55 20 skall
355 424 103 21 särskildt
479 426 73 20 votera
575 430 34 15 om
631 425 131 26 antagandet
785 425 23 21 af
824 426 168 21 bondeståndets

175 452 130 27 inbjudning.

242 480 96 22 Friherre
353 480 100 26 Wrede,
469 481 84 21 Rabbe:
569 481 34 21 Då
615 481 37 26 jag
661 480 32 21 för
703 481 67 26 några
780 482 113 25 ögonblick
903 482 89 21 tillbaka

173 508 56 21 tillät
251 509 42 25 mig
315 511 33 19 att
370 509 32 20 till
422 509 48 21 herr
485 509 205 21 Landtmarskalken
705 509 119 22 framställa
840 511 69 20 denna
923 510 67 27 fråga,

174 537 61 26 hyste
248 537 37 27 jag
301 544 33 14 om
349 538 132 26 proceduren
498 538 130 21 beträffande
645 538 68 21 denna
728 538 168 22 bondeståndets
906 539 84 27 inbjud-

173 566 50 26 ning
239 566 40 21 den
295 566 135 26 uppfattning
445 572 44 15 som
506 568 73 19 senast
595 566 67 21 blifvit
676 566 112 22 framstäld
804 567 22 21 af
838 568 50 21 herr
905 568 86 21 Meche-

172 594 35 20 lin.
234 594 41 27 Jag
290 594 38 22 ber
344 595 70 21 dertill
430 595 76 21 endast
521 594 21 22 få
556 595 89 27 tillägga
660 597 32 19 att
704 595 38 27 jag
752 596 48 21 icke
810 596 42 21 kan
862 596 63 26 finna,
936 597 55 21 huru

172 623 71 26 någon
261 624 91 20 medlem
368 623 22 21 af
404 624 86 21 ståndet
504 624 71 20 kunde
591 626 76 24 vägras
684 626 31 18 att
730 625 7 20 i
753 622 114 29 anledning
882 625 22 21 af
918 632 26 14 en
959 626 31 20 in-

172 651 103 27 bjudning
289 652 54 21 ifrån
359 655 32 18 ett
406 654 64 19 annat
485 652 62 21 stånd
563 655 56 25 yttra
634 652 33 26 sig
683 652 104 22 deröfver.

239 680 59 21 Herr
310 687 40 15 von
366 680 114 22 Alfthan:
496 681 61 21 Hvad
574 681 306 27 omröstningspropositionen
894 682 96 21 vidkom-

172 714 52 20 mer,
248 709 24 21 så
291 709 39 21 ber
347 710 37 26 jag
400 712 32 18 att
446 709 21 21 få
482 710 85 20 ansluta
582 710 42 26 mig
641 710 30 20 till
688 710 48 21 dem
751 716 45 15 som
813 711 113 26 godkänna
941 711 50 21 herr

171 737 218 22 Landtmarskalkens
404 738 80 26 förslag
498 738 7 21 i
521 740 76 20 ämnet.
629 738 106 21 Särskildt
750 739 47 21 med
814 739 101 21 afseende
930 739 13 21 ä
954 740 37 20 det

173 765 22 21 af
208 766 43 26 mig
266 767 77 20 väckta
357 766 108 27 förslaget,
482 773 62 14 anser
557 767 43 27 jag,
617 769 32 18 att
665 767 36 21 det
716 768 41 20 kan
774 768 84 21 komma
871 768 67 21 under
948 774 43 15 om-

172 794 96 26 röstning
283 795 28 26 pä
327 797 44 19 sätt
386 802 28 14 nu
430 798 24 18 är
468 795 121 27 föreslaget.
613 796 100 21 Rörande
728 796 73 26 frägan
817 802 33 15 om
861 797 130 21 bondestän-

173 822 48 22 dets
239 824 125 26 inbjudning
384 826 44 19 tror
441 824 37 27 jag
494 825 32 20 att
540 825 24 20 R.
579 830 18 15 o.
613 824 38 21 A:s
667 825 131 27 omröstning
813 825 7 21 i
834 824 156 28 hufvudfrägan

171 852 101 22 besvarar
295 852 129 27 densamma,
447 859 48 15 men
518 853 36 22 det
571 853 41 21 kan
626 853 24 27 ju
665 860 51 15 vara
732 860 26 15 en
773 854 53 21 hvar
840 854 102 27 obetaget
958 856 32 20 att

172 881 73 21 derom
261 883 58 25 yttra
334 882 38 26 sig,
389 888 33 15 om
437 882 49 21 herr
501 882 204 21 Landtmarskalken
722 883 77 21 sädant
814 883 83 21 tilläter.

239 910 56 21 Herr
309 911 136 21 Mechelin:
462 912 42 26 Jag
519 912 92 26 begärde
627 911 61 21 ordet
700 912 56 20 blott
765 912 33 20 för
809 914 32 19 att
852 912 69 21 erinra
932 914 58 19 emot

171 938 50 22 herr
236 938 126 27 Schauman,
377 942 33 18 att
422 940 37 26 jag
473 940 140 27 uttryckligen
629 940 79 21 uttalat
723 940 43 26 mig
782 947 39 19 om,
834 942 31 20 att
875 941 47 21 icke
933 941 56 21 skild

170 968 133 25 proposition
318 969 48 20 med
382 968 113 26 anledning
511 968 22 21 af
541 969 168 21 bondeständets
720 969 125 27 inbjudning
856 969 69 21 skulle
935 976 54 20 upp-

171 996 74 20 ställas
269 998 51 19 utan
343 997 55 21 blott
418 997 82 21 tillfälle
516 999 31 19 att
561 999 57 25 yttra
633 998 32 25 sig
680 998 48 20 med
744 998 113 26 anledning
872 997 23 21 af
905 998 84 26 inbjud-

171 1024 76 26 ningen
261 1024 74 27 gifvas,
351 1025 107 21 hvarefter
473 1032 47 14 man
536 1026 41 20 kan
593 1026 74 20 skrida
682 1026 31 20 till
730 1026 40 21 den
784 1027 103 25 votering,
903 1026 85 21 hvartill

172 1053 40 20 den
227 1053 106 21 allmänna
348 1054 149 21 diskussionen
513 1054 60 26 gifvit
588 1054 119 26 anledning.
731 1054 43 21 Det
790 1057 23 19 är
827 1055 77 21 endast
913 1055 75 26 rättig-

170 1081 64 21 heten
250 1084 32 18 att
297 1082 49 21 med
363 1082 113 26 anledning
492 1082 21 21 af
527 1083 150 26 inbjudningen
692 1085 57 24 yttra
764 1083 40 26 sig,
820 1089 45 15 som
877 1083 38 27 jag
925 1089 63 15 anser

170 1109 39 21 bör
227 1116 51 14 vara
298 1112 69 25 öppen
385 1110 33 21 för
434 1111 40 21 den
490 1117 45 15 som
550 1111 140 26 tilläfventyrs
706 1111 34 21 vill
756 1112 74 26 belysa
844 1111 73 27 frägan
933 1111 55 21 efter

170 1138 93 21 erhällen
282 1138 119 22 kännedom
422 1145 34 15 om
471 1139 55 21 hvad
541 1139 157 21 bondeständet
713 1140 39 20 har
767 1140 101 20 beslutat.
883 1152 28 2 —
926 1140 61 20 Hvad

170 1166 41 21 den
233 1167 78 26 nädiga
333 1168 159 26 propositionen
515 1168 7 21 i
545 1170 71 18 ämnet
637 1168 124 26 innehäller,
785 1175 37 14 var
840 1174 42 20 nog
896 1168 91 25 bekant;

169 1201 48 15 men
232 1195 56 21 hvad
304 1196 36 21 det
356 1196 69 25 ständ,
442 1202 45 15 som
502 1196 56 27 gjort
572 1196 150 27 inbjudningen
740 1196 31 21 till
787 1203 43 20 oss,
838 1197 101 25 beslutat,
951 1203 39 15 var

168 1224 48 20 icke
238 1224 73 21 kändt.
341 1224 125 22 Emellertid
489 1224 68 22 blefvo
577 1225 68 21 under
660 1225 40 21 den
716 1225 106 21 allmänna
838 1226 149 20 diskussionen

168 1252 113 25 yttranden
302 1252 78 26 afgifna
399 1258 45 15 som
460 1254 63 24 gingo
539 1255 24 18 ut
577 1253 28 25 på
621 1255 32 18 att
667 1253 87 20 förorda
769 1254 71 20 beslut
855 1254 56 20 inom
927 1254 61 20 detta

169 1280 62 20 stånd
246 1280 152 21 kombinerade
413 1281 49 20 med
477 1281 58 20 vissa
549 1280 68 21 vilkor
632 1283 110 23 gentemot
757 1281 67 26 öfriga
839 1282 68 20 stånd.

236 1308 34 20 Då
291 1308 63 27 ingen
378 1308 71 22 vidare
469 1309 41 21 bad
527 1314 33 16 om
576 1309 61 21 ordet
652 1308 132 22 förklarades
801 1309 186 27 öfverläggningen

168 1336 93 21 afslutad
281 1336 39 22 och
340 1337 29 27 på
384 1336 50 22 herr
448 1337 215 21 Landtmarskalkens
679 1337 156 27 framställning
850 1338 88 26 beslöts,
955 1339 33 20 att

169 1365 167 21 bondeståndets
352 1366 124 26 inbjudning
491 1366 68 21 skulle
574 1366 128 26 bordläggas
714 1366 32 21 till
757 1369 63 19 nästa
830 1366 157 22 sammanträde

168 1393 39 22 och
231 1395 32 20 att
283 1394 121 22 diskussion
420 1401 33 15 om
470 1395 122 21 densamma
607 1394 73 22 dervid
695 1394 57 28 finge
768 1402 39 20 ega
822 1402 52 19 rum,
891 1402 48 14 men
954 1397 33 19 att

168 1422 125 27 afgörandet
309 1423 73 21 derom
397 1424 95 20 kommer
506 1425 33 20 att
553 1424 38 20 ske
606 1430 77 20 genom
694 1424 40 22 den
746 1424 106 22 allmänna
861 1425 125 26 voteringen
1001 1440 3 3 .

167 1451 6 21 i
188 1451 184 27 rusthållsfrågan.

235 1480 70 22 Sedan
321 1481 50 21 herr
384 1481 205 21 Landtmarskalken
604 1483 118 25 uppmanat
736 1481 74 22 herrar
824 1482 105 21 Mechelin
945 1481 39 21 och

166 1514 39 16 von
228 1509 88 21 Hellens
340 1511 33 19 att
395 1509 90 22 aflemna
504 1510 46 21 sina
566 1509 80 27 förslag
660 1510 32 21 till
708 1510 277 27 omröstningsproposition

166 1537 118 27 skriftligen
301 1538 102 22 aflattade
418 1539 32 21 till
466 1539 155 27 sekreteraren,
637 1539 24 21 så
676 1540 32 20 att
720 1539 108 21 desamma
838 1540 71 21 kunde
917 1540 68 26 jämte
