1075 1709
456 125 41 17 Den
510 125 21 17 25
543 124 57 23 April.
840 127 41 20 655

92 190 56 22 hvad
172 190 35 22 det
229 190 66 21 motiv
310 190 102 22 beträffar
427 197 46 16 som
489 192 107 22 utskottet
610 191 34 21 för.
659 191 70 21 denna
744 190 88 28 ändring
847 190 62 22 fram-

92 219 59 26 stält,
166 219 106 26 nämligen
295 221 33 19 att
350 220 42 21 den
414 220 106 21 allmänna
540 220 114 26 meningen
669 219 60 22 såväl
746 220 64 21 bland
822 219 89 27 jurister

91 253 48 16 som
153 247 69 26 öfriga
236 247 141 27 medborgare
392 248 6 20 i
414 248 74 22 landet
502 248 28 27 på
544 254 76 16 senare
635 247 32 22 tid
682 248 71 27 börjat
768 248 89 21 allmera
872 248 37 21 be-

92 276 81 22 stämdt
182 272 7 35 ;
190 276 73 22 uttala
285 276 34 27 sig
341 278 59 19 emot
421 276 72 24 alltför
514 277 48 22 vida
572 276 169 27 strafflatituder,
757 276 27 22 så
797 278 61 25 tager
871 276 38 27 jag

91 305 43 50 mie
149 304 91 23 friheten
259 306 33 20 att
310 305 94 28 betvifla,
419 305 105 22 huruvida
538 312 26 15 en
580 306 67 21 sädan
663 306 84 27 mening
761 305 110 27 verkligen
886 307 24 20 är

92 340 84 16 allmän.
465 355 5 1 a

158 362 33 22 Då
206 363 61 22 detta
281 361 81 28 förslag
376 363 48 22 icke
439 368 54 17 vann
504 363 65 27 något
579 363 124 27 understöd,
715 364 77 26 antogs
800 363 45 26 $:en
854 361 55 23 oför-

91 391 88 22 ändrad.

159 419 27 28 85
199 421 55 21 8—9
270 419 111 23 äfvensom
395 421 12 26 8
423 422 28 20 10
465 426 63 17 mom.
544 422 10 19 1
567 421 89 26 gillades
668 422 52 23 utan
728 419 180 29 meningsutbyte.

130 460 3 2 +.
154 449 173 22 Vidkommande
346 451 94 21 mom.'2
456 449 6 21 i
477 449 12 28 $
506 451 26 20 10
549 449 85 27 yttrade

158 477 55 23 Herr
229 477 188 28 Gripenberg,
441 478 81 23 Alexis:
545 478 37 21 Uti
604 484 62 16 mom.
691 479 12 21 ?
721 477 68 23 finnes
804 479 105 26 upptaget

92 506 63 21 bland
172 507 26 21 de
213 506 113 22 strafibara
340 509 70 20 sätten
428 509 32 19 att
476 507 140 27 omöjliggöra
629 509 34 20 ett
673 506 193 29 fynds-hevarande
878 508 32 19 att

91 535 120 22 detsamma
225 535 141 28 undandöljes
382 536 51 21 eller
448 535 136 28 förskingras..
615 535 43 22 Det
670 535 70 22 finnes
748 535 120 24 emellertid
878 537 32 19 ett

91 565 44 20 sätt
150 567 33 18 att
201 563 94 24 förstöra
314 564 58 27 fynd,
388 571 45 15 som
449 565 61 22 torde
526 565 81 26 ganska
622 564 45 23 ofta
681 565 116 26 begagnas,
813 564 96 22 särdeles

90 595 38 19 när
144 593 26 22 de
185 592 65 22 funna
264 593 118 23 föremålen
397 595 36 20 äro
449 593 24 23 af
486 594 50 21 ädla
548 593 104 27 metaller,
669 593 39 22 och
725 599 46 16 som
786 593 66 27 enligt
866 593 43 21 min

91 621 57 27 äsigt
169 622 48 22 icke
237 622 42 22 kan
296 622 162 23 smbsummeras
479 623 94 21 hvarken
587 622 68 29 under
670 622 172 27 undandöljande
857 621 52 22 eller

89 650 170 27 förskingrande,
281 651 107 27 nämligen
408 651 162 29 nedsmältning.
604 651 41 28 Jag
661 651 68 21 skulle
744 651 72 21 derför
830 650 79 22 föreslå

90 681 33 20 att
137 679 55 23 efter
203 680 65 21 ordet
284 679 164 28 ,undandöljer*
466 680 69 22 skulle
549 681 85 21 komma
645 679 145 27 ,nedsmälter
805 679 52 22 eller
863 679 45 21 för-

90 708 119 27 skingrar*,
232 711 57 20 samt
307 709 33 22 att
362 709 7 21 i
390 715 74 16 senare
480 709 61 22 delen
557 709 22 22 af
591 715 84 16 samma
688 709 86 26 mening
789 708 69 22 skulle
874 707 35 22 stä

91 737 20 26 yi
125 736 134 23 förhållande
275 737 31 21 till
322 737 37 22 det
375 737 154 28 undandoldas,
545 737 159 24 nedsmältades
715 737 52 24 eller
777 737 131 26 förskingra-

90 765 37 22 des
142 765 103 28 pröfvade
259 766 94 22 värde.*'
750 777 2 2 i

157 795 67 21 Detta
246 794 49 22 herr
315 794 145 28 Gripenbergs
474 794 80 29 förslag
569 793 44 24 blef
625 795 48 22 icke
687 794 135 27 understödt,
838 793 41 23 och
895 795 12 20 2

91 829 62 15 mom.
169 823 7 21 i
193 825 25 19 10
233 823 12 27 $
261 825 79 26 antogs
351 823 146 24 eförändradt.
580 834 3 1 i

157 852 57 22 Utan
229 852 140 28 anmärkning
384 852 89 27 gillades
489 853 13 26 $
518 854 33 21 11.

117 911 14 22 5
146 882 45 50 jon
215 881 94 24 härefter
332 882 111 27 ingressen
469 882 32 21 till
525 881 240 28 författningsförslaget
789 881 117 27 föredrogs,

90 917 55 16 anhö
338 926 18 6 =
746 930 1 3 .

157 939 50 22 herr
229 939 97 27 Antell,
348 939 60 27 Axel,
434 945 33 16 om
488 940 61 21 ordet
571 940 40 23 och
630 939 59 27 afgaf
712 939 75 23 härom
811 938 95 27 följande

88 969 108 26 yttrande:
220 969 36 21 Uti
279 968 111 27 ingressen
415 968 31 21 till
468 967 145 28 föreliggande
634 967 219 28 författningsförslag
868 967 38 22 he-

89 999 33 20 ter
146 997 46 22 det:
216 997 50 22 Med
281 997 91 26 ändring
393 997 22 22 af
429 998 13 20 2
457 995 12 30 &
485 999 27 20 48
527 997 48 27 kap.
591 997 28 22 M.
632 997 29 24 B.
676 997 41 22 och
730 997 78 26 Kongl.
823 995 84 23 brefvet

88 1025 22 22 af
124 1026 41 22 den
180 1027 27 20 20
222 1026 92 27 Augusti
330 1027 54 22 1755
400 1027 56 21 samt
470 1025 22 22 af
506 1026 56 21 hvad
577 1028 13 19 5
605 1026 13 26 &
633 1027 28 20 48
676 1025 50 28 kap.
742 1025 28 22 M.
786 1025 25 22 B.
828 1031 76 15 0.s.v.

88 1054 44 27 Mig
154 1055 73 26 tyckes
250 1060 55 16 som:
319 1061 36 15 om.
376 1061 48 16 man
444 1054 36 22 vid
493 1050 258 36 författningsförslagets.
765 1050 140 36 uppgörande,

87 1083 47 22 icke
144 1083 75 23 skulle
234 1083 43 23 fäst
292 1090 42 21 nog
349 1082 101 25 afseende
466 1083 34 22 vid
516 1090 25 16 en
557 1083 60 22 äldre
627 1083 129 27 förordning;
767 1082 91 27 hvilken,
870 1083 34 21 sä-

88 1112 45 22 vidt
152 1112 37 27 jag
210 1113 39 21 har
271 1113 43 27 mig
336 1112 86 27 bekant,
445 1112 130 23 fortfarande
590 1113 70 21 måste
675 1118 63 16 anses
754 1118 40 21 ega
808 1111 97 27 gällande

87 1140 65 27 kraft,
166 1147 48 16 men
231 1141 67 27 enligt
311 1141 45 22 min
368 1141 66 23 tanke
450 1141 66 23 borde
531 1141 7 22 i
553 1142 40 23 och
609 1147 76 21 genom
701 1141 60 22 detta
772 1147 41 21 nya
821 1139 84 23 författ-

87 1169 145 28 ningsförslag
244 1170 48 22 icke
307 1170 56 23 blott
378 1170 77 21 ändras
471 1173 52 19 utan
537 1170 45 22 helt
596 1170 42 22 och
647 1170 67 22 hället
724 1169 126 28 upphäfvas.
864 1169 41 27 Jag

87 1205 73 16 menar:
176 1197 89 28 "Kongl.
281 1198 151 27 förordningen
448 1198 22 22 af
484 1199 41 22 den
540 1201 28 20 20
576 1199 57 22 Mars
644 1200 61 25 1735,
717 1198 110 27 angående
836 1198 69 26 gamla

87 1227 98 24 skrifters
208 1227 40 24 och
267 1227 138 28 handlingars
424 1227 162 24 framskaffaude
601 1227 33 22 till
650 1227 128 28 upplysning
792 1227 32 21 uti
837 1227 68 21 histo-

87 1257 45 21 rien
148 1256 40 23 och
204 1256 184 27 antigviteterna.*
420 1256 10 21 I
446 1255 69 23 denna
530 1254 122 29 förordning
667 1258 74 25 säges:
759 1257 47 25 ,att
815 1255 89 22 emedan

88 1285 36 21 det
147 1285 47 22 icke
217 1285 81 22 mindre
312 1285 83 27 nödigt
417 1287 24 19 är
462 1287 33 19 att
517 1285 84 27 gambla
616 1285 86 23 skrifter
717 1285 41 21 och
772 1284 132 27 handlingar,

86 1314 76 21 hvaraf
183 1314 103 22 historien
307 1313 42 23 och
373 1314 165 26 antigviteterna
553 1314 66 27 nägot
633 1313 47 28 ljus,
697 1313 53 23 eller
764 1313 57 22 riket
835 1313 70 26 nägon

86 1341 67 22 heder
175 1343 41 20 kan
239 1342 83 27 tilflyta,
338 1342 74 21 varda
434 1341 158 26 framskaffade,
606 1344 28 18 än
649 1341 103 26 gammalt
766 1343 65 25 mynt,
847 1341 57 26 guld,

87 1369 72 24 siliver
181 1377 26 14 m.
224 1376 34 20 m.,
281 1370 88 22 hvarom
384 1369 7 21 i
407 1369 40 21 den
463 1369 152 24 utkommande
629 1376 42 21 nya
685 1369 63 26 lagen
762 1369 68 21 finnes
846 1368 59 21 stad-

86 1398 64 27 gadt;
166 1398 32 22 för
214 1398 41 22 den
270 1398 63 22 skuld
348 1399 57 22 samt
418 1398 58 27 uppå
485 1398 90 22 Riksens
591 1397 103 23 Ständers
705 1397 147 27 underdäniga
866 1397 38 21 be-

86 1430 66 24 gäran
168 1428 45 23 vele
230 1428 19 21 vi
264 1428 89 23 härmed
368 1427 7 22 i
391 1427 66 22 näder
472 1426 62 23 hafva
547 1427 111 22 förordnat
673 1428 33 20 att
720 1427 37 22 the
768 1432 47 16 som
825 1425 81 23 sädana

86 1456 87 23 skrifter
195 1456 40 23 och
257 1456 142 27 handlingar,
416 1462 46 16 som
477 1456 120 23 förberördt
613 1457 30 25 är,
659 1455 64 22 hafva.
736 1456 54 22 eller
804 1454 101 29 uppfinna

86 1486 78 27 kunna,
179 1485 62 23 skola
257 1486 36 21 the
308 1491 82 18 samma
405 1484 85 28 angifva
505 1486 40 21 och
561 1484 93 24 therföre
670 1484 63 23 hafva
743 1486 33 21 att
785 1484 83 28 åtnjuta
878 1490 27 15 en

86 1514 70 28 skälig
170 1514 165 28 vedergällning,
348 1510 88 28 hvilken
452 1513 53 23 efter
520 1514 163 28 handlingarnes
691 1514 66 24 värde
768 1512 25 23 af
799 1512 54 23 Vårt
862 1512 41 23 och

86 1543 92 23 Riksens
201 1543 95 24 Cantzlie
315 1543 95 27 Collegio
426 1543 32 21 till
480 1542 54 23 Vårt
552 1543 77 27 nådiga
645 1542 150 28 ompröfvande
810 1542 95 22 kommer
