1081 1703
448 111 42 18 Den
504 111 21 17 14
537 110 57 24 April,
834 114 40 19 555

86 175 193 28 omständigheten,
295 178 32 20 att
342 177 46 22 icke
400 177 329 28 omröstningspropositionerna
738 177 120 28 uppställas
870 177 34 22 vid

85 205 86 27 plenum
188 205 118 27 plenorum,
328 211 46 17 som
392 206 40 21 bör
447 208 61 25 tagas
523 206 7 22 i
545 206 149 22 betraktande.
724 206 74 22 Skulle
814 207 90 20 omröst-

86 233 248 28 ningspropositionerna
354 235 74 22 kunna
448 235 120 27 uppställas
590 235 35 21 vid
643 235 85 27 plenum
744 235 117 26 plenorum,
878 235 28 22 då

86 268 50 15 vore
159 261 37 22 det
218 268 26 15 en
266 268 71 15 annan
359 263 46 26 sak,
425 263 28 21 då
472 269 50 16 vore
540 263 37 22 det
592 263 116 26 någonting
723 265 33 19 att
770 265 53 24 göra
838 263 66 26 deraf,

86 296 48 15 men
149 290 27 21 så
190 292 60 19 snart
265 297 48 15 man
328 291 56 21 skall
399 291 80 27 skiljas,
496 292 66 21 sedan
578 291 187 27 öfverläggningen
776 294 24 19 är
810 291 45 21 slut
865 291 40 21 och

86 318 132 28 proposition
235 319 119 27 uppställes
370 320 8 21 i
392 320 26 21 de
434 319 69 22 skilda
519 320 96 26 stånden,
632 320 24 21 så
670 321 64 25 säger
748 320 68 21 sunda
825 319 80 22 förnuf-

86 348 38 25 tet,
140 348 34 20 att
188 353 26 15 en
230 347 67 22 sådan
308 347 122 23 diskussion
441 350 23 19 är
474 348 55 22 blott
539 350 33 20 ett
581 348 137 22 resultatlöst
726 348 178 27 meningsutbyte.

86 375 33 22 Då
133 375 40 21 här
187 375 55 22 varit
257 375 61 27 fråga
332 382 34 15 om
382 376 56 23 hvad
453 377 119 27 egentligen
588 376 55 22 skall
656 378 62 25 göras
729 376 7 21 i
747 375 60 23 detta
817 376 88 22 mellan-

86 403 42 28 fall,
150 406 23 20 är
190 404 38 28 jag
242 404 24 22 af
278 410 82 16 samma
374 405 62 27 åsigt,
452 411 46 15 som
514 405 108 27 åtskilliga
636 406 66 21 andra
718 405 74 27 talare,
808 406 34 20 att
856 412 49 14 man

85 433 49 21 icke
155 432 41 22 bör
218 433 73 22 skrida
310 433 33 22 till
362 434 74 27 slutlig
450 434 136 27 behandling,
602 434 64 21 innan
680 433 74 27 frågan
771 440 35 15 om
820 434 86 27 plenum

88 462 111 26 plenorum
214 463 25 19 är
254 461 88 29 afgjord.
359 457 12 37 .
374 462 92 23 Ståndet
480 464 24 20 är
518 464 88 26 tvunget
621 464 33 20 att
668 462 87 27 deltaga
769 462 7 22 i
788 464 32 20 ett
829 462 79 22 sådant

86 490 86 28 plenum
186 489 118 28 plenorum,
320 490 46 23 ifall
382 491 128 22 ordförande
520 491 35 22 vid
565 491 87 28 plenum
662 491 111 27 plenorum
783 491 49 22 icke
842 497 71 15 anser-

87 519 68 27 grund
175 525 51 15 vara
244 521 32 19 att
290 519 116 27 förhindra,
422 521 33 20 att
470 520 73 27 saken,
559 519 68 23 sådan
642 520 41 21 den
698 526 29 15 nu
742 519 141 22 förekommer
898 520 8 20 i

87 548 26 22 de
129 547 71 22 skilda
214 548 98 27 stånden,
327 547 143 24 underkastas
486 548 122 22 diskussion
618 548 35 22 vid
664 548 86 28 plenum
759 548 117 27 plenorum.

154 576 57 22 Herr
229 576 185 28 Godenhjelm:
430 578 42 26 Jag
486 577 36 22 vill
536 577 76 23 främst
626 577 102 21 anmärka
743 579 34 19 att
790 577 8 21 i
814 577 10 27 $
840 579 26 19 47
882 577 24 21 L.

89 605 24 21 0.
132 604 56 23 talas
208 610 34 16 om
258 606 32 21 att
306 605 90 23 ständen
411 606 73 21 kunna
497 606 28 27 pä
540 607 32 20 ett
586 612 47 16 rum
648 605 159 22 sammanträda
822 606 32 21 till
870 611 36 22 ge-

88 640 94 15 mensam
198 633 160 28 öfverläggning
372 635 92 22 rörande
480 635 106 22 allmänna
601 635 35 21 vid
649 634 103 27 landtdag
763 635 67 20 under
839 634 68 21 hand-

88 662 101 27 läggning
203 662 93 22 varande
310 662 78 27 frågor,
403 663 66 21 likväl
483 665 52 19 utan
550 663 104 27 rättighet
669 664 33 20 att
716 663 91 21 besluta.
829 663 45 21 Der
884 665 24 19 är

88 691 48 21 icke
150 690 62 27 fråga
227 696 34 16 om
276 691 66 27 något
357 691 141 27 betänkande,
515 693 52 20 utan
582 697 34 16 om
631 690 71 28 frågor
716 691 7 21 i
739 691 121 26 allmänhet,
872 690 36 22 så-

88 719 61 21 ledes
164 719 42 21 kan
222 718 186 28 öfverläggningen
423 720 56 27 gälla
494 722 32 19 ett
541 720 94 22 enskilät
642 720 110 21 moment
739 714 13 38 i
761 720 67 26 något
838 720 70 21 landt-

90 747 133 27 dagsärende
238 747 52 22 eller
306 748 66 25 också
387 751 14 18 t.
418 755 32 15 ex.
466 749 26 21 de
504 749 106 21 allmänna
619 748 134 28 principerna
763 748 44 22 lika
817 748 33 21 väl
862 754 46 15 som

90 776 97 22 enskilda
206 776 95 28 detaljer.
331 777 86 26 Derom,
434 779 33 19 att
482 778 46 21 åter
543 777 132 22 omedelbart
688 776 54 22 efter
758 776 149 22 diskussionen

90 805 132 27 omröstning
242 805 55 21 skall
312 804 58 29 följa,
386 805 68 22 finnes
469 806 109 27 ingenting
592 806 7 21 i
614 806 24 21 L.
654 805 24 21 O.
694 806 129 21 åtminstone
839 805 47 21 icke
901 805 7 21 i

90 835 13 25 S
118 835 36 25 46,
170 833 38 22 der
224 833 37 22 det
276 834 56 21 talas
346 840 34 16 om
395 834 149 22 diskussionen
559 835 56 21 inom
631 834 97 22 stånden.

158 862 98 22 Friherre
273 862 103 28 Wrede,
393 863 52 21 Otto
461 863 85 22 Albert:
562 863 64 21 Emot
640 863 50 21 herr
704 868 41 16 von
761 861 98 23 Alfthans
874 869 34 20 yr-

90 891 77 27 kande,
190 892 34 20 att
246 891 132 27 omröstning
400 891 47 22 icke
469 892 69 21 skulle
560 891 135 25 verkställas,
715 891 64 21 innan
793 890 117 27 höglofliga

91 919 87 22 ståndet
191 919 39 22 har
244 920 42 21 fått
300 919 35 22 del
350 920 24 21 af
386 921 172 26 presteståndets
573 920 107 22 allmänna
690 920 129 25 diskussion,
831 920 79 20 önskar

89 949 37 27 jag
148 948 90 27 påpeka,
259 950 33 20 att
308 948 75 28 frågan
401 948 67 22 redan
484 951 24 19 är
521 950 33 21 för
569 948 67 22 andra
651 948 83 28 gången
750 948 105 26 bordlagd
870 948 40 21 och

92 978 38 20 det
144 976 46 22 står
205 976 143 28 uttryckligen
363 977 7 21 i
386 977 10 27 8
413 979 25 19 56
455 978 23 21 af
485 978 23 21 L.
520 978 24 22 O.
556 977 108 27 stadgadt,
676 979 38 24 att,
726 976 29 22 dä
764 977 67 21 saken
841 976 70 28 tredje

92 1006 84 26 gängen
191 1004 148 28 förekommer,
354 1006 56 21 skall
426 1006 41 21 den
482 1006 32 21 till
530 1006 114 27 afgörande
659 1006 115 26 företagas.

160 1033 57 22 Herr
231 1034 73 22 Rein:
320 1034 28 21 Jag
376 1035 42 21 kan
433 1035 48 22 icke
496 1035 114 22 underläta
623 1036 33 20 att
670 1034 70 22 uttala
749 1034 43 21 min
802 1033 110 27 förväning

94 1062 58 23 öfver
172 1062 41 22 den
233 1063 122 21 sällsamma
370 1063 136 27 omkastning
521 1064 6 21 i
543 1062 119 29 opinionen,
678 1069 46 16 som
738 1069 50 15 man
802 1062 35 22 vid
853 1062 59 21 detta

93 1091 83 22 tillfälle
198 1091 42 22 fått
259 1091 103 22 bevittna.
392 1092 33 22 Då
443 1092 24 22 L.
487 1093 24 21 O.
534 1093 52 22 1869
603 1092 55 21 hade
674 1093 114 25 emanerat,
804 1091 108 21 uttalades

93 1120 47 22 frän
159 1119 52 23 flere
230 1120 42 22 häll
288 1120 90 27 äsigten,
394 1123 36 20 att
442 1121 64 22 bland
522 1121 69 22 denna
605 1121 23 21 L.
646 1121 36 21 O:s
698 1120 77 27 mänga
789 1120 124 27 förtjenster

95 1149 40 22 och
157 1148 123 23 företräden
302 1148 87 23 framför
408 1150 41 22 den
465 1150 59 22 äldre
540 1149 116 27 ordningen
673 1149 66 22 ocksä
754 1155 38 15 var
806 1149 41 21 den
862 1150 50 24 rätt,

95 1184 45 15 som
163 1178 8 21 i
193 1178 13 26 &
229 1179 26 20 47
275 1177 97 28 medgafs
392 1178 117 22 ständerna
524 1181 32 19 att
571 1178 158 22 sammanträda
744 1177 32 22 till
791 1183 123 20 gemensam

96 1206 164 27 öfverläggning.
284 1207 43 22 Det
342 1206 108 23 framhölls
466 1207 49 22 med
531 1209 77 24 värme,
624 1208 33 19 att
669 1207 47 27 just
731 1206 69 21 denna
810 1205 104 26 rättighet

95 1235 148 28 möjliggjorde
263 1236 31 20 ett
314 1235 75 27 utbyte
410 1235 22 22 af
450 1235 81 27 äsigter
546 1236 26 21 de
588 1235 106 22 särskilda
709 1235 92 21 ständen
816 1234 98 26 emellan,

96 1269 46 16 som
157 1269 51 16 vore
223 1263 79 27 egnadt
316 1265 33 20 att
364 1263 7 21 i
386 1263 47 22 icke
447 1263 61 27 ringa
522 1270 50 16 mon
582 1263 132 28 undanrödja
725 1262 42 22 den
776 1263 138 26 fyrkammar-

96 1293 115 26 systemets
227 1291 120 28 olägenhet,
360 1293 33 20 att
403 1293 150 21 diskussionen
564 1298 50 21 eger
624 1298 48 15 rum
682 1292 28 27 pä
719 1291 46 28 fyra
775 1291 71 21 skilda
855 1291 59 22 kam-

96 1327 42 15 rar.
167 1321 50 21 Man
239 1319 68 24 finner
326 1320 119 23 emellertid
464 1327 36 20 nu,
516 1323 33 19 att
564 1327 26 15 en
605 1322 89 19 motsatt
710 1320 86 27 opinion
811 1320 57 26 gjort
883 1320 33 25 sig

97 1349 99 26 gällande
219 1348 41 21 och
281 1349 40 21 här
335 1348 70 22 funnit
419 1349 86 28 uttryck
520 1355 76 20 genom
606 1348 52 22 flere
674 1349 64 20 ärade
754 1348 74 25 talare,
844 1347 72 22 hvilka

97 1377 101 22 betrakta
212 1376 150 23 institutionen
378 1377 22 21 af
412 1377 86 27 plennm
513 1377 110 27 plenorum
639 1383 25 14 ur
680 1383 25 14 en
720 1376 46 22 helt
782 1382 69 15 annan
867 1381 49 22 syn-

98 1405 76 28 punkt,
197 1404 41 23 och
259 1405 54 28 hysa
336 1412 26 15 en
385 1405 82 29 afejord
488 1406 136 22 missiröstan
647 1411 35 16 om
701 1405 69 22 denna
784 1404 133 22 institutions

98 1435 112 28 praktiska
232 1440 62 21 gagn.
324 1435 42 27 Jag
385 1435 85 27 tillstär,
489 1436 32 21 att
533 1435 38 28 jag
586 1435 48 22 icke
648 1434 42 22 kan
706 1433 74 27 förstä,
797 1433 22 22 af
832 1433 86 22 hvilken

100 1464 114 27 anledning
230 1463 69 22 denna
315 1464 156 27 omkastning
460 1458 13 38 i
487 1464 110 22 tänkesätt
611 1463 7 23 i
632 1462 74 28 frägan
722 1465 36 26 egt
768 1469 52 16 rum.
842 1463 77 27 Nägon

102 1493 122 22 erfarenhet
239 1498 41 22 om,
296 1494 34 21 att
345 1493 63 22 dessa
422 1499 159 22 gemensamma
596 1492 172 23 sammanträden
786 1491 69 22 skulle
868 1498 52 15 vara

101 1522 23 23 af
143 1521 51 29 föga
212 1528 62 21 gagn,
294 1521 114 24 förefinnes
426 1522 54 27 icke,
497 1524 21 27 ty
534 1521 115 24 ständerna
663 1521 63 23 hafva
740 1521 96 28 betjenat
851 1521 33 28 sig
899 1519 23 24 af
