1067 1709
438 109 42 19 Den
492 110 10 17 2
514 109 44 23 Maj.
828 113 41 21 729

78 180 99 17 resurser.
198 174 37 28 det
255 174 46 28 har,
321 176 105 22 snabbare
441 176 113 22 utvecklas
569 179 26 19 än
611 176 98 27 Savolax,
725 177 82 22 hvilket
821 184 29 15 nu
865 184 35 15 re-

78 202 50 28 dan,
142 203 137 25 om;'ecksä
271 198 13 39 i
294 204 105 24 afsaknad
413 204 24 22 af
446 205 121 28 jernvägar,
583 206 56 22 dock
655 206 31 21 till
701 206 52 27 följd
768 206 23 22 af
804 206 32 22 sin
851 208 49 20 när-

77 232 39 22 het
130 232 33 22 till
175 231 38 24 -de
235 234 60 20 stora
317 234 143 26 trafikeentra;
484 236 24 19 är
523 234 158 27 jämförelsevis
696 236 113 25 gynnsamt
825 234 75 22 stäldt.

76 260 65 22 Hvad
162 260 103 22 beträffar
286 261 27 21 de
328 262 6 20 i
349 262 61 26 fråga
424 262 94 21 varande
533 262 160 22 landsdelarnes
704 263 197 21 konsumtionsför-

78 289 69 26 måga,
163 289 26 21 så
203 289 40 23 har
252 289 49 21 herr
311 290 110 22 Hackman
431 290 31 28 på
469 290 69 26 grund
549 290 23 22 af
578 291 105 27 importen
690 291 7 21 i
705 291 89 26 Wiborg
803 292 50 20 sökt
860 292 39 26 på-

78 317 57 28 visa,
143 319 33 19 att
186 317 91 22 Savolax
289 317 245 29 konsumtionsförmåga
541 324 51 16 vore
601 319 130 27 ojämförligt
738 320 85 26 mycket
831 321 70 21 större

78 348 27 18 än
122 342 157 25 Österbottens.
304 346 68 22 Äfven
387 348 28 26 på
429 348 61 21 detta
504 347 120 27 påstående
638 348 41 21 kan
692 348 40 26 jag
746 348 48 21 icke
805 348 32 21 till
847 348 53 22 fullo

78 374 56 27 ingå.
157 374 113 22 Erkännas
285 375 69 22 måste
370 376 39 21 och
425 376 94 21 erkänna
533 376 37 21 vill
582 376 44 27 jag,
642 378 34 20 att
685 382 27 16 en
723 379 46 19 stor
781 376 34 22 del
828 376 23 22 af
856 377 44 21 Wi-

78 403 65 27 borgs
158 403 79 27 import
248 403 48 28 just
313 404 76 22 hänför
402 405 34 27 sig
451 404 32 22 till
494 404 92 22 Savolax
596 404 40 22 och
647 405 32 21 till
691 406 40 21 den
742 405 103 27 Jandsort,
854 412 47 15 som

78 432 89 22 beröres
182 432 23 21 af
218 432 73 22 Saima
304 433 134 27 vattendrag,
455 440 48 15 men
519 434 69 21 denna
604 434 77 27 import
695 434 77 22 hänför
782 434 33 26 sig
825 434 34 21 väl
870 434 31 22 äf-

80 467 40 15 ven
137 461 33 21 till
186 461 27 21 de
228 462 59 21 öster
303 468 34 15 om
353 461 72 23 Saima
439 462 128 27 vattendrag
582 462 91 27 belägna
683 463 118 26 trakterna,
812 463 89 22 likasom

82 490 72 26 ocksä,
171 490 69 21 ehuru
255 490 48 22 icke
318 491 7 20 i
339 490 45 22 lika
398 491 43 27 hög
456 491 59 27 grad,
531 491 32 21 till
578 491 41 21 den
632 491 97 22 landsort
738 492 85 21 hvilken
834 492 69 27 ligger

81 518 63 26 kring
161 518 94 27 Ladoga.
285 519 112 22 Huruvida
413 520 70 21 denna
497 520 59 21 trakt
571 519 99 22 Savolax-
685 520 100 26 Karelen,
801 526 47 16 som
863 520 42 22 fal--

82 547 32 21 ler
130 548 59 20 öster
204 553 34 15 om
254 547 71 22 Saima
339 548 129 27 vattendrag
482 548 85 22 komme
582 550 33 19 att
629 548 98 28 betjenas
742 548 24 22 af
779 549 40 21 den
835 549 67 22 nufö-

82 575 100 27 reslagna
195 576 110 22 mellersta
320 577 132 26 stambanan,
468 577 69 22 skulle
548 577 37 27 jag
600 577 56 27 väga
671 578 100 26 temligen
787 578 70 21 starkt
867 578 36 21 be-

82 604 64 22 tvifla.
185 604 40 22 Om
247 612 48 15 man
318 611 36 16 ser
375 606 28 26 pä
418 606 42 21 den
478 606 88 27 bilagda
579 606 83 26 kartan,
678 607 25 21 sä
716 606 69 22 finner
799 612 55 21 man,
869 608 34 20 att

82 633 144 22 folktätheten
241 634 41 22 och
297 634 150 27 folkmängden
462 635 8 21 i
484 636 111 20 trakterna
610 636 58 20 öster
682 641 35 15 om
733 636 72 21 Saima
819 637 83 20 vatten-

83 663 53 26 drag
158 662 49 22 icke
229 669 64 21 synes
316 664 25 21 sä
363 663 120 27 obetydligt
498 666 70 20 större
582 665 27 19 än
625 666 72 20 vester
712 670 34 16 om
762 664 77 22 Saima.
869 664 35 22 Då

82 691 73 27 hvarje
170 691 138 22 konsumtion
323 692 69 22 mäste
407 698 64 16 anses
487 693 35 21 stä
536 693 8 21 i
557 692 71 22 direkt
636 692 108 23 beroende
754 692 23 22 af
785 693 118 27 folkmäng-

83 720 47 26 den,
146 720 43 21 kan
211 726 50 16 man
284 720 61 22 deraf
361 721 57 21 sluta
434 721 32 21 till
481 723 33 20 att
528 721 47 22 icke
591 727 26 15 en
633 721 25 21 sä
672 722 120 27 oväsentlig
807 722 34 22 del
857 722 48 26 gätt

82 749 33 21 till
131 749 65 21 dessa
218 750 84 21 trakter
316 751 59 21 öster
393 756 34 15 om
443 750 77 26 Saima,
536 750 84 22 således
636 750 88 27 trakter,
741 757 46 15 som
803 754 36 18 äro
855 750 48 22 full-

82 778 91 27 komligt
186 778 131 22 främmande
332 779 33 22 för
380 779 40 21 den
436 786 28 14 nu
479 779 6 21 i
501 779 60 27 fräga
572 779 94 21 varande
675 780 172 26 jernvägslinien.
871 780 33 20 En

84 814 69 14 annan
176 806 34 22 del
233 807 23 21 af
275 808 107 27 importen
400 807 76 23 hänför
491 808 33 26 sig
539 808 32 22 till
586 808 138 22 kusttrakten
739 808 62 27 kring
815 808 89 26 Wiborg

85 836 39 21 och
139 836 96 21 kommer
249 836 49 22 icke
313 837 7 21 i
335 837 65 27 nägot
414 836 108 22 beroende
538 837 23 21 af
574 837 70 21 denna
653 836 61 22 bana.
729 837 116 21 Betraktar
855 843 49 15 man

84 866 98 20 närmare
197 864 27 22 de
239 864 118 22 förnämsta
372 866 198 27 exportartiklarne,
586 867 46 20 tror
644 865 38 27 jag
696 866 40 21 den
752 866 82 27 ganska
844 867 61 20 stora

85 893 72 22 siffran
179 893 66 27 något
259 894 122 22 reduceras.
414 894 32 21 De
462 894 118 21 förnämsta
594 894 193 27 exportartiklarne
801 896 37 20 äro
853 894 52 27 mjöl

85 922 40 22 och
141 922 97 27 spanmål
254 925 57 19 samt
323 923 55 27 jern.
407 923 43 21 Det
466 923 50 27 mjöl
532 923 40 21 och
587 922 96 28 spanmål
699 929 46 15 som
761 924 47 26 gått
822 924 33 20 till
866 923 38 21 Sa-

84 951 67 26 volax,
167 950 86 28 bevisar
267 951 34 21 väl
317 952 47 21 icke
379 953 33 19 att
423 951 90 22 Savolax
523 951 245 27 konsumtionsförmåga
776 952 69 21 skulle
853 958 52 15 vara

85 981 69 20 större
171 981 26 20 än
214 980 157 24 Österbottens,
387 986 48 16 men
451 986 34 15 om
494 980 70 22 denna
572 980 184 27 spanmålsexport
763 981 56 21 varit
827 982 77 25 större,

85 1008 25 22 så
132 1008 40 22 har
187 1008 37 22 det
245 1008 55 22 varit
316 1009 89 21 emedan
421 1010 65 20 dessa
500 1009 84 21 trakter
598 1009 131 27 producerat
743 1009 82 22 mindre
840 1016 65 20 span-

85 1037 43 21 mål
143 1037 40 21 och
197 1043 60 16 mera
271 1040 36 18 äro
323 1038 7 20 i
345 1037 65 22 behof
424 1037 66 22 deraf.
521 1038 39 20 Om
576 1044 49 15 man
642 1038 69 21 dertill
726 1038 75 26 lägger
816 1040 31 20 att
863 1038 41 21 den

86 1066 169 21 österbottniska
276 1066 121 22 kustbanan
416 1066 48 22 icke
484 1066 38 27 går
538 1072 75 21 genom
629 1066 160 26 kuststäderna,
805 1068 52 20 utan
873 1069 33 19 att

86 1100 26 16 en
129 1094 33 22 del
178 1094 24 22 af
219 1095 214 27 spanmålsimporten
453 1095 47 21 från
516 1095 107 27 Ryssland
639 1095 64 22 söker
717 1095 33 26 sig
765 1101 39 21 per
816 1095 92 27 jernväg

86 1122 59 22 öfver
163 1122 149 27 Tammerfors,
335 1124 85 21 således
440 1124 48 21 icke
503 1129 63 21 synes
581 1123 7 21 i
604 1124 63 21 dessa
682 1123 85 22 städers
783 1124 124 26 tullspecia-

85 1152 39 25 ler,
147 1152 26 21 så
191 1154 46 19 tror
249 1152 38 27 jag
301 1152 111 21 skilnaden
428 1152 47 22 icke
490 1152 41 21 blir
545 1152 33 20 till
593 1151 82 22 förmån
689 1152 34 22 för
738 1152 27 21 de
780 1152 127 21 savolaxska

85 1180 103 22 banorna.
224 1180 138 22 Beträffande
383 1181 67 21 sedan
472 1181 26 21 de
520 1180 57 21 båda
596 1180 105 22 banornas
716 1180 70 26 trafik,
802 1180 39 21 har
856 1180 51 22 herr

85 1208 112 22 Hackman
221 1209 83 26 erkänt,
327 1210 34 20 att
381 1208 150 22 lokaltrafiken
552 1209 62 21 torde
629 1208 64 22 blifva
709 1210 71 21 större
794 1209 28 27 på
838 1210 68 20 öster-

85 1237 112 23 bottniska
218 1238 70 21 banan
310 1239 27 19 än
351 1238 29 26 pä
399 1238 90 21 Savolax
504 1238 76 25 banan,
595 1243 48 15 men
659 1244 64 14 anser
737 1238 33 21 att
785 1237 7 21 i
805 1237 103 22 afseende

86 1266 14 20 å
121 1266 42 21 den
184 1266 161 27 genomgående:
365 1266 91 22 trafiken
475 1268 33 20 ett
526 1268 91 19 motsatt
632 1265 132 23 förhållande
779 1266 71 22 skulle
865 1272 42 21 ega

86 1300 52 16 rum.
175 1294 49 22 Han
246 1295 39 21 har
303 1294 74 22 dervid
399 1294 124 26 framhållit,
546 1296 32 20 att
600 1300 26 15 en
643 1294 90 27 jernväg
746 1294 70 22 måste
831 1297 78 19 närma

85 1323 147 27 producenten
253 1324 33 20 till
303 1324 164 24 konsumenten,
487 1330 49 14 men
552 1323 39 27 jag
606 1323 69 21 skulle
688 1323 49 21 icke
751 1326 42 22 tro,
809 1325 33 19 att
856 1329 50 15 man

85 1351 41 21 bör
140 1350 54 21 fatta
209 1351 61 21 detta
285 1351 116 21 närmande
416 1351 72 21 såsom
504 1350 93 22 varande
613 1352 32 19 ett
658 1351 117 20 närmande
786 1350 23 22 af
818 1350 37 21 det
861 1356 45 15 ma-

86 1378 115 23 tematiska
216 1379 115 25 afståndet,
347 1380 52 20 utan
413 1379 62 21 detta
490 1378 116 22 närmande
621 1378 43 21 kan
678 1378 95 27 försiggå
783 1378 125 26 derigenom

86 1409 33 21 att
133 1409 138 25 transporten
285 1407 134 22 underlättas
434 1413 77 21 genom
523 1407 121 27 jernvägar.
675 1406 40 22 Om
729 1407 21 21 vi
765 1408 52 25 taga
827 1408 33 20 ett
870 1413 37 15 en-

86 1436 68 22 skildt
167 1436 102 27 exempel,
284 1436 108 28 nämligen
406 1436 177 22 Fredrikshamns
599 1436 60 21 stads
669 1435 133 22 förhållande
813 1436 31 21 till
855 1436 52 21 Hel-

87 1465 98 28 singfors,
205 1465 122 27 Jernvägen
345 1466 40 21 har
399 1465 116 27 ingalunda
529 1466 84 20 närmat
627 1464 166 22 Fredrikshamn
808 1464 33 22 till
855 1464 54 22 Hel-

87 1494 101 28 singfors;
210 1494 47 22 icke
278 1494 50 22 dess
346 1494 82 22 mindre
442 1494 40 27 går
495 1494 92 22 trafiken
600 1494 91 22 emellan
706 1494 64 21 dessa
784 1494 76 22 städer
874 1493 34 22 öf-

87 1530 37 17 ver
135 1524 118 28 jernvägen
268 1524 41 21 och
323 1523 97 28 betjenas
436 1523 72 22 bättre
523 1522 22 22 af
559 1523 47 22 den.
636 1522 31 22 På
681 1528 82 16 samma
773 1525 44 19 sätt
827 1522 81 23 förhål-
