1073 1703
418 131 42 19 Den
471 132 23 17 25
505 131 59 23 April.
828 127 40 20 639

82 192 32 21 ett
128 190 67 24 skede
211 193 36 20 äro
263 192 86 28 mycket
364 191 58 23 öfver
437 194 28 20 20
480 194 64 25 verst,
561 192 26 22 22
603 192 41 22 och
659 193 27 20 24
701 192 66 22 verst.
782 190 116 23 Dessutom

81 220 63 21 hafva
165 220 20 21 vi
199 220 64 27 länge
279 219 55 23 haft:
347 215 111 38 distanser,
474 226 46 16 som
535 220 92 29 uppgått
641 220 33 21 till
689 222 26 20 25
731 222 60 20 verst
805 220 40 22 och
860 220 38 22 der

80 248 64 22 hafva
165 248 91 22 resande
277 248 107 22 framförts
412 250 49 20 med
481 227 121 49 skjutshäst
624 250 52 20 utan
697 248 117 28 olägenhet
835 248 63 22 hvar-

80 276 41 22 ken
144 276 33 22 för
199 277 40 21 den
255 284 41 15 ena
311 276 52 22 eller
378 277 72 22 andra.
481 277 41 27 Jag
536 278 39 21 ber
590 276 21 22 få
630 276 74 22 anföra
724 279 57 19 ännu
804 278 32 20 ett
850 277 47 21 skäl

80 305 32 21 till
128 304 49 22 stöd
192 305 85 22 hvarför
293 305 36 22 det
344 305 114 27 önskades,
473 307 33 20 att
525 305 109 23 afståndet
652 305 70 22 skulle
736 305 23 22 få
773 305 124 22 utsträckas

81 333 31 21 till
128 335 27 19 25
171 336 65 24 verst,
251 334 106 26 nämligen
373 336 32 19 att
420 340 35 15 om
470 340 25 15 en
512 335 139 26 entreprenör
665 334 69 21 skulle
750 333 66 28 åtaga
830 333 33 28 sig
870 340 28 15 en

80 361 87 22 sträcka
189 362 89 21 emellan
299 364 78 20 tvänne
391 361 55 22 ifrån
461 362 120 22 hvarandra
595 369 59 15 mera
669 362 95 27 aflägsna
779 364 64 24 orter,
859 362 38 22 der

81 390 37 22 det
132 390 69 22 skulle
216 391 85 22 komma
317 392 32 21 att
363 391 81 27 uppstå
457 390 51 23 flere
524 391 155 28 gästgifverier,
695 391 42 22 han
747 391 28 22 då
785 390 66 23 borde
860 391 36 21 be-

79 419 90 27 rättigas
185 421 33 20 att
232 419 130 22 åtminstone
377 419 22 22 få
413 419 65 22 ställa
492 420 64 22 dessa
570 419 150 28 gästgifverier
733 419 29 28 på
777 419 33 22 för
819 419 78 22 honom

79 447 97 28 lämpligt
196 448 70 27 ställe,
282 448 40 22 och
339 449 36 22 det
389 449 42 21 kan
446 449 72 21 hända
532 450 33 21 att
580 448 41 23 han
636 455 63 16 anser
713 450 27 20 25
757 450 58 21 verst
829 448 67 27 lämp-

80 477 63 27 ligast
158 477 40 22 och
214 479 32 19 att
264 477 42 22 han
325 483 66 22 gerna
406 477 43 22 kan
464 477 63 28 åtaga
541 477 34 27 sig
590 477 169 27 entreprenaden
775 477 48 22 med
837 477 61 22 detta

79 505 92 27 afstånd,
194 508 22 25 ty
237 506 42 21 han
301 507 26 20 är
348 507 139 26 entreprenör
506 506 28 27 på
553 506 49 22 hela
617 505 109 23 afståndet
740 506 41 22 och
796 505 102 23 behöfver

79 534 47 21 icke
141 533 46 23 föra
202 535 32 21 sin
254 535 50 21 häst
323 534 90 22 tillbaka
432 537 51 19 utan
501 535 76 28 skjuts,
593 537 52 20 utan
661 535 42 22 kan
718 535 49 22 med
782 534 42 23 den
839 534 58 23 åter-

79 563 72 21 hemta
165 569 25 15 en
207 569 70 16 annan
292 563 98 22 resande.
406 562 73 23 Också
494 566 32 19 ett
541 563 47 22 skäl
604 569 45 16 som
665 564 56 21 talar
731 563 33 22 för
774 565 32 20 att
817 563 80 22 afstån-

82 591 37 22 det
134 591 47 22 icke
198 592 39 21 bör
251 592 128 22 inskränkas
395 592 38 22 allt
448 591 33 22 för
495 593 90 27 mycket.

145 621 56 21 Herr
216 628 40 15 von
271 621 117 22 Alfthan:
405 621 40 22 Till
461 621 56 22 hvad
531 621 73 28 grefve
618 621 92 22 Armfelt
723 623 74 26 yttrat,
812 620 39 23 ber
858 621 39 28 jag

79 651 32 20 att
133 651 55 20 ännu
211 649 21 22 få
254 650 89 27 tillägga
364 652 33 20 att
416 651 64 21 dessa
495 650 45 27 ord,
557 657 45 16 som
618 650 85 22 komma
718 650 55 23 efter
788 651 26 20 25
829 651 66 26 verst,

80 678 87 27 »derest
184 679 47 21 icke
251 679 106 21 särskilda
375 679 184 27 omständigheter
577 679 109 27 undantag
700 678 131 28 föranleda”,
846 679 49 21 icke

78 706 63 23 hafva
148 706 101 23 afseende
257 708 28 26 på
300 707 70 27 vanlig
385 707 195 29 gästgifveriskjuts
595 708 28 27 på
632 707 163 28 landsvägarne,
806 710 51 19 utan
865 706 31 22 fö-

78 736 130 22 reträdesvis
229 736 45 22 afse
293 736 82 22 sådana
389 736 153 27 förhållanden,
557 743 46 16 som
619 742 41 22 ega
675 742 46 16 rum
735 736 8 22 i
758 736 137 28 skärgården,

80 764 40 22 och
136 765 67 21 också
217 765 32 21 uti
263 771 64 16 norra
341 764 62 23 delen
419 765 22 21 af
454 765 119 28 Uleåborgs
589 766 42 26 län,
647 765 38 22 der
700 772 49 15 man
760 766 85 26 mycket
852 764 44 22 fär-

79 794 37 21 das
132 794 48 22 med
196 794 108 27 båtskjuts
320 794 40 22 och
376 794 38 22 der
428 794 125 28 nybyggena
568 796 37 20 äro
620 794 29 28 på
659 794 25 22 så
692 794 61 28 långt
761 793 91 27 afstånd,
863 795 33 20 att

78 828 34 16 om
128 828 48 16 man
191 823 69 21 skulle
276 829 51 16 vara
341 822 121 27 ovilkorligt
477 824 85 21 bunden
581 823 33 21 vid
630 825 33 19 ett
676 823 109 22 bestämdt
799 824 97 20 verstan-

78 851 35 26 tal,
130 858 48 15 man
193 852 48 21 icke
256 851 69 22 skulle
340 851 73 22 kunna
420 852 79 21 inrätta
508 851 148 27 gästgifverier
665 853 52 20 utan
725 850 104 28 ofantliga
835 851 60 22 kost-

78 880 72 26 nader,
167 879 20 22 d.
204 887 18 14 v.
239 886 16 15 s.
275 886 77 21 genom
370 882 33 20 att
417 880 91 27 uppföra
523 880 107 23 särskilda
645 880 123 28 byggnader
781 880 33 22 för
830 880 64 22 ända-

78 909 71 27 målet,
165 908 82 23 hvilket
265 909 47 21 åter
327 910 54 21 nära
394 908 29 28 på
438 909 69 21 skulle
523 909 140 27 omöjliggöra
678 908 120 23 ordnandet
812 908 22 22 af
847 908 48 22 båt-

77 937 149 28 skjutsningen
245 938 8 20 i
269 938 64 22 dessa
348 938 89 22 trakter.
453 950 27 2 —
494 938 62 22 Hvad
572 938 67 21 sedan
654 938 65 22 dessa
734 939 26 20 25
778 939 57 21 verst
850 938 45 21 vid-

77 966 101 27 kommer,
195 967 24 21 så
235 969 36 19 äro
287 967 26 21 de
329 966 90 22 afsedda
433 966 33 22 för
479 967 84 27 vanliga
570 966 128 28 landsvägar
708 966 72 22 såsom
790 968 32 20 ett
829 966 65 22 maxi-

78 1001 62 20 mum,
157 994 72 23 såsom
245 998 32 18 ett
291 994 158 28 undantagsfall
463 995 33 21 för
511 998 33 19 att
558 994 23 25 få
594 995 52 22 flere
660 996 146 21 konkurenter
815 995 35 22 vid
858 1002 36 15 en-

77 1024 115 27 treprenad
214 1024 123 21 auktionen.
352 1036 29 3 —
395 1023 38 22 Att
454 1024 66 26 något
542 1023 130 28 djurplågeri
687 1023 122 28 derigenom
824 1023 71 22 skulle

76 1051 156 27 sanktioneras,
255 1054 46 20 tror
319 1052 39 27 jag
379 1052 48 22 icke
449 1054 24 19 är
487 1052 70 28 någon
572 1053 76 21 rättvis
663 1052 140 27 beskyllning,
819 1051 29 22 då
861 1054 34 19 ut-

76 1081 83 21 skottet
173 1081 63 21 tänkt
251 1081 39 27 sig,
306 1082 33 21 att
354 1082 166 26 entreprenören
536 1080 47 23 utaf
597 1082 50 26 eget
662 1081 91 22 intresse
768 1081 84 22 komme
863 1082 33 20 att

77 1109 63 22 blifva
161 1109 112 22 föranledd
296 1111 33 20 att
347 1110 8 21 i
370 1109 81 22 sådana
465 1109 159 28 undantagsfall
639 1109 58 22 hålla
717 1111 32 20 ett
767 1111 70 20 större
857 1115 38 16 an-

76 1138 30 22 tal
128 1138 80 21 hästar.
223 1150 28 3 —
266 1139 42 21 Det
330 1141 25 19 är
378 1139 191 26 entreprenörerne
591 1138 79 21 tillåtet
689 1138 33 22 att
737 1137 33 23 för
783 1138 37 21 det
834 1138 59 22 antal

76 1167 101 27 skjutsar,
193 1173 46 15 som
255 1167 27 21 de
297 1166 64 22 hafva
376 1168 33 20 att
423 1173 90 15 ansvara
522 1167 39 26 för,
571 1166 58 22 hålla
639 1167 37 21 två
687 1166 130 28 tredjedelar
828 1166 23 22 af
857 1173 38 15 an-

74 1195 54 21 talet
143 1194 80 22 hästar.
253 1194 70 23 Blifva
337 1195 71 21 hållen
423 1195 80 27 längre,
519 1196 25 21 så
559 1196 24 21 är
598 1195 37 21 det
649 1201 27 15 en
692 1195 93 27 naturlig
791 1194 59 28 följd,
862 1196 34 20 att

75 1224 166 27 entreprenören
256 1224 96 22 kommer
367 1225 32 20 att
414 1222 58 23 hålla
487 1226 32 19 ett
534 1225 70 20 större
619 1224 59 21 antal
688 1224 81 26 hästar,
780 1225 27 20 än
817 1223 43 22 han
871 1225 24 19 är

75 1251 138 29 förpligtigad
228 1252 32 22 till
275 1252 33 22 för
323 1254 33 20 att
371 1252 47 22 icke
434 1252 64 22 blifva
512 1255 81 24 tungen
610 1252 32 21 till
658 1254 33 20 att
705 1252 86 27 skjutsa
799 1252 37 22 två
842 1252 53 27 gån-

75 1287 38 20 ger
128 1286 33 16 om
178 1281 75 27 dagen.
269 1292 27 4 —
308 1280 130 23 Inskränker
452 1287 48 15 man
515 1281 69 22 hållet
599 1281 86 21 absolut
700 1280 33 22 till
747 1282 28 20 20
790 1283 64 24 verst,
870 1280 26 22 så

74 1311 45 19 tror
139 1310 43 26 jag,
202 1312 33 19 att
252 1316 49 15 man
312 1309 33 27 pä
359 1309 50 22 herr
424 1309 23 21 af
461 1309 111 22 Forselles”
587 1309 85 22 hemort
686 1311 77 25 genast
777 1309 96 22 kommer
887 1309 8 21 i

74 1337 134 26 förlägenhet
228 1343 34 15 om
285 1344 49 15 man
352 1337 47 21 från
420 1337 69 22 Elimä
507 1338 66 26 kyrka
589 1338 36 20 vill
639 1338 72 20 färdas
725 1338 33 20 till
770 1337 124 26 jernvägen.

74 1377 27 3 —
118 1365 65 22 Detta
197 1365 44 21 håll
257 1367 24 20 är
295 1365 34 22 för
343 1365 133 22 närvarande
491 1367 27 20 24
533 1367 59 20 verst
606 1365 53 26 högt
674 1365 40 22 och
729 1365 38 22 det
774 1364 80 23 företer
862 1365 33 21 åt-

74 1393 86 28 skilliga
175 1393 133 28 svårigheter
322 1395 33 20 att
370 1392 113 27 derstädes
498 1393 29 28 på
541 1394 66 22 annat
622 1395 45 20 sätt
682 1393 67 22 ordna
764 1393 73 22 saken.
852 1393 44 22 Det

76 1422 68 23 finnes
160 1422 66 28 något
240 1423 58 27 slags
313 1422 96 29 nybygge
424 1422 29 28 på
467 1422 72 23 halfva
553 1425 68 25 vägen
631 1428 49 16 men
691 1422 37 23 det
736 1424 25 20 är
767 1421 48 24 icke
823 1421 71 28 sagdt,

75 1453 33 20 att
123 1451 37 23 det
175 1453 25 20 är
214 1451 97 29 lämpligt
326 1451 32 23 till
373 1451 129 29 gästgifveri.
520 1463 23 4 —
561 1446 135 28 Åtminstone
711 1451 40 23 har
766 1451 129 24 kommunen

75 1481 48 23 icke
138 1481 101 22 besvärat
253 1481 33 28 sig
301 1480 105 28 häröfver,
421 1483 53 20 utan
489 1481 39 22 har
542 1481 67 22 saken
624 1481 26 22 så
664 1480 83 23 bestått
761 1481 8 22 i
783 1481 77 27 många
871 1480 24 23 år

76 1512 50 21 utan
142 1512 33 21 att
188 1510 64 23 hafva
266 1509 70 24 blifvit
350 1509 137 29 öfverklagad
503 1509 41 24 och
559 1510 61 22 detta
636 1510 89 22 oaktadt
741 1510 60 23 detta
815 1510 44 22 håll
870 1511 24 21 är

74 1540 83 27 ganska
171 1539 93 28 backigt,
281 1539 128 23 ätminstone
425 1539 29 28 pä
468 1539 71 23 halfva
553 1539 110 23 sträckan.
