1053 1709
191 120 41 20 508
490 118 42 17 Den
546 118 20 16 12
578 117 58 23 April.

164 183 82 27 gående
256 182 105 27 reglering
368 182 313 27 afrustningsförmånerna
641 177 34 37 och
688 182 119 26 afgifterna.
818 182 50 21 Men
873 188 34 15 om
911 182 36 26 jag
955 177 29 37 pä:

164 212 69 20 denna
240 214 41 23 väg
291 211 96 21 kommer
400 211 32 21 till
443 212 33 20 att
485 211 85 21 förorda
580 210 25 22 hr
615 210 117 22 Mechelins
742 210 87 26 förslag,
851 210 26 20 sä
884 210 50 21 sker
945 210 37 20 det

164 239 134 27 naturligtvis
309 239 69 21 under
388 239 40 21 den
438 239 160 27 förutsättning,
610 240 32 20 att
652 238 150 28 ridderskapet
812 238 40 22 och
863 238 62 21 adeln
933 238 50 21 icke

164 268 32 21 till
212 267 107 28 äfventyrs
333 267 84 22 komme
428 269 33 20 att
471 268 91 26 besluta,
573 269 33 20 att
616 266 195 28 vakausafgifterna
820 266 161 26 fortsättnings-

163 297 32 21 vis
212 297 69 21 skulle
297 297 99 26 utgöras;
413 297 40 20 och
468 296 132 21 beträifande
615 295 74 28 frägan
705 297 47 20 äter
767 302 34 15 om
817 296 64 21 dessa
891 295 90 22 vakans-

165 324 84 27 afgifter
271 325 26 21 sä
318 325 38 22 ber
375 325 38 27 jag
435 326 33 20 att
489 325 22 21 få
526 325 72 21 såsom
613 325 43 21 min
671 325 86 26 mening
772 324 112 22 framhålla
899 325 33 20 att
945 324 37 27 jag

164 354 28 27 pä
207 354 27 21 de
249 353 54 26 skäl,
317 353 37 27 jag
369 353 46 22 haft
430 355 52 19 äran
497 355 83 24 nämna,
597 355 24 19 är
635 353 59 26 villig
709 355 33 20 att
756 353 74 22 bifalla
845 352 31 22 till
891 353 91 21 vakans-

165 381 100 27 afgiftens
287 381 47 22 frän
357 382 40 21 och
419 381 49 22 med
492 383 54 20 1882
566 382 33 21 ärs
616 382 81 26 utgäng
712 381 147 28 upphörande,
878 387 49 15 men
946 387 36 15 en-

166 411 48 21 dast
228 411 48 20 med
291 409 38 22 det
344 410 129 27 uttryckliga
488 411 73 25 vilkor,
576 412 34 19 att
624 416 26 15 en
666 411 25 20 sä
705 410 79 27 lindrig
793 410 65 27 ligvid
867 410 48 21 med
925 411 57 20 rust-

165 439 71 22 hållen
259 440 63 25 göres
346 444 45 16 som
415 439 39 21 den
477 438 71 27 grefve
564 439 89 21 Armfelt
667 439 113 26 föreslagit
795 439 40 21 och
849 439 86 21 hvilken
951 437 34 22 öf-

165 469 180 20 verensstämmer
359 468 50 20 med
423 467 50 21 herr
487 467 117 22 Mechelins
618 467 85 26 förslag.

233 495 57 22 Herr
311 495 106 22 Palmén.
448 496 42 21 Det
513 499 23 18 är
556 496 67 21 sällan
643 502 47 15 som
708 502 27 15 en
750 496 40 21 sak
804 495 90 22 kommit
909 495 25 21 sä
949 494 34 22 väl

166 524 40 22 och
226 524 147 27 omsorgsfullt
389 524 115 21 förberedd
524 525 68 21 under
608 524 126 21 ständernas
750 523 98 28 pröfning
864 530 46 15 som
925 525 57 20 rust-

165 553 131 26 hällsfrägan
310 553 8 20 i
333 553 69 22 denna
417 553 71 21 stund.
518 553 46 21 Den
580 553 121 26 utredning,
717 559 46 15 som
778 552 46 21 frän
839 552 105 21 hvardera
955 552 28 21 si-

167 582 41 21 dan
230 581 69 22 blifvit
320 580 116 28 förebragt,
460 581 46 21 dels
522 582 7 20 i
544 581 180 22 skatlekomitöns
747 581 40 21 och
807 581 176 22 statsutskottets

165 610 157 25 betänkanden,
347 609 44 22 dels
414 611 7 20 i
437 610 26 21 de
487 610 69 21 dertill
576 610 77 26 fogade
672 610 186 21 reservationerna
873 611 29 24 är,
919 615 64 21 synes

167 639 43 25 det,
226 638 115 27 tillräcklig
355 638 33 21 för
403 640 33 19 att
451 639 64 20 ställa
530 639 66 21 saken
611 639 6 20 i
633 639 47 20 sina
694 638 134 27 hufvuddrag
840 638 6 21 i
857 638 84 21 klarhet
951 636 33 23 för

170 667 85 22 enhvar.
285 667 42 26 Jag
346 673 63 15 anser
427 667 43 26 mig
492 667 70 21 derför
580 667 48 22 icke
642 667 54 21 böra
710 667 50 26 ingä
775 667 31 21 uti
822 667 77 26 mänga
915 666 68 21 detal-

164 696 41 27 jer,
229 696 28 21 dä
277 696 37 27 jag
336 696 39 26 gär
397 697 32 20 att
450 695 95 22 försvara
568 702 25 15 en
609 696 62 26 äsigt,
688 701 46 16 som
750 695 39 22 här
804 695 116 22 tillsvidare
935 695 48 21 icke

166 724 69 22 blifvit
257 723 138 25 understödd.
426 724 33 21 Då
482 724 60 22 detta
564 725 75 20 ständs
662 724 100 26 samtliga
783 725 175 26 representanter
976 723 8 21 i

167 753 164 21 statsutskottet
352 752 63 22 hafva
436 753 68 27 inlagt
523 753 131 22 reservation
669 755 45 19 mot
730 753 36 21 det
781 753 78 25 beslut,
875 752 60 21 hvari
949 753 35 20 ut-

167 782 82 21 skottet
271 783 93 24 stannat,
385 781 39 22 och
443 781 41 22 alla
500 782 96 26 chancer,
612 784 33 18 att
660 781 64 22 döma
739 781 22 22 af
775 781 40 21 den
830 781 8 21 i
853 781 42 27 dag
909 780 75 27 försig-

166 811 84 26 gängna
272 810 156 25 diskussionen,
453 812 36 19 äro
512 810 32 21 för
567 812 33 19 att
621 810 70 27 nägon
713 809 23 22 af
749 810 63 21 dessa
827 810 156 21 reservationer

167 839 57 21 skall
247 838 64 23 blifva
326 838 104 22 omfattad
450 839 22 21 af
485 838 115 28 höglofliga
615 839 161 27 ridderskapets
793 839 39 22 och
848 839 74 21 adelns
937 838 47 27 plu-

167 868 78 25 ralitet,
262 868 24 21 sä
301 869 61 25 tager
375 868 36 27 jag
426 868 43 26 mig
479 868 91 21 friheten
582 870 38 23 att,
632 868 28 21 all
671 868 41 21 den
723 868 64 21 stund
796 868 38 27 jag
843 867 48 22 icke
901 867 42 21 kan
953 867 31 21 bi-

167 897 63 20 träda
240 896 25 21 de
274 896 31 21 uti
313 896 6 21 i
327 895 60 27 fråga
395 897 92 21 varande
496 897 155 21 reservationer
658 896 127 22 framstälda
796 896 113 27 äsigterna,
914 895 71 22 vända

165 925 43 21 min
224 925 172 26 argumentering
416 927 57 19 emot
488 925 48 21 dem
552 925 39 22 och
606 926 8 20 i
628 925 90 21 främsta
733 927 91 19 rummet
839 927 44 19 mot
899 925 40 21 den
950 930 33 16 re-

167 954 113 25 servation,
304 959 46 16 som
373 955 23 20 är
418 953 91 27 afgifven
532 954 22 21 af
574 953 26 22 hr
618 953 106 22 Mechelin
740 955 57 20 samt
810 953 87 22 biträdd
913 953 22 21 af
948 953 36 21 fri-

166 982 63 21 herre
247 981 60 27 Boije
326 981 41 22 och
381 982 49 21 herr
446 981 146 28 Charpentier.
622 982 76 21 Denna
713 982 130 21 reservation
859 982 64 27 utgär
937 981 48 22 frän

166 1010 150 27 grundsatsen,
333 1012 32 19 att
380 1012 71 19 staten
467 1013 24 18 är
506 1011 84 27 skyldig
603 1013 32 19 att
645 1011 127 26 respektera
782 1010 202 22 rättsförhällanden

169 1039 39 22 och
231 1039 134 26 rättigheter,
389 1045 44 15 som
457 1041 70 20 staten
547 1039 49 33 sjelf
613 1039 38 21 har
666 1040 120 26 grundlagt.
816 1039 75 21 Denna
906 1039 79 27 grund-

166 1069 52 24 sats,
241 1073 34 15 om
297 1068 41 21 den
361 1067 65 22 också
448 1068 47 21 icke
517 1068 69 27 precis
602 1068 41 21 kan
658 1068 85 21 bevisas
762 1067 60 22 alltid
837 1067 63 22 hafva
915 1067 69 21 blifvit

165 1097 7 20 i
184 1084 37 33 akt
233 1097 72 25 tagen,
321 1098 24 19 är
360 1095 156 28 otvifvelaktigt
530 1097 71 26 riktig.
633 1095 28 22 Så
675 1097 85 26 mycket
776 1096 128 27 olyckligare
920 1101 63 27 synes

167 1124 43 25 mig
233 1124 96 21 deremot
349 1127 138 18 reservanten
510 1125 62 21 hafva
594 1114 110 42 tillämpat
721 1125 33 20 sin
773 1125 106 20 allmänna
894 1124 90 27 princip.

165 1152 56 21 Hela
244 1153 138 26 bevisningen
399 1153 65 26 utgår
478 1153 28 26 på
520 1155 33 19 att
567 1153 7 21 i
590 1153 94 26 ordalag,
700 1159 47 15 som
762 1153 67 21 delvis
846 1159 63 20 synas
925 1158 59 15 mera

167 1181 151 26 diplomatiska
337 1183 26 19 än
384 1181 77 21 exakta
476 1182 39 20 och
531 1181 111 26 träffande,
659 1182 54 20 söka
726 1181 50 21 leda
790 1182 7 20 i
812 1181 66 25 bevis,
895 1183 33 19 att
943 1181 41 21 den

167 1209 88 25 vakans,
278 1215 47 15 som
345 1209 70 22 blifvit
437 1215 76 20 genom
536 1209 119 28 Kejserliga
677 1209 123 22 manifestet
822 1209 22 22 af
866 1211 55 20 1810
943 1209 41 21 och

165 1237 144 27 kungörelsen
324 1237 24 21 af
362 1239 51 19 1811
430 1237 108 25 faststäld,
555 1237 69 22 skulle
639 1244 52 14 vara
699 1237 34 21 för
744 1238 27 21 all
782 1237 85 22 framtid
878 1238 105 25 bestämd,

165 1265 41 21 och
228 1266 33 20 att
274 1265 65 20 frihet
355 1264 47 22 från
417 1265 163 26 uppställandet
595 1265 23 20 af
630 1265 67 21 indelt
712 1265 102 21 kavalleri
830 1265 32 22 för
877 1265 29 21 all
921 1265 63 21 fram-

167 1292 31 22 tid
216 1292 69 22 blifvit
300 1291 23 23 af
336 1293 83 21 landets
435 1293 128 21 rusthållare
577 1293 127 26 medgifven.

233 1320 29 22 Af
275 1321 78 26 många
367 1321 48 21 skäl
430 1321 68 22 måste
511 1322 37 27 jag
563 1327 51 16 anse
628 1321 64 22 dessa
701 1321 115 22 slutsatser
826 1328 50 15 vara
885 1321 100 22 fullkom-

166 1350 40 26 ligt
228 1349 97 28 oriktiga.
355 1350 69 25 Först,
448 1351 48 20 sedt
514 1350 46 21 från
576 1349 89 22 häfdens
681 1350 40 22 och
737 1351 41 21 den
794 1350 97 27 gällande
907 1350 78 21 åskåd-

166 1378 89 27 ningens
271 1379 114 27 synpunkt,
400 1378 69 22 måste
484 1379 37 21 det
537 1379 96 26 betonas,
649 1381 33 20 att
691 1380 58 21 inom
759 1379 100 22 nationen
870 1379 40 22 och
920 1379 66 22 bland

165 1407 144 22 rusthållarne
332 1407 37 22 det
390 1407 115 27 ingalunda
523 1408 56 21 varit
594 1414 25 16 en
635 1408 99 26 gällande
748 1408 143 28 uppfattning,
907 1410 33 20 att
955 1407 32 22 al-

166 1436 46 28 drig
226 1436 67 27 något
308 1437 191 27 återupprättande
514 1436 22 22 af
545 1437 37 21 det
593 1437 80 21 indelta
684 1437 125 22 kavalleriet
818 1438 72 21 kunde
900 1438 87 21 komma

166 1465 6 21 i
187 1464 67 27 fråga.
285 1465 25 21 Vi
325 1465 91 21 behöfva
430 1466 48 20 icke
493 1466 27 25 gå
535 1465 59 26 långt
609 1465 32 21 för
657 1468 33 19 att
703 1466 59 21 finna
771 1466 60 21 bevis
841 1466 77 21 derför.
945 1466 42 26 Jag

166 1493 66 27 vågar
253 1493 67 27 fråga,
340 1500 35 14 om
389 1493 49 22 icke
454 1494 129 22 åtminstone
599 1496 32 20 ett
646 1496 55 20 stort
716 1495 65 26 antal,
796 1494 82 22 kanske
893 1494 96 22 flertalet

165 1521 23 21 ef
209 1522 59 21 detta
291 1522 73 22 stånds
387 1522 138 22 medlemmar
544 1522 40 22 har
598 1523 108 27 personlig
722 1523 121 22 erfarenhet
859 1523 26 27 af,
901 1525 33 19 att
949 1522 38 22 det
