<?xml version="1.0" encoding="UTF-8"?>
<alto xmlns="http://www.loc.gov/standards/alto/ns-v3#" xmlns:xlink="http://www.w3.org/1999/xlink" xmlns:xsi="http://www.w3.org/2001/XMLSchema-instance" xsi:schemaLocation="http://www.loc.gov/standards/alto/ns-v3# http://www.loc.gov/alto/v3/alto-3-0.xsd">
	<Description>
		<MeasurementUnit>pixel</MeasurementUnit>
		<sourceImageInformation>
			<fileName>/tmp/tess_vmvf3nvw_input.PNG</fileName>
		</sourceImageInformation>
		<OCRProcessing ID="OCR_0">
			<ocrProcessingStep>
				<processingSoftware>
					<softwareName>tesseract 5.3.4</softwareName>
				</processingSoftware>
			</ocrProcessingStep>
		</OCRProcessing>
	</Description>
	<Layout>
		<Page WIDTH="1070" HEIGHT="1703" PHYSICAL_IMG_NR="0" ID="page_0">
			<PrintSpace HPOS="0" VPOS="0" WIDTH="1070" HEIGHT="1703">
				<ComposedBlock ID="cblock_0" HPOS="439" VPOS="117" WIDTH="434" HEIGHT="23">
					<TextBlock ID="block_0" HPOS="439" VPOS="117" WIDTH="434" HEIGHT="23">
						<TextLine ID="line_0" HPOS="439" VPOS="117" WIDTH="434" HEIGHT="23">
							<String ID="string_0" HPOS="439" VPOS="117" WIDTH="41" HEIGHT="19" WC="0.96" CONTENT="Den"/><SP WIDTH="12" VPOS="117" HPOS="480"/>
							<String ID="string_1" HPOS="492" VPOS="119" WIDTH="11" HEIGHT="15" WC="0.96" CONTENT="2"/><SP WIDTH="12" VPOS="119" HPOS="503"/>
							<String ID="string_2" HPOS="515" VPOS="117" WIDTH="44" HEIGHT="23" WC="0.96" CONTENT="Maj."/><SP WIDTH="275" VPOS="117" HPOS="559"/>
							<String ID="string_3" HPOS="834" VPOS="119" WIDTH="39" HEIGHT="20" WC="0.86" CONTENT="731"/>
						</TextLine>
					</TextBlock>
				</ComposedBlock>
				<ComposedBlock ID="cblock_1" HPOS="79" VPOS="182" WIDTH="826" HEIGHT="1364">
					<TextBlock ID="block_1" HPOS="79" VPOS="182" WIDTH="826" HEIGHT="1364">
						<TextLine ID="line_1" HPOS="82" VPOS="182" WIDTH="822" HEIGHT="27">
							<String ID="string_4" HPOS="82" VPOS="182" WIDTH="181" HEIGHT="27" WC="0.95" CONTENT="kommissionens"/><SP WIDTH="15" VPOS="182" HPOS="263"/>
							<String ID="string_5" HPOS="278" VPOS="182" WIDTH="49" HEIGHT="22" WC="0.93" CONTENT="hela"/><SP WIDTH="15" VPOS="182" HPOS="327"/>
							<String ID="string_6" HPOS="342" VPOS="183" WIDTH="141" HEIGHT="26" WC="0.86" CONTENT="betänkande;"/><SP WIDTH="16" VPOS="183" HPOS="483"/>
							<String ID="string_7" HPOS="499" VPOS="189" WIDTH="48" HEIGHT="16" WC="0.93" CONTENT="men"/><SP WIDTH="15" VPOS="189" HPOS="547"/>
							<String ID="string_8" HPOS="562" VPOS="183" WIDTH="86" HEIGHT="22" WC="0.92" CONTENT="likvisst"/><SP WIDTH="14" VPOS="183" HPOS="648"/>
							<String ID="string_9" HPOS="662" VPOS="189" WIDTH="35" HEIGHT="15" WC="0.96" CONTENT="om"/><SP WIDTH="14" VPOS="189" HPOS="697"/>
							<String ID="string_10" HPOS="711" VPOS="183" WIDTH="41" HEIGHT="22" WC="0.93" CONTENT="den"/><SP WIDTH="15" VPOS="183" HPOS="752"/>
							<String ID="string_11" HPOS="767" VPOS="183" WIDTH="46" HEIGHT="22" WC="0.96" CONTENT="står"/><SP WIDTH="14" VPOS="183" HPOS="813"/>
							<String ID="string_12" HPOS="827" VPOS="183" WIDTH="8" HEIGHT="21" WC="0.93" CONTENT="i"/><SP WIDTH="13" VPOS="183" HPOS="835"/>
							<String ID="string_13" HPOS="848" VPOS="189" WIDTH="56" HEIGHT="16" WC="0.92" CONTENT="sam-"/>
						</TextLine>
						<TextLine ID="line_2" HPOS="83" VPOS="210" WIDTH="822" HEIGHT="27">
							<String ID="string_14" HPOS="83" VPOS="210" WIDTH="58" HEIGHT="23" WC="0.95" CONTENT="band"/><SP WIDTH="15" VPOS="210" HPOS="141"/>
							<String ID="string_15" HPOS="156" VPOS="211" WIDTH="49" HEIGHT="21" WC="0.96" CONTENT="med"/><SP WIDTH="10" VPOS="211" HPOS="205"/>
							<String ID="string_16" HPOS="215" VPOS="217" WIDTH="32" HEIGHT="20" WC="0.95" CONTENT="en"/><SP WIDTH="15" VPOS="217" HPOS="247"/>
							<String ID="string_17" HPOS="262" VPOS="217" WIDTH="69" HEIGHT="15" WC="0.93" CONTENT="annan"/><SP WIDTH="15" VPOS="217" HPOS="331"/>
							<String ID="string_18" HPOS="346" VPOS="212" WIDTH="56" HEIGHT="21" WC="0.91" CONTENT="bana"/><SP WIDTH="14" VPOS="212" HPOS="402"/>
							<String ID="string_19" HPOS="416" VPOS="214" WIDTH="26" HEIGHT="19" WC="0.97" CONTENT="är"/><SP WIDTH="13" VPOS="214" HPOS="442"/>
							<String ID="string_20" HPOS="455" VPOS="212" WIDTH="56" HEIGHT="21" WC="0.93" CONTENT="dock"/><SP WIDTH="10" VPOS="212" HPOS="511"/>
							<String ID="string_21" HPOS="521" VPOS="211" WIDTH="121" HEIGHT="22" WC="0.93" CONTENT="uttalandet"/><SP WIDTH="10" VPOS="211" HPOS="642"/>
							<String ID="string_22" HPOS="652" VPOS="211" WIDTH="89" HEIGHT="22" WC="0.93" CONTENT="alldeles"/><SP WIDTH="8" VPOS="211" HPOS="741"/>
							<String ID="string_23" HPOS="749" VPOS="211" WIDTH="97" HEIGHT="23" WC="0.96" CONTENT="allmänt."/><SP WIDTH="15" VPOS="211" HPOS="846"/>
							<String ID="string_24" HPOS="861" VPOS="211" WIDTH="44" HEIGHT="22" WC="0.96" CONTENT="Det"/>
						</TextLine>
						<TextLine ID="line_3" HPOS="81" VPOS="238" WIDTH="823" HEIGHT="29">
							<String ID="string_25" HPOS="81" VPOS="239" WIDTH="55" HEIGHT="22" WC="0.69" CONTENT="står:"/><SP WIDTH="17" VPOS="239" HPOS="136"/>
							<String ID="string_26" HPOS="153" VPOS="238" WIDTH="121" HEIGHT="28" WC="0.84" CONTENT=",Uleäborg"/><SP WIDTH="19" VPOS="238" HPOS="274"/>
							<String ID="string_27" HPOS="293" VPOS="240" WIDTH="40" HEIGHT="21" WC="0.96" CONTENT="och"/><SP WIDTH="16" VPOS="240" HPOS="333"/>
							<String ID="string_28" HPOS="349" VPOS="241" WIDTH="49" HEIGHT="20" WC="0.93" CONTENT="dess"/><SP WIDTH="16" VPOS="241" HPOS="398"/>
							<String ID="string_29" HPOS="414" VPOS="240" WIDTH="110" HEIGHT="27" WC="0.53" CONTENT="ommejder"/><SP WIDTH="15" VPOS="240" HPOS="524"/>
							<String ID="string_30" HPOS="539" VPOS="241" WIDTH="71" HEIGHT="20" WC="0.93" CONTENT="kunna"/><SP WIDTH="15" VPOS="241" HPOS="610"/>
							<String ID="string_31" HPOS="625" VPOS="240" WIDTH="20" HEIGHT="26" WC="0.96" CONTENT="ej"/><SP WIDTH="15" VPOS="240" HPOS="645"/>
							<String ID="string_32" HPOS="660" VPOS="239" WIDTH="72" HEIGHT="22" WC="0.96" CONTENT="lemna"/><SP WIDTH="14" VPOS="239" HPOS="732"/>
							<String ID="string_33" HPOS="746" VPOS="246" WIDTH="27" HEIGHT="15" WC="0.93" CONTENT="en"/><SP WIDTH="15" VPOS="246" HPOS="773"/>
							<String ID="string_34" HPOS="788" VPOS="239" WIDTH="116" HEIGHT="27" WC="0.92" CONTENT="genomgä-"/>
						</TextLine>
						<TextLine ID="line_4" HPOS="83" VPOS="267" WIDTH="821" HEIGHT="28">
							<String ID="string_35" HPOS="83" VPOS="268" WIDTH="56" HEIGHT="21" WC="0.92" CONTENT="ende"/><SP WIDTH="14" VPOS="268" HPOS="139"/>
							<String ID="string_36" HPOS="153" VPOS="267" WIDTH="64" HEIGHT="22" WC="0.93" CONTENT="trafik"/><SP WIDTH="15" VPOS="267" HPOS="217"/>
							<String ID="string_37" HPOS="232" VPOS="267" WIDTH="23" HEIGHT="21" WC="0.97" CONTENT="af"/><SP WIDTH="13" VPOS="267" HPOS="255"/>
							<String ID="string_38" HPOS="268" VPOS="268" WIDTH="40" HEIGHT="21" WC="0.96" CONTENT="den"/><SP WIDTH="16" VPOS="268" HPOS="308"/>
							<String ID="string_39" HPOS="324" VPOS="268" WIDTH="118" HEIGHT="27" WC="0.96" CONTENT="betydelse,"/><SP WIDTH="20" VPOS="268" HPOS="442"/>
							<String ID="string_40" HPOS="462" VPOS="270" WIDTH="33" HEIGHT="19" WC="0.96" CONTENT="att"/><SP WIDTH="15" VPOS="270" HPOS="495"/>
							<String ID="string_41" HPOS="510" VPOS="268" WIDTH="37" HEIGHT="22" WC="0.93" CONTENT="det"/><SP WIDTH="18" VPOS="268" HPOS="547"/>
							<String ID="string_42" HPOS="565" VPOS="268" WIDTH="47" HEIGHT="21" WC="0.91" CONTENT="icke"/><SP WIDTH="14" VPOS="268" HPOS="612"/>
							<String ID="string_43" HPOS="626" VPOS="273" WIDTH="52" HEIGHT="16" WC="0.91" CONTENT="vore"/><SP WIDTH="15" VPOS="273" HPOS="678"/>
							<String ID="string_44" HPOS="693" VPOS="268" WIDTH="76" HEIGHT="27" WC="0.92" CONTENT="nödigt"/><SP WIDTH="14" VPOS="268" HPOS="769"/>
							<String ID="string_45" HPOS="783" VPOS="270" WIDTH="33" HEIGHT="19" WC="0.96" CONTENT="att"/><SP WIDTH="14" VPOS="270" HPOS="816"/>
							<String ID="string_46" HPOS="830" VPOS="267" WIDTH="34" HEIGHT="22" WC="0.96" CONTENT="för"/><SP WIDTH="13" VPOS="267" HPOS="864"/>
							<String ID="string_47" HPOS="877" VPOS="275" WIDTH="27" HEIGHT="14" WC="0.96" CONTENT="en"/>
						</TextLine>
						<TextLine ID="line_5" HPOS="83" VPOS="295" WIDTH="821" HEIGHT="28">
							<String ID="string_48" HPOS="83" VPOS="295" WIDTH="56" HEIGHT="22" WC="0.96" CONTENT="bana"/><SP WIDTH="14" VPOS="295" HPOS="139"/>
							<String ID="string_49" HPOS="153" VPOS="302" WIDTH="44" HEIGHT="21" WC="0.96" CONTENT="upp"/><SP WIDTH="16" VPOS="302" HPOS="197"/>
							<String ID="string_50" HPOS="213" VPOS="296" WIDTH="32" HEIGHT="21" WC="0.96" CONTENT="till"/><SP WIDTH="13" VPOS="296" HPOS="245"/>
							<String ID="string_51" HPOS="258" VPOS="302" WIDTH="64" HEIGHT="15" WC="0.96" CONTENT="norra"/><SP WIDTH="15" VPOS="302" HPOS="322"/>
							<String ID="string_52" HPOS="337" VPOS="296" WIDTH="89" HEIGHT="21" WC="0.93" CONTENT="Finland"/><SP WIDTH="14" VPOS="296" HPOS="426"/>
							<String ID="string_53" HPOS="440" VPOS="297" WIDTH="97" HEIGHT="26" WC="0.96" CONTENT="uppsöka"/><SP WIDTH="16" VPOS="297" HPOS="537"/>
							<String ID="string_54" HPOS="553" VPOS="297" WIDTH="41" HEIGHT="21" WC="0.93" CONTENT="den"/><SP WIDTH="11" VPOS="297" HPOS="594"/>
							<String ID="string_55" HPOS="605" VPOS="297" WIDTH="129" HEIGHT="26" WC="0.96" CONTENT="sträckning,"/><SP WIDTH="15" VPOS="297" HPOS="734"/>
							<String ID="string_56" HPOS="749" VPOS="302" WIDTH="46" HEIGHT="15" WC="0.93" CONTENT="som"/><SP WIDTH="10" VPOS="302" HPOS="795"/>
							<String ID="string_57" HPOS="805" VPOS="296" WIDTH="99" HEIGHT="21" WC="0.89" CONTENT="lemnade"/>
						</TextLine>
						<TextLine ID="line_6" HPOS="80" VPOS="323" WIDTH="824" HEIGHT="28">
							<String ID="string_58" HPOS="80" VPOS="325" WIDTH="84" HEIGHT="21" WC="0.90" CONTENT="största"/><SP WIDTH="22" VPOS="325" HPOS="164"/>
							<String ID="string_59" HPOS="186" VPOS="323" WIDTH="88" HEIGHT="28" WC="0.95" CONTENT="möjliga"/><SP WIDTH="22" VPOS="323" HPOS="274"/>
							<String ID="string_60" HPOS="296" VPOS="324" WIDTH="93" HEIGHT="22" WC="0.95" CONTENT="tillskott"/><SP WIDTH="21" VPOS="324" HPOS="389"/>
							<String ID="string_61" HPOS="410" VPOS="325" WIDTH="33" HEIGHT="21" WC="0.93" CONTENT="till"/><SP WIDTH="20" VPOS="325" HPOS="443"/>
							<String ID="string_62" HPOS="463" VPOS="324" WIDTH="89" HEIGHT="22" WC="0.80" CONTENT="trafiken"/><SP WIDTH="17" VPOS="324" HPOS="552"/>
							<String ID="string_63" HPOS="569" VPOS="325" WIDTH="40" HEIGHT="21" WC="0.93" CONTENT="och"/><SP WIDTH="15" VPOS="325" HPOS="609"/>
							<String ID="string_64" HPOS="624" VPOS="324" WIDTH="205" HEIGHT="22" WC="0.91" CONTENT="trafikinkomsten.*"/><SP WIDTH="29" VPOS="324" HPOS="829"/>
							<String ID="string_65" HPOS="858" VPOS="325" WIDTH="46" HEIGHT="22" WC="0.96" CONTENT="Har"/>
						</TextLine>
						<TextLine ID="line_7" HPOS="81" VPOS="352" WIDTH="823" HEIGHT="28">
							<String ID="string_66" HPOS="81" VPOS="352" WIDTH="63" HEIGHT="22" WC="0.96" CONTENT="detta"/><SP WIDTH="13" VPOS="352" HPOS="144"/>
							<String ID="string_67" HPOS="157" VPOS="353" WIDTH="108" HEIGHT="27" WC="0.96" CONTENT="allmänna"/><SP WIDTH="14" VPOS="353" HPOS="265"/>
							<String ID="string_68" HPOS="279" VPOS="353" WIDTH="111" HEIGHT="21" WC="0.96" CONTENT="uttalande"/><SP WIDTH="15" VPOS="353" HPOS="390"/>
							<String ID="string_69" HPOS="405" VPOS="353" WIDTH="34" HEIGHT="26" WC="0.93" CONTENT="sin"/><SP WIDTH="14" VPOS="353" HPOS="439"/>
							<String ID="string_70" HPOS="453" VPOS="353" WIDTH="134" HEIGHT="27" WC="0.92" CONTENT="tillämpning"/><SP WIDTH="14" VPOS="353" HPOS="587"/>
							<String ID="string_71" HPOS="601" VPOS="353" WIDTH="29" HEIGHT="27" WC="0.97" CONTENT="pä"/><SP WIDTH="15" VPOS="353" HPOS="630"/>
							<String ID="string_72" HPOS="645" VPOS="359" WIDTH="26" HEIGHT="15" WC="0.93" CONTENT="en"/><SP WIDTH="10" VPOS="359" HPOS="671"/>
							<String ID="string_73" HPOS="681" VPOS="354" WIDTH="64" HEIGHT="25" WC="0.93" CONTENT="bana,"/><SP WIDTH="11" VPOS="354" HPOS="745"/>
							<String ID="string_74" HPOS="756" VPOS="354" WIDTH="24" HEIGHT="20" WC="0.93" CONTENT="sä"/><SP WIDTH="10" VPOS="354" HPOS="780"/>
							<String ID="string_75" HPOS="790" VPOS="353" WIDTH="68" HEIGHT="22" WC="0.92" CONTENT="mätte"/><SP WIDTH="9" VPOS="353" HPOS="858"/>
							<String ID="string_76" HPOS="867" VPOS="353" WIDTH="37" HEIGHT="21" WC="0.96" CONTENT="det"/>
						</TextLine>
						<TextLine ID="line_8" HPOS="81" VPOS="380" WIDTH="821" HEIGHT="28">
							<String ID="string_77" HPOS="81" VPOS="380" WIDTH="65" HEIGHT="23" WC="0.93" CONTENT="hafva"/><SP WIDTH="14" VPOS="380" HPOS="146"/>
							<String ID="string_78" HPOS="160" VPOS="381" WIDTH="42" HEIGHT="24" WC="0.96" CONTENT="den"/><SP WIDTH="15" VPOS="381" HPOS="202"/>
							<String ID="string_79" HPOS="217" VPOS="381" WIDTH="28" HEIGHT="27" WC="0.96" CONTENT="pä"/><SP WIDTH="22" VPOS="381" HPOS="245"/>
							<String ID="string_80" HPOS="267" VPOS="381" WIDTH="71" HEIGHT="21" WC="0.95" CONTENT="andra."/><SP WIDTH="32" VPOS="381" HPOS="338"/>
							<String ID="string_81" HPOS="370" VPOS="382" WIDTH="42" HEIGHT="20" WC="0.96" CONTENT="Det"/><SP WIDTH="14" VPOS="382" HPOS="412"/>
							<String ID="string_82" HPOS="426" VPOS="382" WIDTH="39" HEIGHT="22" WC="0.93" CONTENT="har"/><SP WIDTH="15" VPOS="382" HPOS="465"/>
							<String ID="string_83" HPOS="480" VPOS="384" WIDTH="59" HEIGHT="24" WC="0.91" CONTENT="synts"/><SP WIDTH="15" VPOS="384" HPOS="539"/>
							<String ID="string_84" HPOS="554" VPOS="383" WIDTH="164" HEIGHT="20" WC="0.91" CONTENT="reservanterna"/><SP WIDTH="14" VPOS="383" HPOS="718"/>
							<String ID="string_85" HPOS="732" VPOS="382" WIDTH="72" HEIGHT="21" WC="0.92" CONTENT="säsom"/><SP WIDTH="16" VPOS="382" HPOS="804"/>
							<String ID="string_86" HPOS="820" VPOS="383" WIDTH="32" HEIGHT="20" WC="0.96" CONTENT="ett"/><SP WIDTH="14" VPOS="383" HPOS="852"/>
							<String ID="string_87" HPOS="866" VPOS="381" WIDTH="36" HEIGHT="26" WC="0.86" CONTENT="fel,"/>
						</TextLine>
						<TextLine ID="line_9" HPOS="80" VPOS="409" WIDTH="824" HEIGHT="28">
							<String ID="string_88" HPOS="80" VPOS="411" WIDTH="36" HEIGHT="20" WC="0.96" CONTENT="att"/><SP WIDTH="15" VPOS="411" HPOS="116"/>
							<String ID="string_89" HPOS="131" VPOS="410" WIDTH="70" HEIGHT="21" WC="0.96" CONTENT="denna"/><SP WIDTH="14" VPOS="410" HPOS="201"/>
							<String ID="string_90" HPOS="215" VPOS="410" WIDTH="107" HEIGHT="21" WC="0.93" CONTENT="allmänna"/><SP WIDTH="14" VPOS="410" HPOS="322"/>
							<String ID="string_91" HPOS="336" VPOS="412" WIDTH="46" HEIGHT="19" WC="0.93" CONTENT="sats"/><SP WIDTH="16" VPOS="412" HPOS="382"/>
							<String ID="string_92" HPOS="398" VPOS="409" WIDTH="69" HEIGHT="22" WC="0.96" CONTENT="skulle"/><SP WIDTH="14" VPOS="409" HPOS="467"/>
							<String ID="string_93" HPOS="481" VPOS="410" WIDTH="73" HEIGHT="22" WC="0.96" CONTENT="kunna"/><SP WIDTH="14" VPOS="410" HPOS="554"/>
							<String ID="string_94" HPOS="568" VPOS="410" WIDTH="107" HEIGHT="27" WC="0.96" CONTENT="tillämpas"/><SP WIDTH="15" VPOS="410" HPOS="675"/>
							<String ID="string_95" HPOS="690" VPOS="410" WIDTH="29" HEIGHT="27" WC="0.97" CONTENT="pä"/><SP WIDTH="15" VPOS="410" HPOS="719"/>
							<String ID="string_96" HPOS="734" VPOS="416" WIDTH="26" HEIGHT="15" WC="0.93" CONTENT="en"/><SP WIDTH="16" VPOS="416" HPOS="760"/>
							<String ID="string_97" HPOS="776" VPOS="410" WIDTH="62" HEIGHT="26" WC="0.93" CONTENT="bana,"/><SP WIDTH="16" VPOS="410" HPOS="838"/>
							<String ID="string_98" HPOS="854" VPOS="416" WIDTH="50" HEIGHT="16" WC="0.96" CONTENT="men"/>
						</TextLine>
						<TextLine ID="line_10" HPOS="80" VPOS="438" WIDTH="823" HEIGHT="28">
							<String ID="string_99" HPOS="80" VPOS="438" WIDTH="49" HEIGHT="22" WC="0.93" CONTENT="icke"/><SP WIDTH="14" VPOS="438" HPOS="129"/>
							<String ID="string_100" HPOS="143" VPOS="439" WIDTH="29" HEIGHT="27" WC="0.96" CONTENT="pä"/><SP WIDTH="13" VPOS="439" HPOS="172"/>
							<String ID="string_101" HPOS="185" VPOS="444" WIDTH="27" HEIGHT="16" WC="0.96" CONTENT="en"/><SP WIDTH="16" VPOS="444" HPOS="212"/>
							<String ID="string_102" HPOS="228" VPOS="444" WIDTH="77" HEIGHT="16" WC="0.92" CONTENT="annan."/><SP WIDTH="29" VPOS="444" HPOS="305"/>
							<String ID="string_103" HPOS="334" VPOS="438" WIDTH="63" HEIGHT="22" WC="0.91" CONTENT="Hvad"/><SP WIDTH="16" VPOS="438" HPOS="397"/>
							<String ID="string_104" HPOS="413" VPOS="438" WIDTH="101" HEIGHT="22" WC="0.80" CONTENT="beträffar"/><SP WIDTH="15" VPOS="438" HPOS="514"/>
							<String ID="string_105" HPOS="529" VPOS="439" WIDTH="37" HEIGHT="21" WC="0.96" CONTENT="det"/><SP WIDTH="13" VPOS="439" HPOS="566"/>
							<String ID="string_106" HPOS="579" VPOS="438" WIDTH="67" HEIGHT="22" WC="0.93" CONTENT="andra"/><SP WIDTH="16" VPOS="438" HPOS="646"/>
							<String ID="string_107" HPOS="662" VPOS="438" WIDTH="79" HEIGHT="26" WC="0.92" CONTENT="stället,"/><SP WIDTH="12" VPOS="438" HPOS="741"/>
							<String ID="string_108" HPOS="753" VPOS="439" WIDTH="106" HEIGHT="27" WC="0.96" CONTENT="nämligen"/><SP WIDTH="10" VPOS="439" HPOS="859"/>
							<String ID="string_109" HPOS="869" VPOS="440" WIDTH="34" HEIGHT="30" WC="0.96" CONTENT="att"/>
						</TextLine>
						<TextLine ID="line_11" HPOS="80" VPOS="467" WIDTH="823" HEIGHT="27">
							<String ID="string_110" HPOS="80" VPOS="467" WIDTH="43" HEIGHT="21" WC="0.92" CONTENT="den"/><SP WIDTH="22" VPOS="467" HPOS="123"/>
							<String ID="string_111" HPOS="145" VPOS="467" WIDTH="67" HEIGHT="27" WC="0.41" CONTENT="lifiiga"/><SP WIDTH="22" VPOS="467" HPOS="212"/>
							<String ID="string_112" HPOS="234" VPOS="467" WIDTH="181" HEIGHT="33" WC="0.92" CONTENT="ängbätstrafiken"/><SP WIDTH="23" VPOS="467" HPOS="415"/>
							<String ID="string_113" HPOS="438" VPOS="467" WIDTH="69" HEIGHT="21" WC="0.92" CONTENT="skulle"/><SP WIDTH="22" VPOS="467" HPOS="507"/>
							<String ID="string_114" HPOS="529" VPOS="468" WIDTH="46" HEIGHT="20" WC="0.95" CONTENT="låta"/><SP WIDTH="21" VPOS="468" HPOS="575"/>
							<String ID="string_115" HPOS="596" VPOS="467" WIDTH="88" HEIGHT="27" WC="0.95" CONTENT="förutse,"/><SP WIDTH="21" VPOS="467" HPOS="684"/>
							<String ID="string_116" HPOS="705" VPOS="469" WIDTH="32" HEIGHT="19" WC="0.97" CONTENT="att"/><SP WIDTH="15" VPOS="469" HPOS="737"/>
							<String ID="string_117" HPOS="752" VPOS="474" WIDTH="25" HEIGHT="14" WC="0.93" CONTENT="en"/><SP WIDTH="13" VPOS="474" HPOS="777"/>
							<String ID="string_118" HPOS="790" VPOS="468" WIDTH="91" HEIGHT="26" WC="0.93" CONTENT="jernväg"/><SP WIDTH="14" VPOS="468" HPOS="881"/>
							<String ID="string_119" HPOS="895" VPOS="467" WIDTH="8" HEIGHT="21" WC="0.93" CONTENT="i"/>
						</TextLine>
						<TextLine ID="line_12" HPOS="83" VPOS="495" WIDTH="821" HEIGHT="27">
							<String ID="string_120" HPOS="83" VPOS="496" WIDTH="70" HEIGHT="21" WC="0.93" CONTENT="denna"/><SP WIDTH="15" VPOS="496" HPOS="153"/>
							<String ID="string_121" HPOS="168" VPOS="496" WIDTH="93" HEIGHT="26" WC="0.92" CONTENT="riktning"/><SP WIDTH="15" VPOS="496" HPOS="261"/>
							<String ID="string_122" HPOS="276" VPOS="496" WIDTH="57" HEIGHT="21" WC="0.96" CONTENT="inom"/><SP WIDTH="16" VPOS="496" HPOS="333"/>
							<String ID="string_123" HPOS="349" VPOS="502" WIDTH="26" HEIGHT="15" WC="0.93" CONTENT="en"/><SP WIDTH="15" VPOS="502" HPOS="375"/>
							<String ID="string_124" HPOS="390" VPOS="496" WIDTH="48" HEIGHT="22" WC="0.92" CONTENT="icke"/><SP WIDTH="16" VPOS="496" HPOS="438"/>
							<String ID="string_125" HPOS="454" VPOS="496" WIDTH="71" HEIGHT="21" WC="0.92" CONTENT="alltför"/><SP WIDTH="19" VPOS="496" HPOS="525"/>
							<String ID="string_126" HPOS="544" VPOS="495" WIDTH="95" HEIGHT="27" WC="0.92" CONTENT="aflägsen"/><SP WIDTH="15" VPOS="495" HPOS="639"/>
							<String ID="string_127" HPOS="654" VPOS="495" WIDTH="86" HEIGHT="22" WC="0.93" CONTENT="framtid"/><SP WIDTH="15" VPOS="495" HPOS="740"/>
							<String ID="string_128" HPOS="755" VPOS="496" WIDTH="69" HEIGHT="21" WC="0.93" CONTENT="skulle"/><SP WIDTH="15" VPOS="496" HPOS="824"/>
							<String ID="string_129" HPOS="839" VPOS="496" WIDTH="65" HEIGHT="21" WC="0.92" CONTENT="blifva"/>
						</TextLine>
						<TextLine ID="line_13" HPOS="79" VPOS="524" WIDTH="824" HEIGHT="27">
							<String ID="string_130" HPOS="79" VPOS="526" WIDTH="36" HEIGHT="20" WC="0.93" CONTENT="ett"/><SP WIDTH="14" VPOS="526" HPOS="115"/>
							<String ID="string_131" HPOS="129" VPOS="524" WIDTH="67" HEIGHT="22" WC="0.92" CONTENT="behof"/><SP WIDTH="12" VPOS="524" HPOS="196"/>
							<String ID="string_132" HPOS="208" VPOS="524" WIDTH="33" HEIGHT="21" WC="0.96" CONTENT="för"/><SP WIDTH="16" VPOS="524" HPOS="241"/>
							<String ID="string_133" HPOS="257" VPOS="524" WIDTH="69" HEIGHT="22" WC="0.93" CONTENT="denna"/><SP WIDTH="14" VPOS="524" HPOS="326"/>
							<String ID="string_134" HPOS="340" VPOS="524" WIDTH="105" HEIGHT="26" WC="0.92" CONTENT="landsdel,"/><SP WIDTH="17" VPOS="524" HPOS="445"/>
							<String ID="string_135" HPOS="462" VPOS="524" WIDTH="25" HEIGHT="21" WC="0.93" CONTENT="sä"/><SP WIDTH="7" VPOS="524" HPOS="487"/>
							<String ID="string_136" HPOS="494" VPOS="524" WIDTH="103" HEIGHT="22" WC="0.92" CONTENT="förklarar"/><SP WIDTH="7" VPOS="524" HPOS="597"/>
							<String ID="string_137" HPOS="604" VPOS="524" WIDTH="50" HEIGHT="21" WC="0.92" CONTENT="herr"/><SP WIDTH="8" VPOS="524" HPOS="654"/>
							<String ID="string_138" HPOS="662" VPOS="524" WIDTH="171" HEIGHT="27" WC="0.96" CONTENT="Standertskjöld"/><SP WIDTH="9" VPOS="524" HPOS="833"/>
							<String ID="string_139" HPOS="842" VPOS="525" WIDTH="61" HEIGHT="21" WC="0.96" CONTENT="detta"/>
						</TextLine>
						<TextLine ID="line_14" HPOS="80" VPOS="553" WIDTH="822" HEIGHT="27">
							<String ID="string_140" HPOS="80" VPOS="553" WIDTH="101" HEIGHT="26" WC="0.92" CONTENT="yttrande"/><SP WIDTH="15" VPOS="553" HPOS="181"/>
							<String ID="string_141" HPOS="196" VPOS="553" WIDTH="31" HEIGHT="25" WC="0.95" CONTENT="sä,"/><SP WIDTH="22" VPOS="553" HPOS="227"/>
							<String ID="string_142" HPOS="249" VPOS="555" WIDTH="32" HEIGHT="19" WC="0.93" CONTENT="att"/><SP WIDTH="16" VPOS="555" HPOS="281"/>
							<String ID="string_143" HPOS="297" VPOS="553" WIDTH="268" HEIGHT="27" WC="0.92" CONTENT="jernvägskommissionen"/><SP WIDTH="15" VPOS="553" HPOS="565"/>
							<String ID="string_144" HPOS="580" VPOS="553" WIDTH="55" HEIGHT="21" WC="0.93" CONTENT="hade"/><SP WIDTH="15" VPOS="553" HPOS="635"/>
							<String ID="string_145" HPOS="650" VPOS="553" WIDTH="96" HEIGHT="21" WC="0.92" CONTENT="beslutat"/><SP WIDTH="14" VPOS="553" HPOS="746"/>
							<String ID="string_146" HPOS="760" VPOS="553" WIDTH="86" HEIGHT="21" WC="0.92" CONTENT="förorda"/><SP WIDTH="15" VPOS="553" HPOS="846"/>
							<String ID="string_147" HPOS="861" VPOS="553" WIDTH="41" HEIGHT="21" WC="0.96" CONTENT="den"/>
						</TextLine>
						<TextLine ID="line_15" HPOS="81" VPOS="581" WIDTH="822" HEIGHT="27">
							<String ID="string_148" HPOS="81" VPOS="581" WIDTH="171" HEIGHT="22" WC="0.96" CONTENT="österbottniska"/><SP WIDTH="21" VPOS="581" HPOS="252"/>
							<String ID="string_149" HPOS="273" VPOS="581" WIDTH="70" HEIGHT="22" WC="0.96" CONTENT="banan"/><SP WIDTH="20" VPOS="581" HPOS="343"/>
							<String ID="string_150" HPOS="363" VPOS="581" WIDTH="41" HEIGHT="22" WC="0.96" CONTENT="och"/><SP WIDTH="18" VPOS="581" HPOS="404"/>
							<String ID="string_151" HPOS="422" VPOS="583" WIDTH="33" HEIGHT="20" WC="0.96" CONTENT="att"/><SP WIDTH="22" VPOS="583" HPOS="455"/>
							<String ID="string_152" HPOS="477" VPOS="582" WIDTH="36" HEIGHT="21" WC="0.96" CONTENT="det"/><SP WIDTH="15" VPOS="582" HPOS="513"/>
							<String ID="string_153" HPOS="528" VPOS="581" WIDTH="28" HEIGHT="21" WC="0.93" CONTENT="dä"/><SP WIDTH="15" VPOS="581" HPOS="556"/>
							<String ID="string_154" HPOS="571" VPOS="581" WIDTH="62" HEIGHT="27" WC="0.92" CONTENT="gälde"/><SP WIDTH="16" VPOS="581" HPOS="633"/>
							<String ID="string_155" HPOS="649" VPOS="583" WIDTH="32" HEIGHT="20" WC="0.96" CONTENT="att"/><SP WIDTH="15" VPOS="583" HPOS="681"/>
							<String ID="string_156" HPOS="696" VPOS="581" WIDTH="55" HEIGHT="21" WC="0.93" CONTENT="söka"/><SP WIDTH="14" VPOS="581" HPOS="751"/>
							<String ID="string_157" HPOS="765" VPOS="581" WIDTH="90" HEIGHT="22" WC="0.95" CONTENT="motiver"/><SP WIDTH="14" VPOS="581" HPOS="855"/>
							<String ID="string_158" HPOS="869" VPOS="581" WIDTH="34" HEIGHT="22" WC="0.96" CONTENT="för"/>
						</TextLine>
						<TextLine ID="line_16" HPOS="81" VPOS="609" WIDTH="821" HEIGHT="28">
							<String ID="string_159" HPOS="81" VPOS="610" WIDTH="71" HEIGHT="21" WC="0.91" CONTENT="denna"/><SP WIDTH="22" VPOS="610" HPOS="152"/>
							<String ID="string_160" HPOS="174" VPOS="610" WIDTH="56" HEIGHT="22" WC="0.96" CONTENT="bana"/><SP WIDTH="20" VPOS="610" HPOS="230"/>
							<String ID="string_161" HPOS="250" VPOS="610" WIDTH="39" HEIGHT="21" WC="0.95" CONTENT="och"/><SP WIDTH="25" VPOS="610" HPOS="289"/>
							<String ID="string_162" HPOS="314" VPOS="612" WIDTH="32" HEIGHT="19" WC="0.96" CONTENT="att"/><SP WIDTH="19" VPOS="612" HPOS="346"/>
							<String ID="string_163" HPOS="365" VPOS="616" WIDTH="49" HEIGHT="15" WC="0.93" CONTENT="man"/><SP WIDTH="18" VPOS="616" HPOS="414"/>
							<String ID="string_164" HPOS="432" VPOS="609" WIDTH="71" HEIGHT="23" WC="0.96" CONTENT="derför"/><SP WIDTH="15" VPOS="609" HPOS="503"/>
							<String ID="string_165" HPOS="518" VPOS="609" WIDTH="71" HEIGHT="23" WC="0.96" CONTENT="anfört"/><SP WIDTH="15" VPOS="609" HPOS="589"/>
							<String ID="string_166" HPOS="604" VPOS="610" WIDTH="65" HEIGHT="21" WC="0.93" CONTENT="detta."/><SP WIDTH="30" VPOS="610" HPOS="669"/>
							<String ID="string_167" HPOS="699" VPOS="610" WIDTH="124" HEIGHT="27" WC="0.93" CONTENT="Tillgången"/><SP WIDTH="16" VPOS="610" HPOS="823"/>
							<String ID="string_168" HPOS="839" VPOS="615" WIDTH="63" HEIGHT="22" WC="0.95" CONTENT="synes"/>
						</TextLine>
						<TextLine ID="line_17" HPOS="81" VPOS="638" WIDTH="821" HEIGHT="27">
							<String ID="string_169" HPOS="81" VPOS="638" WIDTH="44" HEIGHT="27" WC="0.93" CONTENT="mig"/><SP WIDTH="12" VPOS="638" HPOS="125"/>
							<String ID="string_170" HPOS="137" VPOS="639" WIDTH="49" HEIGHT="21" WC="0.91" CONTENT="icke"/><SP WIDTH="14" VPOS="639" HPOS="186"/>
							<String ID="string_171" HPOS="200" VPOS="638" WIDTH="48" HEIGHT="22" WC="0.92" CONTENT="fullt"/><SP WIDTH="15" VPOS="638" HPOS="248"/>
							<String ID="string_172" HPOS="263" VPOS="639" WIDTH="77" HEIGHT="26" WC="0.92" CONTENT="logisk."/><SP WIDTH="30" VPOS="639" HPOS="340"/>
							<String ID="string_173" HPOS="370" VPOS="639" WIDTH="44" HEIGHT="26" WC="0.85" CONTENT="Mig"/><SP WIDTH="14" VPOS="639" HPOS="414"/>
							<String ID="string_174" HPOS="428" VPOS="645" WIDTH="63" HEIGHT="20" WC="0.92" CONTENT="synes"/><SP WIDTH="17" VPOS="645" HPOS="491"/>
							<String ID="string_175" HPOS="508" VPOS="641" WIDTH="32" HEIGHT="19" WC="0.96" CONTENT="att"/><SP WIDTH="15" VPOS="641" HPOS="540"/>
							<String ID="string_176" HPOS="555" VPOS="645" WIDTH="49" HEIGHT="15" WC="0.96" CONTENT="man"/><SP WIDTH="14" VPOS="645" HPOS="604"/>
							<String ID="string_177" HPOS="618" VPOS="638" WIDTH="55" HEIGHT="22" WC="0.96" CONTENT="först"/><SP WIDTH="14" VPOS="638" HPOS="673"/>
							<String ID="string_178" HPOS="687" VPOS="639" WIDTH="67" HEIGHT="21" WC="0.93" CONTENT="borde"/><SP WIDTH="14" VPOS="639" HPOS="754"/>
							<String ID="string_179" HPOS="768" VPOS="638" WIDTH="64" HEIGHT="22" WC="0.92" CONTENT="hafva"/><SP WIDTH="7" VPOS="638" HPOS="832"/>
							<String ID="string_180" HPOS="839" VPOS="638" WIDTH="63" HEIGHT="22" WC="0.89" CONTENT="moti-"/>
						</TextLine>
						<TextLine ID="line_18" HPOS="81" VPOS="667" WIDTH="821" HEIGHT="27">
							<String ID="string_181" HPOS="81" VPOS="673" WIDTH="43" HEIGHT="16" WC="0.67" CONTENT="ver:"/><SP WIDTH="17" VPOS="673" HPOS="124"/>
							<String ID="string_182" HPOS="141" VPOS="667" WIDTH="40" HEIGHT="22" WC="0.95" CONTENT="och"/><SP WIDTH="22" VPOS="667" HPOS="181"/>
							<String ID="string_183" HPOS="203" VPOS="668" WIDTH="65" HEIGHT="20" WC="0.96" CONTENT="sedan"/><SP WIDTH="23" VPOS="668" HPOS="268"/>
							<String ID="string_184" HPOS="291" VPOS="668" WIDTH="28" HEIGHT="26" WC="0.96" CONTENT="pä"/><SP WIDTH="22" VPOS="668" HPOS="319"/>
							<String ID="string_185" HPOS="341" VPOS="668" WIDTH="69" HEIGHT="25" WC="0.96" CONTENT="grund"/><SP WIDTH="22" VPOS="668" HPOS="410"/>
							<String ID="string_186" HPOS="432" VPOS="667" WIDTH="23" HEIGHT="21" WC="0.96" CONTENT="af"/><SP WIDTH="14" VPOS="667" HPOS="455"/>
							<String ID="string_187" HPOS="469" VPOS="668" WIDTH="47" HEIGHT="20" WC="0.91" CONTENT="dem"/><SP WIDTH="15" VPOS="668" HPOS="516"/>
							<String ID="string_188" HPOS="531" VPOS="667" WIDTH="128" HEIGHT="21" WC="0.93" CONTENT="konstruera"/><SP WIDTH="25" VPOS="667" HPOS="659"/>
							<String ID="string_189" HPOS="684" VPOS="667" WIDTH="147" HEIGHT="26" WC="0.58" CONTENT="bansträckor,"/><SP WIDTH="23" VPOS="667" HPOS="831"/>
							<String ID="string_190" HPOS="854" VPOS="667" WIDTH="48" HEIGHT="21" WC="0.96" CONTENT="icke"/>
						</TextLine>
						<TextLine ID="line_19" HPOS="80" VPOS="695" WIDTH="821" HEIGHT="23">
							<String ID="string_191" HPOS="80" VPOS="695" WIDTH="55" HEIGHT="23" WC="0.92" CONTENT="först"/><SP WIDTH="23" VPOS="695" HPOS="135"/>
							<String ID="string_192" HPOS="158" VPOS="696" WIDTH="86" HEIGHT="22" WC="0.91" CONTENT="besluta"/><SP WIDTH="21" VPOS="696" HPOS="244"/>
							<String ID="string_193" HPOS="265" VPOS="695" WIDTH="87" HEIGHT="22" WC="0.93" CONTENT="förorda"/><SP WIDTH="22" VPOS="695" HPOS="352"/>
							<String ID="string_194" HPOS="374" VPOS="702" WIDTH="26" HEIGHT="15" WC="0.93" CONTENT="en"/><SP WIDTH="23" VPOS="702" HPOS="400"/>
							<String ID="string_195" HPOS="423" VPOS="696" WIDTH="55" HEIGHT="21" WC="0.92" CONTENT="bana"/><SP WIDTH="22" VPOS="696" HPOS="478"/>
							<String ID="string_196" HPOS="500" VPOS="696" WIDTH="40" HEIGHT="22" WC="0.95" CONTENT="och"/><SP WIDTH="22" VPOS="696" HPOS="540"/>
							<String ID="string_197" HPOS="562" VPOS="696" WIDTH="66" HEIGHT="21" WC="0.93" CONTENT="sedan"/><SP WIDTH="23" VPOS="696" HPOS="628"/>
							<String ID="string_198" HPOS="651" VPOS="696" WIDTH="105" HEIGHT="21" WC="0.92" CONTENT="motivera"/><SP WIDTH="18" VPOS="696" HPOS="756"/>
							<String ID="string_199" HPOS="774" VPOS="696" WIDTH="47" HEIGHT="21" WC="0.92" CONTENT="den."/><SP WIDTH="30" VPOS="696" HPOS="821"/>
							<String ID="string_200" HPOS="851" VPOS="696" WIDTH="50" HEIGHT="20" WC="0.96" CONTENT="Men"/>
						</TextLine>
						<TextLine ID="line_20" HPOS="80" VPOS="724" WIDTH="821" HEIGHT="28">
							<String ID="string_201" HPOS="80" VPOS="724" WIDTH="51" HEIGHT="22" WC="0.92" CONTENT="herr"/><SP WIDTH="21" VPOS="724" HPOS="131"/>
							<String ID="string_202" HPOS="152" VPOS="724" WIDTH="174" HEIGHT="28" WC="0.51" CONTENT="Standertsjköld"/><SP WIDTH="22" VPOS="724" HPOS="326"/>
							<String ID="string_203" HPOS="348" VPOS="724" WIDTH="100" HEIGHT="26" WC="0.96" CONTENT="erkände,"/><SP WIDTH="23" VPOS="724" HPOS="448"/>
							<String ID="string_204" HPOS="471" VPOS="727" WIDTH="34" HEIGHT="19" WC="0.96" CONTENT="att"/><SP WIDTH="22" VPOS="727" HPOS="505"/>
							<String ID="string_205" HPOS="527" VPOS="725" WIDTH="60" HEIGHT="21" WC="0.96" CONTENT="detta"/><SP WIDTH="22" VPOS="725" HPOS="587"/>
							<String ID="string_206" HPOS="609" VPOS="724" WIDTH="112" HEIGHT="21" WC="0.93" CONTENT="uttalande"/><SP WIDTH="22" VPOS="724" HPOS="721"/>
							<String ID="string_207" HPOS="743" VPOS="724" WIDTH="47" HEIGHT="22" WC="0.96" CONTENT="icke"/><SP WIDTH="23" VPOS="724" HPOS="790"/>
							<String ID="string_208" HPOS="813" VPOS="727" WIDTH="24" HEIGHT="19" WC="0.93" CONTENT="är"/><SP WIDTH="21" VPOS="727" HPOS="837"/>
							<String ID="string_209" HPOS="858" VPOS="724" WIDTH="43" HEIGHT="21" WC="0.92" CONTENT="rik-"/>
						</TextLine>
						<TextLine ID="line_21" HPOS="79" VPOS="752" WIDTH="823" HEIGHT="28">
							<String ID="string_210" HPOS="79" VPOS="752" WIDTH="50" HEIGHT="26" WC="0.90" CONTENT="tigt."/><SP WIDTH="36" VPOS="752" HPOS="129"/>
							<String ID="string_211" HPOS="165" VPOS="753" WIDTH="84" HEIGHT="27" WC="0.90" CONTENT="Längre"/><SP WIDTH="19" VPOS="753" HPOS="249"/>
							<String ID="string_212" HPOS="268" VPOS="752" WIDTH="53" HEIGHT="22" WC="0.96" CONTENT="fram"/><SP WIDTH="19" VPOS="752" HPOS="321"/>
							<String ID="string_213" HPOS="340" VPOS="752" WIDTH="29" HEIGHT="27" WC="0.93" CONTENT="pä"/><SP WIDTH="19" VPOS="752" HPOS="369"/>
							<String ID="string_214" HPOS="388" VPOS="758" WIDTH="47" HEIGHT="22" WC="0.91" CONTENT="pag."/><SP WIDTH="21" VPOS="758" HPOS="435"/>
							<String ID="string_215" HPOS="456" VPOS="755" WIDTH="25" HEIGHT="19" WC="0.93" CONTENT="60"/><SP WIDTH="20" VPOS="755" HPOS="481"/>
							<String ID="string_216" HPOS="501" VPOS="753" WIDTH="84" HEIGHT="21" WC="0.92" CONTENT="bevisar"/><SP WIDTH="19" VPOS="753" HPOS="585"/>
							<String ID="string_217" HPOS="604" VPOS="752" WIDTH="50" HEIGHT="22" WC="0.93" CONTENT="herr"/><SP WIDTH="18" VPOS="752" HPOS="654"/>
							<String ID="string_218" HPOS="672" VPOS="752" WIDTH="181" HEIGHT="28" WC="0.96" CONTENT="Standertskjöld,"/><SP WIDTH="16" VPOS="752" HPOS="853"/>
							<String ID="string_219" HPOS="869" VPOS="754" WIDTH="33" HEIGHT="20" WC="0.96" CONTENT="att"/>
						</TextLine>
						<TextLine ID="line_22" HPOS="79" VPOS="781" WIDTH="821" HEIGHT="27">
							<String ID="string_220" HPOS="79" VPOS="781" WIDTH="151" HEIGHT="22" WC="0.91" CONTENT="lokaltrafiken"/><SP WIDTH="23" VPOS="781" HPOS="230"/>
							<String ID="string_221" HPOS="253" VPOS="782" WIDTH="28" HEIGHT="26" WC="0.88" CONTENT="pä"/><SP WIDTH="24" VPOS="782" HPOS="281"/>
							<String ID="string_222" HPOS="305" VPOS="781" WIDTH="169" HEIGHT="22" WC="0.96" CONTENT="österbottniska"/><SP WIDTH="22" VPOS="781" HPOS="474"/>
							<String ID="string_223" HPOS="496" VPOS="782" WIDTH="122" HEIGHT="21" WC="0.93" CONTENT="kustbanan"/><SP WIDTH="22" VPOS="782" HPOS="618"/>
							<String ID="string_224" HPOS="640" VPOS="781" WIDTH="69" HEIGHT="21" WC="0.69" CONTENT="blefve"/><SP WIDTH="22" VPOS="781" HPOS="709"/>
							<String ID="string_225" HPOS="731" VPOS="782" WIDTH="79" HEIGHT="26" WC="0.96" CONTENT="ytterst"/><SP WIDTH="22" VPOS="782" HPOS="810"/>
							<String ID="string_226" HPOS="832" VPOS="782" WIDTH="68" HEIGHT="25" WC="0.95" CONTENT="ringa,"/>
						</TextLine>
						<TextLine ID="line_23" HPOS="80" VPOS="809" WIDTH="822" HEIGHT="28">
							<String ID="string_227" HPOS="80" VPOS="816" WIDTH="50" HEIGHT="15" WC="0.96" CONTENT="men"/><SP WIDTH="15" VPOS="816" HPOS="130"/>
							<String ID="string_228" HPOS="145" VPOS="810" WIDTH="41" HEIGHT="21" WC="0.96" CONTENT="den"/><SP WIDTH="23" VPOS="810" HPOS="186"/>
							<String ID="string_229" HPOS="209" VPOS="810" WIDTH="161" HEIGHT="26" WC="0.96" CONTENT="genomgående"/><SP WIDTH="19" VPOS="810" HPOS="370"/>
							<String ID="string_230" HPOS="389" VPOS="810" WIDTH="90" HEIGHT="22" WC="0.96" CONTENT="trafiken"/><SP WIDTH="16" VPOS="810" HPOS="479"/>
							<String ID="string_231" HPOS="495" VPOS="810" WIDTH="25" HEIGHT="21" WC="0.97" CONTENT="så"/><SP WIDTH="14" VPOS="810" HPOS="520"/>
							<String ID="string_232" HPOS="534" VPOS="810" WIDTH="53" HEIGHT="27" WC="0.96" CONTENT="godt"/><SP WIDTH="15" VPOS="810" HPOS="587"/>
							<String ID="string_233" HPOS="602" VPOS="815" WIDTH="46" HEIGHT="16" WC="0.96" CONTENT="som"/><SP WIDTH="14" VPOS="815" HPOS="648"/>
							<String ID="string_234" HPOS="662" VPOS="810" WIDTH="70" HEIGHT="26" WC="0.93" CONTENT="ingen."/><SP WIDTH="29" VPOS="810" HPOS="732"/>
							<String ID="string_235" HPOS="761" VPOS="810" WIDTH="79" HEIGHT="21" WC="0.88" CONTENT="Hvilka"/><SP WIDTH="14" VPOS="810" HPOS="840"/>
							<String ID="string_236" HPOS="854" VPOS="809" WIDTH="48" HEIGHT="22" WC="0.96" CONTENT="skäl"/>
						</TextLine>
						<TextLine ID="line_24" HPOS="81" VPOS="838" WIDTH="821" HEIGHT="28">
							<String ID="string_237" HPOS="81" VPOS="838" WIDTH="64" HEIGHT="21" WC="0.95" CONTENT="hafva"/><SP WIDTH="13" VPOS="838" HPOS="145"/>
							<String ID="string_238" HPOS="158" VPOS="838" WIDTH="28" HEIGHT="21" WC="0.96" CONTENT="då"/><SP WIDTH="14" VPOS="838" HPOS="186"/>
							<String ID="string_239" HPOS="200" VPOS="838" WIDTH="33" HEIGHT="22" WC="0.96" CONTENT="för"/><SP WIDTH="15" VPOS="838" HPOS="233"/>
							<String ID="string_240" HPOS="248" VPOS="838" WIDTH="166" HEIGHT="22" WC="0.93" CONTENT="kommissionen"/><SP WIDTH="15" VPOS="838" HPOS="414"/>
							<String ID="string_241" HPOS="429" VPOS="838" WIDTH="101" HEIGHT="22" WC="0.92" CONTENT="återstått"/><SP WIDTH="14" VPOS="838" HPOS="530"/>
							<String ID="string_242" HPOS="544" VPOS="838" WIDTH="35" HEIGHT="21" WC="0.93" CONTENT="vid"/><SP WIDTH="10" VPOS="838" HPOS="579"/>
							<String ID="string_243" HPOS="589" VPOS="838" WIDTH="140" HEIGHT="22" WC="0.92" CONTENT="förordandet"/><SP WIDTH="10" VPOS="838" HPOS="729"/>
							<String ID="string_244" HPOS="739" VPOS="838" WIDTH="24" HEIGHT="21" WC="0.93" CONTENT="af"/><SP WIDTH="6" VPOS="838" HPOS="763"/>
							<String ID="string_245" HPOS="769" VPOS="838" WIDTH="133" HEIGHT="28" WC="0.92" CONTENT="kustbanaa?"/>
						</TextLine>
						<TextLine ID="line_25" HPOS="81" VPOS="866" WIDTH="820" HEIGHT="28">
							<String ID="string_246" HPOS="81" VPOS="866" WIDTH="31" HEIGHT="22" WC="0.96" CONTENT="Ur"/><SP WIDTH="15" VPOS="866" HPOS="112"/>
							<String ID="string_247" HPOS="127" VPOS="867" WIDTH="178" HEIGHT="21" WC="0.96" CONTENT="kommissionens"/><SP WIDTH="16" VPOS="867" HPOS="305"/>
							<String ID="string_248" HPOS="321" VPOS="866" WIDTH="136" HEIGHT="22" WC="0.96" CONTENT="betänkande"/><SP WIDTH="15" VPOS="866" HPOS="457"/>
							<String ID="string_249" HPOS="472" VPOS="867" WIDTH="83" HEIGHT="27" WC="0.96" CONTENT="framgå"/><SP WIDTH="14" VPOS="867" HPOS="555"/>
							<String ID="string_250" HPOS="569" VPOS="866" WIDTH="48" HEIGHT="22" WC="0.96" CONTENT="icke"/><SP WIDTH="13" VPOS="866" HPOS="617"/>
							<String ID="string_251" HPOS="630" VPOS="866" WIDTH="58" HEIGHT="22" WC="0.95" CONTENT="flere."/><SP WIDTH="30" VPOS="866" HPOS="688"/>
							<String ID="string_252" HPOS="718" VPOS="866" WIDTH="137" HEIGHT="22" WC="0.93" CONTENT="Beträffande"/><SP WIDTH="15" VPOS="866" HPOS="855"/>
							<String ID="string_253" HPOS="870" VPOS="866" WIDTH="31" HEIGHT="22" WC="0.90" CONTENT="lo-"/>
						</TextLine>
						<TextLine ID="line_26" HPOS="80" VPOS="894" WIDTH="820" HEIGHT="29">
							<String ID="string_254" HPOS="80" VPOS="895" WIDTH="127" HEIGHT="23" WC="0.91" CONTENT="kaltrafiken"/><SP WIDTH="21" VPOS="895" HPOS="207"/>
							<String ID="string_255" HPOS="228" VPOS="896" WIDTH="29" HEIGHT="27" WC="0.96" CONTENT="på"/><SP WIDTH="23" VPOS="896" HPOS="257"/>
							<String ID="string_256" HPOS="280" VPOS="896" WIDTH="42" HEIGHT="21" WC="0.96" CONTENT="den"/><SP WIDTH="14" VPOS="896" HPOS="322"/>
							<String ID="string_257" HPOS="336" VPOS="896" WIDTH="171" HEIGHT="21" WC="0.96" CONTENT="österbottniska"/><SP WIDTH="21" VPOS="896" HPOS="507"/>
							<String ID="string_258" HPOS="528" VPOS="896" WIDTH="69" HEIGHT="21" WC="0.96" CONTENT="banan"/><SP WIDTH="23" VPOS="896" HPOS="597"/>
							<String ID="string_259" HPOS="620" VPOS="898" WIDTH="40" HEIGHT="18" WC="0.94" CONTENT="har"/><SP WIDTH="19" VPOS="898" HPOS="660"/>
							<String ID="string_260" HPOS="679" VPOS="895" WIDTH="73" HEIGHT="21" WC="0.96" CONTENT="vidare"/><SP WIDTH="15" VPOS="895" HPOS="752"/>
							<String ID="string_261" HPOS="767" VPOS="894" WIDTH="133" HEIGHT="27" WC="0.96" CONTENT="framhållits,"/>
						</TextLine>
						<TextLine ID="line_27" HPOS="81" VPOS="924" WIDTH="820" HEIGHT="27">
							<String ID="string_262" HPOS="81" VPOS="926" WIDTH="34" HEIGHT="20" WC="0.92" CONTENT="att"/><SP WIDTH="20" VPOS="926" HPOS="115"/>
							<String ID="string_263" HPOS="135" VPOS="927" WIDTH="165" HEIGHT="19" WC="0.89" CONTENT="reservanterna"/><SP WIDTH="22" VPOS="927" HPOS="300"/>
							<String ID="string_264" HPOS="322" VPOS="924" WIDTH="68" HEIGHT="22" WC="0.96" CONTENT="skulle"/><SP WIDTH="20" VPOS="924" HPOS="390"/>
							<String ID="string_265" HPOS="410" VPOS="924" WIDTH="63" HEIGHT="21" WC="0.95" CONTENT="hafva"/><SP WIDTH="19" VPOS="924" HPOS="473"/>
							<String ID="string_266" HPOS="492" VPOS="924" WIDTH="83" HEIGHT="27" WC="0.96" CONTENT="påstått"/><SP WIDTH="14" VPOS="924" HPOS="575"/>
							<String ID="string_267" HPOS="589" VPOS="926" WIDTH="33" HEIGHT="19" WC="0.95" CONTENT="att"/><SP WIDTH="15" VPOS="926" HPOS="622"/>
							<String ID="string_268" HPOS="637" VPOS="924" WIDTH="113" HEIGHT="21" WC="0.96" CONTENT="skilnaden"/><SP WIDTH="16" VPOS="924" HPOS="750"/>
							<String ID="string_269" HPOS="766" VPOS="926" WIDTH="24" HEIGHT="19" WC="0.93" CONTENT="är"/><SP WIDTH="15" VPOS="926" HPOS="790"/>
							<String ID="string_270" HPOS="805" VPOS="924" WIDTH="96" HEIGHT="22" WC="0.92" CONTENT="öfvervä-"/>
						</TextLine>
						<TextLine ID="line_28" HPOS="79" VPOS="952" WIDTH="822" HEIGHT="28">
							<String ID="string_271" HPOS="79" VPOS="952" WIDTH="72" HEIGHT="28" WC="0.96" CONTENT="gande"/><SP WIDTH="22" VPOS="952" HPOS="151"/>
							<String ID="string_272" HPOS="173" VPOS="955" WIDTH="52" HEIGHT="20" WC="0.96" CONTENT="stor."/><SP WIDTH="38" VPOS="955" HPOS="225"/>
							<String ID="string_273" HPOS="263" VPOS="953" WIDTH="38" HEIGHT="21" WC="0.93" CONTENT="Ett"/><SP WIDTH="15" VPOS="953" HPOS="301"/>
							<String ID="string_274" HPOS="316" VPOS="953" WIDTH="24" HEIGHT="21" WC="0.93" CONTENT="så"/><SP WIDTH="16" VPOS="953" HPOS="340"/>
							<String ID="string_275" HPOS="356" VPOS="953" WIDTH="126" HEIGHT="27" WC="0.89" CONTENT="superlativt"/><SP WIDTH="15" VPOS="953" HPOS="482"/>
							<String ID="string_276" HPOS="497" VPOS="953" WIDTH="85" HEIGHT="27" WC="0.96" CONTENT="uttryck"/><SP WIDTH="15" VPOS="953" HPOS="582"/>
							<String ID="string_277" HPOS="597" VPOS="952" WIDTH="39" HEIGHT="22" WC="0.96" CONTENT="har"/><SP WIDTH="14" VPOS="952" HPOS="636"/>
							<String ID="string_278" HPOS="650" VPOS="952" WIDTH="69" HEIGHT="28" WC="0.96" CONTENT="aldrig"/><SP WIDTH="15" VPOS="952" HPOS="719"/>
							<String ID="string_279" HPOS="734" VPOS="952" WIDTH="23" HEIGHT="22" WC="0.95" CONTENT="af"/><SP WIDTH="12" VPOS="952" HPOS="757"/>
							<String ID="string_280" HPOS="769" VPOS="958" WIDTH="37" HEIGHT="16" WC="0.86" CONTENT="oss"/><SP WIDTH="16" VPOS="958" HPOS="806"/>
							<String ID="string_281" HPOS="822" VPOS="953" WIDTH="79" HEIGHT="26" WC="0.90" CONTENT="begag-"/>
						</TextLine>
						<TextLine ID="line_29" HPOS="80" VPOS="981" WIDTH="821" HEIGHT="29">
							<String ID="string_282" HPOS="80" VPOS="984" WIDTH="56" HEIGHT="24" WC="0.95" CONTENT="nats,"/><SP WIDTH="16" VPOS="984" HPOS="136"/>
							<String ID="string_283" HPOS="152" VPOS="988" WIDTH="48" HEIGHT="16" WC="0.91" CONTENT="men"/><SP WIDTH="16" VPOS="988" HPOS="200"/>
							<String ID="string_284" HPOS="216" VPOS="982" WIDTH="89" HEIGHT="22" WC="0.91" CONTENT="oaktadt"/><SP WIDTH="15" VPOS="982" HPOS="305"/>
							<String ID="string_285" HPOS="320" VPOS="982" WIDTH="50" HEIGHT="21" WC="0.93" CONTENT="herr"/><SP WIDTH="15" VPOS="982" HPOS="370"/>
							<String ID="string_286" HPOS="385" VPOS="982" WIDTH="173" HEIGHT="28" WC="0.92" CONTENT="Standertskjöld"/><SP WIDTH="11" VPOS="982" HPOS="558"/>
							<String ID="string_287" HPOS="569" VPOS="981" WIDTH="34" HEIGHT="23" WC="0.96" CONTENT="vid"/><SP WIDTH="8" VPOS="981" HPOS="603"/>
							<String ID="string_288" HPOS="611" VPOS="982" WIDTH="55" HEIGHT="21" WC="0.96" CONTENT="sista"/><SP WIDTH="7" VPOS="982" HPOS="666"/>
							<String ID="string_289" HPOS="673" VPOS="981" WIDTH="169" HEIGHT="22" WC="0.96" CONTENT="sammanträdet"/><SP WIDTH="7" VPOS="981" HPOS="842"/>
							<String ID="string_290" HPOS="849" VPOS="982" WIDTH="52" HEIGHT="21" WC="0.96" CONTENT="sade"/>
						</TextLine>
						<TextLine ID="line_30" HPOS="79" VPOS="1010" WIDTH="823" HEIGHT="27">
							<String ID="string_291" HPOS="79" VPOS="1010" WIDTH="36" HEIGHT="27" WC="0.96" CONTENT="sig"/><SP WIDTH="21" VPOS="1010" HPOS="115"/>
							<String ID="string_292" HPOS="136" VPOS="1010" WIDTH="48" HEIGHT="22" WC="0.96" CONTENT="icke"/><SP WIDTH="22" VPOS="1010" HPOS="184"/>
							<String ID="string_293" HPOS="206" VPOS="1011" WIDTH="73" HEIGHT="21" WC="0.95" CONTENT="kunna"/><SP WIDTH="19" VPOS="1011" HPOS="279"/>
							<String ID="string_294" HPOS="298" VPOS="1010" WIDTH="114" HEIGHT="27" WC="0.93" CONTENT="godkänna"/><SP WIDTH="19" VPOS="1010" HPOS="412"/>
							<String ID="string_295" HPOS="431" VPOS="1011" WIDTH="192" HEIGHT="25" WC="0.91" CONTENT="zonberäkningen,"/><SP WIDTH="17" VPOS="1011" HPOS="623"/>
							<String ID="string_296" HPOS="640" VPOS="1010" WIDTH="109" HEIGHT="27" WC="0.96" CONTENT="begagnar"/><SP WIDTH="14" VPOS="1010" HPOS="749"/>
							<String ID="string_297" HPOS="763" VPOS="1010" WIDTH="42" HEIGHT="21" WC="0.95" CONTENT="han"/><SP WIDTH="15" VPOS="1010" HPOS="805"/>
							<String ID="string_298" HPOS="820" VPOS="1016" WIDTH="82" HEIGHT="15" WC="0.96" CONTENT="samma"/>
						</TextLine>
						<TextLine ID="line_31" HPOS="80" VPOS="1039" WIDTH="822" HEIGHT="27">
							<String ID="string_299" HPOS="80" VPOS="1039" WIDTH="161" HEIGHT="27" WC="0.91" CONTENT="zonberäkning"/><SP WIDTH="13" VPOS="1039" HPOS="241"/>
							<String ID="string_300" HPOS="254" VPOS="1039" WIDTH="34" HEIGHT="22" WC="0.96" CONTENT="för"/><SP WIDTH="14" VPOS="1039" HPOS="288"/>
							<String ID="string_301" HPOS="302" VPOS="1041" WIDTH="32" HEIGHT="19" WC="0.96" CONTENT="att"/><SP WIDTH="14" VPOS="1041" HPOS="334"/>
							<String ID="string_302" HPOS="348" VPOS="1039" WIDTH="53" HEIGHT="25" WC="0.96" CONTENT="visa,"/><SP WIDTH="19" VPOS="1039" HPOS="401"/>
							<String ID="string_303" HPOS="420" VPOS="1041" WIDTH="33" HEIGHT="20" WC="0.96" CONTENT="att"/><SP WIDTH="14" VPOS="1041" HPOS="453"/>
							<String ID="string_304" HPOS="467" VPOS="1039" WIDTH="149" HEIGHT="26" WC="0.95" CONTENT="folkmängden"/><SP WIDTH="14" VPOS="1039" HPOS="616"/>
							<String ID="string_305" HPOS="630" VPOS="1039" WIDTH="30" HEIGHT="27" WC="0.96" CONTENT="på"/><SP WIDTH="14" VPOS="1039" HPOS="660"/>
							<String ID="string_306" HPOS="674" VPOS="1039" WIDTH="42" HEIGHT="21" WC="0.97" CONTENT="den"/><SP WIDTH="15" VPOS="1039" HPOS="716"/>
							<String ID="string_307" HPOS="731" VPOS="1039" WIDTH="171" HEIGHT="21" WC="0.96" CONTENT="österbottniska"/>
						</TextLine>
						<TextLine ID="line_32" HPOS="81" VPOS="1067" WIDTH="819" HEIGHT="28">
							<String ID="string_308" HPOS="81" VPOS="1067" WIDTH="101" HEIGHT="22" WC="0.96" CONTENT="sträckan"/><SP WIDTH="15" VPOS="1067" HPOS="182"/>
							<String ID="string_309" HPOS="197" VPOS="1068" WIDTH="49" HEIGHT="21" WC="0.96" CONTENT="icke"/><SP WIDTH="15" VPOS="1068" HPOS="246"/>
							<String ID="string_310" HPOS="261" VPOS="1070" WIDTH="24" HEIGHT="19" WC="0.96" CONTENT="är"/><SP WIDTH="15" VPOS="1070" HPOS="285"/>
							<String ID="string_311" HPOS="300" VPOS="1069" WIDTH="56" HEIGHT="20" WC="0.96" CONTENT="stort"/><SP WIDTH="15" VPOS="1069" HPOS="356"/>
							<String ID="string_312" HPOS="371" VPOS="1069" WIDTH="69" HEIGHT="20" WC="0.95" CONTENT="större"/><SP WIDTH="16" VPOS="1069" HPOS="440"/>
							<String ID="string_313" HPOS="456" VPOS="1070" WIDTH="27" HEIGHT="19" WC="0.96" CONTENT="än"/><SP WIDTH="15" VPOS="1070" HPOS="483"/>
							<String ID="string_314" HPOS="498" VPOS="1068" WIDTH="28" HEIGHT="27" WC="0.96" CONTENT="på"/><SP WIDTH="15" VPOS="1068" HPOS="526"/>
							<String ID="string_315" HPOS="541" VPOS="1068" WIDTH="42" HEIGHT="21" WC="0.93" CONTENT="den"/><SP WIDTH="10" VPOS="1068" HPOS="583"/>
							<String ID="string_316" HPOS="593" VPOS="1067" WIDTH="132" HEIGHT="26" WC="0.92" CONTENT="savolaxska,"/><SP WIDTH="12" VPOS="1067" HPOS="725"/>
							<String ID="string_317" HPOS="737" VPOS="1073" WIDTH="48" HEIGHT="16" WC="0.96" CONTENT="men"/><SP WIDTH="7" VPOS="1073" HPOS="785"/>
							<String ID="string_318" HPOS="792" VPOS="1067" WIDTH="43" HEIGHT="21" WC="0.96" CONTENT="han"/><SP WIDTH="8" VPOS="1067" HPOS="835"/>
							<String ID="string_319" HPOS="843" VPOS="1067" WIDTH="57" HEIGHT="25" WC="0.96" CONTENT="sade,"/>
						</TextLine>
						<TextLine ID="line_33" HPOS="82" VPOS="1095" WIDTH="820" HEIGHT="28">
							<String ID="string_320" HPOS="82" VPOS="1098" WIDTH="34" HEIGHT="20" WC="0.96" CONTENT="att"/><SP WIDTH="22" VPOS="1098" HPOS="116"/>
							<String ID="string_321" HPOS="138" VPOS="1102" WIDTH="34" HEIGHT="16" WC="0.96" CONTENT="om"/><SP WIDTH="22" VPOS="1102" HPOS="172"/>
							<String ID="string_322" HPOS="194" VPOS="1098" WIDTH="70" HEIGHT="25" WC="0.93" CONTENT="vägen"/><SP WIDTH="19" VPOS="1098" HPOS="264"/>
							<String ID="string_323" HPOS="283" VPOS="1097" WIDTH="77" HEIGHT="26" WC="0.92" CONTENT="drages"/><SP WIDTH="23" VPOS="1097" HPOS="360"/>
							<String ID="string_324" HPOS="383" VPOS="1096" WIDTH="61" HEIGHT="27" WC="0.90" CONTENT="långs"/><SP WIDTH="22" VPOS="1096" HPOS="444"/>
							<String ID="string_325" HPOS="466" VPOS="1097" WIDTH="85" HEIGHT="24" WC="0.96" CONTENT="kusten,"/><SP WIDTH="16" VPOS="1097" HPOS="551"/>
							<String ID="string_326" HPOS="567" VPOS="1101" WIDTH="67" HEIGHT="16" WC="0.96" CONTENT="zonen"/><SP WIDTH="16" VPOS="1101" HPOS="634"/>
							<String ID="string_327" HPOS="650" VPOS="1095" WIDTH="23" HEIGHT="22" WC="0.95" CONTENT="åt"/><SP WIDTH="15" VPOS="1095" HPOS="673"/>
							<String ID="string_328" HPOS="688" VPOS="1102" WIDTH="41" HEIGHT="15" WC="0.96" CONTENT="ena"/><SP WIDTH="14" VPOS="1102" HPOS="729"/>
							<String ID="string_329" HPOS="743" VPOS="1096" WIDTH="62" HEIGHT="21" WC="0.96" CONTENT="sidan"/><SP WIDTH="14" VPOS="1096" HPOS="805"/>
							<String ID="string_330" HPOS="819" VPOS="1095" WIDTH="61" HEIGHT="22" WC="0.96" CONTENT="faller"/><SP WIDTH="14" VPOS="1095" HPOS="880"/>
							<String ID="string_331" HPOS="894" VPOS="1095" WIDTH="8" HEIGHT="21" WC="0.96" CONTENT="i"/>
						</TextLine>
						<TextLine ID="line_34" HPOS="81" VPOS="1124" WIDTH="821" HEIGHT="27">
							<String ID="string_332" HPOS="81" VPOS="1124" WIDTH="81" HEIGHT="23" WC="0.92" CONTENT="hafvet."/><SP WIDTH="38" VPOS="1124" HPOS="162"/>
							<String ID="string_333" HPOS="200" VPOS="1125" WIDTH="101" HEIGHT="22" WC="0.95" CONTENT="Således:"/><SP WIDTH="18" VPOS="1125" HPOS="301"/>
							<String ID="string_334" HPOS="319" VPOS="1125" WIDTH="40" HEIGHT="24" WC="0.95" CONTENT="vill"/><SP WIDTH="19" VPOS="1125" HPOS="359"/>
							<String ID="string_335" HPOS="378" VPOS="1131" WIDTH="49" HEIGHT="15" WC="0.96" CONTENT="man"/><SP WIDTH="22" VPOS="1131" HPOS="427"/>
							<String ID="string_336" HPOS="449" VPOS="1126" WIDTH="50" HEIGHT="25" WC="0.88" CONTENT="taga"/><SP WIDTH="22" VPOS="1126" HPOS="499"/>
							<String ID="string_337" HPOS="521" VPOS="1125" WIDTH="142" HEIGHT="21" WC="0.88" CONTENT="folktätheten"/><SP WIDTH="15" VPOS="1125" HPOS="663"/>
							<String ID="string_338" HPOS="678" VPOS="1125" WIDTH="6" HEIGHT="20" WC="0.97" CONTENT="i"/><SP WIDTH="17" VPOS="1125" HPOS="684"/>
							<String ID="string_339" HPOS="701" VPOS="1124" WIDTH="117" HEIGHT="26" WC="0.96" CONTENT="beräkning"/><SP WIDTH="14" VPOS="1124" HPOS="818"/>
							<String ID="string_340" HPOS="832" VPOS="1125" WIDTH="28" HEIGHT="26" WC="0.96" CONTENT="på"/><SP WIDTH="16" VPOS="1125" HPOS="860"/>
							<String ID="string_341" HPOS="876" VPOS="1130" WIDTH="26" HEIGHT="15" WC="0.96" CONTENT="en"/>
						</TextLine>
						<TextLine ID="line_35" HPOS="81" VPOS="1152" WIDTH="821" HEIGHT="27">
							<String ID="string_342" HPOS="81" VPOS="1153" WIDTH="62" HEIGHT="26" WC="0.95" CONTENT="bana,"/><SP WIDTH="17" VPOS="1153" HPOS="143"/>
							<String ID="string_343" HPOS="160" VPOS="1153" WIDTH="26" HEIGHT="22" WC="0.96" CONTENT="så"/><SP WIDTH="14" VPOS="1153" HPOS="186"/>
							<String ID="string_344" HPOS="200" VPOS="1153" WIDTH="67" HEIGHT="22" WC="0.96" CONTENT="borde"/><SP WIDTH="15" VPOS="1153" HPOS="267"/>
							<String ID="string_345" HPOS="282" VPOS="1159" WIDTH="49" HEIGHT="16" WC="0.96" CONTENT="man"/><SP WIDTH="15" VPOS="1159" HPOS="331"/>
							<String ID="string_346" HPOS="346" VPOS="1153" WIDTH="32" HEIGHT="21" WC="0.96" CONTENT="för"/><SP WIDTH="16" VPOS="1153" HPOS="378"/>
							<String ID="string_347" HPOS="394" VPOS="1153" WIDTH="40" HEIGHT="21" WC="0.96" CONTENT="den"/><SP WIDTH="16" VPOS="1153" HPOS="434"/>
							<String ID="string_348" HPOS="450" VPOS="1153" WIDTH="169" HEIGHT="22" WC="0.96" CONTENT="österbottniska"/><SP WIDTH="15" VPOS="1153" HPOS="619"/>
							<String ID="string_349" HPOS="634" VPOS="1153" WIDTH="70" HEIGHT="21" WC="0.96" CONTENT="banan"/><SP WIDTH="15" VPOS="1153" HPOS="704"/>
							<String ID="string_350" HPOS="719" VPOS="1153" WIDTH="143" HEIGHT="26" WC="0.96" CONTENT="multiplicera"/><SP WIDTH="13" VPOS="1153" HPOS="862"/>
							<String ID="string_351" HPOS="875" VPOS="1152" WIDTH="27" HEIGHT="21" WC="0.96" CONTENT="de"/>
						</TextLine>
						<TextLine ID="line_36" HPOS="82" VPOS="1181" WIDTH="821" HEIGHT="27">
							<String ID="string_352" HPOS="82" VPOS="1182" WIDTH="89" HEIGHT="21" WC="0.96" CONTENT="anförda"/><SP WIDTH="16" VPOS="1182" HPOS="171"/>
							<String ID="string_353" HPOS="187" VPOS="1181" WIDTH="98" HEIGHT="22" WC="0.96" CONTENT="siffrorna"/><SP WIDTH="14" VPOS="1181" HPOS="285"/>
							<String ID="string_354" HPOS="299" VPOS="1182" WIDTH="49" HEIGHT="22" WC="0.96" CONTENT="med"/><SP WIDTH="14" VPOS="1182" HPOS="348"/>
							<String ID="string_355" HPOS="362" VPOS="1182" WIDTH="89" HEIGHT="26" WC="0.96" CONTENT="ungefär"/><SP WIDTH="15" VPOS="1182" HPOS="451"/>
							<String ID="string_356" HPOS="466" VPOS="1182" WIDTH="89" HEIGHT="22" WC="0.96" CONTENT="dubbelt"/><SP WIDTH="14" VPOS="1182" HPOS="555"/>
							<String ID="string_357" HPOS="569" VPOS="1181" WIDTH="40" HEIGHT="22" WC="0.97" CONTENT="och"/><SP WIDTH="15" VPOS="1181" HPOS="609"/>
							<String ID="string_358" HPOS="624" VPOS="1181" WIDTH="28" HEIGHT="21" WC="0.96" CONTENT="då"/><SP WIDTH="15" VPOS="1181" HPOS="652"/>
							<String ID="string_359" HPOS="667" VPOS="1182" WIDTH="70" HEIGHT="20" WC="0.95" CONTENT="skulle"/><SP WIDTH="15" VPOS="1182" HPOS="737"/>
							<String ID="string_360" HPOS="752" VPOS="1187" WIDTH="49" HEIGHT="15" WC="0.96" CONTENT="man"/><SP WIDTH="12" VPOS="1187" HPOS="801"/>
							<String ID="string_361" HPOS="813" VPOS="1187" WIDTH="24" HEIGHT="15" WC="0.95" CONTENT="se"/><SP WIDTH="10" VPOS="1187" HPOS="837"/>
							<String ID="string_362" HPOS="847" VPOS="1181" WIDTH="56" HEIGHT="21" WC="0.96" CONTENT="huru"/>
						</TextLine>
						<TextLine ID="line_37" HPOS="80" VPOS="1208" WIDTH="822" HEIGHT="28">
							<String ID="string_363" HPOS="80" VPOS="1210" WIDTH="145" HEIGHT="22" WC="0.92" CONTENT="folktätheten"/><SP WIDTH="17" VPOS="1210" HPOS="225"/>
							<String ID="string_364" HPOS="242" VPOS="1210" WIDTH="82" HEIGHT="22" WC="0.94" CONTENT="verkar."/><SP WIDTH="30" VPOS="1210" HPOS="324"/>
							<String ID="string_365" HPOS="354" VPOS="1210" WIDTH="136" HEIGHT="22" WC="0.96" CONTENT="Beträffande"/><SP WIDTH="15" VPOS="1210" HPOS="490"/>
							<String ID="string_366" HPOS="505" VPOS="1210" WIDTH="67" HEIGHT="26" WC="0.96" CONTENT="några"/><SP WIDTH="15" VPOS="1210" HPOS="572"/>
							<String ID="string_367" HPOS="587" VPOS="1209" WIDTH="75" HEIGHT="27" WC="0.95" CONTENT="siffror,"/><SP WIDTH="16" VPOS="1209" HPOS="662"/>
							<String ID="string_368" HPOS="678" VPOS="1216" WIDTH="47" HEIGHT="15" WC="0.96" CONTENT="som"/><SP WIDTH="10" VPOS="1216" HPOS="725"/>
							<String ID="string_369" HPOS="735" VPOS="1209" WIDTH="67" HEIGHT="22" WC="0.96" CONTENT="finnes"/><SP WIDTH="11" VPOS="1209" HPOS="802"/>
							<String ID="string_370" HPOS="813" VPOS="1208" WIDTH="89" HEIGHT="23" WC="0.96" CONTENT="anförda"/>
						</TextLine>
						<TextLine ID="line_38" HPOS="81" VPOS="1238" WIDTH="821" HEIGHT="27">
							<String ID="string_371" HPOS="81" VPOS="1239" WIDTH="29" HEIGHT="26" WC="0.96" CONTENT="på"/><SP WIDTH="14" VPOS="1239" HPOS="110"/>
							<String ID="string_372" HPOS="124" VPOS="1238" WIDTH="62" HEIGHT="22" WC="0.95" CONTENT="sidan"/><SP WIDTH="15" VPOS="1238" HPOS="186"/>
							<String ID="string_373" HPOS="201" VPOS="1238" WIDTH="29" HEIGHT="22" WC="0.96" CONTENT="58"/><SP WIDTH="14" VPOS="1238" HPOS="230"/>
							<String ID="string_374" HPOS="244" VPOS="1238" WIDTH="111" HEIGHT="27" WC="0.93" CONTENT="angående"/><SP WIDTH="15" VPOS="1238" HPOS="355"/>
							<String ID="string_375" HPOS="370" VPOS="1238" WIDTH="134" HEIGHT="22" WC="0.91" CONTENT="Brahestads"/><SP WIDTH="15" VPOS="1238" HPOS="504"/>
							<String ID="string_376" HPOS="519" VPOS="1238" WIDTH="151" HEIGHT="27" WC="0.91" CONTENT="importvärde,"/><SP WIDTH="16" VPOS="1238" HPOS="670"/>
							<String ID="string_377" HPOS="686" VPOS="1238" WIDTH="40" HEIGHT="21" WC="0.96" CONTENT="har"/><SP WIDTH="8" VPOS="1238" HPOS="726"/>
							<String ID="string_378" HPOS="734" VPOS="1238" WIDTH="48" HEIGHT="22" WC="0.93" CONTENT="herr"/><SP WIDTH="8" VPOS="1238" HPOS="782"/>
							<String ID="string_379" HPOS="790" VPOS="1238" WIDTH="112" HEIGHT="21" WC="0.91" CONTENT="Standert-"/>
						</TextLine>
						<TextLine ID="line_39" HPOS="82" VPOS="1266" WIDTH="820" HEIGHT="28">
							<String ID="string_380" HPOS="82" VPOS="1267" WIDTH="70" HEIGHT="27" WC="0.91" CONTENT="skjöld"/><SP WIDTH="20" VPOS="1267" HPOS="152"/>
							<String ID="string_381" HPOS="172" VPOS="1266" WIDTH="71" HEIGHT="22" WC="0.96" CONTENT="anfört"/><SP WIDTH="19" VPOS="1266" HPOS="243"/>
							<String ID="string_382" HPOS="262" VPOS="1269" WIDTH="33" HEIGHT="19" WC="0.96" CONTENT="att"/><SP WIDTH="19" VPOS="1269" HPOS="295"/>
							<String ID="string_383" HPOS="314" VPOS="1268" WIDTH="38" HEIGHT="20" WC="0.93" CONTENT="det"/><SP WIDTH="14" VPOS="1268" HPOS="352"/>
							<String ID="string_384" HPOS="366" VPOS="1267" WIDTH="123" HEIGHT="27" WC="0.91" CONTENT="påtagligen"/><SP WIDTH="15" VPOS="1267" HPOS="489"/>
							<String ID="string_385" HPOS="504" VPOS="1268" WIDTH="63" HEIGHT="20" WC="0.96" CONTENT="beror"/><SP WIDTH="15" VPOS="1268" HPOS="567"/>
							<String ID="string_386" HPOS="582" VPOS="1267" WIDTH="28" HEIGHT="27" WC="0.96" CONTENT="på"/><SP WIDTH="15" VPOS="1267" HPOS="610"/>
							<String ID="string_387" HPOS="625" VPOS="1268" WIDTH="32" HEIGHT="20" WC="0.96" CONTENT="ett"/><SP WIDTH="15" VPOS="1268" HPOS="657"/>
							<String ID="string_388" HPOS="672" VPOS="1267" WIDTH="91" HEIGHT="26" WC="0.96" CONTENT="misstag"/><SP WIDTH="14" VPOS="1267" HPOS="763"/>
							<String ID="string_389" HPOS="777" VPOS="1266" WIDTH="39" HEIGHT="21" WC="0.93" CONTENT="hos"/><SP WIDTH="16" VPOS="1266" HPOS="816"/>
							<String ID="string_390" HPOS="832" VPOS="1272" WIDTH="70" HEIGHT="16" WC="0.91" CONTENT="reser-"/>
						</TextLine>
						<TextLine ID="line_40" HPOS="81" VPOS="1294" WIDTH="822" HEIGHT="28">
							<String ID="string_391" HPOS="81" VPOS="1297" WIDTH="103" HEIGHT="20" WC="0.91" CONTENT="vanterna"/><SP WIDTH="16" VPOS="1297" HPOS="184"/>
							<String ID="string_392" HPOS="200" VPOS="1296" WIDTH="123" HEIGHT="26" WC="0.92" CONTENT="derigenom"/><SP WIDTH="15" VPOS="1296" HPOS="323"/>
							<String ID="string_393" HPOS="338" VPOS="1297" WIDTH="33" HEIGHT="20" WC="0.96" CONTENT="att"/><SP WIDTH="15" VPOS="1297" HPOS="371"/>
							<String ID="string_394" HPOS="386" VPOS="1296" WIDTH="27" HEIGHT="21" WC="0.93" CONTENT="de"/><SP WIDTH="15" VPOS="1296" HPOS="413"/>
							<String ID="string_395" HPOS="428" VPOS="1296" WIDTH="138" HEIGHT="22" WC="0.92" CONTENT="subtraherat"/><SP WIDTH="14" VPOS="1296" HPOS="566"/>
							<String ID="string_396" HPOS="580" VPOS="1294" WIDTH="98" HEIGHT="23" WC="0.93" CONTENT="kubikfot"/><SP WIDTH="15" VPOS="1294" HPOS="678"/>
							<String ID="string_397" HPOS="693" VPOS="1294" WIDTH="46" HEIGHT="22" WC="0.96" CONTENT="från"/><SP WIDTH="15" VPOS="1294" HPOS="739"/>
							<String ID="string_398" HPOS="754" VPOS="1295" WIDTH="66" HEIGHT="21" WC="0.96" CONTENT="mark."/><SP WIDTH="17" VPOS="1295" HPOS="820"/>
							<String ID="string_399" HPOS="837" VPOS="1295" WIDTH="66" HEIGHT="21" WC="0.96" CONTENT="Detta"/>
						</TextLine>
						<TextLine ID="line_41" HPOS="81" VPOS="1323" WIDTH="821" HEIGHT="27">
							<String ID="string_400" HPOS="81" VPOS="1324" WIDTH="91" HEIGHT="26" WC="0.96" CONTENT="misstag"/><SP WIDTH="14" VPOS="1324" HPOS="172"/>
							<String ID="string_401" HPOS="186" VPOS="1324" WIDTH="39" HEIGHT="20" WC="0.97" CONTENT="har"/><SP WIDTH="15" VPOS="1324" HPOS="225"/>
							<String ID="string_402" HPOS="240" VPOS="1324" WIDTH="55" HEIGHT="21" WC="0.97" CONTENT="dock"/><SP WIDTH="14" VPOS="1324" HPOS="295"/>
							<String ID="string_403" HPOS="309" VPOS="1324" WIDTH="49" HEIGHT="21" WC="0.96" CONTENT="icke"/><SP WIDTH="15" VPOS="1324" HPOS="358"/>
							<String ID="string_404" HPOS="373" VPOS="1326" WIDTH="37" HEIGHT="24" WC="0.96" CONTENT="egt"/><SP WIDTH="15" VPOS="1326" HPOS="410"/>
							<String ID="string_405" HPOS="425" VPOS="1330" WIDTH="52" HEIGHT="14" WC="0.95" CONTENT="rum."/><SP WIDTH="31" VPOS="1330" HPOS="477"/>
							<String ID="string_406" HPOS="508" VPOS="1324" WIDTH="46" HEIGHT="21" WC="0.95" CONTENT="Den"/><SP WIDTH="16" VPOS="1324" HPOS="554"/>
							<String ID="string_407" HPOS="570" VPOS="1323" WIDTH="59" HEIGHT="21" WC="0.96" CONTENT="siffra"/><SP WIDTH="14" VPOS="1323" HPOS="629"/>
							<String ID="string_408" HPOS="643" VPOS="1323" WIDTH="23" HEIGHT="21" WC="0.93" CONTENT="af"/><SP WIDTH="14" VPOS="1323" HPOS="666"/>
							<String ID="string_409" HPOS="680" VPOS="1325" WIDTH="91" HEIGHT="23" WC="0.92" CONTENT="306,000"/><SP WIDTH="14" VPOS="1325" HPOS="771"/>
							<String ID="string_410" HPOS="785" VPOS="1324" WIDTH="60" HEIGHT="20" WC="0.96" CONTENT="mark"/><SP WIDTH="11" VPOS="1324" HPOS="845"/>
							<String ID="string_411" HPOS="856" VPOS="1329" WIDTH="46" HEIGHT="15" WC="0.96" CONTENT="som"/>
						</TextLine>
						<TextLine ID="line_42" HPOS="81" VPOS="1350" WIDTH="822" HEIGHT="27">
							<String ID="string_412" HPOS="81" VPOS="1351" WIDTH="82" HEIGHT="22" WC="0.76" CONTENT="anförts."/><SP WIDTH="15" VPOS="1351" HPOS="163"/>
							<String ID="string_413" HPOS="178" VPOS="1353" WIDTH="78" HEIGHT="24" WC="0.96" CONTENT="utgöra"/><SP WIDTH="21" VPOS="1353" HPOS="256"/>
							<String ID="string_414" HPOS="277" VPOS="1351" WIDTH="72" HEIGHT="21" WC="0.96" CONTENT="siffran"/><SP WIDTH="22" VPOS="1351" HPOS="349"/>
							<String ID="string_415" HPOS="371" VPOS="1352" WIDTH="23" HEIGHT="20" WC="0.93" CONTENT="af"/><SP WIDTH="19" VPOS="1352" HPOS="394"/>
							<String ID="string_416" HPOS="413" VPOS="1351" WIDTH="132" HEIGHT="21" WC="0.92" CONTENT="Brahestads"/><SP WIDTH="20" VPOS="1351" HPOS="545"/>
							<String ID="string_417" HPOS="565" VPOS="1352" WIDTH="76" HEIGHT="25" WC="0.96" CONTENT="export"/><SP WIDTH="15" VPOS="1352" HPOS="641"/>
							<String ID="string_418" HPOS="656" VPOS="1350" WIDTH="55" HEIGHT="22" WC="0.93" CONTENT="efter"/><SP WIDTH="15" VPOS="1350" HPOS="711"/>
							<String ID="string_419" HPOS="726" VPOS="1350" WIDTH="140" HEIGHT="27" WC="0.90" CONTENT="afdragandet"/><SP WIDTH="15" VPOS="1350" HPOS="866"/>
							<String ID="string_420" HPOS="881" VPOS="1350" WIDTH="22" HEIGHT="21" WC="0.95" CONTENT="af"/>
						</TextLine>
						<TextLine ID="line_43" HPOS="81" VPOS="1378" WIDTH="820" HEIGHT="28">
							<String ID="string_421" HPOS="81" VPOS="1381" WIDTH="197" HEIGHT="25" WC="0.92" CONTENT="trävaruexporten,"/><SP WIDTH="17" VPOS="1381" HPOS="278"/>
							<String ID="string_422" HPOS="295" VPOS="1379" WIDTH="39" HEIGHT="21" WC="0.96" CONTENT="har"/><SP WIDTH="14" VPOS="1379" HPOS="334"/>
							<String ID="string_423" HPOS="348" VPOS="1379" WIDTH="39" HEIGHT="21" WC="0.96" CONTENT="alls"/><SP WIDTH="16" VPOS="1379" HPOS="387"/>
							<String ID="string_424" HPOS="403" VPOS="1379" WIDTH="48" HEIGHT="21" WC="0.93" CONTENT="icke"/><SP WIDTH="14" VPOS="1379" HPOS="451"/>
							<String ID="string_425" HPOS="465" VPOS="1379" WIDTH="108" HEIGHT="26" WC="0.92" CONTENT="uppstälts"/><SP WIDTH="16" VPOS="1379" HPOS="573"/>
							<String ID="string_426" HPOS="589" VPOS="1378" WIDTH="23" HEIGHT="21" WC="0.93" CONTENT="af"/><SP WIDTH="13" VPOS="1378" HPOS="612"/>
							<String ID="string_427" HPOS="625" VPOS="1381" WIDTH="169" HEIGHT="19" WC="0.90" CONTENT="reservanterna."/><SP WIDTH="16" VPOS="1381" HPOS="794"/>
							<String ID="string_428" HPOS="810" VPOS="1379" WIDTH="38" HEIGHT="20" WC="0.96" CONTENT="Att"/><SP WIDTH="11" VPOS="1379" HPOS="848"/>
							<String ID="string_429" HPOS="859" VPOS="1378" WIDTH="42" HEIGHT="21" WC="0.96" CONTENT="den"/>
						</TextLine>
						<TextLine ID="line_44" HPOS="81" VPOS="1406" WIDTH="822" HEIGHT="28">
							<String ID="string_430" HPOS="81" VPOS="1408" WIDTH="40" HEIGHT="22" WC="0.96" CONTENT="här"/><SP WIDTH="15" VPOS="1408" HPOS="121"/>
							<String ID="string_431" HPOS="136" VPOS="1407" WIDTH="81" HEIGHT="23" WC="0.96" CONTENT="anförts"/><SP WIDTH="16" VPOS="1407" HPOS="217"/>
							<String ID="string_432" HPOS="233" VPOS="1408" WIDTH="96" HEIGHT="21" WC="0.96" CONTENT="kommer"/><SP WIDTH="14" VPOS="1408" HPOS="329"/>
							<String ID="string_433" HPOS="343" VPOS="1408" WIDTH="33" HEIGHT="26" WC="0.96" CONTENT="sig"/><SP WIDTH="15" VPOS="1408" HPOS="376"/>
							<String ID="string_434" HPOS="391" VPOS="1407" WIDTH="63" HEIGHT="22" WC="0.96" CONTENT="deraf"/><SP WIDTH="12" VPOS="1407" HPOS="454"/>
							<String ID="string_435" HPOS="466" VPOS="1409" WIDTH="33" HEIGHT="20" WC="0.96" CONTENT="att"/><SP WIDTH="14" VPOS="1409" HPOS="499"/>
							<String ID="string_436" HPOS="513" VPOS="1407" WIDTH="107" HEIGHT="22" WC="0.96" CONTENT="utskottet"/><SP WIDTH="15" VPOS="1407" HPOS="620"/>
							<String ID="string_437" HPOS="635" VPOS="1407" WIDTH="34" HEIGHT="21" WC="0.96" CONTENT="vid"/><SP WIDTH="16" VPOS="1407" HPOS="669"/>
							<String ID="string_438" HPOS="685" VPOS="1407" WIDTH="27" HEIGHT="21" WC="0.96" CONTENT="de"/><SP WIDTH="15" VPOS="1407" HPOS="712"/>
							<String ID="string_439" HPOS="727" VPOS="1406" WIDTH="75" HEIGHT="26" WC="0.96" CONTENT="siffror,"/><SP WIDTH="16" VPOS="1406" HPOS="802"/>
							<String ID="string_440" HPOS="818" VPOS="1413" WIDTH="46" HEIGHT="15" WC="0.95" CONTENT="som"/><SP WIDTH="10" VPOS="1413" HPOS="864"/>
							<String ID="string_441" HPOS="874" VPOS="1407" WIDTH="29" HEIGHT="26" WC="0.95" CONTENT="på"/>
						</TextLine>
						<TextLine ID="line_45" HPOS="81" VPOS="1435" WIDTH="822" HEIGHT="28">
							<String ID="string_442" HPOS="81" VPOS="1436" WIDTH="41" HEIGHT="23" WC="0.96" CONTENT="sid."/><SP WIDTH="15" VPOS="1436" HPOS="122"/>
							<String ID="string_443" HPOS="137" VPOS="1438" WIDTH="28" HEIGHT="20" WC="0.95" CONTENT="41"/><SP WIDTH="15" VPOS="1438" HPOS="165"/>
							<String ID="string_444" HPOS="180" VPOS="1436" WIDTH="69" HEIGHT="22" WC="0.96" CONTENT="finnas"/><SP WIDTH="16" VPOS="1436" HPOS="249"/>
							<String ID="string_445" HPOS="265" VPOS="1437" WIDTH="95" HEIGHT="24" WC="0.96" CONTENT="anförda,"/><SP WIDTH="15" VPOS="1437" HPOS="360"/>
							<String ID="string_446" HPOS="375" VPOS="1436" WIDTH="33" HEIGHT="22" WC="0.95" CONTENT="för"/><SP WIDTH="18" VPOS="1436" HPOS="408"/>
							<String ID="string_447" HPOS="426" VPOS="1436" WIDTH="26" HEIGHT="21" WC="0.96" CONTENT="de"/><SP WIDTH="16" VPOS="1436" HPOS="452"/>
							<String ID="string_448" HPOS="468" VPOS="1435" WIDTH="170" HEIGHT="22" WC="0.96" CONTENT="österbottniska"/><SP WIDTH="14" VPOS="1435" HPOS="638"/>
							<String ID="string_449" HPOS="652" VPOS="1435" WIDTH="113" HEIGHT="22" WC="0.96" CONTENT="städernas"/><SP WIDTH="16" VPOS="1435" HPOS="765"/>
							<String ID="string_450" HPOS="781" VPOS="1437" WIDTH="76" HEIGHT="26" WC="0.90" CONTENT="export"/><SP WIDTH="14" VPOS="1437" HPOS="857"/>
							<String ID="string_451" HPOS="871" VPOS="1435" WIDTH="32" HEIGHT="21" WC="0.90" CONTENT="af-"/>
						</TextLine>
						<TextLine ID="line_46" HPOS="80" VPOS="1463" WIDTH="823" HEIGHT="30">
							<String ID="string_452" HPOS="80" VPOS="1466" WIDTH="73" HEIGHT="27" WC="0.93" CONTENT="dragit"/><SP WIDTH="14" VPOS="1466" HPOS="153"/>
							<String ID="string_453" HPOS="167" VPOS="1467" WIDTH="126" HEIGHT="20" WC="0.89" CONTENT="trävarorna"/><SP WIDTH="15" VPOS="1467" HPOS="293"/>
							<String ID="string_454" HPOS="308" VPOS="1465" WIDTH="40" HEIGHT="22" WC="0.96" CONTENT="och"/><SP WIDTH="15" VPOS="1465" HPOS="348"/>
							<String ID="string_455" HPOS="363" VPOS="1464" WIDTH="41" HEIGHT="22" WC="0.93" CONTENT="fått"/><SP WIDTH="16" VPOS="1464" HPOS="404"/>
							<String ID="string_456" HPOS="420" VPOS="1466" WIDTH="118" HEIGHT="25" WC="0.91" CONTENT="1,041,000,"/><SP WIDTH="16" VPOS="1466" HPOS="538"/>
							<String ID="string_457" HPOS="554" VPOS="1463" WIDTH="76" HEIGHT="23" WC="0.96" CONTENT="hvaraf"/><SP WIDTH="9" VPOS="1463" HPOS="630"/>
							<String ID="string_458" HPOS="639" VPOS="1464" WIDTH="33" HEIGHT="22" WC="0.96" CONTENT="för"/><SP WIDTH="10" VPOS="1464" HPOS="672"/>
							<String ID="string_459" HPOS="682" VPOS="1464" WIDTH="121" HEIGHT="22" WC="0.96" CONTENT="Brahestad"/><SP WIDTH="10" VPOS="1464" HPOS="803"/>
							<String ID="string_460" HPOS="813" VPOS="1464" WIDTH="90" HEIGHT="27" WC="0.96" CONTENT="specielt"/>
						</TextLine>
						<TextLine ID="line_47" HPOS="82" VPOS="1477" WIDTH="820" HEIGHT="48">
							<String ID="string_461" HPOS="82" VPOS="1496" WIDTH="93" HEIGHT="25" WC="0.92" CONTENT="306,000"/><SP WIDTH="15" VPOS="1496" HPOS="175"/>
							<String ID="string_462" HPOS="190" VPOS="1495" WIDTH="67" HEIGHT="22" WC="0.96" CONTENT="mark."/><SP WIDTH="30" VPOS="1495" HPOS="257"/>
							<String ID="string_463" HPOS="287" VPOS="1495" WIDTH="76" HEIGHT="21" WC="0.95" CONTENT="Denna"/><SP WIDTH="14" VPOS="1495" HPOS="363"/>
							<String ID="string_464" HPOS="377" VPOS="1477" WIDTH="61" HEIGHT="48" WC="0.95" CONTENT="siffra"/><SP WIDTH="13" VPOS="1477" HPOS="438"/>
							<String ID="string_465" HPOS="451" VPOS="1482" WIDTH="64" HEIGHT="34" WC="0.95" CONTENT="beror"/><SP WIDTH="14" VPOS="1482" HPOS="515"/>
							<String ID="string_466" HPOS="529" VPOS="1481" WIDTH="47" HEIGHT="34" WC="0.94" CONTENT="icke"/><SP WIDTH="14" VPOS="1481" HPOS="576"/>
							<String ID="string_467" HPOS="590" VPOS="1493" WIDTH="30" HEIGHT="27" WC="0.96" CONTENT="på"/><SP WIDTH="8" VPOS="1493" HPOS="620"/>
							<String ID="string_468" HPOS="628" VPOS="1493" WIDTH="67" HEIGHT="27" WC="0.93" CONTENT="något"/><SP WIDTH="10" VPOS="1493" HPOS="695"/>
							<String ID="string_469" HPOS="705" VPOS="1492" WIDTH="197" HEIGHT="27" WC="0.91" CONTENT="subtraheringsfel,"/>
						</TextLine>
						<TextLine ID="line_48" HPOS="81" VPOS="1521" WIDTH="823" HEIGHT="25">
							<String ID="string_470" HPOS="81" VPOS="1523" WIDTH="27" HEIGHT="22" WC="0.96" CONTENT="så"/><SP WIDTH="14" VPOS="1523" HPOS="108"/>
							<String ID="string_471" HPOS="122" VPOS="1526" WIDTH="33" HEIGHT="20" WC="0.96" CONTENT="att"/><SP WIDTH="13" VPOS="1526" HPOS="155"/>
							<String ID="string_472" HPOS="168" VPOS="1523" WIDTH="54" HEIGHT="22" WC="0.96" CONTENT="felet"/><SP WIDTH="15" VPOS="1523" HPOS="222"/>
							<String ID="string_473" HPOS="237" VPOS="1523" WIDTH="48" HEIGHT="22" WC="0.96" CONTENT="icke"/><SP WIDTH="14" VPOS="1523" HPOS="285"/>
							<String ID="string_474" HPOS="299" VPOS="1523" WIDTH="130" HEIGHT="22" WC="0.93" CONTENT="tillkommer"/><SP WIDTH="14" VPOS="1523" HPOS="429"/>
							<String ID="string_475" HPOS="443" VPOS="1525" WIDTH="162" HEIGHT="19" WC="0.92" CONTENT="reservanterna"/><SP WIDTH="13" VPOS="1525" HPOS="605"/>
							<String ID="string_476" HPOS="618" VPOS="1525" WIDTH="53" HEIGHT="19" WC="0.96" CONTENT="utan"/><SP WIDTH="15" VPOS="1525" HPOS="671"/>
							<String ID="string_477" HPOS="686" VPOS="1522" WIDTH="114" HEIGHT="22" WC="0.93" CONTENT="utskottet."/><SP WIDTH="18" VPOS="1522" HPOS="800"/>
							<String ID="string_478" HPOS="818" VPOS="1521" WIDTH="86" HEIGHT="22" WC="0.90" CONTENT="Beträf-"/>
						</TextLine>
					</TextBlock>
				</ComposedBlock>
			</PrintSpace>
		</Page>
	</Layout>
</alto>
