1059 1706
188 134 45 31 800.
506 138 42 18 Den
558 139 10 17 4
580 138 44 23 Maj.

160 204 42 22 och
216 201 93 30 Kuopio,
325 206 34 20 ett
372 204 103 22 särskildt
490 204 105 28 yttrande.
602 204 26 24 af
640 204 109 22 utskottet
764 204 112 26 angående
890 204 91 27 anknyt-

159 233 162 27 ningspunkten.
333 232 72 22 kunde
419 232 116 23 infordras.

228 262 56 22 Herr
305 261 209 24 Landtmarskalken
537 261 98 23 erinrade
650 267 35 16 om
699 262 34 21 att
749 244 151 49 diskussionen
916 260 64 28 angä-

160 290 56 22 ende
232 290 194 27 bansträckningen
446 290 60 22 öfver
525 290 131 27 Suonenjoki
676 290 52 23 eller
742 289 59 24 öfver
815 289 164 23 Jorois-Jokkas

159 318 133 26 fortfarande
314 326 38 15 var
374 320 70 27 öppen
466 319 40 22 och
525 321 34 19 att
579 318 37 22 det
633 318 47 23 icke
696 319 56 22 blott
766 325 38 15 var
818 318 61 28 fråga
894 324 34 16 om
944 325 36 15 an-

160 347 214 28 knytningspunkten
388 348 33 21 till
442 348 146 27 Petershurg—
598 347 113 22 Riihimäki
724 348 95 26 jernväg,
830 350 60 22 utan,
898 348 28 27 pä
936 349 45 20 sätt

160 376 51 22 herr
225 376 151 23 Nordensköld
389 376 121 25 framhållit,
526 376 152 27 sträckningen
692 376 55 23 ifrån
762 376 33 23 St.
814 376 78 23 Michel
907 377 74 27 uppåt,

160 411 36 16 om
218 406 41 21 den
282 405 55 22 skall
356 406 29 25 gä
403 412 76 20 genom
495 405 132 27 Suonenjoki
642 405 53 22 eller
709 405 78 22 Jorois.

228 434 57 21 Herr
299 433 135 23 Mechelin
449 434 97 27 yttrade:
562 434 10 21 I
587 433 61 22 detta
657 433 124 23 hänseende
792 433 38 22 har
838 433 38 28 jag
885 433 97 23 missför-

161 462 55 21 stått
231 462 95 21 beslutet
340 462 41 22 och
396 462 96 22 anhäller
508 463 28 20 dä
552 469 34 15 om
595 462 74 25 ordet,
685 462 33 21 för
732 464 33 20 att
779 461 23 23 få
811 462 70 21 uttala
890 463 44 25 mig
944 468 46 17 an-:

162 491 83 26 gäende
261 491 70 21 denna
345 491 57 21 linie.
417 491 43 27 Jag
475 491 37 21 ber
528 491 28 21 dä
570 492 33 20 att
616 490 22 22 fä
652 490 33 22 för
699 491 43 21 min
757 491 36 22 del
803 490 87 23 förorda
900 491 83 21 sträck-

162 519 78 26 ningen
262 525 78 21 genom
361 519 90 26 Jokkas,
474 519 71 22 Jorois
568 519 39 22 och
624 519 129 27 Leppävirta
768 519 68 26 af'de,
852 519 73 23 säsom
940 520 42 26 mig

162 553 71 22 synes,
256 548 88 22 talande
363 548 53 26 skäl,
437 549 33 20 att
489 548 59 21 såväl
564 547 233 28 industriinrättningar
812 548 41 21 och
867 547 116 23 landtbruk

162 577 74 25 utmed
251 576 71 22 denna
336 576 124 27 sträckning
476 576 90 28 erbjuda
581 578 69 21 större
665 576 92 27 utsigter
772 576 33 22 för
816 576 118 28 jernvägen
949 577 33 22 till

162 604 65 23 trafik
242 605 40 22 och
298 605 104 28 derjämte
417 605 69 22 måste
502 611 64 16 anses
581 605 68 22 vittna
664 611 36 18 om.
714 607 71 20 större
798 605 66 22 behof
872 607 34 20 att
915 605 68 22 förses

162 633 50 22 med
226 634 95 27 jernväg.

231 663 57 22 Herr
309 661 23 25 af
344 662 150 23 Forselles:
516 663 42 26 Jag
577 665 24 19 är
616 662 8 21 i
637 662 149 22 hufvudsaken
801 663 145 27 förekommen
962 663 22 21 af

163 691 51 22 herr
228 691 107 23 Mechelin
354 690 133 23 beträffande
506 691 57 22 hvad
578 697 46 16 som
639 692 50 21 stod
705 693 66 25 öppet
783 691 35 23 för
832 691 151 23 diskussionen

163 720 93 21 rörande
271 720 42 21 den
332 719 101 23 beslutna
453 720 80 21 banans
549 719 213 28 anknytningspunkt
776 720 33 23 till
824 720 161 27 Petersburg—

164 748 114 21 Riihimäki
294 748 77 26 banan,
390 748 41 21 och
446 748 22 21 af
481 749 50 20 herr
545 749 67 21 baron
627 749 40 20 och
682 748 206 23 Landtmarskalken
903 748 80 22 beträf-

164 776 64 23 fande
243 777 65 21 linien
324 776 31 22 St.
373 777 90 22 Michel
475 772 123 36 Suonenjoki
616 777 52 21 eller
678 777 32 21 St.
730 777 69 22 Michel
817 772 166 36 -Jorois—Lep-

163 805 91 27 pävirta.
284 805 138 22 Beträffande
438 805 37 22 det
490 805 134 22 sistnämnda
638 808 97 19 namnets
752 806 131 26 omändring,
900 805 38 22 ber
946 805 38 28 jag

164 834 8 21 i
186 833 43 23 allo
250 833 22 22 få
289 834 118 24 instämma
429 834 7 21 i
458 835 49 20 herr
526 833 117 23 Mechelins
663 834 105 27 yttrande,
785 834 39 21 och
840 833 98 23 förordar
952 834 32 22 St.

164 861 289 26 Michel—Jokkas—Jorois
468 863 77 21 banan.

209 912 2 2 ;.
234 891 56 22 Herr
304 891 208 26 Pippingsköld:
529 891 42 22 Det
586 891 41 21 kan
643 891 126 27 visserligen
779 891 107 22 måhända
887 887 51 35 vara
948 887 38 35 att

164 919 99 27 beklaga,
280 921 32 19 att
327 919 65 21 linien
409 919 180 22 Davidstad—St.
604 919 79 22 Michel
698 920 47 21 icke
756 921 24 20 är
790 921 85 25 strängt
886 919 100 23 bestämd

166 948 67 22 sådan
254 948 42 22 den
315 950 24 19 är
353 948 127 27 föreslagen,
496 948 42 22 och
552 950 33 20 att
600 948 49 22 dess
666 948 124 27 sträckning
805 950 24 22 är
844 954 26 16 en
885 948 100 27 kompro-

165 976 197 27 miss-sträckning;
384 983 49 15 men
454 976 156 27 otvifvelaktigt
632 978 30 24 är,
678 976 73 22 såsom
766 977 39 22 här
819 977 117 25 anmärkts,
953 978 32 21 att

166 1005 190 27 utgängspunkten
372 1005 55 21 dock
442 1005 24 21 sä
482 1005 32 21 till
529 1006 49 20 vida
594 1008 23 19 är
632 1005 105 25 bestämd,
753 1007 33 19 att
801 1006 40 21 den
856 1006 41 20 blir
907 1005 79 22 David-

166 1034 49 22 stad
231 1034 55 22 eller
298 1034 41 21 ock
354 1035 33 20 att
401 1034 38 21 det
453 1034 41 21 blir
508 1034 70 26 någon
592 1036 34 19 ort
640 1034 7 20 i
663 1034 110 26 närheten,
787 1034 151 27 Kaipias'eller
948 1034 37 22 nä-

166 1068 43 21 gon
232 1068 76 20 annan,
330 1068 47 16 som
396 1064 64 24 utgör
479 1063 41 21 den
536 1062 74 27 punkt,
626 1061 107 23 hvarifrån
748 1062 70 22 banan
833 1062 55 23 skall:
903 1063 83 27 dragas.

166 1091 76 21 Denna
256 1091 80 27 punkts
351 1093 98 19 närmare
464 1091 162 21 bestämmande
642 1091 69 21 mäste
724 1091 141 21 öfverlemnas
877 1092 23 20 ät
910 1091 76 27 styrel-

167 1126 45 19 sen,
230 1119 27 22 dä
271 1120 50 26 inga
336 1118 116 28 afgörande
468 1119 52 22 data
534 1118 76 28 finnas,
626 1120 40 21 och
676 1120 43 22 kan
728 1120 50 21 med
788 1120 123 22 förtroende
919 1119 69 22 öfver-

166 1148 89 22 lemnas.
271 1148 90 27 Kaipias
377 1148 38 22 har
429 1148 109 22 företräde
553 1154 46 16 som
610 1148 178 27 depot.
699 1144 15 36 —
726 1148 54 27 Hvad
796 1150 72 20 resten
876 1148 23 22 af
904 1148 83 22 sträck-

167 1176 79 27 ningen
268 1176 108 26 beträffar,
399 1176 25 22 sä
438 1177 64 21 utber
514 1177 39 27 jag
568 1177 42 27 mig
625 1176 21 22 få
661 1177 140 27 understöjda
816 1178 119 22 utskottets
950 1177 38 23 be-

167 1205 115 27 tänkande,
305 1206 74 21 säsom
399 1206 51 21 herr
472 1205 105 22 Mechelin
593 1205 63 25 äfven
671 1206 63 27 gjort,
750 1207 33 20 att
797 1206 107 27 nämligen
919 1208 70 25 vägen

166 1234 52 26 från
237 1234 31 22 St.
290 1234 79 24 Michel
388 1234 35 22 mä
442 1234 78 26 dragas
540 1234 58 22 öfver
615 1234 79 26 Jorois,
710 1234 61 22 detta
783 1234 74 23 derför
872 1236 33 20 att
920 1235 70 21 denna

167 1262 61 22 trakt
239 1263 27 21 är
280 1262 73 21 bättre
368 1262 100 21 befolkad
484 1262 40 22 och
539 1268 59 16 mera
612 1262 112 21 industriel
740 1264 28 20 än
784 1262 40 22 den
835 1263 72 21 andra.
924 1274 15 4 —
951 1263 38 21 Att

168 1290 49 22 med
232 1290 73 23 vidare.
320 1290 49 22 skäl
384 1291 53 21 söka
452 1290 97 22 försvara
564 1291 41 23 den
619 1290 86 26 angifna
715 1291 152 26 sträckningen
876 1297 62 21 synes
946 1292 44 25 mig

168 1318 141 27 öfverflödigt.
339 1318 33 23 De
387 1318 54 26 skäl,
458 1325 46 15 som
519 1318 41 22 här
574 1320 53 26 göra
642 1318 33 28 sig
690 1318 106 28 gällande,
806 1321 36 20 äro
851 1319 49 23 med
908 1319 82 28 ganska

168 1350 47 20 stor
229 1347 149 27 noggrannhet
391 1347 67 22 redan
474 1347 126 23 framstälda
615 1348 32 21 uti
662 1348 154 24 betänkandet.

196 1398 2 2 .
237 1376 57 22 Herr
312 1382 42 16 von
373 1376 121 23 Alfthan:
520 1377 43 27 Jag
580 1377 40 21 har
635 1376 66 26 också
716 1377 110 27 uppfattat
840 1377 38 22 det
892 1377 24 22 af
928 1378 26 22 R.
970 1384 20 15 o.

169 1406 26 23 A.
195 1407 90 25 senast
299 1405 103 22 voterade
416 1405 73 26 beslut
504 1406 32 24 sä,
551 1407 34 21 att
599 1405 61 27 fråga
674 1406 48 22 icke
737 1412 59 16 mera
810 1407 43 21 kan
868 1407 80 27 uppstå
956 1412 35 17 om

170 1436 108 24 annat
250 1430 27 35 än
292 1435 34 24 att
338 1434 118 27 jernvägen
473 1434 139 27 ovilkorligen
626 1434 39 22 bör
678 1435 28 26 gä
721 1434 60 23 öfver
795 1435 31 22 St.
841 1435 89 22 Michels
941 1436 50 23 stad

170 1463 40 22 och
225 1463 139 25 i:allmänhet
378 1465 73 20 vester
466 1469 34 15 om
516 1463 72 22 Saima
602 1465 81 20 vatten.
701 1459 12 36 :
713 1463 34 22 Då
762 1464 37 21 det
814 1470 36 15 var
865 1464 126 27 öppetlem-

169 1491 60 26 nadt,
247 1492 39 21 att
303 1491 80 22 föreslå
401 1491 83 22 mindre
502 1491 172 26 modifikationer
688 1491 8 22 i
711 1493 130 26 sträckning,
857 1493 70 23 måste
942 1499 50 16 man

170 1521 34 20 väl
220 1520 87 22 dermed
326 1519 62 23 hafva
408 1519 46 23 haft
472 1521 7 20 i
494 1521 72 22 sinnet
580 1523 34 19 att
628 1520 130 22 ätminstone
773 1521 64 22 dessa
852 1521 56 22 bäda
922 1521 70 22 vilkor

170 1549 70 22 skulle
262 1549 119 28 iakttagas:
404 1551 33 20 att
453 1549 119 28 jernvägen
587 1549 69 22 skulle
671 1549 27 28 gå
715 1552 73 20 vester
802 1556 35 16 om
852 1551 84 21 vattnet
951 1550 41 22 och
