1064 1703
210 123 42 20 742
532 127 42 18 Den
586 127 10 17 2
609 127 45 22 Maj.

179 186 117 28 jernvägen
310 186 8 22 i
333 186 42 22 alla
388 186 147 22 förhållanden
550 192 26 16 en
591 186 89 28 lifligare
694 187 82 21 rörelse
791 188 26 21 än
826 188 41 21 den
877 187 124 28 befolkning

182 218 47 18 som
243 214 51 28 föga
308 215 40 21 har
362 215 67 27 något
444 215 69 27 behof,
529 216 59 20 utom
604 215 38 21 det
656 215 53 22 allra
723 216 175 27 nödvändigaste.
913 216 44 22 Det
967 223 33 15 er-

181 244 89 26 kännes,
293 246 33 19 att
344 243 47 23 från
410 243 108 28 Uleåborg
532 245 69 25 vägen
616 244 33 20 till
663 244 138 28 Petersburg,
817 250 34 16 om
866 245 135 27 en.kustväg

182 272 175 24 konstruerades,
377 271 69 23 blefve
461 272 49 22 vida
524 272 80 28 längre,
621 274 27 20 än
664 278 34 16 om
713 272 140 23 samfärdseln
868 274 85 21 komme
968 274 33 21 att

182 301 39 22 ske
243 301 28 27 på
287 308 26 15 en
325 301 91 27 jernväg
436 297 249 36 Kuopio—Davidstad—
693 302 114 27 Uleåborg.
836 302 44 22 Det
894 302 105 22 erkännes

182 331 34 20 att
229 330 8 21 i
251 330 38 21 fall
303 336 26 15 en
346 330 86 25 jernväg
448 332 23 19 är
485 330 48 21 förd
547 330 33 21 till
594 330 121 27 Idensalmi,
732 331 24 21 så
771 332 25 20 är
810 331 37 22 det
862 331 48 22 icke
920 338 46 15 mer
973 333 27 20 än

184 360 26 19 10
232 358 37 21 mil
292 358 92 21 derifrån
403 358 32 21 till
450 359 74 21 Waala
539 358 98 27 trakten;
659 365 49 15 men
724 359 36 22 det
776 359 90 22 oaktadt
880 360 70 21 skulle
963 361 38 26 jag

181 386 114 27 föredraga
317 388 33 20 att
371 387 7 21 i
400 387 74 22 stället
494 387 34 22 för
542 393 26 16 en
583 387 138 28 fortsättning
736 387 46 22 från
797 387 115 23 Idensalmi
926 391 76 20 norrut

182 415 71 28 bygga
269 415 40 22 den
324 417 28 20 20
368 415 36 22 mil
418 415 64 26 långa
496 415 65 23 linien
576 415 46 22 från
632 416 115 21 Idensalmi
757 419 97 20 vesterut
864 417 52 22 eller
926 411 75 38 främst

183 444 33 22 att
238 443 58 23 öfver
317 444 117 27 Jyväskylä
454 444 76 22 förena
551 445 66 21 Wasa
638 445 70 21 banan
727 445 49 22 med
791 445 41 22 den
846 445 107 22 blifvande
969 446 32 22 St.

181 472 79 23 Parka
295 473 79 50 Kun
396 473 76 27 banan,
494 473 137 27 hvarigenom
653 475 68 26 vägen
736 473 45 22 frän
797 474 109 28 Uleäborg
921 474 32 22 till
968 475 33 22 St.

182 502 131 27 Petersburg
328 502 69 22 skulle
412 501 114 28 förkortas,
542 502 48 22 icke
604 502 44 22 lika
662 503 85 27 mycket
762 509 46 16 som
822 509 77 21 genom
915 509 26 16 en
950 504 51 21 linie

182 530 364 28 Uleäborg—Idensalmi—Kuopio
562 537 48 16 men
625 531 85 22 ändock
724 531 50 22 med
790 533 25 20 12
831 539 13 14 a
860 533 24 20 13
898 532 42 22 mil.
957 532 44 27 Mig

183 565 62 22 synes
268 560 36 21 det
328 559 96 22 deremot
441 559 130 28 nödvändigt
591 561 33 20 att
637 560 125 22 landsorten
776 561 30 27 pä
819 561 106 21 hvardera
940 561 61 21 sidan

183 594 33 15 om
238 588 116 27 Jyväskylä
375 588 91 27 tidigare
484 588 67 22 borde
569 588 21 22 fä
605 595 26 15 en
646 589 89 26 jernväg
750 591 27 19 än
792 589 80 26 Waala,
889 589 63 22 äfven
967 596 34 15 om

182 617 48 22 icke
245 617 111 22 dessutom
370 616 33 22 för
417 616 218 23 Idensalmi—Waala
650 617 75 22 liniens
740 617 148 22 fullbordande
904 618 97 21 återstod

183 645 84 28 stycket
280 645 259 28 Uleäträsk—Uleäborg,
555 645 33 22 för
602 645 82 23 hvilket
698 646 75 27 stycke
783 646 159 28 Uleäborgarne
953 647 48 22 icke

183 674 74 27 tyckes
272 673 64 22 'hafva
350 674 45 21 lust
410 675 33 20 att
457 674 57 26 gifva
528 675 25 20 ut
567 675 85 26 mycket
666 675 124 26 penningar.
820 675 126 21 Tillsvidare
962 676 40 20 har

183 702 60 22 detta
257 702 82 28 stycke,
355 708 35 15 om
406 702 37 22 det
457 702 7 21 i
480 702 41 22 den
536 704 108 20 närmaste
658 702 113 23 framtiden
781 702 56 28 finge
845 704 97 27 jernväg,
952 703 49 22 full-

182 730 91 27 komligt
293 730 59 22 lokal
373 730 119 28 betydelse,
516 730 40 22 och
575 732 25 20 är
614 730 35 22 väl
663 731 47 22 icke
725 731 70 28 någon
812 732 145 26 ,stambana*.
973 744 28 4 —

182 759 43 21 Vill
239 765 48 15 man
302 758 91 23 faktiskt
407 759 85 22 komma
507 759 32 22 till
555 760 33 21 ett
602 760 91 21 resultat
708 760 35 21 vid
755 760 69 22 denna
835 761 130 27 diskussion,
977 762 25 21 så

181 788 68 22 borde
270 788 145 22 bansträckan
437 788 233 28 Davidstad—Kuopio
692 789 74 21 ställas
786 791 57 20 emot
857 790 144 22 bansträckan

182 816 298 28 Nurmo--Jeppo—Ykspila
491 817 57 27 (G:la
556 817 108 28 Karleby),
674 817 39 22 och
722 817 84 28 afgöras
815 818 86 22 hvilken
909 818 22 22 af
937 818 65 22 dessa

181 846 69 22 banor
273 846 56 22 först
348 845 68 22 borde
431 846 91 27 byggas;
543 848 56 20 samt
612 846 71 22 lemna
698 846 126 27 afgörandet
839 854 34 15 om
887 848 114 26 Kuopio—

182 874 109 28 Uleåborg
305 874 53 22 eller
374 874 76 22 Gamla
464 874 237 28 Karleby—Uleäborg,
716 876 41 20 den
772 882 41 15 ena
827 876 51 22 eller
888 876 67 22 andra
964 878 37 20 vä-

182 909 47 21 gen,
246 902 32 22 till
293 902 41 22 sist
349 903 41 21 och
404 902 33 22 till
452 903 128 22 kommande
594 903 94 22 ständer.
712 904 42 21 För
768 904 44 22 min
827 904 34 22 del
877 905 75 21 ställer
964 905 37 27 jag

181 931 131 22 fortfarande
331 927 195 37 Nurmo—Jeppo—
536 927 73 37 Gamla
626 932 93 28 Karleby
732 932 82 27 främst,
823 934 90 21 emedan
920 933 81 22 befolk-

181 960 79 27 ningen
276 960 38 22 der
329 961 25 20 är
369 961 53 21 utan
436 960 72 22 tvifvel
523 960 101 22 talrikare
640 960 39 22 och
694 960 142 28 förmögnare,
852 968 47 15 men
908 962 38 27 jag
955 962 46 22 häl-

181 988 32 22 ler
229 988 61 22 äfven
305 988 131 22 fortfarande
452 988 72 28 derpä,
540 990 33 20 att
588 988 67 22 sedan
670 989 7 21 i
692 990 67 21 andra
774 992 92 20 rummet
873 990 69 22 skulle
950 991 51 27 byg-

181 1023 40 21 gas
235 1017 71 21 banan
320 1016 181 22 Davidstad—St.
516 1017 198 28 Michel--Kuopio.
735 1018 160 27 Folkmängden
912 1019 90 21 emellan

183 1045 75 22 Gamla
281 1045 94 28 Karleby
390 1045 41 22 och
445 1045 81 22 Nurmo
542 1047 64 26 utgör
620 1046 58 22 cirka
693 1048 77 25 56,000
785 1053 109 21 personer,
910 1053 93 16 zonerna

181 1075 29 27 pä
224 1073 106 23 hvardera
344 1074 62 22 sidan
422 1080 34 15 om
468 1075 118 26 jernvägen
601 1075 83 26 tagna
674 1069 12 37 i
695 1075 103 27 anspråk;
815 1075 111 23 hvaremot
934 1078 68 20 sträc-

181 1103 43 21 kan
245 1103 335 26 Kuopio—Jorois—Davidstad
599 1103 39 21 har
660 1103 71 22 82000
752 1110 109 21 personer.
891 1105 112 21 Hvardera

181 1131 65 22 linien
263 1133 24 20 är
300 1131 87 22 relativt
402 1131 83 22 folkrik.
515 1131 48 22 Den
577 1131 58 22 förra
648 1131 65 23 linien
728 1134 25 19 är
767 1133 28 27 pä
809 1133 67 27 nägra
890 1135 60 20 verst
963 1135 40 20 när

183 1161 26 20 12
224 1160 37 21 mil
275 1160 57 26 lång,
349 1160 41 21 den
405 1166 75 15 senare
496 1162 30 24 är,
542 1160 60 22 äfven
611 1161 29 26 pä
650 1160 66 27 några
726 1163 59 19 verst
794 1163 45 24 när,
851 1161 27 23 24
888 1162 44 21 mil.
947 1162 56 23 Mul-

182 1188 109 28 tiplicerar
309 1194 50 16 man
375 1188 37 22 det
426 1188 148 22 förstnämnda
588 1188 61 26 talet,
665 1189 52 21 eller
731 1189 151 28 befolkningen
896 1190 36 22 vid
947 1190 56 22 Nur-

181 1216 142 23 mo—Gamla
337 1216 93 28 Karleby
447 1218 68 25 vägen
530 1217 49 21 med
594 1219 19 25 2,
629 1216 33 22 för
676 1219 33 20 att
723 1217 22 21 få
760 1218 135 27 väglängden
909 1219 44 21 lika
962 1219 41 21 och

181 1246 151 20 motsvarande
352 1245 58 21 antal
432 1245 128 27 befolkning,
576 1246 25 20 sä
615 1248 161 23 representeras
792 1246 80 21 Nurmo
884 1248 119 26 jernvägen

182 1273 23 22 af
227 1274 83 20 112000
333 1273 41 21 och
395 1273 131 21 Davidstads
548 1274 49 20 med
618 1274 77 25 82,000
711 1285 27 3 —
754 1274 64 21 alltsä
840 1280 27 15 en
882 1275 84 21 skilnad
983 1275 22 21 af

183 1304 76 24 30,000
274 1301 58 22 inom
346 1307 100 21 zonerna,
468 1301 94 22 Nurmo—
573 1301 72 21 Gamla
662 1302 94 28 Karleby
765 1302 69 22 banan
843 1303 32 21 till
885 1302 118 23 förmån
986 1297 20 37 —

183 1331 37 22 det
235 1332 24 20 är
273 1330 48 22 icke
341 1330 124 28 obetydligt.
486 1342 26 3 —
528 1330 42 28 Jag
584 1330 66 28 vägar
666 1330 71 22 derför
753 1331 38 22 allt
804 1332 131 22 fortfarande
950 1338 53 16 anse

182 1360 43 27 mig
240 1360 47 21 icke
303 1361 57 20 ännu
375 1358 148 23 öiverbevisad
532 1359 79 26 derom,
620 1361 32 20 att
660 1360 48 21 icke
717 1360 202 23 Nurmo—Jeppo—
928 1361 76 22 Gamla

176 1389 99 28 Karleby
291 1388 104 22 bandelen
410 1387 77 22 främst
501 1388 67 22 borde
583 1389 81 27 byggas
672 1389 40 22 och
720 1389 55 22 först
782 1390 66 22 sedan
857 1390 31 22 St.
896 1390 107 22 Michel

181 1418 85 28 Kuopio
281 1417 70 22 förses
367 1417 48 22 med
428 1417 96 28 järnväg.

250 1447 57 25 Herr
322 1446 142 22 Mechelin:
488 1446 34 21 Dä
536 1446 84 22 visaren
635 1447 28 27 pä
677 1449 50 20 uret
742 1449 24 20 är
781 1447 25 22 sä
820 1448 60 27 längt
894 1447 109 24 framskri-

184 1477 41 21 den
240 1477 33 21 att
285 1476 38 27 jag
337 1477 99 25 nogsamt
451 1475 66 22 fattar
532 1475 37 23 det
584 1476 71 21 säsom
670 1483 26 15 en
712 1476 124 28 skyldighet
850 1479 34 20 att
898 1478 44 21 tala
955 1478 49 22 med

182 1505 122 28 möjligaste
319 1504 94 27 korthet,
429 1504 83 28 hoppas
524 1505 38 27 jag
577 1505 37 22 det
628 1505 116 28 höglofliga
754 1505 87 22 ständet
851 1505 95 23 öfverser
955 1507 49 22 med

184 1534 62 22 deraf
258 1533 112 23 föranledd
385 1533 111 28 knapphet
511 1533 39 23 och
566 1533 177 29 ofullständighet
757 1534 8 22 i
783 1534 163 29 bevisföringen.
