1064 1703
90 133 7 2 N
430 113 42 19 Den
484 115 12 16 4
507 113 45 24 Maj.
826 116 42 20 179

76 174 61 32 dela
147 178 50 28 dem
215 178 30 27 pä
266 178 70 27 olika
346 178 66 23 tider.
446 179 127 26 Emellertid
591 179 64 26 hafva
668 179 29 26 de
710 179 40 26 der
763 179 48 22 icke
825 179 73 27 direkt

75 202 93 37 handlat
179 208 59 25 emot
250 203 157 32 reglementets
422 203 92 30 bokstaf,
530 207 41 23 och
586 203 72 31 kunde
672 213 31 20 en
713 199 77 45 kassör
800 208 57 21 ändä
866 207 32 22 al-

71 226 55 44 drig
136 241 53 15 vara
201 235 74 26 säker,
289 235 105 26 huruvida
408 231 38 27 det
460 235 48 24 icke
522 236 72 24 kunde
608 236 53 22 falla.
674 230 50 31 dem
738 235 22 22 in
773 237 36 21 att
815 236 29 26 gå
850 235 47 27 från

74 262 36 21 sin
128 269 63 18 vana.
228 259 130 30 Emellertid.
371 263 69 27 ansåg
459 263 68 23 också
544 265 107 23 utskottet
664 265 35 23 att
713 263 38 22 det
765 270 39 16 var
817 259 81 31 nyttigt

75 291 41 20 och
130 291 35 20 väl
180 292 33 20 att
227 287 192 31 bankfulimäktige
428 291 42 24 och
480 292 192 25 bankdirektionen
682 291 88 27 gjordes
779 292 117 26 uppmärk-

73 324 84 16 samma.
171 319 29 27 pä
215 318 60 23 detta
290 319 133 27 förhållande
436 319 35 22 för
485 321 34 20 att
527 320 116 32 möjligtvis
652 320 102 27 påminna
761 319 135 27 komitéerna

73 352 43 22 om,
131 348 33 20 att
179 347 38 22 det
231 353 51 15 vore
297 348 119 27 önskvärdt
430 350 34 19 att
479 348 64 22 dessa
557 348 159 28 inventeringar
729 348 49 22 icke
788 348 107 22 verkstäl-

74 376 43 27 des.
128 376 29 28 pä
172 382 82 15 samma
269 376 57 22 tider
340 376 73 28 hvarje
428 377 84 21 månad.
541 377 116 22 Utskottet
670 383 48 16 som
733 377 35 21 vid
778 376 53 23 flere
840 383 56 15 sam-

73 400 128 32 manträden
215 401 118 26 behandlat
347 405 66 25 dessa
425 404 75 28 frägor
514 406 68 26 ansäg
596 406 49 21 dem
660 406 55 25 dock
726 405 54 22 efter
790 405 108 26 särskilda

74 428 159 32 omröstningar
253 433 49 21 icke
320 432 112 28 föranleda
446 434 32 21 till
493 434 73 21 vidare
581 434 77 26 åtgärd
674 436 26 19 än
716 433 38 23 det
768 433 128 27 påpekande

73 461 121 33 utskottet.
196 461 40 22 här
249 462 9 21 i
272 458 40 24 sitt
326 457 142 31 betänkande:
471 463 69 31 gjort,
556 464 56 20 samt
627 456 160 28 bibehållandet
801 461 23 22 af
836 462 27 26 de
874 462 24 21 af

103 496 13 20 g
124 489 82 27 redan
228 490 136 27 omnämnda,
385 486 68 26 också
469 490 7 22 i
492 491 153 25 motiveringen
660 490 33 26 för
707 491 46 25 det
759 486 137 27 betänkande

71 496 48 43 söm
133 518 168 22 bankutskottet
315 518 97 27 kommer
426 520 33 21 att
468 519 71 21 lemna
548 519 112 27 angående
670 513 115 32 ändringar
796 518 23 21 af
827 518 67 23 bank-

73 546 147 27 reglementet,
236 549 99 24 närmare.
349 543 92 26 berörda
455 546 125 28 paragrafer
594 547 8 21 i
621 547 147 27 reglementet.

101 589 1 3 ;
141 575 57 27 Herr
211 575 123 27 Pipping,
349 574 90 23 Fridolf:
454 576 42 26 Jag
510 576 39 22 ber
563 576 57 21 blott
633 575 23 21 få
666 576 56 22 fästa
732 575 164 28 uppmärksam-

73 604 65 22 heten
164 604 73 21 dervid
257 606 33 19 att
309 604 38 27 jag.
366 604 50 21 icke
438 604 77 27 begärt
532 605 33 21 att
580 604 167 22 bankutskottet
762 604 70 21 skulle
848 603 50 28 sjelf

72 633 133 27 upprätta
196 628 14 36 i
226 632 61 28 fråga
309 632 94 27 varande
425 632 164 28 förteckningar,
612 635 53 20 utan
684 634 34 20 att
732 633 166 25 bankutskottet

73 658 49 35 ville
135 684 2 3 .
147 661 90 50 afordra
259 661 163 27 vederbörande
444 661 55 22 dem.
536 662 33 21 .De
584 661 71 23 måste
668 661 86 27 mycket
767 661 43 22 lätt
819 661 79 25 kunna

73 696 109 22 uppgöras
204 689 29 28 pä
254 686 92 30 banken,
362 690 38 21 der
414 689 322 28 inventeringsinstrumentena
745 690 73 26 enligt.
828 690 37 22 111
884 690 12 25 $

73 715 59 27 böra.
141 712 106 33 förvaras.
275 718 47 23 Och
337 724 35 16 om
387 724 49 26 man
450 718 34 25 för
498 719 42 21 alla
556 719 26 21 de
592 718 128 27 föregäende
727 718 43 25 fem
781 718 51 22 ären
840 718 57 22 hade

72 748 87 32 sådana
172 753 46 17 som
233 747 42 24 den
296 746 34 23 för
352 748 27 20 de
398 746 34 28 sju
447 746 68 23 första
529 747 131 33 månaderna
674 746 23 26 af
710 748 87 21 senaste
812 747 25 21 är
851 746 49 21 utaf

74 776 45 27 mig
140 776 123 26 uppgjorda
275 775 169 35 förteckningen,
466 776 24 20 sä
504 776 50 21 ville
566 776 39 26 jag
618 770 121 31 hemställa,
755 781 34 15 om
804 774 92 24 bankut-

73 805 86 21 skottet
180 804 49 22 icke
244 804 80 26 ansäge
341 804 38 22 det
393 810 52 15 vara
459 804 49 21 skäl
523 806 32 21 att
568 804 81 24 föreslä
663 804 66 26 nägot
743 806 98 22 närmare
855 802 42 24 för-

74 829 117 29 ordnande,
212 832 112 27 äsyftande
343 834 33 20 att
393 831 34 22 för
440 832 114 23 framtiden
568 832 136 24 förekomma
715 832 38 22 det
768 832 130 21 terminerna

75 861 34 22 till
125 849 66 34 dessa
203 861 161 26 inventeringar
378 860 131 22 fortfarande
524 860 72 22 kunde
611 860 101 33 förutses.

144 890 34 21 Då
193 888 50 22 herr
258 889 100 27 Pippings
373 888 81 28 förslag
469 895 33 15 om
518 889 123 22 återremiss
656 888 7 22 i
679 890 37 20 det
731 888 23 22 af
766 889 84 24 hondm
860 894 38 19 an-

74 918 69 28 tydda
158 918 65 27 syftet
237 918 49 22 icke
301 918 70 24 blifvit
384 918 130 23 understödt
528 918 23 23 af
559 919 70 27 någon
639 918 111 24 ledamot
742 912 11 39 i
762 917 87 23 ståndet
858 916 40 23 och

74 946 58 28 förty
147 947 49 21 icke
210 946 72 23 kunde
302 947 86 24 komma
405 947 69 22 under
487 948 139 26 omröstning,
642 946 108 27 öfvergick
766 946 87 22 ståndet
867 945 33 22 till

74 975 101 27 pröfning
190 975 23 22 af
226 975 119 24 utskottets
363 976 28 26 pä
405 982 49 21 pag.
472 977 25 20 19
513 976 41 21 och
569 977 27 20 20
611 975 81 27 afgifna
706 975 91 21 relation
813 980 35 16 om
862 974 38 25 be-

78 1003 167 28 grafningshjelp
261 1004 40 21 och
317 1004 171 27 gratifikationer
502 1004 24 21 åt
540 1004 96 22 bankens
651 1004 138 27 tjenstemän.

148 1032 60 27 Oppä
223 1032 99 22 anhållan
337 1033 111 22 lemnades
464 1032 62 21 ordet
535 1033 23 22 ät

115 1081 2 2 ;
146 1061 50 22 herr
210 1061 135 22 Molander
359 1066 46 17 som
420 1060 96 27 yttrade:
534 1061 35 22 Då
584 1061 70 22 denna
667 1061 61 28 fråga
741 1067 30 15 nu
785 1061 69 22 blifvit
864 1061 38 21 be-

74 1089 59 25 rörd
150 1089 7 22 i
179 1089 177 22 :bankutskottets.
375 1089 117 22 -berättelse
515 1089 49 21 med
582 1089 114 27 anledning
711 1089 23 26 af
748 1096 27 15 en
789 1089 113 22 skrifvelse

77 1117 48 25 frän
146 1117 117 28 kejserliga
285 1119 91 22 senaten
398 1118 32 21 till
450 1117 199 28 bankfullmäktige,
665 1119 25 20 sä
704 1119 40 20 ber
755 1117 38 27 jag
808 1117 24 21 fä
844 1119 59 25 yttra

77 1146 68 27 nägra
165 1147 40 21 ord
228 1147 41 22 och
291 1146 37 22 vill
350 1145 76 23 främst
448 1147 89 26 tillägga
558 1148 33 19 att
605 1147 35 20 vid
655 1146 126 27 pröfningen
797 1145 23 22 af
832 1146 70 21 denna

76 1174 64 27 fråga
153 1174 113 23 i'senaten
281 1181 49 15 man
345 1173 33 23 för
392 1175 63 25 ingen
472 1175 33 21 del
521 1175 100 21 förbisett
636 1177 33 18 att
683 1175 95 20 bankens
794 1174 109 21 intressen

77 1202 50 24 icke
141 1205 40 18 äro
193 1202 133 26 främmande
342 1203 52 21 eller
409 1203 153 26 divergerande
573 1203 49 21 från
638 1203 151 24 statsverkets,
804 1208 50 17 men
870 1203 33 20 att

78 1231 7 20 i
101 1231 42 21 alla
157 1230 37 24 fall
208 1230 73 27 frågan
296 1237 38 15 var
349 1230 23 22 af
384 1231 42 22 den
442 1231 147 22 beskaffenhet
604 1233 33 19 att
652 1231 58 21 olika
721 1230 98 27 tolkning
828 1230 72 22 kunde

78 1260 54 26 göra
147 1259 34 26 sig
185 1259 115 26 gällande.
331 1259 41 27 Jag
391 1259 39 27 går
444 1259 56 22 först
514 1261 34 20 att
562 1259 78 22 beröra
653 1259 75 27 frågan
743 1265 35 15 om
787 1258 115 27 :gratifika-

79 1288 104 22 tionerna.
213 1288 37 21 Uti
264 1288 80 27 nädiga
358 1287 123 22 manifestet
496 1288 23 21 af
533 1288 24 21 är
573 1289 55 20 1830
644 1288 40 21 och
695 1287 80 28 nädiga
782 1287 120 22 förordnin-

79 1321 42 21 gen
137 1315 22 22 af
173 1316 24 21 är
213 1318 55 19 1860
283 1316 111 27 angående
405 1316 209 22 utmärkelsetecken
625 1315 33 22 för
668 1316 107 25 oförvitlig
785 1315 67 26 tjenst
862 1315 42 21 och

80 1343 143 26 gratifikation
239 1343 32 22 för
286 1344 82 22 sådana
382 1344 129 26 tjenstemän
527 1350 46 15 som
589 1343 116 26 oförvitligt
714 1343 97 26 tillbragt
822 1349 26 14 en
859 1343 44 20 viss

80 1372 32 21 tid
133 1371 8 22 i
156 1372 82 21 statens
262 1372 68 26 tjenst
344 1371 55 22 talas
415 1372 37 21 det
468 1377 33 16 om
516 1372 93 21 militära
624 1371 43 22 och
680 1371 62 21 civila
756 1371 92 26 tjenster
862 1370 42 21 och

80 1401 34 22 att
133 1399 212 23 utmärkelseteeken
364 1399 67 27 gifvas
451 1399 34 22 för
499 1399 149 28 tillryggalagd
664 1399 31 22 tid
706 1399 11 22 i
732 1401 83 20 statens
830 1399 74 27 tjenst.

81 1429 40 22 Att
142 1429 66 22 dessa
227 1429 135 27 stadganden
380 1429 10 21 i
404 1429 124 21 manifestet
541 1429 41 21 och
597 1427 150 28 förordningen
763 1428 75 28 afsägo
852 1427 53 22 ban-

75 1458 60 24 -kens
151 1457 130 28 tjenstemän
296 1458 40 22 har
350 1453 54 36 icke:
410 1453 57 36 varit
482 1457 118 27 ifrågasatt,
611 1459 52 19 utan
673 1457 64 23 hafva
746 1457 96 22 bankens
849 1457 55 27 tjen-

83 1481 91 37 stemän.
186 1486 89 27 hugnats
291 1487 49 22 med
351 1486 219 27 utmärkelsetecken,
587 1486 41 22 och
643 1486 68 21 under
724 1486 44 21 den
776 1485 129 28 föregående

56 1525 3 2 +
82 1515 67 24 tiden:
158 1515 61 24 torde
236 1515 61 22 äfven
312 1515 170 28 gratifikationer
497 1515 69 22 blifvit
581 1515 23 22 åt
619 1510 72 38 dylika
704 1510 127 38 tjenstemän
843 1515 63 21 utbe-
