1073 1703
415 126 42 17 Den
469 126 22 17 18
502 126 58 22 April.
822 128 41 20 589

142 191 57 21 Herr
214 191 101 26 Munck,
330 191 26 21 K.
372 191 34 21 F.:
422 190 68 23 Äfven
503 191 37 27 jag
555 193 24 20 är
594 191 121 27 principielt
725 197 51 16 ense
786 192 48 20 med
842 191 50 21 herr

74 220 80 25 Taube,
170 226 49 14 men
235 219 88 22 emedan
338 226 49 14 man
402 220 32 21 uti
449 220 109 21 utskottet
566 220 50 21 fann
627 222 32 19 att
669 221 77 20 tvänne
755 220 80 26 stånds,
843 226 49 20 pre-

73 250 44 20 ste-
134 248 39 21 och
189 248 173 21 bondeståndens
377 248 124 26 ledamöter,
518 254 51 16 voro
584 249 85 26 mycket
684 250 57 20 emot
754 250 33 19 att
796 248 97 23 utesluta

74 276 133 28 paragrafen,
223 276 25 22 så
263 276 39 21 bar
314 276 37 27 jag
365 276 70 21 funnit
449 277 42 26 mig
506 277 32 21 uti
553 278 32 20 att
600 278 53 25 göra
668 277 26 21 de
709 276 182 27 inskränkningar,

74 311 46 15 som
135 305 39 21 här
189 304 75 26 finnas,
279 305 56 21 hvad
350 305 138 21 landthandel
503 306 8 20 i
526 305 116 27 synnerhet
656 305 107 21 beträffar.
789 305 49 21 Men
853 306 40 20 när

75 334 37 20 det
131 333 45 21 står
198 333 7 20 i
221 333 117 25 ,närheten
361 332 22 22 af
396 333 151 22 landthandel*
564 334 71 20 kunde
648 334 37 26 jag
698 333 48 21 icke
760 332 74 23 förena
849 332 44 27 mig

75 368 35 15 om
124 361 42 22 den
181 361 83 27 åsigten
284 363 33 20 att
335 361 162 22 landthandlare
512 362 70 21 skulle
597 368 51 15 vara
663 361 109 22 utesluten
786 361 46 22 från
847 363 44 19 rät-

74 390 97 27 tigheten
187 391 32 20 att
234 390 51 21 idka
299 389 124 28 försäljning
438 390 23 21 af
474 390 149 27 maltdrycker.
654 390 43 21 Det
711 389 46 22 fans
768 390 7 21 i
785 390 108 21 utskottet

74 425 27 15 en
116 419 95 22 ledamot
227 425 45 15 som
287 425 38 15 var
339 419 181 21 landthandlande
538 419 7 21 i
560 420 59 20 östra
633 418 90 22 Finland
738 418 39 22 och
793 418 42 21 han
849 419 43 26 ytt-

74 447 59 27 rade,
154 449 33 20 att
208 447 137 22 landthandel
365 447 53 21 visst
433 447 48 21 icke
498 447 83 22 medför
595 448 70 25 någon
680 447 135 22 sedeslöshet
829 447 7 20 i
851 446 40 22 och

73 476 34 22 för
122 476 33 27 sig
170 475 51 28 sjelf
234 476 40 21 och
289 478 33 19 att
337 476 38 21 der
389 475 177 22 Jandthandlarne
581 477 38 20 äro
634 476 84 27 mycket
733 475 102 26 ansedda,
851 475 40 21 och

74 505 43 21 han
132 505 85 21 tillade:
235 511 47 20 ,om
298 505 37 21 det
349 505 70 21 skulle
435 504 64 22 blifva
512 505 77 26 fråga
583 500 14 36 i
600 505 42 20 min
652 505 100 20 kommun
761 505 32 20 att
803 504 89 21 inrättta

75 540 26 15 en
118 533 105 26 ölhandel,
240 533 25 21 så
280 533 69 21 skulle
365 533 26 21 de
405 533 8 21 i
427 533 68 21 första
509 535 92 19 rummet
610 533 128 21 öfverlemna
747 533 40 21 den
795 533 23 21 åt
827 533 63 25 mig."

75 562 41 27 Jag
131 564 46 19 tror
192 562 48 21 icke
255 563 38 25 att,
310 561 71 22 derför
396 563 33 20 att
444 562 27 21 de
487 564 36 19 äro
538 561 171 27 landthandlare,
726 561 26 22 de
767 564 37 18 äro
820 561 27 21 de
857 566 34 16 se-

76 590 122 22 deslösäste
214 591 40 21 och
269 592 82 20 sämsta
365 590 156 22 menniskorna.
551 591 35 21 Nu
601 590 63 22 beror
679 590 37 22 det
725 590 29 27 på
763 590 129 21 kommunen

75 621 33 19 att
123 618 58 28 gifva
197 620 41 20 den
253 626 40 15 ena
309 619 51 21 eller
375 619 66 21 andra
456 619 177 21 landthandlaren
648 618 103 28 rättighet
766 620 33 20 att
805 618 87 27 försälja

74 648 152 27 maltdrycker.
263 644 129 30 Derigenom
415 650 36 18 äro
465 648 24 26 ju
505 648 26 20 de
546 647 162 21 landthandlare
724 653 45 15 som
785 647 108 25 verkligen

74 677 74 20 kunna
162 676 114 21 innehafva
290 676 82 21 mindre
387 676 56 26 goda
459 676 132 27 egenskaper
606 676 115 21 uteslutna.
736 676 62 20 Hvad
806 675 42 26 mig
855 675 38 21 be-

74 704 82 26 träffar,
180 705 69 21 skulle
268 705 37 26 jag
325 704 70 21 derför
409 705 60 20 rösta
484 704 32 22 för
531 706 33 19 att
579 704 42 21 alla
636 704 64 21 dessa
715 703 178 26 inskränkningar

74 733 70 21 skulle
167 733 27 26 gå
209 735 30 24 ut,
261 739 49 16 men
326 733 27 21 då
365 733 38 27 jag
417 733 48 21 icke
480 735 121 19 reserverat
615 733 48 26 mig,
679 733 33 20 lär
724 733 37 26 jag
776 732 116 21 tillsvidare

73 761 23 22 få
110 761 58 22 hålla
183 762 28 26 på
226 762 118 21 utskottets
359 761 142 22 betänkande.

142 791 56 20 Herr
219 790 199 26 Nordenskiöld,
441 790 46 21 Nils
511 790 64 21 Otto:
599 789 41 26 Jag
660 789 39 22 ber
718 791 33 19 att
765 789 22 21 få
801 789 91 26 upplysa

75 819 74 21 derom
165 820 33 19 att
213 819 27 20 då
254 818 127 27 paragrafen
396 818 145 22 behandlades
551 819 6 20 i
566 818 213 25 ekonomiutskottet,
788 817 37 27 jag
836 816 59 27 afgaf

74 847 43 21 min
132 849 47 19 röst
194 849 57 19 emot
267 848 49 20 dess
333 847 125 26 antagande.
475 847 41 26 Jag
526 853 63 15 anser
597 846 130 21 fortfarande
736 847 41 20 den
785 852 51 15 vara
843 845 49 21 full-

74 875 90 28 komligt
180 876 85 26 onödig,
284 876 27 21 dä
330 875 36 22 det
385 875 66 27 enligt
467 877 11 20 3
495 875 10 28 $
520 875 130 21 tillkommer
665 875 127 21 kommunen
808 876 32 19 att
854 874 38 21 be-

75 906 93 20 stämma
183 904 78 27 stället,
279 905 38 20 der
331 904 145 27 ölförsäljning
490 904 33 21 fär
538 905 98 20 inrättas.
667 904 36 21 Uti
718 904 37 21 det
769 903 80 26 förslag
860 902 33 21 till

74 933 124 26 förordning
220 939 33 15 om
275 933 125 26 försäljning
422 932 23 21 af
457 933 149 26 maltdrycker,
623 938 45 15 som
682 931 67 22 finnes
765 932 82 26 intaget
861 931 32 21 uti

75 961 178 21 skattekomitens
268 961 118 26 utlåtande,
401 961 68 21 finnes
485 967 26 15 en
526 961 135 25 bestämning
677 967 33 14 om
726 960 167 27 ölförsäljnings-

75 990 74 20 ställes
165 989 86 21 afständ
266 989 46 21 från
332 990 72 26 kyrka.
439 989 44 21 Der
497 989 42 21 kan
559 991 32 19 ett
605 989 78 20 sådant
697 989 118 25 stadgande
830 988 63 21 hafva

75 1018 131 21 åtminstone
220 1018 67 26 något
302 1018 47 20 skäl
363 1017 33 21 för
411 1018 39 26 sig,
467 1018 89 21 emedan
571 1017 66 26 enligt
652 1017 92 20 nämnda
751 1016 91 22 komités
850 1016 42 21 för-

74 1046 47 26 slag
136 1045 114 22 ölhandeln
267 1046 68 21 skulle
350 1052 51 15 vara
416 1045 32 27 fri,
464 1052 48 15 men
529 1046 28 21 dä
565 1045 40 22 den
615 1045 77 22 ordnas
702 1045 29 26 pä
741 1045 37 21 det
788 1046 44 19 sätt
842 1045 50 20 eko-

75 1074 167 21 nomiutskottet
256 1081 28 14 nu
299 1074 116 27 föreslagit,
432 1080 62 15 anser
508 1075 36 26 jag
560 1073 129 26 stadgandet
703 1074 74 21 härom
787 1079 52 15 vara
848 1073 45 21 helt

75 1103 40 21 och
131 1103 67 21 hället
213 1102 138 28 öfverflödigt.
367 1103 41 27 Jag
422 1102 85 22 förenar
521 1103 44 26 mig
579 1103 7 20 i
601 1102 50 21 herr
666 1102 84 22 Taubes
765 1101 80 27 förslag
859 1107 34 15 om

75 1132 50 21 dess
141 1132 143 21 uteslutande.

143 1160 56 21 Herr
222 1160 22 21 af
264 1160 145 21 Forselles:
432 1159 30 22 På
477 1160 54 21 intet
546 1161 44 20 sätt
604 1159 42 21 kan
659 1159 38 27 jag
711 1158 74 22 förena
800 1158 43 27 mig
858 1164 34 15 om

75 1189 50 21 herr
140 1189 85 21 Taubes
241 1188 86 27 förslag.
352 1189 39 20 Att
405 1189 96 20 etablera
511 1187 234 28 ölförsäljningsställen
755 1187 56 21 invid
820 1187 72 27 kyrka,

75 1217 43 21 kan
133 1223 25 15 ur
173 1217 44 21 viss
233 1217 108 27 synpunkt
355 1223 51 16 vara
420 1217 86 26 mycket
521 1217 113 26 oskadligt,
651 1222 46 15 men
704 1216 37 27 jag
751 1218 46 19 tror
807 1215 87 22 dermed

75 1247 37 20 äro
135 1245 142 27 förknippade
300 1246 82 26 ganska
404 1245 77 27 mänga
501 1245 134 26 oordningar,
651 1251 46 14 som
713 1244 23 21 af
749 1244 40 21 den
804 1244 89 26 fätaliga

75 1274 145 27 landtpolisen
236 1274 96 27 omöiligt
346 1275 42 20 kan
404 1273 131 22 öfvervakas.
551 1273 62 21 Hvad
628 1273 102 21 särskildt
739 1272 102 22 beträffar
850 1274 44 19 rät-

77 1302 97 27 tigheten
189 1303 33 21 för
236 1303 176 22 landthandlarne
428 1303 33 20 att
475 1301 88 28 försälja
573 1301 147 27 maltdrycker,
729 1301 39 21 har
775 1301 37 27 jag
823 1301 72 26 utgått

76 1330 47 21 frän
140 1331 40 20 den
196 1332 135 25 synpunkten
345 1333 33 18 att
393 1331 37 20 det
444 1331 77 25 mänga
535 1331 81 25 gänger
631 1330 66 20 redan
713 1330 56 20 visat
782 1330 33 24 sig
825 1331 32 18 att
868 1335 26 14 en

77 1359 67 21 sådan
159 1359 148 21 minuthandel
325 1359 50 21 med
394 1359 20 21 öl
429 1358 40 21 hos
483 1358 179 21 landthandlarne
676 1358 86 26 mycket
777 1357 44 21 ofta
836 1362 59 15 urar-

77 1388 33 20 tat
132 1386 32 21 till
187 1387 145 27 utskänkning
348 1386 39 22 och
403 1382 38 25 det
455 1386 40 21 blir
510 1392 25 16 en
551 1388 46 19 stor
611 1385 98 22 frestelse
725 1387 32 19 att
772 1391 75 21 genom
860 1386 35 20 ut-

77 1416 123 26 skänkning
218 1416 87 22 tillocka
319 1416 33 27 sig
366 1415 51 22 flere
431 1415 89 26 kunder,
537 1415 40 21 och
591 1414 98 22 förordar
701 1414 38 27 jag
754 1414 84 22 säledes
854 1414 41 21 den

76 1444 78 27 nädiga
169 1445 167 26 propositionen.
366 1444 41 27 Jag
422 1444 39 22 ber
476 1446 56 19 ännu
547 1443 22 22 fä
583 1443 88 27 tillägga
686 1444 33 20 att
733 1443 41 21 den
788 1442 106 22 utskotts-

76 1473 98 27 medlem,
197 1473 97 22 hvilkens
317 1473 98 28 yttrande
435 1473 50 21 herr
503 1473 80 21 Munck
601 1472 99 27 citerade,
717 1471 62 22 torde
793 1471 21 22 fä
831 1477 62 16 anses

74 1498 73 59 jävig,
164 1503 91 21 emedan
270 1502 71 22 såsom
355 1502 50 22 herr
419 1501 79 22 Munck
514 1501 49 28 sjelf
577 1503 54 25 sagt,
647 1501 42 21 han
705 1501 67 21 tillika
787 1502 24 20 är
825 1500 70 22 landt-

78 1532 108 21 handlare.
