1061 1703
428 130 42 19 Dön
483 131 11 17 4
505 131 38 23 Maj
813 134 41 20 767

66 195 100 28 yttrande
180 201 46 16 som
239 195 38 28 jag
293 197 34 22 tar
341 196 43 28 mig
398 196 93 24 friheten
507 197 60 28 dröja
581 197 35 22 vid
631 196 33 23 för
677 197 34 21 att
724 197 70 22 lemna
804 203 26 16 en
840 196 43 23 för-

67 223 91 28 klaring.
187 224 42 27 Jag
244 231 74 16 menar
333 225 109 22 omdömet
456 227 33 20 att
504 225 26 22 de
546 226 74 26 vilkor,
636 231 45 16 som
696 225 32 22 för
742 226 59 21 länet
815 225 69 22 betin-

66 253 75 26 gades,
157 258 51 17 voro
223 253 32 22 för
269 253 84 22 banken
368 254 81 21 mindre
463 253 149 28 fördelaktiga.
626 254 43 27 Jag
676 253 39 22 har
722 260 26 16 en
759 251 80 30 speciel
846 259 37 16 an-

65 281 88 27 ledning
168 283 33 20 att
215 281 79 28 begära
314 284 32 20 ett
361 282 124 27 ögonblicks
501 282 190 28 uppmärksamhet
704 282 34 22 för
752 283 70 21 denna
836 282 47 26 sak,

67 309 28 22 dä
109 310 37 21 det
160 316 38 15 var
212 310 43 27 mig
267 311 68 27 jämte
351 317 26 16 en
390 311 96 22 ledamot
495 311 23 21 af
526 312 101 21 senatens
635 310 249 28 ekonomidepartement

65 338 122 27 uppdraget
201 340 33 20 att
247 339 114 27 negociera
376 339 60 21 detta
450 339 92 22 kreditiv
558 339 40 21 och
611 339 37 27 jag
662 339 85 22 säledes
762 339 33 21 till
805 344 27 16 en
838 339 46 21 viss

65 366 52 28 grad
132 366 42 22 och
195 366 82 23 kanske
298 369 95 20 närmast
415 369 24 20 är
456 368 99 26 ansvarig
570 367 33 23 för
618 369 32 20 att
665 367 70 23 denna
747 367 136 27 negociation

65 394 99 23 slutförts
179 395 48 23 med
243 395 74 23 firman
333 396 131 22 Rothschild.
479 396 42 27 Jag
535 396 39 22 ber
588 396 27 22 dä
630 397 33 21 att
676 396 23 22 få
712 398 78 20 nämna
805 397 33 20 att
846 396 37 21 det

65 429 63 22 synes
142 423 49 28 mig,
207 424 72 22 säsom
294 431 35 15 om
344 431 48 15 man
407 424 33 22 till
455 431 27 15 en
497 425 80 27 början,
594 425 27 21 dä
635 430 49 17 man
699 425 103 22 bedömer
814 424 69 22 vilko-

64 458 45 21 ren,
124 452 41 22 bör
179 453 64 27 skilja
257 454 61 20 detta
331 452 37 22 fall
383 452 47 23 frän
445 454 27 21 de
487 454 83 27 vanliga
584 453 193 23 kreditivkontrakt
791 453 29 27 pä
834 453 49 22 icke

65 481 38 21 allt
118 480 33 22 för
168 480 53 29 högt
235 482 85 27 belopp,
341 482 71 22 hvilka
426 484 106 26 upptagas
548 482 28 27 pä
591 482 24 21 är
629 482 52 22 eller
695 482 86 22 kortare
795 482 33 21 tid
839 482 44 22 och

65 516 34 16 om
121 509 73 23 hvilka
215 510 38 22 det
267 510 68 28 gäller
354 512 32 20 att
400 512 28 21 de
442 511 116 21 utländska
572 510 164 27 bankfirmorna,
751 516 48 16 som
813 510 70 22 lemna

66 538 83 22 sädana
164 539 40 22 och
219 538 63 23 hafva
296 539 52 22 aftal
366 545 34 16 om
415 540 71 27 dylika
500 540 7 21 i
523 539 56 22 olika
594 539 60 22 delar
668 539 23 22 af
703 539 94 26 verlden,
812 539 71 23 kunna

65 567 84 22 förutse
164 569 33 20 att
212 574 34 16 om
261 568 28 22 de
304 568 40 22 ock
358 568 46 22 från
420 570 32 20 ett
465 568 45 22 håll
525 570 61 25 tagas
601 568 7 22 i
623 568 93 28 anspråk
730 568 34 22 för
775 567 50 22 hela
834 568 49 22 kre-

65 596 161 28 ditivbeloppet,
249 597 25 21 sä
295 596 33 22 fär
349 596 29 28 pä
400 597 66 22 andra
480 597 44 22 häll
538 603 27 16 en
580 598 46 21 stor
641 597 34 22 del
690 596 23 23 af
726 597 37 22 det
777 596 106 28 beviljade

64 625 103 28 beloppet
181 626 92 25 innestä,
289 625 85 22 hvarför
388 626 103 22 bankiren
506 626 48 22 med
570 625 101 23 afseende
686 626 13 21 å
708 632 27 15 en
745 625 69 22 sådan
824 626 58 27 slags

65 653 164 28 kompensation
243 653 48 23 icke
307 654 101 23 behöfver
422 654 74 22 befara
511 656 32 20 att
558 654 48 22 hela
622 655 36 22 det
672 654 84 27 belopp,
766 654 82 28 hvarpä
856 654 27 22 de

65 682 98 28 uppbära
177 682 33 22 sin
225 682 108 28 provision
348 683 125 27 vanskligen
489 682 101 23 behöfver
600 682 84 22 hållas
678 678 12 37 i
694 682 126 28 beredskap,
829 682 54 22 hvil-

65 711 38 22 ket
117 712 40 26 gör
170 711 96 22 vilkoren
280 710 34 23 för
328 711 98 23 krediten
440 711 34 23 för
489 712 42 21 alla
545 711 103 27 billigare.
664 711 51 22 Helt
729 713 66 19 annat
807 713 24 20 är
840 711 42 22 för-

65 739 111 23 hållandet
189 740 47 22 här.
265 740 42 21 För
321 740 37 22 det
371 740 68 22 första
453 740 99 28 utgjorde
562 740 102 28 beloppet
671 739 42 23 fem
723 740 98 27 miljoner
828 740 55 22 riks-

65 769 61 21 mark
141 768 40 22 och
197 768 62 22 äfven
273 768 34 22 för
321 775 27 16 en
361 769 67 22 sädan
442 768 61 22 firma
518 775 46 16 som
578 768 128 22 Rothschild
721 769 25 21 är
760 769 61 21 detta
834 768 49 22 icke

66 797 124 28 obetydligt.
220 797 116 22 Dessutom
351 804 37 16 var
403 798 37 22 det
455 798 49 22 med
519 798 101 22 afseende
629 798 29 26 pä
668 797 37 22 det
714 796 67 23 behof
788 797 34 22 för
828 797 54 21 hvil-

64 826 39 22 ket
124 826 86 22 medlen
231 828 108 26 upptogos
365 826 107 22 sannolikt
486 838 29 4 —
529 827 129 21 åtminstone
673 826 71 22 kunde
759 825 76 23 chefen
849 825 34 23 för

65 854 139 23 Frankfurter
226 854 75 23 firman
315 856 47 22 icke
377 856 66 21 tänka
458 855 132 23 annorlunda
604 867 28 4 —
648 856 32 21 att
694 855 49 22 hela
757 855 41 22 den
812 854 70 22 betin-

65 884 54 28 gade
135 890 97 16 summan
246 884 85 22 komme
346 886 33 20 att
393 888 62 23 tagas
470 884 7 22 i
493 884 98 28 anspräk.
607 884 41 22 Vid
663 884 78 22 sädant
749 883 133 25 förhällande

65 914 70 21 mäste
149 919 48 16 man
213 912 58 24 finna
285 914 38 21 det
336 913 120 27 förklarligt
471 915 34 21 att
518 914 42 21 han
576 913 67 27 ansäg
658 912 79 23 affären
747 919 53 16 vara
810 912 22 22 af
841 913 41 21 den

64 941 149 23 beskaffenhet
235 943 33 21 att
287 948 27 16 en
328 942 66 27 nägot
408 942 68 27 högre
492 942 119 27 ersättning
625 942 67 21 borde
706 942 106 27 betingas.
840 941 43 27 Jag

65 972 51 25 tror,
129 971 39 26 jag
183 972 24 19 är
220 972 16 20 t.
252 977 19 16 o.
288 970 123 28 öfvertygad
426 971 73 22 derom
515 972 37 26 att,
569 977 35 15 om
620 970 37 22 det
664 970 36 22 vid
707 976 82 16 samma
796 970 31 21 tid
837 969 47 28 gält

65 1000 33 21 att
112 999 29 27 pä
163 999 74 26 längre
259 1000 32 21 tid
313 999 54 22 söka
388 999 34 22 län
438 1000 49 21 med
501 999 129 22 utfärdande
644 998 24 23 af
681 999 147 27 obligationer,
844 998 38 22 vil-

64 1027 68 22 koren
150 1027 69 22 blifvit
237 1028 98 27 billigare
350 1030 26 19 än
390 1027 34 22 för
439 1028 60 22 detta
513 1028 98 22 kreditiv.
641 1027 66 22 Detta
722 1027 71 22 skulle
807 1027 75 22 nämli-

65 1062 41 21 gen
127 1056 56 22 varit
197 1062 27 16 en
246 1057 112 27 operation
378 1062 46 16 som
445 1057 82 21 kunnat
545 1056 23 22 af
581 1055 127 23 Rothschild
723 1055 117 23 öfverföras
854 1055 29 28 pä

64 1084 72 23 andra.
173 1084 48 23 Han
243 1085 57 22 hade
319 1085 81 22 kunnat
418 1085 101 22 betrakta
534 1085 180 27 obligationernas
729 1084 153 27 öfvertagande

65 1113 39 22 och
118 1113 131 28 försäljande
264 1114 72 21 säsom
351 1119 27 16 en
392 1114 136 26 spekulation
543 1113 33 22 för
590 1113 39 27 sig,
645 1113 47 22 frän
702 1113 85 22 hvilken
797 1113 42 21 han
848 1118 34 16 se-

65 1143 41 21 dan
128 1142 55 22 varit
205 1142 32 22 fri.
274 1142 50 22 Men
345 1148 30 15 nu
389 1143 63 26 gälde
468 1143 37 21 det
520 1149 25 15 en
561 1141 53 22 affär
629 1141 108 23 beräknad
752 1141 33 22 för
800 1141 36 22 tvä
850 1141 31 27 är,

64 1171 123 22 hvarunder
200 1171 69 22 måste
284 1172 52 20 utan
351 1170 100 23 afseende
467 1172 13 21 ä
495 1171 156 28 konjunkterna
666 1171 69 22 denna
745 1171 83 21 summa
838 1169 44 22 häl-

64 1199 32 22 las
111 1199 81 22 beredd
207 1199 33 22 till
254 1205 82 16 samma
350 1201 114 20 räntesats.
480 1199 42 27 Jag
536 1201 46 20 tror
597 1201 38 24 att,
652 1205 34 16 om
700 1205 49 16 man
756 1198 126 23 konsidere-

64 1235 36 15 rar
115 1228 66 27 detta,
203 1235 42 15 man
260 1228 39 22 bör
313 1228 101 22 betrakta
428 1228 174 27 negociationens
612 1228 92 22 resultat
712 1227 132 22 annorlunda
854 1229 28 20 än

64 1263 28 15 en
103 1257 124 27 jämförelse
241 1257 50 22 med
306 1257 27 21 de
347 1256 74 27 vilkor,
437 1257 28 26 pä
480 1257 71 21 hvilka
565 1257 96 21 utmärkt
671 1256 68 23 solida
750 1255 132 23 handelshus

63 1285 73 22 kunna
158 1286 87 27 betinga
267 1285 33 27 sig
321 1285 71 22 kredit
406 1285 62 27 gåfve
487 1285 35 22 vid
536 1285 90 22 handen.
656 1285 87 22 Detta
736 1281 14 36 i
759 1285 122 22 allmänhet.

63 1313 79 22 Härtill
156 1314 97 22 kommer
266 1320 30 15 nu
311 1313 107 28 åtskilliga
428 1314 95 27 speciela
532 1313 188 27 omständigheter,
731 1319 48 16 som
788 1314 49 21 röra
843 1319 38 16 ne-

64 1342 136 26 gociationen
214 1342 47 21 från
274 1341 70 22 finska
358 1342 60 21 sidan
434 1342 50 21 med
498 1341 133 22 Rothschild.
646 1341 48 21 Den
708 1341 68 22 första
787 1341 41 22 och
838 1340 44 22 led-

64 1376 81 16 samma
159 1376 38 15 var
212 1370 40 21 den
267 1371 33 20 att
313 1369 36 23 vid
364 1371 32 20 ett
405 1369 130 27 föregäende
545 1369 89 26 tillfälle,
646 1369 28 22 dä
684 1371 32 20 ett
725 1368 93 23 kreditiv
827 1373 54 23 upp-

64 1400 56 26 togs,
135 1398 70 22 finska
220 1398 126 27 regeringen
360 1398 57 22 hade
432 1399 44 21 sett
492 1398 33 27 sig
539 1397 111 23 nödsakad
665 1399 33 20 att
712 1397 28 28 gä
752 1397 22 22 in
789 1397 29 28 pä
824 1403 58 22 myc-

64 1427 38 23 ket
116 1427 91 22 härdare
222 1427 75 22 vilkor.
326 1427 43 22 Det
382 1427 63 28 gälde
460 1426 62 23 äfven
537 1427 27 22 dä
579 1428 33 21 ett
626 1426 92 23 kreditiv
732 1425 49 23 med
791 1427 91 22 omsätt-

64 1456 113 29 ningsrätt.
211 1455 102 23 Vilkoren
326 1462 52 16 voro
394 1455 28 23 dä
437 1457 11 20 6
457 1455 28 28 ?/,
500 1457 62 21 ränta
577 1455 40 23 och
633 1457 12 20 2
655 1456 17 27 %
695 1455 114 28 provision.
838 1455 44 22 Det

65 1492 38 17 var
116 1486 33 22 till
164 1492 27 15 en
205 1485 75 27 början
294 1485 86 28 mycket
394 1485 60 22 svärt
468 1486 33 20 att
516 1487 52 25 göra
586 1485 58 22 klart
657 1484 33 23 för
704 1483 77 23 chefen
794 1484 34 23 för
842 1483 40 23 hu-

65 1517 36 21 set
121 1514 129 23 Rothschild
269 1515 33 22 att
320 1514 127 27 ställningen
462 1520 30 15 nu
506 1520 38 16 var
559 1520 69 16 annan
643 1515 27 20 än
685 1513 33 28 dä,
734 1515 33 21 att
781 1513 101 22 Finlands

63 1544 73 23 kredit
157 1550 30 16 nu
208 1549 39 17 var
267 1543 78 24 bättre.
374 1543 48 23 Han
438 1543 44 22 höll
496 1542 7 23 i
519 1543 36 23 det
569 1543 86 28 längsta
668 1543 28 28 pä
711 1544 32 21 att
759 1543 41 22 den
815 1543 67 28 tjenst
