1070 1706
201 116 42 22 714
517 116 42 19 Den
571 116 10 17 2
594 115 44 23 Maj.

171 182 61 26 ringa
254 182 84 25 handel,
361 187 46 16 som
430 181 89 27 Wiborg
541 181 78 23 drifver
633 182 29 27 på
676 182 47 27 sjön
738 182 98 26 Ladogas
852 182 140 26 kusttrakter,

171 210 90 22 emedan
277 210 70 26 dessa,
363 210 71 22 såsom
450 208 153 29 sjelffallet
570 204 42 38 är,
618 209 64 23 hafva
698 210 33 22 sin
746 210 145 22 hufvudtrafik
900 210 92 28 sjöledes

172 239 59 21 öfver
247 238 87 28 Ladoga
350 236 32 24 till
396 238 136 28 Petersburg.
563 238 40 22 Om
617 239 21 21 vi
652 238 63 22 kasta
731 245 26 15 en
772 239 56 21 blick
843 240 29 26 på
887 239 41 21 den
944 239 49 23 kar-

171 269 31 25 ta,
218 273 47 15 som
281 268 209 27 jernvägsutskottet
508 268 68 26 bilagt
595 268 39 21 sitt
650 268 143 26 betänkande,
809 268 25 21 så
848 267 57 22 finna
919 268 26 25 vi,
961 269 34 21 att

171 296 189 22 handelsområdet
374 296 33 22 för
422 296 27 22 de
465 296 169 22 österbottniska
644 296 109 26 städerna,
764 299 60 19 utom
834 296 34 22 för
877 296 116 28 Uleåborg,

171 324 64 23 hvars
257 325 177 23 handelsområde
454 325 98 21 sträcker
574 324 33 27 sig
622 325 46 21 inåt
682 325 80 25 landet,
778 324 76 22 främst
869 326 88 25 utgöres
973 325 22 21 af

171 354 70 26 någon
257 353 53 21 smal
325 354 143 25 kuststräcka,
488 353 111 22 hvaremot
612 353 189 22 handelsområdet
815 353 33 22 för
862 353 131 27 Saimagebi-

171 384 33 20 tet
225 382 98 22 sträcker
345 382 33 26 sig
392 382 85 27 mycket
492 382 63 27 djupt
569 382 46 21 inåt
630 382 79 22 landet.
740 382 43 21 Det
797 388 63 21 synes
875 388 52 16 vara
941 382 54 22 nöd-

171 411 89 26 vändigt
283 412 32 19 att
336 410 47 21 visa
404 412 45 23 att,
460 411 59 20 utom
535 412 32 19 att
582 410 60 21 detta
657 410 177 22 handelsområde
850 410 39 22 har
904 417 27 15 en
945 410 49 22 vida

171 440 70 21 större
257 438 250 27 konsumtionsförmåga,
528 439 37 21 det
577 439 79 27 jämväl
672 441 24 20 är
710 438 81 28 nödigt,
807 441 33 19 att
855 445 27 16 en
895 441 48 20 stor
959 438 35 23 del

170 468 49 21 utaf
225 468 120 21 detsamma
352 467 96 22 kommer
456 469 32 20 att
496 467 98 27 betjenas
604 467 45 22 utaf
656 467 125 28 jernvägen.
796 467 42 28 Jag
846 468 39 21 ber
892 468 103 22 herrarne

172 496 48 22 åter
235 497 63 22 kasta
313 502 26 16 en
354 496 57 21 blick
421 497 28 26 pä
458 496 82 22 kartan.
557 496 42 21 För
609 496 41 21 alla
661 498 58 20 orter
727 497 55 21 inom
793 497 93 21 nämnde
894 496 100 22 handels-

172 525 87 22 område
268 525 74 22 ställer
350 525 34 26 sig
390 524 75 27 frågan
474 531 34 15 om
516 524 93 22 vintern:
624 525 46 21 Blir
678 525 37 21 det
723 525 98 26 billigare
828 525 33 22 för
868 525 126 22 landthand-

171 554 64 21 lande
245 554 53 21 eller
307 553 234 25 stadshandlandlande
550 555 33 20 att
593 553 45 22 föra
647 554 48 21 sina
702 560 62 15 varor
772 553 32 22 till
810 554 123 27 jernvägen,
942 554 53 21 eller

172 585 33 18 att
218 581 136 23 införskrifva
369 582 48 26 dem
432 582 32 21 till
477 583 108 20 närmaste
598 582 182 27 jernvägsstation
793 582 52 21 eller
858 582 83 22 direkte
948 582 47 22 från

172 611 144 27 ändpunkten,
333 611 38 20 der
386 610 27 21 de
428 611 75 26 köpas,
519 613 148 24 transportera
679 611 48 21 dem
737 611 33 21 till
780 611 111 21 hemorten
901 611 49 22 med
960 610 33 22 fo-

171 645 45 20 ror;
233 640 39 21 och
289 639 37 22 det
340 641 25 19 är
378 639 153 27 proportionen
547 639 89 22 emellan
648 639 65 22 dessa
723 641 78 20 tvänne
811 639 123 26 kostnader,
945 645 47 16 som

170 663 71 27 måste
255 667 81 29 afgöra,
350 667 107 21 huruvida
472 673 90 16 varorna
571 667 85 22 komma
666 669 33 20 att
709 668 27 27 gå
746 675 39 20 per
792 667 90 28 jernväg
892 667 53 22 eller
954 674 38 21 per

170 696 47 22 fora
240 696 83 31 direkte
345 695 32 22 till
398 696 218 25 konsumtionsorten,
639 696 165 27 representerad
826 695 23 22 af
869 696 124 27 respektive

170 725 74 21 lands-
259 725 52 22 eller
326 723 195 24 stadshandlandes
537 725 89 22 hemort.
642 725 41 21 Om
698 725 20 21 vi
734 725 95 23 besinna,
844 726 34 20 att
893 725 38 26 det
944 725 49 22 icke

172 756 24 19 är
210 753 61 27 fräga
287 759 33 16 om
335 755 33 20 att
383 753 69 27 bygga
467 753 70 22 denna
550 753 110 22 mellersta
675 753 56 22 bana
745 753 55 22 efter
815 753 41 22 den
866 753 127 27 föreliggan-

172 782 27 25 de
214 783 60 20 östra
289 782 132 25 stambanan,
437 784 52 19 utan
505 784 32 19 att
551 781 74 28 frägan
641 782 69 27 gäller
724 784 33 19 att
771 782 69 27 bygga
856 782 69 22 denna
940 782 52 22 mel-

171 811 68 21 lersta
261 811 113 22 stambana
395 810 46 22 före
464 810 40 22 den
528 812 66 25 östra,
614 810 25 21 sä
654 811 55 21 skall
724 813 72 20 svaret
811 811 32 22 för
857 813 78 20 nästan
951 811 42 22 alla

171 839 145 27 trafikcentra,
332 845 46 16 som
392 839 55 22 höra
461 839 32 21 till
515 835 72 36 Saima:
599 839 79 28 gebitet
697 839 52 22 eller
764 840 130 21 åtminstone
908 839 33 22 för
955 839 38 22 två

171 868 131 28 tredjedelar
324 868 23 21 af
367 868 48 21 dem
437 867 71 26 blifva,
529 870 32 19 att
577 868 36 21 det
626 867 33 22 för
674 867 48 22 dem
739 868 39 21 blir
793 868 91 22 lönande
899 870 32 19 att
945 867 48 23 föra

171 897 48 22 sina
241 903 62 15 varor
324 897 33 21 till
379 899 108 19 närmaste
504 897 181 27 jernvägsstation
707 897 52 21 eller
774 898 32 20 att
820 897 45 22 läta
880 897 28 21 de
922 902 69 21 varor,

171 931 46 15 som
233 925 28 22 de
275 925 73 21 hemta
369 925 47 21 frän
431 925 131 26 Petersburg
577 925 52 21 eller
645 925 93 26 Wiborg,
755 925 71 22 säsom
841 925 153 27 hufvudsaklig

172 953 134 28 stapelplats,
329 954 85 21 komma
436 959 38 21 per
486 954 90 26 jernväg
591 954 31 21 till
638 954 40 20 den
695 954 86 25 station,
798 960 46 14 som
860 956 25 19 är
899 955 95 20 närmast

171 981 208 23 landthandlandens
395 981 82 23 bostad.
507 981 42 27 Jag
565 985 45 18 tror
624 982 20 21 vi
659 984 58 25 trygt
729 982 73 21 kunna
812 984 59 25 säga,
883 984 32 20 att
924 982 69 22 denna

171 1011 110 21 mellersta
297 1010 112 22 stambana
422 1010 46 21 frän
484 1010 117 22 Davidstad
616 1010 32 22 till
663 1010 86 28 Kuopio
762 1010 54 22 skall
828 1011 83 21 direkte
921 1010 71 28 tillgo-

172 1040 52 22 dose
239 1039 66 22 minst
319 1039 37 21 två
370 1039 129 27 tredjedelar
514 1039 48 21 utaf
575 1038 46 24 ofta
635 1040 128 21 omnämnda
777 1038 164 23 trafikomrädes
957 1040 36 21 be-

171 1068 43 22 hof.
245 1068 41 22 Om
301 1068 19 22 vi
334 1068 97 22 deremot
450 1068 101 22 betrakta
569 1068 69 22 banan
654 1068 218 26 Nurmo—Uleäborg
888 1068 39 22 och
943 1069 50 26 taga

171 1096 50 22 bort
236 1097 41 21 den
291 1096 110 26 landsdel,
411 1103 47 15 som
473 1096 70 22 bildar
558 1097 26 21 de
600 1098 60 20 östra
678 1096 164 22 kuststädernas
858 1097 135 22 handelsom-

172 1125 34 27 de,
222 1126 25 21 sä
261 1125 42 22 kan
318 1125 125 25 detsamma,
459 1131 46 15 som
518 1125 37 27 jag
570 1131 50 22 nyss
628 1126 100 26 uttalade
739 1131 34 15 om
783 1125 163 28 Kuopiobanan,
957 1127 36 19 sä-

172 1160 38 20 gas
226 1160 36 15 om
277 1154 41 21 den
333 1153 149 27 Uleäborgska
495 1154 121 21 kustbanan
626 1154 78 22 endast
713 1154 69 21 under
792 1154 41 21 den
840 1154 153 22 förutsättnin-

173 1189 41 20 gen
237 1185 33 19 att
291 1182 136 22 Nikolaistad
446 1182 39 22 blir
500 1182 201 28 hufvudstapelstad
717 1182 41 22 och
774 1182 110 23 afnämare
898 1182 33 24 för
945 1182 50 22 hela

172 1210 166 22 vintertrafiken.
370 1211 65 21 Detta
450 1217 62 21 synes
530 1211 43 27 mig
588 1211 118 21 emellertid
717 1211 82 27 ganska
809 1211 128 22 osannolikt.
952 1211 43 26 Jag

171 1241 53 23 tror,
241 1239 39 21 och
296 1239 43 23 min
353 1238 111 22 förmodan
480 1242 23 18 är
519 1239 31 21 till
566 1241 81 19 största
662 1240 63 20 delen
741 1240 69 26 byggd
826 1240 28 25 pä
864 1240 129 24 erfarenhet,

172 1268 34 20 att
221 1267 26 21 de
263 1266 169 22 österbottniska
446 1266 154 22 kuststäderna
615 1268 58 20 ännu
689 1274 26 14 en
730 1267 82 27 ganska
819 1267 49 26 lång
879 1267 32 21 tid
917 1267 78 21 framåt

172 1294 62 22 skola
249 1294 91 29 behöfva
355 1294 47 22 sina
416 1294 85 27 vanliga
515 1294 84 22 kunder
609 1294 64 22 bland
681 1294 216 27 landthandlandene,
910 1296 25 20 sä
946 1295 49 22 att
984 1290 15 37 i

172 1322 102 23 afseende
289 1323 14 21 &
317 1323 27 21 de
360 1323 169 22 österbottniska
544 1322 122 28 elfdalarne,
682 1324 64 22 deras
761 1324 78 22 handel
854 1324 56 22 skall
924 1324 29 27 gå
967 1324 28 27 pä

172 1352 42 22 den
228 1352 108 26 kuststad,
353 1358 47 16 som
414 1352 68 27 ligger
496 1352 36 22 vid
547 1352 103 22 elfdalens
665 1353 106 28 mynning.
787 1352 43 22 Det
840 1352 42 22 kan
890 1353 24 27 ju
925 1352 68 29 häller

172 1381 48 27 icke
235 1381 74 25 nekas,
330 1383 32 19 att
382 1381 42 22 den
443 1380 84 24 skilnad
542 1382 6 20 i
563 1381 91 27 frakten,
670 1387 46 23 som
731 1382 67 26 gäller
812 1381 91 23 emellan
919 1382 77 22 Gamla

171 1410 102 30 Karleby,
288 1410 127 25 Jakobstad,
435 1410 129 27 Nykarleby,
581 1410 65 22 Wasa
661 1410 40 26 och
717 1410 130 28 Petersburg
863 1410 54 23 eller
931 1411 65 22 dessa

173 1438 76 24 städer
263 1439 73 27 uppåt,
353 1442 24 18 är
391 1438 65 27 högst
470 1439 67 26 ringa,
556 1441 33 19 att
609 1439 41 21 den
665 1434 48 27 icke
728 1442 111 25 motväges
855 1439 91 27 derutaf,
962 1441 33 20 att

173 1473 34 15 om
222 1473 65 23 varan
302 1467 54 22 först
371 1467 39 28 gär
425 1466 32 22 till
472 1467 77 22 Gamla
564 1467 93 28 Karleby
673 1467 41 22 och
729 1468 67 21 sedan
810 1468 33 21 till
853 1468 142 25 Nikolaistad,

174 1495 42 22 den
233 1495 28 22 dä
275 1495 54 29 skall
345 1496 73 22 skatta
433 1502 26 15 en
477 1496 107 27 provision
600 1495 59 24 såväl
675 1496 32 21 till
722 1496 92 22 handeln
828 1497 8 21 i
851 1496 76 22 Gamla
941 1497 54 21 Kar-

170 1523 50 28 leby
236 1530 47 15 som
298 1525 66 21 ocksä
378 1524 33 22 till
426 1525 93 22 handeln
534 1525 8 21 i
556 1524 143 23 Nikolaistad.
714 1525 82 22 Härvid
811 1525 35 22 mä
860 1524 86 23 anföras
957 1525 38 22 det
