1073 1703
223 112 40 38 692
536 127 42 18 Den
591 129 11 16 2
613 127 45 23 Maj.

261 193 217 28 Jernvägsutskottet
496 193 36 22 vid
553 193 132 22 närvarande
699 193 104 27 landtdag
817 194 40 21 har
871 193 56 22 varit
939 193 75 28 lyckli-

196 228 51 21 gare
269 224 27 19 än
319 223 50 20 dess
391 222 141 27 föregångare
552 221 36 22 vid
603 223 88 20 senaste
705 222 153 27 ständermöte,
875 222 27 21 då
917 221 38 22 det
968 221 48 22 haft

196 253 33 20 att
244 250 63 27 tillgå
328 251 27 21 de
377 251 46 21 rika
437 250 127 26 materialer,
580 256 46 16 som
641 250 68 22 under
723 250 107 28 förloppet
844 250 23 22 af
879 250 39 22 två
932 251 35 20 års
982 250 33 22 tid

196 279 70 22 blifvit
279 279 118 22 insamlade
413 279 39 22 och
467 279 130 21 bearbetade
607 279 301 27 afjernvägskommissionen.
923 279 43 21 Det
975 279 41 21 har

197 308 56 22 dock
267 308 68 21 under
351 308 40 21 den
407 307 58 22 förra
480 307 149 22 diskussionen
643 307 66 22 redan
724 307 70 22 blifvit
807 307 115 28 påpekadt,
937 309 32 20 att
980 307 35 22 så-

197 337 35 21 väl
245 336 220 27 jernvägsutskottets
486 336 111 27 pluralitet
618 342 47 15 som
681 336 49 21 dess
745 338 135 20 reservanter
895 338 72 19 ansett
981 337 34 25 sig

194 365 73 21 kunna
282 364 24 22 åt
321 364 64 22 dessa
399 364 122 22 förarbeten
536 363 58 27 gifva
609 370 26 15 en
645 364 158 22 vidsträcktare
813 364 40 22 och
862 364 152 27 bokstafligare

194 393 135 27 tillämpning
343 394 28 20 än
385 392 278 28 jernvägskommissionens
679 399 54 21 egna
747 393 120 22 ledamöter
881 405 27 3 —
923 393 40 22 och
976 393 37 27 jag

194 422 37 22 må
245 422 95 26 tillägga,
356 422 29 27 på
399 422 56 26 goda
470 421 52 26 skäl,
538 433 29 3 —
577 421 74 27 sjelfva
665 422 64 26 vågat
744 423 59 25 göra.
822 421 189 27 Jernvägsutskot-

195 453 44 19 tets
254 450 120 22 ledamöter
388 450 70 25 hafva,
475 450 27 22 då
516 456 29 15 nu
560 456 26 16 en
601 450 57 27 gång
672 450 88 22 franska
775 451 39 21 ord
829 450 89 22 kommit
932 450 29 28 på
968 456 45 16 mo-

195 480 44 26 det,
258 480 3 20 i
277 479 70 22 denna
368 478 122 22 diskussion
509 478 56 22 varit
580 478 61 27 ,plus
656 480 113 26 royalistes
785 485 41 21 que
840 479 20 21 le
876 480 32 21 roi
922 479 90 22 möme.*

194 508 64 21 Hvad
271 514 30 15 nu
315 507 55 21 först
384 508 110 20 zonteorin
508 507 138 26 vidkommer,
662 508 25 20 så
702 510 24 19 är
741 508 42 21 den
796 508 127 26 visserligen
931 507 83 27 ganska

194 536 119 22 intressant
334 536 41 21 och
397 536 62 22 torde
481 536 37 22 det
535 535 66 22 också
615 536 7 20 i
637 536 45 21 viss
695 542 50 16 mon
760 542 52 16 vara
826 536 89 22 alldeles
930 536 82 27 riktigt,

194 566 34 20 att
247 564 194 28 jernvägstrafiken
463 564 83 27 aftager
567 564 49 21 med
639 564 114 22 afstånden
767 564 47 22 från
826 565 117 27 jernvägen
958 565 8 21 i
981 566 33 20 ett

194 593 110 27 hastigare
326 592 133 22 förhållande
475 595 26 19 än
516 598 49 16 man
580 592 107 22 måhända
701 592 99 23 förestält
814 594 41 26 sig;
879 600 48 15 men
943 594 70 21 denna

194 622 56 20 teori
271 622 43 21 kan
332 621 117 27 ingalunda
471 623 51 25 göra
545 621 92 27 anspråk
658 621 29 27 på
709 622 86 21 absolut
808 622 110 26 riktighet,
934 621 78 26 derför,

195 651 33 20 att
243 650 48 26 den,
307 650 56 21 hvad
382 649 170 27 persontrafiken
568 648 108 27 beträffar,
692 652 25 19 är
731 650 92 22 baserad
837 650 29 27 på
881 650 132 21 observatio-

194 685 39 14 ner
255 684 47 16 som
324 677 70 22 blifvit
416 678 98 21 anstälda
536 678 69 21 under
619 684 27 15 en
661 678 50 21 kort
725 678 31 21 tid
772 678 23 21 af
808 678 52 27 året,
876 678 28 21 då
919 678 95 22 menföre

195 713 38 15 var
249 707 102 26 rådande,
367 706 40 21 och
423 706 56 21 hvad
494 705 145 27 godstrafiken
654 706 137 27 vidkommer,
808 707 89 22 emedan
914 707 100 22 observa-

195 736 99 21 tionerna
313 734 108 28 sjelffallet
441 735 77 22 endast
532 735 82 22 kunnat
629 735 55 27 angå
699 735 26 21 de
741 735 136 22 omedelbare
892 735 122 22 afnämarne

195 764 41 21 och
252 764 127 21 afsändarne
395 763 22 22 af
430 764 60 26 gods,
506 770 48 15 men
569 764 47 21 icke
632 764 26 21 de
673 770 96 21 rayoner,
785 765 56 21 inom
857 764 72 22 hvilka
937 764 78 27 godset

195 792 69 22 blifvit
279 793 94 21 samladt
387 792 52 21 eller
453 792 32 21 till
501 793 71 21 hvilka
587 793 120 21 detsamma
722 793 73 22 vidare
810 793 68 27 spridt
894 793 32 27 sig
938 799 76 20 genom

195 821 92 22 handeln
299 825 31 11 '—
345 821 41 22 och
401 821 61 21 detta
480 823 24 19 är
519 827 27 15 en
561 821 82 26 ganska
658 821 66 27 vigtig
740 821 165 28 omständighet.
935 821 79 22 Vidare

194 850 44 21 kan
253 850 118 26 anmärkas,
395 851 33 20 att
449 849 171 27 persontrafiken
635 849 68 22 blifvit
718 850 88 22 alldeles
822 851 32 21 för
869 850 53 26 högt
936 850 77 21 beräk-

195 879 50 20 nad.
274 879 50 20 Man
339 879 39 20 har
393 880 53 19 utan
463 879 74 20 vidare
551 878 93 21 fördelat
659 873 42 26 den
715 879 74 26 miljon
803 885 148 21 passagerare,
968 885 46 15 som

195 907 81 22 färdats
292 907 91 22 emellan
399 906 87 27 Wiborg
500 907 41 21 och
556 907 137 26 Petersburg,
704 907 29 26 på
747 907 100 27 samtliga
857 907 106 22 stationer
974 908 41 21 och

194 935 91 22 kommit
306 935 33 21 till
354 935 37 21 det
405 935 133 22 förhållande
553 935 90 22 emellan
658 935 171 27 persontrafiken
845 936 40 21 och
900 935 114 27 godstrafi-

195 965 49 25 ken,
267 969 46 16 .som
335 964 110 27 uttryckes
468 963 22 22 af
503 963 57 22 talen
582 964 28 21 42
633 964 40 21 och
689 965 33 20 56.
752 964 43 21 Det
810 967 24 18 är
848 965 55 21 visst
918 966 49 19 sant
982 966 32 19 att

196 993 64 22 dessa
274 998 141 21 passagerare
429 991 50 22 icke
494 994 46 19 rest
559 999 58 14 mera
633 995 28 18 än
676 993 26 20 25
717 995 61 19 verst
793 993 40 21 och
848 995 32 19 att
895 999 49 15 man
960 993 55 21 såle-

196 1021 38 21 des
249 1021 96 21 kommer
360 1021 32 21 till
406 1021 76 21 inalles
497 1022 27 20 25
540 1021 97 27 miljoner
647 1023 206 25 passagerareverst,
865 1021 112 21 hvaremot
988 1021 27 21 de

196 1051 91 25 400,000
302 1056 148 20 passagerare,
467 1055 45 16 som
526 1048 34 23 för
575 1049 64 27 öfrigt
656 1050 105 27 begagnat
773 1050 116 27 jernvägen
905 1050 7 21 i
920 1050 50 21 hela
978 1050 38 21 det

197 1078 138 22 återstående
351 1078 96 26 Finland,
463 1078 74 28 tyckes
552 1078 63 22 hafva
629 1080 46 20 rest
689 1079 7 21 i
711 1078 101 22 medeltal
828 1079 84 21 70—80
926 1080 64 20 verst.
1005 1078 11 22 I

198 1108 42 20 alla
254 1106 114 22 händelser
384 1108 23 20 är
423 1107 64 21 dessa
501 1107 216 27 miljonpassagerare
733 1113 26 15 en
774 1107 94 27 betydlig
883 1107 77 26 faktor,
969 1113 47 15 som

197 1136 48 21 icke
267 1134 116 23 återfinnes
404 1135 145 27 någonstädes
567 1135 29 27 på
610 1135 79 27 landet,
706 1135 89 23 emedan
810 1142 26 15 en
852 1136 49 21 stad
916 1136 101 21 liknande

196 1164 134 26 Petersburg
352 1164 73 21 vidare
447 1164 47 22 icke
516 1163 148 27 förekommer,
681 1165 25 21 så
720 1166 33 20 att
768 1164 37 22 det
819 1164 47 22 icke
882 1171 38 15 var
935 1164 81 27 riktigt,

198 1194 33 20 att
245 1195 52 19 utan
319 1192 74 22 vidare
407 1192 63 27 lägga
488 1192 49 22 hela
551 1192 234 27 passageraretrafiken
800 1193 33 21 till
848 1193 69 27 grund
932 1192 33 22 för
979 1192 38 22 be-

198 1220 139 23 dömmandet
350 1220 23 22 af
385 1220 144 22 förhållandet
544 1221 91 21 emellan
649 1227 158 21 passagerare-.
816 1221 39 22 och
870 1221 147 27 godstrafiken

197 1250 29 26 på
247 1249 52 21 våra
320 1248 107 22 blifvande
446 1249 121 27 jernvägar.
599 1249 42 25 Jag
656 1250 42 20 kan
713 1250 33 20 för
761 1249 70 26 öfrigt,
846 1249 34 21 för
894 1250 43 20 min
953 1255 63 21 argu-

196 1277 126 27 mentering,
346 1282 66 21 gerna
433 1276 70 22 lemna
525 1277 70 21 denna
617 1277 125 26 tvistefråga
761 1278 13 20 å
789 1278 52 25 sido,
858 1278 49 20 med
922 1278 40 21 den
980 1284 37 15 an-

196 1305 119 27 märkning,
331 1306 33 20 att
379 1310 34 16 om
426 1304 222 28 jernvägsutskottets
663 1305 146 23 koefficienter
824 1306 58 21 hålla
892 1306 78 26 sträck,
980 1306 38 22 det

197 1335 69 21 måste
281 1333 111 23 betraktas
408 1334 72 21 såsom
493 1340 27 15 en
534 1334 34 22 för
583 1334 42 21 alla
640 1334 55 22 tider
711 1334 111 28 oersättlig
837 1334 73 27 skada,
926 1336 33 20 att
969 1341 49 15 man

196 1363 49 22 icke
260 1363 53 27 bygt
325 1363 90 27 jernväg
430 1362 47 21 från
491 1362 80 22 Nurmo
586 1362 32 21 till
633 1363 69 27 Jeppo
717 1363 59 27 långt
785 1363 89 27 tidigare
883 1365 27 20 än
922 1363 42 22 den
971 1363 48 22 från

196 1391 135 28 Helsingfors
347 1391 32 22 till
393 1391 93 27 Wiborg,
502 1392 72 21 såsom
590 1397 26 16 en
630 1391 53 22 hvar
698 1392 41 21 kan
755 1392 109 28 öfvertyga
880 1393 33 26 sig
922 1399 34 15 om
971 1392 48 22 från

197 1421 56 22 sista
266 1421 61 21 sidan
342 1419 23 23 af
379 1420 41 22 den
435 1420 54 21 sista
504 1421 92 21 tabellen
611 1420 7 21 i
633 1422 43 20 u:ts
687 1421 141 22 betänkande.
844 1421 41 28 Jag
900 1421 36 22 vill
950 1421 68 22 hällre

197 1450 58 21 hålla
269 1450 44 27 mig
327 1449 32 22 till
375 1449 38 22 det
426 1449 89 26 faktum,
534 1451 32 20 att
581 1450 222 27 jernvägsutskottets
818 1449 116 29 pluralitet,
950 1451 67 22 delvis

198 1479 7 20 i
220 1479 55 21 strid
297 1478 49 21 med
362 1478 50 21 dess
429 1483 53 21 egen
496 1478 134 27 motivering,
647 1479 83 20 ändock
745 1479 80 21 uttalar
839 1479 33 26 sig
886 1479 33 21 för
934 1481 33 19 att
981 1481 37 19 vä-

197 1513 41 20 gen
253 1506 47 23 från
315 1506 118 22 Davidstad
451 1506 33 21 till
498 1506 85 28 Kuopio
598 1507 76 21 främst
688 1507 68 22 borde
770 1507 85 22 komma
869 1507 69 22 under
950 1507 68 27 bygg-

197 1536 49 26 nad,
272 1537 33 20 att
323 1535 40 22 den
386 1535 123 22 nuvarande
528 1537 134 25 guvernören
676 1535 8 22 i
698 1536 119 27 Uleåborgs
832 1537 42 25 län,
890 1536 80 21 uttalat
984 1536 34 27 sig
