1059 1714
417 119 43 19 Den
472 121 10 16 4
494 118 46 25 Maj.
816 116 40 21 807

67 180 101 23 inbördes
183 179 109 24 företräde
307 181 90 22 emellan
412 181 42 22 den
469 181 80 28 ostliga
561 181 42 22 och
613 181 41 22 den
664 180 92 28 vestliga
765 180 121 27 sträeknin-

68 215 42 22 gen
132 209 24 22 af
167 210 71 22 banan
260 210 31 22 till
306 210 118 28 Uleåborg;
437 210 53 22 eller
504 217 34 16 om
553 210 67 22 sådan
634 209 133 28 proposition
783 209 40 22 alls
836 209 50 23 ieke

68 238 116 22 meddelas.
222 238 42 22 Det
286 245 46 16 som
346 238 187 23 herr'Schauman
551 239 70 26 ansåg
632 239 103 22 innebära
748 240 34 21 ett
795 238 91 23 fastbin-

69 267 70 22 dande
152 267 23 22 af
188 269 63 20 nästa
270 267 103 22 Ständers
392 267 40 22 fria
446 267 129 22 beslutande
589 269 49 24 rätt,
655 267 39 22 bör
708 267 49 22 icke
771 266 67 23 fattas
853 267 32 22 sä.

68 296 191 27 Omständigheter
272 296 73 22 kunna
360 296 61 22 alltid
435 296 93 27 inträffa,
543 302 47 16 som
604 297 52 26 göra
665 297 35 20 att
707 295 179 23 nästkommande

69 324 93 22 Ständer
176 324 70 22 skulle
258 324 58 22 finna
330 324 33 28 sig
377 325 48 22 icke
440 325 53 22 böra
502 325 85 22 besluta
594 325 32 22 till
636 325 74 22 vidare
717 324 169 28 jernvägsbyg&-

68 353 52 27 nad;
136 353 38 22 det
188 353 129 28 vore
246 348 32 38 "ju
291 348 27 38 en
331 353 112 28 möjlighet
456 355 34 20 att
504 354 28 21 de
546 354 48 22 icke
608 353 66 22 funne
686 353 70 22 medel
766 353 78 22 dertill.
860 352 26 23 Vi

68 382 73 22 kunna
155 382 48 22 icke
217 382 29 28 pä
260 381 90 23 förhand
366 383 113 22 dekretera
493 382 73 27 något,
582 388 49 17 men
647 382 19 22 vi
681 383 73 21 kunna
760 382 30 27 pä
796 381 92 23 förhand

66 412 56 21 söka
143 411 57 22 bana
220 413 41 25 väg
282 411 34 22 för
338 412 26 21 de
386 411 78 27 beslut,
480 417 47 16 som
546 412 39 21 det
605 411 43 22 kan
662 411 66 22 blifva
741 411 98 28 lämpligt
853 412 34 21 att

67 439 56 23 fatta
136 440 37 22 vid
188 441 64 21 nästa
266 440 108 27 landtdag.

136 469 56 22 Herr
206 469 203 28 Pippingsköld:
426 469 11 22 I
451 451 37 40 fall
503 469 133 22 närvarande
652 469 92 22 Ständer
757 469 71 22 lemna
842 468 44 23 frä-

67 504 43 21 gan
132 505 34 16 om
188 500 33 20 ett
243 497 106 24 blifvande
360 499 140 27 jernvägsnät
514 497 130 28 fullkomligt
659 499 76 27 öppen,
751 497 27 22 sä
791 500 25 19 är
830 498 56 21 dock

69 533 27 16 en
110 527 73 28 yttrad
197 528 83 21 önskan
295 527 33 22 till
342 527 104 28 styrelsen
462 527 23 22 af
497 528 51 27 vigt,
564 527 68 22 sädan
647 527 113 28 nämligen,
776 528 33 21 att
823 527 27 22 de
860 527 26 22 li-

68 557 47 21 nier
130 563 46 15 som
190 559 96 19 närmast
300 557 117 27 intressera
432 556 69 23 skulle
515 557 8 21 i
535 556 96 22 tekniskt
638 555 40 23 och
686 556 137 22 ekonomiskt
830 555 56 23 afse-

67 586 56 21 ende
146 591 80 22 nogare
247 585 133 22 undersökas
400 585 34 22 för
448 587 33 20 att
498 585 81 23 bereda
592 585 128 22 kommande
735 585 94 22 Ständer
843 585 43 22 till-

68 613 50 22 fälle
140 616 32 19 att
187 616 52 26 göra
257 615 58 21 valet
328 615 29 27 pä
372 615 68 26 grund
455 615 23 20 af
490 614 60 22 Hans
565 614 113 27 Majestäts
693 613 100 23 framtida
808 614 79 27 nädiga

70 643 139 27 proposition.
225 643 45 22 Här
285 643 69 22 skulle
369 643 85 22 således
469 645 97 20 närmast
572 643 58 28 gälla
636 643 66 22 linien
709 643 177 28 Kuopio--Iden-

71 671 199 28 salmi—Uleäborg
290 672 52 22 eller
356 672 68 22 hällre
439 672 64 22 linien
523 672 96 22 Nurmo—
629 667 165 37 Gamlakarleby
825 667 63 37 Uleä-

70 701 60 27 borg,
147 701 41 22 den
203 706 76 17 senare
294 701 82 22 ställvis
391 701 29 27 pä
434 701 65 27 högst
514 703 13 20 2
542 701 48 22 mils
606 701 85 22 afständ
705 701 47 22 frän
760 701 78 22 kusten
846 701 42 22 och

68 729 50 22 icke
139 730 119 21 undersökt
279 730 95 22 hvarken
396 730 96 22 tekniskt
512 729 40 23 och
563 730 38 27 jag
615 731 46 21 tror
676 731 107 27 knappast
798 730 90 22 oculärt.

68 759 57 22 Herr
145 759 117 22 Mechelins
284 759 119 28 pästäende
419 761 24 20 är
460 759 86 22 säledes
562 759 137 27 berättigadt,
715 759 72 22 säsom
802 759 37 22 det
854 765 34 22 sy-

71 794 49 21 nes;
143 794 48 15 men
214 789 121 21 nuvarande
354 788 222 28 jernvägsingeniörer
598 788 70 22 uttala
690 788 34 27 sig
746 788 87 27 derhän,
856 789 33 21 att

70 817 64 22 dessa
156 817 68 26 linier,
247 817 60 22 såväl
326 816 68 23 denna
412 823 47 16 som
481 817 41 22 den
537 817 67 22 andra
618 819 38 20 äro
671 817 25 22 sä
710 823 50 22 pass
776 817 112 26 välkända,

69 847 33 20 att
124 852 48 15 man
195 847 51 20 utan
262 846 72 22 vidare
348 845 47 22 frän
411 846 86 21 teknisk
512 846 108 28 synpunkt
635 846 39 22 och
690 849 52 19 utan
758 848 33 20 att
805 846 84 22 riskera

70 874 63 22 svåra
156 874 190 28 öfverraskningar,
366 875 55 21 skall
436 875 72 22 kunna
522 875 87 22 besluta
624 881 35 16 om
671 875 129 27 jernvägens
815 875 73 27 anläg-

70 903 70 27 gande
154 903 62 26 längs
233 903 41 22 den
290 910 40 15 ena
346 903 52 22 eller
412 904 67 21 andra
494 903 72 22 linien.
582 904 43 21 Det
639 909 51 16 vore
706 903 78 22 endast
793 904 95 21 nödvän-

70 932 46 26 digt
131 933 33 20 att
178 933 54 32 göra
246 932 184 32 undersökningar
444 932 28 27 på
487 933 58 21 vissa
560 933 63 22 svåra
637 932 94 27 punkter
745 933 71 21 såsom
832 934 15 20 t.
856 938 32 16 ex.

70 960 36 21 vid
120 960 84 27 Kuopio
220 961 8 21 i
242 961 100 22 afseende
357 961 13 22 å
382 961 128 27 jernvägens
525 967 92 22 passage
632 967 77 22 genom
717 961 114 26 Kallavesi,
840 967 49 16 men

70 989 33 22 för
126 988 64 28 öfrigt
212 990 61 21 torde
295 990 107 27 knappast
423 989 70 28 någon
509 990 57 22 enda
579 990 70 27 punkt
663 989 75 28 finnas,
754 995 35 16 om
804 978 85 34 hvilken

70 1019 98 21 närmare
191 1019 85 21 teknisk
299 1019 114 27 utredning
434 1002 111 48 behöfdes,
585 1019 97 25 Således,
704 1007 54 33 huru
774 1019 116 27 plausibelt

72 1045 50 24 berr
137 1047 116 22 Mechelins
267 1047 81 28 förslag
363 1050 27 19 än
405 1050 25 19 är
444 1047 7 22 i
466 1047 34 28 sig
515 1047 64 28 sjelft,
595 1048 25 21 så
635 1050 23 19 är
674 1035 37 34 det
726 1047 55 22 dock
796 1047 49 27 föga
853 1048 37 22 be-

74 1075 80 28 höfligt.
191 1076 48 21 Den
261 1076 139 22 ekonomiska
422 1077 186 25 undersökningen
630 1076 62 22 torde
714 1076 107 28 knappast
835 1076 57 28 gifva

71 1105 73 22 bättre
160 1104 52 23 eller
226 1105 88 22 säkrare
334 1105 96 26 resultat,
448 1107 26 20 än
489 1106 49 21 dem
553 1105 72 22 hvilka
639 1105 109 22 utskottet
760 1105 67 22 redan
842 1112 48 21 pre-

70 1135 104 24 senterat,
186 1145 27 4 —
224 1133 107 22 måhända
344 1134 72 25 likväl,
432 1141 48 15 men
494 1134 51 27 föga
560 1140 42 21 nog
612 1133 69 23 blefve
697 1134 40 21 den
748 1134 85 27 mycket
840 1134 50 22 säk-

72 1169 54 15 rare.
164 1163 41 26 Jag
226 1162 33 22 för
278 1163 43 22 min
336 1163 97 22 enskilda
448 1163 34 22 del
498 1163 69 22 skulle
582 1165 40 24 tro,
638 1164 33 20 att
689 1163 3 21 i
708 1162 103 23 händelse
826 1163 64 22 Stän-

72 1191 67 22 derna
153 1197 77 15 annars
245 1191 48 22 vela
308 1191 28 26 gå
350 1192 74 25 längre
438 1192 7 21 i
464 1191 167 33 bestämmande,
648 1191 26 22 de
688 1191 66 22 redan
770 1191 36 22 vid
821 1192 71 21 denna

72 1219 103 27 landtdag
190 1219 69 22 skulle
278 1220 62 21 hafva
354 1220 83 22 kunnat
452 1220 85 22 besluta
552 1220 33 27 sig
598 1219 33 22 för
647 1220 40 22 den
703 1226 41 15 ena
758 1220 53 21 eller
824 1220 68 22 andra

71 1248 66 21 linien
152 1248 33 21 till
200 1248 118 27 Uleåborg;
334 1249 40 21 och
390 1250 32 20 att
436 1249 85 22 således
536 1249 124 32 lämpligast
669 1248 56 22 hade
733 1249 55 21 varit
798 1251 33 20 att
838 1255 52 22 upp-

72 1279 52 24 taga
140 1277 32 21 till.
188 1276 123 23 diskussion
330 1277 38 22 det
384 1277 53 22 sista
457 1277 85 28 stycket
556 1277 8 22 i
578 1277 119 22 utskottets
712 1277 136 22 betänkande
863 1278 29 27 på

74 1306 62 21 sidan
151 1307 27 20 48
194 1305 52 22 eller
261 1305 42 22 den
311 1305 23 22 af
339 1306 108 22 utskottet
454 1305 114 23 förordade
576 1305 195 28 bansträckningen
781 1306 111 22 Nurmo—

72 1334 478 27 Jeppo—Lahnakoski—Kopsa—Uleåborg
565 1341 19 15 o.
600 1341 17 15 s.
632 1341 19 14 v.

142 1361 57 22 Herr
214 1362 22 21 af
248 1361 147 23 Forselles:
410 1362 42 27 Jag
467 1363 39 20 ber
520 1363 34 20 att
567 1362 23 21 fä
604 1361 133 22 understöda
746 1361 50 23 herr
805 1362 88 22 Meche-

74 1391 42 21 lins
138 1390 86 26 förslag.
260 1391 46 21 Här
328 1391 38 21 har
385 1390 25 22 sä
432 1390 77 27 många
523 1391 81 26 gånger
618 1390 128 22 framhållits
761 1392 76 25 nyttan
852 1391 41 22 och

74 1418 187 27 nödvändigheten
284 1418 62 24 deraf
366 1420 33 21 att
420 1419 119 28 Uleäborgs
556 1419 36 22 län
606 1419 30 28 pä
649 1418 41 23 den
704 1425 42 16 ena
760 1419 53 22 eller
827 1419 67 22 andra

75 1449 69 26 vägen
158 1448 68 22 måtte
240 1448 109 22 förbindas
364 1448 49 23 med
428 1448 27 22 de
470 1448 107 28 sydligare
588 1447 87 23 delarne
686 1448 22 22 af
715 1448 83 35 landet;
817 1449 28 22 dä
854 1449 41 22 här

75 1477 49 22 icke
138 1476 116 28 föreligger
268 1477 66 27 nägot
348 1477 93 22 beslut
434 1472 11 37 i
458 1477 60 23 detta
533 1477 107 27 afseende,
656 1477 25 22 sä
690 1477 49 22 vet
733 1483 36 22 jag
776 1477 48 23 icke
832 1477 63 23 hvar-

76 1506 34 33 för
124 1512 49 27 man
188 1506 55 22 skall
257 1506 63 22 hafva
334 1505 67 29 nägot
416 1508 58 20 emot
489 1513 26 16 en
531 1506 99 27 anhällan
636 1494 77 35 "derom
721 1508 34 20 att
762 1506 40 22 den
811 1507 84 22 sträck-

76 1533 57 30 ning,
148 1534 7 23 i
170 1535 86 22 hvilken
272 1541 26 17 en
313 1535 57 23 bana
385 1535 31 22 till
432 1535 108 28 Uleäborg
554 1531 68 27 borde
636 1535 67 28 ledas,
714 1535 39 22 bör
760 1536 134 22 undersökas
