1073 1703
221 127 40 20 652
525 129 42 18 Den
579 129 22 20 25
614 129 58 22 April.

262 190 54 21 Herr
339 189 86 22 Taube
447 189 65 21 utbad
529 189 33 26 sig
577 189 62 21 ordet
654 189 39 20 och
709 189 94 26 yttrade:
827 189 75 21 Denna
917 187 11 29 $
943 189 66 20 borde

191 219 48 21 icke
262 218 62 21 hafva
345 219 57 26 plats
417 218 32 21 uti
465 219 60 20 detta
540 217 121 27 lagförslag,
678 217 43 21 lika
736 217 48 22 litet
798 223 47 16 som
860 217 71 26 någon
946 217 63 21 likar-

191 247 37 22 tad
251 247 11 28 $
276 247 7 20 i
302 247 68 26 något
391 246 116 27 lagförslag
527 247 39 20 bör
587 245 76 26 finnas,
687 246 40 21 den
749 246 35 21 må
799 246 65 21 sedan
880 252 51 15 vara
946 247 63 26 tagen

192 275 53 22 ifrån
259 275 130 26 föregående
405 275 160 22 ständerbeslut
580 275 6 21 i
601 274 66 22 saken
676 275 52 21 eller
738 275 53 25 icke,
804 275 39 21 och
850 275 38 27 jag
899 276 61 26 tager
968 275 42 26 mig

191 305 92 22 friheten
298 306 33 20 att
344 304 80 21 föreslå
439 304 50 21 dess
504 303 145 22 uteslutande.
680 303 45 22 Den
737 305 23 20 är
770 303 32 22 för
806 303 123 22 drakonisk
937 303 33 22 för
978 306 32 19 att

192 334 73 21 kunna
280 333 131 22 sammanstä
426 333 49 21 med
489 333 100 21 nutidens
605 332 94 27 begrepp
708 339 34 15 om
753 332 171 26 medbörgerliga
934 333 75 26 rättig-

191 362 68 22 heter.
289 362 45 26 Jäg
346 362 42 21 kan
404 361 47 22 icke
466 361 57 21 finna
538 360 55 22 hvad
609 362 44 20 rätt
669 367 26 15 en
705 361 98 26 resande,
814 361 85 22 hvilken
908 360 101 22 drabbats

193 390 22 22 af
229 391 36 21 det
280 390 111 28 olycksfall
405 396 46 15 som
466 390 39 20 här
520 392 130 23 omnämnes,
667 389 41 21 kan
723 389 64 22 hafva
801 391 34 20 att
848 390 78 25 fordra,
941 391 33 19 att
984 396 25 15 en

191 418 259 28 lägenhetsinnehafvare,
466 424 46 16 som
527 418 40 21 har
581 418 32 22 sin
629 419 103 25 egendom
749 414 48 36 nära
808 418 138 27 landsvägen,
954 418 55 22 skall

191 448 35 21 vid
243 454 82 19 ansvar,
340 447 36 21 vid
391 448 38 21 bot
444 446 22 22 af
480 448 27 20 20
522 448 67 24 mark,
605 446 112 22 fortskaffa
731 447 77 21 honom
820 447 78 21 vidare.
915 447 43 21 Det
967 447 43 21 kan

191 483 50 15 vara
256 476 31 22 för
303 475 264 28 lägenhetsinnehafvaren
583 482 27 14 en
625 481 37 15 ren
679 475 125 27 omöjlighet
818 477 33 20 att
861 475 149 22 åstadkomma

191 505 83 21 sådant.
288 516 29 4 —
332 504 59 22 Hans
407 504 73 22 hästar
495 504 72 22 kunna
582 510 51 15 vara
647 504 68 25 borta,
733 504 53 22 hans
803 504 92 27 drängar
904 504 70 21 likaså
983 516 25 2 —

191 534 53 21 eller
257 533 103 22 hästarna.
375 532 63 22 hafva
453 535 66 19 annat
533 532 116 26 förhinder,
665 533 119 26 drängarne
795 532 94 22 äfvensä.
906 533 102 26 Paragra-

189 562 37 22 fen
240 563 39 26 gör
293 562 48 21 icke
357 568 37 15 ens
409 562 109 26 undantag
533 561 33 21 för
581 561 77 21 sädant
672 561 178 27 omöjlighetsfall,
862 563 52 20 utan
922 562 88 26 stadgar

191 591 45 21 helt
250 590 72 22 enkelt
337 592 33 20 att
385 590 264 27 lägenhetsinnehafvaren
665 590 54 21 skall
730 589 68 22 skaffa
806 590 53 21 fram
868 590 41 22 den
918 590 90 22 resande

191 620 52 21 eller
257 619 69 28 plikta
341 621 27 19 20
383 619 66 22 mark.
480 619 46 22 Den
541 619 91 22 resande
650 619 42 21 kan
707 619 48 21 icke
771 619 62 22 hafva
847 620 71 21 större
933 619 75 27 rättig-

190 649 61 21 heter
267 651 26 18 än
306 648 135 27 jordegaren.
471 647 33 22 Dä
517 648 129 26 jordegaren
654 647 95 28 fullgjort
759 649 32 20 sin
802 648 121 27 hällskjuts,
932 648 39 21 bör
978 648 30 21 in-

191 679 32 19 tet
237 677 72 21 vidare
324 677 72 21 kunna
410 676 83 21 fordras
509 676 22 21 af
545 677 84 25 honom,
645 676 41 21 och
701 676 40 22 den
757 677 90 21 resande
862 677 36 20 mä
908 676 62 21 träffa
980 677 29 20 öf-

189 704 200 26 verenskommelse,
404 704 55 22 huru
474 704 41 22 han
531 704 50 22 bäst
596 705 49 25 kan,
661 710 33 15 om
710 706 33 20 att
758 704 65 22 blifva
836 704 127 22 fortskaffad
974 705 32 21 till

190 736 64 19 nästa
276 732 129 28 gästgifveri,
427 739 48 15 men
498 733 81 21 sådana
601 739 94 21 grymma
713 732 146 28 förpligtelser
873 733 72 22 kunna
960 733 48 22 icke

189 762 74 21 härom
279 761 125 28 uppställas.

259 790 97 22 Friherre
371 790 97 22 Linder
483 789 102 22 förenade
601 790 32 26 sig
648 790 48 20 med
712 790 49 21 herr
776 790 79 21 Taube.

258 819 55 21 Herr
329 818 208 26 Nordenskiöld,
553 818 52 22 Karl
621 818 71 22 Adolf:
715 818 72 27 Enligt
803 819 41 21 min
861 818 57 28 äsigt
931 820 24 20 är
971 818 37 22 det

189 854 60 16 mera
265 848 82 26 obilligt
362 849 73 20 att'en
451 848 97 26 resande,
564 854 46 15 som
624 847 109 27 begagnar
749 848 46 21 sina
811 854 54 20 egna
875 848 132 27 körredskap

190 877 41 21 och
246 876 63 22 räkar
324 878 24 20 ut
363 876 32 22 för
411 877 37 21 det
463 876 105 22 missödet
583 878 33 20 att
631 876 120 27 redskapen
767 876 28 27 gä
807 876 84 26 sönder,
908 876 52 22 eller
975 879 33 19 att

189 906 78 21 hästen
282 906 99 25 tröttnar,
397 905 48 22 icke
460 905 55 22 skall
531 905 77 22 liksom
623 905 68 21 andra
704 905 92 21 resande
811 904 82 23 erhålla
907 905 7 21 i
930 905 77 27 närlig-

189 934 70 27 gande
280 934 26 28 by
327 934 52 22 eller
399 933 53 28 gård
468 934 77 27 skjuts,
561 933 33 23 för
610 935 32 19 att
656 933 102 22 fortsätta
773 939 62 16 resan
851 934 32 21 till
898 936 109 20 närmåste

189 962 191 28 gästgifvaregård,
397 962 27 22 då
439 962 37 22 det
483 962 42 21 kan
534 969 51 15 vara
594 968 25 16 en
630 968 37 15 ren
676 962 81 28 olycka,
768 968 46 16 som
823 962 91 22 drabbat
922 963 84 26 honom,

190 993 33 19 att
238 990 95 23 åkdonet
348 991 47 27 gått
410 991 88 25 sönder;
515 992 37 20 det
566 990 42 22 kan
623 996 51 16 vara
689 990 71 22 starkt
775 991 40 21 och
831 991 83 27 dugligt
928 991 33 21 för
976 992 30 21 öf-

188 1020 49 26 rigt.
267 1019 77 22 Derför
359 1020 69 20 skulle
441 1019 37 26 jag
493 1019 78 21 föreslå
587 1020 32 20 att
635 1020 68 20 denna
718 1019 96 26 mening:
832 1019 53 26 ,Om
902 1019 40 22 den
954 1020 18 27 ej
984 1022 23 19 är

189 1048 42 21 den
253 1048 102 21 resandes
377 1049 67 26 egen"
468 1047 70 22 skulle
557 1048 57 27 utgå.
643 1047 63 22 Hvad
721 1047 54 22 sista
788 1048 112 27 meningen
916 1048 7 21 i
940 1048 69 21 denna

187 1077 104 27 paragraf
304 1076 101 22 beträffar
425 1075 69 22 skulle
512 1076 37 27 jag
565 1076 68 21 önska
647 1076 42 21 den
704 1076 90 26 ändring
809 1076 6 21 i
831 1077 129 25 densamma,
976 1079 33 19 att

188 1105 144 27 skjutskarlen
348 1105 51 21 eller
415 1105 40 21 den
471 1105 128 26 skjutsande
614 1104 70 22 skulle
703 1105 81 21 erhålla
800 1105 109 27 betalning
924 1105 32 22 för
972 1106 36 21 det

188 1133 163 28 tillryggalagda
366 1133 132 27 vägstycket,
515 1139 34 16 om
565 1133 37 22 det
616 1133 47 22 icke
679 1133 41 21 kan
736 1133 91 26 bevisas,
844 1135 33 20 att
887 1134 42 22 den
939 1134 68 27 skjut-

188 1163 67 21 sande
269 1162 30 27 på
312 1163 67 26 något
394 1163 45 20 sätt
454 1162 54 21 varit
523 1162 66 21 orsak
604 1162 32 21 till
652 1162 124 27 uppehållet
791 1162 52 21 eller
857 1162 92 23 hindret.

255 1191 56 22 Herr
332 1191 105 25 Munck,
461 1191 102 21 Lennart:
586 1190 73 22 Ehuru
679 1191 37 27 jag
735 1190 129 28 fullkomligt
879 1190 80 23 förstår
974 1193 33 20 att

187 1220 71 21 denna.
287 1220 70 27 gamla
386 1220 41 26 lag,
458 1219 67 22 sådan
555 1220 42 21 den
625 1219 60 22 förut
708 1219 61 26 varit,
798 1220 90 21 beaktat
910 1220 26 22 de
962 1222 44 20 öm-

187 1248 78 21 mande
288 1248 190 25 omständigheter,
499 1248 7 20 i
529 1248 72 21 hvilka
615 1254 27 15 en
656 1248 92 21 resande
763 1248 43 21 kan
821 1249 86 20 komma
923 1249 27 20 då
965 1249 41 20 han

187 1277 52 20 utan
261 1276 39 21 sitt
322 1277 50 25 eget
385 1275 132 22 förvållande
532 1276 43 21 blir
589 1275 135 22 urståndsatt
739 1277 33 20 att
786 1276 101 21 fortsätta
902 1277 33 20 sin
950 1283 55 19 resa,

187 1311 63 15 anser
269 1305 38 27 jag
328 1305 8 20 i
358 1304 43 21 alla
422 1303 37 22 fall
473 1306 33 19 att
521 1305 32 20 ett
569 1304 141 27 qvarstående
726 1304 23 22 af
762 1304 69 22 denna
846 1304 101 28 paragraf
959 1305 47 22 icke

186 1333 39 23 bör
241 1340 39 21 ega
295 1340 46 15 rum
356 1333 23 22 af
393 1333 40 21 den
449 1333 70 25 orsak,
535 1335 34 19 att
584 1339 26 16 en
625 1333 91 22 resande
732 1340 34 15 om
782 1333 65 23 också
862 1333 33 23 för
910 1334 50 22 kort
975 1335 31 21 tid

185 1362 97 22 kommer
296 1362 7 21 i
319 1361 127 28 åtnjutande
461 1361 23 22 af
497 1363 70 20 större
583 1363 44 20 rätt
642 1362 32 21 till
689 1363 40 21 den
738 1362 35 21 vid
781 1364 66 25 vägen
857 1363 84 22 boende
946 1363 59 28 jord-

186 1397 90 22 egarens
292 1391 75 22 hästar
382 1393 27 19 än
422 1390 128 28 jordegaren
567 1391 50 27 sjelf
626 1391 50 27 har;
690 1391 43 22 han
742 1391 42 22 kan
795 1391 47 23 icke
853 1391 113 22 underlåta
974 1394 32 20 att

184 1420 72 23 lemna
278 1420 32 21 sin
325 1420 56 27 häst,
402 1426 34 15 om
452 1419 42 22 han
510 1419 62 22 äfven
587 1419 50 29 sjelf
651 1420 100 22 behöfver
767 1421 47 21 den.
844 1421 78 22 Derför
936 1421 69 22 skulle

183 1449 38 27 jag
242 1449 133 22 understöda
397 1448 49 23 herr
468 1448 86 22 Taubes
570 1448 81 28 förslag
667 1451 32 20 att
714 1449 37 22 det
765 1449 68 22 måtte
849 1450 113 22 ankomma
977 1451 27 26 på

185 1479 40 20 den
241 1478 91 21 resande
347 1477 50 28 själf
411 1479 32 20 att
457 1476 112 30 fortskaffa
585 1478 32 26 sig
631 1479 79 20 Vidare.

253 1506 55 23 Herr
323 1505 23 23 af
358 1505 150 24 Forselles:
524 1505 68 24 Äfven
605 1507 38 28 jag
657 1506 33 22 får
704 1506 33 23 för
745 1507 42 22 min
796 1507 35 22 del
838 1507 53 28 yrka
898 1507 29 28 på
936 1507 69 23 denna

184 1535 30 28 $:s
237 1535 108 28 utgående
367 1536 25 22 sä
413 1535 85 28 mycket
512 1541 59 16 mera
587 1542 44 16 som
648 1542 49 15 man
712 1535 23 23 af
748 1537 123 22 densamma
886 1543 52 16 vore
953 1537 51 28 böjd
