1075 1709
213 147 40 20 904
518 144 42 18 Den
572 144 11 17 8
595 144 45 22 Maj.

183 206 49 32 nig
250 209 72 25 såsom
344 210 26 29 af
387 209 147 32 betänkandet
554 209 101 28 framgår,
676 210 90 22 emedan
778 210 40 27 jag
831 209 68 23 hörde
914 201 39 44 till
967 201 41 44 den

183 239 107 34 olyckliga
304 238 138 30 pluraliteten
458 239 44 21 der.
532 238 61 24 Dock
608 240 25 21 är
648 238 37 22 det
699 239 117 27 någonting
832 244 46 16 som
894 240 36 20 rör
943 238 65 27 miei

183 268 50 29 herr
255 267 98 26 Palmöns
376 262 107 34 ytirände,
507 267 106 29 nämligen
636 268 32 21 ett
691 267 71 22 tvifvel
778 269 34 20 om
826 267 106 22 Kuruvida
947 267 59 22 mina

183 296 109 29 uppgifter
308 297 35 27 pä
362 297 146 21 kostnaderna
522 296 33 21 för
570 302 27 16 en
612 295 62 22 skola
689 302 51 16 voro
756 296 84 26 riktigä.
870 296 44 21 Det
928 296 76 27 tyckes

183 325 56 26 ifrån
261 326 49 21 hert
331 324 99 26 Palmöns
452 324 47 22 sida
519 325 70 27 stödja
605 325 33 26 sig
653 325 73 27 derpä,
742 326 32 20 att
787 324 37 28 jag
838 326 69 26 yttrat
921 327 32 19 att
968 325 37 21 två

183 354 61 25 mark
258 354 73 22 femtio
347 353 64 27 peritii
425 360 51 20 vore
491 353 94 27 rundligt
600 354 94 25 tilltaget
708 353 34 21 för
751 354 94 21 timmen.
861 354 42 25 Jag
912 353 91 21 missun-

183 382 40 23 nar
237 382 64 29 ingen
317 382 101 27 gvinnä
406 377 14 38 i
432 382 51 21 våra
498 381 121 22 småstäder
633 381 53 22 eller
700 382 151 25 annanstädes,
863 387 34 15 om
909 381 43 22 hon
961 382 44 21 kan

183 407 24 28 få
225 412 14 20 2
259 411 60 27 mark
338 410 31 22 50
380 409 26 30 p.
418 410 52 22 eller
486 412 12 19 3
513 410 43 22 fast
572 412 12 19 4
599 410 61 21 mark
675 410 7 21 i
697 410 98 26 timmen;
816 410 37 28 jag
868 410 54 21 skall
938 414 67 23 gerna

183 436 53 26 unna
255 440 69 26 henne
341 440 43 24 det,
400 443 48 17 men
462 438 60 22 fakta
537 438 75 22 bevisa
627 438 62 26 dock,
705 440 33 20 att
753 438 42 22 hon
810 439 48 21 icke
872 438 63 22 torde
949 438 56 28 fä'sä

183 468 92 28 mycket.
298 468 102 28 Hennes
422 468 74 24 arbete
515 467 150 22 underkännes
680 467 55 27 icke,
751 474 49 15 men
816 473 102 16 mannens
934 465 72 24 mäste

183 497 76 22 ställas
274 496 73 28 högre,
364 497 89 21 emedan
468 496 42 21 han
526 496 54 22 skall
595 496 92 28 försörja
702 496 32 22 sin
750 496 66 28 fämilj
832 496 41 22 och
888 496 53 22 hans
949 496 56 22 bild-

184 526 119 27 ningsgäng
318 525 33 22 till
370 525 52 28 följd
442 524 23 22 af
478 525 77 27 mänga
570 525 185 27 omständigheter
769 525 48 22 icke
832 525 42 21 kan
890 524 27 28 gä
931 525 34 21 för
979 525 32 21 sä:

184 553 70 29 billigt
269 560 46 16 som
331 560 26 16 en
374 554 96 27 gvinnas.
501 553 44 22 Här
559 553 68 27 gäller
643 554 37 21 det
689 553 228 27 fruntimmersskolor;
934 554 38 21 der
979 556 26 18 är

184 583 92 28 gvinnan
299 582 45 22 ofta
366 588 26 16 en
410 582 72 22 bättre
500 583 108 21 lärarinna
624 584 27 19 än
665 588 99 16 mannen.
793 582 50 22 Men
858 588 29 15 nu
902 582 104 22 förhåller

184 613 37 21 det
243 612 33 26 sig
298 611 31 23 så.
353 613 33 20 att
404 611 38 27 jag
460 611 114 27 ingalunda
594 610 56 22 blott
665 611 28 27 pä
708 611 61 21 detta
784 612 66 25 något
865 611 54 27 högt
933 611 72 21 stälda

183 640 120 27 timarvode
325 640 87 22 baserät
433 640 57 21 mina
508 640 102 27 kalkyler,
626 641 52 20 utan
691 640 38 26 jag
744 639 38 22 har
797 639 68 22 tillika
880 639 123 27 framhällit,

183 671 32 20 att
237 669 161 21 lärotimmarne
414 668 50 22 icke
480 668 69 21 skulle
564 668 27 27 gå
606 668 32 21 till
654 670 61 24 1,110
732 674 34 16 om
782 668 47 22 året
844 668 51 21 eller
911 670 26 20 37
953 674 50 16 vec-

181 699 47 21 kor.
257 698 42 26 Jag
316 700 37 19 vet
370 698 48 20 icke
436 696 70 28 nägon
521 697 70 27 privat
606 697 85 26 anstalt,
708 703 45 16 som
769 703 38 20 ger
822 696 24 22 sä
861 697 78 26 mänga
953 697 50 21 tim-

182 734 53 15 mar.
264 727 43 21 Det
322 728 24 20 är
362 725 66 27 enligt
447 725 109 27 skollagen
571 724 136 23 föreskrifvet
722 725 34 22 för
771 726 26 21 de
813 725 108 28 oflentliga
937 727 65 20 stats-

183 756 107 26 skolorna,
306 760 48 16 men
370 755 27 21 de
412 754 84 27 privata
510 754 101 22 skolorna
626 756 87 24 stängas
730 754 85 28 myeket
826 754 89 27 tidigare
926 754 39 22 och
975 754 28 22 de

182 784 65 29 hafva
261 783 100 28 rundliga
375 783 63 21 ferier
454 785 56 19 samt
524 782 21 22 få
561 782 44 22 ofta
618 782 35 27 lof,
670 783 28 21 dä
713 782 27 22 de
755 782 110 27 offentliga
875 783 127 22 läroverken

181 814 49 22 icke
244 812 64 23 hafva
323 812 44 22 det.
390 811 78 30 Sedan
484 814 24 19 är
523 811 39 22 här
576 814 105 25 upptaget
696 818 26 15 en
738 812 125 27 utgiftspost
872 812 32 22 för
915 817 87 23 gymnä-

182 843 44 27 stik
241 842 72 27 såsom
327 841 117 27 läroämne,
460 841 82 21 hvilket
555 840 48 23 icke
618 840 61 28 ingår
692 840 72 23 såsom
780 841 76 22 sådant
872 843 67 21 ämne.
969 841 33 23 På

182 873 37 22 det
241 872 56 22 viset
318 870 32 22 får
372 876 49 16 man
444 876 95 16 summan
559 871 32 21 att
609 870 56 26 stiga
679 870 32 21 till
728 872 62 25 3,075
806 871 60 21 mark
881 877 38 21 per
934 870 66 22 klass.

180 901 63 23 Hvad
264 900 47 22 åter
322 899 157 22 inkomsterna
498 898 108 27 beträftar,
623 899 24 21 så
662 898 37 28 gaf
710 900 38 26 jag
761 899 34 21 för
810 906 26 14 en
852 899 65 21 stund
933 899 68 22 sedan

181 937 27 15 en
223 930 49 21 litet
287 928 79 27 oriktig
380 928 90 26 uppgift,
486 928 28 21 då
527 928 37 26 jag
579 928 51 21 sade
646 930 33 18 att
694 927 137 27 skolafgiften
845 928 67 21 borde
923 928 76 22 beräk-

180 965 39 15 nas
235 958 7 21 i
258 958 27 21 de
299 957 84 28 privata
398 956 101 22 skolorna
514 956 31 21 till
563 958 39 20 100
617 956 60 21 mark
692 956 78 22 liksom
786 956 54 22 efter
848 956 110 27 skollagen
966 956 35 22 för

181 986 163 23 statsskolornå.
383 985 48 21 Men
448 986 38 26 jag
499 984 54 22 skall
569 985 64 21 ställa
647 984 44 27 mig
705 985 29 27 på
750 985 40 21 den
806 985 133 27 ståndpunkt
953 991 46 15 som

179 1016 108 22 utskottet
303 1014 40 22 och
358 1015 79 25 antaga
452 1016 32 18 att
500 1012 87 28 afgiften
601 1013 35 21 väl
651 1015 25 19 är
691 1015 27 19 80
733 1013 60 21 mark
809 1014 40 21 och
860 1016 63 24 säger
931 1014 27 21 då
966 1016 33 19 att

179 1050 98 16 summan
299 1043 23 22 af
340 1042 118 22 inkomster
477 1042 82 27 uppgår
575 1044 54 19 1440
645 1042 66 26 mark,
727 1042 71 21 såsom
814 1042 109 22 utskottet
935 1042 64 22 äfven

178 1073 115 26 beräknat,
313 1077 49 15 men
376 1070 70 26 äfven
469 1071 27 21 då
518 1071 68 26 stiger
600 1070 48 22 icke
664 1070 40 22 den
719 1070 109 28 behöfliga
842 1070 156 23 subventionen

177 1102 33 22 till
225 1100 66 28 högre
307 1102 27 20 än
351 1101 61 24 1,080
427 1099 60 21 mark
501 1099 33 21 för
548 1099 65 25 klass,
630 1099 24 23 så
669 1101 32 19 att
718 1101 61 23 1,500
794 1100 61 21 mark
870 1100 66 20 borde
947 1104 51 17 vara

178 1130 37 22 det
230 1130 53 23 allra
298 1128 80 28 högsta
392 1134 45 15 som
453 1128 41 21 kan
510 1128 7 20 i
531 1127 60 28 fräga
606 1128 91 26 komma,
717 1128 28 20 dä
761 1128 37 21 det
812 1128 68 27 gäller
895 1129 33 20 att
941 1128 56 27 peti-

176 1159 85 22 tionera
275 1164 35 16 om
325 1156 128 22 subvention
468 1156 32 21 för
515 1158 32 20 ett
562 1156 77 22 sädant
653 1156 106 22 läroverk.
790 1156 66 22 Detta
871 1158 24 20 är
908 1157 43 21 min
965 1156 33 22 öf-

177 1186 120 28 vertygelse
307 1185 46 22 och
368 1186 37 20 vid
420 1185 41 21 den
476 1187 88 19 stannar
576 1185 44 27 jag,
636 1184 88 22 hvarför
735 1185 39 26 jag
788 1191 64 16 anser
866 1186 33 20 att
914 1187 82 25 uttrye-

175 1216 39 22 ket
230 1214 89 28 ,högst*
335 1213 50 22 icke
399 1214 67 20 borde
480 1213 88 28 utbytas
584 1214 58 21 emot
658 1214 135 26 ,omkring*;
816 1220 43 21 nog
874 1215 35 20 vet
924 1216 73 19 staten

175 1244 42 20 hur
230 1244 28 23 högt
290 1243 77 20 staten
378 1237 61 35 skall
458 1241 34 25 gä.

267 1271 34 21 err
320 1268 204 28 Pippingsköld:
547 1268 43 22 Det
609 1270 26 18 är
654 1268 135 28 öfverflödigt
808 1270 33 20 att
855 1269 73 21 vidare
943 1270 54 20 orda

177 1306 35 16 om
233 1298 8 22 i
262 1298 62 26 fråga
345 1298 93 20 varande
460 1297 129 21 understöds
604 1296 83 27 'belopp
702 1297 41 21 och
758 1296 106 22 huruvida
878 1303 48 15 man
942 1298 55 20 skall

177 1325 98 31 begagna
296 1326 110 28 uttrycket
428 1324 131 29 omkring",
583 1324 20 26 yi
622 1324 114 22 medeltal"
758 1325 52 22 eller
827 1342 8 10 ,
840 1325 76 27 högst"
934 1327 63 25 1,500

176 1357 43 23 mk.
248 1355 138 23 Förutsätter
400 1360 48 16 man
462 1366 29 3 —
506 1354 40 22 och
561 1353 38 22 det
608 1353 121 22 förutsätta
743 1354 28 22 vi:
783 1354 29 22 väl
828 1354 117 22 alla
887 1349 14 38 —
910 1354 34 22 att
953 1356 42 26 sty-

176 1384 71 30 relsen
262 1384 116 29 förnuftigt
389 1385 36 20 vet
440 1384 34 20 att
487 1382 56 28 begå
558 1382 69 22 denna
643 1383 44 26 sak,
697 1382 24 22 sä
732 1382 92 28 behöfva
831 1384 24 27 ju
866 1383 50 28 inga
926 1384 68 21 minu-

176 1414 58 28 tiösa
247 1413 161 27 bestämningar
422 1413 76 26 göras.
522 1412 43 21 För
580 1411 65 28 öfrigt
658 1412 96 22 anhåller
766 1412 38 28 jag
820 1413 32 21 att
866 1412 22 22 få
901 1413 51 27 ingå
965 1412 30 28 pä

175 1440 140 30 bemötandet
329 1442 23 22 af
366 1441 107 27 åtskilliga
487 1441 40 21 här
541 1440 75 28 gjorda
630 1441 171 27 anmärkningar.
818 1441 42 26 Jag
870 1448 63 16 anser
940 1442 56 21 tills-

175 1470 74 28 vidare
263 1471 97 23 punkten
378 1470 21 27 a)
415 1470 31 21 uti
466 1470 41 21 den
524 1469 21 22 af
558 1469 43 28 mig
615 1469 121 27 föreslagna:
750 1470 145 22 resolutionen
911 1470 85 27 lämpli-

175 1502 51 29 gare
239 1502 25 21 att
288 1496 86 29 komna
389 1499 69 22 under
472 1498 133 28 omröstning
619 1500 27 20 än
662 1498 41 22 den
719 1498 22 22 af
754 1499 51 21 herr
814 1504 41 16 von
865 1498 87 22 Alfthan
961 1498 34 22 fö-

175 1531 100 26 reslägnä
296 1528 172 26 formuleringen,
491 1527 90 22 emedan
603 1527 8 21 i
629 1527 94 22 nämnda
737 1528 70 27 punkt
821 1534 13 14 a
848 1527 97 27 föreslås,
961 1529 36 26 att

174 1558 116 31 Jyväskylä
313 1557 39 23 cch
372 1556 84 27 Kuopio
477 1556 61 22 skola
557 1556 106 22 hvardera
677 1556 22 21 få
714 1562 27 16 en
756 1556 126 27 fullständig
896 1556 98 22 fruntiin-
