1073 1703
445 106 41 19 Den
498 107 22 17 18
531 107 58 22 April,
834 109 40 21 585

87 172 213 21 kommunalstämma
322 172 81 22 fattade
426 172 78 26 beslut,
524 173 42 20 kan
580 173 37 26 jag
631 172 48 21 icke
694 172 73 26 förstå,
784 173 22 21 af
818 173 86 21 hvilken

89 200 63 22 orsak
173 207 50 15 man
243 201 66 21 borde
332 201 79 26 stadga
432 203 33 20 att
479 201 76 21 besvär
569 201 48 22 icke
632 201 70 21 skulle
717 201 22 22 få
753 207 40 21 ega
808 207 52 20 rum,
876 201 28 22 då

88 229 38 21 det
146 229 67 26 gäller
235 229 133 21 inrättandet
382 229 23 21 af
419 235 26 16 en
460 229 150 27 ölförsäljning.
641 229 57 21 Enär
712 229 104 27 vigtigare
830 229 74 26 frågor

88 257 72 22 kunna
175 258 76 26 dragas
266 258 69 21 under
349 257 167 28 länestyrelsens
532 257 39 22 och
587 259 100 20 senatens
703 258 122 26 afgörande,
837 258 66 21 borde

88 286 224 21 kommunalstämmas
328 286 71 21 beslut
413 286 7 21 i
436 292 25 15 en
477 285 60 27 fräga
557 285 23 22 af
593 286 25 21 sä
633 286 108 27 obetydlig
757 286 147 22 beskaffenhet

89 320 45 15 som
150 315 40 20 den
205 313 146 28 föreliggande
365 314 34 21 väl
415 315 71 20 kunna
500 314 22 21 fä
536 315 129 25 öfvertagas.
695 315 72 21 Skulle
783 315 60 21 detta
856 315 48 21 icke

88 342 117 27 medgifvas
221 342 71 22 kunde
308 343 37 21 det
359 342 42 23 lätt
415 343 76 25 hända,
507 344 32 20 att
555 349 26 15 en
596 343 109 21 minoritet
720 343 31 21 uti
762 349 25 15 en
796 343 107 26 kommun,

89 377 45 15 som
150 371 33 21 vid
200 377 26 15 en
241 370 48 23 litet
303 371 78 21 besökt
395 371 213 21 kommunalstämma
624 378 68 14 vunne
704 372 115 26 pluralitet,
834 371 69 21 skulle

89 399 145 27 genomdrifva
248 400 72 21 beslut
335 406 45 14 som
396 406 51 15 vore
463 399 108 23 stridande
588 402 57 19 emot
655 400 138 21 kommunens
804 400 99 22 intresse.

88 428 42 27 Jag
145 428 38 22 ber
198 430 32 19 att
244 428 21 22 fä
279 428 87 22 förorda
381 428 117 22 utskottets
514 428 142 22 betänkande.

157 457 55 21 Herr
226 463 40 15 von
282 456 120 22 Alfthan:
425 457 42 26 Jag
482 459 23 19 är
520 457 32 21 till
567 463 26 15 en
609 457 35 21 del
659 456 144 22 förekommen
818 456 23 22 af
854 457 50 21 herr

88 485 157 22 Nordenskiöld
268 486 39 21 och
329 485 50 21 ville
401 488 57 18 emot
478 485 39 21 den
534 488 49 18 näst
597 484 128 28 föregäende
741 485 65 21 ärade
822 485 82 21 talaren

89 514 101 21 anmärka
206 516 37 24 att,
261 520 34 16 om
310 520 48 14 man
374 514 69 21 skulle
459 514 95 27 tillämpa
569 514 52 21 hans
631 520 154 21 resonnemang
793 514 111 27 angående

89 544 143 25 guvernörens
254 542 129 27 befogenhet
405 544 34 20 att
463 546 96 23 upptaga
577 543 78 21 besvär
674 542 58 22 öfver
747 542 156 28 ölförsäljnings

89 571 147 27 medgifvande
251 572 28 26 pä
292 571 80 25 landet,
388 571 27 27 pä
431 571 42 21 alla
488 572 65 20 andra
568 571 77 27 frägor,
655 572 24 20 sä
691 572 95 20 kommer
797 578 46 14 man
851 572 53 20 slut-

88 600 57 27 ligen
168 600 80 21 derhän
271 602 33 19 att
325 600 70 21 måsta
414 600 118 22 fränkänna
548 600 77 21 honom
641 600 28 22 all
683 600 221 27 pröfningsrättighet.

88 629 43 21 Det
145 628 68 22 finnes
229 629 46 22 icke
291 629 68 27 nägon
371 629 94 21 särskild
475 629 113 26 anledning
599 631 32 19 att
641 629 123 26 undantaga
775 629 59 22 detta
842 631 62 19 ären-

90 658 32 21 de.
136 670 29 3 —
179 657 75 26 Nägon
276 658 155 26 inskränkning
453 658 7 20 i
482 658 309 26 kommunalmyndigheternas
812 659 44 20 rätt
872 660 32 19 att

90 686 95 22 anordna
200 686 46 22 sina
261 686 186 27 angelägenheter,
465 687 66 21 sädan
547 686 41 22 den
603 686 98 26 stadgats
717 686 8 20 i
739 686 164 21 kommunalför-

88 715 125 26 fattningen,
230 720 51 21 eger
296 715 122 26 derigenom
433 714 47 22 icke
496 722 52 14 rum.
572 714 31 22 En
620 715 83 21 skilnad
714 714 113 22 förefinnes
840 715 63 21 emel-

88 744 35 21 lan
145 743 273 27 kommunalförfattningen
441 743 7 21 i
464 744 47 21 stad
528 744 39 21 och
582 744 28 26 pä
625 744 72 21 landet
713 743 52 26 deri,
781 746 33 19 att
828 744 77 21 besvär

88 772 59 22 öfver
162 772 225 22 kommunalstämmas
402 772 73 21 beslut
489 772 27 27 pä
531 772 72 21 landet
617 772 8 21 i
643 772 42 21 alla
700 772 114 21 händelser
828 772 21 21 få
864 778 41 21 ega

88 807 52 19 rum,
156 800 111 22 hvaremot
282 801 77 21 besvär
374 800 58 22 öfver
448 800 205 27 stadsfullmäktiges
670 800 38 22 och
720 801 183 21 rädhusstämmas

88 829 72 21 beslut
175 830 76 20 endast
269 828 21 22 fä
309 829 91 26 anföras,
422 829 27 21 dä
467 830 94 20 enskilds
575 831 43 19 rätt
634 828 69 22 blifvit
717 830 119 20 törnärmad
852 829 52 21 eller

89 858 27 21 dä
130 858 95 21 beslutet
239 858 47 22 icke
301 858 7 22 i
323 859 49 25 laga
387 858 89 26 ordning
490 858 128 21 tillkommit.
653 857 66 22 Deraf
733 860 32 19 att
779 858 125 27 länestyrel-

88 892 37 16 sen
148 886 119 22 tillerkänts
291 893 26 15 en
339 887 66 21 sädan
427 886 134 27 befogenhet,
584 886 62 28 följer
665 887 114 26 ingalunda
794 888 32 20 att
842 886 63 22 den
891 882 18 36 i

87 915 74 27 hvarje
176 915 36 21 fall
228 915 55 21 skall
298 917 52 25 göra
365 915 55 21 bruk
431 916 60 21 deraf
500 915 39 21 och
550 915 108 27 upphäfva
665 915 239 21 kommunalstämmans

88 944 77 26 beslut,
188 946 52 19 utan
255 944 103 26 naturligt
373 946 30 23 är,
419 946 33 19 att
467 944 41 21 den
523 944 55 21 läter
593 944 94 21 beslutet
702 944 85 27 föregäs
803 943 22 22 af
838 950 25 15 en
880 944 24 21 sä

89 972 96 27 allvarlig
200 972 99 27 pröfning
314 978 45 16 som
375 973 99 20 ärendets
491 972 44 27 vigt
550 972 108 28 förtjenar.

156 1001 55 21 Herr
231 1000 22 22 af
270 1000 140 22 Forselles:
436 1001 41 26 Jag
495 1001 38 21 ber
548 1004 45 18 mot
609 1001 49 21 herr
673 1007 40 15 von
728 1000 86 22 Alfthan
829 1001 22 21 fä
866 1007 38 15 an-

87 1029 74 20 märka
177 1031 32 18 att
224 1029 36 20 det
275 1029 39 21 har
328 1029 67 21 ocksä
409 1028 58 22 förut
479 1029 80 21 funnits
569 1029 81 26 inrymd
661 1029 104 26 rättighet
775 1029 23 20 ät
808 1029 96 21 kommu-

87 1063 41 15 nen
144 1059 32 19 att
191 1057 86 27 inlägga
293 1059 31 20 ett
339 1057 86 22 absolut
439 1059 56 24 veto,
510 1057 106 27 nämligen
632 1057 109 26 angäende
751 1057 121 21 inrättande
883 1056 23 22 af

87 1085 210 27 bränvinsbränneri;
314 1086 73 21 dervid
403 1086 38 21 har
456 1088 131 24 guvernören
602 1085 47 22 icke
665 1085 68 22 häller
748 1092 69 15 annan
827 1086 76 25 rättig-

86 1113 38 22 het
144 1116 26 19 än
185 1116 32 19 att
237 1113 85 23 formelt
340 1113 74 28 pröfva
429 1114 99 21 beslutet.
560 1115 66 20 Detta
641 1120 49 16 vore
706 1114 83 21 således
805 1115 46 20 icke
866 1113 38 22 nä-

87 1145 38 24 got
139 1144 57 25 nytt;
213 1142 36 22 det
264 1149 51 15 vore
331 1143 84 21 säledes
430 1143 56 20 blott
501 1149 34 15 om
545 1143 127 21 kommunen
684 1142 65 22 afslär
759 1142 99 21 anhällan
870 1148 34 16 om

87 1171 146 27 lförsäljning
248 1177 45 16 som
310 1171 37 21 det
360 1170 55 28 finge
430 1171 51 21 bero
496 1171 34 22 vid
545 1172 140 21 kommunens
695 1171 78 24 beslut,
785 1171 74 22 såvida
867 1171 37 21 det

86 1199 92 27 lagligen
194 1199 129 26 tillkommit,
343 1206 48 15 men
407 1200 70 21 denna
492 1205 75 16 senare
583 1200 160 27 omständighet
757 1200 54 27 egde
826 1205 76 21 guver-

86 1230 66 19 nören
171 1229 33 20 att
222 1228 79 27 pröfva.
337 1229 43 21 Det
395 1230 24 19 är
433 1228 117 26 ingalunda
566 1227 71 22 derför
651 1230 33 19 att
696 1228 37 27 jag
749 1234 63 16 anser
826 1234 77 15 sanno-

85 1256 41 22 likt
141 1258 32 20 att
188 1257 155 27 länestyrelsen
359 1257 70 21 skulle
445 1259 56 19 emot
516 1257 140 21 kommunens
672 1257 110 26 samtycke
792 1257 70 21 tillåta
871 1257 32 20 in-

85 1285 110 22 rättandet
211 1285 22 22 af
247 1285 146 28 ölförsäljning
408 1291 46 16 som
467 1285 37 27 jag
518 1285 92 28 päyrkar
625 1285 66 26 detta,
707 1291 49 16 men
771 1286 37 21 det
821 1287 24 20 är
856 1285 48 21 der-

85 1314 33 21 för
138 1316 33 19 att
190 1314 38 26 jag
247 1320 64 15 anser
325 1314 38 21 det
377 1320 52 15 vara
444 1320 26 15 en
486 1315 24 20 sä
525 1313 111 28 sjelffallen
652 1314 39 21 sak
707 1316 32 19 att
753 1314 128 21 kommunen
897 1315 7 20 i

86 1341 70 22 denna
171 1341 34 21 del
221 1342 68 21 skulle
306 1341 119 22 bibehällas
440 1342 35 20 vid
490 1342 32 21 sin
538 1344 50 23 rätt,
605 1344 31 19 att
643 1342 37 26 jag
690 1341 124 27 föredrager
824 1343 32 20 ett
864 1347 39 20 po-

85 1370 60 21 sitivt
166 1369 157 27 lagstadgande
345 1369 86 22 framför
453 1369 163 22 sannolikheten
638 1369 61 22 deraf
720 1371 32 20 att
771 1371 133 25 guvernören

85 1397 47 24 icke
150 1398 68 22 skulle
233 1398 122 22 missbruka
369 1398 32 21 sin
416 1399 50 20 rätt.

152 1427 56 22 Herr
223 1427 96 26 Antell,
337 1427 90 22 Kasten:
443 1426 11 21 I
470 1427 69 22 denna
554 1426 34 22 del
603 1427 41 21 kan
657 1427 38 28 jag
705 1427 47 22 icke
761 1427 85 21 biträda
854 1426 50 23 herr

86 1455 23 23 af
122 1456 114 27 Forselles,
259 1457 52 21 utan
330 1456 85 22 förenar
433 1456 44 27 mig
493 1455 130 28 fullkomligt
637 1462 33 15 om
684 1456 51 21 herr
749 1462 42 16 von
806 1455 98 22 Alfthans

84 1485 111 23 uttalande
211 1485 40 22 och
265 1485 36 22 vill
316 1485 33 22 för
363 1485 43 22 min
422 1485 34 22 del
471 1485 113 28 godkänna
603 1485 153 23 betänkandet.
