1059 1709
404 129 42 30 Den
462 129 10 17 4
486 128 45 24 Maj.
764 130 2 3 '
800 132 42 20 819

53 194 68 28 öfriga
142 194 91 23 stånden
254 195 62 22 fallit.
351 195 43 28 Jag
415 195 118 23 skall'icke
549 195 114 29 uppehålla
677 195 88 23 ståndet
779 196 49 22 med
843 201 28 17 en

52 224 74 27 analys
141 224 23 21 af
177 224 65 22 dessa
256 224 55 26 skäl,
327 224 66 27 enligt
402 223 73 23 hvilka
483 224 138 22 riddarhuset
628 224 107 22 förmenas
743 224 48 22 icke
798 224 73 22 kunna

52 252 96 28 skymma
162 252 159 27 ständerhuset,
341 253 56 21 blott
414 255 49 19 man
479 253 96 21 kommer
588 252 47 22 från
649 257 56 21 norr,
721 252 53 22 eller
787 253 83 21 riddar-

50 281 66 22 huset
129 281 48 22 icke
193 281 69 21 skulle
277 281 74 21 kunna
365 281 69 21 ställa:
444 280 153 23 ständerhuset
610 281 7 21 i
633 282 97 26 skuggan
745 280 28 22 dä
788 281 37 21 det
835 287 34 15 se-

51 315 51 16 nare
116 309 50 22 med
183 311 32 25 15,
231 311 64 25 säger
311 311 25 20 15
351 309 32 22 fot
397 310 84 26 skjuter
495 309 60 22 öfver
567 309 145 22 riddarhuset.
735 308 135 23 Hufvudsak-

50 338 78 27 ligaste
150 338 83 23 bristen
246 338 7 21 i
268 338 147 22 betänkandet
424 337 73 27 ligger
511 338 8 21 i
534 337 43 22 alla
590 337 37 22 fall
643 337 51 27 deri,
710 339 33 20 att
755 343 49 16 man
819 338 50 21 sak-

51 373 39 20 nar
112 367 29 22 sä
158 366 53 28 godt
233 372 47 16 som
301 366 30 22 all
346 366 80 22 faktisk
441 366 114 28 utredning
570 372 34 16 om
618 366 69 28 priset
700 366 33 22 för
747 366 123 27 respektive

51 397 90 21 tomters.
153 395 116 27 inlösning.
298 394 42 28 Jag
355 395 70 22 skulle
439 394 34 23 för
488 395 40 22 den
543 395 64 21 skuld
617 395 80 22 föreslå
705 395 100 21 ärendets
813 395 57 22 äter-

50 423 84 28 remiss,
148 424 34 22 för
197 426 33 20 att
243 424 109 22 utskottet
365 424 8 21 i
387 424 50 22 män
451 423 24 22 af
487 424 56 22 hvad
557 424 60 21 tiden
625 423 117 28 medgifver
749 422 69 23 skulle
825 423 44 22 för-

50 452 68 23 skäffa
140 453 115 27 utredning
275 459 36 16 om
332 452 55 22 hvad
403 453 27 21 de
444 452 124 28 lämpligare
583 454 113 25 tomterna,
712 452 23 22 af
749 452 71 22 hvilka
831 452 42 28 jag

50 484 52 19 utan
124 482 28 21 all
171 482 78 21 tvekan
271 482 75 21 ställer
364 481 77 22 främst
455 482 110 26 gvarteret
578 480 115 23 Tumlaren
707 480 58 22 invid
781 481 88 21 stadens

51 511 109 27 esplanad,
175 510 84 22 komme
274 512 33 20 att
321 510 70 24 kosta,
407 510 41 21 och
462 510 55 21 huru
532 509 77 27 många
623 511 79 20 tomter
711 509 30 28 pä
749 510 60 21 detta
816 509 54 22 eller

51 541 66 19 annat
138 539 98 27 lämpligt
255 538 63 22 ställe
337 538 91 22 behöfva
441 538 87 22 inlösas.
557 538 111 27 Derjämte
683 538 41 22 och
738 538 7 21 i
761 538 108 22 anseende

43 568 79 21 -dertill
137 569 33 20 att
185 568 24 20 sä
223 567 50 22 kort
287 567 32 22 tid
333 570 88 18 numera.
436 566 93 22 återstår
544 567 70 21 skulle
621 567 39 27 jag
667 566 79 22 föreslå
755 568 34 20 att
797 572 25 16 en
831 567 38 21 de-

50 596 95 27 legation
159 596 68 22 mätte
242 595 21 22 fä
277 596 8 21 i
299 596 98 27 uppdrag
412 597 33 20 att
452 595 113 22 förbereda
573 596 66 21 saken
646 596 33 21 till
687 597 64 20 nästa
758 596 111 26 landtdag,

51 625 58 27 eller,
126 631 34 16 om
176 625 25 21 sä
214 624 87 28 pröfvas
316 625 104 27 lämpligt,
436 624 104 22 definitivt
553 624 92 22 besluta.
675 624 39 22 Att
728 624 67 27 nägot
810 626 59 20 stän-

51 654 79 22 derhus
145 653 70 23 skulle
230 653 64 22 innan
309 656 64 19 nästa
387 653 146 22 ständermöte
547 653 33 21 fäs
600 653 33 21 till
648 653 64 21 ständ
725 653 64 22 torde
803 653 67 27 knap-

50 684 51 26 past
113 689 51 15 vara
178 682 88 28 möjligt.
297 682 10 21 1
323 682 42 21 alla
380 682 113 22 händelser
511 684 65 25 väger
591 682 148 26 önskligheten
754 681 23 22 af
790 683 33 20 att
837 684 34 19 tre

51 712 24 21 är
82 711 66 22 förut
162 711 85 22 komma
261 711 7 21 i
285 710 126 28 åtnjutande
425 710 22 22 af
460 710 110 22 förmånen
585 710 23 22 af
621 712 33 20 ett
668 712 134 25 gemensamt
812 712 59 20 stän-

52 734 79 37 derhus:
143 734 117 37 fjäderlätt,
277 740 28 21 dä
320 739 37 22 det
371 740 62 26 tages
443 739 7 21 i
460 739 143 22 betraktande
614 740 33 20 att
655 738 152 23 ständerhuset
815 739 55 21 skall

52 768 102 28 uppföras
169 768 33 22 för
217 774 26 16 en
259 768 134 27 obegränsad
407 767 92 27 framtid,
514 767 85 23 hvarför
613 774 50 15 man
671 768 48 22 icke
729 768 62 22 torde
798 768 73 21 kunna

52 798 92 21 tillmäta
158 797 71 22 denna
243 797 160 26 omständighet
417 796 72 27 nägon
504 796 107 28 synnerlig
626 797 51 27 vigt.

119 826 56 22 Herr
196 826 209 27 Pippingsköld:
430 825 45 21 När
487 826 38 27 jag
539 826 50 21 hört
604 825 41 22 den
660 825 129 27 föregäende
804 824 66 22 ärade

52 855 95 21 talarens
166 854 136 27 andragande
323 854 32 22 till
369 853 50 27 slut,
435 853 26 22 sä
475 860 51 15 vore
539 854 37 27 jag
591 856 77 19 nästan
681 853 71 27 färdig
767 855 33 20 att
815 853 56 22 afstä

51 884 47 21 från
114 883 67 27 ordet,
197 884 22 26 ty
233 884 28 20 dä
275 883 54 21 hans
344 882 94 28 yrkande
453 882 49 28 gick
516 884 25 20 ut
554 883 29 27 pä
597 884 33 20 att
645 883 24 21 R.
685 888 20 16 o.
714 882 25 22 A.
747 882 48 22 icke
802 882 69 22 måtte

51 912 49 22 med
116 912 100 22 afseende
232 912 13 21 å
260 912 75 26 anslag
350 918 51 15 vara
414 911 33 22 för
463 917 102 21 sparsam,
581 911 32 22 för
627 911 164 27 hushällsaktig,
807 911 24 22 sä
847 912 24 20 är

51 941 44 22 min
109 941 57 27 äsigt
180 940 89 22 alldeles
285 941 130 21 densamma.
444 940 49 22 Men
509 940 27 22 dä
549 940 66 22 likväl
625 940 42 21 den
676 939 130 28 föregäende
816 940 55 22 tala-

51 976 39 16 ren
111 970 82 27 pästär,
215 971 33 20 att
266 970 25 21 R.
308 976 19 15 o.
343 970 32 26 A.,
395 969 49 22 dess
459 968 220 22 riddarhusdirektion
694 969 76 26 skulle,
787 974 33 16 om
833 969 38 27 jag

51 999 49 22 icke
119 999 114 27 misstager
254 998 44 27 mig
319 998 29 27 pä
366 998 120 27 uttrycken,
501 998 127 22 försummat
643 998 27 21 de
685 998 68 27 öfriga
767 998 104 21 ständens

51 1029 49 23 rätt,
117 1028 29 21 dä
160 1028 41 21 den
217 1027 28 27 pä
260 1027 42 21 den
317 1027 75 27 grund,
407 1032 46 16 som
468 1026 69 22 blifvit
551 1026 97 22 tilldelad
663 1026 43 22 alla
715 1026 46 28 fyra
771 1026 99 26 ständen,

51 1056 77 28 begärt
149 1058 34 20 att
196 1055 23 22 få
234 1056 71 27 bygga
322 1062 43 21 upp
381 1055 60 22 detta
455 1055 120 26 riddarhus,
591 1056 24 21 sä
630 1057 45 19 tror
690 1055 40 22 och
745 1055 75 27 påstår
832 1055 39 27 jag

52 1086 98 25 tvärtom,
166 1086 33 20 att
214 1084 69 22 denna
297 1084 222 22 riddarhusdirektion
526 1084 47 27 just
580 1083 155 28 handlat
672 1079 9 36 i
693 1083 39 28 alla
741 1084 47 27 fyra
795 1084 75 21 ständs

51 1114 100 21 intresse.
181 1114 46 21 Den
243 1114 32 20 tid
290 1113 27 21 dä
332 1113 96 21 ansökan
443 1118 34 16 om
494 1114 33 20 att
540 1112 22 22 fä
576 1112 91 27 uppföra
681 1112 61 22 detta
756 1112 115 22 riddarhus

52 1142 81 22 stäldes
152 1142 32 21 till
199 1142 59 22 Hans
277 1142 41 21 M:t
337 1141 41 22 och
395 1141 84 22 landets
495 1141 96 28 styrelse,
607 1143 46 19 tror
665 1142 38 26 jag
717 1140 48 22 icke
780 1140 92 28 mängen

52 1172 82 26 vägade
155 1171 44 21 tala
221 1177 34 15 om
278 1171 27 21 de
319 1170 47 27 fyra
383 1170 102 22 ständens
501 1170 138 27 rättigheter;
662 1176 49 15 men
726 1170 28 21 dä
769 1170 25 20 R.
811 1176 19 15 o.
845 1170 25 21 A.

52 1200 94 26 begärde
166 1199 33 21 för
218 1199 33 27 sig
262 1198 98 22 tillstånd
375 1200 33 20 att
421 1198 23 21 få
459 1198 41 21 den
515 1202 159 23 gemersamma
685 1200 82 20 tomten
783 1198 40 21 och
839 1200 33 19 att

52 1228 68 27 derpä
141 1227 91 28 uppföra
253 1229 32 19 ett
299 1227 48 26 hus,
369 1227 26 21 sä
411 1233 38 15 var
465 1227 60 21 detta
540 1233 26 15 en
581 1226 94 22 indirekt
688 1226 134 28 påminnelse
837 1232 35 16 om

52 1256 104 27 landtdag
176 1256 39 22 och
237 1256 98 26 Ständer,
356 1256 41 21 och
411 1255 33 22 för
459 1256 69 21 denna
543 1255 106 21 indirekta
663 1254 132 28 päminnelse
810 1255 62 21 torde

53 1285 27 21 de
95 1285 68 27 öfriga
177 1284 92 22 stånden
284 1284 53 22 böra
351 1284 58 21 hålla
418 1280 31 25 R.
465 1290 19 15 o.
499 1284 26 21 A.
539 1284 97 26 räkning.
655 1284 50 21 Men
719 1283 34 21 för
767 1284 34 20 att
815 1283 57 22 äter-

53 1313 28 27 gä
94 1314 33 20 till
140 1313 88 27 frägan;
244 1312 62 22 äiven
316 1313 38 27 jag
368 1312 68 22 finner
450 1312 44 26 mig
509 1312 48 22 icke
573 1312 134 27 synnerligen
720 1311 152 22 tillfredsstäld

53 1341 23 21 af
89 1342 102 20 Servalen
207 1341 40 21 och
263 1341 52 25 säge
330 1347 66 19 gerna
411 1340 126 26 afgörandet
551 1340 132 26 uppskjutet.
713 1340 50 20 Man
773 1340 40 20 har
823 1340 49 21 med

53 1369 102 21 afseende
176 1369 13 21 &
212 1369 89 21 motivet
322 1368 33 21 för
377 1368 134 26 placeringen
532 1367 22 21 af
568 1369 32 19 ett
613 1367 107 21 blifvande
735 1368 136 25 ständerhus,

53 1397 103 21 särskildt
170 1397 57 21 velat
242 1397 53 21 söka
310 1403 27 15 en
351 1396 64 27 plats,
430 1396 35 21 vid
475 1396 86 21 hvilken
571 1396 120 21 Alexander
700 1396 40 20 II:s
751 1396 56 25 stod,
818 1402 55 21 upp-

52 1428 46 21 rest
112 1426 23 22 af
147 1426 49 22 hela
214 1426 79 26 landet,
310 1425 69 21 skulle
393 1424 58 22 finna
466 1426 32 20 ett
512 1424 85 27 värdigt
611 1430 46 16 rum
672 1423 33 23 för
719 1424 44 27 sig;
779 1430 48 16 men
835 1424 38 28 jag

54 1457 38 20 vet
105 1455 49 22 icke
169 1460 34 16 om
219 1461 26 15 en
260 1454 68 22 sädan
342 1454 75 22 funnes
432 1454 96 21 hvarken
542 1453 40 21 här
595 1453 88 22 framför
696 1453 137 22 riddarhuset
841 1453 32 22 el-

54 1484 34 22 ler
102 1484 73 28 längre
191 1483 53 22 fram
259 1484 7 20 i
282 1482 107 23 Servalen.
419 1482 42 22 För
477 1482 69 22 denna
563 1482 50 22 stod
626 1482 64 22 torde
706 1482 49 22 icke
765 1481 58 23 finnä
833 1482 39 22 nä-

54 1519 42 21 gon
110 1519 69 16 annan
194 1513 25 21 sä
233 1512 74 27 värdig
321 1512 64 27 plats,
401 1517 46 16 som
463 1510 86 23 Senats-
565 1510 40 22 och
620 1513 56 19 ännu
691 1510 68 23 hällre
775 1510 96 23 Salutor-

55 1544 44 26 get.
128 1542 43 22 Det
185 1548 38 16 var
239 1542 37 22 der
291 1540 68 23 folket
374 1540 47 22 frän
435 1540 43 22 alla
493 1540 128 22 landsändar
632 1541 49 21 sent
690 1540 28 28 pä
729 1540 84 27 gvällen
821 1542 52 20 vän-
