1073 1703
432 129 41 19 Den
487 131 21 16 18
520 130 58 23 April.
826 133 39 20 591

80 194 62 23 hafva
157 194 43 23 löst
216 195 32 21 sin
268 195 84 28 uppgift
366 196 6 20 i
389 195 69 23 denna
473 196 66 26 fråga.
569 196 50 22 Icke
634 197 65 21 minst
713 196 125 22 föranledde
854 197 43 27 mig

78 224 33 21 till
127 224 60 21 detta
202 224 100 27 yttrande
318 225 68 21 denna
403 226 25 19 12
445 226 17 25 &,
480 226 37 20 der
533 225 36 21 det
583 226 54 20 talas
653 231 34 15 om
697 226 105 20 värdshus
815 226 23 27 på
851 226 46 20 lan-

80 252 41 21 det.
152 252 43 22 Det
217 252 39 21 har
276 253 55 21 varit
354 259 26 15 en
402 254 46 20 stor
470 253 151 27 bristfällighet
643 253 6 21 i
664 253 38 21 vår
716 254 132 27 lagstiftning
864 255 33 19 att

78 281 67 26 några
160 280 132 27 stadganden
308 281 75 21 härom
399 281 39 21 alls
454 282 48 20 icke
516 282 80 20 funnits
612 282 48 20 med
671 282 110 26 undantag
795 282 23 20 af
830 283 67 25 några

79 309 59 21 äldre
160 308 256 28 bränvinsförfattningar,
437 309 71 21 hvilka
526 310 47 21 icke
588 316 59 15 mera
662 312 37 19 äro
715 310 105 26 gällande,
836 310 39 21 och
889 310 8 20 i

79 337 69 21 hvilka
165 338 36 21 det
216 337 56 21 blott
286 338 7 20 i
312 337 138 26 förbigående
465 338 54 21 talas
535 343 33 16 om
584 338 103 21 värdshus
703 339 28 26 på
745 338 80 21 landet.
855 338 43 26 Jag

78 367 45 20 tror
138 367 33 20 att
186 365 24 22 så
225 365 125 22 beskaffade
363 366 141 25 inrättningar
520 367 131 26 småningom
662 367 71 27 börjat
742 366 65 22 blifva
818 368 32 20 ett
860 367 36 20 be-

78 393 39 22 hof
130 395 7 20 i
152 394 48 22 vårt
214 394 50 21 land
280 395 39 20 och
336 394 68 22 skulle
420 394 72 22 derför
506 395 47 22 icke
569 395 49 27 vilja
633 395 105 27 medgifva
753 395 70 26 någon
839 395 57 26 slags

77 423 154 27 inskränkning
243 423 6 20 i
258 424 68 21 denna
334 424 20 25 $.
371 423 148 26 Gästzifvarne
528 426 36 19 äro
573 424 66 26 enligt
647 424 122 21 nuvarande
779 423 115 22 förhällan-

79 452 40 21 den
136 452 65 22 också
216 452 71 21 stälda
302 452 64 21 isvår
373 452 127 27 belägenhet
509 453 39 21 och
557 454 82 20 utsatta
647 452 33 22 för
688 453 43 21 åtal
741 452 54 22 inför
805 452 93 22 domstol

78 480 33 22 för
126 481 79 26 olaglig
227 481 145 26 utskänkning
389 481 29 26 på
438 481 68 26 grund
524 481 22 22 af
560 483 32 20 att
607 481 26 21 de
649 481 47 22 icke
712 481 55 28 gjort
783 481 115 26 tillräcklig

79 509 127 22 distinktion
222 510 89 21 emellan
328 510 26 21 de
370 512 73 24 gäster
458 515 45 16 som
519 509 91 22 infunnit
625 510 38 27 sig.
687 510 42 21 Det
743 509 67 22 finnes
826 516 29 15 nu
864 509 34 22 för

79 538 59 22 tiden
154 538 6 21 i
177 538 107 26 åtskilliga
298 538 126 21 kommuner
439 538 121 27 torgdagar,
571 538 227 22 kreatursmarknader
809 539 40 21 och
860 545 37 14 an-

79 567 38 21 dra
132 566 103 27 tillfällen,
253 567 27 20 då
296 568 68 19 större
382 567 108 26 menighet
505 567 96 21 kommer
616 567 113 22 tillstädes.
759 567 61 21 Flere
836 567 22 21 af
871 567 26 20 de

78 595 93 22 resande
187 596 77 20 samlas
280 595 28 27 på
324 595 210 27 gästgifverigården,
552 598 50 19 utan
618 598 32 19 att
665 596 37 21 det
717 597 24 20 är
751 601 26 16 en
787 595 111 27 möjlighet

78 624 33 21 för
126 623 144 28 gästgifvaren
286 625 32 20 att
334 623 79 27 afgöra,
429 623 72 22 hvilka
516 631 45 14 som
576 624 89 21 kommit
679 624 48 21 med
737 624 77 27 skjuts,
826 624 72 21 hvilka

79 655 37 19 äro
139 652 131 22 främmande
290 652 52 22 eller
357 653 184 21 hemmavarande.
571 653 32 20 De
619 653 52 21 sitta
685 653 35 21 vid
737 658 81 16 samma
832 652 64 27 bord;

80 682 22 20 åt
118 681 40 21 den
174 687 40 15 ena
230 683 24 19 är
268 681 42 21 han
326 681 122 26 berättigad
466 683 32 19 att
514 681 57 27 gifva
587 682 31 20 ett
633 682 45 26 glas
694 681 27 25 öl,
737 681 22 21 åt
775 681 40 21 den
831 681 67 21 andra

78 710 54 22 icke.
163 709 66 22 Detta
243 709 67 22 borde
326 711 68 30 rättas
410 709 40 22 och
466 710 71 21 derför
552 710 69 22 skulle
634 710 38 27 jag
686 711 104 20 motsätta
804 710 44 26 mig
860 708 37 22 fri-

78 739 62 21 herre
156 738 90 22 Wredes
261 738 84 27 förslag.

146 767 56 21 Herr
217 767 135 21 Mechelin:
369 766 39 24 Om
424 773 48 15 man
486 766 77 27 jämför
578 767 69 21 denna
664 769 25 19 12
705 768 13 25 8
733 767 49 21 med
799 768 11 19 6
822 767 10 25 8
843 766 7 21 i
859 767 38 21 nå-

79 796 48 26 diga
142 796 173 26 propositionens
336 795 80 27 förslag
435 795 32 21 till
482 795 122 27 förordning
620 795 110 27 angående
745 795 151 27 utskänkning,

79 824 24 21 så
118 824 67 21 finner
200 830 48 15 man
264 824 124 27 visserligen
404 830 26 14 en
446 824 84 21 skilnad
545 824 7 21 i
567 824 144 26 affattningen.
735 824 9 21 I
759 824 79 26 nådiga
848 830 49 20 pro-

78 853 121 26 positionen
215 853 61 20 heter
292 853 44 21 det:
354 847 31 29 A
400 852 106 22 värdshus
521 853 28 26 pä
564 853 80 26 landet,
660 858 46 16 som
721 853 48 21 med
784 852 115 21 vederbör-

77 881 41 27 ligt
140 880 98 22 tillstånd
260 881 100 21 inrättats
375 880 33 22 för
423 880 197 22 tillfredsställande
635 880 23 22 af
671 880 102 22 trafikens
789 880 70 23 behof,
874 882 25 20 är

78 909 146 26 utskänkning
240 909 22 21 af
275 910 47 20 vin"
340 916 18 14 o.
375 915 16 15 s.
407 915 19 14 v.
442 909 7 21 i
460 910 118 20 utskottets
589 909 136 21 betänkande
734 910 47 20 åter
791 909 25 25 ,ä
824 909 73 21 värds-

77 938 41 20 hus
133 938 28 26 på
176 937 79 26 landet,
271 944 46 15 som
332 938 34 21 för
380 937 197 22 tillfredsställande
593 938 21 20 af
627 937 102 22 trafikens
746 936 66 23 behof
824 936 70 22 finnas

77 966 128 26 inrättade,"
222 972 19 15 0.
257 972 17 15 s.
290 973 18 14 v.
329 966 43 21 Det
386 972 63 20 synes
465 966 72 21 såsom
553 966 66 22 också
634 966 26 21 de
676 966 22 21 af
711 966 109 21 utskottet
834 972 62 20 qvar-

77 995 97 21 lemnade
191 995 65 21 orden
271 994 72 22 kunde
358 994 116 27 borttagas,
491 997 22 25 ty
528 994 47 22 icke
591 996 78 25 utgöra
684 994 26 22 de
725 994 66 27 något
800 994 97 27 lagstad-

78 1023 76 26 gande.
185 1023 40 21 Om
240 1023 69 27 någon
325 1023 90 21 inrättar
430 1025 32 19 ett
477 1023 111 26 värdshus,
605 1023 39 21 och
661 1023 59 22 detta
736 1023 93 26 lagligen
840 1023 55 25 sker,

78 1054 23 18 är
117 1051 37 22 det
169 1051 56 22 klart
240 1051 32 22 för
288 1051 79 22 enhvar
382 1051 32 21 för
428 1051 82 22 hvilket
525 1051 98 22 ändamål
639 1051 36 22 det
690 1052 56 21 sker.
767 1051 34 21 Nu
817 1051 27 21 då
860 1057 34 15 or-

78 1080 41 21 den
134 1080 93 27 qvarstå,
244 1083 24 18 är
283 1081 42 25 det,
342 1086 46 15 som
404 1086 31 15 om
451 1075 35 38 man
516 1080 49 21 ville
580 1087 77 20 genom
673 1081 46 21 dem
734 1079 162 22 karaktärisera

78 1110 32 20 ett
125 1109 55 21 visst
195 1109 46 26 slag
256 1109 21 21 af
292 1109 110 21 värdshus.
432 1109 43 21 Äro
492 1111 14 19 t.
524 1115 31 15 ex.
572 1109 26 21 de
614 1109 105 21 värdshus
735 1115 45 15 som
791 1107 67 22 finnas
869 1107 29 28 pä

78 1137 137 28 Punkaharju
236 1138 40 21 och
296 1138 80 21 Imatra
394 1137 107 21 inrättade
520 1137 33 22 för
572 1137 102 22 trafikens
689 1137 67 22 behof
770 1137 51 21 eller
836 1137 60 20 icke?

78 1166 42 21 För
135 1165 102 22 trafikens
253 1166 65 21 behof
331 1166 91 20 inrättar
436 1172 48 14 man
498 1166 115 26 järnvägar
627 1172 46 15 men
689 1166 48 21 icke
751 1165 113 21 värdshus.

145 1194 56 22 Herr
216 1193 23 22 af
251 1194 140 21 Forselles:
414 1194 41 26 Jag
470 1194 116 26 medgifver
600 1194 129 27 riktigheten
746 1193 23 22 af
782 1193 49 22 herr
849 1193 46 21 Me-

79 1222 79 22 chelins
182 1223 140 26 anmärkning
338 1223 87 25 derhän,
442 1224 32 19 att
489 1222 70 24 denna
573 1222 116 27 stilisering
704 1222 88 27 ingifver
807 1222 86 24 tanken,

79 1253 33 19 att
134 1251 37 21 det
192 1257 51 16 vore
266 1253 33 19 ett
314 1251 100 21 särskildt
430 1251 46 26 slag
492 1251 23 21 af
527 1251 111 21 värdshus.
669 1252 64 20 Detta
749 1252 25 20 är
789 1250 66 22 ocksä
868 1250 30 26 pä

79 1282 44 19 sätt
146 1280 39 21 och
208 1280 30 21 vis
262 1280 66 26 fallet,
344 1281 22 25 ty
381 1286 48 15 man
444 1280 39 20 har
498 1280 57 21 inom
569 1280 107 21 utskottet
691 1279 90 22 kommit
796 1281 33 19 att
843 1285 54 21 upp-

77 1309 143 21 märksamma
235 1309 41 21 den
292 1308 159 26 omständigbet
466 1310 32 20 att
514 1309 69 26 någon
598 1309 106 26 procedur
719 1308 32 22 för
764 1308 134 21 inrättandet

78 1337 22 20 af
113 1337 105 21 värdshus
238 1338 28 25 pä
285 1337 74 21 landet
378 1337 48 20 icke
445 1336 67 21 finnes
530 1338 7 19 i
552 1337 35 25 lag
602 1337 103 21 bestämd.
735 1337 32 20 De
783 1336 112 26 värdshus,

78 1370 45 16 som
137 1364 29 27 pä
180 1364 72 22 landet
268 1365 98 25 existera,
382 1363 63 22 hafva
460 1364 98 27 uppstätt
573 1364 32 21 till
619 1364 53 27 följd
687 1364 45 21 dels
743 1364 22 21 af
769 1364 126 27 järnvägar-

78 1399 44 20 nes,
140 1393 45 21 dels
202 1393 22 22 af
238 1393 142 27 ängbätarnes
396 1391 66 23 behof
476 1393 40 21 och
532 1393 41 21 alla
589 1393 26 22 de
631 1393 67 27 öfriga
713 1394 36 20 äro
759 1393 24 21 sä
791 1392 53 27 godt
852 1397 46 16 som

78 1421 158 28 gästgifverier,
253 1428 34 15 om
302 1428 48 15 man
365 1421 135 28 undantager
516 1421 25 22 de
557 1421 23 22 af
592 1421 50 22 herr
657 1421 105 22 Mechelin
777 1421 94 22 nämnda
886 1421 13 21 å

77 1451 137 28 Punkaharju
230 1451 39 22 och
285 1451 67 26 några
367 1451 66 21 andra
442 1450 21 22 få
474 1451 87 24 ställen;
577 1451 107 26 åtskilliga
696 1450 144 28 länestyrelser
850 1449 47 22 lära

78 1480 72 21 härtill
165 1480 110 27 medgifvit
295 1480 104 27 rättighet
419 1481 32 19 att
470 1479 50 22 idka
534 1479 185 22 värdshusrörelse
734 1479 29 28 på
778 1479 26 22 de
820 1478 22 22 af
855 1479 43 26 mig

77 1516 29 15 nu
122 1509 94 28 antydda
232 1509 97 27 ställena,
345 1515 47 15 men
408 1508 72 28 någon
495 1509 64 26 laglig
571 1509 68 26 grund
647 1508 71 22 härtill
729 1509 62 21 torde
801 1508 48 21 icke
858 1507 40 22 fin-
