1059 1703
226 135 44 21 802
528 150 2 2 .
542 133 42 19 Den
596 134 11 17 4
618 133 45 24 Maj.

202 199 41 22 och
257 200 77 26 genom
349 198 70 23 denna
432 194 105 38 riktning:
544 194 51 38 rakt
607 199 23 22 åt
644 204 51 18 norr
708 199 32 22 till
755 198 130 28 Suonenjoki
900 199 70 27 skulle
985 200 35 28 sju

202 226 149 29 församlingar
364 228 87 21 komma
464 228 8 21 i
487 227 73 23 direkt
572 228 101 26 beröring
687 228 49 22 med
747 228 117 27 jernvägen
872 228 54 22 eiter
936 228 83 26 mindre

197 256 257 27 -kanaliseringsarbeten,
476 255 73 23 hvilka
565 257 79 26 utgöra
659 256 57 22 blott
730 262 26 16 en
771 256 36 25 del
821 256 23 25 af
856 256 50 26 hela
921 256 38 22 det
972 257 46 24 vid-

202 284 75 29 lyftiga
298 284 273 28 kanaliseringsförslaget.::
601 284 50 26 Men
670 285 28 22 dä
710 285 38 27 jag
761 285 49 22 icke
824 285 104 27 betviflar,
944 287 33 20 att
991 292 27 15 en

202 313 53 23 linie
268 313 246 28 Etseri—Jyväskylä—
529 313 31 23 St.
575 309 80 27 Michel
670 312 44 23 förr
728 313 52 22 eller
795 319 77 20 senare
880 314 97 22 kommer
986 314 34 22 till

200 342 67 21 stånd
279 342 44 22 och
338 342 28 21 dä
381 342 27 21 de
422 342 161 28 upplysningar,
596 347 47 17 som
659 342 68 25 blifvit
745 338 96 36 lemnade
850 348 39 18 ;om
907 343 115 21 sannolika

202 370 116 27 tillgångar
332 370 33 23 för
378 369 100 23 framtida
490 370 227 28 jernvägsbyggnader
730 370 7 22 i
748 370 78 26 landet
835 377 27 17 ur
870 371 148 24 kommunika-

197 398 147 28 *tionsfonden,
368 399 52 26 göra
440 399 36 22 det
491 399 127 27 troligt,
587 393 38 37 att
632 399 174 23 stambanenätet
820 399 7 22 i
842 400 33 24 sin
889 400 76 25 helhet
976 400 44 23 kan

200 427 87 22 utföras
299 427 58 22 mom
369 427 157 28 jämförelsevis
538 428 53 22 kort
605 427 38 26 tid,
658 427 26 22 sä
698 427 90 22 förlorar
803 427 70 23 denna
887 429 133 26 omständig-

201 456 40 22 het
254 456 33 22 uti
307 456 52 27 vigt,
381 458 23 25 ty
426 456 96 22 kommer
538 456 118 28 jernvägen
670 455 84 28 engång
768 457 33 21 att
815 457 27 27 gå
857 456 32 23 till
904 456 116 28 Jyväskylä

202 485 40 22 och
266 485 27 22 de
307 484 122 28 föreslagna
443 485 259 26 kanaliseringsarbetena
716 484 47 23 från
777 485 85 24 Keitele
884 485 34 22 till
932 485 89 28 Päijäne

202 514 85 21 komma
300 513 33 22 till
347 513 70 27 stånd,
434 513 28 22 då
476 516 38 19 äro
529 509 63 26 äfven
606 513 100 27 samtliga
720 513 52 23 eller
788 513 129 23 åtminstone
927 513 95 23 flertalet

202 542 23 22 af
237 542 66 22 dessa
317 542 91 22 socknar
422 542 29 27 på
465 542 44 22 lika
525 544 53 20 nära
592 542 44 22 håll
650 541 101 23 förenade
767 542 48 22 med
826 542 92 28 jernväg
933 543 35 21 vid
982 542 38 28 Jy-

201 570 95 28 väskylä,
311 576 47 16 som
374 570 27 22 de
416 570 69 22 skulle
505 570 65 22 blifva
585 571 37 22 det
636 576 76 21 genom
728 577 26 15 en
767 571 91 27 jernväg
872 571 35 23 vid
923 570 97 23 Suonen-

200 599 52 27 joki.
280 598 44 28 Jag
338 605 64 16 anser
415 599 44 27 mig
474 598 72 23 derför
560 599 48 22 icke
624 599 52 22 böra
686 599 72 22 vidare
769 601 85 25 strängt
863 600 58 21 hålla
929 600 29 27 på
966 600 54 22 Suo-

201 627 159 28 nenjokilinien,
375 627 28 22 då
416 628 71 21 Jorois
504 627 100 28 erbjuder
614 628 108 26 åtskilliga
729 628 92 22 fördelar
828 628 87 22 framför
923 628 98 22 Suonen-

200 656 46 27 joki
262 656 40 22 och
316 656 37 22 vill
366 656 37 27 jag
417 656 133 22 understöda
560 656 119 22 utskottets
690 656 136 23 betänkande
836 656 132 26 beträffande
978 656 43 23 den

202 684 109 27 sträckan,
325 684 28 21 så
367 684 85 27 mycket
466 691 60 15 mera
540 690 47 16 som
599 684 37 27 jag
651 687 24 19 är
689 683 49 23 fullt
753 684 127 28 öfvertygad
892 691 34 19 om
937 687 33 20 att
978 685 42 22 den

201 713 9 21 i
224 713 42 22 alla
281 712 38 22 fall
334 713 70 21 skulle
418 712 64 22 vinna
496 713 98 21 ståndets
609 712 115 27 pluralitet.
937 730 46 7 bs

270 741 58 22 Herr
341 741 207 26 Nordenskiöld,
564 741 53 21 Karl
631 740 74 23 Adolf:
722 741 29 22 Så
765 740 64 23 framt
842 741 46 23 mitt
900 735 120 36 framstälda

201 769 82 28 förslag
298 776 35 15 om
347 769 196 28 bansträckningen
558 769 32 22 till
606 769 129 28 Suonenjoki
750 769 48 22 icke
813 770 74 21 vinner
901 770 119 21 understöd

202 798 26 22 så
242 798 70 23 skulle
325 798 38 27 jag
377 798 27 22 be
414 800 34 19 att
461 797 22 22 få
491 797 75 23 förena
575 798 45 27 mig
628 798 50 21 med
688 798 50 22 herr
747 804 42 16 von
799 798 87 22 Alfthan
897 798 79 26 derom,
987 800 33 20 att

202 827 70 22 banan
288 826 55 23 ifrån
358 827 31 22 St.
405 827 78 21 Michel
497 827 33 22 till
545 827 81 22 Jokkas
641 827 67 22 borde
723 827 29 27 gå
765 827 8 22 i
788 833 26 15 en
828 827 67 27 något
906 827 115 28 vestligare

201 855 101 28 riktning,
318 858 28 19 än
361 855 41 22 den
417 861 47 16 som
482 856 108 21 utskottet
604 855 117 27 föreslagit.

270 884 57 22 Herr
342 883 92 28 Spåre,
449 884 100 21 Walfrid:
564 884 42 27 Jag
621 884 69 21 måste
705 883 108 28 verkligen
829 884 98 27 beklaga,
938 885 33 20 att
986 885 35 20 så-

202 913 56 22 dana
272 913 150 22 missförstånd
440 913 86 26 uppstå,
546 914 22 27 ty
584 912 67 28 enligt
665 913 43 21 min
723 912 135 27 uppfattning
874 913 40 21 och
929 912 22 22 af
963 913 57 22 hvad

200 941 38 28 jag
251 941 73 22 kunde
338 941 56 22 fatta
408 941 24 22 af
444 941 41 22 den
500 941 55 22 sista
570 941 156 26 diskussionen,
740 941 109 22 förefaller
864 941 37 22 det
915 941 43 27 mig
972 941 48 28 tyd-

201 971 45 26 ligt,
262 972 34 19 att
309 976 50 15 man
374 969 121 22 diskuterat
510 976 35 15 om
559 970 118 21 företrädet
692 969 90 23 emellan
798 969 41 22 den
850 971 60 20 östra
918 970 52 22 eller
978 971 43 20 den

202 998 171 23 österbottniska
390 999 77 20 banan.
502 999 43 26 Jag
563 998 73 22 kunde
649 998 48 22 icke
712 999 8 20 i
734 998 68 27 något
815 998 123 22 hänseende
954 999 67 20 tänka

201 1027 44 27 mig
266 1029 34 19 att
320 1026 121 22 Davidstad
459 1026 72 22 såsom
553 1026 162 27 utgångspunkt
729 1026 25 22 så
770 1025 104 23 definitivt
889 1026 70 22 blefve
974 1027 47 20 bin-

201 1055 78 23 dande.
308 1055 35 22 Då
358 1055 27 22 de
398 1054 87 28 förslag,
499 1055 39 28 jag
552 1055 47 22 haft
613 1057 52 19 äran
679 1055 125 26 framställa,
820 1054 64 23 hafva
898 1055 123 23 företräden

200 1084 88 22 framför
310 1084 71 21 banan
403 1083 32 22 St.
450 1083 227 22 Michel--Davidstad
692 1084 28 27 på
735 1083 46 22 skäl
796 1089 47 16 som
855 1084 39 27 jag
907 1083 47 22 haft
968 1085 52 21 äran

201 1112 85 28 angifva
301 1112 40 22 och
356 1113 28 21 då
400 1113 37 21 det
451 1111 93 28 framgår
559 1113 59 21 såväl
633 1111 23 22 af
661 1112 279 27 jernvägskommissionens
948 1113 72 21 berät-

201 1142 62 27 telse,
280 1148 46 15 som
342 1141 66 22 också
423 1141 23 21 af
458 1141 120 22 utskottets
593 1141 144 26 betänkande,
746 1140 108 23 äfvensom
863 1141 23 22 af
892 1140 128 28 föregående

200 1170 141 27 landtdagars
354 1169 139 28 protokoller,
509 1171 33 20 att
556 1169 144 22 bansträckan
712 1169 91 22 emellan
811 1169 118 23 Davidstad
938 1170 40 21 och
987 1169 31 22 St.

200 1199 79 22 Michel
294 1199 70 22 skulle
378 1198 65 22 blifva
458 1205 27 15 en
500 1199 85 26 mycket
599 1199 50 21 svår
664 1199 40 21 och
718 1198 98 22 kostsam
824 1198 70 21 del
874 1194 15 36 —
904 1198 50 27 (den
965 1198 55 22 skall

200 1228 141 26 genombryta
356 1233 26 15 en
397 1229 47 20 stor
458 1227 31 25 ås,
506 1227 38 22 der
559 1229 36 19 äro
610 1227 51 21 kärr
675 1227 40 22 och
730 1228 109 25 moras—)
855 1227 40 22 och
912 1227 28 21 då
950 1227 71 21 dertill

199 1255 51 22 hela
265 1255 71 22 denna
350 1255 64 26 trakt,
431 1255 70 21 banan
510 1255 69 21 skulle
590 1255 134 26 genomlöpa,
733 1257 23 19 är
767 1261 26 15 en
803 1255 85 26 mycket
896 1255 48 21 litet
952 1255 66 21 befol-

200 1282 43 23 kad
255 1283 106 26 landsdel,
376 1283 26 21 sä
416 1283 70 21 skulle
498 1283 38 27 jag
550 1282 71 23 tillåta
635 1283 45 26 mig
694 1285 57 21 ännu
766 1284 34 20 att
807 1285 52 24 göra
868 1283 88 21 ståndet
966 1289 53 20 upp-

199 1312 119 22 märksamt
331 1311 30 28 på
376 1311 41 22 den
432 1311 186 28 omständigheten
633 1312 33 20 att
680 1317 35 16 om
730 1317 50 15 man
794 1311 67 22 också
870 1311 39 27 går
917 1311 59 21 öfver
986 1311 33 21 Si-

201 1341 63 27 mola,
279 1341 81 22 Imatra
374 1340 41 22 och
430 1339 103 22 Puumala
548 1339 53 23 eller
616 1339 59 23 öfver
690 1339 84 25 Simola,
790 1340 80 22 Imatra
886 1339 40 22 och
933 1339 87 28 Nyslott

200 1376 44 22 upp
267 1369 33 22 till
312 1368 78 27 Jorois,
412 1368 25 22 så
452 1368 107 28 aflägsnar
572 1374 49 16 man
637 1369 33 27 sig
684 1368 48 22 icke
747 1368 135 28 synnerligen
897 1368 61 27 långt
971 1367 48 22 från

178 1408 4 1 +
200 1398 32 23 8t.
248 1398 85 23 Michel.
371 1398 83 22 Genom
469 1399 33 20 att
516 1398 28 22 de
558 1398 44 27 mig
616 1396 123 28 föreslagna
752 1397 62 23 linier
829 1397 69 22 blefve
913 1396 105 29 betydligt

206 1430 79 24 Örtare,
300 1428 42 22 har
358 1433 50 16 man
422 1429 52 19 utan
494 1428 70 20 större
578 1427 118 22 kostnader
712 1433 26 16 en
753 1426 113 28 möjlighet
881 1428 33 20 att
928 1426 92 28 indraga

200 1457 32 22 St.
254 1456 79 22 Michel
354 1456 8 21 i
381 1457 71 20 denna
469 1456 92 26 ledning.
591 1456 75 21 Denna
680 1456 79 22 bibana
772 1455 55 22 ifrän
841 1455 82 22 Jokkas
938 1455 33 22 tiil
986 1456 32 21 St.

199 1485 79 23 Michel
293 1485 71 22 skulle
377 1484 49 22 icke
440 1484 65 22 blifva
518 1490 60 16 mera
593 1487 27 18 än
636 1486 26 20 32
678 1484 13 21 &
706 1486 27 21 33
748 1486 60 19 verst
817 1484 40 21 och
868 1490 34 15 om
913 1484 66 21 också
986 1484 32 21 St.

199 1514 79 23 Michel
294 1514 122 27 derigenom
432 1513 56 28 finge
502 1513 49 22 litet
565 1513 75 27 längre
657 1515 41 24 väg
713 1519 39 21 per
765 1513 96 27 jernväg,
877 1513 25 21 sä
916 1518 50 21 vore
978 1513 42 21 det

198 1543 80 22 kndast
300 1549 26 16 en
341 1542 111 28 tidsfråga.
486 1542 110 22 Bandelen
612 1541 31 22 St.
658 1541 303 23 Michel-Heinola—Lahtis
973 1541 45 22 mä-
