1075 1700
406 122 41 18 Den
460 123 20 16 25
493 122 58 22 April.
818 118 38 19 651

71 181 92 22 minuter
178 181 27 27 pä
221 183 92 25 versten,
330 182 72 22 derest
417 182 47 23 icke
480 182 93 22 menföre
588 181 121 23 föranleder
724 182 32 22 till
771 184 33 19 att
814 182 73 27 längre

71 210 30 22 tid
116 210 103 22 behöfver
233 211 114 21 användäs.
650 220 2 2 :

139 239 56 21 Herr
216 245 41 15 von
279 238 120 22 Alfthan:
423 240 107 21 Eftersom
548 240 61 26 fräga
625 246 34 15 om
674 239 56 21 ökad
746 238 142 27 farhastighet

72 273 27 15 nu
116 273 25 15 en
157 267 56 27 gäng
229 267 68 21 blifvit
315 268 66 20 väckt
394 268 41 20 och
451 268 23 21 R.
492 274 18 15 o.
526 268 24 21 A.
566 268 65 22 redan
647 268 97 21 beslutat
759 269 32 20 att
806 268 82 20 minska

72 295 108 21 afständet
202 296 89 31 emellan
311 295 182 27 gästgifverierna,
514 299 57 19 emot
585 296 55 21 hvad
656 296 108 22 utskottet
777 296 112 26 föreslagit

72 324 48 21 med
143 324 49 21 hela
206 323 42 22 fem
271 326 64 24 verst,
360 324 24 22 sä
405 325 36 21 vill
461 325 38 27 jag
515 324 33 22 för
562 325 42 21 min
620 325 35 21 del
670 324 132 22 understöda
817 325 37 21 det
868 324 22 22 af

72 352 49 22 herr
135 352 105 22 Järnefelt
255 355 74 19 senast
343 354 79 21 väckta
436 353 109 27 förslaget,
557 354 55 21 dock
620 354 47 21 med
676 354 103 21 förbehåll
786 355 34 19 att
828 355 60 25 tyng-

72 382 41 21 den
135 381 66 27 något
219 381 102 27 minskas,
338 388 34 15 om
387 381 47 23 icke
449 382 7 21 i
471 382 118 28 fullkomlig
603 382 223 22 öfverensstämmelse
840 382 49 22 med

72 410 108 21 komiténs
193 410 142 26 betänkande,
353 411 67 27 enligt
434 411 80 22 hvilket
529 412 56 21 blott
598 418 26 14 en
634 411 90 22 fullväxt
732 418 80 20 person
820 412 70 20 skulle

72 438 22 22 få
108 438 71 22 färdas
202 438 55 23 efter
279 445 26 16 en
323 439 51 21 häst
385 440 67 27 jämte
467 440 124 27 skjutskarl,
607 439 26 22 sä
647 439 131 22 åtminstone
793 439 55 22 efter
863 439 27 22 de

74 467 216 27 vigtsbestämningar
305 472 46 17 som
367 468 38 21 der
423 467 136 23 förekomma.

141 495 57 22 Herr
219 495 101 27 Munck,
336 496 104 22 Lennart:
466 497 44 22 Det
523 497 101 27 yrkande,
640 503 45 15 som
701 497 86 26 gjordes
804 496 21 22 af
840 496 51 22 herr

74 531 41 15 von
130 524 86 21 Alfthan
232 525 59 21 såväl
307 525 55 22 hvad
378 525 94 22 ökandet
484 525 23 22 af
519 525 137 27 hastigheten
671 531 47 16 som
733 525 67 22 också
814 531 76 16 senare

75 553 61 33 delen
152 559 33 15 om
201 553 119 28 minskning
339 553 7 22 i
361 554 72 27 vigten
448 553 107 27 beträffar,
572 553 96 23 anbåller
680 554 38 27 jag
733 555 33 20 att
780 554 22 21 få
816 553 75 22 förena

131 588 41 15 om.

142 610 55 22 Herr
212 610 146 26 Järnefelt,
376 610 82 26 Gustaf,
476 612 145 21 understödde
628 611 50 21 herr
685 617 42 16 von
738 611 98 21 Alfthans
847 610 41 22 för-

75 639 46 27 slag
136 644 34 16 om
185 639 121 27 minskning
321 638 23 23 af
356 640 78 26 vigten.

142 668 34 21 Då
198 668 149 22 diskussionen
370 674 34 15 om
419 668 25 28 $$
460 670 27 20 28
502 669 40 21 och
557 670 26 20 29
599 668 87 22 härmed
703 668 104 26 slutförts,
823 667 69 23 öfver-

74 696 109 22 lemnades
199 696 32 22 till
246 697 98 21 ständets
360 696 133 23 besvarande
509 698 54 21 efter
577 697 120 21 hvarandra
711 697 93 27 följande
814 698 78 20 tvänne

75 725 302 27 ormröstningspropositioner
392 726 110 26 angående
518 727 63 21 dessa
595 726 130 27 paragrafer,
740 726 118 26 nämligen:

144 754 43 26 1:0)
203 754 42 21 den
260 760 45 15 som
321 754 125 26 godkänner
462 756 26 20 28
504 756 13 25 $
532 756 6 20 i
554 755 119 21 utskottets
688 754 137 22 betänkande
835 753 56 23 oför-

74 783 81 21 ändrad
170 783 71 20 röstar
253 783 32 27 ja;

142 811 74 21 vinner
231 812 40 26 nej,
288 811 169 22 äterremitteras
472 811 125 27 paragrafen
613 812 32 20 till
656 811 108 21 utskottet
774 811 7 20 i
792 810 100 22 afseende

76 840 13 20 å
104 839 155 27 omredigering
278 840 96 25 sålunda,
394 842 33 19 att
441 840 61 22 deraf
516 840 104 27 tydligare
635 840 67 21 måtte
717 839 83 27 framgå
814 841 32 19 att
861 839 31 21 uti

76 868 41 21 den
132 868 113 22 bestämda
259 868 152 27 minimivigten
427 868 61 22 äfven
504 869 60 27 ingår
579 869 26 21 de
621 868 101 22 resandes
732 868 99 22 lefvande
841 868 50 26 vigt,

75 897 71 21 såsom
169 896 40 23 ock
225 898 32 20 att
272 896 64 22 bland
352 898 27 21 de
394 898 90 21 resande
499 903 131 21 personerna
644 897 130 21 inberäknas
788 897 103 26 tjenarne,

75 926 100 26 antingen
191 925 26 22 de
233 926 119 27 tjenstgöra
367 925 71 23 såsom
454 926 80 22 kuskar
548 926 53 22 eller
615 926 54 26 icke,

143 954 85 22 hvilken
243 954 133 28 proposition
391 954 130 22 besvarades
535 955 48 22 med
599 954 155 27 öfvervägande
770 954 45 27 nej;
836 955 57 20 samt

144 982 44 28 2:0)
205 983 40 21 den
261 990 45 15 som
321 984 126 26 godkänner
462 986 26 19 29
504 983 11 27 $
530 984 7 20 i
552 983 118 22 utskottets
685 983 137 22 betänkande
836 982 56 22 oför-

76 1012 88 26 ändrad,
175 1013 74 27 röstar
261 1012 32 27 ja;

144 1041 74 21 vinner
233 1041 40 26 nej,
289 1041 169 21 återremitteras
473 1040 124 28 paragrafen
614 1040 32 21 till
661 1040 107 22 utskottet
781 1040 33 21 för
824 1046 64 15 omre-

76 1069 96 27 digering
187 1069 98 27 sålunda,
301 1070 33 20 att
351 1069 169 27 farhastigheten
535 1070 40 21 kan
592 1069 52 21 ökas
660 1070 6 20 i
682 1069 104 21 händelse
798 1068 95 21 menföre

77 1098 18 27 ej
111 1098 97 21 inträffar
227 1098 40 21 och
291 1098 93 28 tyngden
398 1098 48 21 icke
462 1098 82 27 uppgår
559 1098 32 21 till
605 1098 38 21 det
658 1098 32 21 uti
705 1099 28 19 28
748 1098 14 25 &
777 1097 116 21 omordade

77 1126 163 27 maximibelopp
453 1132 2 2 :

144 1161 34 16 om.
193 1155 86 22 hvilken
293 1155 133 27 proposition
440 1156 96 25 votering
551 1155 110 23 anstäldes
677 1161 46 16 som
738 1154 61 22 utföll
808 1154 48 21 med
867 1156 24 19 14

74 1185 24 26 ja
112 1184 41 21 och
167 1185 27 20 26
210 1183 40 28 nej.

145 1212 46 22 Och
207 1212 55 22 hade
277 1212 91 22 sålunda
383 1213 23 21 R.
424 1218 19 15 o.
459 1212 24 21 A.
496 1213 98 21 beslutat
609 1213 33 21 att
652 1212 31 21 till
694 1212 108 21 utskottet
812 1211 81 21 äterre-

77 1241 86 22 mittera
177 1241 27 26 8$
218 1243 28 20 28
261 1241 40 22 och
317 1243 26 20 29
360 1241 7 21 i
382 1241 61 22 ofvan
459 1241 92 28 antydda
566 1241 76 28 syften.

146 1270 172 22 Sammanträdet
339 1269 81 23 afbröts
436 1269 52 22 härä
502 1270 91 21 klockan
608 1272 33 19 tre
657 1269 54 22 efter
726 1269 121 27 middagen,
862 1267 33 22 för

78 1300 32 20 att
124 1298 92 22 klockan
231 1305 37 15 sex
284 1298 47 22 äter
345 1298 118 22 fortsättas.

147 1430 46 22 Den
215 1430 29 27 pä
263 1429 145 27 förmiddagen
424 1429 100 23 afbrutna
536 1428 155 27 behandlingen
707 1428 23 22 af
743 1429 154 21 sammansatta

78 1460 45 27 lag-
139 1459 40 23 och
200 1458 219 23 ekonomiutskottets
439 1457 136 23 betänkande
590 1458 49 21 med
653 1458 115 26 anledning
783 1456 23 23 af
819 1457 78 27 nädiga

79 1488 161 28 propositionen
255 1488 111 27 angående
386 1487 108 23 ordnande
509 1486 24 22 af
544 1486 195 28 skjutshällningen
754 1486 40 22 och
808 1486 89 28 gästgif-

79 1518 98 23 verierna
190 1516 113 24 fortsattes
317 1517 7 23 i
340 1516 38 23 det
392 1516 10 29 $
418 1518 26 21 30
460 1516 23 23 af
495 1515 152 29 författningen
660 1515 119 28 föredrogs.
