1048 1709
405 138 42 18 Den
460 140 21 16 12
493 138 59 24 April.
818 136 41 20 527

136 200 35 21 Då
184 200 65 28 ingen
263 199 91 22 vidare
348 194 12 38 i
369 198 76 28 frågan
460 199 97 22 önskade
571 200 59 27 yttra
640 200 39 26 sig,
690 199 52 22 aflät
751 199 51 23 herr
811 200 82 22 Landt-

67 228 137 22 marskalken
218 228 33 22 till
266 227 99 22 ståndets
380 227 133 21 besvarande
529 234 27 15 en
570 228 26 20 så
609 227 92 28 lydande
715 228 145 26 proposition:

136 256 48 22 Den
206 262 46 16 som
272 256 126 26 godkänner
412 255 191 27 borgareståndets
618 262 30 15 nu
662 256 128 27 föredragna
805 256 87 28 inbjud-

67 285 51 27 ning
132 286 73 20 röstar
220 285 32 27 ja;

67 340 47 23 N
135 313 75 21 vinner
232 313 42 27 nej,
295 312 106 23 vidhåller
421 312 26 21 R.
471 318 20 16 o.
513 312 25 22 A.
561 312 39 22 sitt
621 311 59 23 förut
702 312 7 22 i
724 312 67 23 saken
806 313 86 22 fattade

82 343 62 21 eslut.

135 370 77 22 Denna
226 369 135 28 proposition
374 369 131 22 besvarades
520 369 51 22 med
581 369 88 22 allmänt
676 370 30 27 ja,
716 370 32 22 till
755 369 52 29 följd
814 370 81 22 hvaraf

68 399 25 21 R.
116 405 19 16 0.
151 399 25 21 A.
198 399 50 21 med
265 398 131 28 frängäende
412 397 23 22 af
448 398 39 22 sitt
502 398 91 27 tidigare
607 398 8 22 i
629 398 75 28 frägan
720 398 83 23 fattade
817 399 76 22 beslut.

66 427 86 23 förenat
167 427 33 28 sig
215 428 7 21 i
237 426 192 28 borgareständets
444 427 78 22 beslut.

135 484 57 22 Herr
213 484 209 22 Landtmarskalken
445 484 85 27 företog
551 484 53 22 härä
626 484 34 22 till
682 484 131 28 behandling
829 484 63 22 Hans

68 514 106 21 excellens
197 513 233 27 generalguvernörens
453 512 113 22 skrifvelse
589 512 23 22 af
632 513 42 21 den
698 514 35 26 ?/,,
749 513 59 22 Mars
824 514 68 26 angä-

68 542 54 22 ende
137 542 35 21 val
187 542 23 21 af
223 542 139 27 deputerade,
379 548 25 15 en
420 541 47 22 frän
482 541 74 28 hvarje
566 542 70 26 ständ,
647 542 33 21 för
690 544 34 19 att
734 542 111 22 öfvervara
852 542 39 22 de-

67 577 36 16 ras
118 570 139 28 Majestäters
272 570 92 28 kröning
378 570 7 22 i
401 570 90 22 Moskva
505 570 41 22 och
561 570 142 28 tillkännagaf
715 571 76 22 härvid
806 572 34 20 att
854 577 38 16 en-

66 600 41 28 ligt
121 598 247 23 talmanskonferensens
384 599 72 22 beslut
470 599 81 27 förslag
565 600 85 21 komme
657 594 39 38 att
707 600 7 21 i
722 600 101 27 samtliga
831 600 61 22 stän-

67 628 41 22 den
124 629 78 21 väckas
218 634 34 16 om
268 630 33 20 att
314 629 61 21 utom
390 634 27 16 en
436 628 118 28 deputerad
567 628 80 28 jämväl
662 630 49 20 utse
727 631 80 19 tvänne
823 634 68 22 supp-

66 658 90 25 leanter,
181 657 157 23 öfverlemnade
359 657 50 22 herr
431 657 208 22 Landtmarskalken
656 663 30 15 nu
702 658 23 20 ät
740 658 24 21 R.
781 664 19 15 o.
817 658 24 21 A.
858 660 35 19 att

66 688 60 26 yttra
140 687 34 26 sig
189 686 59 22 öfver
261 686 70 22 denna
345 685 67 28 fråga,
429 686 108 22 äfvensom
553 686 105 22 huruvida
676 686 89 22 ståndet
774 686 68 22 ville
832 681 11 37 i
857 686 34 22 sin

67 715 74 23 helhet
156 715 54 21 eller
224 721 76 21 genom
316 714 47 22 sina
378 714 83 22 valmän
477 714 117 22 verkställa
609 715 60 21 detta
683 715 40 21 val.

136 744 31 22 Pä
181 744 95 27 begäran
291 743 110 22 lemnades
416 744 54 21 härä
485 744 62 21 ordet
562 744 22 22 ät

135 773 51 21 herr
200 772 93 26 Taube,
309 778 47 15 som
370 773 95 26 yttrade:
480 772 41 27 Jag
536 772 33 22 fär
582 772 112 22 vördsamt
701 772 80 22 föreslä
788 774 33 20 att
831 772 61 22 stän-

68 801 36 21 det
119 801 7 21 i
142 801 33 21 sin
190 801 74 21 helhet
277 800 69 22 måtte
361 801 57 27 välja
433 800 33 22 sin
481 801 119 27 deputerad
620 801 40 21 och
674 801 55 21 hans
745 801 146 27 suppleanter.

66 830 38 22 Uti
127 829 123 22 ständerval
269 830 41 21 har
325 829 89 22 ständet
429 830 126 27 visserligen
572 829 138 22 öfverlemnat
725 829 23 22 ät
763 830 128 22 valmännen

67 860 33 21 att
114 858 93 28 fullgöra
221 858 69 26 valen,
310 865 49 15 men
379 859 28 21 dä
421 858 140 22 förevarande
576 858 80 22 ärende
671 859 48 21 icke
734 861 25 19 är
773 861 33 20 ett
820 859 71 21 landt-

67 888 141 27 dagsärende,
231 888 68 21 borde
315 887 89 22 ståndet
426 888 108 27 bibehålla
556 888 34 22 sin
605 888 105 27 rättighet
724 889 34 20 att
772 887 50 28 sjelf
835 888 8 20 i
858 888 34 22 sin

66 916 74 23 helhet
158 916 63 28 välja.

134 945 57 22 Herr
206 945 105 26 Munck,
327 945 26 21 K.
368 945 35 21 F.:
425 944 94 23 Alldeles
535 951 51 16 ense
602 944 49 22 med
665 945 50 21 herr
730 945 74 21 Taube
820 944 73 22 skulle

64 974 38 28 jag
116 974 91 26 likvisst,
224 973 27 22 dä
265 973 83 22 kanske
363 980 26 15 en
405 976 47 19 stor
467 974 34 22 del
517 974 23 22 af
546 974 27 22 de
582 974 134 22 närvarande
723 973 169 22 medlemmarne

65 1003 49 22 icke
128 1002 65 22 hafva
207 1002 56 22 varit
276 1002 96 22 beredda
385 1002 30 27 pä
429 1003 66 27 något
505 1003 79 22 sådant
594 1003 34 21 val
640 1002 50 28 vilja
696 1001 82 23 föreslå
787 1004 33 20 att
827 1004 65 20 ären-

66 1032 38 22 det
122 1032 116 21 bordlades
253 1031 32 21 till
300 1032 63 21 nästa
377 1031 94 27 plenum.

134 1060 56 22 Herr
206 1060 155 26 Schauman,
376 1060 94 26 August:
485 1060 43 27 Jag
541 1060 85 21 förenar
640 1060 44 26 mig
694 1059 50 22 med
754 1058 50 23 herr
814 1059 77 21 Taube

67 1094 35 16 om
125 1090 33 20 att
172 1088 88 22 ståndet
283 1088 134 22 omedelbart
432 1088 69 22 skulle
516 1088 74 22 skrida
605 1088 32 21 till
652 1087 34 22 val
702 1088 41 21 och
758 1088 38 21 det
812 1090 56 18 ännu
882 1088 8 20 i

67 1117 70 22 denna
159 1117 48 27 dag,
230 1118 26 26 ty
276 1116 91 22 ärendet
381 1116 40 22 har
435 1117 55 21 varit
504 1118 105 26 upptaget
623 1117 29 27 pä
666 1116 98 22 ständets
779 1115 111 27 föredrag-

65 1146 121 26 ningslista,
209 1146 40 20 och
262 1146 38 26 jag
318 1147 37 20 vet
369 1145 49 21 icke
431 1145 58 22 hvad
503 1152 47 16 som
565 1145 70 22 skulle
650 1144 77 22 hindra
742 1146 32 20 att
790 1150 29 16 nu
834 1144 57 22 slut-

65 1174 48 22 föra
128 1175 125 21 detsamma.

134 1202 57 22 Herr
205 1202 204 28 Pippingsköld:
429 1202 43 26 Jag
486 1202 39 22 ber
538 1201 23 23 få
575 1202 141 28 understödja
730 1201 51 22 herr
795 1200 94 22 Muncks

65 1231 81 27 förslag
161 1238 35 15 om
210 1230 158 28 bordläggning
382 1230 34 22 till
430 1233 63 19 nästa
510 1230 88 28 plenum
613 1230 41 23 och
669 1232 33 20 att
716 1229 58 23 valet
788 1229 56 23 först
861 1229 31 22 dä

66 1260 70 22 skulle
151 1260 46 22 ske.

133 1289 57 21 Herr
204 1288 191 27 Montgomery:
410 1288 43 27 Jag
467 1288 39 22 har
521 1288 48 22 icke
584 1288 24 22 L.
625 1288 24 21 O.
666 1287 102 22 tillhands
783 1286 41 22 här
838 1292 50 16 men

66 1318 38 20 det
118 1317 70 22 skulle
202 1316 98 22 förefalla
319 1316 49 27 mig,
389 1322 46 16 som
451 1322 33 16 om
499 1317 70 26 nägon
584 1316 100 22 bestämd
699 1316 105 26 rättighet
819 1317 34 19 att
866 1314 25 22 fä

65 1350 28 16 en
107 1344 61 27 fråga
183 1345 105 26 bordlagd
303 1345 19 26 ej
338 1344 71 22 skulle
424 1345 72 20 kunna
509 1345 109 26 tillämpas
633 1345 29 26 pä
670 1350 26 15 en
707 1344 68 20 sådan
785 1343 102 25 valfråga,

64 1373 30 27 pä
108 1373 86 21 hvilken
210 1373 97 21 ständets
323 1372 120 21 ledamöter
457 1372 62 27 länge
534 1373 57 21 varit
611 1372 95 22 beredda
721 1372 40 21 och
777 1377 46 15 som
840 1370 50 22 icke

64 1402 40 21 har
118 1401 71 28 nägon
204 1401 112 27 riksvigtig
331 1400 154 22 beskaffenhet.
514 1401 43 27 Jag
576 1400 69 22 skulle
660 1400 51 27 vilja
725 1398 115 23 hemställa
855 1398 33 22 till

65 1430 27 22 de
106 1430 121 22 ledamöter
241 1436 46 16 som
298 1425 68 59 jr
379 1429 30 28 pä
423 1429 163 28 bordläggning,
601 1435 35 16 om
652 1429 26 22 de
692 1428 49 22 icke
756 1427 71 23 skulle
838 1427 52 28 vilja

64 1458 76 28 frångå
156 1459 60 22 detta
231 1459 38 22 sitt
283 1458 102 28 yrkande.

132 1488 57 22 Herr
203 1488 203 28 Pippingsköld:
421 1487 43 28 Jag
479 1487 42 22 kan
536 1487 111 23 föreställa
661 1486 43 29 mig
712 1488 33 20 att
752 1486 24 22 L.
786 1486 25 22 0.
820 1486 70 27 knap-

64 1520 50 26 past
129 1518 67 22 afsett
211 1519 33 21 ett
258 1516 79 23 sådant
351 1516 38 22 fall
405 1516 40 23 och
460 1517 39 22 ber
507 1516 23 22 få
540 1516 94 23 vidhålla
642 1517 50 21 mitt
704 1515 186 28 understödjande

64 1546 23 23 af
98 1546 105 28 förslaget
218 1552 35 16 om
270 1546 163 28 bordläggning.
