1061 1703
221 141 40 21 166
305 123 3 3 —
535 139 42 18 Den
588 139 11 17 2
611 138 44 23 Maj.

193 210 41 21 gen
249 204 73 22 vidare
336 204 43 23 kan
394 204 154 27 åstadkomma,
563 204 35 21 mä
612 203 59 22 finna
684 203 33 23 för
732 203 118 27 Uleåborgs
866 203 35 22 län
916 203 40 22 och
964 203 45 22 lan-

194 233 37 23 det
245 233 7 21 i
268 232 33 22 sin
316 232 73 22 helhet
403 233 122 27 lämpligast
540 232 40 22 och
594 232 171 27 fördelaktigast.

261 262 57 21 Herr
332 261 23 22 af
366 261 143 22 Forselles:
526 262 33 21 Dä
570 261 38 27 jag
622 260 36 22 vid
672 260 57 22 förra
743 260 87 28 plenum
840 260 93 27 begärde
941 260 70 22 denna

193 289 71 29 frägas
279 290 162 27 bordläggning,
457 296 63 16 anser
532 290 38 28 jag
584 290 43 26 mig
642 289 83 28 skyldig
739 291 33 20 att
786 290 49 21 med
849 289 68 28 nägra
927 289 38 22 ord
976 291 34 20 ut-

193 319 45 21 tala
252 319 43 22 min
309 318 142 28 uppfattning.
481 319 43 22 Det
538 318 63 22 torde
615 318 49 22 icke
678 318 73 22 kunna
765 318 67 22 nekas
847 320 33 20 att
895 319 41 21 den
946 317 23 23 af
976 325 35 15 re-

193 347 109 28 geringen,
325 347 29 28 pä
375 349 74 20 senast
462 346 129 23 församlade
606 347 99 22 ständers
720 346 100 22 anhällan
835 347 101 22 nedsatta
950 347 60 22 kom-

192 376 117 22 missionen
331 375 67 28 inlagt
420 382 27 15 en
467 377 46 20 stor
527 375 99 28 förtjenst
648 375 34 22 vid
698 373 123 28 utförandet
842 375 22 22 af
878 376 37 21 sitt
930 375 80 28 vigtiga

192 411 50 16 men
256 404 117 27 ingalunda
393 405 56 21 lätta
470 405 102 26 uppdrag.
607 404 171 22 Kommissionen
793 403 40 22 har
847 403 117 28 frambragt
978 405 33 21 ett

193 434 44 23 rikt
250 433 98 22 material
363 439 46 16 som
423 433 56 22 varit
492 433 33 22 till
540 435 46 20 stor
600 434 62 26 nytta
676 432 32 22 för
719 433 220 27 jernvägsutskottets
949 433 61 22 arbe-

192 464 30 20 te.
252 462 38 25 Att
305 461 66 23 också
383 462 210 27 jernvägsutskottet
606 461 40 22 har
660 463 60 20 vetat
735 461 98 28 begagna
844 461 59 22 detta
913 461 98 22 material

193 491 73 22 derom
280 491 40 21 bär
335 490 50 22 dess
400 491 136 21 betänkande
550 491 100 26 nogsamt
659 490 73 22 vittne.
747 490 220 27 Jernvägsutskottet,
975 496 35 16 om

192 520 64 21 hvars
271 519 133 28 obesparade
418 519 33 22 nit
465 519 40 22 och
519 519 64 22 möda
598 519 61 21 detta
674 519 136 22 betänkande
825 519 85 26 vittnar,
925 519 39 22 har
971 525 39 15 un-

193 548 112 22 derkastat
320 547 42 23 alla
376 547 129 24 hithörande
519 547 72 28 frägor
606 547 66 22 sädan
688 547 110 28 belysning
806 547 40 22 och
854 548 73 21 sakrik
937 548 72 21 utred-

192 577 58 27 ning,
265 579 33 20 att
313 577 37 21 det
364 583 29 16 nu
405 576 34 22 för
454 577 78 21 enhvar
547 577 54 22 varit
615 576 41 21 lätt
672 577 32 20 att
719 577 77 26 stadga
809 576 32 21 sin
852 576 62 27 äsigt,
926 576 40 22 och
972 577 38 27 jag

192 608 46 19 tror
252 605 66 23 ocksä
334 606 33 21 att
381 605 41 22 den
437 605 114 27 rikhaltiga
566 605 129 26 diskussion,
711 611 47 15 som
772 605 39 21 här
824 605 121 27 försiggätt,
953 605 56 22 har
1001 601 12 36 i

192 635 44 27 hög
250 635 55 27 grad
318 634 73 23 härtill
405 633 100 28 bidragit.
520 646 27 3 —
562 635 42 21 För
618 634 43 21 min
677 633 34 22 del
727 633 63 28 hyser
802 633 38 28 jag
850 633 71 28 någon
931 634 79 21 tvekan

192 663 106 22 huruvida
312 663 38 21 det
363 665 24 19 är
402 662 177 28 ändamälsenligt
594 662 40 22 och
648 662 97 28 lämpligt
760 664 32 20 att
807 663 35 21 vid
856 663 73 26 hvarje
940 662 70 22 landt-

194 692 42 26 dag
249 692 98 27 uppgöra
361 692 32 20 ett
408 690 25 22 sä
447 691 82 21 kalladt
544 691 155 22 stambanenät.
715 691 81 21 Sådant
810 690 40 22 har
864 691 59 21 skett
936 691 35 21 vid
978 691 32 21 fö-

192 720 109 27 regäende
315 720 134 26 landtdagar,
467 726 49 15 men
531 720 68 22 ovisst
614 719 62 22 torde
692 719 37 22 det
743 726 56 20 vara,
816 726 33 15 om
866 719 39 22 den
921 719 88 22 nästföl-

190 749 66 27 jande
270 748 131 27 landtdagen
412 748 61 22 deraf
481 748 39 22 har
529 748 47 22 haft
585 748 71 27 nägon
665 748 116 22 nämnvärd
790 750 67 25 nyttä.
873 748 137 22 Förändrade

192 778 53 22 tids-
260 778 41 21 och
316 776 192 23 ortsförhällanden
521 777 88 22 inverka
623 777 7 21 i
646 777 60 21 detta
721 777 100 22 afseende
836 777 7 21 i
856 776 44 28 hög
908 777 59 27 grad,
977 776 33 22 för

192 808 32 20 att
238 806 48 23 icke
295 806 44 22 tala
347 806 73 22 derom
428 808 33 20 att
471 812 25 15 en
505 806 127 22 kommande
639 806 183 26 representations
830 806 178 28 synpunkter
971 802 39 36 och

193 836 26 21 de
241 836 122 27 personliga
381 834 108 28 äsigterna
504 834 72 22 kunna
590 840 51 16 vara
655 834 85 28 mycket
755 834 63 22 olika.
848 834 61 22 Dock
924 834 34 22 mä
973 834 38 22 det

191 864 49 22 icke
254 864 68 22 nekas
337 865 34 21 att
386 864 37 21 det
437 864 42 21 kan
494 870 51 16 vara
560 863 53 27 godt
626 863 34 22 för
674 870 26 15 en
711 863 146 27 efterföljande
865 863 102 27 landtdag
977 865 33 20 att

191 894 51 21 veta
257 893 40 22 och
311 898 55 22 noga
380 892 77 27 känna,
473 892 72 22 hvilka
560 892 133 28 synpunkter
707 892 62 22 hafva
783 892 45 22 ledt
844 898 26 16 en
882 892 128 28 föregående

191 922 104 26 landtdag
310 922 41 21 och
365 920 86 23 hvilken
466 920 135 28 uppfattning
616 920 39 22 och
672 920 118 28 åskådning
806 921 27 21 då
848 921 56 27 gjort
917 922 34 26 sig
965 922 44 26 gäl-

191 950 74 27 lande;
280 950 7 22 i
303 950 52 28 följd
369 950 63 22 häraf
445 950 42 21 kan
503 950 36 22 det
553 956 51 16 vara
619 950 132 27 berättigadt
766 952 32 20 att
812 950 131 27 landtdagen
953 951 57 21 utta-

163 992 3 2 -
190 979 33 22 Jar
238 979 32 27 sig
285 979 7 21 i
308 980 63 21 dessa
386 978 36 25 fall
436 978 61 22 äfven
513 978 33 22 för
561 985 26 15 en
601 979 127 21 kommande
744 978 38 27 tid,
798 979 55 21 dock
866 979 31 27 så,
908 980 33 20 att
951 980 58 20 stän-

192 1008 66 21 derna
272 1008 49 22 icke
335 1007 55 22 fatta
404 1007 67 27 några
487 1007 107 22 definitiva
610 1007 71 22 beslut
697 1007 39 22 och
752 1007 122 27 derigenom
884 1008 53 21 söka
945 1008 27 26 gå
983 1014 26 15 en

190 1036 128 22 kommande
333 1036 113 27 landtdags
462 1036 72 21 beslut
548 1036 7 21 i
574 1035 80 27 förväg.
684 1036 43 21 Det
739 1035 40 22 har
794 1037 60 26 synts
869 1036 42 27 mig
928 1037 33 20 att
975 1038 34 19 ut-

192 1066 82 21 skottet
293 1065 59 22 trädt
371 1067 92 24 gränsen
478 1064 72 22 härför
564 1063 33 23 för
611 1066 59 25 nära,
686 1064 29 22 då
729 1064 107 22 utskottet
850 1063 112 28 föreslagit
977 1065 32 21 till

191 1093 106 22 definitivt
311 1093 73 23 beslut
396 1093 41 22 hos
453 1093 115 22 ständerna
584 1095 79 19 tvänne
679 1093 24 22 så
718 1093 109 27 ansenliga.
842 1093 109 26 banlinier,
963 1099 46 16 som

190 1122 233 27 Davidstad—Kuopio
439 1121 40 22 och
503 1122 91 21 Nurmo—
603 1121 113 28 Uleåborg.
747 1121 49 22 Man
811 1122 40 21 har
866 1124 48 25 sagt
929 1123 33 20 att
972 1122 37 22 det

190 1151 57 27 goda
261 1150 125 27 finansläge,
401 1151 8 21 i
424 1150 81 22 hvilket
519 1151 74 21 landet
607 1149 95 23 befinner
717 1150 39 27 sig,
771 1149 117 28 medgifver
898 1150 110 28 möjlighe-

190 1182 37 19 ten
242 1181 32 20 att
289 1179 67 21 tänka
370 1179 29 27 på
413 1179 69 27 bägge
497 1179 101 21 banorna.
629 1179 41 26 Jag
684 1178 33 22 för
731 1179 43 21 min
790 1179 34 21 del
839 1179 63 27 hyser
915 1185 25 15 en
952 1186 56 20 myc-

190 1208 38 22 ket
242 1209 47 21 stor
303 1208 86 22 fruktan
403 1206 33 23 för
451 1208 39 20 allt
504 1207 55 21 hvad
575 1207 183 22 ödemarksbanor
772 1207 68 21 heter.
861 1208 42 26 Jag
917 1209 46 20 tror
977 1209 33 20 att

190 1237 37 21 det
244 1236 62 26 goda”
314 1231 123 36 finansläge,
453 1242 46 14 som
513 1236 69 25 råder,
599 1236 110 26 lätteligen
723 1236 43 20 kan
782 1236 121 27 äfventyras
918 1242 34 15 om
960 1242 48 15 man

189 1264 49 22 med
252 1264 73 22 alltför
340 1264 55 26 ljusa
409 1263 167 27 förhoppningar
591 1263 72 21 anslår
678 1262 69 23 medel
762 1263 33 22 för
810 1264 81 21 sådana
905 1264 66 22 linier.
980 1276 27 3 —

189 1292 42 26 Jag
245 1292 37 22 vill
296 1292 48 22 icke
358 1292 75 26 längre
448 1293 96 25 upptaga
559 1292 25 21 R.
600 1298 19 14 o.
636 1292 38 21 A:s
689 1292 38 26 tid,
742 1292 56 21 blott
808 1292 104 26 meddela,
925 1293 32 21 att
968 1293 41 21 den

190 1320 57 28 åsigt
259 1321 38 27 jag
311 1320 70 28 hyste,
397 1320 28 21 då
437 1320 38 28 jag
489 1320 50 21 kom
554 1320 28 27 på
598 1319 61 22 detta
673 1326 47 15 rum
735 1320 8 21 i
757 1320 47 27 dag,
820 1320 48 22 icke
878 1321 82 21 kunnat
970 1327 38 15 un-

190 1350 38 21 der
243 1350 41 21 den
298 1349 152 27 försiggångna
465 1348 151 22 diskussionen
630 1348 87 22 rubbas.
738 1349 41 27 Jag
794 1349 38 21 ber
847 1350 33 21 att
894 1349 21 21 få
930 1350 78 21 under-

189 1377 65 23 stöda
268 1378 50 21 herr
332 1377 166 28 Pippingskölds
514 1377 147 22 betänkandet
676 1376 100 29 bifogade
791 1378 138 21 reservation.

256 1407 35 22 Då
305 1407 63 27 ingen
383 1405 22 23 af
419 1406 97 22 ståndets
531 1406 138 22 medlemmar
679 1406 73 23 vidare
760 1407 96 22 önskade
866 1409 58 26 yttra
932 1407 33 27 sig
974 1413 34 16 om

188 1435 74 29 frågan
283 1436 7 21 i
305 1435 122 27 allmänhet,
450 1435 132 22 förklarades
601 1435 233 28 principdiskussionen
850 1436 94 22 afslutad
967 1436 41 27 och

189 1466 50 21 med
255 1465 102 24 afseende
373 1465 13 21 å
401 1464 26 23 de
443 1464 107 22 derunder
565 1464 75 27 gjorda
654 1464 123 28 yrkandena
790 1465 67 27 ansåg
872 1465 49 22 herr
928 1465 80 22 Landt-

187 1493 137 23 marskalken
338 1493 123 28 lämpligast
475 1494 34 21 att
523 1494 7 21 i
544 1493 90 22 främsta
648 1495 93 20 rummet
755 1493 33 22 till
796 1494 86 22 ståndet
890 1493 119 23 framställa

188 1522 94 29 följande
296 1522 135 28 proposition
446 1523 6 20 i
468 1522 114 27 anledning
598 1522 22 23 af
634 1522 117 23 utskottets
765 1522 80 29 förslag
855 1523 110 28 angående
976 1525 32 20 ett

188 1552 150 23 stambanenät
351 1551 34 22 för
399 1551 98 22 Finland:
