1075 1703
420 112 43 17 Den
474 112 22 17 29
509 111 59 23 April.
835 108 39 20 681

84 171 150 24 erfarenheten.
252 171 49 22 från
319 172 148 26 Hangöbanan
482 171 121 27 framhållit,
619 172 113 26 nämligen,
748 173 34 19 att
796 172 47 21 icke
858 171 47 21 föra

84 206 27 18 en
130 200 90 28 jernväg
240 200 7 21 :i
269 207 71 15 annan
360 200 107 27 riktning
473 202 27 20 än
521 200 40 22 den
577 206 47 16 som
639 200 23 21 af
675 200 101 26 gammalt
791 200 43 27 god
849 200 56 21 strät

84 228 40 22 och
139 228 93 22 rörelses
247 229 124 26 utveckling
386 228 91 27 angifva,
493 228 40 22 och
549 231 32 19 att
596 229 69 20 tillika
679 229 48 21 icke
743 229 53 21 söka
810 235 44 20 upp
867 228 37 21 be-

83 256 178 27 röringspunkter
279 257 36 21 vid
334 257 52 21 våra
406 259 59 19 stora
480 257 80 27 insjöar
574 257 50 21 med
640 256 120 27 uppoffring
775 256 33 22 för
823 257 81 21 banans

84 286 94 25 riktning
199 285 8 21 i
230 285 69 27 öfrigt,
320 285 75 21 sävida
414 285 65 22 dessa
493 286 92 26 punkter
599 285 49 21 icke
663 288 37 25 äro
715 286 42 20 lätt
772 285 133 27 tillgängliga

84 314 229 26 utmynningspunkter
328 313 33 21 för
377 319 26 16 en
420 314 90 26 stadgad
526 314 87 21 rörelse.
642 314 42 26 Jag
699 315 46 19 tror
760 313 96 25 sälunda,
873 315 32 19 att

84 342 109 21 utskottet
208 341 46 22 häri
269 342 48 21 icke
332 342 126 21 försummat
473 342 55 21 hvad
543 347 46 16 som
605 340 149 23 erfarenheten
769 342 46 21 frän
828 341 76 26 Hangö

84 370 62 27 gifvit
164 370 34 21 vid
217 371 85 21 handen
317 371 40 20 och
373 373 97 19 närmare
486 377 75 20 genom
577 371 49 20 herr
640 370 111 21 Hackman
766 369 71 22 blifvit
850 370 55 21 rele-

83 399 82 22 verädt.
187 398 64 23 Hvad
266 399 47 21 åter
328 399 84 26 bilagan
425 399 29 21 IV
465 398 105 23 beträffar
585 399 40 21 och
641 399 22 21 af
677 399 49 21 herr
740 399 112 21 Hackman
868 405 37 14 an-

84 427 88 26 märkts,
192 429 33 20 att
239 428 29 27 pä
287 428 71 21 denna
373 427 77 22 tabelis
466 428 107 27 uppgifter
587 428 141 27 Petersburgs
744 427 114 28 inflytande
873 427 32 22 in-

84 456 76 21 verkat
184 457 40 21 och
245 457 48 20 icke
314 455 70 22 blifvit
404 456 139 27 elimineradt,
560 457 25 20 sä
600 456 68 22 måste
684 457 78 20 sådant
776 455 128 28 medgifvas;

85 491 49 15 men
154 485 61 21 detta
233 485 39 21 har
289 485 48 21 icke
352 485 83 21 kunnat
448 485 112 26 undvikas,
576 487 23 25 ty
601 485 118 21 tabellens
735 484 83 27 uppgift
834 487 24 19 är
872 487 33 19 att

85 513 120 22 framställa
226 515 32 20 ett
279 513 102 22 medeltal
403 513 33 22 för
452 513 197 28 jernvägsrörelsen
669 513 7 22 i
691 513 50 22 hela
755 513 78 22 landet.
865 513 40 22 Om
927 532 3 1 -

86 541 70 22 derför
174 542 48 22 4:de
246 542 124 26 kategorins
390 542 60 27 gods,
465 542 46 27 just
525 542 28 27 pä
568 542 69 26 grund
652 542 23 21 af
682 542 141 26 Petersburgs
834 542 71 22 lokala

84 570 149 27 persontrafik,
253 571 69 21 skulle
336 570 70 22 blifvit
420 571 66 27 nägot
500 571 33 21 för
548 571 42 27 hög
605 571 53 21 eller
672 571 116 21 resultatet
802 570 32 23 för
849 577 58 21 myc-

84 599 38 21 ket
145 599 87 22 talande
251 599 32 22 för
303 599 37 21 det
359 599 67 27 bevis,
445 600 82 21 hvilket
540 600 109 21 utskottet
664 600 101 25 användt,
780 599 26 21 sä
821 600 35 20 vill
868 600 38 27 jag

83 627 59 23 fästa
161 628 218 27 uppmärksamheten
397 629 74 21 dervid
489 630 33 20 att
537 629 36 21 det
588 629 47 26 slag
651 628 21 21 af
686 628 54 26 gods
754 634 47 15 som
817 628 88 27 egentli-

84 662 42 21 gen
146 656 75 23 härrör
241 656 21 22 af
275 656 163 27 befolkningens
455 658 71 21 täthet
539 657 116 27 ingalunda
670 656 138 22 uteslutande
822 657 62 26 ingår
898 657 8 21 i

85 686 48 22 4:de
148 685 123 27 kategorins
287 685 60 27 gods,
364 688 52 19 utan
433 685 33 21 till
481 692 31 15 ex.
528 685 60 22 äfven
604 685 132 22 återfinnes
728 681 12 35 i
747 685 61 22 2:dra
817 686 88 26 katego-

83 714 52 26 rins,
159 714 40 22 och
222 716 33 19 att
273 713 71 22 derför
364 714 91 21 oaktadt
474 716 24 19 21
521 715 28 25 %
568 715 33 20 för
616 714 49 21 4:de
679 714 113 26 kategorin
807 720 50 15 vore
872 714 33 21 för

84 742 50 27 hög,
153 742 116 22 resultatet
289 742 22 22 af
328 742 162 27 befolkningens
505 743 116 27 inflytande
635 743 28 26 på
678 743 162 26 gods-rörelsen
855 743 48 26 kan,

85 771 27 22 dä
127 773 13 19 2
155 771 126 26 kategorien
295 771 62 22 äfven
372 771 64 27 afses,
451 772 72 26 uppnå
538 773 41 20 den
595 771 58 21 siffra
669 777 50 15 som
731 771 109 21 utskottet
850 771 54 21 inta-

84 800 32 26 git
137 800 7 21 i
164 800 32 21 sin
216 799 79 28 kalkyl,
313 800 113 26 nämligen,
442 801 25 20 21
486 801 32 25 9/,.
534 813 28 2 —
577 800 39 21 Att
631 799 42 21 alla
687 799 83 22 sådana
784 799 121 28 procenttal

84 829 72 21 kunna
178 827 65 22 blifva
262 828 151 26 vilseledande,
433 829 126 26 medgifves;
578 835 48 15 men
642 834 48 15 man
705 828 70 21 måste
790 828 68 21 förstå
873 830 33 19 att

84 857 97 27 tillämpa
194 857 49 21 icke
259 857 76 26 blindt,
351 859 51 20 utan
419 857 47 21 med
482 857 107 22 anlitande
605 857 23 21 af
641 857 40 21 den
697 857 65 21 kritik
774 863 46 15 som
830 856 75 28 frågan

83 885 90 23 fordrar.
203 886 112 21 Erkännas
339 886 75 26 måste,
436 887 32 20 att
486 886 6 21 i
512 887 60 21 detta
586 885 137 22 betänkande
739 882 103 25 särskildt
855 885 50 22 med

84 914 101 22 afseende
204 915 13 21 å
236 915 42 21 den
292 915 110 26 svårighet
417 921 47 15 som
480 915 33 22 vid
529 914 127 23 affattandet
671 913 22 22 af
706 917 33 18 ett
754 915 67 27 dylikt
836 914 69 21 måste

83 939 121 30 förefinnas,
220 943 78 28 många
312 943 83 22 mindre
411 943 78 22 exakta
504 945 51 20 data
569 944 72 21 kunna
656 943 115 26 påträffas;
782 949 48 15 men
840 943 66 21 likväl

83 972 73 21 kunna
171 972 26 21 de
212 971 63 22 flesta
290 973 72 21 såsom
377 972 64 26 sagdt
455 972 69 22 blifvit
538 973 6 20 i
560 971 121 23 hufvudsak
696 960 115 34 försvaras.
835 971 70 22 Bland

84 1000 27 21 de
124 1000 130 27 inflytanden
270 1006 47 16 som
330 1001 98 20 inverkat
443 1001 29 26 på
488 1001 40 21 den
543 1003 60 19 stora
618 1001 149 21 varurörelsen
782 1000 45 27 på
820 1002 85 25 jernvä-

83 1034 48 21 gen,
153 1028 80 26 (såsom
248 1029 26 26 pä
306 1030 29 19 5:te
351 1029 60 26 sidan
427 1027 68 23 finnes
511 1030 111 26 upptaget)
639 1028 19 21 d.
675 1034 18 15 v.
709 1035 17 14 s.
742 1029 106 26 importen
863 1028 41 21 och

84 1058 102 26 exporten
202 1057 13 21 å
228 1057 102 21 Finlands
343 1057 91 27 jernväg
448 1057 33 21 till
497 1058 45 21 och.
550 1057 47 21 från
612 1057 132 26 Petersburg
754 1057 39 20 har
803 1056 100 27 möjligen

83 1091 27 16 en
122 1084 77 27 faktor,
215 1087 61 20 utom
291 1085 83 21 kanske
388 1085 90 27 mången
494 1092 75 19 annan,
585 1084 69 22 blifvit
663 1085 117 26 förbisedd,
790 1085 113 34 nämligen,

83 1115 33 20 att
129 1119 102 16 varornas
246 1114 45 27 pris
307 1114 7 21 i
328 1114 132 27 Petersburg
476 1115 66 21 under
557 1103 47 34 året
618 1113 7 21 i
641 1113 24 22 så
680 1114 43 26 hög
738 1102 52 38 grad
805 1113 61 25 vexla
875 1113 29 27 på

83 1142 70 28 grund
167 1142 22 22 af
202 1143 92 24 kursens
309 1143 173 26 obeständighet.
512 1143 76 21 Denna
601 1142 72 22 faktor
688 1142 69 21 måste
772 1132 132 47 nödvändigt

83 1171 73 27 tvinga:
171 1171 159 32 reqvirenterne
345 1170 40 22 och
401 1171 66 22 också
478 1171 105 27 säljarene
594 1172 38 25 att,
644 1171 71 21 sävidt
728 1170 94 27 möjligt
818 1172 30 23 är,
860 1170 44 21 låta

84 1199 114 27 expediera
211 1200 48 21 sina
274 1205 62 16 varor
350 1205 39 21 per
401 1200 89 27 jernväg
505 1199 33 22 för
553 1201 33 20 att
599 1199 58 22 inom
673 1199 40 21 den
728 1201 96 19 närmast
841 1199 63 22 korta

83 1227 31 22 tid
129 1227 74 23 kunna
216 1228 98 23 beräkna
325 1227 57 22 hvad
397 1235 77 15 varans
489 1229 44 26 pris
547 1227 111 28 verkligen
673 1229 31 20 är.
734 1227 66 22 Detta
811 1229 94 21 moment

82 1255 68 22 finnes
172 1257 48 21 icke
239 1257 7 20 i
264 1256 147 22 betänkandet
430 1258 111 25 upptaget,
557 1256 40 22 och
611 1257 39 26 jag
664 1257 39 20 har
717 1256 59 22 velat
789 1255 115 23 framhålla

83 1285 37 21 det
135 1285 31 21 till
182 1285 37 22 det
233 1285 65 21 värde
313 1285 38 21 det
365 1285 42 21 kan
423 1285 69 22 hafva.

150 1313 57 22 Herr
222 1313 89 26 Spåre,
327 1313 91 23 Valfrid:
434 1313 42 27 Jag
491 1313 69 22 skulle
575 1313 70 22 tillåta
659 1313 43 26 mig
717 1314 33 21 att
763 1312 62 22 helsa
834 1313 69 22 resul-

83 1342 65 25 tatet
158 1341 22 21 af
197 1341 60 21 såväl
273 1341 281 26 jernvägskommissionens
569 1347 46 16 som
628 1341 222 26 jernvägsutskottets
866 1346 37 20 ge-

82 1375 130 15 mensamma
235 1368 74 22 arbete
332 1370 71 20 såsom
426 1376 27 13 en
472 1369 91 25 verkligt
582 1368 139 27 förtjenstfull
742 1368 46 26 sak,
809 1374 46 16 som
869 1368 34 21 för

82 1396 69 23 första
165 1397 83 28 gången
263 1396 49 23 låtit
319 1397 183 36 jernvägsfrågan
512 1396 133 23 framträda
635 1392 12 37 i
656 1398 32 20 ett
698 1396 78 23 sådant
786 1396 60 22 skick
857 1402 46 20 som

83 1432 49 17 man
147 1426 78 27 många
239 1426 63 27 långa
317 1427 23 21 år
355 1428 75 21 väntat
444 1427 28 27 pä
488 1428 32 20 att
534 1426 22 23 få
570 1433 26 15 se
610 1426 47 22 den.
680 1426 48 21 Den
742 1432 46 16 som
798 1425 50 35 följt
855 1426 49 21 med

80 1456 154 27 jernvägarnes
249 1455 123 28 utveckling
387 1456 6 20 i
408 1455 74 22 landet
496 1454 54 23 ifrån
565 1454 144 28 begynnelsen
725 1454 40 22 och
781 1454 31 22 till
828 1456 75 24 närva-

83 1482 66 26 rande
169 1484 31 21 tid
215 1484 69 21 måste
300 1484 138 27 ovilkorligen
454 1484 72 27 glädja
540 1484 33 27 sig
588 1484 59 21 öfver
663 1483 26 22 de
703 1484 100 25 resultat,
812 1478 92 27 hvartill

74 1512 117 25 "utskottet
198 1519 29 16 nu
235 1513 95 22 kommit.
344 1513 11 22 I
364 1513 74 23 stället
447 1512 32 24 för
488 1515 33 20 att
527 1520 49 20 man
584 1512 58 23 förut
650 1507 138 29 uteslutande
794 1501 109 33 betraktat
