1061 1703
202 119 42 26 418
506 117 42 18 Den
559 117 12 17 4
582 115 46 28 Maj.

173 184 40 23 hos
228 183 187 30 hufvudkassören
429 182 111 24 äfvensom
553 181 69 27 första
636 180 46 30 och
691 176 68 41 andra
771 176 113 41 kassören,
890 180 58 31 samt
955 185 39 27 un-

173 210 37 25 der
218 209 105 31 Januari,
333 208 73 32 Mars,
417 210 61 27 April
497 208 41 24 och
551 203 40 41 Maj
605 209 41 28 hos
654 208 182 32 vexelkassören,
848 207 25 32 sä
909 210 11 19 har
978 210 15 11 bätik-

173 238 110 30 utskottet,
302 238 50 29 icke
368 230 88 42 lemnat
472 237 71 28 någon.
562 236 135 30 upplysning,
712 242 40 25 om
761 236 87 31 mina
863 235 83 32 uppgifter
957 241 28 27 Art

173 268 81 28 riktiga
268 265 58 30 eller:
338 259 61 41 icke.
412 259 44 41 Men
469 266 84 23 lemnar
568 268 45 24 man
629 265 63 22 detta
706 264 81 27 derhän,
804 264 28 22 så
837 259 81 41 företer
930 264 64 22 denna

174 296 61 23 tablä
257 302 38 20 en
306 294 82 30 annan
397 295 63 25 brist,
480 300 45 16 som
542 294 84 29 kanske
640 293 70 22 skulle
725 281 112 33 föränleda
852 293 31 21 till
898 293 97 28 närmäre

174 324 131 28 stadgande
316 324 33 22 för
370 321 120 27 framtiden.
523 322 44 23 Det
581 324 64 26 säges
660 321 108 30 nämligen
782 321 8 21 i
805 321 39 24 111
861 321 16 26 $
889 320 23 23 af
925 320 70 26 regle-

175 354 87 26 mentet,
286 354 34 20 att
340 352 42 28 alla
394 351 29 24 de
432 351 45 24 här
492 351 127 22 omnämnda
633 350 106 22 ordinarie
754 349 186 28 inventeringarne
955 348 40 21 lik-

176 388 54 21 som.
238 381 41 22 ock
294 379 43 24 alla
352 379 66 28 andra
432 380 82 25 sådana
528 379 62 23 skola
603 378 127 24 verkställas
745 379 52 21 utan
812 379 34 26 att
860 378 33 26 de,
902 383 46 16 som
957 378 38 30 äro

175 407 36 30 för
223 410 93 25 kassans
334 407 110 31 närmaste
465 408 71 27 tillsyn
559 407 119 27 ansvarige,
693 407 22 22 få
731 405 25 29 pä
769 400 90 42 förhand
874 406 56 27 eller
945 404 50 23 tidi-

175 441 56 25 gare
242 441 27 24 än
284 440 40 20 när
337 434 156 33 förrättningen
507 436 100 28 påbörjas
621 435 66 23 blifva
695 436 72 25 derom
776 435 161 23 underrättade.
945 434 52 27 Det

176 470 24 19 är
214 465 85 30 således
314 465 24 22 af
350 467 44 26 vigt
408 467 35 24 att
455 459 58 40 dessa
522 465 179 22 kassaförvaltare
708 464 49 23 icke
765 465 28 26 på
799 464 91 22 förhand
897 463 37 23 mä
942 463 54 24 kän-

175 502 36 20 na,
233 496 40 25 när
288 501 26 22 en
330 495 66 22 sådan
409 493 135 29 inventering
562 494 56 22 sker.
648 493 47 22 Den
710 492 23 23 af
745 493 46 26 mig
803 492 131 28 upprättade
949 491 47 22 tab-

176 524 42 27 lån,
234 530 51 23 som
296 523 67 27 gäller
378 524 27 21 de
420 522 37 30 sju
468 523 68 23 första
550 522 130 29 månaderna
694 521 23 22 af
729 521 56 30 sista
799 521 54 28 året,
868 521 33 22 för
915 520 82 23 hvilket

177 553 109 27 decharge
299 554 57 26 ännu
370 551 48 23 icke
433 554 33 22 är
471 551 76 29 gifven,
563 551 81 22 utvisar
659 551 56 21 dock
725 552 33 20 att
772 550 35 22 vid
819 550 107 21 kontoren
941 549 8 22 i
960 548 35 31 St.

173 581 141 28 Petersburg,
329 575 48 27 Åbo
392 581 41 28 och
448 580 84 29 Kuopio
547 577 141 25 omförmälda
705 579 157 27 inventeringar
876 578 43 22 alla
933 578 65 22 dessa

176 610 35 27 sju
226 609 102 28 måpader
346 609 97 26 inträffat
461 610 101 27 antingen
578 609 40 22 den
633 608 69 23 första
716 608 53 23 eller
783 607 55 23 sista
851 605 91 30 helgfria
957 606 37 27 da-

177 645 43 20 gen
233 639 16 26 i
255 638 112 23 mänaden.
396 637 215 28 Kassaförvaltarene
625 638 69 21 visste
708 637 85 29 således
804 636 87 31 ganska
900 635 42 29 väl,
952 635 46 26 ifall

177 667 27 22 de.
226 666 71 27 gifvit
308 667 40 21 akt
361 667 29 26 pä
405 667 60 22 detta
483 667 139 27 förhållande,
638 667 82 21 hvilket
731 667 38 28 jag
784 665 84 29 befarar
882 666 64 29 hafva
960 668 38 25 egt

175 702 49 16 rum.
239 695 68 29 äfyen'
317 696 27 21 de
358 695 130 28 föregående
503 695 57 28 åren,
576 697 40 20 när
630 695 27 21 de
672 695 69 25 skulle
757 695 57 29 hålla
829 696 79 25 kassan
924 695 10 28 i
947 695 50 28 ord-

176 723 58 28 ning,
264 724 68 24 Detta
351 726 24 20 är
397 726 33 19 ett
450 725 45 25 sätt
517 726 32 20 att
567 724 111 23 inventera
699 724 41 22 och
755 724 134 27 kontrollera
901 730 47 21 som
959 724 39 28 jag

176 753 50 25 icke
237 759 67 20 anser
318 760 51 18 vara
386 753 232 26 öfverensstämmande
632 754 50 25 med
698 755 38 20 111
753 753 19 28 &.
802 752 74 23 Skulle
890 759 56 21 man,
962 753 35 24 så-

174 787 50 15 som.
243 782 39 27 jag
303 782 82 28 begärt,
408 782 41 23 fått
472 783 107 27 uppgifter
597 782 34 23 för
645 782 50 22 hela
708 782 188 28 femårsperioden,
913 782 25 22 så
952 784 46 24 tror

171 810 42 27 jag
221 810 107 26 att-hvar
343 811 40 21 och
399 817 26 15 en
440 811 55 25 hade
511 812 54 21 varit
579 811 83 25 beredd
672 813 32 19 att
713 813 58 25 strax
781 811 142 26 förklara,
890 806 36 36 att
930 810 67 25 bank-

176 838 110 30 utskottet
300 838 64 22 bordt
378 839 108 26 inkomma
501 840 48 22 med
560 840 85 26 förslag,
653 840 56 21 huru
719 840 77 26 sådant
804 839 113 26 framdeles
925 839 72 23 kunde

174 866 152 27 förekommas,
349 868 83 21 hvilket
451 868 38 27 jag
508 868 32 21 för
556 869 50 21 min
628 868 35 22 del
687 874 63 16 anser
772 869 82 27 nödigt,
868 869 29 26 pä
911 868 38 22 det
964 870 33 22 att

178 896 71 26 någon.
263 896 82 27 verklig
359 896 93 22 kontroll
468 897 159 23 ästadkommes
641 902 78 21 genom
734 897 65 22 dessa
813 897 165 27 inventeringar.

246 924 56 22 Herr
316 924 144 23 Hackman:
485 925 170 25 Bankutskottet
669 925 39 22 har
722 926 50 23 med
786 927 82 20 största
882 925 115 27 uppmärk-

178 953 85 23 samhet
283 953 45 23 läst
348 953 49 22 icke
419 954 78 21 endast
514 954 41 24 den
570 956 87 20 senaste
671 954 65 21 ärade
751 954 95 22 talarens
861 954 136 26 andragande

178 982 33 22 uti.
232 982 26 21 R.
274 987 19 15 0.
316 982 37 22 As
374 982 87 26 plenum
482 981 34 23 för
531 982 69 27 någon
616 982 32 21 tid
662 982 73 27 sedan,
751 984 52 20 utan
816 982 81 27 jämväl
912 982 43 21 alla
969 982 28 24 de

178 1011 73 22 denna
270 1009 62 27 fråga
352 1010 116 27 belysande
490 1011 114 26 protokoll,
623 1011 39 20 der
676 1010 42 21 den
733 1012 87 20 senaste
835 1012 65 20 ärade
914 1010 84 21 talaren

178 1039 40 22 har
240 1039 68 26 yttrat
329 1038 32 27 sig
383 1038 32 24 till
437 1038 202 27 bankfullmäktiges
655 1038 114 28 protokoll,
785 1039 40 22 och
840 1039 40 21 har
894 1039 19 26 ej
930 1038 68 22 häller

178 1067 55 21 hans
248 1065 156 28 framställning
417 1067 56 21 varit
487 1069 53 19 utan
554 1067 64 26 frukt,
635 1072 35 15 om
684 1067 65 21 också
769 1067 108 21 utskottet
892 1068 19 26 ej
927 1067 72 23 ansett

177 1095 35 26 sig
227 1094 92 24 behöfva
334 1096 97 25 uppgöra
446 1095 40 22 och
500 1095 118 26 framlägga
633 1095 43 22 den
690 1095 103 27 specifika
807 1095 140 27 förteckning,
963 1101 36 19 om

178 1123 88 23 hvilken
287 1123 42 21 den
353 1123 65 23 ärade
435 1123 82 21 talaren
536 1123 98 22 nämnde.
662 1123 113 24 Utskottet
789 1123 40 21 har
843 1123 157 26 nämligen
964 1119 39 34 vid

179 1151 173 28 genomgåendet
373 1151 23 22 af
409 1151 199 27 bankreglementet
621 1151 51 22 med
686 1151 50 22 stöd
751 1151 41 22 och
807 1151 32 21 till
854 1151 57 27 följd
922 1151 22 25 af
957 1151 43 25 den

180 1181 93 21 senaste;
290 1179 65 22 ärade
374 1179 94 21 talarens
483 1179 156 26 framställning
654 1180 40 21 och
709 1180 56 20 hans
780 1179 59 22 tablå
853 1178 60 25 öfver.
927 1180 73 24 inven-

180 1208 122 26 teringarno
320 1208 73 21 ansett
407 1208 33 26 sig
459 1208 53 21 böra
526 1207 107 23 bibehålla
647 1207 164 26 bestämningen
826 1213 34 16 om
876 1207 124 27 obligatori-

180 1236 41 21 ska
243 1236 239 25 extra-inventeringar,
503 1237 33 19 att
554 1236 65 22 dessa
632 1236 50 20 icke
697 1236 69 20 skulle
781 1236 126 24 verkställas
923 1236 78 24 endast

182 1264 23 21 dä
217 1262 141 26 fullmäktige
373 1263 80 25 ansägo
469 1264 49 20 dem
532 1263 78 26 nödiga
625 1258 51 36 utan
692 1265 34 19 att
739 1264 73 22 såsom
826 1264 59 26 regel
900 1264 38 20 tvä
951 1264 49 25 gän-

180 1298 39 20 ger
234 1297 34 15 om
284 1292 47 20 året
345 1292 60 20 extra
419 1291 135 26 inventering
568 1291 35 21 vid
617 1290 187 25 hufvudkontoren
818 1291 42 22 -och
872 1292 79 28 jämväl
966 1291 35 22 vid

180 1320 213 22 landsortskontoren
416 1319 40 21 bör
478 1319 126 22 verkställas
627 1320 28 26 pä
676 1320 48 21 icke
747 1320 57 25 förut
825 1320 94 23 bekanta
939 1320 62 24 tider.

180 1348 65 22 Hvad
259 1348 192 28 anmärkningarne
466 1348 110 27 angäende
590 1348 185 27 inventeringarne
790 1348 35 22 vid
840 1348 161 23 landsortskon-

178 1379 67 20 -toren
266 1377 41 22 och
325 1377 101 23 kontoret
447 1376 8 21 i
470 1376 130 27 Petersburg
614 1376 140 27 vidkommer;
767 1377 25 22 sä
806 1376 64 23 träffa
884 1377 66 22 dessa
959 1383 42 16 an-

179 1405 140 28 märkningar
334 1407 96 20 närmast
444 1405 132 23 komitöerna
590 1405 37 21 vid
641 1405 174 27 landskontoren,
831 1407 23 24 ty
870 1406 37 21 det
921 1408 23 20 är
956 1406 45 22 dis-

182 1435 193 26 kontkomiteerna,
390 1440 47 17 som
451 1434 118 23 verkställa
582 1434 65 22 dessa
661 1434 66 22 kassa
741 1435 158 26 inventeringar
908 1435 29 27 pä
946 1435 56 23 tider

182 1469 47 15 sam
245 1464 21 21 de
280 1463 82 27 :själfvä
377 1469 51 16 anse
443 1463 106 27 lämpliga,
578 1463 44 22 Det
636 1463 43 23 kan
692 1463 49 22 icke
757 1464 66 21 nekas
838 1465 35 19 att
886 1463 65 25 dessa
963 1464 39 25 ko-

184 1491 77 23 mitéer
282 1492 70 22 «skulle
373 1491 64 24 hafva
458 1492 57 27 gjort
532 1492 75 22 bättre
615 1491 12 24 i
642 1493 34 21 att
689 1492 49 22 icke
752 1492 71 24 såsom
837 1492 60 26 regel
911 1491 92 26 anställa

183 1520 187 29 inventeringarne.
388 1520 29 27 pä
431 1526 82 16 samma
527 1520 56 22 tider
597 1521 8 21 i
619 1520 111 27 månaden,
745 1522 53 23 utan
811 1522 35 21 att
858 1519 88 26 försöka
959 1519 43 27 för-
