1081 1709
206 129 42 21 530
513 133 41 18 Den
568 134 21 17 14
601 134 59 22 April.

178 198 20 17 o.
222 192 37 22 A:s
283 192 54 27 sida,
359 192 33 22 till
416 192 159 28 handlingarna,
602 193 150 23 innehållande
777 194 109 22 desamma
909 194 90 23 medde-

177 222 64 21 lande
256 227 45 15 om:

248 251 33 20 att
295 249 88 22 ståndet
397 249 34 22 vid
447 249 151 29 föredragning
613 249 22 23 af
647 250 80 27 nådiga
740 251 162 27 propositionen
916 251 42 22 N:o
971 252 29 21 42

179 278 112 28 angående
305 277 96 29 uppskof
412 279 50 21 med
477 285 111 16 reservens
603 278 122 23 inkallande
741 280 32 21 till
789 279 157 29 öfningsmöten
960 280 38 23 be-

179 307 63 23 slutit
264 309 39 24 att,
325 307 50 22 med
395 307 155 27 godkännande
566 307 23 23 af
601 308 246 23 talmanskonferensens
862 309 87 28 förslag,
964 316 36 16 re-

178 336 87 22 mittera
280 336 161 27 propositionen
456 337 32 20 till
504 338 32 20 ett
551 337 104 21 särskildt
669 337 33 22 för
711 337 87 28 frågans
808 338 131 27 behandling
946 338 53 21 ned-

179 367 45 20 satt
232 365 90 26 utskott,
331 366 57 20 samt
396 366 33 19 att
437 365 98 22 ståndets
544 365 108 22 elektorer
659 365 32 22 till
698 366 120 22 ledamöter
825 367 7 21 i
840 367 68 27 sagda
914 367 89 21 utskott

179 395 70 20 utsett
269 393 209 27 landtdagsmännen
499 394 64 26 Keto,
579 393 106 27 Heikkilä,
701 394 104 28 Sahlgren
821 395 40 22 och
876 395 126 22 Päivärinta

180 424 56 20 semt
250 422 33 21 till
299 422 138 27 suppleanter
453 422 206 28 landtdagsmännen
676 422 82 28 Ojanen
774 424 41 22 och
831 423 117 29 Svanberg;

249 453 32 20 att
297 451 88 22 ständet
403 451 96 26 godkänt
518 451 105 22 allmänna
638 451 209 24 besvärsutskottets
863 453 137 23 betänkande

180 480 93 23 rörande
288 480 71 21 virkes
374 481 109 26 transport
499 480 12 21 å
527 480 39 22 och
581 481 8 21 i
604 481 103 21 närheten
723 481 22 22 af
758 481 31 28 Ijo
806 481 37 27 elf;

250 510 32 20 att
297 508 87 22 ståndet
403 509 35 22 vid
460 509 156 28 behandlingen
632 509 23 22 af
669 510 106 22 allmänna
789 510 211 23 besvärsutskottets

179 538 137 22 betänkande
332 537 111 28 angående
458 539 145 26 restaurering
618 538 23 22 af
673 539 34 26 Åbo,
724 539 99 28 Wiborgs
834 539 41 22 och
883 539 115 22 Kexholms

180 567 53 22 slott
247 566 96 28 godkänt
365 569 117 19 momentet
501 574 12 15 a
529 567 7 22 i
551 567 146 22 betänkandet
711 575 48 15 men
775 567 107 23 förkastat
896 575 62 15 mom.
975 569 25 25 b;

249 597 33 20 att
297 595 88 22 ståndet
399 595 96 27 godkänt
509 598 154 20 sammansatta
677 597 45 26 lag-
731 597 40 22 och
780 597 221 22 ekonomiutskottets

180 624 297 27 sammanjämkningsförslag
499 625 111 26 angående
629 625 126 22 lösdrifvare
770 626 41 22 och
827 626 62 22 deras
904 626 95 22 behand-

179 653 45 27 ling
238 653 7 21 i
261 653 68 26 öfriga
344 653 64 26 delar,
425 655 59 19 utom
499 653 132 22 beträffande
647 655 13 25 8
677 656 32 24 10,
721 661 46 15 som
778 654 180 22 återremitterats
966 655 34 21 till

179 682 114 26 utskottet,
309 681 33 22 för
357 683 32 20 att
404 681 160 23 omformuleras
579 682 8 21 i
603 683 40 21 det.
654 682 61 27 syfte,
731 684 33 20 att
778 683 121 22 kostnaden
914 683 33 22 för
956 683 43 22 lös-

180 711 103 22 drifvares
298 710 142 22 befordrande
456 711 30 20 till
498 712 144 25 guvernörens
653 711 130 27 behandling
793 711 53 22 eller
855 711 147 23 försändande.

179 739 33 22 till
233 739 112 22 hemorten
361 739 55 21 skall
434 739 107 22 bestridas
557 739 23 22 af
593 740 129 21 kommunen
737 741 77 21 endast
828 741 8 21 i
852 741 27 22 de
893 741 44 26 fall,
953 746 49 17 som

179 768 8 21 i
202 770 14 19 4
232 767 10 28 $
258 767 147 27 omförmälas;

249 799 33 19 att
298 796 87 21 ståndet
399 796 84 27 antagit
497 797 172 26 presteständets
685 797 124 28 inbjudning
823 797 7 22 i
840 797 74 28 frågan
925 804 34 15 om
968 799 32 20 ett.

180 825 24 22 af
216 825 109 28 professor
340 825 109 21 Koskinen
464 825 115 27 föreslaget
590 825 40 22 och
641 825 22 22 af
670 827 162 26 presteständet
840 827 110 26 godkändt
957 827 42 21 till-

180 854 61 28 läggs
257 853 112 23 införande
384 854 90 21 emellan
491 856 9 19 1
519 854 39 22 och
575 856 12 21 2
602 857 117 20 momentet
737 855 23 22 af
774 858 11 19 9
801 856 13 26 S
830 856 6 21 i
852 855 147 28 författnings-

180 883 105 28 förslaget
301 889 33 16 om
350 883 153 27 egostyckning
518 883 39 22 och
571 883 174 28 jordafsöndring
764 883 23 23 af
800 884 92 28 följande
907 885 91 27 lydelse:

250 912 92 26 nDerest
357 911 55 22 dock
428 912 163 22 landskommun
605 912 35 21 vill
657 912 108 27 öfvertaga
780 913 7 21 i
802 913 81 21 manta]
898 915 45 20 satt
952 913 48 28 jord

180 941 57 21 inom
256 941 140 20 kommunens
417 947 55 20 egna
487 943 89 24 gränser
596 941 39 22 och
651 941 130 22 fortfarande
796 948 91 15 ansvara
902 941 33 22 för
950 942 52 21 dess

181 969 83 22 skatter
287 969 40 21 och
350 969 91 26 utlagor,
457 969 53 22 söke
526 969 71 22 dertill
612 969 95 22 tillstånd
723 970 23 21 af
758 970 122 27 Kejserliga
895 970 106 21 Senatens

181 997 261 27 ekonomiedepartement
458 997 39 22 och
513 1004 50 15 vare
579 998 65 21 sedan
655 998 122 27 berättigad
787 1000 33 19 att
830 998 46 22 frän
885 999 41 21 slik
934 1001 66 19 stom-

179 1026 104 27 lägenhet
305 1026 88 27 stycken
413 1026 143 21 obehindradt
573 1026 101 22 afsöndra
689 1029 51 19 utan
755 1027 101 22 afseende
872 1027 12 22 &
899 1027 102 27 lägenhe-

179 1057 49 20 tens
245 1054 167 28 sjelfbeständ*;
429 1057 56 19 samt

248 1086 33 19 att
296 1083 87 22 ständet
398 1083 67 27 afböjt
480 1083 190 27 borgareständets
685 1083 126 28 inbjudning
826 1083 75 28 ifräga
909 1090 34 16 om
951 1086 50 20 rän-

180 1113 48 21 tans
242 1111 71 22 frihet.

248 1169 40 22 Till
311 1169 88 22 fortsatt
421 1169 130 27 behandling
572 1169 96 27 företogs
691 1170 173 22 statsutskottets
887 1170 33 21 till
940 1171 64 22 detta

181 1198 159 21 sammanträde
355 1198 125 27 ytterligare
495 1198 119 27 bordlagda
629 1198 137 22 betänkande
781 1199 7 20 i
804 1199 115 26 anledning
932 1199 23 23 af
962 1199 38 22 nä-

180 1227 50 26 diga
244 1227 161 26 propositionen
421 1232 34 15 om
471 1227 138 26 upphörande
625 1227 23 21 af
662 1227 26 21 de
703 1227 46 21 frän
765 1227 118 22 rusthällen
899 1230 57 19 samt
965 1234 35 15 ro-

179 1255 75 21 terade
269 1255 99 20 hemman
385 1255 39 20 och
440 1255 155 20 bätsmanshäll
610 1255 107 26 utgäende
731 1255 167 26 vakansafgifter
913 1256 41 21 och
968 1256 34 21 in-

180 1283 104 26 dragning
299 1283 22 20 af
335 1283 26 20 de
377 1282 118 21 rusthällen
511 1283 101 20 anvisade
629 1284 112 25 augments
757 1283 40 21 och
813 1283 67 27 öfriga
890 1286 80 19 räntor.

247 1311 56 22 Herr
318 1311 89 28 Taube
420 1310 66 22 utbad
502 1311 33 27 sig
550 1311 61 22 ordet
627 1311 39 22 och
682 1311 95 27 yttrade:

247 1339 41 22 Vid
311 1341 86 20 senaste
416 1339 86 28 plenum
518 1339 63 22 hafva
596 1339 51 22 flere
663 1339 22 22 af
698 1339 115 28 höglofliga
829 1341 97 21 ständets
941 1341 61 22 leda-

180 1370 68 21 möter
270 1371 68 25 yttrat
360 1369 33 27 sig
412 1369 30 21 uti
461 1368 139 23 förevarande
616 1369 85 26 ärende,
719 1375 47 20 ,om
782 1369 140 28 upphörande
937 1370 23 21 af
973 1371 27 21 de

179 1397 47 22 från
241 1395 120 24 rusthällen
377 1399 56 20 samt
448 1398 99 22 roterade
563 1398 97 22 hemman
677 1398 39 22 och
727 1399 155 21 båtsmanshåll
892 1399 109 28 utgående

179 1427 169 27 vakansafgifter
363 1427 40 22 och
417 1427 127 27 indragning
559 1427 23 22 af
591 1427 26 21 de
628 1427 119 23 rusthållen
763 1428 102 22 anvisade
875 1430 124 26 augments-

180 1457 40 22 och
236 1456 68 28 öfriga
319 1457 91 21 räntor."
434 1456 70 22 Dessa
519 1457 74 21 herrar
607 1456 63 22 hafva
685 1457 143 22 underkastat
842 1458 60 21 såväl
916 1458 85 32 skatte-

178 1486 107 21 komiténs
301 1486 156 21 förberedande
473 1486 80 26 arbete,
570 1492 46 15 som
633 1486 40 21 den
688 1486 79 27 nådiga
781 1486 161 28 propositionen
958 1487 40 21 och

178 1515 176 21 statsutskottets
370 1514 143 27 betänkande,
528 1515 68 27 jämte
613 1514 26 22 de
655 1516 163 26 reservationer,
830 1521 46 16 som
885 1515 67 23 finnas
963 1516 35 21 be-

178 1543 118 22 tänkandet
318 1543 107 27 bifogade,
447 1549 26 15 en
493 1543 161 28 genomgående
675 1544 136 27 granskning,
828 1544 40 22 och
883 1545 62 21 torde
962 1544 38 22 det
