1064 1706
412 97 42 30 Den
466 98 11 16 2
489 97 44 23 Maj.
815 95 41 21 743

118 157 45 27 Så
184 157 135 29 fullständigt
332 158 79 22 utredd
426 164 47 16 som
486 158 174 28 jernvägsfrågan
676 164 29 16 nu
720 158 32 22 till
767 158 117 28 afgörande

64 185 119 29 föreligger,
199 186 40 22 har
253 186 41 23 den
308 186 49 23 icke
371 186 59 23 förut
444 186 136 24 förekommit
592 187 35 22 vid
637 187 70 27 någon
716 187 109 29 landtdag.
840 188 44 23 Det

65 214 66 23 borde
147 214 84 23 således
245 215 49 22 icke
308 222 52 16 vara
375 216 71 22 alltför
461 216 60 22 svårt
534 218 34 20 att
582 216 120 22 bestämma
716 216 34 22 sin
765 216 57 28 åsigt
831 217 7 21 i
848 223 35 16 sa-

64 243 49 26 ken,
133 243 40 22 och
193 250 35 15 om
242 250 49 16 man
305 244 53 28 eljes
378 246 98 20 närmare
494 245 80 27 sysslat
587 244 50 22 med
651 244 81 28 frågan,
748 244 62 23 äfven
824 245 8 22 i
844 246 38 22 nå-

64 278 43 21 gon
121 278 50 16 mon
186 272 55 22 söka
254 272 88 22 inverka
355 272 30 28 på
399 273 78 22 andras
492 273 86 27 åsigter.
607 272 75 23 Likväl
697 275 46 20 tror
754 274 39 27 jag
808 275 32 21 att
850 274 33 22 åt-

65 300 84 28 skilliga
173 300 194 28 differenspunkter
391 302 90 22 oaktadt
506 302 36 22 det
562 300 153 29 förtjenstfulia
735 300 149 24 betänkandet

65 330 56 20 samt
135 329 41 22 den
191 329 135 28 mångsidiga
340 330 103 22 debatten
456 330 62 22 skola
532 330 88 28 gvarstä
634 329 34 23 för
675 330 97 27 mången.
787 330 43 23 För
838 331 55 22 min:

65 358 34 22 del
121 358 36 22 må
175 358 38 28 jag
235 360 66 26 öppet
316 358 68 22 tillstå
406 360 34 20 att
454 365 35 16 om
504 359 38 22 det
555 358 63 28 gälde
634 360 34 20 att
680 358 47 23 från
742 358 140 24 affärsstånd-

63 386 70 28 punkt
153 387 126 27 bestämma,
302 387 86 23 hvilken
408 388 55 22 bana
479 388 70 27 borde
568 388 76 22 främst
659 387 86 28 byggas,
762 388 70 22 skulle
844 389 38 27 jag

64 415 56 28 gifva.
134 416 285 28 Loimijoki—Björneborgs
434 417 70 22 banan
518 415 126 24 företrädet.
673 416 43 22 Det
725 416 75 28 finnes,
811 417 72 22 sävidt

61 445 39 28 jag
113 444 65 27 inser,
193 445 64 28 ingen
271 451 71 16 annan
355 445 57 22 bana
425 445 66 22 bland
506 445 27 22 de
547 445 122 28 föreslagna
683 445 49 22 med
742 445 44 22 lika
794 445 44 28 god
848 447 34 20 ut-

63 473 43 28 sigt
120 473 33 22 till
167 473 132 24 rentabilitet
313 480 47 16 som
376 473 81 28 denna;
473 481 49 16 men
533 474 39 28 jag
586 473 36 23 vill
637 473 70 23 lemna
722 474 41 22 den
774 474 13 23 &
798 475 47 21 sido
854 474 28 23 ef-

64 504 80 21 tersom
160 503 37 22 det
211 503 47 22 icke
273 505 25 20 är
311 502 62 29 fråga
383 509 34 16 om
427 504 33 21 att
469 503 100 22 betrakta
576 503 153 28 jernvägarnes
737 502 146 23 fortsättande

63 531 47 22 från
124 531 280 29 rentabilitetssynpunkten
424 538 80 21 ensam,
520 534 52 21 utan
586 531 47 23 från
650 532 66 21 andra
730 531 113 28 allmänna,
858 532 26 22 så

64 561 34 20 att
111 562 54 25 säga
179 560 87 27 statliga
280 560 138 28 synpunkter.
448 561 50 22 Man
512 561 40 22 har
566 560 53 23 stält
632 559 34 23 för
680 560 34 27 sig
727 560 67 23 målet
807 562 34 21 att
853 561 31 28 på

63 589 135 27 lämpligaste
213 591 50 20 sätt
272 590 72 27 uppnå
359 589 27 24 de
400 589 132 28 nordligaste
541 589 122 28 punkterna
672 589 8 22 i
690 589 47 22 vårt
744 589 57 22 land.
816 589 67 22 Hvari

63 617 112 28 divergera
193 624 29 16 nu
243 618 123 27 åsigterna?
388 618 49 22 Man
456 620 24 20 är
491 619 25 28 ju
533 625 51 16 ense
600 618 73 22 derom
688 619 33 21 att
736 618 20 22 vi
771 618 53 23 böra
838 625 44 16 me-

64 646 45 22 dels
122 647 90 28 jernväg
226 647 98 22 förbinda
338 647 85 28 Kuopio
438 647 48 22 med
502 647 37 22 det
554 647 64 23 södra
627 647 96 27 Finland,
732 653 49 16 man
792 649 24 20 är
830 653 53 16 ense

63 681 35 16 om
120 677 33 21 att
174 675 21 22 vi
216 676 53 22 böra
291 676 27 27 gå
337 677 43 27 upp
396 676 32 21 till
443 676 118 28 Uleåborgs
576 676 50 22 stad
641 676 40 21 och
695 676 43 27 län,
753 676 25 22 så
789 677 42 20 att
841 676 41 22 den

63 704 64 28 långa
140 704 108 28 isolering,
263 705 61 22 hvari
340 705 69 22 denna
423 705 87 28 provins
524 705 72 26 lefver,
612 705 36 21 må
657 704 65 23 blifva
730 705 88 26 bruten;
832 711 50 16 men

63 733 133 22 beträffande
211 735 73 25 sättet,
299 733 82 28 hvarpå
395 740 50 16 man
460 734 54 22 skall
529 734 28 27 gå
571 733 88 28 tillväga
668 733 33 22 för
711 735 33 20 att
752 733 72 29 uppnå
831 732 52 24 Ulå-

63 762 60 27 borg,
140 764 38 20 äro
193 763 110 26 åsigterna
317 762 130 28 skiljaktiga.
481 763 95 22 Jämföra
590 761 22 24 vi
626 762 7 21 i
648 762 78 29 sådant
740 761 101 24 afseende
856 761 27 24 'de

64 791 108 22 distanser
187 797 46 16 som
248 792 37 22 det
299 791 70 23 skulle
384 791 56 28 gälla
456 793 32 20 att
503 792 67 27 enligt
584 792 38 21 det
636 797 41 16 ena
692 790 53 24 eller
757 791 68 22 andra
832 796 51 23 pro-

64 821 105 26 grammet
189 820 78 27 utföra,
289 821 26 21 sä
333 820 57 22 finna
410 821 19 21 vi
444 821 33 22 att
489 821 118 32 jernvägen
622 819 262 28 Davidstad—Kuopio—

64 849 108 26 Uleåborg
187 850 62 25 utgör
269 850 41 20 522
329 850 64 21 verst.
422 849 42 27 Jag
478 849 36 22 vill
528 850 79 27 antaga
622 850 39 20 att.
670 854 26 15 en
711 847 53 23 hvar
778 854 47 16 som
840 848 44 23 för-

64 877 63 22 ordat
148 877 41 22 den
204 877 65 22 linien
288 877 55 22 dock
358 877 62 23 äfven
434 877 118 28 medgifver
566 879 32 21 att
612 883 28 17 en
654 876 67 23 sådan
736 877 87 27 sträcka
837 883 47 19 som

63 905 101 23 Nurmo—
176 900 162 38 Gamlakarleby
357 907 61 20 snart
434 906 40 22 bör
488 906 86 22 komma
588 905 32 28 till
634 905 120 28 utförande,
770 907 23 27 ty
808 904 38 23 det
860 908 25 20 är

64 940 27 16 en
106 935 87 21 sträcka
208 940 46 16 som
268 935 48 21 icke
325 933 34 23 får
366 934 82 22 lemnas
456 935 91 26 derhän;
563 935 41 26 den
614 934 207 28 företagsamhetens
828 935 57 21 anda

64 969 45 16 som
132 962 150 29 befolkningen
304 963 7 22 i
329 963 67 28 sagde
418 962 82 23 trakter
522 963 45 27 har,
588 965 24 19 är
631 969 27 16 en
674 963 69 22 större
758 963 83 27 garanti
856 965 28 21 än

63 992 56 22 blott
140 992 180 27 folknumerären,
337 993 37 23 att
388 992 118 28 jernvägen
522 993 38 21 der
574 992 55 22 skall
644 992 34 22 väl
693 991 120 23 trafikeras.
842 988 42 32 Jag

63 1020 99 28 tillägger
184 1020 71 23 derför
273 1022 33 21 till
324 1021 27 23 de
365 1021 41 21 522
421 1022 86 21 versten
524 1021 63 22 dessa
604 1022 39 20 130
658 1022 59 21 verst
730 1021 41 22 och
786 1021 21 22 vi
819 1021 65 22 hafva

64 1056 26 16 en
105 1050 146 27 sammanlagd
266 1049 126 23 sträcka.af
404 1051 40 21 652
460 1052 65 20 verst.
539 1050 33 22 De
588 1050 46 23 åter
649 1055 46 16 som
710 1049 86 30 förorda
806 1051 33 21 att
846 1052 37 20 vä-

63 1085 41 21 gen
124 1077 31 23 till
175 1078 108 27 Uleäborg
300 1079 40 22 bör
359 1078 27 28 gä
401 1078 74 22 utmed
492 1078 41 23 den
548 1078 170 25 österbottniska
737 1079 85 27 kusten,
839 1084 45 16 om-

62 1107 55 27 fatta
131 1108 122 26 antagligen
259 1107 95 29 följande
362 1113 106 22 program:
484 1107 220 27 Nurmo—Uleäborg
715 1107 37 21 310
764 1103 65 37 verst,
841 1108 43 21 Da-

62 1135 86 23 vidstad
161 1136 93 27 Kuopio,
269 1137 23 27 ty
307 1136 71 22 dennä
391 1136 51 22 linie
457 1136 39 22 har
510 1136 48 22 icke
568 1136 82 22 kunnat
658 1135 64 23 blifva
729 1136 104 26 bestridd,
842 1138 42 20 244

63 1167 65 24 verst,
145 1165 40 21 och
200 1165 28 21 dä
243 1164 107 28 Uleåborg
365 1161 51 26 utän
432 1164 72 23 tvifvel
519 1164 69 23 måste
603 1163 85 23 förenas
704 1164 49 23 med
767 1164 117 29 Uleäträsk

62 1192 34 22 för
110 1194 33 21 att
157 1200 48 15 man
220 1193 49 22 icke
283 1193 36 22 mä
333 1199 52 16 vara
395 1192 137 28 ofullständig
541 1193 8 21 i
559 1193 32 22 sin
602 1193 101 22 omtanke
711 1197 34 26 öm
754 1192 130 28 Uleähorgs-

62 1222 47 22 läns
125 1222 113 26 intressen,
257 1222 125 27 ytterligare
403 1223 26 20 79
446 1224 68 25 verst;
540 1222 63 22 detta
615 1222 40 27 gör
669 1221 158 28 sammanlagdt
842 1224 40 20 633

62 1253 65 25 verst,
150 1250 65 23 alltså
236 1250 67 23 efter.
313 1250 37 23 det
372 1256 40 16 ena
430 1252 145 26 programmet
590 1252 40 21 652
646 1252 60 21 verst
720 1250 38 27 och
773 1246 59 37 efter
847 1251 38 22 det

63 1280 67 25 andra
146 1281 40 21 633
201 1281 65 21 verst.
295 1276 135 26 Differensen
445 1282 25 19 är
483 1280 123 27 pätagligen
623 1279 47 23 icke
682 1281 52 24 stor,
749 1279 34 22 när
795 1272 35 40 det
839 1280 45 28 gäl-

62 1308 32 22 ler
109 1308 25 22 sä
149 1308 110 28 betydliga
274 1309 105 21 sträckor.
412 1308 84 28 Frågan
514 1310 34 20 är:
570 1307 84 23 hvilket
668 1310 24 20 är
706 1307 34 30 för
754 1305 131 31 Uleäborgs-

63 1337 48 21 stad
134 1337 40 21 och
196 1337 37 21 län
254 1337 78 25 bättre,
351 1338 33 19 att
398 1337 85 26 Kuopio
498 1337 85 20 förenas
598 1337 50 20 med
661 1335 110 28 Uleäborg
786 1337 52 21 eller
852 1338 33 20 att

63 1371 48 16 man
126 1364 45 22 från
189 1364 164 28 Gamlakarleby
368 1364 39 28 går
422 1370 42 22 upp
480 1364 32 22 till
527 1364 114 28 Uleåborg.
659 1364 39 27 Jag
713 1364 36 22 ber
768 1366 32 20 att
815 1364 21 22 få
846 1366 38 26 öp-

62 1395 39 26 pet
115 1393 68 22 tillstä
202 1395 33 20 att
250 1394 39 28 jag
307 1393 49 22 icke
374 1392 68 23 finner
462 1392 165 28 bevisningeh'i
643 1392 37 22 det
694 1399 42 19 ena
750 1392 53 22 eller
818 1393 68 22 andra

62 1422 134 23 hänseendet
219 1424 56 20 ännu
294 1422 123 27 afgörande,
427 1423 33 26 ty
475 1422 75 22 medan
566 1428 50 16 man
630 1423 16 20 t.
662 1424 32 19 ex.
708 1422 30 27 pä
753 1422 132 26 grundvalen

63 1451 23 22 af
98 1451 65 22 säkra
178 1450 69 23 siffror
266 1451 58 22 visar
343 1452 32 21 att
394 1450 297 29 befolkningsförhällandena
700 1449 34 29 pä
749 1449 65 24 dessa
828 1450 58 23 båda

59 1480 158 28 jämförelsevis
233 1480 41 22 öde
289 1479 84 22 trakter
388 1481 37 21 äro
440 1479 103 28 temligen
557 1479 50 27 lika,
623 1478 26 23 sä
663 1479 40 26 här
717 1484 49 19 man
782 1479 11 22 ä
800 1485 36 18 en
846 1486 39 16 an-

63 1515 41 16 nan
126 1509 47 22 sida
195 1508 100 24 förbisett
313 1509 34 22 att
365 1508 35 23 vid
414 1508 152 26 kuststräckan
585 1500 177 43 Gamlakarleby
779 1504 106 35 Uleåborg
