1073 1709
215 108 40 21 662
520 112 41 18 Den
574 113 21 17 29
608 112 59 23 April.

254 173 33 21 att
301 172 88 23 ståndet
407 174 96 26 godkänt
522 172 107 26 allmänna
647 173 208 22 besvärsutskottets
869 173 137 22 betänkande

186 202 7 21 i.
218 201 113 28 anledning
355 202 23 21 af
400 203 32 21 ett
456 201 184 29 petitionsförslag
664 200 93 23 rörande
782 201 192 23 kronofiskerierna
998 202 8 22 i

186 229 63 23 Kemi
263 229 38 27 elf;

255 260 33 21 att
310 258 87 22 ståndet
419 259 96 27 godkänt
538 258 177 23 bankutskottets
736 257 139 24 betänkande
895 259 111 27 angående

186 287 153 28 Längmanska
353 288 218 26 testamentsfonden;

255 317 34 21 att
310 316 89 22 ståndet
416 317 97 26 godkänt
527 316 176 22 statsutskottets
718 316 137 22 betänkande
870 316 8 22 i
893 316 114 28 anledning

187 343 23 25 af
232 346 32 21 ett
287 344 183 29 petitionsförslag
495 345 111 28 angående
629 344 94 28 koppar-
740 344 41 23 och
803 344 151 23 tennafradens
976 345 31 22 af-

188 372 123 29 skaffande;

256 404 33 20 att
311 402 87 22 ståndet
412 403 95 27 godkänt
521 402 156 28 lagutskottets
692 401 138 23 betänkande
847 402 111 28 angående.
974 408 33 16 ar-

187 430 70 23 voden
271 431 34 22 för
319 431 199 29 bouppteckningar
533 431 42 23 och
590 430 112 24 arfskiften
717 432 60 21 utom
791 433 34 20 att
841 433 9 20 1
862 438 63 16 mom.
937 430 71 25 af.för-

188 459 209 30 fattningsförslaget
413 460 67 23 borde
495 460 82 22 erhälla
591 460 42 22 den
647 459 24 23 af
683 460 110 28 professor
807 460 83 22 Jaakko
905 460 103 23 Forsman

187 489 8 22 i
211 488 50 23 dess
276 489 134 23 reservation
425 488 116 26 förordade
555 489 91 28 lydelse;

257 519 33 21 att
304 518 107 22 utskottet
426 517 85 29 afslagit
527 518 107 22 allmänna
649 517 209 23 besvärsutskottets
866 518 100 22 anhållan
975 524 34 16 om

189 546 79 28 ökning
290 545 23 23 af
332 546 157 23 ledamöternas
512 547 60 22 antal
590 547 8 21 i
613 547 60 21 detta
688 546 91 26 utskott,
795 546 111 23 hvaremot
922 547 86 21 ståndet

188 576 49 21 icke
258 575 57 22 hade
337 576 66 26 något
427 578 57 20 emot
506 578 34 19 att
561 575 108 23 utskottet
691 576 49 21 med
760 575 38 22 sitt
813 575 123 23 nuvarande
951 576 58 22 antal

189 604 138 28 medlemmar
341 604 110 22 fördelade
467 605 32 27 sig
514 604 30 28 på
558 606 79 21 tvänne
652 604 125 28 divisioner;
793 607 56 19 samt

259 634 33 21 att.
313 633 88 22 ståndet
421 633 36 23 vid
479 633 131 27 behandling
625 632 22 22 af
661 633 176 23 statsutskottets
852 633 136 23 betänkande
1002 634 8 21 i

190 661 179 29 rusthållsfrågan
385 662 40 22 och
444 662 54 22 efter
514 662 36 23 det
566 662 88 23 ståndet
668 662 8 21 i
690 662 82 28 princip
787 662 96 25 beslutat
897 663 113 27 godkänna

189 690 148 24 betänkandet
353 690 40 24 och
407 691 92 23 sålunda
513 690 73 30 afböja
599 690 171 23 bondeståndets
785 691 127 29 inbjudning
926 693 34 21 att
973 698 37 16 an-

190 722 53 26 taga
258 720 42 23 den
313 720 79 28 nådiga
407 720 161 29 propositionen
583 721 86 22 stannat
683 720 8 22 i
705 720 94 28 följande
810 720 89 23 beslut
891 716 10 37 i
910 720 101 24 afseende

192 749 13 22 å
219 748 253 31 författningsförslagets
488 749 103 28 detaljer;

260 777 111 24 Rubriken
386 780 77 26 antogs
478 777 136 28 oförändrad,
630 777 41 23 och
685 777 70 23 skulle
770 778 64 22 alltså
849 778 109 23 bibehålla
972 778 39 24 föl-

189 807 66 29 jande
269 805 91 30 lydelse:
388 824 7 10 ,
400 807 133 28 Förordning
549 813 34 17 om
597 806 141 28 upphörande
754 806 22 23 af
790 807 28 22 de
832 807 47 23 från
893 808 119 22 rusthällen

192 838 56 20 samt
262 836 100 23 roterade
378 836 99 23 hemman
493 836 40 23 och
551 835 156 24 båtsmanshåll
721 836 108 28 utgående
844 836 168 28 vakansafgifter

193 865 109 23 äfvensom
316 865 126 29 indragning
456 865 23 23 af
492 866 27 22 de
533 865 120 22 rusthållen
671 865 101 23 anvisade
787 867 123 26 augments-
926 866 40 26 och
982 866 30 22 öf-

191 894 48 28 riga
253 894 93 22 räntor."

261 922 81 25 Likaså
361 922 90 28 gillades
474 924 51 21 utan
545 922 89 28 ändring
649 922 117 28 ingressen,
783 923 24 21 så
821 922 103 28 lydande:
950 939 9 11 ,
962 923 51 23 Med

194 951 90 29 ändring
298 951 23 23 af
335 953 26 21 18
377 953 11 26 $
402 952 7 22 i
424 951 193 29 regeringsformen
632 951 23 22 af
669 951 40 22 den
725 953 26 21 21
768 952 92 27 Augusti
872 952 140 27 1772,
942 947 10 37 i
960 952 52 27 hvad

196 981 40 22 den
252 981 67 27 angär
333 980 247 28 rusthällsindelningen,
596 980 87 28 stadgas
699 986 46 16 som
760 980 85 28 följer:*

262 1010 11 28 8
290 1012 9 20 1
317 1010 124 28 godkändes
456 1009 49 23 med
520 1010 39 22 det
573 1009 130 29 uttryckliga
717 1010 76 26 vilkor,
808 1010 33 22 att
851 1010 80 28 jämväl
942 1011 40 21 den
992 1010 23 22 af

193 1038 109 24 utskottet
322 1038 122 29 föreslagna
465 1038 154 28 förändringen
639 1038 8 22 i
667 1038 101 23 afseende
783 1039 13 22 &
810 1039 91 22 rusthäll
916 1039 7 22 i
938 1039 76 29 sjelfva

194 1068 76 23 verket
283 1068 85 23 komme
383 1070 34 20 att
431 1068 66 27 gälla;

275 1096 12 29 8
302 1098 56 20 2—4
373 1096 98 28 gillades,
486 1097 52 22 hvar
555 1096 54 22 efter
623 1102 76 20 annan,
715 1096 152 27 oförändrade;

263 1125 11 29 8
289 1127 13 27 5
317 1125 91 28 gillades
423 1125 7 22 i
446 1126 70 27 öfrigt,
532 1127 61 21 utom
607 1126 34 21 att
655 1125 7 21 i
672 1124 69 23 finska
751 1127 73 21 texten
833 1126 71 22 skulle
913 1126 100 27 tilläggas

195 1154 28 22 de
236 1153 47 23 från
299 1154 67 22 slutet
381 1154 23 22 af
417 1160 76 16 senare
507 1160 64 16 mom.
586 1153 104 24 uteblifna
705 1154 77 23 orden:
799 1154 81 27 ,siihen
891 1154 123 25 kuuluvista

192 1182 79 28 jyvistä
283 1183 24 27 ja
321 1182 134 27 kauroista;*

263 1212 12 26 8
291 1213 12 19 6
318 1211 124 27 godkändes
458 1211 129 27 äfvenledes,
603 1211 50 21 med
667 1211 90 22 rättelse
771 1211 58 22 blott
839 1210 23 23 af
871 1212 37 21 det
918 1211 46 23 deri
976 1218 38 20 ge-

195 1246 50 16 nom
260 1240 90 26 tryckfel
365 1240 106 26 ingående
486 1240 62 22 ordet
563 1240 112 26 ,kruunu*
691 1240 7 20 i
717 1240 74 22 stället
805 1240 34 21 för
853 1240 131 27 ,,rusthäll*;

305 1268 55 21 7—9
377 1269 97 25 antogos,
490 1268 53 21 hvar
558 1266 54 28 efter
627 1274 76 20 annan,
719 1269 53 21 utan
787 1268 96 26 ändring.

264 1296 60 22 Efter
339 1296 38 22 det
395 1296 52 22 derä
467 1298 80 20 tvänne
560 1296 9 22 i
583 1296 153 28 sammanhang
750 1296 90 22 härmed
855 1296 58 23 inom
928 1296 88 23 ständet

195 1324 80 24 väckta
295 1324 81 29 förslag
397 1324 82 24 medels
501 1324 100 25 anstälda
621 1325 156 27 omröstningar
800 1325 69 23 blifvit
883 1325 131 28 förkastade,

197 1354 38 23 det
249 1360 41 16 ena
299 1354 112 28 äsyftande
422 1354 123 23 återremiss
556 1354 32 22 till
596 1354 109 23 utskottet
713 1354 33 22 för
756 1354 105 24 vinnande
870 1355 23 22 af
902 1355 114 28 utredning

197 1383 110 28 angående
323 1384 27 22 de
365 1384 8 22 i
387 1383 180 23 skattekomiténs
583 1384 135 22 betänkande
733 1384 133 27 omnämnda,
882 1390 49 16 men
947 1384 23 22 af
982 1386 34 21 ut-

197 1412 82 23 skottet
300 1412 123 24 förbisedda
445 1412 46 29 fyra
508 1412 126 28 rusthållen,
651 1413 36 22 det
702 1413 67 23 andra
783 1413 134 23 beträffande
932 1413 84 28 inbjud-

196 1442 51 28 ning.
261 1442 33 22 till
308 1442 143 23 medständnn
467 1444 32 21 att
512 1442 75 22 förena
601 1442 34 28 sig
650 1448 34 16 om
691 1442 173 28 presteständets
875 1442 141 24 ofvanomför-

197 1470 73 23 mälda
283 1471 79 27 beslut,
378 1471 79 28 ansägs
473 1472 37 22 det
523 1470 172 29 förereliggande
710 1472 90 22 ärendet
815 1471 65 23 alltsä
895 1472 23 22 af
931 1472 87 25 ständet

197 1493 181 40 slutbehandladt.
790 1505 22 18 In
823 1504 65 20 fidem:

681 1532 54 24 Carl.
755 1534 49 23 Joh.
820 1534 129 29 Lindegvist.
