1075 1703
416 122 41 18 Den
471 124 22 16 18
505 122 58 23 April.
825 125 41 20 579

76 187 68 22 stäldt
158 188 49 21 med
222 187 130 27 bevillningn
367 187 33 23 för
415 188 137 28 tillverkning
566 189 22 21 af
601 189 148 27 maltdrycker,
761 189 40 22 och
811 195 35 16 om
856 190 39 21 alls

75 216 70 26 någon
161 216 67 21 sådan
247 216 115 27 bevilining
381 217 96 21 kommer
491 219 33 19 att
538 218 62 21 bestå
616 218 24 21 sä
655 218 61 26 länge
733 218 162 26 tillämpningen

76 244 22 21 af
111 244 200 27 försäljningslagen
326 244 81 22 fortfar.
437 245 44 27 Mig
497 252 69 20 synes,
583 248 33 20 att
631 246 40 21 den
681 245 112 22 fiskaliska
801 246 61 21 sidan
873 246 23 21 af

75 272 67 22 saken
156 273 48 20 icke
219 272 38 22 har
272 274 66 25 nägot
353 273 153 27 sammanhang
520 274 49 21 med
585 275 69 21 denna
668 274 36 26 lag
719 280 34 15 om
768 274 127 27 försäljning

74 300 40 22 och
129 301 145 26 utskänkning
285 301 23 21 af
314 302 153 26 maltdrycker
461 296 13 37 ;
477 308 77 20 genom
562 302 70 22 denna
640 302 124 27 förordning
773 302 56 22 afses
839 302 56 22 blott

76 335 26 15 en
122 329 44 21 viss
189 329 143 26 begränsning
354 329 23 21 af
390 330 100 21 ölhandel
506 330 121 22 oberoende
644 330 22 21 af
684 332 49 20 dess
751 331 143 26 beskattning.

75 357 41 21 Om
138 357 64 22 dessa
224 358 39 21 ord
277 357 114 26 uteslutas,
407 358 68 21 borde
490 360 33 20 ett
538 359 63 22 ställe
618 359 7 21 i
644 358 167 27 fortsättningen
825 361 69 20 rättas

73 386 107 27 nämligen
196 387 32 20 att
244 386 65 22 orden
327 393 52 20 ,ege
387 387 103 26 rättighet
499 389 33 20 att
540 389 52 20 utan
601 387 95 22 särskild
704 388 111 21 anmälan"
828 388 67 22 borde

73 415 86 28 utbytas
175 417 58 20 emot
248 421 59 22 ,ege,
324 417 52 20 utan
391 415 92 22 särskild
499 416 104 26 anmälan,
622 416 103 27 rättighet
741 417 43 21 att"
804 423 18 15 o.
840 423 17 15 s.
873 423 20 14 v.

142 444 56 23 Herr
213 444 23 22 af
248 444 143 22 Forselles:
414 445 43 21 För
474 445 43 22 min
533 445 35 22 del
583 445 69 22 skulle
665 445 38 27 jag
718 446 109 21 vördsamt
841 445 53 23 fast-

74 473 57 22 hålla
144 474 36 21 vid
194 473 68 22 första
278 474 62 21 delen
356 473 23 22 af
392 473 41 22 min
449 475 133 21 reservation
597 474 39 22 och
651 474 87 27 päyrka,
754 476 33 19 att
801 475 7 20 i
819 475 75 21 stället

74 502 34 21 för
127 502 69 22 första
218 504 117 20 momentet
356 501 32 23 uti
410 503 119 22 utskottets
548 503 80 26 förslag
644 503 68 22 skulle
727 503 85 26 intagas
827 503 68 22 andra

74 533 118 19 momentet
206 531 32 21 uti
258 531 41 22 den
317 531 79 27 nådiga
411 532 166 26 propositionen.
608 532 63 22 Såväl
688 532 41 21 den
744 531 87 27 komité,
847 538 47 15 som

75 560 55 21 hade
146 560 33 27 sig
193 560 121 27 uppdraget
332 562 34 20 att
384 560 102 22 utarbeta
500 560 81 27 förslag
595 560 32 22 till
643 560 134 27 lagstiftning
792 560 7 22 i
815 562 78 24 ämnet,

74 594 46 16 som
143 588 41 22 den
199 588 115 28 kejserliga
329 588 167 28 propositionen,
513 588 63 22 hafva
592 589 135 26 enstämmigt
741 588 111 27 föreslagit
867 595 27 15 en

75 617 67 21 sådan
164 618 158 25 bestämmelse,
344 619 33 20 att
398 617 47 22 från
467 618 152 27 bryggerierna
641 617 69 22 skulle
726 617 21 22 få
763 618 65 27 säljas
843 618 52 21 hela

73 646 79 27 korgar
168 646 51 22 eller
235 648 11 19 5
264 647 81 21 kannor
365 646 26 26 öl,
408 646 28 21 då
451 646 66 22 andra
532 647 46 21 kärl
594 647 114 27 begagnas.
739 646 40 28 Jag
794 646 36 22 vill
844 647 49 21 icke

74 681 59 16 mera
147 675 112 22 framhålla
280 675 71 22 såsom
365 675 72 26 motiv,
455 677 38 24 att,
509 682 34 15 om
558 676 150 27 bryggerierna
722 676 82 21 tillåtas
820 675 74 22 utöfva

76 703 191 29 minutförsäljning
282 704 41 22 och
338 709 49 16 man
402 703 35 22 vill
453 703 107 23 bibehålla
574 704 153 22 kommunerna
741 704 35 22 vid
790 704 103 27 rättighe-

76 735 36 20 ten
134 735 33 20 att
189 734 69 21 tillåta
281 733 52 22 eller
353 733 54 21 afslå
421 733 123 22 inrättande
559 733 23 22 af
596 733 241 28 ölförsäljningsställen,
854 733 41 21 blir

76 763 70 22 denna
159 763 103 26 rättighet
277 762 83 27 ganska.
374 762 102 26 vansklig,
493 764 22 25 ty
529 762 49 21 med
589 762 143 27 anläggandet
743 761 23 22 af
771 762 124 27 bryggerier

76 792 40 21 har
129 792 129 21 kommunen
272 791 49 22 icke
337 793 33 20 att
384 792 51 25 taga
450 791 70 26 någon
540 790 126 28 befattning.
696 791 42 26 Jag
753 791 69 21 skulle
837 790 57 21 såle-

77 821 37 20 des
137 820 109 22 vördsamt
267 820 87 27 påyrka,
375 821 32 20 att
422 819 130 28 stadgandet
566 820 7 21 i
588 821 40 20 den
643 819 78 28 nådiga
735 819 160 28 propositionen

76 849 70 22 skulle
161 849 40 21 här
215 849 86 21 införas.

144 877 56 22 Herr
214 877 102 26 Munck,
332 876 26 22 K.
374 877 33 20 F.:
432 877 31 21 Ur
477 877 111 27 principiel
604 877 107 27 synpunkt
727 883 50 16 vore
790 877 37 27 jag
843 877 51 27 böjd

77 907 32 20 att
132 907 69 21 tillåta
223 906 42 21 alla
286 905 88 28 möjliga
395 904 94 28 friheter,
513 911 46 16 som
582 905 68 22 skulle
673 905 67 27 gifvas
763 906 23 21 åt
801 906 28 21 all
843 905 52 22 han-

77 935 34 22 del
125 935 50 22 med
190 935 150 26 maltdrycker,
359 940 48 15 men
424 935 47 20 med
491 933 102 23 afseende
608 935 13 20 å
636 935 41 20 den
692 934 95 21 rådande
803 934 92 27 opionen

75 964 7 21 i
97 964 79 25 landet,
193 964 39 21 har
243 964 44 27 jag,
303 963 44 21 lika
363 968 46 16 som
424 963 66 21 också
505 963 114 25 utskottet,
635 963 92 27 nödgats
735 963 57 26 gifva
803 963 49 21 vika
862 963 35 21 för

78 993 68 20 denna
162 992 57 26 åsigt
234 992 40 21 och
288 992 71 20 tillåta.
373 991 153 21 kommunerna
541 991 41 21 den
599 991 160 21 bestämmande
769 991 126 21 rätten
844 987 11 35 i
867 987 33 35 af-

76 1020 80 21 seende
172 1021 13 21 å
200 1020 133 21 inrättandet
352 1019 23 22 af
388 1019 151 27 ölförsäljning.
570 1020 33 21 Då
617 1025 30 16 nu
661 1020 65 21 likväl
741 1020 155 21 kommunerna

76 1049 48 22 icke
140 1051 37 20 äro
192 1049 135 26 berättigade
346 1049 33 20 att
397 1047 109 23 förhindra
521 1048 135 27 bryggeriers
670 1048 122 21 inrättande
807 1048 28 27 på
849 1048 46 21 lan-

78 1078 42 26 det,
136 1083 48 16 men
199 1077 157 22 kommunerna!
372 1077 7 20 i
398 1077 116 21 allmänhet
529 1077 66 27 enligt
610 1077 56 27 3:dje
681 1077 11 27 $
708 1077 69 21 skulle
792 1083 51 15 vara
858 1077 38 21 be-

76 1106 107 27 rättigade
207 1108 31 19 att
260 1105 110 22 förhindra
393 1105 27 22 all
439 1105 126 28 försäljning
580 1105 22 22 af
614 1105 149 28 maltdrycker,
780 1111 34 16 om
829 1105 27 22 de
871 1105 25 21 så

77 1135 53 26 godt
144 1134 62 27 finna,
223 1141 51 15 vore
290 1134 36 21 det
340 1134 157 26 inkonsegvent
512 1135 32 20 att
558 1134 70 21 tillåta
642 1134 122 26 bryggerier
780 1134 27 26 på
822 1133 75 22 landet

78 1165 32 19 att
132 1163 110 27 buteljtals
265 1163 53 26 sälja
341 1163 26 20 öl.
401 1163 42 20 Det
459 1165 24 18 är
498 1162 66 22 också
580 1163 70 20 derför
666 1168 45 15 som
724 1163 38 26 jag
776 1163 121 21 reserverat

77 1192 44 26 mig
135 1192 41 21 och
191 1191 35 21 vill
241 1191 125 27 ytterligare
380 1190 93 22 vidhålla
489 1191 41 21 den
546 1190 82 27 äsigten
644 1192 56 19 samt
713 1191 8 20 i
730 1190 108 22 anseende
846 1191 50 20 här-

78 1220 32 21 till
132 1219 93 27 förorda,
246 1221 32 19 att
297 1219 41 21 den
357 1219 78 26 nådiga
450 1219 170 27 propositionens
638 1221 54 19 1:sta
708 1219 11 27 8
734 1219 35 21 må
783 1220 90 25 antagas
889 1219 8 21 i

78 1248 73 21 stället
166 1248 33 22 för
213 1248 119 21 utskottets
347 1247 141 22 betänkande.
521 1248 43 21 Det
579 1249 23 19 är
618 1247 7 21 i
640 1248 60 21 2:dra
715 1249 117 20 momentet
847 1247 23 22 af
884 1249 10 20 1

78 1277 11 26 $
106 1277 68 26 sagdt,
191 1278 33 20 att
237 1276 54 22 ifrån
307 1276 124 27 bryggerier
444 1276 29 26 på
487 1276 75 21 landet
580 1275 48 22 icke
642 1275 33 22 får
690 1276 65 27 säljas
771 1276 82 21 mindre
869 1277 27 20 än

78 1312 27 14 en
119 1305 55 26 korg
189 1305 51 22 eller
256 1305 53 22 visst
324 1305 59 21 antal
401 1305 82 20 kannor
499 1305 26 21 öl.
555 1305 11 20 I
581 1303 75 28 sjelfva
671 1305 76 21 verket
761 1304 85 22 befarar
858 1305 39 26 jag

77 1334 55 25 icke,
148 1335 32 19 att
196 1334 36 20 det
247 1333 69 21 skulle
331 1333 80 26 uppstå
427 1334 24 19 sä
466 1333 84 26 mycket
566 1333 98 25 ölkrogar
678 1333 8 20 i
693 1333 104 20 närheten
805 1333 22 20 af
832 1334 64 25 bryg-

78 1361 102 27 gerierna,
197 1367 49 15 men
261 1361 28 21 då
303 1366 49 16 man
367 1361 48 21 icke
430 1361 43 20 kan
485 1360 33 21 för
532 1361 132 20 närvarande
676 1360 113 21 underlåta
799 1362 32 19 att
839 1360 59 26 gifva

78 1389 154 22 kommunerna
245 1389 104 26 rättighet
365 1390 32 20 att
411 1388 119 22 bestämma
545 1388 105 22 huruvida
661 1388 235 28 ölförsäljningsställen

77 1418 23 22 få
114 1418 91 22 inrättas
222 1418 52 22 eller
288 1418 26 27 ej,
331 1418 25 21 så
371 1423 62 22 synes
450 1417 37 21 det
507 1423 49 16 vara
572 1417 88 21 alldeles
674 1419 46 19 mot
735 1424 26 15 en
777 1417 67 22 sådan
859 1417 37 22 be-

79 1447 123 22 stämmelse
222 1449 32 19 att
272 1447 70 21 tillåta
357 1446 150 27 bryggerierna
522 1448 33 20 att
569 1446 110 27 buteljtals
695 1446 78 27 afyttra
789 1446 32 22 sin
838 1453 57 15 vara.

147 1475 99 22 Friherre
261 1475 102 26 Wrede,
378 1475 94 27 August:
487 1475 30 21 På
533 1475 26 22 de
574 1475 48 21 skäl
638 1474 73 23 herrar
727 1475 76 26 Antell,
816 1475 23 22 af
845 1475 51 22 For-

80 1505 63 22 selles
159 1505 39 22 och
214 1505 78 22 Munck
307 1504 64 22 hafva
385 1504 94 27 angifvit,
495 1504 35 21 vill
543 1504 38 27 jag
597 1503 65 22 också
676 1503 75 22 förena
765 1504 44 27 mig
823 1505 7 20 i
840 1504 57 21 förra

80 1534 61 23 delen
156 1534 24 22 af
192 1534 50 22 herr
257 1534 22 22 af
292 1533 113 23 Forselles
423 1533 133 22 reservation
571 1533 39 22 och
626 1539 37 21 ger
678 1533 85 22 således
778 1533 118 22 företrädet
