1073 1703
447 123 41 18 Den
500 124 11 16 2
523 123 44 22 Maj.
842 125 40 20 699

92 187 43 23 och
156 182 53 32 Åbo,
233 188 40 21 och
295 190 34 20 att
343 189 111 22 trakterna
469 189 88 22 söderut
572 190 34 21 väl
621 189 72 22 kunna
708 195 63 16 anses
786 189 44 21 lika
844 189 69 22 befol-

93 216 56 22 kade
164 217 41 21 och
220 216 43 21 lika
277 216 112 28 förmögna
403 224 46 15 som
463 217 53 22 ifrån
531 217 67 22 Wasa
612 220 74 19 norrut
700 218 32 21 till
747 217 114 26 Uleåborg.
877 217 36 21 In-

94 251 42 20 gen
158 245 39 21 har
220 245 55 21 dock
297 248 58 19 ännu
377 246 97 26 påyrkat,
497 247 33 20 att
549 246 69 28 bygga
633 253 26 14 en
674 246 107 21 kustbana
795 245 55 22 ifrån
865 240 47 27 Åbo

91 273 34 21 till
140 273 72 24 Wasa,
233 276 22 25 ty
272 273 37 28 jag
325 275 37 20 ber
377 276 33 19 att
424 275 22 21 få
460 275 108 26 anmärka,
584 277 33 19 att
632 275 40 20 den
688 274 172 27 Björneborgska
874 275 38 20 ba-

93 308 42 15 nan
149 302 48 21 icke
217 302 42 21 blir
273 303 70 25 någon
359 303 107 21 kustbana
480 305 51 18 utan
548 309 26 16 en
589 303 147 26 inlandsbana,
753 303 28 20 då
796 303 40 21 den
848 303 64 20 kom-

93 336 45 15 mer
160 332 33 19 att
213 330 26 27 gå
260 331 78 27 uppför
352 331 101 21 Kumoelf
467 331 40 21 och
522 331 119 27 Loimijoki.
671 331 92 21 Hvarför
777 331 92 27 påyrkar
885 331 29 21 då

92 359 211 26 österbottningarne
323 361 32 19 att
375 359 62 22 deras
455 360 56 21 bana
526 366 29 15 nu
570 362 77 24 genast
662 360 54 21 skall
731 360 84 21 komma
831 359 32 21 till
878 361 35 19 ut-

92 386 96 27 förande,
203 387 87 22 framför
309 388 42 21 alla
367 388 80 21 andra?
471 388 101 22 Kommer
588 388 69 21 denna
672 388 55 22 bana
742 388 122 26 verkeligen
880 387 33 21 till

92 416 121 26 utförande,
229 416 24 21 så
268 422 35 16 ser
323 422 48 16 man
385 418 36 20 vid
436 423 26 15 en
477 416 73 22 vidare
565 417 57 21 blick
636 416 29 27 på
679 417 84 25 kartan,
779 418 33 20 att
827 416 85 21 landets

92 445 95 25 ständer,
203 444 32 22 till
249 444 83 22 förmån
347 445 32 21 för
394 445 168 27 kusttrakterna,
578 446 105 20 anordnat
697 446 72 21 bortåt
784 447 31 19 ett
829 444 84 22 hundra

93 473 98 27 miljoner
208 474 59 20 mark
287 474 32 20 till
335 474 115 27 jernvägar
471 480 48 15 men
534 475 81 21 lemnat
629 474 49 21 hela
693 474 37 21 det
742 474 46 21 inre
804 473 23 22 af
839 474 75 20 landet

91 504 54 19 utan
160 502 87 22 sådana.
278 502 45 27 Mig
337 508 63 22 synes
417 503 60 21 detta
492 502 116 28 ingalunda
621 503 92 21 rättvist.
743 502 46 22 Den
799 502 113 22 kontinen-

93 531 45 21 tala
153 531 69 21 banan
241 531 54 21 ifrån
311 531 88 27 Wiborg
414 531 32 21 till
462 531 113 27 Uleåborg,
592 532 115 26 genomgår
721 531 102 25 deremot,
839 530 26 22 så
880 532 33 19 att

93 561 53 25 säga
162 559 41 21 den
219 560 144 26 geometriska
377 560 79 21 midten
473 560 23 20 af
509 560 49 21 hela
573 560 37 21 det
625 560 136 21 återstående
775 560 74 21 landet
859 565 53 20 som,

94 588 30 21 till
140 588 117 27 ytinnehåll
272 587 143 27 mångfaldiga
430 588 81 26 gånger
527 588 127 26 öfverstiger
661 588 168 26 kusttrakterna,
840 588 74 21 hvilka

93 622 29 16 nu
138 616 70 21 allena
223 619 36 19 äro
275 616 101 22 försedda
391 617 48 21 med
450 617 121 27 jernvägar.

162 644 62 22 Efter
238 645 39 21 allt
291 645 56 21 hvad
359 646 38 27 jag
415 652 29 14 nu
459 645 45 21 haft
519 648 51 19 äran
587 647 32 19 att
633 645 80 26 anföra,
729 647 24 19 är
767 645 49 21 mitt
831 644 81 27 slutpå-

94 674 90 21 stående
207 673 72 27 gifvet,
299 674 68 27 jämte
390 674 37 21 det
446 674 38 26 jag
505 674 8 21 i
532 673 121 22 hufvudsak
667 674 86 21 förenar
767 675 44 24 mig
826 680 34 14 om
875 672 38 22 det

94 702 157 24 stambanenät,
274 708 46 15 som
339 703 212 26 jernvägsutskottet
572 701 116 27 föreslagit,
708 701 108 22 äfvensom
832 701 80 26 derom,

94 732 33 20 att
141 731 65 21 linien
225 731 46 20 från
291 731 118 21 Davidstad
425 730 32 21 till
473 731 84 26 Kuopio
573 730 31 22 till
619 730 56 21 först
689 730 69 22 skulle
774 731 85 20 komma
873 736 39 15 un-

95 759 39 22 der
148 759 105 27 byggnad,
269 759 36 21 vill
319 759 37 27 jag
371 759 55 21 dock
443 761 56 19 ännu
515 761 33 19 att
563 759 96 21 deröfver
674 759 66 21 måtte
757 759 103 24 beslutas,
873 760 38 24 att,

94 789 66 20 sedan
176 788 64 21 linien
257 788 30 20 till
303 787 85 28 Kuopio
403 787 69 22 blifvit
486 787 75 28 färdig,
578 787 41 22 den
635 787 132 22 omedelbart
781 787 68 21 måtte
859 786 53 22 fort-

94 819 69 19 sättas
180 817 32 21 till
231 816 114 27 Uleåborg.
377 816 43 27 Jag
434 817 39 25 går
488 819 56 18 ännu
560 816 80 27 längre.
669 816 42 26 Jag
727 816 69 21 skulle
811 815 48 27 vilja
873 815 40 27 på-

94 845 53 27 yrka
162 847 33 19 att
210 845 63 21 dessa
288 846 88 21 arbeten
392 845 69 21 skulle
477 845 106 22 bedrifvas
595 845 49 21 med
655 846 68 20 större
734 845 75 26 anslag
819 846 28 19 än
857 845 55 25 dem,

95 880 46 15 som
161 873 211 28 jernvägsutskottet
393 873 117 27 föreslagit,
533 873 26 22 så
581 876 31 19 att
632 873 115 27 Uleåborg,
771 879 33 15 om
823 873 89 27 möjligt,

93 903 69 21 måtte
176 903 86 20 komma
276 903 7 20 i
299 902 125 27 åtnjutande
441 902 22 21 af
474 903 89 26 jernväg
578 903 43 20 lika
635 902 42 21 fort
691 907 46 16 som
748 908 34 15 om
792 901 121 22 kustbanan

94 931 87 28 bygdes,
219 931 42 26 Jag
284 932 69 20 måste
375 931 80 26 påyrka
478 931 66 26 detta,
563 931 32 21 till
609 931 52 26 följd
677 930 22 21 af
712 931 43 21 min
771 930 142 27 öfvertygelse

95 961 79 26 derom,
191 962 33 19 att
238 960 85 21 landets
339 966 67 15 sanna
422 960 33 21 väl
471 960 24 21 så
510 959 91 22 kräfver.
632 959 118 28 Uleåborgs
765 959 35 21 län
816 959 39 22 har
865 959 47 22 icke

94 989 71 26 någon
187 988 52 27 liflig
260 988 130 22 förbindelse
412 989 48 21 med
484 989 35 20 det
542 989 68 26 öfriga
631 988 79 21 landet.
741 989 65 20 Detta
821 988 35 21 län
873 989 40 20 och

96 1018 60 21 detta
171 1018 47 20 läns
232 1018 129 20 innevånare
376 1019 36 19 äro
428 1019 93 19 tvärtom
535 1017 112 21 isolerade.
673 1017 74 21 Denna
759 1017 108 27 isolering,
879 1022 35 15 om

96 1046 42 22 den
153 1049 58 19 ännu
227 1046 62 26 länge
304 1046 33 20 får
351 1045 111 26 fortbestå,
478 1046 42 20 kan
535 1046 67 21 alstra
617 1045 148 22 allvarsamma
779 1045 83 22 vådor
855 1041 12 35 i
878 1046 37 20 det

96 1076 41 21 den
153 1077 39 25 gör
206 1075 69 21 länets
291 1074 127 22 innevånare
433 1074 133 22 främmande
581 1074 32 22 för
623 1074 84 22 landets
717 1080 158 20 gemensamma
883 1074 31 20 in-

96 1106 91 20 tressen.
217 1103 41 27 Jag
273 1103 35 21 vill
325 1102 75 27 derför,
417 1103 67 21 ehuru
499 1103 28 27 på
543 1110 26 14 en
585 1109 69 15 annan
669 1105 46 25 väg,
731 1103 85 21 komma
823 1103 33 21 till
866 1109 49 20 pre-

95 1133 32 21 cis
143 1138 82 16 samma
239 1132 43 21 mål
296 1144 28 2 —
340 1138 46 15 som
400 1132 75 21 herrar
489 1134 141 23 reservanter,
647 1132 40 21 och
695 1132 36 20 vill
739 1132 108 21 vördsamt
855 1131 60 21 hem-

96 1162 71 25 ställa,
184 1162 73 20 derest
271 1161 61 21 detta
347 1160 48 22 mitt
409 1160 80 26 förslag
503 1160 96 22 kommer
614 1160 68 22 under
697 1160 139 27 ompröfning,
850 1160 65 21 huru-

96 1191 49 21 vida
159 1190 48 21 icke
223 1190 23 20 af
260 1190 48 20 dem
324 1195 46 15 som
385 1189 105 21 vederbör
504 1190 80 25 nödiga
599 1189 139 27 uträkningar
752 1188 67 22 borde
835 1188 81 21 anstäl-

96 1219 33 21 las
144 1218 93 22 rörande
258 1218 138 27 möjligheten
419 1220 33 18 att
468 1218 103 21 realisera
587 1223 26 16 en
627 1218 66 21 sädan
709 1217 57 27 plan.
796 1217 119 25 Uleäborgs

95 1248 37 21 län
154 1248 39 20 har
209 1246 24 22 sä
252 1247 77 25 många
348 1246 107 26 naturliga
471 1246 133 27 hjelpkällor,
620 1248 33 19 att
667 1247 38 20 det
719 1248 24 19 är
757 1246 42 21 min
815 1245 100 27 förhopp-

97 1277 57 25 ning,
170 1278 33 18 att
218 1276 124 24 detsamma,
358 1281 34 15 om
407 1275 48 21 icke
470 1280 29 16 nu
517 1276 77 26 genast
609 1275 24 21 sä
647 1275 8 21 i
671 1281 25 15 en
711 1274 93 26 framtid,
820 1274 96 22 kommer

97 1307 33 19 att
146 1304 49 22 med
217 1306 62 19 ränta
300 1304 111 26 ätergälda
426 1304 26 20 de
467 1303 99 27 förskott,
583 1309 45 15 som
643 1310 30 14 nu
687 1303 69 21 mäste
771 1305 70 25 göras.
871 1302 47 22 Här

96 1336 26 17 är
143 1333 125 25 visserligen
292 1338 26 14 en
341 1332 119 26 uppofiring
475 1332 22 20 af
510 1333 77 23 nöden,
603 1332 28 20 dä
645 1338 48 14 man
708 1331 29 26 pä
752 1338 26 14 en
794 1332 86 20 sträcka
895 1331 25 20 af

96 1361 84 21 kanske
193 1360 30 21 tio
239 1360 36 21 mil
295 1359 69 21 mäste
383 1359 27 25 gä
425 1364 77 21 genom
517 1365 27 15 en
560 1359 169 26 gvasiödemark,
745 1360 67 20 ehuru
828 1359 48 21 icke
891 1359 26 20 sä

96 1389 62 26 farlig
180 1394 47 15 som
249 1393 49 15 man
320 1387 91 21 utmälat
433 1387 54 20 dem.
524 1387 50 21 Meni
611 1387 143 21 betraktande
768 1386 23 21 af
804 1387 37 20 det
856 1388 61 19 stora

96 1417 51 26 mäl,
163 1423 46 15 som
222 1417 37 26 jag
274 1415 46 22 haft
335 1415 32 22 för
382 1417 89 24 ögonen,
487 1415 64 27 yrkar
558 1416 38 27 jag
604 1417 73 26 tryggt
687 1415 72 27 derpä.
776 1415 61 27 (Bra!
853 1415 61 26 Bra!)

165 1445 57 22 Herr
237 1445 92 27 Späre,
345 1444 99 22 Walfrid:
467 1445 42 26 Jag
523 1445 40 21 har
577 1445 65 21 redan
658 1444 35 21 vid
708 1446 87 19 senaste
811 1450 106 15 samman-

97 1475 73 22 trädet
184 1474 55 27 tagit
254 1474 43 26 mig
311 1473 93 22 friheten
418 1474 33 20 att
465 1473 69 22 uttala
549 1473 43 22 min
607 1473 56 26 äsigt
677 1473 8 21 i
700 1473 69 21 denna
778 1473 67 26 fräga.
875 1473 42 26 Jag

98 1503 71 23 skulle
184 1510 29 15 nu
232 1503 77 22 endast
329 1502 51 28 vilja
395 1502 115 21 hemställa
524 1502 32 21 till
571 1501 143 28 högvälborne
729 1502 50 21 herr
794 1502 67 21 baron
876 1502 41 21 och

98 1532 217 23 Landtmarskalkens
331 1533 56 20 samt
401 1530 116 28 höglofliga
531 1531 100 22 ständets
647 1530 149 28 bepröfvande,
812 1531 107 22 huruvida
