1067 1700
653 101 20 14 hd

425 115 130 37 Den:5-Mej.
820 121 47 21 sä:

149 177 42 66 ing,
200 190 49 49 30.
266 177 22 66 30
255 179 42 39 na.
290 179 58 65 jm
394 178 37 43 iyt:
425 179 83 63 ger
533 235 3 3 a
522 184 41 24 och
577 185 11 22 i
595 185 61 24 detta
662 178 204 62 porata
855 177 41 53 jag

107 215 84 57 pia
199 208 92 55 TAA
294 211 107 52 PNI

143 269 77 22 Grefve
240 269 125 27 Armfelt,
382 270 95 27 August:
502 270 43 28 Jag
559 271 62 25 tager
635 276 21 16 m
664 270 56 33 ycket
735 276 80 20 ogerna
830 270 64 21 ordet

117 298 63 28 detta
193 304 55 21 rum,
263 298 95 23 emedan:
365 298 44 28 jag:
418 298 52 33 icke
481 298 40 24 har
535 298 73 24 ordets
623 303 35 18 makt.i
697 298 71 24 mitt
782 298 57 26 våld,
855 298 41 22 och

90 328 22 22 et
126 322 86 30 bevisas.
227 326 105 28 tydligast
346 327 70 33 deraf.
421 328 33 20 att
461 327 39 27 jag
510 328 66 22 måtte
587 326 65 25 hafva
654 300 75 60 vlifvit
738 311 159 48 missförstådd;

143 349 118 35 Molander
278 355 61 27 sade,
358 358 35 19 att
407 355 39 28 jag
465 356 57 24 hade
540 357 69 26 yttrat
627 357 39 20 att.
678 360 31 19 em
720 355 102 27 Jägerhet
837 354 57 23 hade

73 379 82 33 betalt.
161 381 29 25 40
206 381 98 30 procent.
316 390 65 16 mera.
388 384 12 22 i
407 358 66 57 skatt
485 386 28 20 än
527 384 67 26 förut;
617 383 39 23 det
674 386 25 21 är
716 384 48 22 ieke
779 390 27 16 en
820 384 75 27 lägem-

71 409 56 32 ket,
140 407 62 32 utan.
214 412 47 24 alla
280 412 127 27 lägenheter
428 418 48 18 som
494 412 23 23 fä
536 412 72 23 betala
627 414 28 20 40
670 414 91 25 procent
772 418 68 20 mera,
852 412 45 22 och

89 442 52 32 etta;
150 441 94 28 grundar
259 441 39 28 jag
312 441 75 27 derpå,
399 443 35 20 att
446 443 41 23 när
502 447 49 18 man
563 441 79 28 jämför
656 441 30 23 de
697 441 72 27 gamla
783 441 114 22 undervis-

73 466 105 32 ningarne
196 464 44 28 och
262 470 64 27 deras
348 469 132 28 markegäug
497 470 49 22 med
565 469 42 24 den
626 475 43 29 nya.
687 468 209 29 räntepersedleom-

72 499 126 32 sättningen
217 498 41 22 och
276 494 50 26 dess
345 498 137 27 markegäng,
503 499 41 21 blir
562 499 38 22 det
617 500 53 19 nära
684 500 28 19 40
727 500 101 25 procents
844 498 54 26 stig-

73 527 59 34 ding.
168 526 82 23 Jämför
271 533 50 17 man
339 526 139 27 vubelräntan
498 527 40 22 och
557 527 42 23 den
618 527 124 23 nuvarande
760 527 96 25 skatten,
872 526 25 21 sä

73 556 41 27 gör
134 555 112 22 skilnaden
266 558 28 20 50
313 557 90 27 procent
422 555 40 23 och
482 555 37 23 det
534 555 59 23 öfver
607 555 49 22 hela
670 555 81 27 landet,
762 540 141 46 åtminstone

72 584 37 22 för
127 578 47 28 Åbo
196 584 42 26 län,
257 584 40 22 och
318 584 28 22 då
358 584 38 27 jag
410 586 69 26 yttrar
493 585 71 27 något,
581 584 79 22 brukar
672 584 38 28 jag
725 586 53 25 säga
792 584 56 22 hvad
861 584 38 28 jag

77 613 78 23 tänker
170 612 40 23 och
225 613 39 22 har
279 613 48 23 icke
342 613 68 33 några
423 613 127 22 baktankar.
580 613 42 27 Jag
636 613 68 33 begär
719 613 78 23 endast
808 614 92 21 rättvisa

75 641 25 22 åt.
119 642 28 22 de
166 638 182 58 skattäragande..
348 642 42 22 och
404 642 66 27 ingen
484 642 98 28 lindring,
599 641 40 23 och
652 642 38 27 jag
704 642 78 32 frågar,
799 648 34 16 om
848 642 64 21 her
902 637 14 41 -

74 668 87 31 Munck,
170 670 71 26 skulle.
289 677 29 15 finna
332 670 35 27 sig
379 670 34 22 vid
430 672 34 20 att
477 670 78 22 förlora
570 672 28 20 40
612 672 93 26 procent
717 670 24 22 af
753 670 49 22 sina
816 670 83 23 inkom-

73 696 57 29 ster,
148 705 44 15 om.
203 699 38 23 det
258 699 49 22 icke
328 699 67 24 också
410 705 51 17 vore
475 699 44 22 lika
533 701 131 25 smärtsamt,
678 704 48 18 som
743 699 32 22 dä
786 705 27 15 en
829 704 71 17 annan
918 715 2 3 .

75 725 61 25 skall
152 727 74 22 betala
244 728 28 20 40
289 730 94 30 procent
394 734 60 16 mera
468 728 7 22 i
491 728 59 22 skatt
565 728 41 22 och
621 716 43 33 det
673 729 24 20 är
712 728 29 27 pä
756 727 82 22 sädana
852 728 48 21 skäl

77 762 48 16 som
136 756 39 28 jag
189 756 119 28 tillstyrker
322 756 125 50 petitionen.

147 784 57 24 Herr
218 784 104 27 Munck,
334 780 30 37 K.
380 784 34 22 F.:
432 785 11 21 I
458 784 115 28 anledning
587 784 23 23 af
622 785 56 23 hyad
692 776 51 31 herr
757 783 23 24 af
792 784 108 22 Forselles

77 815 52 25 sagt
147 812 39 23 ber
201 814 39 32 jag
258 813 24 22 få
300 785 71 50 Hara
385 815 33 20 att
430 814 39 27 jag
484 814 25 21 så
523 814 85 27 mycket
622 813 82 22 mindre
719 813 72 22 kunde
806 813 45 21 tala
866 819 35 15 om

78 848 28 22 ny
125 842 146 27 beskattning,
292 848 47 16 som
354 843 39 27 jag
411 844 93 20 tvärtom
519 842 85 27 yttrade
619 844 33 20 att
666 842 73 27 grefve
754 841 101 23 Armfelts
870 842 32 21 tal

78 870 100 29 åsyftade
193 877 27 15 en
235 870 93 28 lindring
343 872 32 21 uti
390 870 98 22 skattens
500 871 119 26 utgörande
628 870 48 22 från
686 871 28 21 de
724 870 178 28 skattdragande.

147 899 57 22 Herr
218 899 137 23 Molander
368 899 123 23 förklarade
501 901 33 21 att
543 899 43 22 han
595 899 55 22 hade
660 899 162 27 missuppfattat
829 898 73 28 grefve

79 927 101 23 Armfelt
186 928 97 27 sålunda,
298 930 34 22 att
347 928 46 31 det
399 928 73 24 skulle
484 928 63 23 hafva
554 928 56 23 varit
616 928 136 27 erlägenhet
760 934 47 16 som
814 927 88 27 grefven

78 956 58 22 hade
154 955 74 25 afsett,

150 984 78 23 Grefve
238 984 128 28 Armfelt,
380 986 94 26 Angust:
490 985 42 27 Jag
546 984 39 22 ber
600 985 78 22 endast
690 984 29 23 få
723 984 130 34 tillägga
821 980 36 42 att
861 984 42 22 den

80 1013 103 28 lägenhet
202 1014 39 26 jag
262 1016 38 24 tog
319 1001 71 34 säsom
407 1014 96 26 exempel
522 1014 34 21 för
570 1013 49 21 mitt
633 1013 127 27 påstående,
775 1013 48 22 icke
837 1014 25 20 är.
877 1017 27 17 en

81 1042 56 26 enda
156 1042 108 26 lägenhet,
280 1048 47 16 som
345 1042 92 23 sålunda
446 1042 46 21 fått
506 1042 36 22 sin
554 1041 62 23 skatt
629 1042 94 26 stegrad
752 1042 43 26 Jag
809 1042 41 21 kan
865 1040 41 22 här

81 1070 122 28 uppräkna.
212 1070 64 23 tiotal
294 1070 85 24 sådana.
390 1070 132 34 lägenbeter,
538 1075 49 17 men
599 1070 38 27 jag
652 1070 46 22 vill
702 1070 102 22 förskona
818 1069 88 22 ständet

80 1098 49 26 från.
143 1100 34 20 att
191 1098 54 22 höra
259 1099 56 22 dem.
344 1098 35 22 De
391 1100 40 21 äro
445 1098 43 24 alla
503 1094 71 42 dylika
587 1098 43 23 och
644 1098 65 27 ingen
722 1097 23 23 af
757 1093 66 36 dessa
829 1093 78 36 lägen-

80 1127 75 23 heter
158 1128 39 21 äro
212 1127 58 22 mina
284 1126 132 28 lägenheter,
432 1127 38 22 det
484 1127 39 22 ber
535 1128 38 27 jag
587 1127 68 23 också
668 1127 22 22 få
704 1126 97 29 tillägga:

151 1154 57 23 Herr
229 1156 23 21 af
271 1154 141 24 Forselles:
438 1156 42 27 Jag
498 1156 40 22 ber
555 1156 57 22 blott
625 1155 50 22 med
690 1153 121 30 anledning:
820 1155 22 23 af
855 1154 51 23 herr

82 1185 92 21 Muncks
196 1187 88 20 senaste
305 1184 115 28 yttranden
439 1184 23 21 fA
481 1185 103 21 anmärka
598 1185 34 20 att
646 1184 50 21 herr
711 1184 79 21 Munck
804 1180 46 25 helt
865 1183 41 22 och

82 1213 69 27 hållet.
172 1215 40 20 är
218 1213 40 22 allt
278 1212 133 29 fortfarande
432 1213 30 27 pä
481 1213 122 27 villovägar.
634 1213 47 22 Det
695 1212 161 28 är:icke:fräga
870 1218 36 16 om

82 1232 188 47 skattajämkaing
281 1244 53 24 utan
348 1237 101 32 fixering
448 1240 28 23 af
489 1247 28 16 en
530 1241 65 24 förut.
602 1240 182 28 befintlig.skatt;
786 1241 121 26 ieke:fräga

84 1276 36 16 om.
128 1272 40 25 att
182 1271 56 26 göra
249 1265 93 31 skatter
352 1271 71 24 större
429 1270 57 22 eller
494 1270 90 26 mindre,
594 1271 58 21 utan
656 1261 34 40 att
703 1269 204 23 finera-densamm&i

152 1295 58 25 Herr
226 1298 101 27 Munck,
342 1298 26 21 K.
383 1298 34 22 F.:
440 1298 44 22 Det
498 1300 25 20 är
535 1298 48 28 just
596 1298 33 22 uti
643 1297 265 27 fixerandet-af.'sketten,

83 1332 49 20 som
143 1327 43 26 jag,
196 1332 64 20 anser
266 1311 132 46 lipdgingen.
408 1326 34 32 för
460 1327 47 23 den;
518 1326 168 32 skattdregande
699 1326 76 27 jorden
784 1326 69 21 bestå
867 1326 39 25 uti,

84 1355 24 27 ty
127 1350 137 30 varuvärdet,
278 1354 85 27 stiger.
363 1353 132 29 penningen.
504 1352 90 29 sjunker
602 1353 46 24 och
657 1360 13 17 i
683 1358 89 19 satoma,
777 1356 56 20 mån:
845 1354 61 22 kom:

83 1388 49 21 mer
146 1382 43 28 den
203 1382 169 34 skattdragande
384 1378 87 42 jorden-
478 1378 39 42 att.
522 1378 33 42 få:
559 1382 311 27 minskning:
693 1378 19 42 i;
716 1378 56 42 sina:
782 1378 93 42 skatter.

85 1435 32 3 +;
150 1406 50 31 Då.
203 1411 73 33 ingen
275 1417 76 21 annan
361 1410 32 27 af
403 1411 102 25 stäpdets
517 1410 139 55 ira
660 1404 84 40 vidarp:
740 1403 169 69 ytimet

85 1441 36 56 re
153 1442 60 55 Yr
212 1436 45 40 sig,
268 1439 160 57 EN
438 1436 59 39 herr
502 1435 222 52 Tandiatarskolkek
721 1438 107 52 Ta
