1073 1711
206 136 51 36 868
515 138 43 19 Den
566 139 15 17 8
592 138 46 24 Maj.

184 204 69 24 måtte
266 203 12 22 i
287 203 35 23 sin
337 199 70 22 finska
422 200 47 20 text
482 198 117 23 framträda
613 198 122 27 möjligaste
745 198 69 23 måtto
822 197 77 26 felfritt
914 193 33 39 och
963 193 44 39 med

184 227 107 37 noggrant
303 225 147 30 atergifvande
465 227 22 21 af
501 227 38 22 det
553 226 91 23 afsedda
658 225 124 24 innehållet.
810 227 46 21 Det
868 228 65 26 synes
944 226 62 25 verk-

185 262 58 26 ligen
257 266 52 16 vara
323 264 27 16 en
365 256 25 23 sä
405 256 48 22 klar
467 255 47 33 sak,
529 261 47 16 som
591 255 67 26 något
673 261 50 16 vara
733 255 50 29 kan,
796 257 31 20 att
843 255 52 22 Hans
905 255 102 28 Majestät

186 289 51 29 sjelf
256 287 96 29 tillfylles
374 285 59 21 inser
454 286 72 25 vigten
549 283 23 22 af
590 284 70 25 detta;
683 283 71 22 sävidt
766 284 46 27 mig
827 286 24 19 är
865 284 88 26 bekant,
968 284 40 22 har

186 308 67 39 också
264 308 53 39 från
329 313 120 30 Kejserliga
464 312 106 23 Senatens
585 312 54 26 sida,
657 318 77 22 genom
749 312 133 28 sakkunnige
897 319 110 22 personer,

182 340 39 38 all,
226 340 77 63 möjlig
318 348 86 21 omsorg
420 344 75 25 egnats
509 342 24 21 ät
548 342 74 25 saken,
637 347 35 17 om
687 341 66 22 också
767 342 71 27 nägön
853 342 57 27 gång
925 342 83 22 bristen

181 369 48 62 På:
249 373 24 6 id
291 374 39 22 har
344 372 64 28 gjort,
423 373 33 19 ait
470 370 28 23 fel
513 370 104 26 insmugit
631 370 40 26 sig,
685 370 84 22 hvilket
779 371 82 27 jämväl
876 370 62 23 äfven
954 370 55 24 varit

217 399 32 26 jet
261 402 50 27 med
327 401 27 23 de
369 400 46 21 från
431 399 121 30 Ständerna
567 399 39 22 och
623 398 62 22 deras
701 399 85 22 utskott
796 398 79 27 afgifna
887 399 121 28 yttranden.

187 430 42 28 Vid
244 430 79 24 sådant
336 428 133 26 förbållande
484 433 64 22 synes
563 427 43 27 mig
621 426 77 28 tydligt
712 427 41 22 och
768 426 63 27 klart,
841 429 34 24 att
883 434 27 15 en
917 427 91 28 petition

187 461 27 22 sä
233 459 143 28 kringskuren
391 457 33 21 till
439 457 38 20 sitt
492 455 86 28 omfäng
593 462 47 15 som
655 462 62 15 mom.
734 456 19 21 b.
769 458 84 19 ensamt
867 456 33 22 för
915 456 40 27 sig,
970 463 38 15 en-

187 490 51 21 dast
259 488 70 22 skulle
350 487 52 20 vara
425 487 32 19 ett
471 484 217 22 misstroendevotum
704 484 39 21 och
760 491 27 15 en
802 485 83 22 erinran
901 485 32 21 till
947 485 61 22 Hans

187 517 109 28 Majestät,
317 515 79 22 liksom
418 519 35 16 om
475 513 70 22 denna
559 513 70 27 punkt
643 513 48 21 icke
705 512 59 22 förut
779 513 54 21 varit
847 513 46 22 före
908 513 34 22 för
957 519 53 21 upp-

188 545 152 23 märksamhet.
371 542 29 23 Så
415 542 58 27 villig
485 541 38 28 jag
538 543 24 20 är
578 543 33 20 att
625 541 57 26 gifva
692 547 26 15 en
729 541 67 22 sådan
805 541 134 27 underdänig
946 541 64 23 fram-

188 572 108 28 ställning,
312 573 39 21 der
365 571 47 21 skäl
427 570 122 25 förefinnes,
565 570 25 21 sä
604 569 49 22 litet
667 569 42 22 kan
721 569 38 27 jag
773 570 8 21 i
796 569 60 22 detta
870 570 38 22 fall
921 565 54 39 finna
983 576 27 15 en

188 603 68 22 sädan
278 600 140 26 anmärkning
433 605 50 15 vara
498 599 29 27 pä
540 598 34 22 sin
589 598 63 28 plats.
691 598 48 22 Med
755 597 101 23 afseende
871 598 55 30 härä
940 598 70 22 skulle

185 632 40 29 jag
236 638 29 15 nu
279 630 46 22 helt
340 627 73 24 enkelt
426 628 117 21 inskränka
558 628 43 25 mig
611 626 32 22 till
651 628 33 20 att
693 626 80 22 föreslå
783 627 226 28 sammanjämknings-

188 660 115 27 förslagets
324 656 146 26 förkastande,
493 663 49 15 men
558 656 27 22 dä
597 656 39 27 jag
651 656 34 21 vid
699 656 158 27 granskningen
873 656 23 22 af
910 656 27 21 de
952 656 58 22 olika

189 690 104 21 ständens
308 688 73 22 beslut
394 686 75 25 finner,
485 688 32 18 att
532 686 7 20 i
555 684 131 28 högvördiga
701 685 162 26 presteständet
877 692 27 15 en
914 684 96 23 modifie-

188 718 67 22 rande
273 715 139 26 formulering
434 714 39 21 har
495 713 70 22 blifvit
582 713 87 26 ernädd,
685 719 46 15 som
747 720 64 20 synes
826 714 7 21 i
848 714 79 27 högsta
941 714 69 22 mätto

189 746 94 28 lämplig,
300 745 39 22 och
355 744 28 21 dä
395 744 38 27 jag
447 742 48 22 icke
510 742 42 22 kan
567 742 61 25 fatta,
645 744 32 19 att
687 742 27 22 de
727 742 81 27 lagliga
817 742 108 26 formerna
936 742 74 22 trädas

189 775 33 22 för
237 776 52 20 nära
303 779 78 21 genom
396 774 33 19 att
444 771 91 21 ständen
551 770 67 22 ocksä
633 776 27 16 nu
676 770 70 22 skulle
761 773 52 24 taga
827 771 64 22 dessa
902 771 58 22 olika
968 771 42 22 för-

189 804 48 26 slag
251 802 69 22 under
335 800 139 28 ompröfning,
491 800 69 21 ehuru
575 799 106 21 allmänna
695 800 198 22 besvärsutskottet
900 800 48 21 icke
956 800 54 21 kun-

189 835 39 19 nat
241 830 64 28 lägga
320 830 60 22 detta
394 829 23 21 af
429 831 33 19 ett
477 828 64 22 stånd
555 828 78 27 gillade
648 827 81 28 förslag
743 828 32 22 till
790 828 69 27 grund
867 828 33 22 för
908 831 38 19 sitt
954 834 56 16 sam-

189 858 257 29 manjämkningsförslag,
463 857 69 21 skulle
545 857 38 27 jag
599 856 64 27 bedja
677 859 33 18 att
729 857 72 21 såsom
817 858 32 21 ett
864 857 68 22 andra
946 857 64 22 alter-

190 889 65 26 nativ,
271 895 47 15 som
331 888 38 27 jag
383 887 33 21 för
431 886 42 21 min
489 886 34 21 del
538 885 70 22 skulle
621 891 52 15 anse
687 885 110 27 riktigare,
812 885 86 27 föreslä,
910 887 34 20 att
952 886 58 21 stän-

190 918 39 22 det
242 917 71 22 skulle
328 916 114 27 godkänna
457 915 37 21 det
508 913 23 22 af
544 914 162 27 presteständet
720 913 83 23 fattade
819 914 78 26 beslut,
914 915 97 26 hvarige-

190 953 77 21 genom
289 952 28 15 en
338 945 91 28 petition
450 943 49 22 vida
519 943 125 27 lämpligare
659 944 27 19 än
702 943 42 22 den
759 949 29 15 nu
803 942 121 28 föreslagna
939 943 70 22 skulle

190 976 69 22 ernäs.

258 1003 57 22 Herr
330 1001 141 23 Mechelin:
489 1000 39 22 Till
545 1007 26 14 en
587 1001 46 20 stor
648 1000 34 21 del
697 1000 65 27 hyser
774 1001 38 27 jag
826 1000 113 23 enahanda
954 1001 57 26 äsigt

190 1033 92 22 rörande
297 1032 61 21 detta
373 1029 303 28 sammanjämkningsförslag.
691 1035 46 16 som
754 1029 41 22 den
811 1032 86 19 senaste
906 1029 64 22 ärade
979 1032 33 19 ta-

190 1062 60 21 Jaren
265 1059 86 25 uttalat,
368 1065 47 16 men
428 1059 37 26 jag
480 1059 41 20 kan
539 1058 55 21 dock
608 1057 48 22 icke
671 1058 85 21 komma
771 1058 31 21 till
818 1065 82 15 samma
907 1058 51 22 slut.
972 1058 40 21 Att

191 1090 62 21 detta
268 1086 299 29 sammanjämkningsförslag
585 1086 48 21 icke
651 1086 43 21 kan
709 1086 156 22 tillfredsställa
879 1087 43 21 min
938 1086 73 23 ständ-

191 1118 70 29 punkt
282 1117 7 22 i
304 1117 75 26 frågan
403 1115 61 22 torde
479 1115 112 26 lätteligen
607 1114 81 27 framgå
703 1114 33 22 för
753 1115 26 21 de
795 1115 66 22 ärade
875 1115 138 22 medlemmar

191 1146 24 22 af
229 1146 93 25 ståndet,
338 1150 46 16 som
400 1144 70 22 erinra
485 1144 33 25 sig
533 1143 38 21 det
586 1142 107 26 egentliga
708 1142 117 22 innehållet
839 1144 7 20 i
855 1143 37 21 det
898 1144 115 27 petitions-

192 1174 116 25 memorial,
331 1173 81 21 hvilket
432 1172 37 27 jag
489 1172 6 20 i
515 1172 75 26 början
605 1170 23 22 af
641 1171 130 27 landtdagen
786 1171 107 23 framstält
910 1172 41 22 och
965 1177 47 16 som

191 1203 66 28 ligger
269 1202 38 24 till
321 1202 69 26 grund
405 1200 32 22 för
453 1200 147 22 betänkandet
614 1200 7 20 i
637 1200 72 21 saken.
725 1199 44 22 Det
784 1202 23 20 är
822 1201 41 21 den
877 1200 136 22 förestående

192 1231 106 22 reformen
313 1230 8 22 i
335 1229 101 23 afseende
452 1229 13 21 å
479 1228 70 22 finska
559 1228 100 27 språkets
670 1229 156 21 vidsträcktare
836 1229 134 27 tillämpning
978 1229 35 21 vid

192 1260 119 26 domstolar
326 1258 40 21 och
383 1257 135 21 embetsverk
533 1262 47 15 som
595 1256 107 21 föranledt
717 1258 43 24 mig
775 1259 33 18 att
822 1257 80 21 föreslå
912 1257 101 26 åtgärder

193 1285 83 29 egnade
290 1288 34 20 att
339 1286 6 20 i
361 1285 70 27 någon
447 1291 47 15 mon
510 1284 124 21 underlätta
649 1284 32 20 för
695 1284 85 21 landets
789 1285 90 26 jurister
889 1285 123 21 den
939 1280 10 38 i
964 1285 48 21 män-

193 1318 38 24 get
245 1314 101 23 afseende
361 1313 141 27 brydsamma,
518 1318 34 16 om
568 1312 67 21 också
649 1312 34 21 för
697 1312 48 22 dem
761 1316 53 18 utan
825 1312 71 22 tvifvél
908 1312 106 27 behöfliga

193 1344 90 29 pligten,
299 1349 46 16 som
361 1342 70 22 denna
445 1341 78 22 reform
537 1340 104 28 pålägger
655 1341 56 21 dem.
726 1340 77 22 Såsom
813 1348 29 14 nu
849 1341 165 27 sammanjämk-

194 1372 167 28 ningsförslaget
375 1371 55 27 tagit
445 1370 66 22 saken
527 1372 25 18 är
567 1369 49 21 hela
626 1370 70 20 denna
703 1370 81 26 vigtiga
792 1370 47 21 sida
846 1370 47 22 utaf
902 1370 111 28 petitions-

194 1402 106 25 förslaget
314 1400 86 27 skjuten
416 1400 23 20 åt
453 1399 72 25 sidan;
542 1398 35 22 det
593 1400 25 19 är
633 1401 49 18 sant
695 1401 34 19 att
744 1398 36 22 två
795 1399 64 21 stånd
866 1398 49 23 icke
925 1399 49 21 ville
982 1400 33 20 att

193 1428 50 30 man
266 1429 55 22 skall
344 1429 29 27 på
387 1429 66 25 något
467 1427 32 21 vis
515 1426 124 22 underlätta
653 1426 33 22 för
697 1427 119 27 juristerna
831 1428 62 21 deras
909 1427 54 28 pligt
977 1428 37 21 be-

193 1457 105 26 träffande
313 1457 70 22 finska
399 1456 99 28 språkets
513 1455 136 27 användning
666 1456 40 21 och
722 1457 33 20 att
769 1456 86 22 således
870 1463 27 16 en
913 1455 102 23 Ständer-

192 1486 91 29 petition
298 1487 7 22 i
319 1486 72 26 denna
406 1485 35 22 del
456 1485 47 21 icke
518 1485 42 20 kan
575 1483 86 22 komma
676 1484 30 22 till
723 1485 70 25 stånd,
809 1491 48 16 men
873 1485 29 22 då
911 1491 48 16 man
967 1485 49 24 icke

194 1517 43 20 kan
251 1516 23 21 få
289 1521 25 16 en
335 1514 182 27 Ständerpetition
535 1513 34 21 till
584 1513 63 22 stånd
663 1513 6 21 i
685 1513 154 27 hufvudfrågan
855 1514 25 21 så
894 1513 40 22 bör
943 1513 73 23 hällre

192 1545 64 27 ingen
272 1543 77 29 åtgärd
363 1543 46 23 från
425 1543 133 21 Ständernas
572 1542 49 21 sida
635 1542 70 27 göras.
737 1542 42 22 Det
793 1545 25 19 är
832 1544 33 21 ett
880 1542 40 23 allt
929 1541 33 23 för
969 1549 45 15 ma-
