1078 1709
423 122 42 18 Den
479 122 21 17 14
511 122 58 23 April.
833 126 41 20 543

152 188 58 22 Herr
223 188 140 22 Hackman:
378 188 58 22 Ense
451 188 48 22 med
514 188 49 22 herr
578 188 106 22 Mechelin
699 189 52 27 deri,
763 191 33 20 att
803 189 50 22 herr
862 195 42 16 von

85 216 101 23 Alfthans
202 216 79 28 förslag
297 217 70 22 skulle
382 216 91 23 behöfva
487 223 27 15 en
529 223 147 21 noggrannare
686 218 99 27 pröfning
795 218 40 22 och
845 220 60 19 utar-

86 246 100 26 betande,
202 246 69 21 måste
284 246 37 27 jag
337 246 54 21 dock
405 251 53 16 anse
467 244 102 29 förslaget
579 246 71 22 såsom
660 246 35 21 väl
704 245 88 29 förtjent
801 246 23 22 af
833 252 26 16 en
870 246 35 22 så-

87 274 41 22 dan
143 274 105 28 pröfning.
264 274 43 22 Det
321 280 64 22 synes
399 274 50 27 mig,
464 274 91 22 likasom
572 280 26 16 en
613 274 51 22 ärad
677 274 76 28 talare,
764 275 49 22 herr
823 274 82 27 Taube,

83 303 81 27 jämväl
178 302 115 22 framhållit
307 309 51 15 vara
372 302 129 28 fullkomligt
515 302 137 28 nödvändigt,
668 304 33 20 att
715 304 35 20 vid
766 304 41 21 den
817 303 88 27 förelig-

85 332 71 27 gande
170 330 86 28 frågans
271 331 130 27 behandling
417 332 99 27 särskilja
531 331 89 22 emellan
635 331 126 27 rusthållen,
778 332 50 22 dess
838 338 68 15 nuva-

85 360 67 22 rande
168 366 64 22 egare
248 360 41 22 och
303 360 82 22 kronan
400 360 53 22 eller
467 362 77 25 staten,
561 360 40 22 och
614 360 99 22 betrakta
723 361 27 22 de
759 360 94 23 fördelar
864 360 43 22 och

84 388 147 29 uppoffringar
246 389 79 23 enhvar
341 389 22 22 af
376 389 64 22 dessa
454 395 103 21 personer
571 389 41 22 kan
627 389 87 28 åläggas
730 390 53 22 eller
797 390 63 21 vinna
867 396 39 20 ge-

84 424 50 16 nom
156 418 27 22 de
198 418 57 22 olika
269 418 148 28 föreliggande
431 418 113 27 förslagen.
575 418 39 22 Om
627 418 38 28 jag
677 418 78 28 jämför
770 419 41 21 den
826 418 81 28 nådiga

84 446 162 29 propositionen
264 447 49 21 med
329 446 50 22 herr
398 452 41 17 von
455 446 97 22 Alfthans
566 446 87 28 förslag,
669 447 25 21 så
709 450 24 18 är
747 447 111 27 principen
873 448 31 20 uti

85 476 111 22 desamma
210 476 49 21 lika.
289 476 64 22 Såväl
369 475 40 22 den
425 476 78 27 nådiga
517 474 160 29 propositionen
691 482 46 16 som
748 476 50 22 herr
807 482 42 16 von
860 476 46 22 Alf-

84 504 52 22 than
152 505 68 21 önska
235 506 82 20 ersätta
332 504 130 22 rusthållens
477 504 123 22 nuvarande
615 510 63 22 egare
693 504 33 22 för
742 505 41 21 den
791 504 78 23 förlust
878 505 28 21 de

84 534 74 21 kunna
172 534 43 21 lida
225 540 77 20 genom
317 535 33 20 att
362 535 215 26 augmentsräntorna
592 533 70 22 skulle
678 534 47 21 dem
740 533 109 27 fråntagas
865 534 40 22 och

83 562 79 28 jämväl
180 562 61 22 deras
253 568 62 21 egors
324 562 147 22 efterskänkta
485 564 74 20 räntor
567 562 47 22 dem
625 562 47 22 åter
684 562 112 27 påläggas.
811 562 44 22 Det
863 563 43 21 kan

84 598 29 14 nu
135 591 49 22 icke
205 592 66 21 nekas
289 593 33 20 att
337 591 38 22 det
389 593 24 19 är
427 591 87 21 rättvist
529 592 33 20 att
581 593 50 24 taga
650 591 7 21 i
672 591 143 22 betraktande
831 593 33 20 att
879 592 27 21 de

83 620 125 22 nuvarande
223 626 97 21 egarene,
337 620 26 22 de
378 620 35 22 må
427 626 28 15 nu
471 619 63 22 hafva
548 619 65 23 blifvit
631 626 64 21 egare
711 626 76 21 genom
797 620 42 28 köp
851 620 56 22 eller

85 648 97 23 arfskifte
198 648 115 28 öfvertagit
327 648 47 23 sina
383 649 126 27 lägenheter
524 648 53 22 efter
591 656 27 15 en
633 655 69 15 annan
710 649 156 28 uppskattning
878 651 28 19 än

85 678 41 22 den
149 684 46 16 som
211 678 68 22 skulle
295 677 64 23 blifva
374 678 101 26 rådande,
495 684 40 20 om,
551 679 51 21 utan
621 678 69 26 någon
705 678 85 21 lättnad
805 678 52 22 eller
872 684 35 16 er-

85 707 96 27 sättning
199 706 33 22 för
250 707 55 25 dem,
321 707 63 22 deras
399 706 126 27 lägenheter
539 707 69 21 skulle
624 706 87 27 åläggas
730 706 103 22 förökade
849 706 57 28 skyl-

86 735 104 28 digheter.
221 736 48 21 Den
287 735 78 27 nådiga
385 735 160 27 propositionen
564 736 56 21 låter
635 736 63 20 dessa
712 736 123 21 nuvarande
849 737 58 20 rust-

84 764 121 28 hållsegare
220 764 32 21 till
267 764 56 27 godo
335 764 60 28 njuta
410 770 27 15 en
452 764 118 22 successivt
585 764 113 27 aftagande
713 764 84 22 lättnad
808 770 46 16 som
862 763 44 22 för-

86 794 86 21 svinner
187 793 48 21 med
254 793 37 21 det
308 793 116 21 femtionde
439 793 53 21 året.
523 793 40 21 Om
577 793 20 22 vi
612 793 140 27 kapitalisera
767 794 41 20 den
823 793 83 21 lättnad

87 822 52 22 eller
155 821 121 27 minskning
291 822 8 21 i
313 822 60 22 skatt
387 828 46 15 som
449 822 41 20 den
505 822 78 26 nådiga
598 821 161 28 propositionen
769 821 91 22 föreslår
874 822 35 20 att

85 850 131 22 rusthållens
233 856 62 21 egare
311 850 70 22 skulle
396 850 33 22 till
436 850 55 27 godo
500 851 60 27 njuta
575 850 40 22 och
623 850 96 22 beräkna
726 851 63 21 ränta
796 850 28 28 på
836 851 69 25 ränta,

86 880 25 21 så
126 880 62 21 skola
202 879 20 22 vi
238 879 85 22 komma
337 879 33 21 till
385 879 85 27 mycket
485 879 56 28 höga
556 879 84 27 belopp,
656 879 33 21 till
703 879 78 28 belopp
797 885 46 16 som
853 880 53 20 utan

87 908 73 22 tvifvel
183 908 62 22 skola
260 908 115 27 öfverstiga
391 908 27 22 de
432 908 23 21 af
468 908 49 22 herr
531 914 41 16 von
587 908 86 21 Alfthan
688 907 123 28 föreslagna
825 908 82 21 indem-

87 938 85 22 niteter.
203 937 43 21 Det
260 938 62 21 torde
333 936 71 22 derför
419 936 62 22 äfven
497 938 84 26 strängt
599 938 61 26 taget
674 943 51 15 vara
740 937 168 26 fördelaktigare

87 966 34 22 för
137 972 93 21 egarena
245 966 22 22 af
281 966 118 22 rusthållen
415 967 33 20 att
461 968 77 25 antaga
555 966 41 22 den
610 965 79 27 nådiga
698 966 172 27 propositionens
879 967 28 19 än

86 996 50 20 herr
151 1001 42 15 von
208 994 97 22 Alfthans
321 994 87 27 förslag,
424 994 25 22 så
463 996 86 26 mycket
563 1001 60 15 mera
637 1000 47 15 som
699 995 50 21 herr
756 1000 41 16 von
806 994 100 21 Alfthans

87 1023 80 27 förslag
182 1024 121 27 egentligen
317 1023 48 22 icke
380 1023 89 21 innebär
483 1024 70 26 någon
569 1022 119 28 uppoffring
702 1023 47 21 från
765 1024 83 20 statens
860 1023 50 21 sida

87 1052 32 21 till
130 1052 84 22 förmån
227 1052 34 21 för
275 1052 129 22 rusthållens
420 1058 71 21 egare,
507 1054 51 19 utan
575 1052 76 21 endast
666 1052 112 22 attstaten
787 1051 70 21 skulle
865 1051 44 21 för-

87 1080 71 22 medla
174 1086 26 16 en
215 1080 160 28 låneoperation
397 1079 54 23 efter
469 1086 81 16 samma
565 1080 52 22 eller
632 1082 56 20 ännu
703 1080 82 21 mindre
799 1079 109 22 fördelak-

87 1110 45 27 tiga
147 1110 93 26 grunder
255 1112 28 18 än
297 1108 230 28 hypoteksföreningen
542 1110 45 26 gör,
603 1108 40 22 och
658 1110 71 20 staten
745 1108 69 22 skulle
827 1108 24 27 ju
860 1108 49 27 sjelf

87 1144 52 16 vara
162 1138 128 27 fullkomligt
305 1137 122 23 säkerstäld
450 1144 75 20 genom
541 1137 112 22 skilnaden
668 1138 31 21 uti
715 1138 27 21 de
757 1139 79 24 räntor,
853 1136 55 22 efter

86 1166 74 23 hvilka
175 1167 138 27 utskylderna
328 1166 70 22 skulle
412 1166 158 28 kapitaliseras,
587 1168 57 20 emot
659 1166 41 22 den
708 1168 63 19 ränta
783 1172 45 15 som
836 1167 72 20 staten

87 1195 94 27 troligen
203 1195 91 22 behöfde
318 1195 71 22 betala
410 1196 29 27 på
461 1197 33 20 ett
515 1196 34 20 lån
570 1200 47 16 som
631 1196 73 20 staten
718 1195 73 21 kunde
806 1196 101 25 upptaga.

86 1224 51 22 Men
152 1224 44 27 mig
211 1230 62 22 synes
290 1224 62 26 dock,
369 1225 32 21 att
415 1224 42 22 den
473 1223 22 22 af
508 1224 49 21 herr
572 1230 40 15 von
631 1223 88 22 Alfthan
734 1223 122 26 föreslagna
870 1225 40 19 vä-

88 1259 40 21 gen
144 1253 62 22 torde
221 1259 51 15 vara
287 1252 41 22 den
341 1252 85 28 riktiga.
457 1252 40 22 Om
512 1258 48 16 man
575 1252 60 22 delar
649 1252 59 22 såväl
719 1251 191 28 beskattningsko-

87 1280 78 23 miténs
180 1288 47 15 som
242 1282 176 21 statsutskottets
434 1281 57 26 åsigt
505 1283 32 19 att
553 1281 38 21 det
604 1281 40 21 här
653 1281 47 21 icke
711 1283 23 19 är
745 1280 60 26 fråga
817 1286 33 16 om
859 1280 50 22 ska-

87 1311 81 26 pandet
183 1310 23 22 af
219 1317 27 15 en
261 1317 27 21 ny
307 1310 59 22 skatt
381 1312 52 20 utan
449 1310 75 21 endast
539 1316 34 15 om
589 1309 169 23 återinförandet
773 1308 22 22 af
808 1315 25 15 en
849 1315 60 21 gam-

87 1339 43 21 mal
146 1339 66 25 skatt,
228 1339 25 20 så
267 1340 43 19 kan
322 1339 25 25 ju
362 1339 47 20 icke
425 1339 66 20 nekas
507 1340 32 18 att
554 1344 27 14 en
591 1338 65 20 sådan
669 1338 128 25 indemnitet
805 1344 45 14 som
859 1338 51 19 herr

87 1372 42 16 von
152 1366 87 21 Alfthan
262 1366 90 21 föreslår
375 1366 69 21 måste
467 1371 62 15 anses
552 1366 71 21 såsom
638 1365 48 21 fullt
701 1365 151 21 motsvarande
867 1364 42 21 alla

89 1394 170 23 rusthållarenas
282 1394 91 22 rättvisa
388 1394 99 28 anspråk,
507 1394 40 21 och
562 1394 33 22 för
609 1393 43 22 min
668 1393 33 21 del
717 1394 45 20 tror
774 1392 39 28 jag
827 1394 33 20 att
875 1398 35 16 om

87 1424 158 22 rusthållarena
259 1423 70 22 skulle
345 1422 162 23 sammankallas
523 1423 40 21 och
578 1422 65 23 höras
658 1422 8 22 i
680 1422 81 27 frågan,
769 1422 26 22 så
803 1422 69 22 skulle
881 1422 28 21 de

89 1455 79 25 antaga
183 1453 50 22 herr
247 1458 41 16 von
304 1452 97 22 Alfthans
416 1452 87 27 förslag.
529 1452 76 22 Såsom
617 1451 39 28 jag
671 1453 55 25 sagt,
741 1451 43 21 kan
798 1450 110 27 förslaget,

91 1482 136 28 naturligtvis
243 1481 116 28 behörigen
374 1480 116 27 förberedt,
506 1481 70 22 såsom
591 1480 74 23 herrar
679 1480 74 22 Taube
769 1480 40 22 och
823 1480 87 22 Meche-

89 1512 30 22 lin
133 1511 97 29 påpekat
245 1511 47 22 icke
306 1511 103 22 innebära
424 1510 33 22 för
472 1511 71 21 staten
558 1510 70 28 någon
639 1509 107 28 synnerlig
756 1510 46 21 risk
812 1509 52 22 eller
872 1509 38 21 nå-

90 1547 42 22 gon
147 1540 108 29 synnerlig
270 1540 126 28 uppoffring.
427 1540 55 22 Dess
499 1539 164 28 genomförande
678 1539 61 22 leder
751 1539 80 28 jämväl
841 1538 33 22 till
882 1544 28 16 en
