1075 1714
205 133 40 22 608
508 131 41 18 Den
561 133 20 16 21
595 131 58 23 April

245 197 32 22 till
292 197 118 21 ledamöter
425 197 7 21 i
448 197 205 21 ekonomiutskottet
667 197 51 21 herr
732 197 101 26 Hisinger
847 196 40 23 och
907 196 89 23 friherre

175 225 144 22 Cedercreutz
342 227 56 19 samt
420 225 32 21 till
474 225 138 27 suppleanter
626 225 7 21 i
648 226 66 25 sagde
729 226 86 21 utskott
828 225 49 21 herr
892 225 104 28 Björken-

176 254 62 27 heim,
254 254 89 21 friberre
357 254 160 26 Langenskiöld
533 254 40 21 och
587 253 50 22 herr
651 253 145 28 Jägerskiöld.

247 340 40 21 Till
303 340 76 27 åtgärd
395 339 156 23 öfverlemnade
564 340 51 22 herr
629 339 207 22 Landtmarskalken
846 346 29 15 nu
885 339 6 21 i
903 339 94 27 enlighet

177 369 50 22 med
249 369 98 21 ståndets
370 369 36 21 vid
428 371 87 19 senaste
537 369 86 27 plenum
641 368 82 22 fattade
738 369 72 21 beslut
824 368 173 22 Bondeståndets

176 397 126 28 inbjudning
309 398 33 21 till
350 398 25 21 R.
385 403 18 16 o.
412 397 26 22 A.
448 399 32 20 att
488 397 90 22 omfatta
585 397 169 22 bondeståndets
762 397 72 22 beslut
843 397 32 21 uti
885 397 112 22 rusthålls-

177 426 82 27 frågan,
274 427 108 26 nämligen
397 428 33 19 att
445 426 156 22 återremittera
616 426 74 26 frågan
705 426 33 21 till
753 425 108 22 utskottet
868 425 33 22 för
911 427 32 20 att
954 431 44 16 om-

177 455 88 22 arbetas
286 455 8 21 i
309 455 221 22 öfverensstämmelse
545 455 49 22 med
609 455 26 22 de
651 455 6 20 i
673 455 77 27 nådiga
765 454 161 27 propositionen
940 456 57 21 utta-

177 484 49 22 lade
241 483 111 28 principer.

246 513 55 21 Herr
315 513 87 21 Taube
418 513 66 21 utbad
500 513 33 26 sig
547 512 54 22 först
617 512 62 21 ordet
689 512 40 22 och
740 512 96 27 yttrade:
847 512 150 21 Förevarande

178 542 79 21 ärende
276 541 39 22 ber
330 542 38 27 jag
389 543 31 20 att
436 541 45 22 helt
495 542 50 21 kort
559 541 22 22 få
594 547 109 16 resumera
720 541 98 22 sålunda:
834 541 163 21 Bondeståndet

177 571 40 22 har
231 571 49 21 med
295 570 139 22 förkastande
449 570 22 21 af
484 571 175 21 statsutskottets
676 571 137 20 betänkande
828 570 169 22 återremitterat

179 600 125 25 detsamma,
319 599 34 21 för
369 601 33 19 att
416 599 22 21 af
452 599 107 21 utskottet
574 599 117 21 behandlas
706 599 7 20 i
729 599 95 26 enlighet
839 599 49 21 med
903 599 26 21 de
939 599 58 27 prin-

179 628 64 27 ciper,
266 634 46 15 som
326 628 118 21 innehållas
464 628 7 20 i
487 628 40 21 den
543 628 78 27 nådiga
635 627 167 27 propositionen,
820 628 39 20 och
876 627 69 21 tillika
959 628 40 21 har

178 656 159 22 bondeståndet
350 656 96 26 beslutit,
463 658 32 20 att
509 656 88 28 inbjuda
612 656 140 22 medstånden
767 658 32 20 att
814 656 32 21 uti
861 656 67 22 sådan
943 656 56 22 åter-

179 686 75 21 remiss
275 686 32 26 sig
321 685 83 26 förena;
421 686 40 20 och
477 691 77 21 genom
569 692 26 14 en
612 685 125 27 deputation
752 684 47 22 från
815 685 37 21 det
867 685 133 21 hedervärda

179 714 88 22 ståndet
281 714 39 22 har
334 715 26 20 R.
376 720 18 15 o.
410 714 24 21 A.
450 714 28 27 på
495 714 60 22 detta
569 720 52 20 rum,
638 714 35 21 vid
684 716 86 19 senaste
780 714 92 26 plenum,
881 713 42 21 fått
932 716 67 19 emot-

179 745 52 25 taga
251 743 159 27 inbjudningen.
440 742 77 22 Såsom
535 743 66 21 motiv
615 742 33 22 för
662 742 169 22 bondeståndets
847 742 72 22 beslut
933 742 8 22 i
955 742 43 22 frå-

179 778 48 20 gan,
244 771 88 22 anförde
348 772 159 26 deputationen,
523 773 33 20 att
567 771 159 22 bondeståndet
740 771 36 22 vid
786 771 106 21 beslutets
903 770 98 23 fattande

179 800 57 22 ledts
259 800 22 22 af
303 802 32 20 ett
356 800 63 27 lifligt
440 800 93 22 intresse
555 800 33 22 för
603 801 24 21 R.
643 806 19 16 o.
678 801 31 23 A.
726 800 82 22 hvilket
823 800 64 21 stånd
902 800 96 22 särdeles

180 829 102 22 berördes
305 829 22 21 af
347 828 75 28 frågan
445 835 34 15 om
495 829 131 22 rusthållens
642 829 106 27 ställning.
779 829 41 21 Till
835 829 36 21 det
887 829 114 27 höglofliga

181 858 88 21 ståndet
291 858 65 27 vågar
376 858 37 27 jag
424 858 121 21 ”vördsamt
566 858 119 22 framställa
700 858 101 21 anhållan
817 863 34 15 om
866 859 33 19 att
913 858 88 21 ståndet

181 887 49 21 ville
253 886 54 22 afslå
329 886 153 28 inbjudningen
506 886 40 22 och
569 887 42 27 det,
635 887 25 21 så
675 886 85 28 mycket
774 892 59 16 mera
849 892 45 16 som
909 886 34 22 vid
960 887 41 21 den

181 916 107 21 allmänna
308 915 151 22 diskussionen
479 916 7 20 i
505 916 89 21 ärendet
614 916 38 21 här
667 916 58 20 inom
740 915 87 21 ståndet
842 915 77 27 många
929 917 71 20 röster

181 944 122 27 förspordes
324 946 46 19 mot
386 944 41 21 den
442 944 78 26 nådiga
534 944 166 28 propositionen,
717 944 85 21 hvilken
819 944 36 21 det
869 944 134 22 hedervärda

183 972 159 22 bondeståndet
364 972 49 22 ville
435 972 63 27 lägga
520 973 33 21 till
568 973 69 27 grund
651 973 33 21 för
698 972 86 27 frågans
798 972 95 27 lösning;
911 979 48 14 men
975 972 28 21 då

181 1001 161 21 bondeståndet
357 1002 47 25 gått
419 1002 25 20 så
458 1002 95 24 humant,
566 1002 23 26 ja
601 1002 38 26 jag
654 1002 35 20 må
704 1004 53 24 säga
772 1000 26 22 så
815 1001 138 21 undfallande
968 1008 34 14 ar-

182 1031 48 25 tigt,
246 1030 94 26 tillväga,
356 1032 33 18 att
402 1030 88 21 ståndet
504 1030 49 21 med
564 1030 100 21 afseende
675 1030 52 21 derå
737 1031 33 19 att
780 1029 77 27 många
868 1029 22 21 af
898 1030 24 20 R.
935 1036 18 14 o.
965 1030 38 20 A:s

182 1058 138 22 medlemmar
342 1064 40 20 ega
397 1058 96 27 rusthåll,
510 1061 72 19 ansett
597 1059 32 26 sig
644 1058 53 22 böra
711 1058 89 27 inbjuda
815 1058 60 21 detta
891 1058 64 21 stånd
971 1059 34 21 att

184 1087 74 21 förena
280 1087 33 26 sig
335 1093 35 15 om
393 1087 37 21 det
451 1087 72 21 beslut
545 1093 45 15 som
613 1087 159 21 bondeståndet
786 1086 70 25 fattat,
873 1087 24 21 så
911 1087 42 21 kan
969 1087 35 21 väl

187 1115 114 27 höglofliga
320 1115 25 22 R.
375 1121 19 15 o.
410 1116 24 20 A.
449 1116 48 21 icke
512 1118 76 19 stanna
602 1116 89 21 tillbaka
706 1116 8 20 i
728 1115 125 26 humanitet,
870 1115 40 21 och
925 1115 80 22 föreslå

181 1144 38 27 jag
235 1144 70 22 derför
320 1145 33 20 att
369 1144 36 21 det
415 1144 115 27 höglofliga
541 1144 86 22 ståndet
637 1144 7 21 i
655 1144 32 21 sin
698 1144 171 22 svarsskrifvelse
880 1144 33 21 till
923 1144 80 22 bonde-

183 1172 93 26 ståndet,
289 1173 67 27 jämte
371 1172 164 28 inbjudningens
552 1172 116 28 afböjande
683 1173 67 21 måtte
765 1172 92 26 angifva,
873 1174 33 20 att
913 1173 25 21 R.
950 1178 18 16 o.
979 1172 24 22 A.

182 1202 49 21 icke
252 1202 82 20 kunnat
355 1200 74 22 förena
448 1202 32 26 sig
499 1208 33 14 om
553 1202 40 21 den
609 1201 22 21 af
645 1201 38 22 det
698 1201 134 22 hedervärda
847 1201 87 21 ståndet
949 1200 56 23 före-

184 1230 75 26 slagna
281 1230 105 26 ätgärden
406 1230 46 26 just
474 1230 7 21 i
503 1230 169 22 bondeständets
697 1232 49 24 eget
765 1230 99 24 intresse,
878 1230 39 26 jag
931 1236 75 15 menar

183 1258 159 20 bondeständet
364 1260 59 18 utom
444 1258 137 26 landtdagen.
612 1258 49 20 Man
679 1258 42 20 kan
738 1258 79 26 skäligt
832 1258 86 25 antaga,
935 1259 32 19 att
983 1257 22 21 af

183 1286 84 21 landets
283 1287 63 24 2,250
363 1285 90 21 rusthäll
464 1286 47 20 icke
522 1292 45 14 mer
577 1288 28 18 än
615 1285 136 21 tiondedelen
761 1285 96 21 befinner
868 1285 48 27 sigi
924 1285 82 21 Adelns

185 1314 88 26 händer,
289 1313 40 22 och
345 1314 39 21 har
399 1313 83 22 säledes
498 1314 159 22 bondeständet
667 1318 61 17 utom
737 1313 131 27 landtdagen
877 1314 35 21 nio
924 1314 82 21 tionde-

185 1343 59 21 delar
266 1348 60 16 mera
345 1343 93 20 intresse
456 1341 99 22 förenadt
569 1343 7 20 i
592 1343 69 20 denna
676 1342 60 27 fräga
752 1344 27 19 än
794 1342 27 22 vi.
851 1342 25 22 R.
893 1349 20 14 o.
928 1343 25 20 A.
968 1342 39 22 har

184 1371 8 21 i
206 1371 179 27 rusthällsfrägan
407 1371 90 21 handlat
519 1371 88 22 humant
627 1372 40 21 och
689 1371 7 22 i
717 1371 170 22 bondeständets
907 1371 98 28 intresse,

183 1400 83 22 hvilket
285 1400 158 22 bondeständet
463 1399 54 28 sjelf,
534 1401 37 26 jag
585 1399 84 23 befarar
684 1401 42 24 det,
742 1400 48 22 icke
804 1401 131 26 tillbörligen
950 1401 55 21 iakt-

185 1429 62 27 tagit,
269 1429 26 22 dä
311 1429 88 22 ständet
414 1429 167 22 äterremitterat
596 1429 89 22 ärendet
701 1429 32 22 till
748 1430 165 21 statsutskottet
927 1429 33 22 för
975 1431 33 20 att

185 1458 117 22 behandlas
325 1458 7 21 i
355 1458 95 27 enlighet
471 1459 48 21 med
541 1458 79 27 nädiga
634 1459 166 26 propositionen,
817 1459 85 21 hvilken
917 1458 90 22 föreslär

185 1493 28 15 en
227 1487 90 26 lösning,
333 1487 64 21 hvars
412 1487 93 21 resultat
519 1487 68 22 blefve
603 1489 32 20 att
650 1487 51 28 fylla
716 1489 83 20 statens
810 1482 73 37 fiskus,
902 1493 35 15 men
947 1488 60 25 inga-

185 1515 66 22 lunda
269 1517 32 20 att
321 1515 107 22 bibehälla
443 1517 32 20 ett
490 1516 126 22 välmäende
631 1516 141 22 bondeständ.
802 1517 76 20 Denna
892 1516 115 21 framställ-

184 1545 51 26 ning
253 1544 39 22 har
307 1545 40 26 jag
364 1545 57 27 gjort
436 1545 72 21 säsom
523 1545 91 22 medlem
629 1545 22 21 af
665 1545 24 22 R.
707 1551 18 16 o.
742 1545 32 27 A.,
790 1545 71 22 säsom
877 1544 55 23 finsk
947 1545 60 22 med-
