1067 1709
450 107 42 18 Den
504 108 11 16 2
527 106 38 23 Maj
824 109 40 20 724

73 173 44 21 ken
130 172 172 28 jernväg-borde
317 173 7 21 i
338 173 41 21 den
395 175 108 20 närmaste
518 172 112 23 framtiden
641 173 81 27 byggas
734 172 40 22 och
782 174 112 20 dessutom

70 201 42 22 har
125 205 33 17 en
178 202 52 21 ärad
244 201 69 23 talare
328 202 66 21 också
409 202 80 21 lemnat
503 202 68 26 några
585 202 154 27 upplysningar
753 202 60 21 öfver
827 204 67 19 stats-

71 230 89 21 verkets
182 230 96 27 förmåga
297 232 33 19 att
348 230 89 21 bekosta
453 236 41 21 nya
507 231 119 27 jernvägar.
656 230 42 26 Jag
713 231 38 20 ber
766 232 32 19 att
813 229 80 23 beträf-

70 258 66 22 fande
152 258 64 22 dessa
231 258 184 27 omständigheter
429 258 22 22 få
466 261 56 25 yttra
537 260 67 26 några
619 258 46 22 ord.
689 258 63 22 Hvad
762 259 132 21 vidkommer

71 287 29 21 de
120 286 121 28 jernvägar,
264 292 46 16 som
328 293 28 15 nu
374 287 68 21 under
460 289 108 20 närmaste
582 287 86 21 framtid
682 287 67 21 borde
763 288 89 26 byggas,
868 286 25 21 sä

72 315 40 21 har
127 315 37 21 det
178 314 76 29 främst
268 316 46 26 gält
328 315 101 33 antingen
443 317 69 25 vägen
526 315 47 21 frän
588 315 118 22 Davidstad
722 315 31 21 till
767 315 83 28 Kuopio
862 314 30 22 el-

70 344 34 21 ter
126 343 42 22 den
191 344 175 21 Österbottniska
385 344 123 27 jernvägen.
539 344 43 27 Jag
596 343 33 23 för
643 344 43 21 min
702 344 34 29 del
751 350 39 20 ger
802 344 91 21 företrä-

72 373 38 21 det
131 373 23 21 åt
173 372 116 28 jernvägen
312 372 46 22 från
380 373 117 21 Davidstad
521 372 53 22 eller
594 379 70 15 annan
686 367 88 32 lämplig
795 372 69 27 punkt
884 372 8 22 i

71 401 106 22 närheten
192 402 32 21 till
238 401 86 33 Kuopio
338 400 87 23 framför
440 402 40 21 den
497 397 180 27 Österbottniska.
700 402 33 20 Dä
744 402 26 21 de
781 401 53 26 skäl,
846 407 46 16 som

72 430 45 22 tala
138 430 32 22 för
190 430 40 22 den
245 430 57 22 förra
315 430 124 28 jernvägen,
455 430 63 22 hafva
533 430 68 22 blifvit
616 431 24 21 sä
656 430 96 26 utförligt
766 418 125 39 framlagda,

70 459 62 21 såväl
151 459 23 21 af
187 459 267 28 jernvägskommissionen
470 466 45 15 som
531 459 66 22 också
612 459 24 22 af
648 460 109 20 utskottet
772 459 41 21 och
827 466 29 14 nu
871 458 23 23 af

72 488 111 26 åtskilliga
206 488 66 22 ärade
291 488 69 21 talare
380 489 71 20 såsom
470 488 74 22 herrar
559 494 41 15 von
614 488 95 25 Alfthan,
724 487 111 22 Hackman
852 488 40 21 och

70 516 182 28 Standertskjöld,
269 516 25 22 så
308 516 40 22 har
360 516 38 28 jag
411 517 122 26 egentligen
548 517 111 26 ingenting
673 516 73 22 vidare
761 518 33 19 att
804 517 88 26 tillägga

71 544 41 22 och
132 545 40 27 jag
194 547 46 19 tror
261 545 72 25 också,
354 546 34 20 att
405 546 27 20 de
446 544 63 22 flesta
524 545 23 21 af
560 545 98 21 ståndets
673 544 139 22 medlemmar
825 545 67 21 redan

71 573 63 21 torde
157 573 63 21 hafva
239 573 65 22 fattat
323 574 32 21 sin
374 573 149 27 öfvertygelse.
552 574 32 21 En
600 573 56 22 blick
672 574 28 26 på
714 573 100 21 Finlands
829 573 63 21 karta

72 602 64 21 torde
158 602 66 21 redan
247 602 45 21 visa
314 602 84 22 hvilken
421 604 41 24 väg
482 608 45 16 som
547 603 7 20 i
573 604 109 20 närmaste
696 601 114 22 framtiden
826 602 66 22 borde

72 630 89 28 byggas.
184 631 32 21 De
232 636 28 16 nu
276 630 91 28 anlagda
379 632 141 26 jernvägarne
536 633 36 19 äro
587 631 35 21 väl
637 630 121 28 egentligen
773 630 47 22 icke
831 631 61 21 kust-

68 659 124 27 jernvägar,
208 666 48 15 men
272 659 87 22 tillhöra
374 660 54 21 dock
443 660 84 21 landets
542 659 84 28 sydliga
641 660 39 21 och
692 659 130 27 sydvestliga
832 659 60 21 kust-

70 688 94 22 område.
180 689 40 21 Att
226 688 124 33 ytterligare
358 688 70 28 bygga
435 694 26 16 en
470 689 138 27 kustjernväg
614 688 54 22 ifrån
676 688 65 22 Wasa
746 688 32 21 till
784 688 108 27 Uleåborg

68 717 71 21 skulle
158 718 52 26 göra
225 719 33 19 att
271 717 52 21 våra
336 717 115 27 jernvägar
465 717 89 22 alldeles
570 717 47 23 icke
630 717 84 22 komme
726 719 32 19 att
768 717 76 21 beröra
854 717 38 22 det

70 746 46 21 inre
132 745 23 22 af
168 746 79 26 landet,
259 752 46 16 som
315 746 69 22 blefve
396 746 87 22 alldeles
493 746 112 22 beröfvadt
613 746 64 22 dessa
684 744 206 26 konimunikations-

71 770 77 36 medel.
174 759 122 47 Dessutom,
314 775 26 21 dä
355 774 75 26 frägan
445 775 67 27 gäller
527 775 85 21 hvilken
628 777 40 25 väg
683 780 47 23 som
738 774 76 22 främst
823 774 67 22 borde

69 803 89 27 byggas,
175 803 61 22 torde
248 810 49 15 man
308 804 52 21 böra
370 806 50 24 taga
430 804 6 21 i
447 804 161 26 öfvervägande,
620 806 33 19 att
663 803 41 21 den
716 803 175 22 Österbottniska

69 834 69 25 vägen
160 832 48 22 icke
231 834 25 20 är
274 832 159 22 instrumentalt
452 832 123 23 undersökt.
604 832 50 22 Man
664 834 37 19 vet
718 832 48 21 icke
781 832 110 21 bestämdt

68 867 36 15 om
120 861 42 21 den
176 861 56 22 skall
248 861 27 27 gå
292 861 35 27 11
342 861 37 22 mil
395 861 52 22 eller
463 864 12 19 2
490 862 37 22 mil
542 861 53 23 eller
610 861 40 23 ock
660 861 75 27 längre
742 861 54 21 ifrån
805 861 84 22 kusten.

69 890 45 22 Det
128 892 26 19 är
168 890 85 22 säledes
270 890 60 22 svärt
342 893 36 19 att
391 892 53 25 göra
458 890 33 22 för
506 892 32 26 sig
552 890 58 22 klart
620 890 40 22 den
672 892 57 19 rätta
739 890 153 27 sträckningen

68 919 26 21 af
115 919 41 21 den
180 922 81 18 sämmä
281 920 40 21 och
339 921 35 20 att
389 919 97 21 beräkna
499 920 121 21 kostnaden
635 919 33 21 för
683 925 26 15 en
725 919 57 27 dylik
794 919 97 27 jernväg,

69 948 85 21 hvilket
169 948 56 21 dock
240 948 61 22 alltid
316 948 56 21 varit
386 948 96 27 önskligt
497 948 39 22 och
551 948 77 26 nödigt
642 948 34 22 för
689 947 123 27 ständerna,
828 948 64 21 innan

68 977 30 21 de
113 977 87 21 besluta
214 977 33 27 sig
261 976 35 22 för
308 983 27 15 en
351 977 67 21 sådan
431 978 98 26 jernväg.
550 977 62 22 Hvad
627 983 29 15 nu
671 976 103 22 beträffar
788 979 104 19 statsver-

69 1005 49 22 kets.
141 1005 95 27 förmåga
256 1008 36 19 att
310 1005 92 22 bekosta
420 1012 42 22 nya
478 1006 120 28 jernvägar,
614 1006 25 22 sä
654 1005 38 22 har
708 1012 26 14 en
750 1005 51 22 ärad
816 1006 75 25 talare,

70 1034 50 21 herr
136 1034 112 24 Mechelin,
263 1035 116 25 meddelat,
395 1037 32 19 att
442 1034 34 22 för
490 1037 33 19 att
537 1035 73 21 kunna
623 1034 71 22 lemna
705 1034 32 21 till
748 1035 27 21 de
786 1040 40 21 nya
833 1035 59 27 jern-

69 1062 208 28 vägsbyggnaderna
300 1065 12 20 8
333 1063 97 27 miljoner
447 1064 61 21 mark
523 1064 70 21 skulle
608 1069 48 16 man
670 1063 47 21 icke
732 1063 91 22 behöfva
838 1069 54 21 upp-

70 1091 49 21 låna
139 1098 59 15 mera
216 1094 27 19 än
259 1092 40 26 31/
314 1092 54 22 eller
383 1094 12 18 4
411 1092 103 27 miljoner.
544 1092 34 22 Då
593 1092 27 22 de
635 1092 77 26 nådiga
727 1092 163 26 propositioner,

67 1125 49 17 som
138 1120 70 22 blifvit
227 1120 79 22 aflätna
325 1120 33 22 till
373 1121 117 21 ständerna
506 1120 110 28 angående
632 1120 76 27 anslag
722 1120 31 21 för
762 1120 129 22 -inlösandet

69 1148 24 22 af
113 1150 65 26 ryska
196 1150 94 21 kronans
309 1149 62 22 andel
391 1149 6 21 i
413 1149 275 27 Riihimäki—Petersburg
699 1149 91 33 jernväg
804 1148 40 22 och
860 1148 31 22 af-

67 1178 115 21 slutandet
204 1177 47 22 utaf
270 1178 136 21 Wasabanan
426 1178 41 21 och
481 1178 33 21 för
528 1178 124 27 byggandet
666 1177 23 22 af
702 1184 26 14 en
741 1178 89 26 jernväg
844 1177 46 21 från

68 1205 122 22 Davidstad
204 1206 33 21 till
250 1206 36 28 S:t
300 1206 85 26 Michel,
400 1209 96 24 upptaga
507 1212 25 16 en
544 1207 67 25 högre
621 1212 89 20 summa,
721 1206 109 32 nämligen
835 1212 56 15 sam-

66 1234 114 27 manlagdt
197 1236 26 20 18
238 1230 106 26 millioner
356 1228 68 34 mark,
440 1235 72 21 hvilka
526 1235 67 22 borde
608 1219 112 52 upplänas,
736 1235 26 21 sä
776 1234 54 22 ber
822 1240 38 22 jag
870 1234 21 22 få

68 1264 70 21 lemna
161 1263 41 23 den
224 1264 135 32 upplysning,
378 1266 33 19 att
419 1252 36 33 de
471 1264 30 21 uti
517 1264 77 26 nådiga
608 1259 188 41 propositionerna
809 1263 82 22 äskade

67 1292 104 26 anslagen
194 1292 64 22 stöda
280 1292 33 26 sig
331 1292 59 27 uppå
409 1292 27 21 de
450 1292 114 27 uppgifter,
581 1298 46 16 som
642 1292 35 21 vid
692 1292 198 27 propositionernas

67 1321 140 25 uppgörande
220 1320 200 27 voro-tillgängliga
435 1322 59 20 ötver
507 1320 165 27 behållningen
671 1316 14 35 i
684 1320 205 22 kommunikations-

68 1347 80 21 fonden
164 1348 40 21 och
220 1348 26 22 de
262 1348 123 27 påräknade
400 1349 146 20 kostnaderna
559 1348 35 22 för
608 1348 41 21 den
664 1348 69 22 under
745 1349 97 25 byggnad
852 1354 38 15 va-

68 1376 66 21 rande
150 1376 148 21 Wasabanans
313 1375 133 22 slutförande
456 1376 40 21 och
508 1376 41 21 den
559 1376 121 26 föreslagna
690 1382 41 19 nya
741 1376 149 21 Davidstad—

69 1404 34 22 S:t
117 1403 89 23 Michels
222 1406 75 25 vägen.
320 1404 56 22 Herr
390 1404 106 22 Mechelin
512 1405 39 21 har
564 1404 82 22 lemnat
660 1404 42 22 den
712 1404 134 27 upplysning,
857 1406 33 20 att

68 1432 36 22 för
124 1433 41 21 den
183 1433 104 22 händelse
304 1439 50 16 man
369 1432 71 22 stälde
456 1435 12 19 8
484 1434 50 27 milj.
549 1433 61 21 mark
625 1432 32 22 till
672 1432 127 28 disposition
814 1432 34 22 för
863 1439 26 15 en

68 1468 28 21 ny
113 1461 95 28 jernväg,
229 1468 59 16 mera
302 1464 27 20 än
345 1464 13 18 4
374 1462 97 27 miljoner
486 1462 59 21 mark
560 1462 18 28 ej
595 1461 92 23 behöfde
702 1462 33 21 för
750 1462 60 21 detta
825 1461 67 22 behof

66 1490 115 28 upplänas.
211 1491 76 22 Denna
308 1490 71 28 kalkyl
399 1491 94 27 grundar
508 1491 32 26 sig
556 1490 66 27 derpä
637 1492 33 20 att
684 1490 120 22 oberäknat
819 1490 27 22 de
863 1492 25 20 10

66 1520 100 27 miljoner
180 1520 67 27 mark,
264 1526 46 16 som
324 1519 64 22 äfven
404 1520 52 22 böra
468 1520 105 27 upplånas
588 1519 33 22 för
636 1521 32 20 att
682 1520 71 21 inlösa
769 1520 42 21 den
824 1520 65 27 ryska
