1075 1703
147 437 7 3 i

195 131 40 20 686
500 127 42 18 Den
553 128 22 17 29
587 127 60 23 April.

168 194 69 22 skulle
253 193 64 22 hafva
333 193 47 22 sina
394 193 206 26 lefnadskostnader,
616 193 268 22 konsumtionskostnader
899 193 90 23 oförtul-

166 223 60 26 lade;
242 222 38 23 allt
295 228 46 16 som
357 222 79 21 införes
451 223 32 21 dit
498 222 69 21 skulle
584 228 51 15 vara
650 221 92 27 tullfritt,
759 228 48 15 men
822 222 39 21 allt
876 222 55 23 hvad
941 227 48 17 som

166 251 40 27 går
227 250 93 23 derifrän
342 251 54 22 bära
416 251 47 21 tull.
491 251 46 28 Det
553 251 42 21 kan
616 250 126 27 visserligen
757 249 98 24 förefalla
870 251 71 22 såsom
957 252 32 20 ett

166 280 224 27 protektionssystem,
408 285 50 16 men
472 286 49 15 man
536 279 82 28 hjelper
630 279 26 27 ju
671 279 28 20 de
713 281 77 25 yngsta
806 279 80 22 barnen
900 279 47 22 ofta
961 279 29 27 på

167 309 36 21 det
219 310 68 20 sättet
302 308 41 21 och
359 314 77 21 genom
446 310 32 19 att
488 308 91 21 sålunda
589 307 134 22 understöda
732 308 77 27 Hangö
817 308 70 22 skulle
895 308 94 26 företag-

166 343 82 15 samma
266 342 104 22 personer
388 337 46 21 från
452 337 68 21 andra
534 336 75 22 länder
624 337 39 21 der
677 336 77 22 nedslå
768 337 39 27 sig,
823 337 81 21 hvilket
919 337 70 21 skulle

165 365 64 22 hafva
251 367 32 20 ett
305 365 110 27 gagneligt
433 365 116 27 inflytande
567 365 29 27 på
615 364 38 22 vår
667 364 98 22 industri.
796 365 42 26 Jag
853 365 39 21 har
906 365 35 21 vid
957 366 33 20 ett

165 394 84 22 tillfälle
266 394 66 26 förut,
351 394 43 21 den
412 395 28 20 22
455 394 42 27 Maj
513 394 24 21 år
554 395 60 25 1877,
630 393 29 27 på
674 394 61 21 detta
748 400 48 15 rum
811 393 94 27 påpekat
920 394 70 23 denna

166 422 166 28 omständighet.
355 422 76 22 Denna
446 423 46 21 står
506 423 34 21 väl
555 422 47 22 icke
617 422 7 21 i
639 422 101 27 beröring
750 422 49 22 med
806 422 183 28 jernvägsfrågan,

164 458 48 15 men
229 452 41 21 den
286 451 70 22 skulle
371 451 63 22 hafva
450 453 32 19 ett
497 451 76 27 vigtigt
588 450 114 28 inflytande
719 451 73 27 derpå.

233 480 12 22 I
258 480 109 22 anseende
382 480 32 22 till
430 480 41 22 den
486 480 67 22 under
569 479 151 22 diskussionen
737 480 73 22 derom
826 480 75 28 gjorda
915 480 75 21 anhål-

165 510 36 21 lan
216 508 123 28 tillfrågade
353 509 51 21 herr
418 508 208 23 Landtmarskalken
643 515 29 15 nu
687 509 93 26 ståndet,
797 514 34 16 om
846 509 38 21 det
894 509 95 25 önskade

164 539 127 28 ytterligare
305 538 120 27 bordlägga
437 538 178 27 jernvägsfrågan
631 537 32 22 till
678 540 64 20 nästa
757 521 164 49 sammanträde.

233 567 57 23 Herr
304 567 142 22 Järnefelt
474 567 83 26 Gustaf,
574 567 67 26 ansåg
656 567 190 27 bordläggningen,
857 566 29 23 då
895 567 94 26 begäran

166 596 74 22 derom
254 595 69 22 blifvit
337 596 138 23 understödd,
491 596 47 21 icke
552 584 73 33 kunna
640 595 118 27 förvägras.

233 624 56 23 Herr
309 624 208 22 Landtmarskalken
540 624 73 22 anhöll
635 624 49 21 med
706 623 115 28 anledning
840 623 63 22 häraf
921 626 33 19 att
968 624 22 22 få

165 658 96 22 upprepa
277 653 34 22 sin
325 653 35 22 vid
376 653 180 22 sammanträdets
571 652 75 28 början
661 653 7 20 i
684 659 26 14 en
725 653 101 21 liknande
840 652 60 27 fråga
911 652 79 27 afgifna

164 681 125 27 förklaring,
305 682 38 20 det
357 681 42 21 han
414 681 126 27 uppfattade
556 682 26 20 56
599 682 11 25 &
625 681 7 20 i
647 680 23 22 L.
687 681 24 21 O.
729 681 91 21 sålunda
835 683 33 19 att
878 681 27 21 då
915 681 75 21 anhål-

165 710 35 21 lan
217 716 34 15 om
265 709 157 27 bordläggning
437 709 23 22 af
474 711 31 20 ett
520 709 136 22 betänkande
671 708 32 22 för
718 710 66 21 andra
800 709 83 27 gången
896 710 93 26 gjordes,

167 738 37 22 det
218 738 96 22 berodde
329 738 29 28 på
373 738 88 22 ståndet
476 740 32 20 att
522 738 86 22 besluta
623 738 106 21 huruvida
739 738 125 27 ytterligare
875 738 114 27 bordlägg-

165 767 52 27 ning
239 767 69 21 skulle
329 772 40 22 ega
388 773 47 15 rum
451 767 53 21 eller
518 767 55 26 icke,
589 772 48 16 men
651 766 48 22 icke
715 768 33 20 att
763 772 27 16 en
805 766 67 22 sådan
888 766 101 22 anhållan

165 795 139 27 ovilkorligen
319 796 71 22 måste
405 795 94 27 bifallas;
516 796 40 21 och
571 796 49 21 ville
636 794 50 22 herr
698 795 208 22 Landtmarskalken
916 795 33 22 för
959 798 29 25 ty,

164 824 8 22 i
187 824 225 22 öfverensstämmelse
422 824 89 22 härmed
521 824 32 22 till
564 824 88 22 ståndet
661 830 30 15 nu
699 824 121 22 framställa
831 831 27 15 en
866 825 24 21 så
897 825 92 27 lydande

164 852 144 28 proposition:

233 882 48 22 Den
296 887 45 16 som
357 881 36 22 vill
408 882 124 26 ytterligare
547 881 120 27 bordlägga
677 881 222 33 jernvägsutskottets
910 881 79 27 ifråga-

165 910 94 23 varande
274 910 138 22 betänkande
429 910 32 21 till
476 912 63 20 nästa
553 910 93 27 plenum,
662 911 72 20 röstar
746 910 32 27 ja;

233 939 75 21 vinner
323 939 42 27 nej,
381 938 113 22 fortsättes
510 938 159 22 diskussionen.

233 967 42 22 Till
296 967 53 27 följd
365 966 23 22 af
401 968 32 20 att
449 967 69 21 denna
533 967 133 27 proposition
681 966 131 22 besvarades
828 967 49 21 med
892 967 96 22 öfvervä-

166 996 69 27 gande
247 996 30 27 ja,
289 996 69 21 skulle
369 996 37 21 det
415 995 146 27 föreliggande
571 996 147 21 betänkandet
727 996 126 26 ytterligare
863 1002 51 15 vara
924 996 64 21 bord-

165 1023 61 28 lagdt
241 1024 34 21 till
287 1025 64 20 nästa
366 1024 93 27 plenum.

233 1109 35 22 Då
287 1109 41 22 den
348 1109 68 22 under
436 1109 60 22 detta
513 1109 98 28 plenums
626 1109 84 28 förlopp
725 1109 33 22 till
773 1109 88 22 ståndet
876 1109 112 22 öfverlem-

165 1137 55 22 nade
242 1138 79 27 nådiga
343 1138 161 27 propositionen
522 1138 40 21 N:o
582 1139 27 20 43
625 1138 112 27 angående
752 1138 90 27 ändring
857 1138 7 21 i
880 1139 107 22 särskilda

166 1166 59 22 delar
244 1166 23 22 af
280 1166 194 28 värnepligtslagen
489 1166 33 22 för
536 1166 96 27 Finland,
648 1166 71 22 blifvit
733 1167 65 21 bland
814 1167 97 22 ståndets
927 1167 60 23 med-

164 1196 89 21 lemmar
273 1195 96 27 utdelad,
389 1195 45 22 blef
453 1195 124 22 densamma
591 1195 128 27 föredragen
734 1196 41 21 och
791 1195 23 22 af
825 1196 86 22 ståndet
926 1196 63 21 bord-

165 1223 62 27 lagdt
241 1224 34 22 till
289 1225 65 20 nästa
368 1224 93 27 plenum.

233 1308 79 23 Likaså
331 1307 125 28 föredrogos
472 1307 41 22 och
528 1308 115 22 bordlades
659 1307 93 29 följande
768 1307 47 23 från
830 1308 111 22 utskotten
957 1308 33 22 in-

164 1336 79 22 komna
259 1336 159 27 betänkanden,
433 1336 108 27 nämligen
989 1356 12 5 -

233 1365 33 22 till
280 1367 65 20 nästa
359 1365 95 28 plenum:

234 1396 156 21 sammansatta
410 1395 45 26 lag-
471 1394 40 22 och
527 1394 229 23 ekonomi-utskottets
771 1395 218 28 sammanjämknings

165 1423 82 28 förslag
261 1424 7 21 i
283 1423 116 28 anledning
413 1423 23 22 af
444 1423 80 28 nädiga
533 1423 162 28 propositionen
705 1424 148 23 innefattande
863 1424 81 27 förslag
954 1425 34 21 till

166 1452 125 28 förordning
306 1453 111 27 angäende
432 1453 155 28 egostyckning
602 1453 40 22 och
654 1453 174 28 jordafsöndring
839 1453 13 22 ä
862 1453 74 22 frälse-
947 1454 40 21 och

166 1481 173 23 skattehemman
359 1483 56 24 samt
429 1481 102 28 legoaffal
547 1487 34 16 om
596 1482 70 27 någon
681 1482 35 21 del
731 1482 23 22 af
767 1482 72 27 dylika
853 1482 135 27 lägenheter;

235 1510 218 23 ekonomiutskottets
473 1510 136 23 betänkande
629 1511 7 21 i
657 1510 115 29 anledning
792 1510 23 23 af
828 1511 124 22 äterremiss
968 1511 24 23 af

166 1539 245 22 utskottsbetänkandet
425 1539 40 22 N:o
482 1541 12 20 2
509 1539 33 22 för
556 1539 140 28 uppgörande
707 1540 23 21 af
738 1542 48 26 nytt
795 1539 81 28 förslag
886 1541 33 22 till
929 1542 60 20 stän-
