1059 1703
192 118 41 21 798
508 115 42 18 Den
562 115 11 17 4
586 115 42 23 Maj.

163 181 236 28 anknytningspunkter
420 181 50 21 med
493 181 71 21 Saima
586 180 97 22 trafiken.
716 181 47 21 Den
779 180 68 22 skulle
862 179 48 24 föra
923 180 61 22 Will-

163 208 126 23 manstrand
307 209 25 21 in
352 209 8 21 i
379 209 165 26 jernvägsnätet
562 209 40 22 och
616 208 178 28 hufvudsakligen
810 209 65 21 blifva
889 209 94 22 kortare.

163 238 44 21 Det
230 238 55 21 enda
306 243 49 16 man
376 237 72 22 kunde
468 240 52 24 säga
535 244 33 15 om
585 237 40 22 den
641 237 23 22 af
676 237 43 27 mig
733 237 122 26 föreslagna
870 237 115 27 ledningen

164 266 68 21 skulle
248 273 52 14 vara
314 268 33 19 att
362 266 40 21 den
418 266 70 21 skulle
504 265 95 28 aflägsna
616 266 240 27 anknytningspunkten
870 265 47 22 från
931 265 52 23 Hel-

164 294 98 27 singfors,
279 296 47 20 men
343 293 41 24 den
400 294 111 22 skilnaden
526 294 70 22 blefve
611 295 47 21 icke
676 297 56 24 stor;
748 294 37 22 det
800 300 51 16 vore
866 295 77 21 endast
953 294 30 22 af-

164 323 88 21 ståndet
268 323 89 22 emellan
374 323 79 21 Simola
469 323 39 21 och
523 323 125 21 Davidstad.
682 323 43 21 Det
745 325 24 20 är
785 324 27 20 32
826 325 60 21 verst
900 323 41 21 och
957 323 31 21 dä

162 358 49 15 man
227 352 47 21 icke
290 352 81 26 bygger
383 352 114 26 jernvägar
511 351 33 22 för
560 358 26 15 en
601 352 75 27 period
692 351 23 22 af
727 353 33 20 tre
776 351 52 22 eller
842 358 38 15 sex
890 352 30 26 är,
932 353 52 20 utan

162 380 34 22 för
212 387 26 15 en
253 380 50 28 läng
318 380 93 26 framtid,
427 380 24 21 sä
466 381 42 21 kan
524 387 48 15 man
587 380 47 22 icke
649 380 80 22 förbise
745 380 27 22 de
786 380 68 26 linjer,
870 386 48 16 som
932 380 52 23 ovil-

162 409 97 27 korligen
274 409 8 21 i
298 415 26 15 en
339 408 86 22 framtid
439 409 70 21 mäste
524 410 7 20 i
546 408 60 28 fräga
620 409 84 21 komma
720 409 40 21 och
775 407 65 24 linien
855 403 60 38 öfver
930 408 58 23 Lah-

162 437 91 23 tis—St.
269 437 76 23 Michel
362 438 67 21 måtte
445 438 74 22 säkert
532 438 8 21 i
556 444 25 15 en
597 438 85 27 mycket
697 444 50 17 snar
761 437 85 31 framtid
861 432 67 40 komma
941 437 44 27 till

163 466 63 22 stånd
242 465 40 23 och
298 466 28 22 dä
340 466 104 22 förmedla
458 466 25 21 N.
500 466 25 22 O.
536 467 85 21 landets
632 466 142 22 förbindelser
784 467 48 21 med
843 465 145 28 Helsingfors.

162 496 42 26 Jag
226 494 69 22 skulle
318 494 72 22 derför
411 494 123 28 ödmjukast
548 495 50 27 vilja
612 495 121 27 hemställa,
749 502 35 16 om
798 496 48 21 icke
862 494 66 23 dessa
941 494 43 28 för-

164 524 48 27 slag
227 522 72 25 kunde
314 525 62 26 tagas
391 523 7 22 i
413 523 148 22 betraktande.
592 524 50 21 Som
658 524 70 27 sagdt,
745 524 26 22 de
786 524 63 22 hafva
864 524 124 21 fördelarne-

163 555 34 19 att
211 554 53 26 göra
278 552 69 27 vägen
362 553 87 21 kortare
465 553 40 21 och
520 555 33 19 att
567 553 50 22 leda
633 553 41 21 den
689 559 78 21 genom
782 553 49 22 vida
846 559 59 16 mera
918 553 66 21 befol-

163 582 55 21 kade
234 581 40 22 och
289 581 133 23 kultiverade
441 581 89 22 trakter.

230 608 56 23 Herr
298 609 235 28 Standertskjöld,
548 610 52 21 Karl
616 609 86 22 Gustaf:
718 610 34 21 Då
763 610 38 27 jag
810 610 95 27 begärde
916 610 73 26 ordet,

162 645 38 15 var
215 638 37 22 det
266 638 33 22 för
313 640 34 20 att
361 638 66 27 fräga,
444 645 34 15 om
487 638 48 22 icke
551 639 94 21 beslutet
656 639 35 21 vid
702 641 87 20 senaste
799 639 87 26 plenum
896 645 44 20 var,
952 641 32 26 att

162 667 75 21 linien
250 665 68 23 "skulle
341 667 77 21 beröra
433 667 31 21 St.
484 667 78 21 Michel
578 667 40 21 och
632 667 48 21 icke
695 667 28 27 gå
737 668 7 20 i
760 667 41 22 den
817 667 23 21 af
852 667 50 22 herr
918 667 71 27 Späre

162 694 122 27 föreslagna
297 695 127 27 riktningen.

231 724 56 21 Herr
302 724 210 26 Nordenskiöld,
532 724 52 21 Karl
599 723 73 22 Adolf:
698 724 42 21 För
754 724 44 21 min
814 724 34 23 del
864 724 69 21 skulle
946 722 42 30 jäg.

162 752 28 21 be
206 754 32 19 att
252 751 22 22 fä
288 752 86 21 förorda
387 752 7 21 i
408 752 61 27 fräga
483 753 95 21 varande
588 752 167 27 bansträckning
765 758 77 21 genom
852 751 136 23 Haukivuori

164 780 40 22 och
220 780 138 28 Suonenjoki,
374 780 85 22 säledes
473 781 7 21 i
496 788 26 14 en
538 781 100 26 riktning,
655 787 46 15 som
717 783 24 19 är
756 781 66 27 nägot
831 781 115 25 vestligare
957 783 31 19 än:

165 809 40 21 den
222 808 22 22 af
255 809 211 28 jernvägsutskottet
482 809 127 28 föreslagna.
625 809 46 21 Den
686 809 70 21 skulle
767 810 123 25 derigenom
900 810 101 24 komma.
996 804 8 38 .

164 839 33 19 att
212 838 28 26 gä
255 842 77 22 genom
346 838 128 25 landsorter,
490 838 72 21 hvilka
576 838 33 21 för
624 838 133 22 närvarande
772 838 68 22 sakna
851 838 28 21 all
888 838 96 21 kommu-

163 866 103 26 nikation,
282 866 28 22 dä
326 866 96 22 deremot
438 866 26 22 de
479 867 89 25 trakter,
584 872 77 21 genom
676 866 72 22 hvilka
763 866 70 26 banan
845 866 23 22 af
877 866 111 22 utskottet.

164 896 27 20 är
203 893 121 29 föreslagen
340 896 33 19 att
396 895 34 26 gä,
451 895 19 21 d.
487 901 19 15 v.
522 901 18 15 s.
555 895 89 25 Jokkas,
659 895 71 21 Jorois
746 895 40 21 och
801 895 135 27 Leppävirta,
951 895 37 22 för

164 921 134 24 närvarande
312 922 64 22 hafva
392 929 26 15 en
434 924 82 26 ganska
530 923 52 27 liflig
597 923 223 27 sjökommunikation.
851 923 86 22 Största
947 924 37 23 be-

163 951 84 28 tydelse
263 950 69 23 skulle
348 952 69 21 denna
436 952 114 27 vestligare
570 952 124 27 sträckning
710 952 82 22 erhälla
807 952 129 26 derigenom,
952 954 32 20 att

164 981 41 21 den
221 980 69 22 skulle
305 980 35 22 vid
356 980 131 27 Suonenjoki
503 981 76 21 beröra
593 980 85 22 Keitele
694 983 59 19 stora
768 980 40 23 och
818 980 110 28 vidlyftiga
938 982 48 20 vat-

163 1011 125 25 tensystem,
305 1009 81 21 hvilket
400 1009 101 22 omfattar
516 1010 32 26 sju
564 1009 108 28 betydliga
687 1010 92 21 socknar
794 1009 39 22 och
849 1010 8 20 i
871 1009 50 22 vidd
929 1011 55 20 mot-

164 1043 74 16 svarar
252 1037 87 26 mänget
353 1037 61 27 tyskt
428 1037 153 27 konungarike.
611 1037 41 22 Vid
668 1037 131 28 Suonenjoki
810 1037 70 22 skulle
891 1037 27 22 dä
926 1037 58 28 jern-

163 1068 69 25 vägen
246 1066 86 21 komma
348 1067 32 20 att
395 1072 77 21 genom
487 1072 27 16 en
528 1067 67 26 nägra
609 1068 60 19 verst
683 1066 50 26 läng
748 1066 78 21 bibana
841 1065 85 23 förenas
935 1066 49 25 med

163 1095 85 20 Keitele
262 1096 162 25 vattensystem.
455 1095 72 21 Skulle
543 1101 29 15 nu
587 1095 35 21 vid
638 1095 60 21 detta
708 1094 82 22 tillfälle
798 1095 92 22 nämnde
900 1094 84 23 vätten-

164 1125 80 25 system
266 1123 48 22 icke
337 1123 82 21 erhälla
440 1122 98 28 förening
552 1123 49 22 med
614 1123 150 28 jernbanorna,
780 1123 70 22 skulle
865 1123 122 22 detsamma

164 1153 52 20 utan
231 1151 72 22 tvifvel
319 1151 56 22 ända
390 1151 31 22 till
438 1158 26 15 en
480 1152 112 21 obestämd
607 1151 87 22 framtid
708 1152 86 21 komma
810 1153 32 20 att
857 1152 67 22 sakna
937 1154 48 26 nyt-

163 1182 37 20 tan
216 1180 24 22 af
252 1186 28 16 en
299 1180 58 27 dylik
376 1180 189 22 kommunikation.
599 1180 43 22 Det
660 1183 24 19 är
699 1180 71 23 derför
785 1187 45 15 som
843 1181 38 27 jag
895 1180 33 23 för
942 1181 44 22 min

163 1208 36 22 del
213 1208 33 23 får
259 1208 87 22 förorda
362 1209 41 21 den
418 1208 51 22 utaf
476 1209 274 27 jernvägskommissionen,
767 1209 111 22 äfvensom
887 1210 8 21 i
905 1210 83 26 nådiga.

162 1238 164 28 propositionen
340 1237 123 26 föreslagna
478 1238 116 26 vestligare
609 1238 159 27 sträckningen.
928 1238 1 4 |

231 1264 57 22 Herr
302 1264 142 27 Järnefelt,
461 1265 87 22 Gustaf:
568 1265 75 22 Såvidt
656 1266 38 26 jag
708 1265 110 28 uppfattat
834 1265 153 22 diskussionen

163 1294 69 20 under
253 1292 129 28 föregående
404 1294 93 26 plenum,
521 1294 24 21 så
563 1294 63 27 gälde
640 1294 162 27 propositionen
818 1300 26 16 en
860 1294 56 22 bana
931 1294 55 22 ifrån

164 1322 110 28 sydbanan
289 1322 33 21 till
336 1322 92 29 Kuopio,
443 1322 86 22 hvarför
541 1322 38 28 jag
593 1320 33 24 för
641 1322 43 22 min
700 1322 34 22 del
749 1328 64 16 anser
823 1322 37 22 det
870 1322 116 28 höglofliga

164 1351 87 21 ståndet
265 1357 52 16 vara
336 1350 148 22 oförhindradt
505 1353 32 20 att
556 1358 29 15 nu
600 1351 70 22 uttala
684 1351 34 27 sig
733 1351 110 27 angående
859 1352 125 21 bansträck-

164 1379 78 30 ningen
257 1379 8 22 i
280 1379 122 22 allmänhet.
418 1379 11 22 I
444 1379 78 23 sådant
536 1379 36 24 fall
588 1380 69 22 skulle
670 1379 37 30 jag
722 1380 27 22 be
764 1380 22 22 få
793 1380 135 30 understöda
935 1380 54 22 herr

164 1408 80 32 Spåres
259 1407 81 28 förslag
356 1410 32 20 att
402 1409 70 21 banan
488 1408 69 23 skulle
571 1408 58 23 föras
644 1408 60 23 öfver
718 1409 78 27 Jorois,
807 1409 93 28 Nyslott,
911 1409 73 22 Parik-

163 1437 61 27 kala;
235 1437 137 28 Punkaharju
383 1437 41 23 och
436 1437 94 28 Wiborg,
542 1437 90 23 emedan
642 1444 76 22 genom
729 1438 40 22 den
780 1438 83 22 banans
873 1439 111 27 byggande

164 1473 26 15 en
206 1468 47 22 stor
267 1467 34 26 del
317 1465 23 23 af
354 1467 40 21 den
410 1467 60 21 östra
481 1465 133 28 stambanan,
624 1467 64 22 hvars
698 1467 113 28 byggande
821 1465 48 24 icke
879 1467 43 22 kan
930 1474 54 21 upp-

164 1495 83 28 skjutas
262 1494 73 25 alltför
348 1495 60 28 långt
422 1495 8 22 i
444 1495 120 27 framtiden,
580 1495 71 23 skulle
666 1502 51 16 vara
732 1496 135 27 undangjord
881 1495 41 23 och
936 1496 55 23 icke.

163 1524 71 22 skulle
250 1522 95 28 erfördra
359 1524 73 23 vidare
446 1525 124 22 kostnader.
