1092 1706
202 159 41 20 918
519 158 42 17 Den
573 158 10 17 9
596 157 44 23 Maj.

240 222 57 22 Herr
313 222 142 26 Järnefelt,
476 222 88 21 Gustaf:
587 222 11 21 I
614 223 94 20 motsats
727 224 46 19 mot
787 222 51 21 herr
853 222 22 22 af
887 222 109 26 Forselles

172 257 64 15 anser
256 251 38 27 jag
316 251 41 22 den
379 250 123 28 föreslagna
524 250 151 27 förändringen
696 256 52 16 vara
770 250 130 27 fullkomligt
914 251 29 27 på
957 251 40 21 sitt

172 279 69 27 ställe,
258 280 28 21 då
301 279 38 23 det
352 279 65 23 beror
431 279 28 28 på
471 279 137 28 jordegaren,
624 279 28 22 då
662 279 42 22 han
720 280 91 26 antager
824 281 27 20 en
865 280 129 26 landbonde,

172 310 33 21 att
219 309 8 21 i
242 308 126 22 kontraktet
382 308 111 28 stipulera,
509 314 35 16 om
558 308 127 22 arrendator
700 308 55 22 skall
768 308 94 28 fullgöra
876 311 52 25 väg-
944 308 53 23 eller

171 336 235 29 brobyggnadstungan
421 337 52 22 eller
491 337 55 21 icke.
563 364 2 2 :
800 348 2 2 :

240 366 57 22 Herr
315 366 100 22 Taube:
437 366 44 22 Det
499 366 82 27 förslag
600 366 51 22 herr
670 365 124 27 Lagerborg
814 366 57 26 gjort
889 366 42 22 och
949 372 47 18 som

171 394 70 23 blifvit
263 395 129 21 understödt
411 394 23 22 af
447 394 50 22 herr
512 400 41 16 von
570 394 146 22 Christierson
730 396 34 20 att
778 394 96 22 fabriker
888 395 65 27 sågar
967 402 27 15 m.

171 429 37 19 m.
220 424 71 27 dylika
309 424 143 26 inrättningar
470 424 70 21 skulle
560 424 87 25 deltaga
666 423 7 20 i
687 425 78 24 vägars
782 423 40 22 och
837 424 75 21 broars
928 424 67 28 bygg-

171 451 50 28 nad,
245 451 77 23 endast
341 456 34 19 om
391 452 27 21 de
438 453 37 20 äro
493 451 8 22 i
520 452 62 27 gång,
598 454 24 19 är
636 451 109 28 praktiskt
760 451 96 28 omöjligt
872 453 33 20 att
919 452 75 21 införa.

171 480 34 21 De
221 481 73 20 kunna
309 487 41 14 ena
363 479 49 22 året
425 487 52 14 vara
491 480 8 21 i
515 481 57 26 gång
587 480 67 21 andra
670 480 47 21 året
732 481 95 26 stängas.
843 481 85 26 Längre
941 480 55 22 fram

171 509 8 21 i
194 508 149 22 betänkandet
359 508 30 27 på
406 515 49 20 pag.
474 510 13 19 4
503 508 143 22 förekommer
660 510 33 19 ett
707 508 121 27 stadgande
843 514 35 16 om
893 510 33 20 att
941 509 53 27 upp-

171 537 127 27 skattandet
313 537 23 22 af
349 537 63 22 deras
427 537 124 28 skyldighet
566 539 33 20 att
614 537 87 27 deltaga
716 537 8 21 i
733 537 77 26 vägars
821 537 40 22 och
872 537 76 22 broars
956 543 38 16 un-

172 565 83 23 derhåll
270 566 56 21 skall
340 565 64 22 hvart
419 567 44 20 5:te
477 566 25 21 år
516 566 54 27 ånyo
585 566 139 21 bestämmas.
760 565 75 22 Skulle
849 565 50 22 herr
914 566 80 27 Lager-

171 595 65 26 börgs
250 594 83 27 förslag
347 594 87 27 införas,
450 595 25 20 så
489 594 71 22 blefve
574 594 184 28 uppskattningen
773 594 23 21 af
809 595 64 21 dessa
889 594 105 22 fabrikers

170 623 42 22 och
226 623 137 26 lägenheters
379 623 146 27 skyldigheter
539 624 7 20 i
562 623 100 22 afseende
677 623 13 21 å
704 623 194 26 vägaunderhållet
912 629 83 21 perma-

170 653 60 20 nent.
245 651 39 22 Ett
298 651 53 22 verk
364 651 43 22 kan
422 653 88 25 stängas
526 651 33 22 för
574 653 32 20 ett
620 650 56 23 halft
686 651 33 26 är;
735 651 158 28 konjunkterna
902 651 92 23 förbätt-

170 686 36 16 ras
229 680 41 22 och
289 680 164 22 verksamheten
473 682 61 25 tages
554 686 44 21 upp
618 680 66 27 ånyo;
708 680 28 22 då
755 679 71 23 skulle
845 682 60 20 strax
925 687 27 15 en
967 687 27 21 ny

170 708 158 28 uppskattning
341 709 54 22 böra
409 709 115 27 företagas.

239 737 56 22 Herr
317 737 24 22 af
353 737 142 22 Forselles:
518 737 42 28 Jag
578 737 36 22 vill
636 737 57 21 blott
711 739 46 20 mot
771 737 49 21 herr
835 736 107 23 Järnefelt
957 743 37 16 an-

170 765 81 26 märka,
268 767 33 20 att
315 766 127 26 visserligen
457 768 24 19 är
496 768 49 19 sant
560 767 33 20 att
608 766 36 21 det
659 765 46 22 står
720 772 27 15 en
762 765 53 22 hvar
822 765 115 28 jordegare
948 765 47 22 fritt

170 795 35 20 att
219 794 120 21 bestämma
353 794 68 21 sädan
440 794 122 27 skyldighet
576 794 35 21 för
626 794 157 26 arrendatorer,
799 800 48 15 men
863 795 25 20 sä
902 794 40 21 har
958 794 37 22 det

167 823 49 26 just
230 823 107 26 härintills
352 822 56 22 varit
421 822 67 26 fallet,
504 824 33 20 att
552 823 39 21 det
604 822 7 21 i
626 823 127 20 kontraktet
768 823 56 20 varit
838 824 111 26 upptaget,
961 825 34 19 att

169 851 29 24 de
220 849 68 30 "borde
311 857 91 17 ansvara
423 850 34 22 för
472 853 76 24 vägars
565 850 41 23 och
619 851 76 21 broars
710 851 123 25 underhåll;
856 851 49 21 men
921 851 73 27 hvarje

170 879 55 27 gång
241 879 39 22 det
295 880 46 27 gält
356 882 33 19 att
403 879 68 22 beifra
486 886 27 15 en
528 879 156 27 försumlighet,
700 879 40 22 har
755 879 38 22 det
804 879 60 22 alltid
873 880 55 21 varit
933 879 60 28 jord-

170 914 80 21 egaren
265 915 46 15 som
326 909 79 27 ytterst
419 908 42 21 fått
475 909 53 21 bära
543 910 106 20 ansvaret.
668 909 41 20 Det
723 914 52 15 vore
787 908 47 27 just
843 908 114 27 meningen
964 915 30 15 nu

170 938 34 20 att
219 943 76 21 genom
310 937 36 27 lag
361 936 98 22 åhvälfva
473 936 153 22 innehafvaren
639 936 24 22 af
672 936 79 28 jorden
766 937 61 21 detta
841 942 82 16 ansvar.
942 936 52 22 Med

170 965 51 21 herr
240 966 73 21 Taube
329 968 24 19 är
365 966 39 27 jag
423 971 52 16 ense
491 966 80 25 derom,
588 967 33 20 att
636 965 37 21 det
687 971 51 16 vore
753 965 66 26 högst
833 965 112 27 olämpligt
961 968 33 19 att

169 993 75 28 intaga
258 994 40 21 här
313 994 41 21 den
369 993 24 22 af
405 994 51 21 berr
473 994 123 27 Lagerborg
612 994 75 26 gjorda
701 994 174 26 anmärkningen.

238 1022 57 22 Herr
309 1028 41 16 von
367 1022 196 22 Christierson:
579 1022 41 28 Jag
634 1022 114 21 fördristar
762 1022 44 27 mig
815 1024 34 19 tro
861 1024 32 20 att
901 1022 38 22 det
945 1022 49 22 icke

171 1056 51 16 vore
237 1051 26 21 så
277 1051 98 27 omöjligt
390 1051 53 21 eller
459 1051 121 27 opraktiskt
595 1053 33 19 att
641 1051 23 21 få
679 1052 32 20 ett
722 1051 77 21 sådant
807 1050 75 28 tillägg
893 1056 39 16 som
945 1046 50 36 herr

170 1078 125 28 Lagerborg
316 1080 64 27 yrkat
401 1079 41 22 och
459 1079 38 27 jag
516 1080 49 21 med
581 1079 84 22 honom.
695 1079 45 22 Det
754 1082 24 19 är
792 1078 48 23 icke
855 1082 50 24 sagt
920 1081 33 20 att
967 1086 27 15 en

169 1106 82 22 fabriks
267 1108 122 27 skyldighet
411 1110 33 18 att
466 1108 127 21 underhälla
607 1110 66 23 vägar
687 1108 41 20 och
746 1108 65 21 broar
826 1108 55 21 skall
896 1108 99 27 upphöra

169 1141 83 16 samma
267 1136 42 27 dag
324 1136 96 22 fabriken
436 1137 95 25 stänges.
561 1136 43 22 Det
618 1142 38 15 var
671 1136 48 21 icke
734 1136 71 27 någon
816 1138 98 20 närmare
925 1136 68 28 speci-

169 1164 89 22 fikation
279 1165 8 21 i
303 1165 50 21 herr
372 1164 135 28 Lagerborgs
522 1164 87 28 förslag,
625 1164 41 22 och
682 1164 27 22 dä
720 1164 39 28 jag
773 1165 81 27 yrkade
869 1165 28 27 pä
913 1166 81 20 äterre-

165 1189 65 36 miss,
243 1193 75 23 tänkte
333 1194 39 27 jag
387 1194 32 20 att
433 1194 109 21 utskottet
557 1193 71 22 skulle
643 1195 95 25 upptaga
754 1194 26 20 de
794 1195 99 20 närmare
904 1194 90 27 stipula-

169 1222 78 27 tioner,
265 1228 47 16 som
329 1222 72 22 kunde
420 1228 52 16 vara
487 1222 146 27 erforderliga.
664 1222 66 21 Läter
744 1228 50 15 man
809 1220 98 24 fabriken
922 1222 73 22 betala

170 1249 34 21 till
223 1250 38 22 det
275 1250 35 22 ärs'
333 1250 50 26 slut,
399 1251 68 20 under
482 1250 82 21 hvilket
580 1251 41 20 den
635 1250 69 21 blifvit
719 1251 86 26 stängd,
821 1252 46 19 tror
879 1251 38 26 jag
931 1251 64 26 ingen

170 1278 111 26 svårighet
295 1278 97 28 uppstår.
425 1278 51 21 Men
495 1284 43 21 nog
557 1284 64 21 synes
636 1279 38 20 det
688 1278 90 26 obilligt,
795 1285 34 15 om
845 1280 15 20 t.
877 1284 32 16 ex.
925 1279 69 21 skatt-

169 1306 130 28 läggningen
322 1308 64 26 göres
409 1308 54 20 1883
485 1306 40 22 och
544 1306 98 22 fabriken
657 1308 88 25 stänges
761 1313 82 16 samma
857 1307 31 27 är,
904 1309 35 19 att
952 1307 43 21 den

170 1336 8 20 i
194 1337 12 20 5
223 1335 24 22 år
262 1335 57 22 skall
334 1336 88 27 erlägga
436 1335 77 28 bidrag
528 1335 32 22 till
575 1335 137 21 underhållet
727 1336 23 21 af
763 1338 66 25 vägar
844 1336 40 22 och
895 1336 71 26 broar,

238 1364 57 22 Herr
316 1364 106 27 Munck,
446 1364 26 22 K.
489 1363 35 23 F.:
546 1364 45 28 Mig
612 1363 108 23 förefaller
743 1364 38 22 det
803 1370 47 17 som
866 1371 34 15 om
916 1364 79 28 nädiga

169 1393 162 31 propositionen
353 1393 69 22 skulle
445 1393 73 22 vara
508 1388 11 40 i
540 1393 44 21 alla
606 1392 115 23 afseenden
741 1394 25 21 ja
824 1393 63 50 a
903 1393 41 23 och
958 1394 37 21 vill

169 1421 104 29 anmärka
289 1424 33 20 att
337 1422 40 22 här
391 1422 143 22 förekommer
549 1421 67 23 orden
630 1421 138 23 innehafvare
784 1429 13 15 af
814 1422 123 27 skattlagdt
946 1424 48 25 torp

169 1457 20 14 0.
205 1457 18 15 8.
237 1457 20 15 v.
274 1451 44 22 Det
332 1450 73 22 kunde
419 1451 92 26 mången
526 1451 57 27 gång
597 1450 72 22 hända
684 1452 33 20 att
732 1451 37 22 det
782 1453 24 25 är
820 1451 124 28 kronotorp,
955 1451 40 22 och

169 1479 29 22 dä
213 1480 24 21 är
257 1479 38 22 det
309 1479 49 22 icke
376 1479 139 28 sjelfegande.
546 1479 67 22 Detta
627 1480 39 21 ord
683 1480 164 25 ,innehafvare*
865 1482 24 20 är
902 1480 41 22 här
957 1481 38 20 be-

169 1508 97 27 gagnadt
281 1508 74 22 säsöm
373 1508 151 22 betecknande
544 1509 48 22 dem
608 1514 46 16 som
668 1508 65 22 hafva
747 1508 59 22 vissa
818 1509 177 28 jordlägenheter

167 1537 50 21 icke
235 1537 69 22 under
323 1537 93 28 egande-
431 1539 54 20 utan
501 1537 181 27 besittningsrätt.
716 1537 63 22 Hvad
793 1537 103 23 beträffar
911 1537 34 22 att
959 1537 36 22 til-

167 1565 66 28 lägga
247 1568 34 20 att
297 1566 68 27 ,bruk
381 1566 40 22 och
437 1566 109 23 fabriker"
562 1566 68 22 borde
645 1572 52 16 vara
713 1566 7 21 i
735 1567 63 27 gång,
815 1567 25 22 sä
854 1565 63 24 faller
927 1565 38 24 det
974 1565 24 23 af
