1081 1706
411 140 41 17 Den
466 142 20 16 1?
499 140 57 22 April.
821 132 42 31 529

104 200 145 32 "Föredrogs
265 205 41 22 och
320 206 118 22 bordlades
452 206 32 22 till
500 204 62 24 nästa
578 207 159 38 sammanträde
744 196 91 43 följande
844 196 52 43 från

69 206 114 60 utskotten
199 235 100 22 inkomna
314 234 158 26 betänkanden,
485 235 119 33 nämligen:

139 263 177 22 statsutskottets
331 248 141 46 betänkande
483 264 8 20 i
506 264 114 26 anledning
635 263 21 22 af
671 264 78 26 nädiga
761 263 131 28 propositio-

70 298 41 43 Hen
127 298 42 43 ve
187 292 50 54 oe
252 291 85 22 inlösen
351 290 24 23 af
387 287 195 32 donationsgodsen
598 292 7 21 i
606 279 8 11 -
626 292 93 26 Wiborgs
734 292 42 22 och
792 292 31 23 St.
839 292 53 23 Mie-

87 325 30 16 els
142 322 37 19 län;

141 337 106 33 allmänna
262 348 210 23 besvärsutskottets
488 349 137 22 betänkande
640 350 49 21 med
705 350 114 26 anledning
827 349 22 22 af
859 351 34 20 ett

70 378 57 21 inom
143 377 160 22 bondeständet
317 377 75 22 väckt
397 377 183 29 petitionsförsiag
595 378 95 22 rörande
697 377 196 24 kronofiskerierna

71 406 9 21 i
94 404 63 27 Kemi
172 405 34 27 elf,
223 406 40 21 och

132 433 91 28 "samma
237 435 95 21 utskotts
347 434 138 22 betänkande
499 435 7 20 i
522 435 115 27 anledning
652 435 23 21 af
688 435 44 22 ett
729 441 55 16 inom
792 435 100 27 borgare-

71 457 89 28 stäfidet
175 458 65 26 väckt
254 462 184 29 petitionsförslag
458 469 34 15 om
507 463 123 22 beredande
645 463 23 22 af
681 463 84 23 tillfälle
780 463 33 22 för
827 463 66 23 frivil-

71 492 44 27 lige
130 494 34 19 att
178 492 64 21 vinna
257 491 142 28 officersgrad.

142 578 81 22 Likasä
238 578 56 22 hade
309 578 65 22 bland
390 578 98 22 ständets
503 578 139 23 medlemmar
657 579 95 22 utdelats
763 579 133 22 ekonomiut-

74 607 97 22 skottets
187 607 136 22 betänkande
338 607 7 21 i
361 607 115 27 anledning
491 607 21 22 af
526 607 78 28 nädiga
614 608 161 27 propositionen
784 608 111 26 angäende

74 636 97 27 vilkoren
187 636 33 22 för
235 636 18 27 ej
275 636 82 21 mindre
377 635 125 28 försäljning
515 637 32 21 till
563 636 131 28 afhemtning
709 636 23 22 af
744 636 151 28 maltdrycker,

74 667 28 20 än
124 661 147 31 utskänkning
294 665 61 22 deraf
376 665 40 22 och
436 665 66 22 andra
517 666 47 21 icke
580 666 117 33 spirituösa
711 666 96 27 drycker,
824 665 73 22 säsom

73 694 42 22 ock
137 694 93 22 rörande
250 694 93 27 ändring
366 693 22 23 af
408 693 154 28 förordningen
582 701 34 15 om
630 695 129 26 näringarne
774 694 24 22 af
811 694 42 22 den
868 696 26 20 31

73 723 57 22 Mars
149 725 62 24 1879,
227 729 49 15 men
289 723 58 22 blott
362 723 7 21 i
384 723 93 21 svenska
485 723 84 27 tryckta
580 723 113 29 exemplar,
703 724 111 21 hvaremot
822 723 27 22 de
856 722 39 23 fin-

71 747 48 38 ska
131 736 137 48 exemplaren
283 753 57 19 ännu
356 751 18 28 ej
390 751 77 21 hunnit
483 752 91 21 utdelas.

144 780 10 21 I
169 780 107 21 anseende
291 779 73 22 härtill
379 780 72 21 beslöt
466 780 87 22 ständet
568 781 32 21 att
616 779 119 28 bordlägga
749 780 148 22 betänkandet

74 809 33 21 till
122 809 69 22 första
206 809 87 27 plenum
308 809 7 21 i
330 809 63 24 nästa
408 809 74 21 vecka.

144 894 175 23 Sammanträdet
335 894 75 23 afslöts
425 894 54 22 härä
494 895 91 22 klockan
601 895 33 28 sju
651 894 54 23 efter
719 894 120 28 middagen.

658 929 22 17 In
692 929 64 17 fidem:

564 958 70 22 Victor
651 958 25 22 de
691 958 20 21 la
728 957 102 27 Chapelle.

228 1071 46 23 Den
291 1071 24 23 14
329 1070 61 29 April
407 1071 95 23 klockan
519 1071 15 23 H
550 1070 52 24 före
619 1070 124 28 middagen.

147 1123 56 22 Herr
225 1122 208 22 Landtmarskalken
455 1122 141 27 tillkännagaf
617 1124 32 19 att
671 1122 77 28 pollett
764 1122 89 27 uttagits
869 1121 32 23 för

77 1152 72 22 adliga
172 1153 62 20 ätten
256 1152 40 21 N:o
320 1154 33 24 54,
373 1151 129 27 Klingstedt,
524 1151 21 22 af
558 1151 120 27 fullmäktig
694 1152 49 20 herr
759 1151 74 27 Spåre,
849 1151 53 21 Karl

78 1158 107 48 Wilhelm,
209 1175 174 31 häradshöfding,
407 1183 57 18 samt
485 1169 33 33 för
540 1180 120 26 friherrliga
680 1181 60 20 ätten
754 1180 41 21 N:o
811 1182 34 24 49,
860 1186 42 16 von

78 1177 121 64 Bonstorkl,
215 1208 23 22 af
251 1208 88 22 friherre
355 1214 42 16 von
412 1208 119 27 Bonsdorff,
546 1196 100 40 Hjalmar
658 1208 55 22 Emil
729 1208 94 27 Gabriel,
837 1196 65 40 gods-

80 1244 73 21 egare.

149 1294 200 28 Protokollsutdrag
372 1294 60 22 öfver
453 1294 98 22 ståndets
567 1294 35 22 vid
617 1296 87 20 senaste
719 1294 87 28 plenum
820 1293 83 23 fattade

80 1323 74 22 beslut
160 1324 131 26 justerades.

151 1379 56 22 Herr
222 1378 208 22 Landtmarskalken
452 1378 134 26 meddelade,
603 1380 38 25 att,
658 1378 66 27 enligt
739 1378 166 22 talmanskonfe-

81 1414 91 16 rensens
195 1408 79 26 beslut,
299 1408 62 28 plena
384 1407 68 22 under
474 1407 142 22 instundande
636 1407 67 22 vecka
718 1408 85 21 komme
818 1409 33 20 att
865 1414 42 21 ega

82 1444 49 15 rum
146 1437 99 28 tisdagen
260 1438 42 21 den
319 1439 25 20 18
361 1437 39 22 och
416 1436 102 28 fredagen
533 1436 41 22 den
589 1437 26 21 21
632 1437 81 21 dennes
725 1436 92 22 klockan
827 1438 23 20 11
859 1436 47 23 före

83 1466 121 28 middagen.

155 1524 110 23 Särskilda
287 1524 47 23 från
352 1514 158 33 bondeståndet
524 1523 101 22 inkomna
639 1523 198 28 protokollsutdrag
851 1523 56 23 före-

85 1555 80 26 drogos
190 1554 39 22 och
251 1554 68 27 lades,
343 1554 73 21 såsom
438 1553 48 22 icke
507 1552 153 23 föranledande
683 1553 32 21 till
729 1553 76 27 åtgärd
819 1553 48 21 från
881 1553 26 21 R.

819 1596 23 17 34
