1050 1706
194 147 42 20 930
510 151 40 18 Den
564 152 20 17 13
597 151 45 23 Maj.

232 210 50 21 Med
297 210 139 22 förkastande
452 210 23 22 af
488 211 41 21 den
544 211 137 27 formulering

232 244 63 16 mom.
311 244 14 16 a
339 238 87 22 erhällit
440 239 32 21 uti
487 239 119 22 utskottets
618 240 143 25 betänkande,
772 239 70 22 beslöt
852 238 33 29 sig
896 239 86 27 borgar-

164 266 88 22 ständet
266 266 33 22 för
315 268 32 20 att
362 266 57 27 gifva
434 268 66 26 sagde
515 270 95 19 moment
623 267 93 28 följande
731 268 91 27 lydelse:

232 297 43 26 näit
289 295 215 26 fruntimmersskolor
512 296 48 21 med
568 296 65 27 finskt
641 296 229 27 undervisningsspräk
880 296 64 21 måtte
952 296 31 26 pä

164 325 86 20 statens:
260 323 115 22 bekostnad
388 324 92 21 inrättas
495 324 9 21 i
517 324 119 28 Jyväskylä
650 324 36 22 och
696 325 87 26 Kuopio
794 324 35 22 och
844 324 52 27 efter
909 324 73 27 styrel-

164 359 49 15 sens
222 353 99 21 närmare
331 352 138 27 bepröfvande
479 354 133 26 organiseras
619 353 48 21 med
672 353 42 27 fem
722 353 48 21 eller
777 353 81 27 sjuärig
866 352 116 22 lärokurs*.

232 386 63 16 mom.
311 381 13 21 b
340 381 160 21 utmönstrades
516 381 46 22 helt
576 382 40 22 och
632 381 77 27 hället;

232 415 63 16 mom.
311 416 12 15 c
337 408 135 23 förkastades
488 410 103 22 likaledes
607 410 77 22 sådant
699 410 108 22 utskottet
816 410 111 27 föreslagit
938 410 45 22 det-

164 444 88 21 samma,
267 438 112 22 hvaremot
394 438 40 22 den
449 438 23 22 af
484 438 50 22 herr
546 439 108 27 Wallgren
664 439 32 21 till
709 439 145 22 betänkandet
869 438 113 28 vidfogade

164 467 160 22 reservationen
339 467 7 21 i
366 467 74 21 stället
458 467 131 27 godkändes,
605 468 55 21 dock
675 468 49 22 med
740 468 41 22 den
797 467 89 27 ändring
901 469 33 20 att
949 474 33 15 or-

164 496 42 22 den
222 496 39 26 ,så
276 496 61 27 länge
356 496 80 21 sådant
452 496 58 22 visar
524 496 33 27 sig
572 496 107 27 behöfligi*
696 497 96 27 utbyttes
808 498 46 20 mot
869 497 40 25 ,sä
923 496 61 27 länge

164 524 74 22 skolan
258 524 9 21 i
281 524 97 27 afseende
400 524 15 21 å
429 524 151 28 undervisning
595 525 36 21 och
646 525 100 22 elevantal
760 527 118 20 motsvarar
892 525 38 21 sitt
944 527 38 19 än-

165 552 93 23 damål."

234 581 71 22 Sedan
325 582 77 21 tvänne
422 581 57 22 inom
498 581 88 23 ståndet
607 582 126 22 framstälda
748 582 169 27 tilläggsförslag
930 581 54 22 härå

165 610 123 26 förkastats,
304 609 45 22 blef

233 645 62 16 mom.
312 638 14 22 d
340 640 53 20 utan
409 638 121 22 diskussion
546 638 23 22 af
582 639 86 22 ståndet
683 639 116 27 godkändt.

233 670 32 20 att
281 667 179 27 borgareståndet
474 668 35 21 vid
519 667 88 28 förnyad
618 668 150 28 föredragning
777 668 23 22 af
808 668 175 21 statsutskottets

165 696 136 23 betänkande
320 696 7 21 i
345 696 179 27 rusthållsfrågan
542 696 96 22 beslutat
652 696 96 23 förkasta
763 697 59 22 såväl
837 696 147 23 betänkandet

165 732 46 16 som
226 726 41 21 den
282 724 79 28 nådiga
375 725 160 27 propositionen
553 727 56 20 samt

219 760 2 2 *
234 756 32 20 att
279 754 180 27 borgareständet
472 754 34 21 vid
522 754 155 27 behandlingen
688 754 23 22 af
718 754 219 28 jernvägsutskottets
946 754 35 22 be-

164 783 109 23 tänkande
295 782 111 28 angäende
429 782 72 22 vidare
518 783 226 27 jernvägsbyggnader
763 784 6 21 i
784 783 74 22 landet
872 784 108 21 stannat
967 778 15 36 i

164 811 94 29 följande
272 811 82 22 beslut:

233 840 66 22 sedan
318 839 179 27 borgareständet
516 839 53 23 efter
584 846 27 16 en
626 840 73 27 längre
715 840 121 22 diskussion
852 840 84 22 förenat
951 840 33 28 sig

165 876 35 16 om.
215 870 41 21 den
270 868 97 26 ordning,
382 868 59 22 hvari
463 868 28 22 de
505 868 7 22 i
527 868 106 22 klämmen
642 868 174 23 förekommande
826 869 106 21 särskilda
942 869 42 21 frä-

165 904 38 21 gor
218 897 69 22 skulle
301 896 33 22 till
353 896 129 27 behandling
497 900 106 24 upptagas
619 900 56 19 samt
690 898 52 21 derä
757 898 67 26 några
838 897 67 22 talare
920 897 63 22 fram-

165 926 53 22 stält
236 925 165 27 anmärkningar
420 927 45 19 mot
484 926 26 20 de
531 926 141 26 beräkningar
686 926 108 22 utskottet
808 926 46 27 lagt
869 926 31 21 till
916 926 68 26 grund

164 955 34 22 för
211 955 48 21 sina
272 954 87 26 förslag,
375 953 107 27 öfvergick
498 954 87 22 ständet
600 954 32 21 till
647 955 211 27 specialgranskning
874 954 22 22 af
905 955 37 21 det
952 954 31 22 fö-

164 983 123 28 religgande
303 982 152 22 betänkandet.

234 1010 131 24 Godkändes
375 1010 75 22 främst
458 1010 103 28 förslaget
568 1012 33 21 att
606 1012 205 27 jernvägsarbetena
818 1012 14 21 å
840 1011 41 22 den
888 1011 93 27 sträcka,

165 1041 116 22 ständerna
295 1040 7 21 i
317 1039 69 22 första
400 1041 92 20 rummet
508 1040 85 21 besluta
608 1040 32 21 till
656 1040 120 27 utförande,
792 1041 66 21 mätte
869 1040 113 22 fortsättas

165 1069 7 22 i
188 1069 133 22 omedelbart
335 1067 154 27 sammanhang
504 1069 49 21 med
567 1069 67 21 Wasa
644 1069 81 21 banans
736 1069 132 22 slutförande
879 1069 103 21 och
924 1063 12 35 i
946 1069 36 21 den

164 1098 49 21 män
229 1097 78 22 sädant
321 1096 116 27 lämpligen
451 1097 42 21 kan
508 1097 45 21 ske.

233 1125 33 22 Dä
285 1125 88 22 ständet
392 1125 52 21 härä
462 1125 32 21 till
515 1125 129 27 behandling
658 1127 82 26 upptog
754 1125 73 28 frägan
843 1132 35 15 om
892 1125 90 22 hufvud-

165 1154 150 27 sträckningen
333 1153 23 22 af
375 1153 40 22 den
433 1153 159 27 jernvägslinie,
612 1159 46 16 som
672 1153 56 22 först
743 1155 65 20 borde
824 1154 32 21 till
872 1154 110 27 byggande

164 1183 115 26 företagas,
295 1181 105 22 stannade
415 1181 180 27 borgareständet
615 1182 55 21 efter
688 1182 94 21 afslutad
802 1183 130 25 diskussion,
949 1183 33 20 vid

164 1211 91 22 anstäld.
271 1210 98 26 votering
390 1210 8 21 i
419 1210 38 27 det
478 1210 72 21 beslut
572 1211 33 20 att
627 1216 27 15 en
672 1211 55 21 bana
741 1210 46 22 från
802 1211 70 26 någon
886 1211 69 26 punkt
970 1211 13 21 &

164 1239 66 21 Wasa
241 1239 90 26 jernväg
346 1244 77 20 genom
441 1238 141 21 Osterbotten
596 1239 33 20 till
644 1239 120 26 Uleäborgs
780 1239 49 21 stad
843 1239 55 21 först
912 1239 70 21 skulle

164 1267 32 21 till
212 1266 112 22 utförande
339 1265 7 21 i
361 1265 61 27 fräga
436 1265 93 22 komma.

232 1293 137 23 Beträffande
384 1294 69 21 denna
461 1293 177 28 bansträcknings
649 1294 91 27 detaljer
750 1294 58 21 såväl
820 1295 47 21 med
879 1294 101 22 afseende

163 1324 13 21 å
198 1323 74 28 sjelfva
293 1322 151 27 sträckningen
468 1328 46 16 som
529 1325 103 25 systemet
647 1323 71 22 beslöt
733 1323 47 22 åter
794 1323 88 22 ståndet
896 1325 33 20 att
944 1323 36 22 be-

162 1353 73 23 mälda
250 1352 55 22 bana
319 1351 70 23 skulle
404 1351 61 22 ledas
480 1351 7 22 i
503 1351 40 22 den
559 1351 23 22 af
589 1352 268 27 jernvägskommissionen
867 1351 114 24 förordade

163 1381 100 28 riktning,
277 1381 26 22 så
318 1382 33 20 att
369 1380 125 23 densamma
512 1381 49 21 med
576 1381 163 27 utgångspunkt
753 1381 6 22 i
775 1381 104 22 närheten
894 1381 23 22 af
930 1381 50 22 Lill-

162 1411 53 28 kyrö
230 1410 83 27 komme
328 1411 34 20 att
375 1409 99 22 förbinda
489 1409 101 22 städerna
605 1409 128 29 Nykarleby,
745 1410 75 22 Gamla
830 1410 92 28 Karleby
931 1410 50 25 (Yx-

162 1440 44 27 pila
224 1439 70 25 hamn)
310 1438 40 24 och
364 1437 121 24 Brahestad
501 1439 56 21 samt
571 1439 138 22 närmelsevis
725 1438 62 23 äfven
801 1439 121 22 Jakobstad
932 1440 49 21 med

162 1469 121 21 hvarandra
297 1467 40 22 och
352 1467 48 21 med
416 1467 175 22 stambanenätet
605 1467 7 22 i
628 1467 72 27 söder,
717 1467 40 22 och
773 1468 70 21 skulle
858 1468 35 21 vid
903 1468 7 21 i
920 1468 61 27 fråga

162 1497 93 24 varande.
277 1495 201 29 jernvägsbyggnad
503 1495 108 28 tillämpas
634 1495 26 22 de
682 1496 115 27 principer,
820 1496 108 22 utskottet
949 1497 31 21 uti

162 1525 50 23 dess
228 1525 85 25 klämm,
329 1526 118 22 momentet
462 1526 12 20 6
483 1525 79 27 pagina
572 1526 26 20 49
607 1523 97 28 föreslår,
714 1525 55 22 dock
777 1527 33 20 att
820 1525 78 22 sådant
905 1525 75 28 tillägg

161 1554 73 23 härtill
247 1553 96 29 gjordes:
366 1555 49 26 att,
431 1553 72 22 såvidt
517 1553 79 22 sådant
610 1553 93 28 befinnes
717 1553 85 28 möjligt,
819 1554 77 22 arbetet
911 1555 14 20 å
940 1554 40 22 den
