1078 1703
220 141 42 21 914
298 150 4 3 >
536 140 43 18 Den
591 141 11 17 9
614 139 56 23 Maj.
665 133 9 34 *

194 205 48 25 dem
256 204 116 31 rätteligen
387 204 123 22 tillkomma.
531 217 15 3 —
555 205 33 22 En
603 205 68 22 sådan
684 205 125 32 förändring
823 205 57 22 hade
890 205 84 22 kunnat
980 205 35 22 fö-

193 233 93 27 retagas,
309 235 52 20 utan
383 235 34 19 att
438 233 114 28 förslagets
574 234 93 27 grunder
684 233 7 22 i
710 233 68 33 öfriga
794 233 60 22 delar
867 233 57 22 hade
937 232 79 23 behöft

192 262 80 23 rubbas
288 262 40 22 och
342 262 83 22 kunnat
439 261 81 22 lemnas
536 261 194 28 hufvudsakligen
729 256 14 38 i
746 267 83 16 samma
844 262 68 26 skick,
928 268 46 16 som
986 260 28 24 de

191 291 36 22 vid
241 291 59 21 förra
313 290 131 27 landtdagen
460 293 96 24 antogos.
586 291 11 22 I
611 291 153 26 sammanhang
778 290 90 23 härmed
882 279 55 34 hade
946 291 27 22 då
981 290 32 22 äf-

188 325 44 18 ven
247 319 98 22 området
359 319 34 22 för
407 319 304 28 vägbyggnadsskyldigheten
725 319 83 22 kunnat
822 319 100 28 möjligen
940 319 71 22 förän-

192 348 50 22 dras
257 347 54 22 ifrån
327 347 122 27 tingslaget,
464 348 72 21 såsom
552 348 37 22 det
603 354 29 16 nu
647 349 24 20 är
689 348 123 26 föreslaget,
828 348 33 22 till
875 348 92 22 häradet
981 348 30 22 el-

191 376 32 22 ler
244 376 137 26 kommunen,
402 376 28 21 då
447 376 49 22 icke
511 377 70 27 någon
598 376 113 27 auledning
726 375 120 29 egentligen
862 376 149 28 förekommer,

192 406 33 29 att
244 411 28 15 nu
287 411 60 16 mera
367 389 109 47 bibehålla
491 405 127 27 tingslagen,
632 404 58 23 hälst
705 405 26 21 de
746 405 29 27 på
789 405 39 22 bra
842 405 77 27 många
933 394 79 38 ställen

191 431 29 30 på
241 433 75 23 landet
334 434 48 21 icke
397 434 147 21 sammanfalla
558 434 49 21 med
621 434 194 32 vägbyggnadslag.
846 434 32 22 Då
894 434 38 22 det
946 430 65 31 einel-

186 436 70 58 Jertid
278 462 62 22 torde
358 468 53 15 vara
429 461 33 22 för
476 464 50 20 sent
540 464 33 20 att
588 468 89 16 numera
691 462 62 22 vinna
769 463 70 26 någon
854 462 90 28 ändring
957 459 54 30 häri,

192 490 40 23 och
248 491 28 21 dä
288 486 36 59 jag
339 491 8 50 I
366 490 65 33 öfrigt
449 490 47 22 icke
516 491 40 21 har
573 491 68 27 något
655 491 118 27 synnerligt
788 493 58 19 emot
860 490 104 27 förslaget
979 480 34 33 att

192 520 108 25 anmärka,
344 526 11 15 har
368 519 37 28 jag
420 519 56 22 blott
489 520 58 21 velat
562 520 177 21 reservationsvis
756 519 74 22 anföra
844 519 44 22 min
898 519 115 23 afvikande

192 549 57 26 åsigt
264 548 6 21 i
286 548 70 21 denna
371 548 35 21 del
421 548 41 21 och
477 549 7 21 i
498 548 70 23 likhet
582 548 49 23 med
645 549 51 21 herr
710 549 74 21 Taube
798 548 87 22 förorda
895 549 117 27 förslagets

192 577 160 28 genomgående
366 576 12 28 $
393 576 34 22 för
441 576 17 28 $.

260 605 98 22 Friherre
374 605 30 22 de
419 605 25 21 la
460 605 132 28 Chapelle:
606 605 57 22 Herr
677 605 159 28 Nordenskjöld
845 605 40 22 har
896 607 74 20 ansett
977 607 36 20 att

191 634 107 22 utskottet
320 634 49 22 med
391 634 109 27 uttrycket
514 634 183 28 tullmjölgvarnar
710 635 41 21 har
766 633 66 23 afsett
847 634 78 22 endast
940 634 72 22 skatt-

190 663 65 27 lagda
271 669 97 21 gvarnar,
392 669 48 15 men
456 663 36 21 det
510 663 40 21 har
564 665 93 19 tvärtom
672 662 66 22 afsett
751 663 42 21 alla
808 663 27 21 de
850 668 97 22 gvarnar,
964 669 47 15 som

190 691 128 22 hädanefter
339 691 87 21 komma
448 692 32 20 att
498 692 98 26 uppbära
618 692 119 26 ersättning
757 690 33 23 för
809 691 63 27 mäld,
889 691 72 22 säsom
975 694 36 19 ut-

190 720 83 22 skottet
288 720 144 27 uttryckligen
446 719 40 22 har
501 722 115 20 omnämnt.
646 720 115 22 Skilnaden
773 704 99 48 emellan
883 717 129 25 husbehöfs-

191 755 91 20 qvarnar
298 748 39 22 och
357 748 184 27 tullmjölqvarnar
560 748 54 22 eller
628 749 70 21 såsom
715 749 26 21 de
756 743 58 27 förut
828 748 98 22 kallades
942 749 69 21 skatt-

189 777 65 27 lagda
274 783 92 21 qvarnar
384 777 39 21 har
442 776 67 22 sedan
524 776 80 28 nådiga
618 777 161 27 propositionen
795 783 35 15 om
845 777 167 27 qvarnskattens

190 805 150 28 upphäfvande
348 805 90 21 alldeles
446 804 93 27 förfallit,
551 806 40 22 och
602 806 28 21 då
637 806 108 21 utskottet
752 807 73 21 ansett
833 808 32 19 att
876 806 26 21 de
911 812 100 21 qvarnar,

189 840 47 16 som
252 834 77 21 endast
343 834 110 21 användas
467 834 34 21 för
516 836 50 25 eget
579 833 71 27 behof,
673 834 48 21 icke
735 834 68 21 borde
819 834 85 26 deltaga
918 835 8 20 i
942 834 70 22 denna

183 864 79 25 tunga,
277 862 40 22 har
332 862 108 21 utskottet
455 862 123 27 derigenom
592 862 58 22 velat
665 862 98 22 markera
778 862 70 22 denna
863 862 90 27 skilnad,
969 863 41 21 och

188 891 29 21 då
231 892 7 20 i
256 892 55 20 1:sta
325 890 33 27 8:n
373 890 7 21 i
396 890 116 22 allmänhet
526 890 70 22 blifvit
610 891 108 25 stadgadt,
730 892 33 20 att
773 891 77 21 endast
859 891 80 21 sådana
948 897 62 21 qvar-

188 926 46 18 nar,
250 919 88 22 hvarest
352 919 68 21 malas
435 921 46 19 mot
498 919 46 26 tull,
560 919 62 22 skola
637 919 86 27 deltaga
737 919 7 21 i
759 919 196 27 vägaunderhållet,
970 919 42 21 har

189 948 109 22 utskottet
312 949 73 20 ansett
400 949 32 20 att
446 948 123 22 sedermera
583 948 28 27 på
622 948 67 26 öfriga
701 948 78 21 ställen
790 948 78 21 endast
878 947 64 22 ordet
949 948 61 27 mjöl-

189 982 90 22 qvarnar
294 976 67 21 borde
376 976 8 20 i
398 976 60 27 fråga
473 976 91 27 komma,
580 976 28 22 då
623 976 109 27 principen
748 976 66 22 redan
828 976 59 22 förut
896 976 69 22 blifvit
975 979 34 19 ut-

188 1005 66 22 talad.
283 1004 56 23 Herr
354 1004 159 27 Nordenskjöld
528 1005 39 21 har
581 1004 72 22 vidare
669 1004 99 23 anmärkt
782 1006 46 20 mot
836 1004 124 27 ledstänger
968 1005 41 22 och

187 1033 127 27 milstolpar,
329 1033 49 22 men
394 1033 37 21 det
447 1033 61 22 torde
524 1033 87 22 tillhöra
627 1033 41 22 den
678 1033 171 22 administrativa
857 1033 152 28 myndigheten

189 1064 33 20 att
243 1062 121 22 bestämma
383 1067 41 20 om,
440 1061 88 22 hvarest
541 1061 125 27 ledstänger
680 1062 33 21 för
729 1061 40 22 den
785 1061 107 22 allmänna
907 1061 103 28 säkerhe-

187 1092 49 21 tens
252 1090 122 22 bevarande
393 1090 107 21 erfordras
521 1090 53 22 eller
588 1090 54 21 icke.
673 1090 73 21 Också
760 1090 39 21 har
815 1091 48 20 herr
878 1091 80 21 Munck
972 1097 37 15 an-

186 1119 71 21 märkt
280 1125 34 15 om
337 1120 34 20 att
392 1120 33 19 ett
443 1118 77 22 förbud
540 1120 44 20 mot
604 1118 97 27 grindars
717 1119 145 26 anbringande
878 1119 13 21 å
906 1119 104 27 landsväg

185 1147 69 25 borde
268 1146 75 23 finnas.
374 1147 66 22 Detta
456 1147 61 22 torde
532 1147 48 22 icke
596 1147 67 22 häller
679 1147 53 22 höra
747 1147 32 22 till
795 1153 26 15 en
836 1147 125 27 förordning
975 1153 35 16 om

185 1178 77 26 vägars
278 1175 41 23 och
332 1175 77 22 broars
424 1175 113 27 byggande
552 1175 41 23 och
608 1176 112 22 underhåll
735 1178 52 20 utan
804 1177 49 20 röra
867 1175 141 28 hägnadsför-

186 1205 118 27 ordningen
320 1204 52 22 eller
386 1204 71 26 någon
473 1210 76 16 annan.
565 1204 62 22 Hvad
643 1205 66 21 sedan
725 1204 103 22 beträffar
843 1206 32 20 att
888 1204 76 27 frågan
974 1210 35 16 om

185 1236 77 24 vägars
278 1233 40 21 och
333 1234 76 20 broars
425 1233 111 26 byggande
552 1233 39 21 och
608 1234 111 21 underbåll
735 1233 50 21 bort
794 1232 118 23 behandlas
923 1233 36 22 vid
970 1233 39 22 all-

185 1263 50 20 män
257 1260 223 27 kommunalstämma,
499 1266 64 16 anser
579 1261 44 27 jag,
639 1263 33 19 att
686 1262 28 20 då
728 1261 122 27 tingslagen
866 1263 78 25 utgöra
959 1262 50 21 bro-

186 1289 153 28 byggnadslag,
362 1289 37 21 det
422 1288 70 22 blefve
506 1289 49 22 litet
569 1289 59 22 svårt
644 1290 32 21 att
690 1289 59 21 kalla
764 1290 106 21 särskilda
882 1290 128 21 kommuner

186 1319 32 21 tili
243 1318 27 22 de
292 1318 58 22 olika
371 1317 261 27 kommunalstämmorna,
647 1318 34 22 för
695 1320 34 20 ätt
744 1318 140 22 tillsammans
900 1318 108 22 behandla

187 1348 95 21 ärendet.
320 1347 75 22 Redan
418 1347 37 22 det
474 1348 70 20 möter
563 1346 116 27 svårighet,
694 1347 63 21 hvem
770 1353 47 16 som
831 1346 55 23 skall
902 1353 106 16 samman-

185 1377 58 22 kalla
259 1377 54 21 dem.
343 1376 118 21 Dessutom
476 1375 62 22 torde
553 1375 41 22 den
609 1375 107 27 kommun,
732 1376 58 21 inom
806 1375 84 23 hvilken
902 1378 106 20 stämman

185 1406 72 22 skulle
272 1405 75 26 hållas,
362 1404 22 22 få
399 1407 33 20 ett
447 1404 71 23 alltför
533 1404 156 38 öfvervägande
704 1389 117 53 inflytande
830 1401 29 31 pä
869 1405 101 27 beslutet,
980 1404 28 23 dä

187 1435 50 22 dess
252 1423 140 33 medlemmar
406 1433 100 22 talrikast
520 1433 68 22 borde
603 1433 79 22 infinna
697 1433 40 27 sig,
754 1433 40 22 och
805 1433 26 23 de
842 1440 58 15 mera
911 1419 98 46 aflägsna

186 1464 154 23 kommunerna
355 1462 69 22 blefve
439 1462 82 22 mindre
536 1461 75 23 talrikt
626 1463 185 26 representerade.
831 1462 77 23 Derför
922 1463 40 22 har
972 1465 34 20 ut-

185 1492 83 22 skottet
282 1491 113 23 bibehållit
410 1491 110 27 uttrycket
534 1491 126 22 häradsrätt
674 1491 72 22 såsom
762 1491 41 22 den
816 1491 56 27 plats
885 1491 38 22 der
933 1491 73 22 allmo-

186 1527 42 21 gen
243 1521 7 21 i
266 1520 118 29 allmänhet
399 1520 99 21 talrikast
509 1519 86 23 samlas.

253 1549 56 22 Herr
324 1547 41 24 von
380 1548 116 23 Alfthan:
512 1549 34 22 Då
561 1555 27 16 en
603 1549 95 27 tingstad
714 1548 66 23 också
788 1548 164 28 nödvändigtvis
959 1548 49 23 må-
