1061 1703
422 111 42 18 Den
476 111 11 17 2
499 110 41 23 Maj.
814 114 41 20 647

69 174 117 23 framhållit
200 174 71 23 såsom
286 175 69 27 grund
370 175 33 22 för
420 176 39 22 sitt
473 176 80 28 förslag
567 178 37 20 äro
619 176 85 28 riktiga,
720 177 39 22 och
774 183 34 16 om
823 177 65 22 dessa

71 204 52 22 data
137 204 28 22 då
183 203 108 23 befunnits
306 204 79 28 riktiga
403 205 40 22 och
458 205 37 21 det
511 205 66 27 derpå
593 205 105 23 baserade
710 205 178 28 jernvägsförsla-

69 234 44 26 get,
135 232 103 28 förslaget
252 232 32 22 till
304 234 141 26 jernvägsnät
459 233 33 22 för
510 234 88 22 Finland
613 234 24 22 af
649 234 87 22 ståndet
751 234 69 22 blefve
836 234 51 27 god-

69 261 67 22 kändt
150 261 8 21 i
173 261 32 21 sin
220 261 80 26 helhet,
316 262 51 21 eller
382 262 73 26 delvis,
469 262 69 22 skulle
553 263 41 21 den
610 262 67 22 andra
691 262 73 28 frågan
780 262 64 22 blifva
855 264 32 20 att

69 290 92 22 bemöda
176 289 98 25 derefter,
289 290 104 21 huruvida
408 290 41 22 den
464 290 111 23 finansiela
589 291 127 27 ställningen
731 297 30 15 nu
769 291 81 21 tillåter
860 297 26 15 en

70 319 70 21 större
155 318 53 22 eller
222 318 82 22 mindre
320 319 113 26 utgrening
447 318 24 22 af
483 319 37 22 det
533 319 122 27 föreslagna
667 319 169 27 jernvägsnätet,
847 319 41 22 och

70 346 100 27 slutligen
193 347 41 21 den
253 347 54 22 sista
320 346 75 28 frågan
409 346 66 23 blifva
490 349 33 20 att
536 347 82 28 afgöra,
633 347 86 22 hvilken
731 347 90 28 jernväg
836 347 52 22 eller

69 375 86 22 hvilken
171 375 35 22 del
220 375 22 22 af
256 375 37 22 det
306 376 123 27 föreslagna
441 376 163 27 jernvägsnätet
618 376 8 21 i
640 375 68 23 första
717 378 92 20 rummet
818 376 69 22 borde

69 404 8 21 i
92 403 60 28 fråga
165 403 86 23 komma
265 406 33 20 att
312 405 86 27 byggas.
427 404 83 23 Hittills
526 405 39 21 har
583 405 49 22 hela
648 405 147 22 diskussionen
810 406 77 21 nästan

70 433 138 22 uteslutande
222 433 117 21 .behandlat
354 433 41 22 den
409 433 55 22 sista
479 433 61 22 delen
555 433 23 22 af
590 433 109 27 förslaget.
729 433 33 22 De
777 433 65 22 ärade
855 435 32 20 ta-

69 461 51 27 lare,
135 461 72 22 hvilka
221 461 105 28 uppträdt
333 461 32 22 till
374 461 81 22 förmån
466 461 33 23 för
506 461 310 28 Davidstad—Kuopiobanan,
824 461 63 23 hafva

70 491 72 21 såsom
154 490 38 27 jag
206 490 66 22 redan
287 490 98 27 nämnde,
395 490 44 22 fäst
454 496 25 16 en
496 490 155 28 öfvervägande
666 491 45 27 vigt
725 490 36 23 vid
776 490 111 28 ändpunk-

70 521 72 20 ternas
165 519 111 27 betydelse
294 520 20 21 d.
330 525 19 16 v.
365 526 16 15 s.
397 519 141 28 Petersburgs
554 520 13 21 å
582 526 40 17 ena
636 519 62 22 sidan
713 519 40 22 och
769 519 118 28 Uleåborgs

70 548 13 21 å
106 548 41 21 den
162 548 74 27 andra,
251 547 136 23 förbiseende
403 548 26 22 de
445 549 101 26 omätliga
560 548 176 28 mellanliggande
751 548 136 23 ödemarker-

70 583 39 16 nas
131 577 126 22 hämmande
276 577 107 22 inverkan.
413 577 46 28 Mig
473 577 74 28 tyckes
563 578 61 21 detta
638 577 176 28 åskådningssätt
828 577 60 27 långt

70 606 54 21 ifrån
139 605 81 28 riktigt.
250 606 114 27 Uleåborg,
379 606 50 21 med
444 606 28 22 all
487 606 89 28 aktning
589 606 34 22 för
633 606 69 22 denna
711 606 64 22 stads
783 605 103 23 sträfvan-

71 635 41 22 den
128 635 40 21 och
186 635 110 27 betydelse
314 634 72 23 såsom
407 635 112 27 ändpunkt
532 634 32 23 för
580 641 26 16 en
618 635 151 27 jernvägslinie
783 635 23 21 af
819 635 69 22 sådan

71 663 154 29 utsträckning,
248 663 42 22 kan
314 663 55 22 dock
387 663 68 27 aldrig
470 665 68 20 mätas
554 663 49 22 med
618 669 26 15 en
659 663 36 22 hel
708 663 97 25 landsdel
820 663 66 22 sådan

71 698 46 16 som
139 692 147 22 Österbotten.
320 692 34 21 Då
372 691 149 23 erfarenheten
535 692 40 22 har
590 691 114 28 ådagalagt
719 693 32 21 att
766 692 28 21 de
807 692 80 22 bande-

70 721 33 21 Jar
123 726 48 16 som
192 720 68 22 blifvit
282 721 80 26 dragna
376 726 76 22 genom
468 720 126 22 ödemarker
606 720 99 22 inverkat
719 720 126 23 hämmande
860 721 28 27 på

71 750 26 21 de
113 748 68 28 öfriga
195 749 142 25 bandelarnes
352 749 64 21 trafik
431 750 39 21 och
487 749 127 27 jernvägens
629 749 93 21 inkomst
736 749 7 21 i
759 748 127 28 sin-helhet,

71 778 25 21 så
110 778 70 22 skulle
192 778 38 27 jag
244 784 52 15 anse
310 779 33 20 att
361 778 20 21 vi
396 777 56 22 hade
467 778 63 21 bordt
545 777 61 23 deraf
619 778 67 27 draga
701 777 40 23 den
756 778 83 21 lärdom
854 779 33 20 att

70 806 93 22 undvika
178 806 187 27 ödemarksbanor,
386 806 38 22 der
443 806 20 22 vi
479 806 37 21 det
530 807 78 21 kunna.
639 806 248 22 Utskottsbetänkandet

71 835 105 28 åberopar
198 836 32 20 ett
252 836 96 27 exempel
368 835 7 21 i
410 834 27 23 Åbo
455 835 40 21 och
511 834 141 22 Tammerfors
668 834 41 22 och
724 835 66 21 dessa
803 835 84 22 städers

70 863 116 29 inflytande
208 864 71 22 såsom
301 864 120 28 betydande
445 864 140 27 ändpunkter.
621 863 34 22 Då
669 870 49 15 man
732 864 70 28 bygde
816 864 70 22 banan

71 893 90 22 emellan
176 893 65 21 dessa
254 893 58 21 båda
326 893 79 26 städer,
421 893 26 21 så
461 894 38 26 tog
513 899 49 15 man
572 892 40 22 allt
620 892 34 22 för
663 892 85 28 mycket
758 892 7 22 i
774 892 113 22 beräknin-

71 928 41 20 gen
131 922 47 28 just
192 922 64 22 dessa
275 922 56 22 båda
343 921 138 27 ändpunkter
495 922 48 21 med
557 921 135 23 förbiseende
708 920 23 23 af
743 922 42 21 den
799 921 88 22 mellan-

70 950 100 28 liggande
184 951 98 21 traktens
298 950 138 28 betydenhet,
451 950 86 22 hvarför
551 950 67 22 också
632 950 70 22 banan
712 950 69 21 erhöll
790 956 28 16 en
824 950 62 22 miss-

71 979 95 27 riktning
180 978 33 22 till
227 978 84 28 förfäng
325 978 33 22 för
373 978 27 22 de
415 978 179 28 mellanliggande
603 978 155 22 landsorterna.
788 979 99 21 Resulta-

71 1009 32 20 tet
118 1007 48 22 utaf
178 1007 82 22 banans
276 1008 86 26 ledning
376 1006 39 23 har
431 1006 118 23 emellertid
563 1007 84 22 bevisat
656 1008 33 20 att
700 1007 63 21 dessa
771 1006 57 23 bäda
836 1007 52 22 änd-

70 1036 94 27 punkter
178 1035 48 22 icke
240 1035 63 22 hafva
318 1035 45 22 haft
379 1037 32 20 ett
425 1036 25 21 sä
465 1035 155 27 öfvervägande
634 1034 116 28 inflytande
764 1036 28 26 pä
807 1035 80 22 banans

71 1064 123 22 inkomster.
228 1064 62 21 Hade
312 1070 81 15 samma
408 1064 55 21 bana
477 1063 69 23 blifvit
561 1063 80 28 dragen
656 1065 15 20 t.
688 1069 31 16 ex.
735 1069 77 22 genom
826 1064 62 21 Tam-

71 1093 56 22 mela
140 1093 81 22 socken
236 1093 40 22 och
291 1093 66 27 nägra
372 1092 67 22 andra
453 1093 88 26 trakter,
557 1092 25 22 sä
596 1092 57 22 hade
668 1092 138 28 ovilkorligen
821 1093 67 22 lokal-

71 1121 92 22 trafiken
184 1121 62 28 gifvit
266 1122 50 21 vida
335 1127 60 16 mera
409 1127 124 22 gynsamma
546 1121 116 22 resultater
676 1123 27 20 än
718 1121 56 22 hvad
789 1127 29 16 nu
833 1122 56 21 varit

71 1150 67 22 fallet.
155 1162 23 4 —
197 1150 85 22 Samma
305 1150 37 21 fall
365 1152 24 19 är
411 1150 37 21 det
467 1150 49 22 med
531 1150 69 21 banan
616 1150 89 21 emellan
720 1149 114 22 Riihimäki
848 1150 40 22 och

71 1179 95 26 Wiborg,
182 1179 85 21 hvilken
288 1179 38 26 går
341 1185 76 20 genom
432 1185 26 14 en
474 1179 102 21 ödemark
590 1178 40 22 och
646 1184 45 16 som
706 1178 40 21 har
761 1179 130 26 strategiska

73 1208 40 22 och
127 1207 100 22 tekniska
242 1207 131 27 synpunkter
387 1208 34 20 att
434 1207 65 21 tacka
513 1206 33 22 för
560 1206 33 22 sin
607 1206 92 28 lyckliga
710 1206 90 23 tillvaro.
816 1207 75 21 Denna

73 1236 34 22 del
122 1236 39 21 har
176 1236 56 22 visat
247 1236 33 27 sig
294 1234 63 23 hafva
371 1235 122 22 framkallat
508 1241 26 15 en
548 1235 65 27 högst
628 1235 69 27 tarffig
712 1234 64 22 trafik
788 1235 40 22 och
838 1236 52 22 änd-

72 1264 131 28 punkternas
222 1264 111 28 betydelse
352 1264 63 22 hafva
432 1264 49 22 icke
495 1264 82 22 kunnat
590 1263 52 28 fylla
656 1264 50 22 dess
720 1264 86 21 brister.
821 1276 29 3 —
864 1263 29 22 Af

73 1293 28 21 Af
114 1293 38 21 allt
167 1293 55 22 hvad
234 1293 39 27 jag
282 1293 83 21 kunnat
374 1292 61 22 säväl
450 1298 25 16 ur
484 1291 43 23 den
536 1292 58 22 inom
604 1292 88 22 ständet
702 1292 61 22 förda
773 1292 118 22 diskussio-

73 1328 47 19 nen,
136 1328 46 15 som
198 1321 41 21 ock
249 1328 25 15 ur
289 1321 118 22 utskottets
415 1321 138 21 betänkande
563 1320 40 22 och
611 1320 280 26 jernvägskommissionens

73 1349 184 26 undersökningar
271 1349 101 26 inhemta,
388 1348 39 21 har
440 1348 37 28 jag
491 1348 89 21 kommit
595 1348 32 21 till
642 1348 41 21 den
698 1348 91 21 slutsats
799 1349 33 20 att
839 1348 51 22 änd-

73 1378 121 26 punkterna
208 1377 117 27 ingalunda
339 1377 73 22 kunna
426 1376 137 22 uteslutande
577 1379 63 24 tagas
654 1377 7 20 i
676 1376 147 27 betraktande,
839 1378 51 20 utan

73 1405 150 23 lokaltrafiken
238 1405 70 23 mäste
322 1405 85 23 komma
421 1405 123 22 densamma
558 1405 34 22 till
607 1411 26 16 en
647 1405 106 28 väsentlig
768 1405 64 28 hjelp.
850 1405 43 28 Jag

73 1435 74 22 kunde
161 1435 125 28 visserligen
301 1435 47 22 läsa
362 1441 43 22 upp
420 1434 65 23 dessa
499 1433 69 22 siffror
583 1440 47 16 som
643 1434 74 23 bevisa
727 1434 55 22 hvad
788 1434 38 28 jag
836 1436 55 25 sagt,

74 1471 49 16 men
137 1465 102 22 herrarne
261 1463 63 23 hafva
339 1464 91 27 troligen
445 1463 43 23 alla
502 1463 121 28 genomläst
638 1463 54 27 dem,
708 1464 25 21 sä
748 1465 33 20 att
792 1463 38 28 jag
844 1463 48 22 icke

75 1494 35 22 vill
126 1496 51 25 taga
190 1493 114 23 herrarnes
322 1493 32 22 tid
369 1493 87 22 dermed
470 1493 7 21 i
492 1492 100 23 anspräk.
607 1504 28 4 —
651 1492 73 23 Under
739 1492 41 23 den
794 1492 98 28 ungefär-

74 1523 58 28 ligen
147 1523 122 28 tjuguäriga
287 1523 122 27 utveckling
423 1522 176 29 jernvägsfrägan
614 1521 47 23 haft
674 1521 8 22 i
696 1522 48 22 vårt
757 1521 57 29 land,
829 1521 64 23 hafva
