1103 1706
481 115 43 18 Den
537 117 9 17 9
559 115 45 23 Maj.
880 113 40 20 911

295 175 47 23 Den
358 176 15 22 9
392 175 42 28 Maj
450 175 95 24 klockan
561 176 15 23 il
591 175 53 24 före
660 175 125 29 middagen.

200 218 203 30 Protokollsutdrag
422 220 59 22 öfver
494 221 98 22 ståndets
607 220 36 22 vid
658 221 119 28 gårdagens
793 221 159 24 sammanträde

133 248 85 22 fattade
233 248 72 22 beslut
317 248 129 28 justerades:

200 339 58 22 Ifrån
273 339 100 22 ståndets
388 339 84 23 valmän
487 339 56 23 hade
557 340 71 27 ingått
642 346 26 16 en
683 340 108 27 förseglad
805 340 92 28 vallista,
914 346 38 16 en-

131 368 41 26 ligt
185 368 86 21 hvilken
287 368 64 22 desse
367 368 32 22 till
414 368 95 22 ledamot
518 369 7 21 i
535 368 108 23 allmänna
657 364 195 36 besvärsutskottet
862 364 90 36 istället

131 396 33 22 för
178 396 91 22 friherre
283 396 24 22 af
320 396 103 22 Schultén
431 399 69 19 utsett
508 397 50 22 herr
567 397 79 27 Antell,
657 397 59 26 Axel,
728 400 56 19 samt
794 398 33 22 till
837 398 114 26 supplean-

132 427 34 20 ter
180 425 7 21 i
202 431 82 16 samma
298 426 86 21 utskott
391 425 74 22 herrar
472 426 100 28 Ramsay,
580 426 88 26 Wolter,
678 426 40 22 och
727 426 126 27 Grotenfelt,
873 426 77 27 Berndt,

132 453 109 23 äfvensom
246 449 13 38 i
279 454 74 22 stället
367 453 33 23 för
414 454 49 22 herr
478 455 151 27 Björkenheim
645 454 33 23 till
693 455 117 28 suppleant
824 455 8 22 i
842 455 108 23 ekonomi-

132 483 108 22 utskottet
255 483 50 22 herr
319 482 118 24 Tandefelt.

200 546 57 21 Herr
275 545 206 23 Landtmarskalken
501 546 142 27 tillkännagaf
656 548 33 21 att
703 547 67 28 enligt
785 547 166 22 talmanskonfe-

131 580 90 16 rensens
239 575 73 29 beslut
331 575 193 22 nästinstundande
539 575 63 28 plena
617 576 85 21 komme
717 577 34 20 att
765 582 40 20 ega
819 582 48 16 rum
880 575 72 22 lörda-

131 609 41 20 gen
196 603 41 22 den
262 605 24 19 13
309 603 93 22 klockan
421 609 38 16 sex
481 603 168 28 eftermiddagen
672 603 109 23 äfvensom
795 604 99 27 tisdagen
909 604 43 23 den

133 633 24 19 16
168 643 5 4 -
180 631 81 22 dennes
276 631 61 22 såväl
356 632 29 27 på
399 631 42 22 för-
456 638 46 15 som
518 633 29 26 på
561 633 55 21 efter
629 632 120 27 middagen,
765 633 129 22 kommande
908 632 43 23 för-

131 660 126 27 middagens
273 661 159 22 sommanträde
448 662 33 20 att
495 661 86 27 vidtaga
595 661 93 22 klockan
704 663 25 20 11
745 661 46 22 före
805 661 123 28 middagen.

218 703 7 9 O

199 745 42 22 Till
256 745 62 22 detta
332 746 159 21 sammanträde
506 746 55 22 hade
572 747 112 26 bordlagts
692 746 40 22 och
740 746 110 27 föredrogs
858 753 29 15 nu
894 753 56 15 sam-

132 776 111 19 mansatta
257 774 37 27 lag
308 774 41 22 och
365 774 218 23 ekonomiutskottets
597 775 139 28 betänkande
748 775 49 22 med
809 775 113 27 anledning
930 774 24 23 af

131 803 82 26 nädiga
226 803 162 27 propositionen
404 803 110 27 angäende
529 810 27 15 en
570 803 124 27 förordning
709 809 34 16 om
758 805 76 26 vägars
849 804 40 21 och
900 803 51 22 bro-

132 837 34 16 ars
182 832 112 27 byggande
309 831 41 22 och
365 831 112 22 underhäll
492 832 13 21 &
520 831 79 22 landet.

200 859 74 22 Under
288 861 41 21 den
345 860 107 22 allmänna
467 860 149 23 diskussionen
636 861 7 20 i
658 860 71 22 denna
743 860 60 28 fräga
817 861 86 28 yttrade
917 861 35 27 sig

132 888 55 23 efter
201 888 121 22 hvarandra
335 889 94 27 följande
444 889 137 22 medlemmar
596 889 24 22 af
627 889 94 26 ständet,
732 890 115 26 nämligen:

201 917 50 22 herr
272 917 208 27 Nordenskjöld,
500 917 52 22 Karl
571 917 73 22 Adolf:
668 917 113 22 Utskottet
795 918 113 22 anmärker
922 918 29 26 pä

131 951 50 22 pag.
198 947 12 19 2
226 947 33 20 att
274 947 62 20 ordet
352 946 207 27 ,tullmjölgvarnar*
577 946 67 21 borde
659 945 86 28 utbytas
753 948 45 19 mot
805 947 63 21 ordet
877 945 73 28 ,mjöl-

133 975 112 26 gvarnar*.
275 974 42 27 Jag
333 980 63 16 anser
411 974 54 22 dock
480 976 33 20 att
528 975 41 22 den
584 975 59 22 förra
658 975 155 27 benämningen
828 976 25 20 är
867 974 84 27 lämpli-

132 1009 58 20 gare,
207 1003 88 22 emedan
311 1003 148 26 mjölgvarnar,
475 1003 14 21 å
503 1003 72 22 hvilka
590 1003 67 22 malas
672 1005 46 20 mot
725 1003 227 27 ersättning,
857 999 9 35 i
877 1003 75 27 själfva

133 1031 77 21 verket
224 1033 37 20 äro
278 1031 189 28 tullmjölgvarnar.
483 1032 43 21 Det
540 1038 51 15 vore
607 1033 32 20 att
654 1031 76 28 utbyta
745 1033 32 20 ett
792 1032 38 21 ord
841 1034 45 19 mot
892 1031 58 22 flere.

133 1059 47 22 Den
197 1060 196 27 omständigheten,
407 1062 33 19 att
453 1060 184 28 tullmjölgvarnar
652 1061 66 26 enligt
727 1060 142 27 landtdagens
880 1060 72 21 beslut

133 1088 63 21 hafva
211 1089 93 26 upphört
319 1090 33 20 att
367 1095 51 15 vara
433 1089 122 27 skattlagda
571 1089 188 26 tullmjölgvarnar,
775 1089 118 27 upphäfver
903 1088 49 21 icke

133 1117 63 21 deras
212 1116 149 23 beskaffenhet
377 1116 23 23 af
412 1117 189 27 tullmjölgvarnar.
631 1117 41 27 Jag
688 1117 69 22 skulle
772 1117 84 22 säledes
871 1117 80 22 föreslä

133 1147 33 20 att
181 1146 63 21 ordet
257 1146 119 21 bibehälles
395 1146 6 21 i
417 1146 94 26 enlighet
525 1147 49 20 med
590 1146 41 21 den
651 1146 79 25 nådiga
744 1146 167 27 propositionen.
941 1145 10 21 I

133 1174 152 26 sammanhang
304 1174 90 22 härmed
414 1174 69 21 skulle
498 1175 39 26 jag
551 1174 50 27 vilja
615 1175 7 20 i
637 1174 138 26 förbigående
791 1177 112 19 omnämna
918 1176 33 19 att

130 1203 38 26 jag
183 1203 32 21 till
228 1203 67 21 orden
311 1202 184 28 tullmjölgvarnar
510 1203 39 21 och
564 1203 63 26 sågar
642 1203 69 21 skulle
719 1203 68 21 önska
794 1203 22 21 få
823 1203 86 25 tillagdt
916 1208 34 15 or-

132 1231 38 21 det
186 1231 203 27 ,sjelfbestäende*,
405 1232 88 21 emedan
509 1232 26 21 de
551 1232 64 26 sågar
629 1231 41 22 och
684 1237 96 20 gvarnar,
792 1231 73 21 hvilka
873 1231 78 23 under-

131 1259 51 27 lyda
197 1266 26 15 en
238 1259 105 27 fastighet
356 1259 48 22 icke
419 1260 72 21 kunna
506 1260 86 21 komma
606 1259 68 22 under
690 1259 37 22 det
742 1259 125 27 stadgande,
883 1260 33 20 att
924 1259 27 21 de

132 1288 62 21 skola
201 1288 70 27 bygga
280 1291 66 24 vägar
353 1288 40 22 och
402 1288 69 26 broar,
481 1287 28 22 dä
517 1289 26 21 de
552 1289 66 21 redan
629 1288 50 27 ingä
688 1288 32 21 uti
727 1287 143 27 fastighetens
881 1288 69 21 skatt-

131 1316 102 27 läggning
256 1317 40 20 och
320 1317 37 20 det
377 1317 122 21 densamma
517 1317 72 21 äsatta
602 1316 110 22 mantalet.
742 1316 42 22 För
797 1316 43 22 min
856 1316 34 22 del
906 1317 46 20 tror

129 1344 38 27 jag
189 1345 33 20 att
240 1344 108 22 utskottet
369 1344 116 27 ingalunda
504 1345 40 20 har
560 1345 67 20 afsett
641 1344 83 22 sädana
739 1349 96 22 gvarnar,
851 1350 46 15 som
912 1345 38 20 äro

131 1371 112 22 förenade'
255 1373 49 21 med
323 1372 77 27 själfva
418 1372 137 27 fastigheten,
574 1375 52 18 utan
641 1374 33 19 att
689 1372 87 21 dermed
792 1378 73 15 menas
880 1373 71 20 större

131 1400 168 28 sjelfbestäende
323 1401 40 22 och
387 1407 96 21 gvarnar,
506 1401 71 22 hvilka
600 1402 37 21 äro
654 1400 91 28 anlagda
767 1401 28 27 pä
814 1402 32 20 ett
863 1399 87 23 afsönd-

131 1430 50 21 radt
200 1430 133 28 jordstycke,
353 1430 122 22 oberoende
493 1429 24 23 af
529 1429 75 28 själfva
618 1429 135 28 lägenheten,
770 1429 40 22 och
826 1431 33 21 att
874 1429 78 22 endast

132 1459 64 22 dessa
212 1459 69 22 skulle
297 1459 86 28 deltaga
396 1459 8 22 i
419 1461 76 26 vägars
511 1459 40 22 och
566 1459 75 22 broars
656 1459 112 27 byggande
779 1459 40 22 och
829 1457 119 23 underhåll.

131 1488 33 22 Då
179 1489 108 22 utskottet
301 1494 64 16 anser
380 1490 33 20 att
426 1488 8 21 i
448 1488 61 28 fråga
522 1488 94 23 varande
630 1487 118 28 lagförslag
763 1487 54 23 skall
832 1487 81 23 bereda
923 1493 27 16 en

130 1517 97 28 betydlig
245 1517 84 22 lättnad
348 1518 24 21 åt
386 1517 130 28 jordegarne
530 1517 8 22 i
553 1519 76 26 vägars
644 1517 41 22 och
700 1517 75 22 broars
790 1517 118 28 byggande,
925 1515 25 23 sä
