1061 1714
415 132 41 18 Den
469 133 12 17 4
491 132 43 24 Maj.
631 137 8 9 s
812 129 40 23 833

66 192 95 27 grundat
175 188 56 39 mina
247 188 63 39 motiv
322 188 26 39 ph
357 192 89 29 samma
461 193 47 25 skäl
523 198 47 18 som
584 193 162 28 utskottet;
712 188 33 39 och
757 193 73 28 skiljer
836 194 46 28 mig

62 216 67 41 ifrån.
133 220 48 26 det.
194 216 83 41 endast.
286 216 47 41 med:
345 216 100 41 afseende
457 222 14 22 &
485 222 33 25 val
533 221 23 23 af
568 222 64 27 plats,
641 221 102 27 emedan;
760 216 67 41 såsom
840 223 42 27 jag

66 250 68 23 redan
148 250 98 26 nämnde,
261 249 40 22 allt
315 250 172 28 hvad:Servalen
501 250 104 28 erbjuder
615 250 64 23 äfven
691 250 68 22 finnes
769 252 29 26 pä
808 251 41 25 den
857 251 26 22 af

64 278 46 28 mig
128 277 121 28 föreslagna
267 280 82 24 tomten
362 278 94 26 Pantern
468 279 47 22 och
529 278 71 25 denna
614 279 110 25 dessntom
739 273 58 38 ännu
810 273 72 38 erbju-

65 307 40 22 der
129 307 119 26 väsentliga.
269 306 99 28 fördelar,
385 314 48 18 som:
454 307 100 25 Servalen
575 307 86 25 saknar.
689 307 44 27 Jag
745 307 39 23 har
797 308 9 25 i
818 308 64 26 detta

66 335 38 22 fall
116 334 48 23 helt
179 330 72 37 enkelt
267 330 105 37 begagnat
385 336 43 26 mig
442 336 24 21 af
478 336 43 22 min
534 337 46 21 rätt
588 338 34 19 att
628 336 64 27 vädja
701 336 32 22 till
744 336 88 26 ståndet
838 337 42 23 och

62 358 52 39 föra
120 364 52 24 :min:
183 362 58 29 äsigt
254 364 62 25 fram.
344 364 46 25 Blir
404 364 42 24 den
460 364 100 28 godkänd
576 364 52 24 eller
641 364 54 26 icke,
711 365 37 22 det
762 368 37 18 vet
805 366 75 27 jag
858 358 27 39 ju

64 393 61 25 icke,
137 398 48 19 men
197 392 39 28 jag
249 398 115 22 upprepar,
378 395 33 23 att
423 393 38 27 jag
474 400 63 15 anser
552 392 37 23 det
602 398 52 17 vara
667 392 42 27 min
723 394 111 27 rittighet,
842 396 39 23 att

66 420 21 26 fA
91 420 66 28 eäge
171 423 24 19 ut
209 421 56 22 hvad
277 422 38 27 jag
328 422 9 21 i
350 421 71 23 denna
427 421 63 27 fråga
499 422 83 21 tänker.
596 421 62 24 Hvad
671 420 101 27 beträffar
780 416 43 37 det,
832 416 48 37 som

63 449 54 25 herr
139 449 120 24 Schauman
281 450 7 22 i
308 450 27 22 de
349 450 111 27 praktiska
473 450 118 28 detaljerua
604 450 40 21 har
657 452 50 25 sagt
721 455 38 18 om.
770 450 29 26 de
812 451 68 27 Borg-

63 478 111 23 strömska
190 480 111 25 tomterna,
318 478 80 26 tillåter
409 479 38 27 jag
462 479 43 27 mig
519 478 76 26 erinra,
610 481 34 19 att
658 478 37 22 det
709 479 129 27 var.endast
853 480 27 22 de

66 509 96 21 närmast
176 507 120 27 packhuset
312 507 91 27 belägna
418 509 112 25 tomterna,
546 513 46 16 som
604 507 38 27 jag
654 506 95 28 föreslog
759 510 38 24 att
811 508 69 23 skulle

66 536 82 27 klyfvas
168 536 67 28 jämte
257 536 38 23 det
311 536 38 28 jag
366 536 98 23 uttalade
479 536 36 22 det
529 536 86 28 hoppet,
631 538 33 24 att
678 536 64 22 huset
755 536 126 28 Borgström

67 565 70 23 skulle
152 567 29 24 gå
194 565 23 21 in
231 565 72 28 derpä,
319 565 88 25 emedan
422 566 38 22 det
474 565 71 23 kunde
560 567 53 25 göra
628 565 37 22 det
679 567 50 25 utan
741 566 140 27 att.uppoffra

65 594 35 22 sin
115 594 216 27 byggnadskomplex.
360 594 188 27 Tobaksfabriken,
564 600 46 16 som
625 593 67 26 finnes
703 594 28 27 pä
741 594 72 24 andra
819 595 62 23 sidan

67 628 35 17 om
121 625 71 24 gatan,
212 623 39 21 hör
265 623 47 22 icke
327 623 43 26 hit;
392 623 37 22 det
442 629 38 16 var
494 623 56 24 blott
563 623 33 22 för
611 624 33 20 att
658 623 78 22 blanda
750 620 51 29 bort
814 624 67 26 saken

66 651 50 24 herr
138 652 120 22 Schauman
281 651 75 28 indrog
377 651 55 26 den.
462 652 33 21 En
513 654 83 25 vägran
609 653 33 20 att
656 651 55 28 sälja
725 655 45 21 tror
781 653 39 26 jag
833 653 48 26 icke

61 680 77 24 skulle
149 681 88 24 komma
249 680 12 21 i
271 679 67 28 fråga,
347 686 55 18 man
418 681 83 21 betalar
514 680 56 22 hvad
584 679 44 28 pris
639 685 45 16 som
692 680 90 27 fordras,
792 681 42 24 och
843 682 38 25 det

66 708 66 24 torde
143 709 16 21 i
179 709 44 23 alla
243 708 36 22 fall
301 709 49 22 icke
362 708 70 25 :blifva
447 709 25 22 sä
487 709 53 27 dyrt.
569 709 39 22 Att
621 708 75 22 firman
710 709 127 26 Borgström
851 717 30 15 nu

64 737 74 25 skulle
152 737 96 25 nedrifva
262 737 61 23 detta
337 737 41 26 hus
393 739 45 21 mot
452 738 132 26 Mariegatan
598 737 23 22 af
634 737 53 22 ifver
701 740 33 20 att
747 737 90 28 erbjuda
844 739 38 25 det

67 765 32 23 til
115 768 33 19 ett
162 764 136 28 ständerhus,
314 766 39 22 har
364 766 37 27 jag
415 766 47 22 icke
477 768 50 25 sagt
539 766 42 22 och
595 765 112 23 undanber
719 767 44 27 mig
775 773 27 15 en
813 767 67 25 sädan

67 794 95 29 tydning.
192 795 61 22 Hvad
268 795 47 22 åter
333 794 100 25 beträflar
447 795 50 22 herr
511 795 157 27 Montgomerys
683 795 86 28 förslag,
785 797 34 20 att
832 803 48 15 man

67 824 70 23 skulle
152 824 75 27 återgå
241 823 32 22 till
288 826 33 20 ett
334 823 73 24 beslut
420 823 47 22 från
483 825 23 21 år
523 825 52 20 1872
591 824 40 23 och
644 823 84 22 föreslå
741 824 34 22 för
789 825 92 26 stånden

66 855 35 20 att
115 853 70 24 inlösa
204 853 142 26 riddarhuset,
366 852 25 26 så
409 853 93 24 hvarken
519 853 77 22 önskar
610 853 53 22 eller
677 855 45 22 tror
734 853 38 27 jag
785 848 48 36 det.
839 854 43 24 kan

67 881 64 23 hafva
152 881 68 28 utsigt
241 884 32 19 att
292 881 118 26 realiseras,
426 882 90 21 emedan
530 881 42 22 alla
587 881 26 22 de
628 881 67 22 andra
709 882 92 25 stånden
815 883 66 26 redan

67 910 79 25 uttalat.
161 910 38 27 sig,
216 911 39 21 och
271 910 27 22 de
312 910 75 28 tyckas
400 910 42 22 alla
457 911 57 22 velat
528 909 63 23 hafva
605 917 26 15 en
642 905 91 38 särskild
749 905 55 38 tomt,
814 912 68 22 ehuru

68 939 27 25 de
110 939 47 22 icke
172 939 63 22 hafva
249 939 65 28 något
328 941 58 21 emot
401 941 33 20 att
443 939 205 22 arbeta
529 931 10 40 i
551 939 93 22 närheten
656 931 21 40 af
684 938 142 27 riddarhuset.
842 935 38 28 Åt-

67 967 107 24 minstone
189 968 40 22 har
241 969 38 26 jag
299 968 68 25 blifvit
386 967 25 23 så
425 968 146 26 underrättad,
588 967 38 23 och
639 968 39 27 jag
692 967 74 28 tycker
781 969 37 23 det
828 969 52 29 icke

67 1002 52 17 vore
134 997 47 24 skäl
196 999 33 23 att
243 997 6 21 i
265 996 37 23 det
317 997 111 23 afseendet
443 997 156 22 återremittera
610 996 80 28 frågan.
705 996 63 23 Hvad
776 997 48 26 åter
831 998 51 25 herr

67 1020 50 37 Lagi
128 1026 144 27 :älskvärdhet
286 1028 46 20 mot
346 1026 43 26 mig
403 1025 106 27 beträffar,
525 1026 25 22 så
564 1025 80 22 tillåter
657 1026 38 26 jag
708 1026 43 27 mig
761 1028 33 20 att
804 1027 78 25 endast

67 1054 91 28 upplysa
173 1054 78 23 bonom
265 1060 41 20 om,
322 1056 33 26 att
366 1054 39 28 jag
419 1054 66 21 redau
500 1054 69 22 under
586 1053 43 23 fem
643 1054 128 27 landtdagar
780 1056 64 22 suttit
853 1056 29 27 på

67 1083 43 23 min:
132 1083 57 27 plats
204 1085 51 21 utan
270 1085 34 20 att
315 1083 38 27 jag
368 1082 75 24 behöft
458 1082 52 22 höra
524 1082 116 28 någonting
656 1082 73 28 dylikt.
738 1083 49 27 Jag
800 1084 82 26 lemnar

67 1112 50 24 herr
132 1112 52 27 Lagi
199 1111 61 22 utfall
275 1112 24 22 ät
312 1112 39 22 sitt
358 1112 71 22 värde
444 1112 41 21 och
499 1111 109 27 förklarar,
624 1113 33 19 att
664 1111 52 28 jag
708 1107 12 37 i
726 1112 57 22 mina
793 1112 88 28 äsigter,

68 1140 28 22 de
110 1141 37 22 må
159 1146 52 17 vara
225 1140 72 22 hvilka
311 1146 50 20 som
371 1140 63 26 :hälst,
449 1140 49 22 icke
513 1140 76 22 tänker
603 1140 64 22 ställa
677 1141 42 26 mig
729 1140 30 27 pä
769 1142 41 22 den
819 1142 63 22 vack-

67 1169 64 24 lande
139 1164 10 37 .
153 1169 138 27 ståndpunkt,
312 1171 33 20 att
354 1169 40 28 jag
408 1169 70 23 skulle
493 1171 50 25 taga
557 1169 49 22 herr
621 1168 71 28 Lagus
706 1168 32 23 till
753 1171 128 25 rättesnöre.

130 1198 62 24 ;Herr-
210 1198 117 22 Palmén:
351 1197 42 27 Jag
412 1197 56 22 skall
485 1197 136 27 ihågkomma
636 1197 41 22 den
692 1197 190 28 skyldighet,
840 1193 45 36 som

67 1226 42 24 den
125 1232 53 19 sena
192 1227 91 23 stunden
303 1226 88 27 ålägger
404 1226 42 27 mig
461 1226 49 22 med
524 1226 101 23 afseende
640 1226 14 21 &
667 1226 93 26 kortbet.
789 1227 44 27 Ett
838 1234 44 22 par

67 1255 198 27 yttranden
190 1249 8 37 ;
201 1255 64 27 under
279 1254 149 24 diskussionen
442 1254 39 22 har
493 1254 38 28 jag
544 1256 74 20 ansett
631 1254 43 27 mig
688 1255 52 22 böra
755 1254 47 27 dels
816 1262 66 20 anno-

68 1286 47 19 tera
137 1284 57 22 dels.
205 1283 93 25 bemöta.
313 1277 15 37 .
333 1282 62 26 Hvad
409 1283 50 22 herr
474 1282 132 23 Schaumans
621 1282 137 28 andragande
774 1283 107 27 beträffar,

68 1312 77 21 hänför
163 1312 45 27 jag
219 1312 38 21 det
266 1305 48 38 till.
326 1305 39 38 den
375 1311 105 27 kategori,
495 1314 34 19 att
540 1312 38 26 jag
592 1309 59 25 öfver
666 1311 79 25 hufvud
759 1311 49 24 icke
821 1313 61 22 kom-

68 1345 46 17 mer
128 1342 33 20 att
174 1340 87 21 försöka
275 1340 85 24 bemöta
374 1340 44 20 det.
448 1340 41 23 Om
504 1342 15 18 t.
534 1346 32 14 ex.
580 1339 117 25 ständerna
710 1340 35 20 vid
751 1340 131 27 föregående

67 1367 129 27 Jandtdagar
216 1366 34 25 för
271 1368 40 22 tio.
326 1367 24 23 år
357 1367 73 28 sedan
448 1366 63 23 hafva
525 1367 62 24 tänkt
601 1366 76 24 endast
691 1367 40 22 och
747 1368 93 25 allenast
852 1370 31 26 pä

65 1395 41 25 det
119 1396 115 27 praktiska
248 1395 122 25 ändamålet
384 1397 33 22 att
430 1393 26 23 få
467 1394 158 28 samlingssalar
639 1394 34 22 för
685 1395 28 22 de
728 1395 79 27 ofrälse
822 1396 60 26 stän-

69 1424 48 28 den,
133 1424 26 22 så
174 1426 35 20 vet
221 1424 37 28 jag
272 1424 51 23 icke
335 1422 85 27 hvarför
433 1423 278 28 ständerhusdelegationen
725 1424 69 29 utlyst
808 1425 75 26 entäf-

64 1448 38 38 lan
116 1453 36 24 för
166 1453 43 22 alla
223 1453 133 23 hemlandets
370 1452 40 26 och
425 1452 109 26 utlandets
549 1452 123 28 arkitekter,
683 1452 32 23 för
725 1452 60 28 att
767 1448 19 38 få
797 1448 35 38 ett
838 1448 45 38 hus,

69 1489 47 18 som
135 1483 72 25 skulle
229 1482 63 23 hafva
313 1489 27 16 en
360 1481 110 28 verkligen
485 1482 146 27 monumental
641 1480 109 28 karakter.
777 1483 43 27 Om
833 1483 51 28 berr

62 1511 128 26 Schauman
201 1511 103 26 förvånar
316 1511 34 28 sig
363 1511 59 27 öfver
434 1509 36 24 ati
483 1516 49 19 man
540 1511 39 22 för
592 1511 35 27 tio;
639 1510 97 28 år:sedan
747 1512 57 28 hade
814 1519 69 20 annan

65 1535 78 41 tanke.
150 1535 110 41 angdenda
275 1540 113 32 uppgiften
399 1539 34 24 för
447 1539 61 27 detta
522 1540 137 27 ständerhus.
668 1541 27 26 än
710 1546 36 21 nu,
761 1541 72 26 skulle
846 1542 41 26 det

796 1581 22 17 53
