1070 1709
409 130 42 18 Den
462 131 11 17 8
485 130 44 24 Maj.
814 127 41 21 881

61 191 75 28 hända
148 185 58 38 mera
215 185 61 38 ;skäl
288 192 33 22 att
338 191 43 23 öka
395 191 83 22 antalet
492 191 24 22 af
528 191 27 23 de
569 190 132 28 sjuklassiga
715 191 93 22 svenska
821 191 61 23 frun-

62 219 247 24 timmiersskolama.;än
331 222 34 21 att
386 222 66 25 vägra
472 220 133 21 inrättandet
623 218 24 24 af
658 219 30 23 de
701 220 96 26 begärda
810 220 71 22 finska

62 248 51 22 med
134 248 61 22 detta
214 248 125 24 klassanta!.
372 248 33 22 De
424 248 69 22 ökade
509 248 99 28 anspråk,
623 254 47 16 som
684 248 8 21 i
706 248 39 21 vär
759 248 32 22 tid
806 248 75 22 ställas

62 277 30 27 pä
114 276 208 28 gvinnobildningen,
337 278 53 26 göra
410 277 37 21 det
465 276 132 28 nödvändigt
614 278 34 20 att
662 276 41 22 den
717 282 59 22 unga
789 277 92 27 gvinnan

63 307 70 20 sättes
148 306 8 20 i
171 305 83 22 tillfälle
268 307 34 21 att
313 306 109 26 genomgå
436 311 26 16 en
477 305 163 27 fullständigare
649 305 108 26 skolkurs,
768 308 27 19 än
806 312 27 15 en
839 306 42 27 fyr-

63 334 83 26 klassig
160 334 63 22 skola
238 333 105 28 erbjuder.
372 334 39 21 Att
426 334 26 22 de
467 334 130 27 sjuklassiga
614 334 103 22 skolorna
732 334 69 22 skulle
817 334 64 22 blifva

64 362 27 22 sä
104 363 86 27 mycket
205 368 63 17 mera
285 363 158 27 ansträmgande
457 362 33 22 för
505 362 105 27 eleverna,
625 365 46 19 tror
682 362 38 28 jag
734 362 49 22 icke
798 364 25 20 är
837 363 43 21 rik-

64 391 47 27 tigt.
141 392 33 21 En
189 392 53 28 ärad
256 391 75 27 talare,
345 391 51 22 herr
411 391 147 27 Godenhjelm,
575 391 39 22 har
628 392 66 21 redan
707 391 110 22 utvecklat
826 392 56 22 huru

64 420 88 22 dermed
165 420 103 22 förhåller
282 420 40 26 sig.
356 414 246 33 OÖfveransträngningen
615 420 9 21 i
638 420 102 22 skolorna
754 420 63 22 beror
831 420 50 23 icke

63 449 27 22 sä
102 449 87 28 mycket
204 449 72 27 derpä,
295 448 55 24 buru
364 449 111 27 mångårig
488 449 80 22 kursen
583 451 30 25 är,
629 452 51 18 utan
695 448 29 28 pä
739 448 38 22 det
791 449 54 22 mått
859 448 23 23 af

63 478 84 25 arbete,
161 484 47 16 som
222 478 58 22 inom
295 478 106 22 skoltiden
417 478 41 21 blir
472 478 73 22 eleven
561 478 94 27 pälagdt.
671 477 89 22 Säledes
773 484 26 15 en
810 478 68 26 skola,

63 512 47 16 som
125 508 25 20 är
163 506 93 28 fyraärig
271 507 42 22 kan
328 512 51 17 vara
393 506 86 27 mycket
493 512 58 16 mera
566 506 164 27 ansträngande,
742 508 28 20 än
781 512 25 16 en
817 506 64 22 skola

63 541 36 16 om
114 535 35 27 sju
164 535 90 27 klasser,
270 541 35 16 om
318 541 49 15 man
382 534 57 22 inom
455 535 106 27 omfänget
575 534 22 22 af
610 541 26 15 en
651 534 46 28 fyra
708 536 36 20 ärs
754 535 52 21 kurs
816 534 65 23 söker

64 570 173 20 sammanpressa
252 566 32 19 ett
298 563 171 27 kunskapsmätt,
485 570 46 16 som
546 565 25 20 är
585 563 169 27 proportionsvis
765 564 76 24 större,
852 565 29 21 än

63 593 39 21 det
117 598 45 16 som
178 592 109 22 meddelas
302 592 68 22 under
385 592 33 27 sju
433 592 25 21 är
472 592 7 22 i
495 593 26 21 de
536 592 143 27 sjuklassigga
694 592 106 22 skolorna.
821 592 60 22 Efter

60 622 39 26 jag
122 621 50 21 kom
194 623 32 19 att
241 624 77 18 nämna
332 620 50 22 herr
399 620 165 28 Pippingskölds
578 621 139 26 reservation,
732 621 26 22 sä
771 620 39 23 ber
821 620 39 28 jag
873 620 9 23 i

63 650 140 26 förbigående
218 649 22 22 få
254 652 63 26 yttra,
333 651 33 20 att
378 650 38 27 jag
431 650 32 21 till
477 649 52 23 fullo
537 650 128 28 uppskattar
675 650 124 28 betydelsen
808 645 22 37 af
839 650 41 21 den

63 678 62 28 fräga
139 678 42 22 han
196 678 84 22 berört:
296 678 74 28 frägan
385 684 35 16 om
435 678 239 28 öfveransträngningen
689 678 8 22 i
712 679 111 25 skolorna;
842 678 39 27 jag

63 707 138 28 respekterar
216 707 53 22 hans
285 707 57 27 goda
356 706 66 27 afsigt
436 709 33 19 att
483 708 50 26 vilja
542 707 117 27 förebygga
668 706 213 28 öfveransträngning

63 736 25 22 af
100 736 100 22 eleverna
216 736 31 21 uti
261 736 52 22 vära
327 736 224 25 fruntimmersskolor,
572 742 39 16 men
626 731 36 36 jag
681 738 45 20 tror
735 735 54 27 icke,
798 738 34 19 att
839 735 42 23 den

63 767 68 25 utväg
144 764 43 22 han
202 764 51 27 valt,
272 767 25 19 är
311 764 28 28 pä
353 764 67 27 något
434 766 44 20 sätt
493 764 84 28 lycklig.
614 763 206 29 Ofverhufvudtaget
834 766 47 20 tror

60 794 46 26 jag,
121 800 47 15 man
184 793 7 21 i
207 793 60 21 detta
282 792 123 24 hänseende
421 792 42 22 kan
477 793 85 22 komma
577 792 91 22 tillrätta
678 793 49 23 med
737 793 84 27 mycket
829 792 51 23 enk-

64 822 46 21 lare
124 821 70 23 medel
209 823 28 20 än
252 828 26 15 en
294 821 143 27 omstörtning
452 821 23 21 af
487 822 47 21 värt
549 821 150 22 skolväsende.
715 822 43 21 Det
771 818 68 25 finnes
849 822 32 20 ett

64 851 83 27 ganska
168 850 73 22 enkelt
262 850 76 27 medel,
357 856 47 16 som
422 850 49 22 med
485 850 112 28 framgäng
610 849 72 23 kunde
696 850 86 27 komma
796 850 33 22 till
843 856 38 16 an-

64 880 114 26 vändning,
194 879 107 27 nämligen
316 880 37 22 det
367 881 33 20 att
415 879 50 21 vära
480 879 127 23 läroböcker
621 878 70 23 skulle
701 879 95 28 undergä
806 886 27 15 en
843 879 38 22 be-

63 908 68 26 hötlig
144 908 128 26 förbättring
287 908 40 22 och
341 908 155 26 förminskning
510 908 32 21 till
557 908 40 22 sitt
611 907 96 28 omfång;
723 914 27 15 en
763 908 68 22 sådan
847 914 34 16 re-

63 936 62 26 form,
148 943 34 15 om
202 936 68 22 också
288 937 104 21 skenbart
406 936 115 28 obetydlig,
537 937 70 21 skulle
622 936 89 28 vara
686 932 27 36 af
724 936 27 22 de
765 938 57 20 mest
836 936 45 22 väl-

64 965 214 27 signelsebringande
296 965 83 27 följder,
397 965 90 22 emedan
502 965 40 22 den
558 966 70 21 skulle
642 966 8 21 i
665 965 106 27 väsentlig
785 972 49 15 mon
849 965 32 23 fö-

63 994 112 22 rekomma
187 994 42 22 den
244 993 218 28 öfveransträngning,
478 1000 47 16 som
535 1000 28 16 nu
571 994 139 27 öfverklagas.
718 1006 27 3 —
753 994 50 22 Man
811 994 70 23 skulle

64 1023 30 21 nä
108 1023 37 21 det
159 1022 96 22 önskade
269 1023 115 24 resultatet
398 1025 53 19 utan
461 1022 64 22 dessa
536 1023 160 27 omkastningar
706 1022 23 22 af
735 1025 87 25 system,
831 1025 52 19 utan

64 1052 66 21 dessa
143 1053 106 25 pompösa
263 1051 205 27 omorganisationer
483 1051 23 21 af
518 1051 154 23 skolväsendet
686 1051 7 22 i
708 1051 49 22 hela
767 1052 49 22 dess
824 1052 57 26 vidd,

63 1086 49 16 som
127 1086 48 15 man
190 1080 40 22 hos
246 1086 36 16 oss
297 1080 24 21 sä
335 1080 86 27 mycket
436 1080 79 21 älskar.

133 1108 56 22 Herr
203 1108 112 22 Molander
330 1108 39 22 har
384 1110 56 25 sagt,
456 1110 32 20 att
503 1110 33 20 ett
550 1108 48 22 skäl
612 1108 86 22 hvarför
712 1108 105 27 styrelsen
832 1108 49 23 icke

65 1137 58 21 velat
137 1137 73 21 bifalla
224 1138 32 20 till
272 1136 27 22 de
309 1136 22 22 af
344 1137 116 21 ständerna
474 1137 94 27 begärda
578 1137 101 21 skolorna
689 1137 67 21 ocksä
764 1137 70 21 skulle
845 1143 36 15 va-

64 1166 35 24 rit,
115 1168 34 18 att
162 1172 49 15 man
228 1168 72 19 ansett
314 1165 246 24 fruntimmersskolorna
574 1166 53 21 böra
642 1172 50 15 vara
706 1166 89 26 privata,
811 1166 28 26 pä
849 1166 33 21 sin

65 1194 51 27 höjd
131 1194 193 22 subventionerade
339 1194 23 22 af
375 1196 77 24 staten,
468 1195 29 26 pä
511 1194 38 21 det
563 1195 70 20 större
647 1194 65 22 frihet
719 1194 67 22 måtte
797 1193 85 23 förefin-

64 1228 40 16 nas
119 1222 57 22 inom
192 1223 64 21 dessa
271 1222 79 22 skolor.
380 1222 49 22 Men
441 1223 38 27 jag
494 1225 45 19 tror
553 1228 48 16 man
612 1222 66 22 ocksä
685 1222 39 22 här
732 1222 70 22 skulle
810 1223 73 22 kunna

65 1251 64 22 vinna
144 1251 72 26 mälet,
236 1254 51 19 utan
309 1250 158 28 öfvergifvande
482 1251 23 22 af
518 1251 75 22 hittills
609 1251 100 27 gällande
724 1250 158 29 skolorganisa-

65 1280 52 26 tion,
133 1280 57 21 blott
204 1280 48 22 med
268 1286 27 16 en
310 1279 102 27 förnuftig
427 1280 132 27 tillämpning
575 1279 23 22 af
611 1280 128 22 densamma.
757 1280 42 22 Det
809 1282 24 20 är
842 1279 39 23 fal-

65 1309 32 21 let
111 1310 33 20 att
158 1309 7 21 i
180 1315 26 15 en
223 1309 34 21 del
272 1309 66 22 andra
357 1308 75 22 länder
447 1315 27 15 en
488 1310 86 26 mycket
588 1310 70 20 större
672 1308 70 26 frihet,
758 1309 8 21 i
780 1308 101 23 afseende

65 1338 14 20 å
94 1337 251 27 undervisningssystem,
360 1338 241 26 undervisningskurser
615 1337 64 20 råder
694 1337 62 21 äfven
771 1338 7 20 i
793 1338 27 20 de
828 1338 54 26 pub-

64 1365 45 21 lika
131 1365 107 25 skolorna,
260 1367 29 19 än
310 1366 7 20 i
336 1365 48 21 värt
398 1365 57 21 land.
485 1365 50 21 Man
549 1370 64 17 anser
628 1364 199 28 öfverhufvudtaget
841 1365 40 21 hos

65 1400 43 19 oss,
131 1395 33 19 att
183 1394 7 20 i
209 1393 53 21 vära
276 1393 100 27 samtliga
390 1393 130 21 statsskolor
534 1393 71 27 precis
619 1399 83 20 samma
716 1395 81 25 system
812 1394 70 22 mäste

65 1422 116 26 tillämpas,
198 1428 82 15 samma
294 1421 127 22 läroböcker
435 1422 65 26 läsas,
516 1427 82 16 samma
613 1421 75 22 mallar
703 1421 61 29 följas
775 1422 47 22 frän
829 1422 54 22 Tor-

65 1451 43 21 neä
122 1450 32 22 till
170 1450 92 27 Wiborg.
293 1450 43 22 Det
350 1450 101 22 förhäller
465 1450 34 27 sig
513 1451 48 21 icke
576 1451 24 21 sä
615 1450 7 21 i
636 1450 82 26 länder,
734 1451 83 21 hvilkas
828 1451 56 22 skol-

65 1480 95 21 väsende
175 1479 47 21 stär
237 1479 65 27 högre
317 1482 26 19 än
359 1479 53 27 värt,
443 1479 108 27 Styrelsen
566 1479 128 22 inskränker
710 1479 33 27 sig
759 1480 38 22 der
809 1480 32 22 till
851 1478 33 25 att

66 1509 99 21 meddela
186 1508 163 22 föreständarne
367 1508 33 22 för
420 1508 26 22 de
465 1507 110 29 offentliga
589 1508 101 22 skolorna
704 1508 58 22 vissa
777 1509 106 23 allmänna

65 1538 114 28 principer,
194 1543 48 17 som
257 1537 27 23 de
298 1538 52 22 böra
365 1536 57 24 hälla
436 1537 33 27 sig
484 1537 39 27 till,
539 1544 48 16 men
601 1537 81 22 tilläter
697 1537 48 23 dem
760 1538 57 22 valet
832 1539 52 22 mel-

794 1581 22 17 56
