1070 1711
410 99 41 18 Den
466 100 20 17 14
500 99 54 22 April
817 101 40 20 663

139 166 57 22 Ifrån
211 165 230 28 borgareståndet
455 165 23 22 af
490 165 100 28 innehåll,

141 197 32 20 att
195 195 88 22 ståndet
302 195 95 27 godkänt
412 195 173 22 statsutskottets
601 194 135 23 betänkande
751 195 7 22 i
773 194 114 29 anledning

72 224 23 22 af
108 224 205 27 petitionsförslaget
321 224 109 27 angående
437 224 92 27 koppar-
538 224 40 21 och
585 223 150 22 tennafradens
744 223 143 27 afskaffande;

139 254 33 21 att
187 253 86 22 ståndet
292 252 94 28 godkänt
403 252 156 27 lagutskottets
578 253 138 22 betänkande
729 252 110 28 angående
854 259 33 15 ar-

71 282 68 22 voden
153 281 33 22 för
201 281 197 27 bouppteckningar
415 281 40 21 och
469 281 122 27 arfskiften;
606 283 57 19 samt

139 311 32 21 att
186 310 88 22 ståndet
289 310 34 22 vid
338 309 129 27 behandling
482 309 22 22 af
518 309 217 23 ekonomiutskottets
750 309 137 22 betänkande

71 338 110 28 angående
196 338 124 28 försäljning
335 338 22 22 af
370 338 142 28 maltdrycker
527 340 86 20 stannat
627 338 8 21 i
649 338 94 28 följande
758 338 73 22 beslut

137 370 12 23 8
165 370 18 20 1.
199 368 113 27 Uttrycket
328 367 115 22 tillverkare
457 367 27 27 af
494 367 149 29 maltdrycker**
660 367 68 22 skulle
739 367 86 27 utbytas
839 368 46 21 mot

71 397 148 27 ,nmnehafvare
238 396 26 28 af
273 396 97 28 bryggeri
384 396 33 27 för
432 396 128 27 tillverkning
575 396 27 27 af
612 395 151 29 maltdrycker'*
779 397 56 21 samt
851 402 34 16 or-

71 426 42 22 den
129 428 67 25 ,,emot
211 425 124 28 erläggande
350 424 27 28 af
387 424 123 28 bevillming'
525 425 47 22 från
586 427 12 24 $
618 425 57 27 utgå,
692 425 136 27 hvarigenom
843 425 42 22 för-

71 456 34 21 sta
119 455 119 27 meningen,
258 454 7 22 i
285 454 68 22 första
368 456 122 24 momentet,
505 455 85 21 komme
604 455 33 21 att
653 454 80 22 erhälla
748 453 93 29 följande
856 454 31 28 ly-

71 484 68 22 delse:
158 484 150 27 ,Innehafvare
322 483 24 23 af
358 483 97 28 bryggeri
470 482 33 23 för
518 483 135 27 tillverkning
663 483 22 22 af
694 483 142 27 maltdrycker
847 489 41 22 ege

71 512 104 34 rättighet
189 514 39 26 att,
244 514 52 20 utan
310 512 93 23 särskild
418 512 104 28 anmälan,
537 512 47 22 frän
598 512 38 22 sitt
651 512 97 28 bryggeri
756 512 31 22 till
795 512 92 23 afhemt-

70 542 51 28 ning
135 530 93 40 försälja
237 542 80 22 sådana
334 541 109 28 drycker."

139 571 62 22 Mom.
222 572 13 21 2
256 571 70 22 skulle
340 571 97 22 deremot
451 570 45 23 helt
510 570 40 23 och
565 570 67 23 hållet
646 576 25 16 ur
686 569 126 29 paragrafen
827 570 60 28 utgå.

139 601 11 24 $
165 602 14 19 2
193 600 125 27 godkändes
336 599 134 22 oförändrad.

140 629 12 27 8
168 631 12 19 3
195 629 125 27 godkändes
336 629 49 22 med
400 628 41 22 den
457 629 88 27 ändring
554 629 32 21 att
596 629 109 27 uttrycket
714 627 49 29 ,,vid
773 628 117 28 bryggeri'*

71 657 13 22 å
99 657 67 23 andra
180 658 67 22 raden
262 658 96 27 utbyttes
374 659 46 20 mot
434 657 59 27 ,frän
510 657 119 28 bryggeri.'*

138 689 12 24 $
164 688 14 21 4
194 687 159 22 utmönstrades
368 686 46 22 från
429 686 155 29 förordningen.

139 716 11 26 8
166 718 19 24 5,
202 715 53 23 efter
271 716 37 21 det
321 715 57 22 förra
394 715 61 22 delen
470 715 24 22 af
506 721 62 16 mom.
586 716 11 21 1
613 716 83 21 ansetts
711 705 53 32 böra
778 715 59 28 utgä,
854 721 33 16 er-

71 744 44 23 höll
130 733 117 34 momentet
268 744 94 29 följande
376 744 92 28 lydelse:
492 743 58 28 ,,Vil
565 744 45 26 den,
626 751 45 14 som
685 744 88 22 innehar
787 744 101 27 rättighet

72 776 31 20 att
117 773 88 28 försälja
226 773 136 29 maltdrycker
384 773 31 22 till
436 773 134 28 afhemining,
594 774 23 21 ät
637 773 92 22 särskild
742 773 145 27 föreståndare

72 803 94 27 anförtro
187 803 123 27 utöfningen
332 802 65 27 deraf,
420 809 47 15 vare
485 803 68 21 dertill
568 802 118 27 berättigad
697 802 10 21 i
719 802 100 22 händelse
832 802 55 28 före-

71 832 127 21 ständarens
221 831 119 27 lämplighet
364 831 26 27 af
409 831 112 27 magistrat
544 831 48 22 eller
615 831 199 22 kommunalmämnd
835 831 52 27 god-

70 860 101 22 kännes.'*

139 895 56 16 mom
211 890 12 20 2
239 888 125 29 godkändes
378 888 8 22 i
402 888 69 28 öfrigt,
487 889 59 22 utom
561 889 39 27 att,
616 888 49 23 med
675 888 114 28 anledning
799 888 22 23 af
829 888 58 22 stän-

71 918 48 22 dets
141 918 72 22 beslut
235 919 7 21 i
260 917 101 23 afseende
376 917 13 22 &
404 924 61 15 mom.
483 919 18 24 1,
518 918 27 22 de
559 917 68 23 första
642 917 113 23 raderna'i
769 919 118 21 momentet

72 947 91 28 ansägos
178 948 53 21 böra
246 946 81 22 erhålla
342 946 92 28 följande
449 946 91 28 lydelse:
564 946 94 28 ,Aflider
673 946 48 26 den,
736 952 47 16 som
798 946 89 23 innehar

72 976 57 28 dylik
143 976 187 27 försäljpingsrätt,
346 976 35 21 mä
395 975 96 22 rörelsen
505 987 28 4 —
548 981 19 16 o.
584 982 17 15 s.
616 982 19 15 v.
651 975 67 27 enligt
732 975 153 22 betänkandet.

139 1006 11 24 $
166 1006 12 20 6
191 1006 78 26 antogs
284 1004 49 22 med
348 1004 42 22 den
405 1004 94 28 ändring,
508 1006 33 20 att
549 1004 66 22 orden
631 1004 43 28 ,,pä
683 1004 141 28 beställning''
839 1004 48 22 från

69 1035 12 24 $
96 1033 112 23 uteslötos.

138 1064 23 25 $$
176 1064 56 21 7—8
248 1062 70 22 skulle
332 1068 26 16 ur
372 1061 151 28 förordningen
538 1062 58 28 utgå.

137 1093 11 24 8
163 1093 12 21 9
190 1097 61 16 mom.
270 1093 9 20 1
297 1091 124 28 godkändes
437 1091 145 27 oförändradt,

137 1127 63 16 mom.
216 1123 13 19 2
245 1119 166 25 utmönstrades,
428 1119 110 23 hvaremot
554 1119 47 23 äter

136 1156 63 16 mom.
215 1151 12 20 3
244 1152 77 24 antogs
336 1151 52 19 utan
404 1148 94 28 ändring.

137 1180 12 24 8
165 1180 26 20 10
206 1178 71 22 skulle
291 1178 47 21 från
352 1177 152 27 författningen
518 1177 113 23 uteslutas.

137 1207 11 26 8
166 1208 24 20 11
211 1213 62 15 mom.
291 1208 8 20 ]
318 1206 196 22 äterremitterades
529 1206 33 22 till
576 1206 109 22 utskottet
698 1205 33 23 för
745 1207 34 21 att
793 1206 92 23 omredi-

69 1242 62 20 geras
153 1236 8 22 i
176 1236 96 27 enlighet
291 1236 50 21 med
359 1235 56 23 hvad
428 1236 88 27 stadgas
532 1235 32 23 uti
580 1236 60 22 2:dra
654 1241 63 17 mom.
733 1237 27 21 47
776 1237 12 25 $
803 1235 23 23 af
839 1236 45 28 gäl-

69 1265 63 22 lande
146 1264 234 27 bränvinsförfattning.

137 1294 63 22 Mom.
217 1295 13 19 2
246 1293 40 23 och
301 1294 12 20 3
330 1292 125 28 godkändes
471 1292 148 23 oförändrade.

137 1324 11 23 $
166 1324 31 24 12,
214 1322 65 22 orden
295 1329 61 19 ,,som
368 1322 35 26 för
418 1321 193 27 tillfredsställande
627 1322 26 26 af
664 1322 99 27 trafikens
779 1322 61 28 behof
845 1323 41 27 fin-

69 1357 40 15 nas
124 1350 119 22 inrättade"
259 1350 69 21 skulle
344 1356 26 15 ur
384 1350 68 21 första
461 1350 112 27 meningen
584 1350 114 26 uteslutas,
707 1350 112 22 hvaremot
827 1352 59 20 stän-

69 1379 38 22 det
127 1379 71 22 beslöt
220 1379 77 21 sädant
319 1378 76 27 tillägg
414 1378 32 21 till
460 1378 127 28 paragrafen
602 1380 33 20 att
649 1379 41 21 den
705 1379 54 22 sista
774 1380 112 26 meningen

70 1408 121 27 derigenom
213 1408 85 21 komme
320 1408 32 21 att
370 1406 62 29 lyda:
456 1424 4 9 ,
462 1406 51 27 För
527 1407 65 27 öfrigt
609 1414 48 15 vare
671 1407 142 28 utskänkning
829 1408 27 27 af
867 1408 20 22 öl

69 1437 47 22 eller
133 1439 74 26 porter
218 1437 32 26 på
269 1436 71 23 landet
358 1436 42 22 icke
415 1436 87 27 tillåten,
516 1435 78 24 såvida
608 1436 42 22 icke
664 1436 221 30 kommunalstyrelsen

69 1466 69 23 dertill
151 1466 102 27 bifaller.

137 1497 24 25 $$
179 1497 81 20 13—14
275 1494 127 28 godkändes
415 1495 51 22 utan
482 1494 95 28 ändring.

138 1525 11 26 $
167 1526 24 21 15
207 1530 62 17 mom.
288 1525 10 21 1
314 1524 166 24 utmönstrades.
