1078 1706
212 134 42 20 580
514 132 41 17 Den
568 132 21 16 18
602 131 59 22 April.

184 197 23 21 åt
221 196 130 27 stadgandet
365 196 7 22 i
389 198 54 20 1:sta
459 197 11 26 $
485 196 24 22 af
521 196 80 27 nådiga
614 196 161 27 propositionen
786 196 86 22 framför
882 196 119 22 utskottets

183 224 143 23 betänkande.

251 253 56 22 Herr
322 258 41 16 von
378 252 117 22 Alfthan:
521 252 30 22 På
567 253 26 21 de
608 252 53 26 skäl,
678 258 45 16 som
735 253 38 27 jag
787 252 57 22 hade
860 255 51 19 äran
926 252 75 22 anföra

184 282 36 22 vid
235 282 40 22 den
291 282 106 21 allmänna
413 281 156 27 diskussionen,
584 281 75 27 lägger
671 280 37 28 jag
723 281 33 22 för
769 281 43 22 min
827 281 34 22 del
872 288 26 15 en
908 281 94 22 särskild

183 311 47 26 vigt
251 310 64 28 uppå,
339 312 33 20 att
394 310 69 22 denna
478 311 11 25 $
511 312 89 25 antages
617 310 70 21 såsom
702 310 110 22 utskottet
825 310 112 26 föreslagit
952 310 51 21 den-

184 345 87 17 samma.
301 339 42 28 Jag
357 340 51 26 tror,
425 340 33 20 att
473 339 36 21 det
524 339 56 22 enda
594 338 79 27 riktiga
688 344 57 19 vore,
762 345 34 15 om
810 339 37 22 det
861 339 6 21 i
884 339 35 27 lag
933 339 69 21 skulle

183 368 138 26 bestämmas,
338 369 33 21 att
386 369 32 20 ett
432 368 53 21 visst
501 368 58 21 antal
573 367 215 27 försäljningsställen
803 368 8 21 i
825 366 133 24 förhållande
970 368 33 20 till

183 397 142 22 kommunens
340 396 123 27 folkmängd
479 397 68 21 skulle
562 396 98 22 inrättas.
676 396 33 22 Då
724 396 78 22 sådant
813 396 117 22 emellertid
941 397 62 21 torde

185 427 60 20 stöta
259 426 28 27 på
302 424 117 27 motstånd,
434 431 46 15 som
495 425 84 22 kanske
594 427 24 19 är
632 425 59 21 svårt
705 426 33 19 att
752 424 128 27 öfvervinna,
894 426 24 21 är
928 425 75 21 åtmin-

184 456 65 20 stone
265 453 131 27 stadgandet
410 453 7 22 i
433 453 70 22 denna
517 453 12 28 &
544 455 33 20 ett
591 453 48 22 litet
653 453 116 22 korrektiv.
791 453 47 22 Mot
852 460 27 15 en
894 453 66 22 sådan
971 459 33 16 re-

184 481 232 28 daktionsförändring,
440 488 47 15 som
508 481 51 23 herr
573 481 105 22 Mechelin
692 481 117 28 föreslagit,
825 482 39 21 har
876 482 39 27 jag
929 482 74 27 ingen-

183 511 46 28 ting
245 513 32 19 att
292 510 98 22 invända.

253 539 56 22 Herr
331 539 23 22 af
367 539 144 22 Forselles:
535 539 41 22 Om
597 539 49 21 herr
664 545 41 16 von
721 539 87 21 Alfthan
823 539 108 27 verkligen
946 539 58 22 afser

184 568 49 22 med
248 569 39 20 sitt
306 567 81 27 förslag
401 570 33 19 att
453 569 102 26 upprätta
570 569 32 20 ett
616 568 109 21 korrektiv
741 569 58 20 emot
814 568 136 27 lönnkrogar,
966 568 36 21 be-

184 597 71 21 tviflar
266 597 38 27 jag
319 596 112 27 högeligen
447 599 34 18 att
495 596 77 22 sådant
587 596 69 21 skulle
666 596 80 27 lyckas.
762 596 119 26 Ingalunda
890 597 43 21 kan
944 597 60 21 detta

183 625 81 27 förslag
279 627 34 20 att
325 625 104 28 inrymma
442 625 195 27 minutförsäljning
651 625 23 21 ät
689 625 146 27 ölbryggerier
849 627 77 25 utgöra
936 625 67 27 nägot

184 654 111 22 korrektiv
309 656 46 19 mot
370 654 99 27 ölkrogar
484 655 28 26 pä
526 654 79 26 landet,
621 656 23 25 ty
660 653 69 22 denna
744 654 128 27 minutering
888 653 22 23 af
925 654 21 21 öl
961 654 43 21 kan

184 683 66 22 verka
265 683 28 27 pä
309 689 26 15 en
350 683 82 21 mindre
447 683 96 21 omkrets
559 683 97 26 omkring
671 683 128 28 bryggeriet,
815 689 47 16 men
877 683 52 22 våra
943 683 60 21 kom-

184 718 75 15 muner
281 714 38 19 äro
349 712 6 21 i
378 711 115 22 allmänhet
513 711 51 22 flere
583 711 37 22 mil
635 711 139 27 vidsträckta,
791 712 25 21 sä
831 713 33 20 att
879 711 38 22 der
931 711 72 22 kunde

184 740 91 22 inrättas
298 741 56 21 huru
375 740 79 27 mänga
475 740 78 27 krogar
575 746 47 16 som
640 739 64 28 hälst,
728 740 121 22 oberoende
864 740 22 21 af
900 740 104 27 ölförsälj-

184 775 85 21 ningen.

253 797 56 22 Herr
323 797 208 26 Nordenskiöld,
547 797 46 22 Nils
605 797 61 21 Otto:
682 797 47 22 Mot
739 797 28 21 de
777 797 65 22 ärade
849 797 75 26 talare,
933 797 71 22 hvilka

184 825 97 22 förordat
295 826 78 27 nädiga
395 826 161 27 propositionen
575 825 86 22 framför
676 826 118 21 utskottets
810 826 142 26 betänkande,
968 826 36 21 vill

182 855 37 27 jag
243 855 108 26 anmärka,
375 857 33 19 att
423 855 37 21 det
479 855 66 27 knapt
563 861 41 20 nog
620 854 62 21 torde
696 853 68 22 finnas
780 854 78 27 mänga
871 855 131 26 kommuner,

185 883 38 22 der
246 884 37 21 det
304 883 68 22 finnes
395 889 58 15 mera
469 885 26 19 än
511 885 33 20 ett
558 883 104 27 bryggeri.
694 883 82 22 Genom
792 883 118 22 utskottets
924 883 80 27 förslag

184 911 71 22 skulle
269 912 86 21 således
371 912 77 21 endast
463 913 37 23 ett,
515 912 29 26 pä
559 912 33 21 sin
607 912 51 26 höjd
673 911 66 27 några
754 911 22 22 få
790 911 214 27 försäljningsställen

184 940 73 22 kunna
272 940 79 27 uppstä
365 940 32 21 uti
412 940 53 21 hvar
478 940 107 21 kommun.
615 939 41 27 Jag
670 939 42 22 kan
728 940 48 22 icke
791 940 63 26 finna,
870 941 33 21 att
918 942 32 20 ett
961 940 43 21 för-

184 968 167 28 säljningsställe
375 969 7 20 i
396 975 26 15 en
442 968 101 22 kommun
563 968 70 22 skulle
648 968 72 22 kunna
734 968 97 22 medföra
847 975 25 15 en
887 969 117 21 nämnvärd

184 998 74 25 skada,
274 1004 48 15 men
339 997 95 21 deremot
451 999 23 19 är
486 998 38 26 jag
539 997 42 22 viss
598 998 72 20 derom
686 999 32 19 att
728 1004 35 14 om
774 998 37 21 det
818 997 89 27 betages
919 997 85 27 ölbryg-

184 1026 98 26 gerierna
305 1026 62 21 deras
389 1028 45 19 rätt
456 1027 33 19 att
511 1026 88 26 försälja
621 1025 20 21 öl
661 1026 118 28 buteljtals,
795 1026 61 21 detta
870 1026 7 20 i
892 1026 43 26 hög
950 1026 54 26 grad

184 1054 70 22 skulle
276 1054 86 21 komma
384 1056 31 20 att
437 1053 112 23 framkalla
570 1054 134 26 lönnkrogar.
741 1054 179 27 OÖlbryggerierna
935 1054 69 22 skulle

184 1083 47 21 icke
247 1082 63 22 hafva
325 1083 70 26 nägon
411 1088 69 16 annan
496 1085 65 24 utväg
576 1085 33 19 att
623 1082 104 22 förmedla
742 1083 32 21 sin
789 1082 126 28 försäljning
930 1084 26 20 än
967 1088 37 20 ge-

184 1117 49 15 nom
249 1111 149 27 lönnkrögare,
413 1111 73 21 hvilka
501 1117 42 20 nog
557 1110 69 22 skulle
642 1111 57 27 sörja
708 1110 34 22 för
749 1112 32 20 att
789 1117 64 15 varan
863 1111 69 21 skulle
940 1110 65 22 blifva

184 1140 66 21 bland
272 1139 142 22 allmänheten
430 1139 81 27 spridd.
546 1139 41 21 För
605 1138 42 22 min
664 1139 34 22 del
712 1138 99 23 förordar
823 1140 38 26 jag
874 1139 131 27 antagandet

184 1168 24 22 af
221 1168 119 21 utskottets
355 1168 144 21 betänkande.

253 1197 56 21 Herr
325 1196 22 22 af
360 1196 143 22 Forselles:
519 1196 42 26 Jag
576 1196 69 21 skulle
660 1198 44 19 mot
719 1196 51 21 herr
784 1196 160 22 Nordenskiöld
954 1196 50 27 vilja

184 1225 109 26 anmärka,
309 1227 33 19 att
357 1225 37 21 det
409 1224 62 22 torde
491 1224 65 22 blifva
570 1224 141 22 kommunens
727 1224 93 22 intresse
835 1226 32 20 att
882 1224 32 22 för
928 1224 76 22 undvi-

184 1253 69 21 kande
277 1252 23 22 af
317 1253 131 25 lönnkrogar
463 1252 96 21 etablera
577 1258 25 15 en
621 1252 52 21 eller
689 1252 52 21 flere
762 1252 171 27 ölförsäljningar
947 1253 58 21 inom

185 1281 129 21 kommunen
330 1281 39 21 och
385 1280 74 21 dervid
474 1281 25 20 sä
514 1280 73 26 ordna,
603 1282 33 19 att
650 1280 42 22 alla
705 1280 88 27 möjliga
807 1281 107 21 missbruk
925 1281 24 21 sä
959 1280 46 22 vidt

185 1309 78 27 görligt
277 1309 73 22 kunna
365 1309 112 21 undvikas.
506 1308 43 22 Det
564 1311 24 19 är
603 1308 80 22 derhän
696 1309 37 27 jag
748 1308 50 22 ville
813 1308 67 22 drifva
890 1308 73 28 saken,
972 1310 32 20 att

184 1338 155 22 kommunerna
354 1337 75 29 sjelfva
445 1337 69 23 skulle
529 1339 51 26 taga
597 1338 68 21 denna
680 1338 80 21 handel
779 1344 34 16 om
828 1338 58 22 hand
902 1337 39 23 och
957 1338 47 22 der-

184 1367 36 21 vid
236 1367 64 21 ställa
315 1367 25 21 sä
355 1367 38 26 till,
415 1368 33 20 att
468 1367 69 21 denna
551 1366 125 28 försäljning
690 1366 71 22 kunde
777 1368 52 20 utan
844 1366 115 28 olägenhet
973 1367 32 21 för

184 1396 154 22 kommunerna
353 1395 50 28 sjelf
415 1395 114 22 bedrifvas.

164 1446 3 3 .
252 1425 57 21 Herr
323 1424 97 22 Taube:
436 1424 42 27 Jag
492 1424 39 22 har
545 1424 77 22 endast
637 1425 33 21 att
683 1424 75 22 förena
773 1424 43 27 mig
830 1425 49 21 med
893 1424 50 23 herr
951 1425 53 22 Nor-

186 1453 105 22 densköld
306 1454 31 21 uti
352 1454 55 21 hans
422 1453 97 22 uttalade
535 1453 61 27 äsigt.
626 1453 11 21 I
652 1453 107 22 anseende
775 1453 33 22 till
823 1453 55 22 hvad
894 1454 50 21 herr
953 1454 51 21 For-

185 1482 64 22 selles
265 1489 29 15 nu
309 1481 88 23 anförde
413 1484 57 20 emot
485 1482 130 25 densamma,
631 1482 38 21 ber
682 1482 37 27 jag
735 1484 33 19 att
776 1482 23 21 fä
809 1482 108 27 anmärka,
928 1484 33 20 att
969 1483 37 21 det

184 1511 72 21 kunde
279 1511 126 26 visserligen
427 1510 66 23 blifva
514 1511 67 26 fallet,
605 1511 71 21 säsom
698 1511 49 22 herr
763 1511 106 22 Forselles
885 1513 69 25 säger,
971 1517 34 15 om

184 1540 129 21 kommunen
328 1540 37 21 vill
379 1540 66 22 verka
459 1540 7 21 i
482 1540 77 21 sådant
573 1539 62 28 syfte,
650 1546 49 15 men
714 1540 42 22 den
770 1540 43 22 kan
824 1539 67 23 också
900 1540 25 27 gå
936 1539 7 23 i
951 1542 54 20 mot-
