1073 1700
417 127 42 18 Den
471 128 10 16 2
493 127 45 23 Maj.
812 128 40 22 693

63 192 8 21 i
86 198 81 16 samma
189 192 66 27 syfte;
276 194 33 20 att
328 193 273 28 jernvägskommissionen,
617 200 47 15 som
678 193 7 21 i
700 194 37 21 två
751 193 35 21 års
801 193 32 22 tid
847 199 34 15 ar-

63 221 62 22 betat
138 222 29 26 på
182 221 38 22 sitt
234 221 85 27 förslag,
337 221 120 22 äfvenledes
473 221 99 22 omfattat
587 222 70 21 denna
671 221 62 27 åsigt.
749 222 47 21 Den
811 221 71 27 ingick

64 249 67 22 också
153 250 30 21 uti
206 251 87 20 senaste
313 250 197 27 jernvägsutskotts
528 250 35 21 vid
578 250 57 22 förra
649 249 131 27 landtdagen
794 249 86 27 förslag.

63 277 105 27 Slutligen
184 278 39 21 har
237 278 84 21 landets
338 279 91 26 styrelse
444 277 104 22 förklarat
558 278 32 27 sig
604 278 34 21 för
645 279 41 20 den
702 284 81 15 samma
798 278 40 21 och
843 278 38 27 jag

62 305 78 28 frågar,
160 307 62 20 hvem
244 306 40 21 har
303 313 28 14 nu
353 309 45 19 rätt
421 306 40 23 och
483 306 62 22 hvem
567 307 40 21 har
621 308 65 24 orätt,
702 306 101 27 samtliga
817 306 65 22 dessa

64 335 141 22 auktoriteter
221 334 52 23 eller
288 335 41 21 den
344 335 67 22 första
426 341 96 21 gruppen
536 335 24 22 af
571 335 149 22 reservanter?

131 363 41 27 Jag
187 365 51 25 tror,
255 365 32 20 att
303 363 37 22 det
354 364 35 21 vid
404 370 27 15 en
445 366 98 19 närmare
559 364 131 26 granskning
705 363 23 22 af
741 364 64 21 dessa
812 369 69 16 reser-

62 393 87 20 vanters
165 392 46 21 skäl
228 392 53 22 skall
296 392 46 21 visa
357 392 38 27 sig,
411 394 33 20 att
459 393 65 21 dessa
539 392 47 21 skäl
601 392 48 22 icke
664 395 37 19 äro
716 392 102 21 hållbara.
840 392 42 27 Jag

62 420 39 21 ber
110 420 30 27 på
153 420 90 23 förhand
257 421 75 22 herrar
346 422 140 25 reservanter,
503 427 34 15 om
547 421 80 26 tillgift,
638 421 34 22 för
682 421 37 22 det
723 421 38 27 jag
771 421 69 26 punkt
849 420 33 22 för

62 449 69 26 punkt
153 449 82 28 nödgas
256 450 88 21 bemöta
362 449 62 22 deras
443 449 140 28 påståenden.
612 449 41 27 Jag
668 449 136 28 respekterar
818 449 63 22 deras

63 477 142 28 Öfvertygelse
220 484 49 16 men
284 477 70 22 måste
369 478 32 21 till
415 478 52 27 följd
483 478 22 21 af
510 479 43 20 min
562 484 53 21 egen
623 480 98 25 motsäga
733 478 53 21 dem.
803 478 78 21 Reser-

64 508 115 19 vanternas
194 507 64 26 länga
272 507 136 26 andragande
423 507 54 21 lider
492 507 6 21 i
514 506 123 27 allmänhet,
652 507 7 20 i
674 507 81 27 början,
767 505 23 22 af
799 506 37 22 det
852 506 29 21 fel

64 536 34 20 att
120 535 26 21 de
169 535 66 27 enligt
257 536 42 21 min
321 535 136 27 uppfattning
479 535 52 27 utgä
546 535 55 22 ifrän
615 535 70 22 falska
699 535 116 28 premisser
830 535 52 22 eller

65 563 92 27 oriktiga
171 564 108 27 principer
293 564 40 22 och
348 566 33 19 att
396 564 33 27 de,
445 564 32 21 uti
488 565 40 21 den
539 570 76 16 senare
623 564 69 26 delen,
700 564 65 27 ingå
760 559 11 37 i
774 564 25 21 sä
805 564 77 26 många

65 592 90 27 detaljer
171 592 38 22 och
226 592 146 22 enskildheter
387 594 32 20 att
434 593 33 27 de,
487 593 25 21 sä
527 595 33 19 att
575 594 59 25 säga,
650 593 99 27 uppsöka
763 592 72 27 hvarje
851 592 30 21 äf-

64 627 40 15 ven
120 621 36 20 det
172 622 156 26 obetydligaste
347 621 79 26 inkast,
442 627 46 15 som
503 628 50 15 man
567 621 71 21 kunde
653 623 52 24 göra
720 623 59 20 emot
792 621 88 21 kustba-

64 655 48 20 nan,
128 649 32 21 för
175 651 33 19 att
223 649 96 28 utförligt
334 649 87 22 bemöta
435 649 40 22 och
490 649 132 22 förekomma
637 650 41 21 alla
693 650 80 21 sädana
783 649 98 22 anmärk-

64 678 82 27 ningar,
161 680 33 19 att
209 677 37 22 det
260 678 51 21 hela
325 678 8 21 i
347 678 92 26 längden
453 677 116 23 förefalller
584 679 48 20 rent
642 678 22 21 af
671 679 116 20 tröttande.
802 677 79 22 Reser-

63 709 102 19 vanterne
179 706 73 22 inleda
267 707 39 21 sitt
320 707 137 26 andragande
472 707 48 21 med
536 709 32 19 ett
583 706 57 27 slags
656 707 92 26 polemik
759 708 57 19 emot
823 706 58 27 prin-

64 735 68 26 cipen,
156 736 33 19 att
207 735 142 27 jernvägarne
373 735 52 21 böra
446 734 98 23 förbinda
567 735 27 22 de
609 735 45 21 inre
670 735 86 21 delarne
771 735 24 21 af
807 734 74 22 landet

64 764 49 21 med
127 763 116 22 hamnarne
257 764 36 21 vid
307 764 85 21 kusten.
421 763 33 22 De
470 770 51 15 anse
536 766 33 19 att
583 764 96 26 grunden
693 763 34 22 för
743 764 69 21 denna
824 763 57 27 prin-

65 792 33 27 cip
120 792 48 21 icke
190 792 67 27 ligger
279 793 7 20 i
301 792 70 27 nägon
385 792 40 21 hos
441 792 37 21 det
492 792 45 21 inre
552 792 73 21 landet
639 792 135 21 inneboende
789 791 93 22 särskild

65 821 115 26 egenskap,
197 823 50 18 utan
263 822 32 19 att
312 821 110 26 principen
438 821 67 21 hällre
521 821 67 21 borde
603 821 125 21 formuleras
744 821 90 20 sälunda
849 822 33 19 att

64 849 66 22 målet
144 849 33 22 för
191 849 52 21 våra
255 849 116 27 jernvägar
385 849 66 22 borde
466 849 66 22 blifva
548 851 45 24 ,att
609 850 26 21 de
650 855 81 15 samma
745 849 48 21 med
802 849 36 22 det
848 855 33 15 re-

65 877 41 22 dan
129 877 83 27 färdiga
234 878 173 21 stambanenätet
429 878 61 21 skola
510 878 99 21 förbinda
628 878 80 21 sädana
725 878 60 21 delar
799 877 23 22 af
834 878 48 21 värt

64 906 56 26 land,
143 907 72 21 hvilka
237 908 36 19 äro
297 907 7 20 i
327 906 104 21 afsaknad
451 906 22 21 af
486 907 105 26 begväma
605 906 206 21 kommunikationer
826 907 56 20 samt

64 935 49 21 med
128 934 101 22 afseende
245 935 13 21 ä
273 935 72 27 odling
361 935 38 22 och
416 935 124 22 ekonomisk
556 935 121 26 utveckling
692 935 73 26 intaga
783 937 31 19 ett
826 935 55 27 jäm-

63 963 112 22 förelsevis
190 963 144 22 framstäende
353 965 66 20 rum.*
449 963 45 27 Mig
509 970 62 20 synes
587 964 59 21 detta
661 965 44 20 sätt
720 965 33 20 att
767 969 115 16 resonnera

64 992 115 26 ingalunda
194 998 51 15 vara
259 992 76 27 riktigt
350 993 41 20 och
405 993 28 26 gå
447 992 28 27 pä
490 992 61 21 sidan
566 991 23 23 af
602 993 73 26 saken,
691 993 22 26 ty
729 992 38 21 det
775 992 45 21 inre
835 992 46 21 lan-

66 1021 36 20 det
116 1020 40 22 har
170 1021 109 25 verkligen
295 1027 26 15 en
337 1021 67 21 sädan
419 1021 92 21 särskild
526 1021 134 22 inneboende
668 1021 115 27 egenskap,
795 1027 45 14 som
848 1027 33 15 re-

65 1051 137 19 servanterne
217 1049 50 27 vilja
282 1049 97 21 bestrida
394 1050 124 25 detsamma,
540 1049 45 22 och
597 1049 40 21 den
653 1052 24 18 är
691 1051 33 19 att
738 1050 59 26 tjena
811 1049 71 21 säsom

65 1077 151 23 trafikomräde
231 1077 32 23 för
278 1078 117 21 hamnarna
409 1078 35 22 vid
459 1078 86 22 kusten.
556 1090 26 3 —
591 1078 44 21 Det
650 1080 23 19 är
689 1084 25 16 en
730 1077 90 27 gammal
829 1079 52 24 sats,

65 1108 33 20 att
116 1107 38 21 det
174 1109 25 19 är
213 1107 37 21 det
265 1106 77 22 bakom
357 1106 101 27 liggande
473 1106 74 22 landet
561 1112 46 16 som
623 1106 126 28 uppehäller
764 1112 25 16 en
805 1106 55 26 stad,
874 1106 8 21 i

65 1135 116 28 synnerhet
195 1136 28 21 dä
237 1135 109 26 städerna,
362 1136 71 21 såsom
448 1135 39 22 hos
504 1141 35 16 oss
555 1135 32 22 till
603 1135 155 27 öfvervägande
767 1134 34 22 del
809 1137 23 19 är
842 1134 40 22 fal-

64 1164 37 26 let,
115 1163 64 22 hafva
193 1165 34 20 sin
242 1164 110 28 betydelse
368 1171 76 20 genom
458 1164 93 22 handeln
566 1165 40 21 och
621 1165 48 21 icke
682 1171 76 20 genom
773 1164 33 21 sin
821 1164 61 21 indu-

65 1193 46 21 stri.
126 1204 28 3 —
169 1193 43 21 Det
227 1195 24 19 är
267 1193 65 22 också
347 1192 46 21 från
407 1193 103 21 städerna
525 1199 46 15 som
587 1193 41 21 den
643 1193 160 27 kringliggande
810 1192 73 21 lands-

66 1223 60 20 orten
142 1220 69 23 förser
225 1221 33 27 sig
273 1221 48 21 med
337 1221 47 21 sina
398 1221 172 22 förnödenheter.
586 1221 43 22 Det
644 1223 24 20 är
683 1221 22 21 af
718 1226 82 17 samma
810 1221 72 22 anled-

65 1249 51 27 ning
131 1255 46 16 som
192 1250 74 21 städer
281 1249 92 26 anlagda
387 1250 36 21 vid
438 1250 127 27 mynningen
580 1249 23 22 af
616 1251 59 21 stora
685 1249 68 22 floder
763 1249 25 22 sä
803 1249 80 27 hastigt

65 1278 155 27 uppblomstra,
241 1284 34 15 om
296 1284 50 15 man
361 1278 47 21 icke
426 1278 36 21 vill
478 1284 115 16 resonnera
607 1278 44 21 lika
665 1279 49 21 med
729 1279 41 21 den
785 1284 97 20 mannen,

66 1313 46 15 som
126 1307 85 26 prisade
226 1306 111 28 försynens
353 1306 70 21 vishet
441 1306 87 22 hvilken
545 1308 70 25 ,stora
630 1306 67 22 floder
711 1307 60 22 öfver
785 1306 39 21 allt
837 1306 45 27 pla-

66 1336 65 24 cerat,
156 1335 38 20 der
216 1337 59 18 stora
297 1334 75 22 städer
394 1335 74 26 stryka
486 1335 73 21 fram."
595 1335 168 26 Tillämpningen
779 1334 22 22 af
815 1335 69 20 denna

65 1363 81 26 princip
169 1365 24 18 är
216 1363 120 21 emellertid
358 1362 23 21 af
401 1365 52 24 stor,
466 1363 23 27 ja
504 1363 115 26 afgörande
633 1363 52 26 vigt,
700 1365 22 25 ty
738 1363 14 21 ä
766 1369 40 15 ena
821 1362 62 21 sidan

64 1391 105 26 förringar
185 1391 41 21 den
241 1391 126 28 betydelsen
385 1390 23 22 af
420 1391 119 22 kustbanor
553 1392 6 21 i
575 1391 117 22 allmänhet
706 1391 39 22 och
761 1392 14 21 ä
790 1391 40 22 den
845 1396 37 16 an-

66 1420 45 26 dra,
134 1419 39 22 har
193 1419 40 23 den
253 1420 28 27 pä
295 1420 64 22 linjen
377 1419 54 22 ifrån
446 1419 88 28 Wiborg
549 1420 58 23 öfver
621 1420 86 27 Kuopio
721 1420 32 22 till
768 1419 114 27 Uleåborg,

66 1455 27 16 en
108 1448 99 27 trefaldig
222 1449 108 27 giltighet:
346 1448 60 27 först,
421 1449 89 23 emedan
526 1449 41 23 den
582 1449 54 22 ifrån
652 1449 89 27 Wiborg
755 1449 38 27 går
807 1450 75 21 norrut

66 1479 45 21 rätt
132 1478 45 21 inåt
198 1477 81 27 landet,
295 1477 67 22 sedan
379 1478 95 21 emedan.
486 1478 41 21 den
542 1478 54 21 ifrån
610 1478 109 26 Uleåborg
734 1478 39 27 går
788 1478 94 25 söderut,

66 1506 122 23 äfvenledes
204 1508 44 20 rätt
262 1506 21 22 in
298 1506 8 22 i
320 1506 79 27 landet,
416 1506 39 21 och
471 1506 101 27 slutligen
588 1506 96 27 emedan,
701 1506 27 23 då
743 1507 65 21 dessa
822 1506 62 22 linier

66 1536 76 27 mötas,
158 1541 49 16 man
221 1534 34 22 får
270 1542 25 15 en
311 1535 82 27 verklig
407 1535 134 22 kontinental
557 1536 55 21 bana
627 1534 47 23 från
689 1535 36 22 haf
739 1536 33 21 till
783 1535 42 27 haf,
836 1541 46 16 som
