1059 1706
198 115 41 20 814
512 113 41 18 Den
566 114 10 16 4
588 113 44 23 Maj.

170 178 48 29 slag
231 178 92 29 tilldelas
335 178 41 22 den
386 178 35 22 vid
428 179 141 28 jernvägarne
580 178 40 29 och
626 178 252 29 jernvägsbyggnaderna
886 178 100 29 anstälda

162 201 117 40 tekniska”
295 205 30 53 3
339 206 132 31 förvaltande
486 205 105 33 persotiä],
604 207 115 29 anmärkte
737 205 9 14 ">
780 209 44 7 no”
902 223 72 13 NSN

194 260 2 2 =
238 230 296 35 herf'Standertskjöld,
543 232 58 26 Kärl
612 231 95 33 Gustaf:
720 232 55 33 Elitiru
805 236 39 29 jag
858 234 32 29 till
900 232 88 33 alla
956 226 34 44 d6-

169 263 34 23 lar
216 263 65 28 gillar
292 262 121 30 syktemälet
428 264 51 22 med
494 264 71 22 dennx
575 262 72 28 kläm;
656 265 25 21 sä
695 262 76 30 vägar
792 290 1 3 jap
811 264 69 30 dock
892 264 8 21 i
914 261 70 33 frådd-

170 295 65 24 sätta,
258 293 105 28 huruvida
385 294 37 26 det
437 295 23 19 är
476 294 124 28 lämpligt,
611 295 10 19 att
634 294 8 20 i
658 300 25 14 en
699 294 83 30 sådan
824 292 9 29 fräga
854 293 46 27 söm
916 293 69 21 denna

169 322 75 28 intaga
252 319 110 32 eh-ylik
372 321 64 22 kläm.
466 322 44 25 Det
523 323 27 20 är
561 319 26 31 jä
615 320 58 28 kändt,
689 322 33 29 att
728 319 212 32 jertiväpsstyreisen
952 321 33 22 för

170 348 105 23 rärvardnde
290 348 94 27 Också
398 350 88 28 beviljar
499 349 168 29 understöd
636 344 27 40 om
682 350 65 22 äfven
757 348 229 32 icke"
821 344 33 40 till
861 348 125 32 tillräckligt

169 378 36 23 belopp;
270 372 48 40 hen
328 378 48 28 'mig
432 385 30 19 synes,
478 380 33 20 att
524 377 105 29 styrelseti
644 384 42 23 nog
701 376 59 32 skall
806 377 13 29 Iemta
847 372 58 40 inöra
920 372 65 40 medel

172 405 40 29 då
233 405 137 29 Tramstälining
435 407 298 28 "jernvägsstyrelsen
666 401 70 40 göres,
749 409 17 19 till
803 401 80 40 Hvilken
894 407 94 15 myndig-

170 434 38 23 het
221 435 50 23 åter
283 434 55 31 hvar
353 434 39 23 och
408 442 33 19 en,
456 441 46 16 som
517 436 79 21 önskar
610 435 84 22 komma
705 433 11 25 i
731 432 129 33 ätnjutaude'
870 435 24 29 af
899 432 87 33 sätläia

171 463 81 28 ånstag,
268 465 52 28 eger
333 464 93 23 inlemna
441 465 32 20 sin
489 464 103 29 ansökan.
620 464 49 22 Men
684 471 34 16 om
735 464 119 25 Ständerna
868 458 69 40 skulle
949 462 38 26 ut-

172 492 44 22 tala
230 492 33 27 sig
277 493 81 25 härom,
367 495 42 20 vet
422 493 36 28 jag
473 493 48 22 icke
538 492 54 23 hvad
606 499 48 16 man
670 486 83 39 dermed
766 486 78 39 skulle
860 493 69 22 vinna.

262 528 34 15 err
311 521 157 27 Schauman,
488 523 96 26 August:
609 522 41 26 Jag
665 522 49 22 ville
728 522 77 28 förena
815 522 43 27 mig
873 522 49 22 med
937 521 52 22 herr

171 549 173 29 Standertskjöld
358 551 31 21 uti
405 551 56 21 hvad
475 551 42 21 han
532 552 67 26 yttrat
614 551 40 21 och
665 544 76 38 dertill
749 544 66 38 lägga,
826 553 32 19 att
869 548 118 24 allraminst

171 579 62 21 torde
248 579 37 22 det
297 585 53 17 vara
364 579 75 27 nödigt
454 581 38 24 att,
508 580 7 21 i
530 579 101 23 händelse
647 579 68 22 denna
729 579 69 28 punkt
811 578 69 23 skulle
890 579 96 27 godkän-

171 613 47 21 nas,
234 606 109 24 bestämdt
357 609 95 26 upptaga
466 607 54 22 ifrån
535 607 86 22 hvilken
635 608 58 21 källa
708 608 64 22 dessa
787 609 63 25 5,000
863 602 51 37 mark
926 607 62 22 skola

172 637 68 26 tagas,
256 636 20 21 d.
291 642 19 15 v.
325 642 18 15 s.
358 636 54 21 ifrån
428 636 41 21 den
484 636 189 27 nettobehällning,
689 641 47 17 som
750 633 46 25 från
804 636 129 28 jernvägens
943 637 44 20 tra-

170 663 149 25 fikinkomster
333 664 84 28 inflyter
430 665 33 21 till
478 665 277 27 kommunikationsfonden.
788 664 41 28 Jag
842 666 47 20 tror
904 665 37 21 det
953 663 35 23 för

169 693 153 27 jernvägarnes
345 693 101 22 framtida
468 692 120 28 utveckling
610 693 41 22 kan
674 699 52 16 vara
739 692 151 28 likgiltigt
858 687 26 38 om
903 693 9 21 i
915 691 73 29 fråga

172 720 93 23 varande
281 721 63 26 5,000
359 721 60 30 mark
433 721 79 22 influtit
525 721 47 22 från
587 721 37 22 det
639 728 40 15 ena
694 722 52 21 eller
761 721 66 22 andra
840 721 80 28 hället.
943 718 8 31 *

238 750 59 21 Herr
313 750 212 28 Pippingsköld:
547 749 213 28 Jernvägsutskottet
781 749 40 24 har
839 752 46 20 sett
898 750 66 21 säken
979 749 7 22 i

173 778 37 22 det
224 779 49 27 ljus,
290 781 32 19 att
336 779 111 27 ingenting
462 785 50 16 vore
526 778 107 29 nyttigare
648 779 32 22 för
696 785 26 16 en
734 778 198 29 jernvägsingeniör
948 778 39 22 och

174 808 66 21 ocksä
253 807 33 22 för
302 807 26 22 de
343 813 109 22 personer,
468 814 46 15 som
530 808 127 27 sysselsätta
672 808 33 27 sig
719 808 48 22 icke
782 807 76 24 endast
873 807 49 22 med
930 807 58 28 jern-

173 836 142 27 vägsarbeten
337 838 52 20 utan
410 837 54 24 med
478 837 264 31 jernvägstörvaltningen,
766 839 27 19 än
809 838 32 20 att
855 837 29 26 pä
899 838 34 19 ort
948 836 40 21 och

174 865 62 22 ställe
251 865 48 23 icke
314 865 57 22 blott
386 865 54 21 efter
454 865 62 28 länga
530 866 130 25 intervaller,
676 867 52 20 utan
743 865 80 27 ärligen
839 865 40 21 oah
891 865 49 21 med
951 871 36 14 an-

172 889 112 32 vändande
296 893 25 25 af
334 894 55 28 ögon
405 894 39 27 och
464 894 43 21 alla
525 894 75 22 sinnen
614 893 96 28 iakttaga
724 894 29 27 pä
766 892 132 25 främmande
914 895 34 20 ort
962 893 26 22 de

172 921 114 27 framsteg,
296 928 48 22 som
358 921 153 28 kontinuerligt
526 924 68 26 göras.
610 922 50 22 Med
676 923 64 28 dessa
753 922 103 27 framsteg
866 922 62 27 följer
939 927 49 24 man

172 951 115 21 teoretiskt
301 956 77 21 genom
399 950 125 27 tidskrifter,
540 951 28 21 dä
583 951 63 21 dessa
661 950 103 29 framsteg
778 950 106 22 föranledt
898 950 92 22 resultat

172 978 23 22 af
208 979 70 22 större
290 979 157 27 utsträckning,
462 991 29 4 —
507 980 59 22 detta
580 981 25 20 är
620 979 88 22 allmänt
722 980 97 26 erkändt,
834 991 28 3 —
877 985 48 15 men
940 978 49 22 vida

172 1010 80 24 vägnar.
273 1008 83 22 mindre
378 1008 48 22 med
446 1007 100 23 afseende
566 1006 13 23 &
594 1008 86 26 sådana,
697 1013 45 16 som
758 1010 57 19 ännu
830 1009 37 20 äro
882 1008 8 20 i
904 1007 32 21 sin
952 1007 36 22 be-

173 1036 101 28 gynnelse
290 1036 39 22 och
345 1036 72 22 hvilka
432 1037 54 21 dock
502 1036 70 22 skulle
587 1038 77 27 utgöra
671 1036 117 27 väckelser,
799 1036 95 28 mägtiga
902 1042 45 21 nog
956 1038 33 19 att

174 1064 61 22 äfven
250 1065 74 22 utöfva
338 1065 115 27 inflytande
468 1066 28 27 pä
512 1066 84 22 arbetet
609 1066 36 21 vid
660 1066 50 21 våra
720 1064 107 23 blifvande
832 1065 158 28 jernvägat.
972 1060 21 39 —

174 1094 86 21 Sädana
275 1094 117 28 stipendier
406 1094 68 22 finnas
491 1094 61 22 äfven
567 1094 102 28 anslagna
684 1095 56 21 inom
756 1094 67 27 öfriga
830 1093 158 22 verksamhets-

174 1122 107 22 omräden.
312 1122 42 27 Jag
368 1122 101 22 behöfver
483 1123 57 22 blott
554 1125 83 24 nämna,
656 1123 102 21 eftersom
770 1122 38 28 jag
824 1124 23 20 är
861 1121 80 29 läkare,
957 1124 33 19 att

174 1150 62 27 deraf
247 1150 69 23 finnas
332 1151 34 22 för
379 1151 79 25 läkare,
476 1152 39 21 och
532 1152 63 22 dessa
604 1152 118 27 stipendier
731 1151 64 27 hafva
803 1151 101 27 uppstätt
912 1156 77 21 genom

171 1180 117 26 petitioner
302 1180 36 21 vid
351 1180 109 26 landtdag,
476 1180 109 27 utgångna
599 1180 46 21 från
662 1182 31 20 ett
708 1180 53 22 eller
770 1182 65 19 annat
842 1180 70 21 stånd.
927 1179 62 21 Jern-

172 1208 166 27 vägsstyrölsen,
354 1208 69 22 sävidt
435 1209 38 27 jag
487 1208 40 22 har
541 1209 43 26 mig
598 1209 86 25 bekant,
700 1208 56 23 hade
772 1208 32 21 till
819 1208 33 22 sin
863 1208 126 27 disposition

172 1235 33 22 för
226 1236 71 26 nägon
318 1236 32 21 tid
374 1237 66 21 sedan
456 1238 32 20 ett
502 1237 78 26 belopp
596 1236 80 25 derför;
700 1238 41 20 den
755 1237 39 21 har
810 1237 36 21 det
860 1236 49 22 icke
924 1242 65 16 mera.

172 1264 50 21 Med
238 1263 100 23 afseende
353 1264 53 23 härä
421 1265 81 25 vägade
518 1266 108 26 utskottet
642 1266 51 25 göra
706 1264 105 27 förslaget
821 1264 78 21 sädant
907 1264 37 24 det
951 1264 39 20 här

172 1291 70 27 ingätt
258 1292 40 21 oth
313 1293 66 25 ansäg
394 1292 37 22 det
446 1293 24 21 sä
484 1292 82 27 vigtigt,
583 1295 32 19 att
630 1292 121 22 Ständerna
765 1292 68 22 borde
844 1290 79 23 föreslä
933 1298 57 15 sum-

172 1326 60 16 mans
247 1320 93 28 tagande
353 1316 47 38 från
416 1320 278 28 kommunikatiönsfonden,
708 1320 34 22 för
756 1322 34 28 att
803 1320 49 22 med
861 1320 83 22 sådana
952 1320 38 21 sti-

172 1349 89 28 pendier
276 1350 28 21 all
316 1350 104 29 säkerhet
434 1350 77 21 månde
526 1349 166 28 åstadkommas,
708 1350 107 27 anseende
831 1348 70 22 denna
909 1348 79 22 minsk-

172 1378 51 29 ning
238 1378 31 22 uti
284 1378 274 29 kommnnikationsfonden
570 1375 34 25 för
619 1385 25 15 en
659 1378 63 27 vinst,
733 1377 102 30 hvarmed
842 1378 71 22 kunde
922 1380 67 19 uträt-

173 1410 33 19 tas
221 1407 141 28 mångfaldigt
370 1408 90 28 'mycket
474 1414 59 15 mera
548 1408 26 26 än
590 1407 55 27 hvad
660 1402 88 38 torftiga
762 1407 59 22 5000
834 1407 60 21 mark
910 1406 78 28 årligen

172 1438 44 20 ärö.
246 1436 26 21 Vi
286 1436 94 22 behöfva
392 1436 76 22 endast
482 1436 89 22 hänvisa
585 1436 29 27 pä
629 1437 24 21 de
661 1439 67 26 stora
738 1437 99 26 resultat,
845 1442 48 15 som
902 1436 87 21 vunnits

172 1465 23 21 af
208 1464 43 23 den
255 1464 155 27 kommission,
426 1471 45 16 som
486 1466 69 21 under
572 1460 114 37 sommaren
701 1464 58 23 1877
775 1466 60 20 reste
843 1467 25 18 ut
875 1464 37 22 för
920 1466 32 19 att
961 1465 29 26 pä

172 1496 96 19 närmare
291 1493 44 23 håll
355 1494 87 21 studera
460 1494 206 27 jernvägsväsendet
681 1494 41 21 och
732 1493 257 28 jernvägsförvaltningen

171 1523 28 26 pä
215 1522 40 22 den
271 1521 171 23 Skandinaviska
456 1522 78 23 halfön.
565 1522 71 22 Dessa
647 1522 101 27 resultat,
763 1526 47 18 som
826 1521 22 22 af
855 1521 135 33 kommissio-
