1059 1711
432 115 42 19 Den
486 117 11 16 4
509 115 43 25 Maj.
823 119 41 31 815

78 175 46 37 nen.
129 176 58 60 fram
188 180 60 28 lades
266 181 8 22 i
294 181 52 28 dess
355 181 146 30 betänkande,
512 182 69 29 hafva
594 183 47 24 haft
655 182 33 26 till
703 189 25 16 en
743 185 77 26 nästan
836 189 61 16 ome-

79 201 89 46 delbar”
180 180 50 59 am
240 209 50 34 den
308 210 40 34 att
370 202 62 46 Wasa
448 206 116 37 jernvägen
580 178 81 67 bröd
676 208 33 30 för
722 208 59 25 citka
793 213 29 20 17
838 219 13 14 a
858 213 40 26 18

77 237 104 28 Miljoner,
192 236 37 29 då
245 235 76 33 'dertill
334 236 168 31 beräknades
483 231 11 41 i
518 239 29 25 den
561 214 87 57 välien.

78 268 35 20 28
128 267 104 25 miljoner.
267 267 42 22 För
332 266 53 30 den
394 267 56 35 skull
464 269 36 22 mä
513 265 35 31 fan
622 271 97 27 igalonda

78 296 63 22 sätta.
149 295 48 22 sina
208 301 81 24 annars
303 286 145 44 framstäende
459 296 125 28 ingeniörer
597 297 8 24 i
621 286 55 44 Altig
690 294 99 32 beröring
802 296 49 23 med
861 299 37 19 at-

77 324 80 26 landet,
174 322 50 28 och
236 325 62 24 5000
314 324 80 28 mark,
410 326 31 34 här
451 325 102 28 begärda,
565 328 45 27 äro
616 323 192 30 hällre
703 317 32 47 for
750 323 58 30 litet,
825 328 23 19 an
852 325 47 27 för

77 353 86 27 mycket
178 352 40 25 och
233 352 116 31 ingalunda
362 354 34 30 för
410 348 49 30 dyft
473 354 33 22 för
523 351 280 32 kommunikationsfonden.
825 357 5 5 '

139 371 63 48 Herr
219 375 221 40 Standertskjöld,
453 380 54 25 Karl
524 380 86 31 Gustaf:
625 381 42 28 Jag
682 383 39 21 har
728 383 66 22 vedän
805 389 25 22 en
835 383 62 29 gång

77 409 129 30 frambällit,
220 409 32 22 att
264 410 38 27 jag
311 410 13 22 i
339 410 42 22 allo
396 411 63 28 gillar
474 411 121 28 syftemälet
610 411 40 22 och
665 411 105 29 erkänner
778 405 88 39 nyttän'
874 410 27 22 af

78 436 82 29 sådana
183 439 123 27 stipendier,
329 445 49 25 men
400 440 88 21 emedan
508 440 39 27 jag
566 441 41 23 vet,
621 442 35 24 att
669 438 48 29 från
728 438 169 32 ingemörkären

77 467 53 28 utgå
153 467 87 27 årligen,
265 473 34 16 om
311 468 40 27 jag
364 463 48 27 icke
426 469 135 21 missminner
575 469 49 26 mig,
640 467 78 27 35,000
725 468 29 31 mätk
765 462 76 33 till
850 470 44 19 un-

78 495 88 23 derstöd
189 496 23 21 åt
233 495 127 31 ingeniörer,
380 495 46 24 deri
442 497 64 22 också
520 496 126 28 inbegripna
657 495 195 31 jernväpsbygeare
869 508 25 3 —

77 525 124 27 ingeniören
224 525 23 22 af
267 521 68 38 första
350 525 86 28 klassen
453 527 63 26 drogs
532 526 22 21 in
570 526 39 21 och
624 526 51 24 hans
690 521 96 38 aflöhing
798 526 96 28 bestäm-

78 553 39 23 des
132 553 33 22 till
180 553 117 28 stipendier
311 554 33 23 för.
360 553 222 29 jernvägsingeniörer
598 566 24 4 —
639 554 39 22 och
694 556 33 20 att
742 552 21 24 af
767 554 37 22 de
819 551 36 25 vid
869 554 27 22 de

77 581 83 28 färdiga
175 582 95 22 banorna
286 582 98 27 anstälda
398 583 170 27 tjenstemännen
579 582 55 23 flere
650 583 54 24 varit
718 583 7 26 i
738 582 126 32 åtnjutande
875 583 25 21 af

79 611 81 22 sådana
182 611 74 27 anslag
279 611 39 22 och
340 612 88 22 emedan
441 612 37 28 jag
494 612 38 23 har
547 612 44 27 mig
604 610 86 28 bekant,
707 612 32 21 att
754 618 27 15 en
796 611 22 22 af
832 612 64 22 dessa

78 640 128 29 tjenstemän
222 640 54 22 varit
291 642 71 20 utrest
376 640 48 23 med
440 642 32 20 ett
487 640 131 28 statsbidrag
634 653 14 3 —
660 641 38 27 jag
714 639 68 23 skulle
791 643 32 19 tro
833 635 65 38 1,200

78 668 61 29 mark
154 668 33 22 för
201 669 66 27 några
282 669 112 22 månaders
408 669 88 23 vistelse
506 670 128 26 utomlands,
644 668 82 28 vågade
730 669 38 28 jag
774 668 121 29 hemställa,

77 697 107 51 fund
199 698 37 23 det
251 704 50 16 vore
314 698 99 28 lämpligt
427 700 31 20 att
473 698 7 21 i
496 705 30 18 en,
536 698 117 23 resolution
670 704 33 16 om
712 698 185 22 stambanenätets

78 726 74 22 vidäre
174 725 122 29 utveckling
317 726 74 28 införa,
414 729 32 19 att
466 727 81 22 sådana
561 726 118 29 stipendier
693 726 69 23 skulle
778 726 70 22 anslås
863 726 37 22 för

79 754 82 22 sådana
176 755 104 22 ändamål.

147 784 56 21 Herr
218 784 142 22 Mechelin:
375 784 42 22 För
431 784 41 22 min
482 784 35 22 del
524 784 39 22 har
568 785 39 27 jag
613 784 48 23 icke
669 786 73 20 ansett
750 784 70 22 dennä
827 784 69 27 punkt

78 818 52 16 vara
145 812 25 22 sä
185 812 87 23 alldeles
292 812 131 24 främmande
444 812 32 23 för
491 814 37 22 det
543 808 149 38 sammanhang
707 808 63 38 hvari
786 812 41 22 den
841 819 54 23 upp-

78 841 80 26 träder,
183 842 28 21 dä
232 842 106 27 nämligen
358 842 90 27 tidigare
463 842 47 22 frän
524 841 134 23 Ständernas
672 842 47 22 sida
731 842 75 27 yrkats
821 842 28 27 pä
864 844 32 19 ett

79 869 135 22 ekonomiskt
229 870 191 29 byggnadssystem
436 871 39 22 och
491 871 60 22 detta
567 870 137 23 ekonomiska
716 870 182 29 byggtiadsystem

76 899 38 27 väl
127 899 48 22 icke
190 899 42 22 kan
248 906 62 15 anses
326 899 31 23 sä
365 899 79 28 färdigt
458 899 114 27 utbildadt,
588 902 32 21 att
635 905 49 16 man
699 900 48 22 icke
757 904 76 25 genom
841 899 55 28 jäm-

78 927 88 23 förande
182 928 82 22 studier
278 929 7 21 i
300 928 68 23 andra
382 929 74 22 länder
471 929 68 27 skulle
554 929 72 22 kunna
640 929 86 22 konima
737 929 34 22 till
780 930 56 21 ännu
844 935 53 21 gyn-

80 963 104 16 sammare
199 957 97 22 resultat.
326 957 42 29 Jag
382 964 37 15 var
435 957 70 24 derför
519 958 81 25 beredd
616 959 32 20 att
663 958 7 21 i
684 958 42 21 allo
734 957 85 22 förorda
827 958 73 29 denna.

79 986 76 27 punkt,
172 986 76 22 endast
262 987 49 21 med
326 986 137 22 uteslutande
479 984 22 24 af
515 986 27 23 de
557 987 22 21 af
592 987 50 21 herr
657 986 119 23 Schauman
784 986 114 21 änmärkta

80 1013 73 23 orden.
183 1014 50 22 Men
246 1015 66 21 sedan
328 1015 41 23 den
385 1017 85 20 senaste
485 1015 65 24 ärade
566 1015 81 22 talaren
662 1015 81 22 lemnät
753 1016 40 21 den
802 1014 95 28 positiva

79 1042 91 28 uppgift,
186 1044 32 20 att
234 1043 71 27 dylika
320 1044 118 27 stipendier
452 1044 65 21 redan
533 1046 37 19 äro
588 1043 89 22 föremäl
692 1042 38 23 för
738 1043 118 27 utdelning,
872 1043 25 26 sä

80 1074 88 19 stannar
180 1072 38 27 jag
233 1072 7 21 i
255 1073 85 25 tvekan,
356 1072 105 22 huruvida
473 1072 61 28 några
542 1072 105 26 särskilda
659 1073 117 27 stipendier
783 1071 47 23 från
837 1072 62 21 kom-

80 1100 224 23 munikationsfonden
319 1101 34 22 mä
368 1101 108 22 behöfvas.
805 1101 2 2 |

148 1129 56 21 Herr
219 1129 93 27 Spåre,
331 1129 99 22 Walfrid:
454 1130 41 26 Jag
508 1131 40 21 ber
564 1136 33 16 om
613 1131 32 20 att
660 1130 27 26 på
702 1129 38 23 det
754 1131 107 19 varmaste
876 1129 22 21 få

80 1158 134 21 understöda
236 1158 49 22 herr
306 1157 160 29 Pippingsköld.
503 1159 42 30 Jag
567 1161 24 19 är
612 1157 49 24 fullt
676 1157 123 29 öfvertygad
816 1164 33 15 om
864 1160 35 18 att

80 1186 72 27 dylika
167 1186 73 27 anslag
255 1193 51 15 vore
321 1187 81 27 ganska
416 1187 136 27 nödvändiga
568 1187 39 22 och
615 1186 213 28 välgörande.
772 1182 14 37 —
797 1182 26 37 De
836 1186 62 22 skola

80 1215 74 26 säkert
169 1215 52 22 bära
236 1215 56 27 goda
311 1214 83 23 frukter
413 1215 41 22 och
468 1216 49 22 med
532 1216 28 22 all
576 1214 102 29 säkerhet
692 1215 103 28 rikeligen
812 1215 83 21 återbe-

80 1244 44 21 tala
139 1243 39 26 sig.

147 1272 55 22 Herr
217 1272 205 28 Pippingsköld:
438 1273 72 27 Enligt
526 1273 26 21 de
567 1272 152 28 upplysningar
728 1278 54 23 som
791 1272 38 28 jag
841 1272 56 22 varit

78 1300 8 21 i
101 1300 83 22 tillfälle
200 1302 32 20 att
247 1301 101 27 inhemta,
363 1300 67 22 finnes
446 1302 46 21 icke
507 1302 67 26 något
589 1301 109 23 bestämdt
713 1300 79 28 anslag
802 1301 96 21 lemnadt

77 1329 207 27 jernvägsstyrelsen
299 1329 33 21 för
347 1330 127 21 ändamålet.
504 1330 33 21 De
552 1329 124 27 stipendier,
692 1334 46 16 som
749 1329 69 21 blifvit
828 1331 68 19 omta-

79 1356 55 25 lade,
158 1359 37 18 äro
217 1356 112 26 tillfälliga,
351 1360 48 18 men
421 1357 48 21 med
485 1357 37 21 det
537 1357 79 27 anslag,
636 1362 39 21 som
693 1356 40 22 här
748 1356 63 26 afses,
827 1356 69 21 skulle

70 1384 168 29 -åstadkommas
254 1384 123 28 stipendier,
392 1385 48 21 icke
456 1385 105 27 tillfälliga
576 1386 51 20 utan
644 1384 78 27 årligen
738 1384 107 28 utgående
856 1384 42 21 och

62 1412 144 27 "tillräckliga
221 1412 32 22 för
268 1415 32 20 att
316 1414 52 26 göra
382 1412 82 23 kanske
479 1413 67 27 något
560 1413 74 26 längre
649 1418 66 21 resor,
726 1415 27 19 än
762 1418 27 16 en
800 1412 52 25 eller
860 1418 36 22 an-

78 1448 42 16 nan
142 1442 110 22 skuttresa
273 1441 28 28 på
316 1443 49 20 kort
380 1440 37 23 tid,
448 1442 42 21 Det
506 1444 24 19 är
545 1449 25 20 en
584 1441 96 28 betydlig
695 1441 83 26 skilnad
794 1441 104 28 deremel-

78 1471 42 27 lan,
136 1472 32 21 att
184 1473 32 20 ett
231 1471 77 22 sädänt
322 1471 74 27 anslag
411 1471 81 27 årligen
506 1471 64 28 utgår
586 1471 39 22 och
641 1473 33 20 att
685 1476 48 16 man
744 1470 40 30 hår
793 1470 105 28 rättighet

79 1502 33 21 att
134 1500 53 22 söka
210 1500 42 27 det,
270 1503 26 18 än
318 1502 34 20 att
366 1507 47 14 man
423 1500 39 25 för
477 1501 73 27 hvarje
566 1500 50 22 slikt
632 1499 65 23 behof
711 1495 68 38 måste
792 1495 105 38 särskildt

78 1528 55 23 först
148 1528 83 23 anmäla
246 1529 33 28 sig
293 1529 40 22 hos
346 1529 214 28 jernvägsstyrelsen,
573 1524 36 37 för
622 1530 34 21 att
667 1529 69 21 denna
746 1528 55 23 skall
812 1528 88 23 anhålla

669 237 145 25 ropösitionen
828 240 68 29 minst

660 271 36 22 tnda
730 266 122 28 försumnia
862 271 33 19 att
