1075 1703
208 127 41 22 636
511 127 41 17 Den
564 128 22 16 25
598 127 60 22 April,

247 192 56 21 Herr
324 192 102 26 Munck,
447 192 25 22 K.
492 193 35 20 F.:
549 192 43 27 Jag
611 192 96 21 biträder
722 192 50 22 herr
787 192 83 21 Antells
886 192 57 28 äsigt
958 193 39 21 och

180 222 69 20 skulle
264 221 79 21 föreslä
363 220 100 26 antingen
479 221 42 21 den
535 220 112 22 redaktion
663 220 41 21 han
720 220 111 27 föreslagit
846 220 52 22 eller
913 222 33 20 att
961 221 37 21 det

178 250 66 21 också
259 249 69 21 skulle
344 249 51 21 heta
412 248 79 27 ,öfriga
505 249 70 21 stads-
590 249 40 21 och
646 248 213 28 köpingsinvänare.*

247 278 72 22 Sedan
340 278 50 22 herr
411 277 206 22 Landtmarskalken
640 278 31 20 till
688 278 26 21 de
730 278 56 21 bäda
800 277 198 27 förslagsställarne

179 307 100 22 hemstält
294 306 105 22 huruvida
416 306 27 22 de
462 306 47 22 icke
525 306 32 22 för
572 306 106 22 vinnande
692 306 23 21 af
729 306 187 27 samstämmighet
930 306 67 28 möjli-

178 342 41 20 gen
234 336 71 21 kunde
320 334 75 23 förena
409 335 35 26 sig
457 341 34 15 om
506 334 123 27 förändring
644 334 23 22 af
681 335 110 27 uttrycket
807 334 59 27 ,öfer
876 336 121 20 stadsinne-

178 364 92 22 vänare*
286 363 32 22 till
335 363 80 28 ,öfrige
433 363 130 22 innevånare
578 363 134 26 derstädes*,
729 363 40 22 och
785 363 60 22 såväl
860 363 50 22 herr
926 363 72 22 Antell

178 399 46 15 som
244 393 49 21 herr
312 392 80 22 Munck
405 391 77 23 bifallit
501 391 77 27 härtill,
594 391 114 22 affattades
724 392 273 27 omröstningspropositio-

178 428 42 15 nen
235 421 29 28 pä
278 421 95 27 följande
389 422 53 21 sätt:

247 450 46 22 Den
306 455 46 16 som
368 450 125 27 godkänner
507 451 13 20 2
535 455 61 16 mom.
612 449 7 22 i
637 451 9 19 1
663 450 13 26 &
691 449 23 22 af
729 449 118 22 utskottets
864 449 133 22 betänkande

178 478 146 26 oförändradt,
339 479 72 21 röstar
423 479 33 26 ja;
662 503 2 2 N

246 507 74 22 vinner
334 507 42 27 nej,
393 507 86 27 utbytes
495 507 62 21 ordet
574 506 213 27 ,stadsinnevänare*
807 508 58 21 emot
877 506 80 27 ,Öfrige
965 507 30 21 in-

178 536 113 21 nevänare
298 535 135 22 derstädes.*

246 563 160 28 propositionen
422 564 128 21 besvarades
565 563 49 22 med
630 563 156 28 öfvervägande
801 564 42 27 nej,
859 563 137 27 hvarigenom

178 592 37 22 det
230 592 120 27 föreslagna
365 592 85 27 utbytet
465 591 22 22 af
500 593 65 20 orden
583 609 8 9 ,
596 591 67 26 öfriga
671 592 201 22 stadsinnevänare*
885 594 58 19 emot
953 592 42 26 ,öf-

178 622 47 25 riga
240 621 129 22 innevänare
384 620 126 22 derstädes*
527 627 36 15 var
578 621 22 21 af
614 620 88 22 ständet
716 620 82 27 gilladt.
1002 619 3 3 |

247 649 11 27 8
274 651 12 20 2
302 649 131 28 godkändes.

246 677 138 23 Beträffande
400 677 11 28 $
426 679 11 20 3
454 677 95 27 yttrades
566 677 22 22 af

245 706 49 22 herr
309 706 99 22 Taube:
424 706 36 22 Uti
476 706 40 22 den
532 706 77 27 nådiga
624 706 160 27 propositionen
796 707 24 20 är
830 705 123 27 föreslaget,
963 708 32 20 att

178 735 128 28 skjutslaget
326 734 69 23 skulle
418 736 88 25 utgöras
529 734 21 22 af
571 734 97 26 häradet,
684 735 25 21 så
724 734 63 22 framt
801 734 48 22 icke
865 735 129 22 kommunen

177 764 103 26 önskade,
296 765 33 20 att
344 764 37 22 det
396 763 116 22 omfattade
528 765 32 20 ett
575 765 69 20 större
658 764 92 21 område.
767 764 75 21 Denna
856 763 137 27 bestämning

176 792 40 22 har
230 793 108 21 utskottet
352 792 73 28 utbytt
441 794 57 20 emot
513 794 32 19 att
559 792 133 28 skjutslaget)
706 792 70 22 skulle
793 793 88 26 utgöras
897 792 23 22 af
933 792 62 22 hära-

177 821 43 27 det,
236 821 89 21 såframt
340 822 19 27 ej
376 821 152 21 kommunerna
542 821 101 26 önskade,
659 822 33 19 att
711 821 36 21 det
763 820 116 22 omfattade
895 822 33 20 ett
944 828 50 19 ,an-

177 852 37 20 nat
236 850 108 22 område".
381 850 83 26 Nådiga
484 850 160 26 propositionen
666 849 91 22 föreslår
773 849 84 22 således
873 850 77 21 endast
965 852 31 19 ett

177 880 76 25 större,
276 885 48 15 men
347 878 107 22 utskottet
475 878 81 22 lemnar
578 880 67 26 öppet
666 880 32 19 att
721 878 58 22 bilda
802 879 32 20 ett
855 880 70 20 större
943 878 53 22 eller

176 907 82 22 mindre
275 908 113 26 skjutslag,
410 907 83 21 hvilket
514 906 108 22 utskottet
640 907 39 21 har
693 907 96 27 uttryckt
804 907 49 22 med
869 909 32 20 ett
917 924 10 9 ,,
930 909 65 19 annat

177 936 105 22 område."
318 936 41 27 Jag
380 936 69 21 skulle
469 936 50 27 vilja
533 936 115 21 inskränka
663 935 60 22 detta
738 935 88 22 område
841 936 31 26 sä,
888 937 33 21 att
937 936 36 21 det
988 936 6 21 i

176 964 64 28 ingen
254 964 103 23 händelse
372 964 33 22 får
418 970 51 15 vara
484 966 69 20 större
569 966 27 20 än
612 964 96 22 häradet.
739 964 27 22 Ju
782 965 70 21 större
867 965 128 27 skjutslaget

178 995 30 24 är,
221 994 25 27 ju
261 994 69 21 större
346 993 126 27 omfattning
487 993 129 28 skjutslaget
630 993 46 26 har,
692 992 51 22 dess
758 993 87 21 svårare
859 993 65 21 blifva
935 993 60 27 liqvi-

177 1022 67 21 derna
258 1023 38 20 der
311 1022 143 27 entreprenad
469 1022 97 26 inrättas,
582 1021 41 22 och
638 1022 49 21 dess
702 1022 69 21 större
787 1021 161 26 svårigheterna
963 1022 32 21 att

176 1050 83 22 fördela
280 1050 280 27 skjutsningsprestationen
582 1050 21 21 in
625 1051 84 24 natura,
726 1049 28 22 då
769 1056 26 16 en
810 1050 100 22 kommun
926 1051 69 20 måste

176 1081 77 25 utgöra
267 1079 116 27 hållskjuts
399 1078 34 22 vid
449 1078 123 27 gästgifveri
588 1078 6 22 i
610 1085 26 15 en
652 1085 69 15 annan
732 1079 107 21 kommun.
854 1078 42 27 Jag
905 1079 90 22 föreslår

176 1107 72 22 derför
270 1109 32 20 att
317 1108 66 21 orden
404 1109 78 24 ,annat
497 1107 99 22 område"
613 1107 7 21 i
635 1107 118 22 utskottets
770 1109 11 19 3
797 1107 12 26 $
824 1107 67 22 måtte
907 1107 88 28 utbytas

176 1137 58 20 emot
248 1138 33 19 ett
298 1136 93 26 ,mindre
411 1135 106 22 område."
548 1136 41 26 Jag
604 1137 44 20 tror
663 1137 33 20 att
711 1135 128 27 derigenom
850 1141 27 16 en
891 1137 47 20 stor
952 1135 42 22 för-

176 1163 86 33 enkling
282 1164 56 21 både
360 1164 7 21 i
389 1163 90 28 liqvider
501 1164 39 21 och
563 1163 204 27 skjutshållningens
791 1163 128 23 dislokation
939 1163 55 22 skall

176 1198 82 16 vinnas.

245 1221 55 21 Herr
314 1226 42 16 von
372 1220 115 26 Qvanten
503 1220 145 22 understödde
664 1220 49 22 berr
728 1220 85 22 Taubes
829 1220 87 27 förslag.

244 1250 55 20 Herr
313 1249 136 21 Mechelin:
465 1249 71 21 Sedan
552 1249 49 21 herr
616 1248 84 22 Taubes
715 1249 81 26 förslag
811 1249 39 22 har
864 1249 76 21 vunnit
956 1255 38 15 un-

176 1277 88 21 derstöd
279 1277 41 21 och
335 1276 84 22 således
435 1277 96 21 kommer
545 1277 68 21 under
627 1276 104 28 votering,
747 1277 64 21 utber
823 1277 38 27 jag
869 1277 42 26 mig
923 1279 32 19 att
963 1277 32 21 för

176 1305 42 22 min
240 1306 34 21 del
296 1305 21 22 få
339 1304 74 23 anföra
432 1311 26 16 en
473 1305 129 27 invändning
617 1304 102 29 deremot.
749 1304 83 23 Hittills
848 1300 68 38 hafva.
920 1307 74 21 större

175 1334 105 28 skjutslag
295 1336 27 20 än
337 1334 91 22 häradet
441 1334 49 22 icke
505 1334 54 22 varit
573 1333 91 27 vanliga.
679 1334 29 21 Ar
723 1334 90 23 häradet
829 1334 70 22 såsom
912 1334 81 28 skjuts-

174 1363 36 28 lag
232 1363 145 27 någonstädes
398 1362 133 29 frångånget,
553 1362 25 22 så
600 1364 24 19 är
646 1362 37 21 det
697 1363 114 26 vanligtvis
827 1363 6 21 i
849 1363 55 28 syfte
919 1365 34 20 att
967 1370 27 15 en

174 1392 102 22 kommun
290 1391 34 22 för
338 1391 33 28 sig
387 1391 52 22 eller
453 1398 39 21 par
507 1392 124 21 kommuner
645 1391 59 22 bilda
719 1391 67 22 skildt
801 1391 113 28 skjutslag.
945 1392 49 22 Men

175 1427 35 16 om
225 1420 38 22 det
276 1421 8 21 i
299 1427 27 15 en
340 1420 86 22 framtid
440 1419 102 26 inträffar,
557 1421 33 20 att
604 1426 50 15 man
668 1420 36 21 vid
719 1421 26 21 de
756 1420 107 23 blifvande
872 1421 122 27 länstingen

175 1449 49 22 ville
240 1449 148 22 åstadkomma
403 1451 14 19 t.
433 1455 32 16 ex.
481 1451 33 20 ett
528 1449 32 21 för
574 1448 50 22 hela
638 1448 60 22 länet
712 1451 133 24 gemensamt
860 1449 134 28 diligens-sy-

175 1479 62 24 stem,
254 1477 25 22 så
292 1483 52 16 vore
360 1477 38 22 det
415 1477 80 27 bättre,
511 1479 32 20 att
558 1477 26 22 de
600 1477 133 26 stadganden
749 1483 34 16 om
798 1477 135 28 skjutslaget,
948 1484 46 15 som

175 1512 29 16 nu
219 1507 91 26 antagas
325 1506 48 22 icke
393 1506 70 22 skulle
478 1507 77 27 utgöra
569 1505 76 23 hinder
663 1505 103 24 deremot.
795 1506 44 22 Det
853 1508 24 21 är
892 1507 34 21 att
939 1508 56 21 mär-

174 1535 40 22 kas
236 1536 39 25 att,
299 1535 27 22 då
347 1535 40 22 här
407 1537 70 25 säges,
495 1533 55 29 ,ifall
566 1535 100 28 samtliga
680 1535 125 22 kommuner
820 1535 75 28 önska,
910 1536 33 21 att
958 1535 37 22 det
