1075 1700
416 113 42 18 Den
470 115 22 15 25
505 113 57 23 April.
823 114 40 22 635

76 178 176 28 persontrafiken,
270 179 47 25 och,
322 180 33 20 att
370 180 62 20 deras
448 180 111 26 betydelse
574 179 84 24 således
674 180 6 21 i
695 180 82 27 ganska
787 180 42 27 hög
841 180 52 27 grad

73 207 79 27 jämväl
175 207 63 24 beror
259 208 29 25 på
308 207 63 22 deras
394 208 170 26 tillgodoseende
587 208 47 21 utaf
654 214 27 15 en
695 208 67 22 snabb
779 208 40 21 och
834 208 59 27 billig

76 235 153 28 persontrafiks
245 235 70 22 behof.
345 235 40 22 Om
398 236 38 27 jag
451 236 83 21 ändock
549 237 41 21 kan
608 236 74 22 förena
691 237 43 26 mig
745 237 48 21 med
809 237 83 21 utskot-

76 266 43 19 tets
134 264 142 25 betänkande,
297 264 69 22 ehuru:
386 265 119 21 detsamma
519 264 90 23 föreslår
623 265 140 22 icke:endast
776 267 32 19 ett.
821 265 72 27 fördy-

76 292 64 21 rande
156 292 47 22 utaf
216 292 169 27 persontrafiken
401 295 52 19 utan
469 293 40 22 ock
524 300 26 15 en
566 293 121 26 minskning
701 288 26 36 af
733 293 159 27 begvämlighe-

76 323 42 24 ten,
134 327 26 15 en
177 321 120 26 minskning
312 321 23 21 af
349 321 140 27 snabbheten,
505 322 24 21 sä
544 324 25 20 är
584 322 37 22 det
635 322 78 26 derför,
730 324 33 19 att
778 323 37 21 det
829 328 64 21 synes

75 350 43 26 mig
140 349 29 27 gå
188 356 26 15 en
235 350 65 26 riktig
319 351 49 26 väg,
383 356 45 15 som
444 351 31 20 uti
491 351 47 21 sina
553 351 160 26 konseqvenser
728 351 39 21 bör
781 351 50 22 leda
846 351 47 21 icke

76 378 78 21 endast
176 378 32 21 till
228 378 120 27 minskning
368 378 48 22 utaf
434 380 81 25 tungan
532 379 33 22 för
580 380 55 25 dem,
651 385 46 16 som
713 386 28 15 nu
756 380 54 21 bära
825 380 69 21 denna

76 406 148 28 persontrafik,
240 408 51 20 utan
303 407 81 27 jämväl
403 407 32 22 till
450 414 26 15 en
493 409 69 20 större
576 407 157 28 fullkomlighet
747 408 7 21 i
770 408 123 27 tillgodose-

76 435 64 22 endet
154 435 24 22 af
190 435 181 27 persontrafikens
386 435 148 23 befordrande.
563 437 41 26 Jag
619 436 57 22 afser
689 438 95 22 närmast
794 437 41 22 den
845 438 48 20 ten-

76 464 52 21 dens
151 464 32 21 uti
206 464 118 21 utskottets
345 464 135 22 betänkande
495 466 33 19 att
542 465 54 21 söka
611 465 142 23 koncentrera
768 465 41 22 den
824 467 69 21 större

75 492 170 27 persontrafiken
259 493 30 26 på
303 493 57 21 vissa
375 493 111 22 bestämda
501 495 71 25 vägar,
588 499 46 16 som
650 495 37 20 äro
703 494 27 21 de
745 494 98 23 kortaste
853 494 40 21 och

76 521 142 26 lämpligaste.
249 522 125 20 Genom:
344 517 30 36 en
389 522 66 21 sådan
471 522 170 27 koncentrering,
658 522 85 22 hvilken
758 522 135 27 naturligtvis

76 550 48 21 med
140 556 27 15 en
183 551 69 20 större
266 550 135 27 konseqvens
417 550 42 22 kan
474 551 40 21 och
529 551 55 21 skall
594 551 142 27 genomföras,
744 551 25 27 ju
779 551 51 22 flere
835 551 58 27 jern-

76 581 65 24 vägar
156 578 7 21 i
182 578 74 29 landet
274 578 86 22 komma
379 581 33 19 att
427 580 88 26 byggas,
530 580 41 21 kan
587 580 47 21 icke
655 580 77 21 endast
744 580 151 27 skjutsningen

76 607 129 21 verkställas
227 607 102 27 billigare,
353 608 52 21 eller
428 608 71 22 bättre
521 608 70 26 sagdt,
615 608 41 22 den
674 608 96 22 kommer
785 610 32 20 att
831 609 64 21 kosta

76 636 88 25 mindre,
182 637 51 20 utan
248 636 41 21 ock
303 636 42 22 kan
362 636 37 21 det
414 636 5 21 i
436 637 46 21 icke
499 636 70 22 alltför
589 637 50 26 lång
654 636 86 22 framtid
755 637 90 22 inrättas
861 637 34 22 så-

76 664 71 26 lunda,
164 665 33 20 att
217 664 89 22 trafiken
328 665 48 21 ieke
392 665 77 22 endast
483 665 152 22 koncentreras
650 666 49 21 med
713 665 103 22 afseende
831 666 12 21 &
859 667 36 20 vä-

76 699 72 21 garna,
164 695 52 19 utan
232 693 61 21 äfven
308 692 49 23 med
373 693 99 22 afseende
489 695 12 20 å
516 694 65 25 tiden,
597 694 105 26 nämligen
718 696 33 19 att
762 694 6 21 i
780 694 73 22 stället
863 693 32 24 för

76 723 32 20 att
122 728 29 15 nu
171 721 145 22 hällhästarne
336 722 34 21 stå
390 722 32 21 till
438 723 40 20 den
494 723 100 22 resandes
611 722 126 27 disposition
753 723 49 21 hela
817 723 76 26 dagen,

76 750 38 21 och
131 749 41 22 den
187 750 91 21 resande
293 750 42 21 kan
349 750 56 27 välja
420 751 33 21 sin
469 751 38 26 tid,
523 751 69 21 denna
602 751 31 21 tid
643 751 115 21 framdeles
768 751 84 21 komme
862 752 33 20 att

75 779 130 20 bestämmas
221 784 75 20 genom
312 780 38 24 att,
366 785 45 15 mer
426 779 52 21 eller
493 779 80 21 mindre
593 779 100 27 lämpliga
709 779 77 26 åkdon,
803 779 91 26 diligen-

75 813 35 15 ser
125 807 52 21 eller
192 807 54 21 huru
261 813 49 16 man
325 807 36 22 vill
376 807 58 21 kalla
449 808 55 26 dem,
520 807 83 26 reglera
611 807 32 22 sin
654 807 77 27 afgång
740 808 29 27 på
779 807 114 22 bestämda

76 835 60 22 tider.
168 835 47 25 Det
225 837 23 19 är
263 835 77 22 endast
356 835 77 26 derför,
450 836 89 21 emedan
551 836 39 27 jag
604 836 83 27 hoppas
702 838 34 19 att
744 837 26 20 de
780 836 22 22 af
811 836 84 22 utskot-

76 865 32 22 tet
127 863 121 28 föreslagna
263 863 175 28 förändringarna
462 865 61 21 skola
537 865 50 21 leda
601 865 32 21 till
648 871 27 15 en
691 865 67 21 sådan
773 864 123 27 utveckling

76 892 22 22 af
112 892 98 27 trafiken,
231 899 45 15 som
289 893 38 27 jag
342 893 7 20 i
368 893 116 22 allmänhet
498 894 42 21 kan
555 893 74 23 förena
644 893 43 27 mig
702 899 34 16 om
750 894 147 21 betänkandet

76 922 129 21 åtminstone
224 922 49 21 med
292 921 27 22 de
334 921 113 28 principer,
468 928 45 15 som
528 922 75 21 ställas
618 929 43 20 upp
677 921 32 22 för
724 922 82 21 antalet
822 922 22 21 af
857 922 38 21 hä-

76 951 46 20 star
136 951 29 26 på
179 950 74 27 hvarje
269 950 86 25 station.
371 951 40 20 Om
427 950 106 27 nämligen
541 950 90 23 trafiken
642 951 153 22 koncentreras
805 951 92 21 sålunda

76 979 28 26 på
118 979 113 21 bestämda
245 979 62 26 tider,
323 979 113 22 bestämda
451 979 152 27 afgängstider,
619 979 25 21 sä
659 981 23 20 är
693 979 38 22 det
740 979 114 27 sjelffallet,
863 980 33 21 att

77 1009 32 20 ett
131 1007 85 27 mycket
238 1007 84 26 ringare
344 1008 59 21 antal
425 1007 146 28 skjutshästar
589 1008 42 21 kan
647 1008 86 27 betjena
748 1007 97 27 trafiken,
861 1014 34 15 om

77 1043 48 14 man
140 1036 104 26 derjämte
259 1036 94 21 tilldelar:
367 1036 73 27 hvarje
456 1037 80 21 station
551 1038 33 19 ett
598 1037 58 21 antal
672 1037 155 21 reservhästar.
854 1037 42 20 Det

77 1066 24 20 är
114 1064 105 22 likaledes
234 1064 112 27 sjelffallet,
363 1066 32 20 att
409 1065 120 21 kostnaden
543 1064 123 26 derigenom
677 1064 40 22 blir
727 1064 105 28 betydligt
841 1064 53 22 min-

77 1092 37 22 dre
129 1092 40 22 och
185 1095 32 19 att
232 1093 41 21 den
288 1095 67 25 nytta,
372 1099 46 15 som
432 1093 186 22 reservhästarnas
634 1093 139 27 begagnande
788 1093 33 22 för
832 1093 62 22 åker-

76 1121 78 22 bruket
169 1121 126 28 tillskyndar
311 1122 63 21 deras
390 1127 70 22 egare,
475 1122 42 21 blir
530 1122 86 27 mycket
631 1123 75 24 större,
723 1123 22 26 ty
761 1122 28 21 då
806 1122 89 27 diligen-

77 1157 38 15 sen
130 1150 69 27 afgätt
214 1152 51 20 utan
281 1152 33 20 att
333 1151 102 21 hästarna
449 1151 92 26 behöfts,
556 1151 73 21 kunna
644 1151 26 21 de
685 1151 109 22 användas
810 1151 33 21 till
858 1157 37 15 an-

77 1181 37 20 nat
126 1179 44 26 och
185 1179 91 22 behöfva
291 1179 47 22 icke
354 1179 34 22 stä
403 1179 49 22 hela
467 1180 69 26 dagen
551 1179 32 22 till
598 1179 134 28 disposition.
751 1180 44 21 Det
810 1181 23 20 är
849 1179 46 22 huf-

77 1207 148 28 vudsakligast
239 1208 49 21 med
304 1215 27 14 en
346 1209 67 21 sädan
427 1208 69 27 utsigt
510 1208 33 21 till
557 1208 73 22 vidare
644 1208 122 27 utveckling
776 1207 22 22 af
806 1214 89 21 person-

77 1236 210 26 kommunikationen
306 1237 29 27 pä
356 1237 161 26 landsvägarna,
538 1243 47 15 som
603 1237 39 27 jag
656 1236 84 22 förenat
754 1237 43 26 mig
812 1242 35 16 om
862 1238 33 20 ut-

78 1265 93 22 skottets
187 1265 141 24 betänkande.
359 1265 48 22 Men
423 1267 57 20 ännu
495 1266 7 20 i
521 1272 27 15 en
563 1271 69 16 annan
647 1265 106 27 väsentlig
767 1265 70 27 punkt
851 1267 45 20 tror

77 1294 38 27 jag
130 1296 32 19 att
178 1294 38 21 det
230 1294 55 21 skall
300 1294 124 22 underlätta
439 1294 70 22 denna
523 1294 127 26 utveckling.
684 1294 74 21 Ehuru
773 1295 122 26 persontra-

78 1322 67 21 fikens
161 1322 145 26 befrämjande
321 1323 45 24 bör,
383 1323 71 20 säsom
467 1323 38 25 jag
520 1324 55 24 sagt,
590 1329 51 14 vara
651 1329 26 14 en
688 1322 67 26 vigtig
765 1322 39 21 sak
811 1322 32 21 för
854 1322 41 21 den

78 1349 123 22 allmännna
215 1350 149 26 utvecklingen
384 1350 40 21 och
443 1350 91 21 sälunda
547 1351 78 25 utgöra
640 1356 26 15 en
681 1349 90 28 uppgift,
787 1356 46 15 som
847 1351 49 19 när-

78 1380 57 19 mast
150 1378 39 21 bör
203 1378 57 21 lösas
279 1377 23 22 af
315 1379 79 26 staten,
410 1378 41 21 och
466 1378 49 21 icke
529 1378 23 21 af
564 1378 128 21 kommunen
707 1378 53 21 eller
774 1378 70 26 någon
859 1383 37 16 en-

78 1407 50 21 skilt
150 1407 59 22 klass
233 1407 23 21 af
275 1407 101 22 invänare
398 1407 40 21 och
458 1407 38 27 jag
518 1406 70 23 derför
609 1407 121 26 principielt
752 1406 69 22 skulle
844 1412 53 16 anse

78 1435 37 22 det
136 1437 58 20 rätta
208 1442 57 20 vara,
281 1437 33 20 att
333 1437 71 20 staten
420 1435 70 22 skulle
506 1435 90 22 bekosta
611 1435 56 22 hvad
681 1441 47 16 som
743 1434 90 23 trafiken
849 1435 48 22 icke

78 1464 50 28 sjelf
140 1465 43 21 kan
198 1465 91 21 bekosta
304 1465 32 21 uti
351 1466 33 20 ett
398 1465 26 21 sä
438 1465 57 26 glest
509 1464 110 22 befolkadt
633 1464 50 22 land
698 1470 47 16 som
760 1464 54 26 värt,
825 1464 26 22 sä
859 1469 37 17 an-

78 1493 86 28 ser:jag
179 1493 62 27 dock,
256 1495 33 21 att
302 1492 23 23 af
337 1493 113 28 praktiska
465 1493 48 22 skäl
527 1493 37 22 det
579 1495 24 20 är
617 1493 57 26 bäst,
690 1492 41 23 och
746 1494 57 20 ännu
816 1494 35 20 att
865 1492 31 22 fö-

79 1522 98 28 redraga,
193 1523 33 22 att
240 1522 283 28 skjutsnimgsskyldigheten
539 1521 117 23 tillsvidare
665 1521 92 24 drabbar
765 1521 48 23 dem
823 1521 23 23 af
851 1521 46 23 lan-
