1053 1706
205 114 40 19 306
505 111 41 17 Den
562 112 19 16 12
593 110 60 24 April.

177 177 55 21 dock
252 176 23 21 af
288 176 109 27 professor
411 176 121 26 Forsmans,
551 178 45 20 rätt
610 176 34 22 väl
658 176 74 22 kunna
745 176 121 22 motiveras:
897 176 97 22 Orsaken

176 206 33 20 till
227 206 61 20 detta
306 204 133 22 förhällande
455 207 23 19 är
493 205 82 21 kanske
590 204 47 22 icke
653 204 91 22 allenast
760 207 32 19 att
807 205 64 21 sökas
887 205 7 21 i
908 204 85 28 frägans

176 233 125 22 invecklade
323 236 68 22 natur,
415 235 51 19 utan
490 240 94 20 snarare,
608 233 52 21 eller
677 232 89 22 framför
781 233 37 21 allt
833 233 7 21 i
855 234 37 20 det
907 232 37 27 arf,
961 239 33 15 se-

176 265 62 20 naste
260 262 147 21 ständermöte
424 262 81 21 lemnat
520 268 36 15 oss
571 262 6 20 i
592 261 54 21 form
662 261 23 21 af
697 262 67 26 nägra
780 262 79 21 dunkla
874 262 120 26 tillägesre-

176 290 119 22 solutioner
320 290 32 21 till
371 290 201 27 värnepligtslagen,
592 290 72 21 hvilka
680 290 46 21 äter
740 290 8 21 i
763 290 32 22 sin
811 292 36 19 tur
861 290 133 22 framkallats

177 318 24 22 af
219 319 170 21 bondeständets
412 319 72 21 beslut
506 318 110 28 angående
639 318 196 27 vakansaigifterna
852 319 41 21 och
908 320 40 20 den
964 319 31 21 in-

176 348 109 26 bjudning,
301 347 159 21 bondeständet
474 348 7 20 i
498 348 60 21 detta
574 349 61 19 ämne
650 347 66 22 riktat
731 347 32 21 till
773 348 146 20 medständen.
945 347 50 22 Man

176 376 85 22 undvek
284 377 33 20 att
339 376 70 21 lemna
431 377 33 19 ett
484 376 58 21 klart
561 376 40 21 och
620 377 66 25 öppet
701 375 68 27 afslag
784 376 28 27 pä
826 376 169 21 bondeständets

176 404 162 27 framställning,
362 411 48 15 man
432 410 37 15 var
490 404 54 22 rädd
567 410 34 16 om
616 404 41 22 den
672 404 113 22 tillärnade
800 405 148 27 värnepligten
963 404 33 22 för

177 434 33 20 att
232 434 83 20 riskera
337 435 32 19 ett
391 434 77 20 sädant
490 433 74 27 afslag.
595 433 49 21 Man
667 433 123 21 undansköt
813 433 143 22 bedömandet
975 433 22 21 af

178 462 70 21 denna
262 461 60 27 fräga
337 460 33 22 för
385 463 32 19 att
431 462 63 21 vinna
508 468 27 15 en
547 461 111 27 framgäng
667 462 33 21 för
709 462 154 27 värnepligten,
875 462 40 21 och
926 462 70 22 denna

177 490 111 27 framgång
311 490 157 22 tillförsäkrade
488 497 51 14 man
562 491 33 25 sig
617 496 76 20 genom
716 492 32 19 att
766 490 57 27 gifva
838 491 157 21 bondeståndet

177 518 169 28 förespeglingar
361 525 35 15 om
411 519 139 21 ekonomiska
565 518 112 22 förmäner.
707 519 75 21 Denna
796 519 102 26 skildring
909 525 34 15 om
953 519 42 21 till-

177 548 99 22 komsten
299 546 23 22 af
344 547 64 21 dessa
430 548 193 24 slutresolutioner,
643 547 72 21 hvilka
731 547 75 21 beröra
820 547 74 27 frägan
910 554 34 14 om
959 554 36 15 va-

177 575 144 27 kansafgiften
341 575 49 21 och
400 576 135 26 regleringen
554 575 23 22 af
591 575 124 26 rusthällen,
731 576 63 21 torde
808 576 47 21 icke
870 576 73 21 kunna
955 576 40 27 jäf-

177 610 45 15 vas.
252 604 49 21 Men
324 604 118 21 emellertid
466 604 34 21 stä
522 604 20 21 vi
562 610 28 15 nu
608 603 55 21 inför
677 604 185 26 nödvändigheten
879 604 23 21 af
915 607 32 18 att
962 606 33 20 ut-

177 632 52 22 reda
244 633 41 20 den
299 632 129 21 intrasslade
444 632 95 21 härfvan.
569 632 27 21 Vi
612 632 34 20 stä
661 632 55 22 inför
730 632 111 27 lösningen
857 632 23 22 af
891 639 26 15 en
927 633 68 27 fräga,

179 662 37 21 der
239 660 37 22 det
295 660 33 22 för
343 661 199 27 representationen
557 661 68 27 gäller
639 662 33 20 att
686 661 52 21 fälla
753 661 93 21 domslut
861 661 78 21 mellan
955 662 40 21 den

177 689 110 22 enskildas
306 691 45 19 rätt
367 689 40 21 och
422 690 37 20 det
475 690 117 21 allmännas
607 689 74 26 fördel,
697 690 38 20 der
750 690 36 21 det
802 690 67 26 gäller
884 692 33 19 att
931 690 66 21 häfda

181 718 41 22 den
245 718 142 27 lagtrygghet,
411 718 65 27 enligt
491 718 86 21 hvilken
592 718 83 22 enskild
690 718 123 26 rättfängen
828 720 105 24 egendom
947 719 49 21 här-

177 746 66 22 intills
260 747 130 21 ätminstone
405 749 37 23 egt
457 753 81 15 samma
553 747 69 27 skydd
637 746 22 21 af
673 746 68 27 lagen,
758 753 46 15 som
820 747 36 21 det
869 748 124 25 allmännas,

177 777 83 20 statens
276 776 111 26 egendom.
418 776 142 26 Regleringen
575 775 23 21 af
611 775 129 22 rusthällens
756 776 101 26 ställning
872 777 45 20 stär
930 776 64 22 emel-

177 804 64 22 lertid
255 804 8 20 i
277 804 135 27 oskiljaktigt
427 804 153 27 sammanhang
595 804 48 21 med
657 803 74 27 frägan
745 811 34 16 om
790 804 204 28 vakansafgifternas

177 832 122 27 aflyftande,
322 839 49 15 men
395 833 68 21 denna
485 833 61 25 fråga
568 839 34 15 om
622 832 204 27 vakansafgifternas
845 834 150 21 bibehållande

177 861 53 22 eller
252 860 114 28 aflyftande
389 860 32 22 för
444 861 156 27 värnepligtens
624 861 57 21 skull
700 862 129 21 tillkommer
844 862 37 21 det
896 868 36 16 oss
947 862 47 22 icke

177 896 28 14 nu
221 891 32 20 att
266 890 48 21 lösa
328 890 7 20 i
351 890 49 21 dess
416 890 149 27 ursprungliga
580 889 61 22 form.
671 890 40 21 Om
726 890 24 21 sä
765 896 51 16 vore
830 890 68 26 fallet,
908 892 25 20 sä
943 896 50 16 vore

177 918 37 21 det
233 918 32 21 för
285 924 35 15 oss
341 918 95 26 oändligt
450 919 86 26 mycket
554 918 78 22 lättare
647 920 33 19 att
694 918 59 22 bilda
768 925 36 15 oss
820 925 25 15 en
861 919 63 21 säker
939 925 54 21 upp-

176 946 98 28 fattning,
290 953 49 15 men
354 949 72 25 tyvärr
440 947 63 21 hafva
518 947 64 21 dessa
597 946 22 22 af
631 947 43 26 mig
688 948 119 26 påpekade,
823 953 76 21 genom
913 948 80 21 bonde-

177 976 98 20 ständets
296 975 71 21 beslut
381 976 7 20 i
403 976 66 20 saken
488 975 125 22 föranledda
628 976 228 26 tilläggsresolutioner
870 976 67 22 infört
951 976 42 21 frä-

177 1010 42 20 gan
233 1004 8 20 i
255 1005 32 20 ett
308 1006 47 25 nytt
378 1004 72 26 skede,
474 1005 38 20 der
528 1004 36 22 det
579 1004 33 22 för
626 1004 42 27 mig
684 1005 130 21 ätminstone
828 1005 56 21 varit
899 1005 95 27 omöjligt

177 1034 33 20 att
229 1032 79 27 frigöra
326 1032 43 27 mig
388 1032 45 22 frän
453 1039 26 15 en
494 1033 77 21 känsla
586 1032 22 22 af
621 1033 101 21 moralisk
737 1033 132 27 förpligtelse
885 1036 109 24 gentemot

176 1061 164 21 bondeständet.
371 1061 42 26 Jag
427 1061 37 21 vill
480 1061 55 21 dock
549 1061 48 22 icke
613 1063 58 24 säga,
688 1063 32 20 att
731 1063 32 20 ett
774 1063 89 20 motsatt
873 1061 120 22 förfarande

177 1089 68 21 skulle
265 1090 73 21 kunna
353 1089 103 28 stämplas
473 1090 72 21 säsom
560 1089 87 28 politisk
662 1090 143 26 immoralitet,
820 1092 22 25 ty
857 1091 42 20 den
914 1090 81 22 dunkla

175 1117 89 27 lydelse,
288 1117 41 22 den
352 1119 92 20 nämnda
462 1118 219 27 tillägsresulutionen
696 1119 73 25 erhöll,
786 1119 41 21 och
840 1119 79 27 jämväl
933 1125 61 21 rege-

176 1146 87 26 ringens
285 1147 133 26 proposition
432 1146 8 21 i
455 1148 73 19 ämnet
546 1146 57 27 gifva
618 1147 115 26 anledning
748 1147 34 21 till
797 1149 32 20 ett
843 1147 78 21 sädant
936 1150 59 19 anta-

177 1175 76 26 gande,
275 1177 33 18 att
323 1175 40 20 den
379 1175 64 25 skatt,
460 1175 19 20 vi
495 1181 29 15 nu
537 1175 67 22 borde
620 1175 74 22 anvisa
709 1176 72 21 säsom
796 1176 100 26 vederlag
910 1175 34 22 för
958 1183 36 14 va-

176 1202 150 27 kansafgiften,
342 1203 39 21 bör
396 1203 63 21 hafva
474 1203 130 22 karaktären
619 1203 22 21 af
654 1209 27 16 en
691 1204 87 26 ständig
786 1204 115 27 jordskatt.
923 1204 71 22 Emel-

176 1231 65 21 lertid
262 1231 115 26 föreligger
398 1232 64 25 ingen
484 1232 133 25 proposition
639 1238 34 15 om
696 1239 27 14 en
742 1232 68 21 sädan
826 1239 26 20 ny
867 1233 65 24 skatt,
948 1239 46 14 som

177 1258 78 22 skulle:
269 1259 63 21 hafva
354 1259 69 21 denna
444 1259 108 26 karaktär,
576 1259 40 21 och
632 1259 38 27 jag
685 1261 51 25 tror,
752 1261 33 19 att
799 1266 48 15 man
863 1259 47 22 icke
927 1260 68 21 häller

177 1287 42 20 kan
235 1287 50 25 gilla
301 1287 118 21 utskottets
433 1287 177 21 betraktelsesätt
626 1293 40 19 om,
683 1290 31 19 att
730 1288 39 21 den
785 1287 145 27 föreliggande
945 1294 50 21 pro-

177 1314 122 28 positionen
321 1321 34 16 om
377 1315 130 22 rusthällens
529 1315 106 28 reglering
656 1315 70 22 skulle
745 1323 51 15 vara
812 1323 26 15 en
851 1317 72 21 sädan.
953 1317 42 28 Jag

177 1346 45 19 tror
243 1344 21 21 vi
287 1344 70 22 derför
379 1344 73 21 kunna
474 1346 76 25 trygga
570 1351 36 15 oss
621 1345 36 21 vid
672 1345 37 21 det
724 1346 127 25 antagande,
867 1347 38 24 att,
922 1345 73 22 derest

177 1373 118 21 ständerna
316 1373 35 22 vid
375 1373 68 22 denna
464 1373 103 27 landtdag
586 1373 74 22 anvisa
675 1374 28 21 all
719 1375 41 21 den
776 1374 84 21 direkta
875 1375 52 21 eller
941 1375 54 22 indi-

177 1401 64 23 rekta
255 1402 120 26 bevillning,
392 1408 45 15 som
454 1403 142 20 statsverkets
611 1402 66 22 behof
685 1403 33 21 för
727 1403 177 22 nästkommande
914 1404 81 21 treärs-

177 1429 76 28 period
266 1431 103 26 päkallar,
386 1430 129 22 ätminstone
530 1431 54 21 intet
598 1431 86 22 formelt
698 1432 68 21 vilkor
780 1431 33 22 för
827 1432 167 27 vakansfrägans

178 1458 116 27 afgörande
315 1459 120 26 föreligger.
466 1460 50 21 Men
539 1459 40 22 den
603 1459 66 22 andra
691 1460 233 27 tilläggsresolutionen
939 1462 56 20 inne-

177 1486 74 26 häller,
267 1488 34 20 att
315 1487 135 27 regleringen
466 1487 22 22 af
501 1490 226 23 augmentsräntornas
742 1488 133 22 förhällande
891 1489 32 21 till
938 1491 57 19 rust-

177 1515 211 27 ningsskyldigheten
403 1515 39 22 bör
457 1516 39 21 ske
511 1518 52 19 utan
580 1517 91 26 verkligt
680 1517 100 27 inträng
777 1511 10 37 i
790 1517 118 22 bestäende
918 1517 77 22 förmö-
