1067 1706
201 129 42 20 716
518 127 42 18 Den
572 128 10 16 2
594 126 44 24 Maj.

173 192 35 22 del
223 192 40 22 alls
277 192 50 22 icke
341 192 71 21 skulle
426 192 72 22 kunna
513 192 108 27 tillstyrka
632 192 40 21 den
683 192 170 22 österbottniska
864 192 129 27 kustbanan,

173 220 45 22 ifall
230 220 39 28 jag
283 220 49 22 icke
347 220 83 26 trodde,
440 222 44 20 -att
499 220 41 22 den
555 220 32 21 till
602 226 26 15 en
643 220 44 22 viss
703 221 52 26 grad
771 220 61 22 äfven
848 220 69 22 skulle
932 220 63 22 hafva

173 255 26 16 en
216 248 161 28 genomgående
399 248 63 22 trafik
484 248 42 22 och
545 251 33 20 att
593 248 61 22 såväl
668 248 134 22 Nikolaistad
818 255 46 15 som
879 248 115 28 Uleåborg,

172 278 73 21 hvilka
260 278 56 21 dock
331 279 37 19 äro
383 277 97 22 starkare
496 279 27 19 än
539 277 66 22 andra
620 277 80 26 städer,
716 277 40 21 och
764 277 87 27 jämväl,
862 277 68 22 ehuru
938 278 56 26 jäm-

173 306 112 22 förelsevis
294 306 86 27 rihgare
391 305 34 22 del
436 306 23 21 af
467 306 143 22 varutrafiken
620 306 38 21 det
667 306 64 21 södra
741 306 90 21 Finland
839 306 40 22 och
888 306 107 27 Ryssland

173 335 88 25 lemnar,
278 334 55 22 skall
348 335 72 21 kunna
439 334 88 22 inverka
542 335 28 27 på
585 334 41 22 den
642 334 160 27 genomgående
817 334 97 22 trafiken.
945 335 49 21 Men

171 364 38 27 jag
229 364 69 21 måste
314 363 55 22 dock
385 363 65 21 ställa
464 363 121 22 kustbanan
601 362 54 22 efter
675 358 113 37 Davidstad
802 363 100 28 —Kuopio
916 363 77 26 banan,

173 392 29 28 på
217 392 41 21 den
274 392 69 27 grund
358 393 33 20 att
405 398 34 15 om
454 392 20 21 vi
489 391 54 23 först
556 391 92 28 jämföra
662 392 147 22 lokaltrafiken
825 392 50 21 med
890 392 27 21 de
925 392 71 22 siffror

174 426 46 17 som
232 420 210 28 jernvägsutskottet
457 420 40 22 har
510 420 106 27 framlagt,
632 420 73 22 hvilka
713 420 73 23 kunna
796 420 59 27 tjena
865 420 32 22 till
908 426 25 16 en
940 421 55 27 jäm-

173 449 86 27 förelse,
283 455 33 16 om
340 449 26 21 de
387 449 47 21 icke
453 449 57 27 duga
525 449 33 21 till
573 449 116 27 någonting
703 452 72 23 annat,
791 449 25 22 så
830 449 68 22 finner
910 449 38 28 jag
963 451 33 20 att

173 476 150 23 lokaltrafiken
340 477 90 22 emellan
448 477 84 28 Kuopio
548 478 40 21 och
604 477 119 22 Davidstad
737 478 48 21 icke
800 477 7 22 i
823 478 84 27 mycket
921 480 75 19 nämn-

173 506 54 21 värd
249 507 58 26 grad
324 506 55 21 skall
397 506 125 27 understiga
536 505 148 22 lokaltrafiken
701 506 90 22 emellan
806 506 135 21 Nikolaistad
956 506 40 22 och

174 535 115 27 Uleåborg.
325 535 49 21 Den
396 535 54 21 skall
472 535 65 21 blifva
554 535 90 27 ringare,
661 541 48 15 men
724 535 97 27 uttryckt
835 535 32 21 uti
882 535 60 21 mark
956 541 41 20 per

174 565 60 20 verst
260 563 55 22 skall
341 565 98 20 summan
461 563 48 22 icke
531 569 51 16 vara
604 563 95 22 särdeles
722 565 52 20 stor.
811 563 48 22 Den
881 563 42 22 kan
945 569 51 15 vara

173 592 118 23 nämnvärd
313 592 34 22 för
362 599 25 14 en
405 593 50 20 kort
470 591 92 28 sträcka,
577 598 49 15 men
640 591 34 22 för
688 592 41 25 den
744 591 110 22 mellersta
869 592 127 21 stambanan

176 623 75 21 ställer
271 622 40 21 den
333 621 33 28 sig
380 621 49 22 vida
444 627 167 22 gynnsammare.
642 621 102 22 Deremot
758 621 41 22 kan
816 621 37 22 det
867 621 47 22 icke
930 621 66 22 nekas

177 653 32 20 att
225 651 40 21 den
281 651 159 27 genomgående
456 651 89 22 trafiken
562 651 127 21 åtminstone
704 651 29 26 på
748 656 26 15 en
789 650 40 21 bra
838 649 51 28 lång
899 649 30 22 tid
940 649 56 22 skall

175 679 66 22 blifva
254 678 155 29 jämförelsevis
426 679 108 28 obetydlig
548 679 29 28 på
592 679 120 22 kustbanan
721 681 58 20 emot
787 679 40 21 den
835 678 162 28 genomgående

176 708 92 22 trafiken
284 714 45 15 som
344 708 29 28 pä
388 708 303 28 Kuopio—Davidstadbanan
706 708 43 21 kan
763 707 7 22 i
780 707 61 28 fråga
851 707 90 22 komma.
956 707 41 22 Om

176 737 20 21 vi
211 737 106 26 nämligen
333 737 99 22 betrakta
447 737 97 22 vilkoren
557 736 34 22 för
605 743 26 15 en
647 736 160 27 genomgående
818 735 69 27 trafik,
899 736 26 29 sä
931 738 27 20 är
965 738 33 20 ett

176 765 23 22 af
212 766 27 21 de
255 767 81 20 största
353 765 103 26 vilkoren,
477 768 33 19 att
522 765 166 28 jernvägslinien
703 765 33 21 för
750 765 41 21 den
806 765 7 21 i
828 765 61 26 fräga
903 765 96 22 varande

175 793 91 22 trafiken
282 793 55 22 skall
351 795 73 20 närma
433 795 156 21 konsumenten
600 794 40 21 och
651 794 152 27 producenten,
815 793 41 22 den
866 793 54 22 skall
929 794 27 27 gå
966 793 32 22 uti

176 829 81 16 samma
271 823 101 27 riktning,
388 829 45 22 som
448 823 139 27 varuutbytet
602 822 90 22 emellan
708 823 147 27 producenten
866 822 39 22 och
917 823 80 21 konsu-

175 854 87 19 menten
276 851 45 27 går,
337 851 42 22 den
395 851 55 22 skall
465 853 52 25 göra
529 852 61 21 detta
605 851 126 28 varuutbyte
745 849 107 25 snäbbäre
863 851 39 22 och
914 851 83 27 billiga-

175 885 31 17 re.
242 880 127 23 Statistiska
391 880 107 27 uppgifter
516 880 47 22 från
578 880 121 22 statistiska
714 880 67 29 byrån
795 881 53 26 visa,
865 882 33 19 att
913 880 23 22 af
948 880 50 22 Fin-

175 908 62 23 lands
260 909 84 26 handel,
369 911 75 27 export
466 909 38 22 och
528 909 84 28 import,
633 915 46 16 som
697 908 35 23 för
749 910 53 20 1880
819 910 15 21 t.
850 915 32 16 ex.
899 908 98 29 utgjorde

176 937 157 27 sammanlagdt
347 939 42 20 260
404 938 104 27 miljoner,
524 937 62 22 deraf
598 938 105 27 importen
719 938 40 21 och
775 940 102 25 exporten
893 937 28 28 pä
932 936 65 29 Ryss-

175 967 52 21 land
243 968 40 20 108
299 966 104 28 miljoner,
418 967 40 21 den
474 967 28 27 pä
517 967 97 21 utlandet
622 967 164 27 approximativt
795 968 40 20 150
843 966 103 27 miljoner,
956 967 41 20 den

177 994 156 28 öfvervägande
355 997 69 20 större
443 995 61 22 delen
519 996 28 26 pä
562 995 106 28 Ryssland
683 995 61 22 faller
758 995 29 27 pä
803 997 59 20 östra
877 995 41 22 och
933 995 65 22 södra

175 1023 104 28 Finland;
292 1023 168 24 österbottniska
475 1024 126 22 kustlandet
616 1024 95 27 återigen
727 1024 78 21 drifver
820 1024 32 21 sin
868 1025 82 20 största
960 1030 36 15 ex-

176 1054 50 25 port
240 1052 28 27 pä
283 1053 96 26 Sverige.
413 1052 80 22 Genom
510 1048 77 35 banan
598 1052 245 27 Kuopio—Petersburg
857 1055 85 19 närmas
956 1052 40 21 Pe-

176 1081 102 26 tersburg
299 1081 72 21 såsom
391 1081 119 28 stapelstad
526 1081 32 22 för
574 1081 40 21 den
629 1081 64 26 ryska
707 1081 148 26 producenten
870 1080 32 22 till
917 1081 80 22 konsu-

176 1109 108 22 menten'i
299 1110 60 21 östra
373 1109 95 22 Finland.
492 1109 83 22 Genom
589 1110 122 21 kustbanan
725 1109 108 26 Uleåborg
842 1105 156 35 —Nikolaistad

176 1140 87 19 närmas
277 1138 49 21 icke
341 1138 147 26 producenten
505 1138 32 21 till
551 1138 157 22 konsumenten
723 1137 7 22 i
746 1137 94 28 Sverige.
870 1138 47 21 Den
931 1137 66 23 kani

177 1166 61 22 detta
248 1166 131 25 hänseende;
395 1167 71 21 säsom
480 1166 37 27 jag
531 1167 67 21 redan
613 1165 122 26 framhållit,
751 1167 78 21 endast
843 1166 7 21 i
865 1165 83 23 sådana
959 1166 38 21 fall

176 1201 51 15 vara
242 1201 102 20 gynnsam
359 1194 33 22 för
406 1195 158 26 producentens
580 1196 91 20 intresse
687 1194 54 22 eller
755 1195 42 21 öka
812 1195 76 20 värdet
902 1194 29 29 pä
944 1195 54 21 hans

175 1222 126 28 produkter,
317 1229 34 15 om
366 1223 134 21 Nikolaistad
520 1223 71 22 skulle
605 1223 82 22 utbilda
701 1222 34 27 sig
750 1223 32 21 till
797 1229 26 16 en
839 1223 84 27 mycket
938 1223 60 22 stark

176 1252 57 19 stad.
263 1251 49 20 Men
328 1251 38 20 det
381 1253 24 18 är
420 1253 56 18 ännu
491 1251 67 26 nägot
573 1253 65 19 annat
653 1253 33 18 att
698 1254 53 23 taga
766 1251 7 20 i
788 1251 145 27 betraktande.
958 1251 40 22 Om

175 1279 22 20 vi
212 1278 103 21 fasthälla
337 1278 41 21 den
400 1279 203 26 omständigheten;
617 1280 32 20 att
664 1278 130 27 Petersburg
808 1279 33 21 för
857 1274 141 26 Österbotten

176 1306 41 22 har
231 1312 27 15 en
276 1306 83 27 mycket
372 1306 81 28 mindre
470 1307 110 27 betydelse
596 1307 27 22 än
636 1306 35 22 för
686 1308 59 21 östra
759 1307 89 22 Finland
863 1307 40 22 och
912 1309 32 19 att
952 1306 47 22 huf-

177 1335 137 22 afnämarene
329 1336 8 20 i
353 1331 139 26 Österbotten
508 1338 37 19 äro
560 1335 143 27 utländingar,
719 1341 48 16 men
778 1338 33 19 att
821 1335 103 28 derjämte
933 1335 70 23 också.

176 1370 27 15 en
218 1364 45 21 viss
278 1362 79 24 handel
372 1363 46 22 från
434 1359 140 27 Österbotten
589 1365 33 21 till
638 1364 105 27 Ryssland
759 1371 52 20 eger
825 1370 54 21 rum,
895 1365 68 21 ehuru
978 1364 23 22 af

175 1392 84 22 mindre
274 1392 111 28 betydelse
400 1395 26 19 än
442 1393 42 21 den
499 1393 46 21 frän
561 1395 60 20 östra
635 1392 94 28 Finland,
742 1392 57 23 finna
809 1394 20 21 vi
841 1396 32 19 att
881 1393 40 22 den
930 1394 69 21 öster-

175 1421 192 28 bottnisk—ryska
382 1421 93 23 handeln
490 1422 77 21 endast
582 1421 33 22 för
624 1422 65 27 högst
698 1421 22 22 få
730 1422 89 22 artiklar
826 1422 68 22 under
904 1422 95 22 normala

176 1448 148 24 förhållanden
338 1451 42 21 kan
396 1450 127 27 tillgodoses
539 1449 23 23 af
575 1451 41 21 den
632 1448 169 25 österbottniska
814 1450 129 23 kustbanan.
962 1451 37 22 Di-

177 1481 88 19 stansen
287 1479 41 22 blir
350 1479 106 27 nämligen
480 1479 24 22 sä
519 1479 101 28 betydlig,
636 1481 33 20 att
683 1479 38 22 det
735 1479 49 22 icke
799 1481 24 20 är
837 1479 78 27 många
929 1485 69 20 varor,

177 1513 47 16 som
238 1507 73 22 kunna
325 1507 53 22 bära
394 1507 47 22 den.
472 1508 42 21 Det
530 1510 24 19 är
569 1511 33 18 ett
616 1508 87 22 allmänt
718 1508 68 22 kändt
800 1507 140 27 förhällande,
952 1514 46 17 som

175 1535 48 22 icke
237 1535 103 23 behöfver
354 1535 23 23 af
389 1537 44 26 mig
447 1536 103 29 päpekas,
564 1539 34 19 att
605 1537 138 27 jämförelsen
754 1537 90 22 emellan
855 1537 143 27 sjötranspor-
