1061 1703
195 132 43 20 780
510 127 41 18 Den
564 128 11 17 4
586 127 45 23 Maj.

176 194 62 21 alade
253 192 23 22 af
289 193 108 21 allmänna
416 192 132 22 statsmedel;
578 192 50 21 Men
645 192 54 20 1867
714 190 114 24 inträffade
840 191 44 21 den
893 190 92 29 -föränd-

176 222 37 26 ing
234 221 49 22 med
293 220 94 22 'banken'
397 222 34 24 att
446 220 40 21 den
506 220 83 22 stäldes
600 220 74 21 under
688 220 127 21 ständeriiäs
830 218 103 31 inseende
944 218 41 31 ge-

167 255 49 17 nom
232 249 104 22 särskildt
354 248 95 22 utsedde
471 248 198 27 bankfullmäktige.*
703 248 94 21 Numera
816 248 25 20 är
854 247 64 22 äfven
932 246 53 23 bäh-

166 278 55 22 kens
243 280 49 20 stat
310 279 92 26 antagen
421 276 23 22 af
461 277 120 22 Ständerna
595 276 41 22 och
650 276 60 22 Hans
725 273 104 31 Majestät
843 275 40 23 har
896 276 9 21 i
919 275 68 23 näder

168 300 98 37 stadfäst.
281 306 43 22 den.
342 300 12 37 -
360 305 54 23 Med
426 306 113 26 anledning
553 304 64 22 häraf
629 305 41 21 och
685 304 27 22 dä
726 304 157 27 förvaltningen
899 304 22 22 af
934 305 53 21 ban-

167 335 53 21 kens
235 334 70 22 medel
321 336 25 19 är
359 334 49 21 helt
419 334 132 21 annorlunda
566 336 27 19 än
607 333 65 26 förut,
688 335 24 20 är
727 333 37 21 det
778 333 104 26 naturligt
897 334 33 20 att
944 332 43 22 den

167 362 75 28 frägan
256 362 71 23 skulle
342 362 84 27 uppstä,
442 361 106 22 huruvida
562 361 49 22 icke
625 361 85 22 banken
725 367 47 16 som
787 361 82 22 aflönar
883 361 41 22 och
934 367 53 21 pen-

167 391 97 22 sionerar
278 391 50 22 sina
343 391 137 26 tjenstemän,
499 391 47 20 icke
561 389 67 22 borde
643 390 117 21 vidkännas
776 390 27 21 de
817 389 171 28 gratifikationer

167 425 47 21 söm
234 420 25 26 ät
278 420 49 21 dess
350 419 129 27 tjenstemän
498 418 67 27 gifvas
586 418 35 21 för
640 417 116 28 oförvitligt
771 418 149 27 tiliryggalagd
932 417 57 22 tid
977 413 16 37 i

167 448 96 21 bankens
286 447 72 28 tjenst.
386 447 88 22 Samma
489 449 24 18 är
527 446 148 25 förhållandet,
690 447 43 20 kan
748 452 49 15 man
812 448 58 25 säga,
886 446 50 21 med
950 446 39 22 be-

168 475 195 28 grafningshjelpen
379 474 7 22 i
402 475 27 22 de
443 474 43 27 fall,
503 475 27 22 dä
545 474 196 28 begrafningshjelp
756 475 49 21 icke
820 475 64 26 utgår
893 474 47 22 från
951 474 37 25 en-

168 505 38 21 ke-
222 505 39 21 och
270 504 154 27 pupillkassan
439 505 52 20 utan
507 503 23 22 af
542 504 107 21 allmänna
663 503 75 22 medel.
754 503 50 22 Man
817 503 40 22 har
866 503 124 27 derigenom

167 533 59 22 velat
240 533 115 26 tillgodose
368 532 172 27 tjenstemännen
555 532 32 27 sä,
603 533 33 20 att
651 532 26 21 de
692 532 52 21 eller
760 531 61 22 deras
832 531 100 22 sterbhus
940 531 49 22 icke

168 561 70 22 skulle
252 561 80 22 förlora
346 561 67 27 nägot
427 560 23 22 af
463 560 41 22 den
517 560 142 27 inbesparade
668 559 230 28 begrafningshjelpen.
912 561 45 20 Det
966 561 25 20 är

169 590 85 22 säledes
269 590 46 21 helt
334 589 39 22 och
389 589 68 22 hället
472 595 26 15 en
512 588 82 23 förmän
610 595 46 15 som
671 595 49 15 man
735 589 43 21 kan
792 589 68 22 räkna
875 589 32 21 till
923 589 67 22 andra

168 618 162 23 löneförmäner.
365 617 34 22 Då
418 621 30 18 nu
467 617 134 22 statsfonden
616 617 41 21 och
671 617 155 22 militiefonden
840 618 91 21 bekosta
947 617 43 22 alla

169 647 27 22 de
210 647 96 28 utgifter,
322 652 46 16 som
384 648 37 20 äro
436 646 102 21 förenade
554 645 87 22 dermed
656 647 32 20 att
701 645 63 23 civila
779 646 40 22 och
833 647 93 20 militära
936 646 55 27 tjen-

169 676 84 21 stemän
268 675 69 21 blifvit
351 674 118 22 förunnade
484 675 57 21 vissa
555 674 112 26 förmåner,
684 680 45 15 som
744 680 49 16 man
805 675 39 24 vill
858 677 33 19 att
901 675 27 21 de
938 674 53 22 fort-

168 703 89 22 farande
271 703 62 21 skola
348 703 89 27 ätnjuta,
458 702 24 22 sä
497 708 62 21 synes
575 702 37 22 det
627 708 50 15 vara
691 702 71 27 billigt
775 704 34 20 att
823 703 86 21 banken
924 702 67 26 också

169 731 69 22 skulle:
253 731 29 27 på
296 737 82 15 samma
393 732 45 20 sätt
452 731 105 21 honorera
573 731 47 21 sina
635 730 129 27 tjenstemän
779 731 42 21 och
834 731 119 21 vidkännas
963 731 28 21 de

169 759 88 27 utgifter
276 755 38 35 som
325 755 94 35 :dermed
434 760 73 20 kunna
522 764 51 16 vara
587 759 108 25 förenade,
711 760 29 26 pä
750 760 37 21 det
796 759 96 22 bankens
903 759 88 27 tjenste-

168 790 49 19 män
234 788 60 21 skola
313 788 151 26 tillgodonjuta
482 788 27 22 de
530 787 49 22 dem
598 787 118 21 förunnade
730 787 142 22 förmånerna.
888 801 2 2 .
901 788 43 26 Jag
957 788 33 21 in-

168 816 105 22 skränker
286 816 44 27 mig
345 816 56 22 blott
415 814 33 23 till
463 817 33 20 att
510 815 113 22 framhålla
637 816 71 26 detta,
719 818 53 20 utan
782 818 34 19 att
826 816 95 27 åberopa
931 816 59 22 vissa

167 844 171 28 lagstadganden
359 844 53 22 eller
430 844 165 26 lagparagrafer,
616 844 89 22 emedan
725 845 68 21 saken
808 851 63 21 synes
885 845 54 21 böra
953 844 38 22 be-

170 874 73 20 dömas
266 873 54 21 efter
342 872 90 28 de:nya
453 872 154 27 förhållanden,
628 872 47 22 som
697 872 55 22 efter
775 874 55 20 1867
845 873 82 22 inträdt
941 873 50 21 med

170 902 91 21 banken.

236 929 57 22 Herr
307 935 41 15 von
364 928 195 23 Christierson:
575 928 47 22 Den
637 930 87 21 senaste
740 930 72 21 ärade.
817 930 98 25 talarens
930 929 60 22 änfö-

169 958 82 21 randen
264 964 27 14 ur
306 957 78 27 nädiga
397 957 125 22 manifestet
539 957 22 21 af
575 958 41 20 den
633 959 25 19 15
676 958 90 26 Augusti
783 960 54 19 1830
852 958 40 21 och
907 957 85 23 författ-

169 986 79 26 ningen
262 986 93 21 rörande
369 985 235 28 begrafningshjelpens
619 985 139 22 -utbetalande
771 986 48 22 från
829 986 108 22 allmänna
946 992 45 16 me-

171 1014 34 21 del
227 1014 32 21 till
274 1014 101 21 sterbhus
390 1013 63 22 efter
473 1014 128 26 tjenstemän
617 1020 46 15 som
678 1013 74 27 aflidit,
769 1014 27 21 dä
812 1014 26 21 de
854 1014 47 21 haft
916 1014 75 22 afsked

169 1042 50 21 med
241 1041 97 28 pension,
354 1041 64 22 hafva
438 1042 55 20 varit
507 1041 130 26 fullkomligt
650 1042 108 26 korrekta,
774 1043 70 21 sävidt
856 1043 40 26 jag
909 1043 83 21 kunnat

169 1069 75 22 förstä.
281 1069 171 22 Bankutskottet
472 1070 40 21 har
526 1070 35 21 vid
576 1069 157 27 behandlingen
748 1069 24 22 af
785 1071 69 21 denna
868 1070 61 27 fråga
943 1071 49 22 icke

170 1100 73 19 ansett
258 1100 33 19 att
304 1097 71 27 nägon
390 1098 108 27 synnerlig
512 1098 45 26 vigt
571 1098 69 26 ligger
655 1098 72 27 derpä,
739 1098 105 22 huruvida
852 1099 141 26 gratifikatio-

170 1132 39 15 ner
232 1126 40 21 och
290 1125 194 28 begrafningshjelp
504 1126 7 21 i
531 1126 71 27 dylika
616 1126 38 21 fall
668 1126 107 22 utbetalas
790 1133 50 16 vare
856 1127 33 26 sig
903 1127 24 22 af
939 1127 54 22 ban-

170 1154 54 21 kens
247 1154 71 22 medel
340 1154 52 21 eller
414 1154 106 22 allmänna
534 1154 147 22 statsfondens
696 1154 120 27 tillgängar,
833 1155 28 22 dä
876 1155 37 22 det
927 1156 8 21 i
950 1156 43 21 alla

169 1182 38 21 fall
221 1188 51 15 vore
288 1182 106 22 allmänna
408 1183 70 21 medel
493 1188 47 16 som
555 1183 70 21 skulle
640 1183 84 21 komma
738 1185 34 19 att
786 1184 86 21 anlitas.
890 1184 47 21 Den
947 1190 46 15 om-

170 1210 154 27 ständigheten
346 1212 33 19 att
396 1210 157 27 förvaltningen
572 1210 23 22 af
611 1211 101 21 Finlands
727 1211 57 21 bank
800 1213 23 20 är
839 1213 54 20 1867
910 1212 82 22 stäldes

170 1239 31 26 pä
211 1245 30 13 en
255 1245 71 14 annan
340 1238 38 25 fot,
394 1240 27 18 än
438 1239 41 19 den
493 1238 58 21 förut
565 1238 52 25 haft,
633 1239 72 21 kunde
720 1240 7 20 i
742 1240 44 20 viss
802 1246 49 14 mon
860 1240 72 20 lemna
942 1241 51 20 stöd

171 1266 34 22 för
219 1266 41 21 den
276 1265 138 27 uppfattning
432 1267 34 20 att
485 1266 64 21 dessa
568 1266 95 27 utgifter,
683 1272 45 16 som
748 1268 77 25 utgöra
839 1268 107 21 förmäner
960 1268 34 22 för

171 1294 180 27 tjenstemännen,
367 1293 66 22 borde
448 1294 54 26 utgä
516 1293 47 22 frän
578 1294 97 22 bankens
690 1294 70 22 medel
774 1295 8 21 i
796 1295 69 22 likhet
879 1296 49 20 med
943 1302 52 21 pen-

171 1323 72 21 sioner
258 1322 41 22 och
318 1322 123 27 aflöningar.
462 1322 60 22 Men
541 1323 118 27 styrelsens
677 1323 163 27 ifrägavarande
854 1324 81 27 förslag
950 1325 43 21 kan

170 1352 48 21 icke
238 1350 64 22 hafva
322 1357 69 15 annan
409 1351 111 27 betydelse
535 1352 40 21 och
590 1352 91 27 mening,
698 1354 27 19 än
740 1353 33 21 att
787 1352 47 22 från
850 1352 143 28 statsfonden,

170 1379 87 22 hvilken
279 1379 23 22 af
320 1379 105 28 styrelsen
445 1385 73 16 ensam
537 1380 132 27 disponeras,
685 1381 29 26 pä
728 1381 85 22 banken
829 1381 121 28 öfverflytta
965 1388 27 16 en

171 1408 39 22 till:
218 1408 102 27 beloppet
335 1408 48 22 icke
397 1409 86 26 mycket
497 1408 121 28 betydande
633 1409 71 27 utgift.
718 1409 33 22 En
762 1409 68 22 sädan
840 1410 77 27 ätgärd
930 1410 64 23 hafva

170 1436 199 28 bankfullmäktige,
392 1437 73 22 säsom
484 1437 23 22 af
524 1437 63 22 deras
609 1438 119 22 berättelse
743 1438 99 28 framgär,
858 1440 48 21 icke
921 1442 74 20 ansett

172 1473 49 14 vara
235 1461 53 37 fullt
302 1466 70 27 skälig
387 1466 41 21 och
444 1466 109 22 utskottet
567 1466 40 22 har
622 1467 126 22 derutinnan
764 1467 59 22 delat
837 1468 156 22 bankfullmäk-

170 1495 57 26 tiges
250 1495 62 26 äsigt.
346 1495 42 22 För
410 1495 37 21 det
468 1496 69 21 första
557 1495 39 22 har
611 1495 106 27 styrelsen
732 1502 28 15 en
775 1497 83 27 ganska
872 1495 47 24 stor
932 1503 60 22 myn-

173 1523 74 28 dighet
270 1523 34 22 vid
323 1523 139 22 besättandet
482 1524 22 21 af
516 1523 97 23 bankens
628 1525 140 27 tjenstemän;
794 1525 50 22 hela
859 1525 41 22 den
915 1525 79 28 högsta
