1081 1709
428 138 43 18 Den
483 140 10 16 9
506 138 44 24 Maj.
830 135 41 21 923

77 198 82 28 förslag
173 198 130 26 derom,'att
317 198 110 28 uttrycket
442 199 128 28 ,landsväg*
583 200 86 27 utbytes
680 201 46 21 mot
737 200 67 27 ,väg*
817 200 40 22 och
867 202 34 20 att

76 224 58 25 sista
146 231 64 17 mom.
226 227 48 27 af:$
285 228 61 21 skall
361 228 58 26 utgå.

147 256 35 20 Då
203 255 36 21 vid
254 256 87 21 anstälä
359 256 98 26 votering
472 257 70 21 denna
555 256 135 28 proposition
705 257 131 21 besvarades
851 257 50 21 med

79 286 27 19 24
118 284 24 27 ja
158 284 40 22 och
214 286 14 18 4
242 285 41 26 nej,
299 284 127 27 uppstäldes
442 285 41 21 den
499 285 108 21 definitiva
622 285 278 28 omröstningspropositio-

77 318 43 16 nen
135 312 101 21 sålunda:

147 341 53 27 Den,
224 347 46 15 som:
289 340 126 28 godkänner
430 341 119 23 utskottets
572 341 81 27 förslag
669 341 33 22 till
717 342 84 27 lydelse
814 341 23 22 af
850 343 14 25 &
880 344 20 24 8,

77 371 72 20 röstar
161 369 35 28 ja;

146 398 75 22 vinner
235 398 42 28 nej,
293 398 93 23 erhäller
400 398 34 28 8:n
449 399 68 21 sådan
532 398 83 28 lydelse
631 399 42 21 den
688 399 39 21 har
741 399 8 21 i
764 399 79 28 nådiga
850 405 50 21 pro-

77 427 130 27 positionen.

148 456 46 22 Och
210 462 46 16 som
270 456 71 22 denna
355 456 134 27 proposition
502 456 130 22 besvarades
647 456 50 22 med
708 458 25 20 16
742 457 24 27 ja
774 456 41 23 och
824 458 25 20 15
858 456 41 29 nej,

78 491 39 15 var
131 484 33 28 $:n
180 485 100 25 godkänd
295 485 7 21 i
318 484 96 27 enlighet
428 485 49 21 med
492 486 119 21 utskottets
625 485 88 27 förslag.

146 513 47 22 Mot
208 514 13 26 $
237 515 11 19 9
265 514 113 21 anmärkte

146 541 50 23 herr
218 548 41 15 von
277 542 140 26 Knorring:
441 542 29 21 Sä
485 542 34 22 väl
534 543 31 21 uti
580 542 43 22 den
637 542 80 27 nädiga
731 542 168 27 propositionen,

77 577 48 15 som
147 570 7 22 i
170 570 120 22 utskottets
313 570 137 22 betänkande
469 570 143 22 förekommer
627 577 26 15 en
668 571 87 26 mening
769 570 24 22 af
805 570 95 28 följande

76 599 94 26 lydelse:
194 599 92 25 ,önskar
304 599 98 21 deremot
419 599 149 27 vägabyggare
582 599 34 21 för
631 600 66 26 sagde
713 599 99 22 ändamål
826 599 75 21 hemta

76 628 204 26 väglagningsämne
302 627 47 22 från
372 634 81 14 annans
475 628 74 26 inegor
571 628 52 21 eller
645 628 72 26 hagar,
734 628 52 22 höre
801 628 100 21 deröfver

77 655 59 22 förut
155 656 150 28 jordegaren.*
344 656 41 21 För
407 656 43 21 min
466 656 34 22 del
515 656 70 22 skulle
597 657 38 27 jag
650 662 53 16 anse
717 658 34 20 att
765 656 50 22 hela
829 657 71 21 denna

77 685 87 27 mening
177 685 85 21 saklöst
276 685 73 21 kunde
364 685 61 27 utgä;
442 686 40 20 den
498 685 57 22 afser
570 686 37 20 det
621 685 37 21 fall
668 687 33 19 att
708 685 151 27 vägabyggare
867 684 33 23 för

76 714 36 21 sin
127 713 159 27 begvämlighet
300 713 70 22 skulle
385 714 68 21 önska
468 716 33 19 att
515 714 28 26 pä
558 716 98 20 närmare
671 714 44 21 häll
725 716 27 19 än
763 714 38 21 der
811 714 87 26 väglag-

78 743 140 26 ningsämnen
242 744 36 20 äro
300 742 80 22 honom
402 742 103 22 anvisade
520 742 106 23 förvärfva
641 743 34 27 sig
691 744 46 20 rätt
751 744 34 20 att
800 745 50 24 taga
865 743 35 21 sä-

78 772 63 21 dana.
171 771 34 22 Då
219 771 42 21 han
275 771 8 21 i
298 772 77 20 sådant
391 770 102 23 afseende
507 772 71 21 måste
592 771 71 22 vända
676 771 33 27 sig
719 771 31 21 tili
763 772 40 21 den
814 777 85 21 person,

77 806 48 16 som
137 800 78 28 jorden
230 800 79 26 tillhör,
325 801 25 19 är
365 800 37 21 det
417 800 110 26 sjelffallet
541 802 32 20 att
583 799 41 23 han
635 800 70 22 måste
716 800 184 22 öfverenskomma

76 829 52 21 med
139 829 136 27 jordegaren,
291 828 90 21 hvarför
389 828 38 28 jag
441 834 64 16 anser
515 831 32 19 att
557 828 67 28 nägot
631 828 103 22 särskildt
743 828 157 28 lagstadgande

78 858 40 21 här
133 858 48 21 icke
198 858 62 21 torde
275 856 109 23 behöfvas.
719 868 3 1 ;

147 886 51 21 Som
221 886 61 22 detta
299 886 106 21 herr:von
420 886 118 26 Knorrings
552 886 81 26 förslag
647 886 48 21 icke
709 892 56 15 vann
780 885 66 28 något
860 891 40 16 un-

78 914 95 26 derstöd,
190 914 45 22 blef
248 915 119 21 detsamma
381 914 48 22 icke
443 914 89 22 föremäl
546 915 33 21 för
589 914 138 28 omröstning,
738 916 53 20 utan
801 914 98 28 godkän-

78 944 40 21 des
134 944 33 26 8:n
183 943 136 22 oförändrad.

147 972 12 26 8
177 974 25 20 10
217 974 77 24 antogs
310 972 62 22 äfven
387 972 137 22 oförändrad,

147 1001 11 21 I
173 1001 115 26 anledning
303 1000 23 22 af
339 1001 14 26 &
369 1002 23 20 11
411 1001 96 21 uttalade
522 1002 35 26 sig

148 1029 50 23 herr
213 1036 40 15 von
268 1029 107 22 Alfthan
393 1030 100 22 sålunda:
516 1030 41 27 Jag
571 1030 36 21 vill
623 1029 114 23 hemställa
752 1029 32 22 till
800 1029 37 22 det
847 1029 53 27 hög-

78 1058 73 28 lofiiga
173 1059 92 26 ståndet,
288 1059 106 21 huruvida
413 1059 48 21 icke
476 1059 169 27 verststolparne
661 1058 24 22 sä
699 1059 64 27 länge
778 1058 42 22 fått
833 1058 68 22 vistas

79 1088 42 21 och
142 1088 76 21 trifvas
240 1088 6 20 i
263 1088 61 21 detta
345 1088 57 26 land,
418 1088 41 21 och
475 1088 107 22 derunder
596 1088 73 21 såsom
683 1088 53 20 hvar
749 1094 50 14 man
814 1088 87 22 känner,

79 1118 46 20 rätt
146 1116 87 28 mycket
247 1116 86 22 förökat
348 1116 39 27 sig,
403 1118 33 20 att
451 1116 27 22 de
493 1116 73 22 kunda
581 1122 64 16 anses
661 1116 64 22 hafva
738 1116 117 21 förvärfvat
870 1115 33 26 sig

79 1145 193 27 medborgarerätt.
311 1144 92 26 Enhvar,
427 1150 46 16 som
495 1147 46 20 rest
558 1145 92 27 mycket,
665 1147 37 19 vet
716 1144 87 22 hvilken
817 1144 86 22 trefnad

80 1174 39 21 det
138 1174 166 25 åstadkommer,
324 1175 33 19 att
371 1174 32 20 tid
419 1172 54 23 efter
488 1180 69 15 annan
573 1174 72 21 återse
661 1173 64 21 dessa
739 1173 94 21 bekanta
847 1172 56 22 före-

80 1202 81 22 teelser
176 1202 28 27 pä
218 1202 51 21 våra
284 1202 135 26 landsvägar,
435 1202 41 22 och
491 1204 46 20 tror
549 1202 37 27 jag
601 1204 34 19 att
644 1202 32 21 till
687 1201 41 22 och
738 1202 49 21 med
797 1201 105 27 allmogen

78 1232 48 20 rätt
140 1230 86 28 mycket
240 1230 75 27 tycker
330 1236 34 15 om
379 1231 55 21 dem.
464 1231 72 26 Något
551 1230 48 22 skäl
615 1232 34 20 att
663 1231 76 26 utbyta
749 1230 48 21 dem
805 1232 45 19 mot
857 1229 47 22 mil-

80 1259 85 27 stolpar
187 1259 53 21 eller
259 1259 182 27 gvartmilstolpar
459 1265 63 21 synes
537 1260 44 26 mig
594 1259 48 22 icke
656 1258 141 27 förekomma;
820 1258 85 22 likvisst

82 1294 64 15 anser
158 1288 37 27 jag
210 1289 33 20 att
256 1287 8 22 i
279 1287 120 22 utskottets
413 1287 81 28 förslag
509 1295 26 15 en
547 1289 45 20 rätt
602 1288 106 26 väsentlig
720 1287 124 27 förändring
858 1286 45 22 mä-

82 1319 34 19 ste
131 1318 71 24 göras.
233 1316 113 22 Utskottet
361 1316 68 22 skulle
444 1317 7 21 i
467 1317 60 21 detta
541 1316 78 22 liksom
633 1316 8 21 i
655 1316 52 22 flere
721 1316 130 27 föregäende
867 1314 37 22 fall

82 1345 59 26 gjort
155 1345 72 21 bättre
242 1344 32 21 uti
289 1346 35 19 att
337 1344 71 22 lemna
422 1345 79 25 nådiga
515 1345 174 27 propositionens
705 1344 134 26 ordalydelse
847 1344 57 20 otör-

83 1372 89 22 ändrad.
203 1372 45 21 Der
262 1372 62 21 heter
340 1372 38 21 det
391 1372 117 26 nämligen:
529 1372 54 24 ,alla
598 1372 130 26 landsvägar
742 1372 88 21 hvarest
844 1373 61 24 gäst-

77 1400 106 28 -gifverier
204 1400 75 27 finnas,
302 1400 54 22 böra
377 1402 114 26 uppmätas
509 1401 7 21 i
531 1400 90 23 verstta]
637 1402 57 20 samt
707 1400 75 27 hvarje
797 1402 60 19 verst
871 1401 35 19 ut-

83 1429 87 23 märkas
185 1429 50 22 med
250 1436 26 14 en
292 1429 91 27 stolpe".
421 1429 112 22 Utskottet
543 1429 43 21 har
600 1429 29 27 pä
644 1430 40 20 den
700 1428 75 28 grund,
792 1430 34 20 att
839 1428 68 27 enligt

82 1459 41 22 det
136 1461 94 25 antagna
244 1458 283 27 hällskjutsningsförslaget
543 1458 103 22 inrättats
662 1458 66 22 också
742 1456 69 23 andra
824 1457 82 27 -skjuts-

84 1488 107 21 anstalter
206 1489 27 19 än
248 1486 157 29 gästgifverier,
420 1486 111 28 föreslagit
545 1488 36 20 att
597 1487 63 21 ordet
674 1486 126 27 gästgifveri
814 1486 8 22 i
834 1486 74 21 denna

84 1515 18 28 &
114 1513 68 25 borde
196 1518 94 19 ersättas
305 1516 50 21 med
370 1516 62 22 ordet
447 1516 157 28 skjutsanstait.
639 1515 33 22 En
686 1515 53 28 följd
753 1514 63 23 häraf
829 1518 30 22 är,
875 1516 33 20 att

84 1552 28 15 en
132 1550 74 17 massa
227 1546 72 26 vägar,
322 1544 73 22 hvilka
416 1544 34 22 för
465 1544 136 25 närvarande
616 1544 48 22 icke
679 1544 63 22 hafva
757 1543 149 28 verststolpar,
