1061 1711
221 123 41 20 824
537 120 41 18 Den
590 120 11 17 4
612 119 45 23 Maj.

193 186 42 21 den
248 187 82 22 .ansett
343 191 53 16 :som
419 186 33 21 sin
473 185 55 28 pligt
550 187 33 20 att
603 185 97 28 förkasta
713 184 120 22 utskottets
849 183 58 28 åsigt
921 184 39 22 och
976 185 34 20 att

192 214 55 21 ifrån
259 213 69 22 luften
341 208 54 36 eller
408 208 109 36 hvarifrån
532 220 45 15 som
592 213 58 22 helst
662 213 73 22 hemta
747 213 83 26 förslag
840 213 32 21 till
880 213 49 21 vida
936 212 74 22 bättre

193 242 136 28 platser:och
345 248 63 16 mera:
415 242 91 28 lysande
521 242 131 28 bvggnäder.
669 242 42 26 Jag
725 241 103 22 behöfver
842 241 47 22 icke
905 247 103 22 upprepa,

194 271 55 21 huru
264 271 61 26 långt
337 275 50 17 man
402 271 48 26 gått
463 271 32 21 uti
511 271 56 21 vilda
580 271 103 21 fantasier
698 270 12 21 i
720 270 60 22 detta
790 269 123 23 hänseende
924 270 46 22 och
987 276 22 15 be-

193 299 74 22 höfver
288 299 48 22 icke
358 299 117 28 uppräkna,
498 299 71 22 hvilka
590 299 43 21 alla
647 298 88 28 publika
749 298 40 22 hus
806 298 40 22 och
861 300 87 26 gvarter
963 304 46 16 som

193 334 48 16 man
256 334 64 16 anser
334 328 41 21 lätt
390 328 40 21 :och
445 328 73 22 enkelt
532 330 33 20 att
579 328 33 22 för
627 328 37 21 det
679 327 106 22 blifvande
800 327 157 22 Ständerhuset
973 328 36 21 de-

192 357 86 22 molera.
294 356 42 28 Jag
351 356 68 22 slutar
435 357 50 21 med
501 359 32 19 att
546 359 54 25 sägä
614 358 33 20 att
661 356 41 22 den
716 358 47 20 som
777 356 55 22 varit
846 356 50 22 med
910 362 36 16 om
961 358 47 20 när-

192 392 59 16 mare
270 385 144 28 bepröfvande
434 386 22 21 af
472 386 26 22 sä
511 386 78 26 många
603 385 81 27 platser
699 391 45 15 som
757 380 43 38 jag,
817 380 69 38 måste
900 384 59 23 finna
973 385 38 22 det

192 414 81 28 fäfängt
295 416 33 20 att
350 415 53 21 söka
424 416 53 25 göra
497 415 115 26 nägonting
626 414 33 22 för
673 415 70 21 denna
757 414 47 26 sak,
820 414 27 22 dä
862 413 86 28 enhvär,
964 420 46 16 som

192 443 69 27 aldrig
279 443 49 22 "med
347 443 66 22 allvar
431 444 62 21 tänkt
507 443 95 22 hvarken
616 443 29 27 pä
660 443 40 23 den
715 449 40 16 ena
771 442 53 23 eller
837 443 73 22 andra
918 443 93 27 platsen,

192 478 63 16 anser
274 473 34 27 sig
329 472 125 28 fullmyndig
476 475 32 19 att
529 472 96 22 förkasta
647 472 37 21 det
698 472 81 26 arbete,
796 475 51 19 som
858 472 109 22 utskottet
978 476 32 18 nu

192 501 153 22 åstadkommit
358 500 34 23 för
406 501 122 22 ändamålet
542 502 40 21 och
598 503 32 20 att
644 501 58 22 hålla
716 501 67 21 andra
797 501 104 27 hugskott
915 500 34 23 för
961 502 49 21 vida

193 531 72 21 bättre
273 529 144 23 :motiverade.

261 559 33 21 En
315 559 136 26 invändning,
474 565 46 15 som
542 559 69 21 blifvit
632 558 60 27 gjord
715 558 23 21 af
750 558 51 21 herr
814 558 93 26 Palmen,
923 558 35 21 vill
970 559 39 26 jag

193 587 104 22 särskildt
311 587 92 22 bemöta.
433 587 43 21 Det
491 590 24 19 är
530 593 26 16 en
571 587 23 21 af
605 587 28 22 de
648 587 90 26 vanliga,
753 593 47 16 som
812 587 38 27 jag
865 589 44 20 sett
917 586 94 22 framka-

193 616 62 21 stade
276 616 8 21 i
304 615 27 22 de
351 615 67 28 öfriga
436 616 91 21 stånden
542 615 65 22 och:i
618 621 96 22 pressen,
731 615 40 22 och
787 616 37 21 det
839 617 25 20 är
878 618 33 19 att
925 615 84 22 utskot-

192 647 43 19 tets
257 644 136 22 betänkande
408 644 80 22 saknar
503 645 28 21 all
544 644 80 22 faktisk
640 644 118 27 utredning,
775 644 88 21 emedan
879 644 48 22 icke
941 644 69 27 priset

191 673 68 22 finnes
281 672 113 29 uppgifvet
416 673 13 21 å
451 673 42 22 alla
515 674 26 21 de
562 675 85 23 tomter,
667 679 45 15 som
727 673 101 27 möjligen
841 673 71 22 kunde
927 673 8 21 i
949 673 61 27 fråga

192 702 92 21 komma.
315 702 43 21 Det
372 701 109 27 barnsliga
496 702 6 21 i
518 703 69 20 denna
602 701 84 22 fordran
702 701 102 22 behöfver
816 702 38 27 jag
868 701 68 28 knapt
945 701 64 22 fram-

194 731 63 21 hålla.
281 725 11 38 —
294 730 26 21 Vi
343 730 61 21 skola
423 730 44 21 tala
489 737 34 15 om
537 732 111 26 gvarteret
661 730 120 26 Tumlaren,
798 736 46 16 som
858 729 50 22 herr
921 730 88 21 Palmen

193 759 103 22 särskildt
318 759 132 22 omnämnde.
488 759 47 21 Han
558 759 39 21 har
610 759 105 22 förebrätt
729 759 108 22 utskottet
852 761 32 19 att
898 759 69 27 priset
980 759 30 27 pä

193 788 27 21 de
241 789 84 24 tomter,
349 793 46 16 som
416 788 38 21 der
472 788 67 21 borde
553 787 87 26 inlösas,
658 787 48 22 icke
721 789 24 20 är
759 788 117 27 uppgifvet.
899 788 10 21 1
923 787 86 22 utskot-

192 819 43 19 tets
259 816 137 22 betänkande
416 815 69 22 finnes
505 817 55 21 dock
575 818 32 20 ett
621 816 128 27 ungefärligt
763 817 45 26 pris
823 816 116 27 uppgifvet,
955 816 53 21 hvil-

192 845 37 21 ket
248 845 38 27 jag
305 847 46 19 tror
373 847 24 18 är
416 845 26 21 sä
460 845 81 27 precist
560 851 46 15 som
624 851 49 15 man
688 845 42 21 kan
745 845 89 27 erhålla,
850 847 22 25 ty
887 851 27 15 en
929 844 79 22 förbin-

193 874 59 21 delse
267 873 24 22 af
303 872 160 22 vederbörande
479 873 129 27 gärdsegare
624 875 32 19 att
670 872 34 22 för
721 873 43 22 alla
778 873 62 26 tider,
857 879 33 15 om
906 873 104 22 Ständer-

192 902 65 22 huset
278 901 101 28 uppföres
398 908 30 15 nu
444 902 51 21 eller
511 902 53 22 efter
579 902 31 21 tio
625 902 31 23 år,
671 901 59 22 hålla
744 902 33 22 ett
791 902 55 21 visst
860 902 44 28 pris
919 902 29 27 pä
963 902 47 22 sina

192 931 78 27 gårdar
284 930 40 22 hör
329 926 41 36 till
389 930 23 21 de
428 930 107 27 barnsliga
550 931 185 27 pretentionernas
751 931 92 21 område.
864 930 58 22 Hvar
932 930 39 22 och
982 936 28 16 en

189 966 49 15 som
259 959 48 22 haft
321 961 33 19 att
369 960 51 26 göra
439 959 49 21 med
503 960 81 21 sådana
599 959 77 22 affärer
690 959 62 22 torde
767 961 51 20 veta
832 961 33 20 att
880 966 33 15 om
929 966 26 15 en
969 959 40 22 kö-

191 995 53 21 pare
265 988 68 27 begär
354 991 33 19 ett
407 988 51 27 pris,
482 988 25 21 sä
525 988 41 22 kan
582 988 92 27 säljaren
688 988 34 21 väl
737 990 54 25 säga
806 988 44 26 det,
864 994 49 16 men
928 988 43 22 han
985 990 25 19 är

192 1018 48 21 icke
255 1017 86 22 bunden
355 1017 35 21 vid
406 1017 118 21 detsamma
538 1018 41 21 och
593 1018 29 26 pä
636 1023 82 15 samma
732 1019 44 19 sätt
792 1018 24 20 är
827 1017 37 21 det
873 1016 49 22 med
931 1017 79 26 många

193 1046 66 22 andra
273 1045 220 28 kostnadsuppgifter,
510 1052 44 15 som
570 1052 49 15 man
634 1045 40 22 här
691 1046 56 27 gjort
761 1046 125 26 pretention
898 1045 29 27 pä
941 1047 34 20 att
988 1044 23 22 fä

192 1075 85 27 mycket
291 1080 57 21 noga
362 1074 120 22 faststälda.
976 1086 6 17 N

261 1103 84 22 Trenne
360 1102 64 22 stånd
439 1103 63 22 hafva
516 1109 28 15 nu
554 1103 120 22 remitterat
684 1102 209 28 Ständerhusfrägan
903 1103 36 21 till
945 1101 64 24 Stän-

193 1131 193 27 derhusutskottet,
402 1131 40 21 och
459 1132 77 26 begärt
549 1131 120 28 utredning,
685 1132 37 20 det
732 1137 44 15 ena
782 1131 88 22 ständet
880 1137 33 16 om
923 1133 39 24 ett,
971 1132 39 21 det

194 1160 66 22 andra
275 1166 35 16 om
325 1162 71 19 annat.
430 1160 41 26 Jag
487 1161 40 20 har
542 1162 56 20 ännu
613 1160 48 21 icke
675 1160 46 21 haft
735 1160 59 27 nöjet
809 1161 33 20 att
856 1166 23 15 se
894 1160 67 26 några
975 1166 34 16 re-

191 1190 78 22 misser
290 1189 8 21 i
313 1188 44 22 :det
379 1188 140 27 hänseendet,
534 1188 41 22 och
587 1189 37 27 jag
638 1190 37 20 vet
688 1189 54 26 icke,
758 1194 34 16 om
808 1194 48 16 man
870 1188 44 22 kan
928 1188 39 22 lita
979 1188 31 28 pä

193 1217 207 27 tidningsreferaten,
424 1223 48 15 men
491 1217 71 22 sävidt
579 1218 36 26 jag
634 1217 23 21 af
671 1218 63 20 dessa
748 1217 80 21 referat
842 1217 42 21 kan
899 1217 70 26 döma,
985 1216 25 22 sä

193 1250 46 18 äro;
248 1241 65 34 dessa;
325 1246 102 20 ständens
442 1246 73 20 beslut
528 1246 7 19 i
549 1245 75 26 frågan
638 1246 26 20 sä
678 1246 47 20 lösa
740 1245 40 21 och
795 1245 132 25 obestämda,
939 1248 32 18 att
981 1246 28 20 de

192 1273 59 29 tjena
265 1274 109 22 utskottet
388 1273 32 21 till
435 1273 40 21 alls
491 1274 62 26 ingen
567 1273 92 26 ledning.
689 1274 43 20 Det
746 1279 51 16 vore
813 1273 70 21 derför
899 1273 44 21 lika
957 1273 52 27 godt

192 1306 33 18 att
239 1302 46 21 låta
299 1301 49 22 hela
361 1301 76 27 frågan
450 1301 34 21 för
499 1302 69 20 denna
582 1301 56 28 gång
655 1300 90 23 förfalla.

259 1330 57 22 Herr
330 1330 90 27 Späre,
435 1330 100 22 Walfrid:
561 1330 87 22 Liksom
663 1330 50 22 herr
726 1329 154 29 Pippingsköld
896 1330 13 21 &
923 1336 41 15 ena
977 1329 30 22 si-

185 1361 48 21 -dan
255 1359 62 27 gifvit
338 1365 26 16 en
379 1359 78 22 vacker
476 1358 116 28 förklaring
606 1358 60 22 öfver
681 1359 40 21 den
737 1359 112 22 skrifvelse
863 1358 46 22 från
925 1358 83 22 riddar-

190 1388 177 22 husdirektionen
388 1394 47 16 som
457 1387 50 22 herr
527 1386 86 24 Palmén
634 1388 87 27 nyligen
739 1388 108 27 :uppläste;
866 1388 24 22 sä
904 1388 41 22 har
958 1388 52 22 herr

192 1418 121 21 Sehauman
335 1417 14 21 &
370 1417 66 21 andra
458 1416 61 22 sidan
540 1416 58 22 velat
618 1416 50 22 med
683 1417 92 21 satirens
789 1417 66 27 gissel
869 1416 96 22 nedrifva
980 1416 28 22 de

191 1447 88 26 äsigter,
294 1451 46 16 som
356 1445 56 27 gjort
426 1445 34 28 sig
475 1445 97 27 gällande
587 1445 69 22 under
670 1445 57 22 olika
743 1445 55 22 tider
812 1446 6 21 i
830 1446 69 21 denna
908 1445 98 22 ständer-

191 1475 108 26 husftäga.
319 1474 70 22 :Bäda
404 1474 64 21 dessa
483 1473 37 23 fall:
533 1474 134 28 ädagalägga
681 1475 77 27 tydligt
767 1476 33 19 att
813 1474 74 27 allting
895 1474 115 22 förändrar

191 1503 98 28 sig:med
307 1503 59 22 tiden
378 1503 8 21 i
404 1502 52 28 följd
469 1503 23 21 af
505 1502 212 28 tidsförhällandena,
731 1502 74 23 hvilka
820 1503 60 22 äfven
895 1502 114 23 framkalla
