1095 1725
211 106 30 21 x0
560 104 14 20 11
583 104 58 28 Appil..

189 175 135 22 bestämdhet.
338 175 41 23 kan
393 177 60 25 säga.
469 166 11 41 .
483 175 45 27 Att
538 175 30 27 gå
584 175 130 28 derutöfver,
732 176 32 21 att
781 172 62 29 påstå
858 173 39 21 det
909 178 48 20 man
972 170 38 22 hos

192 215 34 15 oss.
236 215 80 21 genom
333 211 32 19 att
379 211 92 26 upptaga
487 209 111 22 enahanda
612 209 92 27 uttryck,
721 215 45 15 som
783 207 30 22 -de
824 205 187 28 hvilka
904 201 11 40 i
928 205 83 28 Sverige

191 243 74 25 behöft
286 243 163 28 förtydligande,
471 244 58 21 velat
551 246 77 19 stanna
651 244 35 21 vid
708 250 26 15 en
758 242 111 22 derstädes
887 238 124 29 antigverad

190 278 131 27 ståndpunkt
335 284 62 22 synes
414 278 42 27 mig
474 278 136 26 osannolikt..
636 278 139 27 Antagligare
793 278 31 24 är,.
846 278 32 19 att
893 281 47 15 man
956 273 55 29 äsyf-

190 312 50 22 tade
255 312 37 22 det
306 313 96 26 resultat,
418 312 85 27 hvartill
519 312 149 28 utvecklingen
684 312 38 21 der
737 311 82 26 hunnit,
830 310 41 22 den
877 308 134 25 :dervarande

192 347 98 27 rättsliga
301 347 137 27 ställningen,
451 349 30 19 än:
493 347 37 21 den
546 347 130 27 ståndpunkt
692 353 49 15 som
753 352 38 15 var
801 345 151 21 öfvervunnen.
970 343 54 21 Det.

191 383 24 19 är
229 381 48 22 icke
292 381 98 27 obekant,
405 381 84 22 hvilken.
506 388 70 14 massa.
591 381 165 26 anmärkningar
774 380 75 27 gjorts:
861 381 45 19 mot
920 378 36 21 det
969 377 43 21 till-

191 415 69 27 stånd,
276 422 45 15 som
337 416 54 27 egde
405 422 47 16 rum
467 416 6 21 i
489 416 87 27 Sverige
592 416 46 21 före
653 416 117 27 ändringen
786 414 23 22 af
825 414 26 22 14
867 413 11 28 $
889 413 6 22 i
899 412 113 29 riksdags-

192 450 127 27 ordningen;
335 457 48 15 man
399 451 112 23 anmärkte
524 453 31 19 att
570 453 15 19 t.
602 457 32 16 ex.
650 451 6 21 i
672 450 75 22 staden
764 449 109 26 Göteborg
887 448 14 21 3
911 452 101 22 personer

192 485 104 22 innehade
313 485 24 26 !/3
351 485 24 26 af
388 485 42 22 alla
445 487 70 21 röster
534 485 33 22 för;
587 479 247 33 riksdagsmannavalen..
868 481 51 23 Med
934 481 79 22 sådana

192 519 146 27 orimligheter
355 521 26 20 är
399 520 37 21 det
453 526 28 15 nu
499 519 50 28 föga
567 520 104 27 antagligt
689 521 33 20 att
739 525 56 20 man,
814 517 28 22 dä
860 523 48 16 man
927 515 86 22 stiftade

192 554 237 28 landtdagsordningen,
443 554 45 28 just
500 555 71 27 precis
587 554 69 22 skulle
672 554 58 22 velat
744 553 71 21 införa
830 551 54 25 hvad
896 557 44 15 som
950 549 63 28 gälde

192 588 46 22 före
257 589 73 27 lagens
349 588 123 28 förändring
491 589 24 21 är
537 589 61 22 1858.
631 588 50 22 Men
704 587 87 22 hvarför
810 586 62 22 skola
890 585 28 27 vi,
936 584 27 23 dä
978 584 36 21 det

192 624 68 26 gäller
275 625 33 19 att
321 623 59 22 tolka
395 623 124 27 ordalagen:
536 624 118 26 ,Rösterna
668 622 107 22 beräknas
791 621 54 22 efter
855 620 113 22 skattören
984 618 30 22 el-

192 658 32 21 ler
238 658 27 21 de
280 658 66 21 andra
361 658 98 27 grunder,
475 658 66 27 enligt
556 658 72 21 hvilka
643 658 135 24 bestämmes,
794 655 55 22 hvad
864 654 80 22 enhvar
954 652 24 22 af
986 652 27 22 de

192 692 98 27 väljande
306 692 38 22 bör
359 692 87 27 erlägga
460 692 32 22 till
508 692 87 22 stadens
607 692 66 24 kassa
688 692 34 21 för
737 691 108 21 allmänna
855 688 81 26 hehof*,
952 688 62 22 hvar-

192 726 40 26 för,
248 727 56 21 mine
319 726 90 27 herrar,
420 727 69 21 skola:
499 727 19 21 vi
537 726 28 27 gå
584 726 60 22 öfver
658 726 33 22 till
705 726 40 21 den
761 724 92 22 svenska
868 721 146 28 riksdagsord-

193 761 83 26 ningen,
293 761 40 21 den
349 761 150 27 ursprungliga
517 761 53 22 eller
589 761 41 21 den
649 767 29 15 nu
696 759 108 28 gällande,
823 758 34 22 för
871 759 32 20 att
917 756 56 22 finna
988 762 25 15 en

168 799 3 2 *
192 795 154 22 kommentarie
361 796 33 20 till
410 796 62 21 dessa
487 795 52 21 ord?
566 795 33 21 De
618 794 92 22 behöfva
724 794 47 22 icke
786 798 53 16 vara
853 791 99 22 hemtade
967 790 47 22 der-

192 829 62 22 ifrån.
284 829 126 27 De'kunna
432 836 51 15 vara
504 830 99 21 hemtade
625 829 47 21 från
697 835 26 15 en
743 833 123 22 gemensam
884 826 64 26 källa,
967 824 46 22 från

193 870 81 16 samma
296 864 63 27 källa,
383 864 83 24 hvarur
480 870 47 16 man
548 864 56 22 1810
621 864 99 21 hemtade
741 862 42 22 den
802 861 91 23 svenska
908 860 106 26 riksdags-

193 898 129 28 ordningens
337 898 129 28 stadgande,
478 899 36 21 det
528 899 37 24 vill
581 900 53 25 säga
648 898 46 21 frän
706 898 27 21 de
744 896 63 23 äfven
818 896 23 21 af
850 902 26 15 en
887 893 127 28 föregäende

192 933 52 21 ärad
260 933 67 24 talare
346 933 120 27 åberopade
485 933 187 27 författningarna:
691 932 43 27 kgl.
755 930 152 27 förordningen
920 928 24 23 af
959 928 53 23 1731

192 967 40 22 och
241 967 152 28 -förklaringen
403 967 24 22 af
440 968 59 22 1739.
522 968 44 21 Der
581 967 49 28 lyda
644 967 65 22 orden
726 966 46 28 (jag
787 967 36 19 vet
833 965 48 23 icke
892 970 34 15 om
938 963 26 21 de
975 963 39 20 här

193 1002 113 27 upplästs),
317 1004 32 19 att
364 1004 97 23 rösterna
469 1003 60 26 gälla
536 1002 55 23 efter
601 1002 63 21 hvars
674 1001 40 22 och
724 1006 39 16 ens
774 999 62 22 andel
847 999 8 21 i.
869 997 144 28 utskylderna,

194 1036 91 21 öretalet
303 1037 53 21 eller
375 1036 54 21 hvad
449 1043 67 15 annan
533 1037 75 26 grund,
624 1042 45 15 som
685 1035 36 22 vid
734 1033 112 29 jemkning
862 1031 152 28 borgerskapet

193 1070 92 26 emellan
300 1071 41 21 kan
356 1077 51 16 vara
422 1073 97 24 antagen.
541 1071 42 26 Jag
598 1070 72 27 frägar
685 1070 58 25 eder,
760 1069 56 21 mine
830 1067 81 25 herrar;
921 1072 35 15 om
966 1071 47 16 man

193 1104 140 28 ovilkorligen
345 1105 67 22 mäste
422 1111 58 20 anse,
491 1107 31 22 att
533 1105 25 21 de
569 1105 93 21 citerade
678 1104 66 21 orden
760 1103 6 21 i
783 1103 27 21 12
825 1101 12 28 &
853 1099 161 28 landtdagsord-

194 1139 76 27 ningen
288 1139 119 27 egentligen
424 1139 71 22 kunna
509 1139 45 24 afse
570 1139 68 27 något
648 1140 66 21 annat
724 1139 28 20 än
767 1136 56 22 hvad
837 1135 40 22 här
892 1134 44 22 står
950 1134 8 21 i
972 1133 43 22 för-

194 1173 128 27 fattningen:
333 1174 22 21 af
373 1174 63 22 1739.
469 1174 46 22 ,Kan
531 1180 48 15 man
595 1173 59 22 tolka
670 1174 26 21 12
711 1172 35 28 $i
763 1169 252 27 landtdagsordningeni

194 1208 71 22 denna
269 1198 9 41 -
282 1208 68 27 punkt
368 1208 146 23 restriktivare
532 1210 27 19 än
578 1214 48 15 man.
645 1208 41 21 kan
704 1206 61 22 tolka
787 1206 74 20 denna
877 1202 138 27 författning?

193 1242 42 27 Jag
250 1237 41 26 kan
306 1242 47 22 icke
368 1242 56 26 finna
440 1243 42 21 det.
507 1242 73 22 Dessa
595 1242 89 26 ordalag
698 1241 7 21 i
722 1241 27 21 12
765 1240 10 27 &
785 1237 230 30 landtdagsordningen

194 1276 96 22 utesluta
303 1276 47 22 icke
366 1282 58 16 mera
435 1283 25 15 en
471 1276 118 27 begränsad
600 1276 107 21 röstskala
717 1277 28 19 än
756 1274 26 21 de
793 1274 60 21 äldre
864 1271 151 27 stadgandena.

194 1310 42 28 Jag
250 1311 42 21 kan
307 1311 47 21 icke
369 1317 51 19 anse
436 1313 33 22 att
483 1312 58 21 detta
556 1312 24 20 är
596 1310 66 26 fallet,
678 1310 39 21 och
732 1309 35 21 för
782 1308 44 24 min
841 1307 46 25 del.
894 1306 69 22 skulle
978 1301 39 35 jag

194 1345 47 24 icke
256 1345 55 27 väga
329 1345 76 27 pästä,
416 1347 32 22 att
466 1346 90 24 nämnda
571 1344 151 27 författningar
740 1343 48 22 frän
805 1340 126 26 1700-talet,
944 1340 72 21 hvilka

194 1380 64 26 gälde
266 1379 33 25 till
308 1379 62 27 1869,
379 1380 102 21 inneburo
488 1380 77 21 förbud
573 1379 33 21 för
617 1378 155 27 borgerskapet
781 1378 32 20 att
823 1381 76 21 genom
911 1374 106 24 öfverens-

195 1414 117 24 kommelse
327 1416 78 25 antaga
417 1420 25 19 en
455 1414 116 26 begränsad
588 1413 112 21 röstskala.
726 1412 43 26 Jag
780 1413 36 19 vet
827 1410 86 27 mycket
927 1408 39 26 väl,
978 1408 38 22 och

196 1448 40 21 den
255 1448 157 27 invändningen
431 1448 102 25 behöfves
549 1448 55 26 icke,
623 1447 59 22 att.i
699 1445 127 23 städerna
814 1438 14 41 i
845 1444 76 27 sjelfva
942 1442 76 23 verket

196 1482 68 27 någon
280 1482 65 22 sådan
362 1482 142 27 begränsning
518 1482 90 22 faktiskt
622 1481 46 22 icke
683 1480 144 25 förekommit,
838 1485 48 18 men
894 1478 38 27 jag
946 1477 72 27 frågar

196 1522 34 15 om
248 1516 48 22 icke
311 1516 92 27 juridisk
423 1517 109 26 möjlighet
550 1516 127 22 förefunnits.
696 1517 32 20 att
747 1515 88 26 vidtaga
852 1519 27 16 en
898 1512 64 22 sådan
982 1511 36 22 be-
