1089 1961
225 109 52 33 1226
496 115 92 22 Bergarest.
600 115 44 20 1885.
668 114 19 18 16
693 114 45 23 Maj.

275 184 31 19 att
321 183 84 20 ständet
419 185 50 19 utan
485 183 121 21 diskussion
622 183 94 26 godkänt
731 180 215 23 ekonomiutskottets
957 180 73 20 betän-

205 211 70 20 kande
291 217 34 15 n:o
342 211 11 21 7
369 211 6 20 i
392 212 112 25 anledning
520 211 23 21 af
557 213 31 19 ett
603 212 56 20 inom
675 209 157 22 bondeständet
846 209 64 20 väckt
919 208 110 27 petitions-

206 239 81 26 förslag
302 245 33 15 om
351 240 132 26 anläggande
500 239 22 21 af
536 246 25 14 en
578 239 64 21 kanal
658 239 78 21 mellan
755 237 102 27 Päijänne
877 237 38 21 och
934 236 94 25 Keitele;

275 269 32 19 att
322 268 84 21 ständet
422 268 102 21 likaledes
540 270 50 19 utan
608 267 120 22 diskussion
748 266 95 26 godkänt
862 266 44 25 lag-
926 265 38 21 och
980 264 50 21 eko-

207 295 173 22 nomiutskottets
395 296 133 21 betänkande
544 303 34 14 n:o
594 297 12 20 7
623 295 109 26 angäende
752 294 150 26 medgifvande
920 293 23 21 af
960 293 70 21 utvid-

206 324 41 25 gad
264 324 125 26 svedjerätt;

275 354 32 18 att
321 352 85 21 ständet
420 353 94 26 godkänt
530 352 152 27 lagutskottets
698 351 135 21 betänkande
848 356 34 15 n:o
899 350 27 20 10
941 350 5 20 i
958 350 72 20 anled-

206 380 51 26 ning
272 380 23 20 af
309 380 105 26 särskilda
429 382 55 20 inom
502 381 150 27 ridderskapet
668 380 38 21 och
722 380 63 20 adeln
805 381 55 19 samt
876 378 99 26 borgare-
990 378 39 21 och

205 408 160 22 bondeständen
381 410 75 20 väckta
471 409 183 27 petitionsförslag
673 408 110 26 angäende
803 408 90 24 ändring
912 406 23 21 af
956 407 73 25 lagens

207 437 134 26 stadganden
356 438 90 20 rörande
462 438 38 26 gift
516 438 89 26 qvinnas
620 436 320 27 förmögenhetsförhällanden
931 432 13 38 ;

274 467 32 19 att
321 465 84 21 ständet
422 466 35 20 vid
472 466 177 26 föredragningen
666 466 23 20 af
702 465 108 21 allmänna
827 463 202 22 besvärsutskottets

206 492 134 22 betänkande
356 500 33 15 n:o
404 495 34 26 22,
454 494 109 27 angäende
579 494 211 27 petitionsförslagen
802 499 33 15 om
849 492 143 27 upprensning
1008 491 23 21 af

205 521 33 21 Tiä
253 521 30 21 elf
297 524 55 19 samt
367 523 157 26 undersökning
545 523 23 20 af
585 523 144 21 Valkeakoski
750 521 38 21 och
805 521 55 26 Apia
875 521 75 25 forsar,
966 520 64 21 fattat

207 549 36 21 det
258 550 71 21 beslut
347 553 38 24 att,
404 551 46 21 med
470 551 138 21 förkastande
627 551 23 21 af
668 551 116 20 utskottets
804 549 12 21 &
834 555 48 20 pag.
902 549 12 21 6
933 549 6 20 i
956 549 73 20 betän-

207 578 80 21 kandet
309 578 125 22 framstälda
452 579 80 26 förslag
551 585 33 15 om
601 579 129 26 vidtagande
748 578 24 21 af
789 578 101 26 ätgärder
908 577 32 21 till
959 577 70 20 stock-

206 605 129 28 flötningens
358 607 37 21 och
420 608 151 21 samfärdselns
594 607 165 21 underlättande
782 607 13 20 &
817 606 32 21 Tiå
872 605 35 27 elf,
926 605 43 21 låta
988 605 40 21 den

206 634 73 21 härom
295 635 78 21 väckta
387 637 116 25 petitionen
518 635 93 25 förfalla,
630 636 118 26 hvarjemte
768 635 85 20 ståndet
872 636 70 19 ansett
965 635 37 25 att,
1021 634 7 20 i

205 662 94 26 enlighet
314 664 49 20 med
381 664 55 20 hvad
449 664 78 26 jemväl
543 664 106 21 utskottet
668 664 5 20 i
696 663 145 21 resolutionen
854 662 12 21 å
881 668 47 21 pag.
946 663 11 20 7
973 662 55 20 före-

205 690 71 26 slagit,
293 692 190 25 petitionsärendet
498 692 90 21 rörande
607 692 160 26 undersökning
786 691 22 21 af
826 690 143 22 Valkeakoski
989 690 39 21 och

204 718 55 27 Apia
275 719 69 21 forsar
358 720 47 21 icke
420 720 68 22 heller
503 721 66 20 borde
585 720 46 21 från
651 721 128 21 ständernas
800 720 47 20 sida
866 719 110 21 föranleda
992 719 36 20 nå-

205 753 40 20 gon
261 747 85 27 åtgärd;

274 778 31 18 att
320 776 85 22 ståndet
420 779 50 19 utan
486 778 120 20 diskussion
623 778 95 26 godkänt
730 777 152 26 lagutskottets
894 776 133 21 betänkande

205 810 34 14 n:o
257 805 25 20 11
298 805 48 20 med
362 806 112 26 anledning
490 806 22 20 af
526 808 31 19 ett
572 806 56 20 inom
644 806 180 26 borgareständet
838 804 63 21 väckt
916 804 110 27 petitions-

205 831 80 27 förslag
301 833 108 26 angäende
424 834 40 26 gift
478 835 88 25 gvinnas
582 835 136 25 näringsrätt.

273 918 41 21 Till
331 919 84 21 ständet
430 920 52 20 hade
502 920 111 20 inkommit
632 920 39 21 och
690 920 116 20 bordlades
821 919 32 20 till
870 919 39 20 den
927 918 26 21 19
968 918 58 21 inne-

204 947 93 20 varande
313 947 51 26 maj:

275 976 39 19 1:0.
343 976 219 21 Ekonomiutskottets
578 976 134 21 betänkande
729 981 33 15 n:o
779 976 13 20 8
808 976 5 19 i
830 975 114 25 anledning
954 974 23 21 af
991 974 36 21 två

204 1003 57 20 inom
277 1003 100 26 borgare-
393 1004 37 20 och
447 1004 158 21 bondeständen
624 1005 76 20 väckta
719 1003 183 27 petitionsförslag
922 1009 34 14 om
975 1009 52 20 upp-

203 1031 100 26 rensning
319 1031 22 20 af
355 1031 134 22 Taivalkoski
506 1032 44 21 fors
565 1033 6 20 i
587 1033 61 20 Kemi
665 1033 39 25 elf;

273 1060 41 20 2:0.
344 1060 247 27 Bevillningsutskottets
607 1061 135 20 betänkande
762 1066 34 15 n:o
814 1060 21 26 4,
854 1060 7 20 i
877 1059 113 27 anledning
1006 1059 22 21 af

205 1087 60 21 Hans
280 1088 122 26 Kejserliga
420 1089 111 26 Majestäts
550 1089 78 27 nädiga
647 1089 133 27 proposition
799 1088 110 26 angäende
928 1088 99 26 stämpel-

205 1115 126 27 bevillning
326 1111 10 35 ;

272 1145 40 20 3:0.
343 1145 247 27 Bevillningsutskottets
609 1147 136 21 betänkande
764 1152 34 14 n:o
818 1146 20 25 5,
854 1146 7 20 i
877 1145 113 25 anledning
1007 1144 23 21 af

202 1172 60 21 Hans
277 1173 122 26 Kejserliga
412 1174 112 26 Majestäts
540 1175 78 26 nädiga
632 1175 140 26 proposition,
788 1174 111 26 angäende
909 1173 119 26 utgörande

204 1200 23 20 af
242 1201 210 27 inkomstbevillning
467 1202 32 22 för
515 1203 49 21 åren
583 1203 61 26 1886,
661 1203 54 21 1887
732 1202 41 22 och
789 1202 65 26 1888;
870 1204 56 18 samt

271 1230 42 20 4:0.
337 1230 173 22 Statsutskottets
527 1231 133 21 betänkande
677 1238 33 14 n:o
728 1231 27 21 15
770 1231 7 20 i
793 1230 115 26 anledning
919 1230 23 20 af
950 1230 78 26 nådiga

201 1258 160 26 propositionen
377 1265 33 14 om
426 1260 74 25 anslag
515 1260 32 20 till
564 1260 228 26 jernvägsbyggnader
811 1260 56 19 samt
886 1258 56 21 vissa
958 1258 70 21 förän-

205 1286 88 26 dringar
307 1286 7 21 i
329 1286 186 27 bestämningarne
531 1294 32 14 om
580 1287 283 21 kommunikationsfonden.

271 1371 103 21 Härefter
389 1374 91 25 upptogs
495 1373 75 20 främst
585 1373 32 20 till
634 1373 130 25 behandling
775 1371 171 22 statsutskottets
956 1371 73 20 betän-

201 1398 71 22 kande
295 1405 34 15 n:o
353 1401 27 20 14
401 1401 9 20 i
428 1401 113 26 anledning
560 1401 24 20 af
600 1401 59 20 Hans
678 1400 124 27 Kejserliga
821 1399 111 27 Majestäts
952 1399 77 26 nädiga

201 1428 139 25 proposition,
357 1429 109 25 angäende
482 1429 75 26 anslag
572 1429 34 20 till
621 1429 170 20 underhällande
810 1427 24 21 af
848 1428 40 20 den
904 1427 46 21 utaf
965 1427 65 20 fram-

205 1455 58 22 lidne
279 1456 116 21 statsrådet
405 1457 89 21 Fredrik
510 1457 104 27 Cygnus
628 1457 33 20 till
677 1457 104 20 Finlands
791 1456 46 21 folk
849 1455 181 22 testamenterade

200 1483 65 22 villan
276 1491 35 14 n:o
323 1485 25 20 17
360 1485 30 20 uti
401 1485 164 26 Brunnsparken
576 1485 57 21 invid
644 1485 136 26 Helsingfors
791 1484 55 26 stad,
854 1484 68 27 jemte
936 1484 37 20 der
987 1483 43 20 för-

200 1513 79 20 varade
291 1513 139 26 konstalster;
444 1514 37 21 och
493 1514 84 27 yttrade
587 1514 33 26 sig
630 1514 7 20 i
646 1513 116 26 anledning
773 1512 64 22 häraf
845 1513 95 26 följande
950 1511 79 22 talare:
