1089 1709
356 100 93 23 Börgarest.
461 98 45 20 1885.
529 100 18 18 18
557 99 41 23 Maj.
823 98 44 19 1247

69 176 69 22 skulle
151 176 38 26 jag
203 176 79 21 föreslå
297 177 31 20 att
343 175 40 21 den
400 176 5 20 i
421 175 80 27 nådiga
515 174 159 28 propositionen
691 174 121 26 föreslagna
828 173 62 27 afgif-

68 206 37 20 ten
120 204 23 22 af
155 204 28 22 25
197 205 62 26 penni
275 204 68 22 skulle
358 203 127 26 bibehållas,
501 204 102 20 särskildt
618 202 65 22 också
698 202 73 22 derför
781 204 31 19 att
823 201 67 22 öfver-

68 233 141 27 hufvudtaget
227 232 89 27 afgiften
333 232 34 22 för
385 231 178 28 flyttningsattest
580 234 55 19 mest
653 231 71 21 skulle
747 230 80 22 drabba
849 230 41 22 den

66 262 125 25 'arbetande,
217 260 75 28 fattiga
317 260 159 28 befolkningen,
502 260 81 22 hvilket
602 260 38 28 jag
662 266 63 15 anser
747 260 69 20 skulle
839 264 51 16 vara

71 290 82 27 ganska
168 290 89 27 obilligt.

138 319 55 20 Herr
209 318 144 22 Fabritius:
376 318 42 27 Jag
440 318 83 27 nödgas
541 318 90 27 upplysa
649 317 86 22 ståndet
753 323 33 15 om
805 318 31 20 ett
854 317 36 21 be-

69 347 91 26 klagligt
174 347 141 26 förbiseende,
330 353 45 15 som
391 347 86 26 begätts
492 347 36 20 vid
544 346 126 21 affattandet
680 345 23 22 af
712 346 69 21 denna
790 345 102 28 paragraf

69 376 7 21 i
91 375 148 22 betänkandet.
269 375 99 22 Derifrän
384 375 39 21 har
438 375 107 27 nemligen
564 375 106 21 bortfallit
685 375 52 20 sista
753 375 115 21 momentet
882 373 8 21 i

68 404 42 21 den
129 404 77 27 nädiga
223 404 164 28 propositionen,
407 403 82 22 hvilket
508 404 54 21 dock
581 403 67 26 enligt
669 403 115 22 utskottets
806 402 84 27 mening

69 432 69 22 skulle
157 433 91 27 gvarstä,
267 433 36 21 det
319 432 36 21 vill
375 434 52 25 säga
445 433 41 20 den
503 432 116 26 föreskrift,
635 433 32 20 att
681 432 67 25 lösen,
763 438 45 15 som
824 431 66 27 enligt

69 463 63 20 taxan
151 461 112 28 uppbäres,
282 461 139 28 ovilkorligen
441 461 56 22 skall
516 461 33 21 till
568 461 101 26 beloppet
687 461 13 20 ä
717 460 41 21 den
777 460 111 22 utfärdade

69 490 146 27 expeditionen
236 489 120 22 antecknas.
385 489 43 27 Jag
446 489 39 22 har
503 490 6 20 i
529 489 100 22 afseende
649 489 12 21 ä
679 489 88 21 rättelse
782 489 57 21 velat
854 495 35 14 an-

69 519 57 20 mäla
141 518 80 21 härom.

137 546 46 22 Mot
197 547 48 20 herr
262 546 111 22 Wasenius
389 547 38 21 ber
439 547 39 27 jag
493 547 22 21 fä
530 546 103 22 anmärka
647 548 32 19 att
695 546 39 21 den
750 546 23 21 af
786 545 104 22 utskottet

69 575 121 27 föreslagna
211 575 147 27 förhöjningen
379 575 7 21 i
409 575 60 22 lösen
492 575 115 27 ingalunda
631 575 67 21 borde
724 581 50 15 vara
799 574 90 27 oskälig,

69 604 124 27 isynnerhet
207 609 44 15 som
267 604 104 21 utskottet
385 604 128 27 undantagit
528 610 26 15 en
569 604 34 21 hel
620 603 75 27 mängd
710 603 123 27 prestbetyg
842 602 47 22 frän

69 632 128 27 erläggande
215 632 22 21 af
254 632 59 21 lösen
332 632 38 21 och
389 632 85 22 säledes
493 633 6 20 i
519 632 76 27 sjelfva
614 633 85 25 verket,
712 632 54 21 efter
781 632 31 21 sin
828 631 60 27 äsigt,

69 661 46 21 icke
130 661 7 21 i
153 661 58 21 detta
226 660 99 22 afseende
340 661 80 26 förhöjt
432 661 172 27 presterskapets
615 661 116 21 inkomster
741 660 83 21 utöfver
834 660 55 21 hvad

69 689 41 22 den
124 689 78 27 nådiga
216 689 156 27 propositionen
389 689 125 22 innehåller.

136 718 57 21 Herr
207 724 19 15 v.
242 717 98 22 Pfaler:
355 718 42 27 Jag
412 718 38 21 ber
465 718 23 21 få
503 718 131 21 understöda
647 718 51 21 herr
713 717 118 22 Wasenius'
846 717 43 21 för-

69 746 46 27 slag
135 753 34 14 om
188 746 135 27 nedsättning
337 747 24 20 af
374 746 90 27 afgiften
479 747 34 21 för
527 746 202 28 flyttningsattester
743 748 56 19 samt
812 745 77 28 frejde-

69 775 39 21 och
123 775 148 27 lefnadsbetyg
286 775 31 20 till
333 775 28 22 25
375 775 70 27 penni.

136 803 57 22 Herr
208 803 124 21 Grönvik:
347 803 42 27 Jag
403 804 84 27 nödgas
501 806 53 25 göra
569 810 26 15 en
611 803 138 27 anmärkning
765 805 44 19 mot
822 803 36 21 det
868 802 22 21 af

68 831 105 22 utskottet
190 832 83 21 införda
291 832 53 21 sista
363 835 116 18 momentet
497 833 8 20 i
524 833 150 26 betänkandet,
693 838 44 15 som
757 832 69 28 lyder:
844 831 45 28 yför

69 861 133 26 tjensteresa,
217 867 44 15 som
277 864 58 23 prest
349 861 27 27 pä
391 862 70 26 grund
477 862 23 21 af
513 861 146 27 vederbörligt
674 861 142 21 förordnande
828 860 61 21 verk-

69 889 74 21 ställer
162 891 57 19 utom
239 896 52 20 egen
310 889 132 28 församling,
458 890 82 27 ätnjute
555 891 42 20 han
613 890 135 27 godtgörelse
763 890 67 25 enligt
844 889 45 26 gäl-

68 917 63 22 lande
147 918 194 27 resereglemente.*
366 919 33 21 De
414 918 63 22 flesta
493 925 66 20 resor,
575 925 26 15 en
616 921 59 24 prest
690 919 27 26 pä
731 919 68 26 grund
814 917 24 22 af
846 917 42 22 för-

68 946 109 21 ordnande
195 947 125 21 verkställer
338 949 59 19 utom
417 953 53 21 egen
489 947 133 28 församling,
637 949 38 19 äro
690 947 86 26 sädana,
791 952 45 16 som
852 952 36 15 an-

69 975 74 21 ställas
158 975 33 21 för
206 975 121 21 bevakande
343 975 23 21 af
379 976 173 27 presterskapets
568 976 106 21 intressen
689 976 7 21 i
711 978 31 19 ett
757 975 52 22 eller
824 976 65 19 annat

69 1003 106 21 afseende.
206 1003 39 22 Om
265 1004 36 21 det
319 1004 64 21 ocksä
402 1005 41 20 kan
462 1011 53 15 vara
533 1005 49 20 fullt
600 1005 53 26 skäl,
672 1006 32 19 att
722 1010 25 15 en
762 1005 65 26 prest,
842 1003 46 21 ifall

67 1031 42 21 han
121 1031 67 22 mäste
200 1038 53 20 resa,
265 1032 32 21 fär
309 1033 77 21 arvode
402 1033 80 26 derför,
499 1033 24 21 sä
534 1033 65 22 borde
615 1033 65 21 likväl
696 1035 31 19 ett
741 1033 76 21 sädant
832 1031 57 22 stad-

68 1060 69 26 gande
155 1060 69 27 aldrig
242 1061 63 21 hafva
323 1061 31 21 sin
373 1061 56 27 plats
448 1061 47 27 här,
515 1062 38 21 der
570 1062 36 21 det
621 1061 68 27 gäller
704 1060 148 23 fastställande
867 1060 23 21 af

67 1090 98 25 prestens
177 1089 42 21 -lön
237 1089 46 21 från
303 1090 39 21 den
361 1089 134 28 församling,
511 1091 38 20 der
563 1090 41 21 han
620 1091 75 26 tjenar,
710 1091 23 26 ty
748 1090 36 21 det
797 1089 42 21 kan
854 1089 34 21 väl

69 1117 69 26 aldrig
157 1117 84 22 komma
259 1118 7 21 i
285 1118 60 26 fräga
362 1120 33 19 att
417 1119 40 20 den
481 1119 132 26 församling,
635 1125 46 15 som
700 1119 79 21 aflönar
796 1120 92 25 presten,

68 1145 70 21 tillika
153 1146 54 21 skall
223 1146 22 21 ät
259 1146 76 22 honom
351 1147 97 21 utbetala
464 1147 119 27 ersättning
598 1147 33 22 för
646 1153 55 20 resa,
716 1153 45 16 som
775 1147 42 20 han
832 1146 22 21 af
863 1152 26 15 en

69 1173 52 22 eller
139 1180 68 15 annan
226 1175 113 27 anledning
359 1175 113 27 verkstält,
495 1176 40 21 och
553 1176 86 21 hvilken
660 1182 48 15 resa
725 1175 46 22 icke
793 1175 34 21 för
849 1175 40 21 den

68 1202 131 27 församling,
218 1209 44 16 som
282 1203 79 22 aflönar
382 1204 85 26 honom,
491 1204 82 22 medför
592 1205 67 26 någon
679 1206 60 25 nytta
756 1204 53 21 eller
826 1203 64 21 berör

68 1230 152 28 församlingen
235 1232 6 21 i
257 1232 68 27 nägon
341 1232 73 21 mätto.
440 1232 44 27 Jag
498 1234 47 20 tror
560 1233 71 21 derför
646 1235 32 19 att
692 1233 59 21 detta
766 1232 123 27 stadgande,

68 1259 25 21 sä
111 1259 83 27 mycket
213 1260 45 21 skäl
277 1261 99 26 möjligen
392 1263 26 19 än
434 1261 73 22 kunde
522 1261 68 22 finnas
605 1261 34 21 för
653 1264 32 19 att
699 1261 128 22 åtminstone
842 1260 6 21 i
863 1265 26 16 en

68 1287 35 22 del
118 1287 37 22 fall
171 1288 22 21 ät
208 1291 85 25 presten
309 1289 70 22 betala
393 1291 121 26 ersättning
529 1290 34 21 för
577 1296 54 20 resa,
647 1290 161 27 nödvändigtvis
822 1289 67 21 måste

67 1316 52 26 utgå
133 1316 151 27 härifrän,:om
299 1317 37 22 det
351 1318 18 26 ej
386 1318 55 21 skall
458 1318 113 22 föranleda
585 1319 87 26 mycken
689 1319 64 21 oreda
763 1318 39 21 och
813 1317 77 27 många

68 1343 117 28 obefogade
201 1345 97 28 anspråk.

135 1373 58 21 Herr
210 1374 148 21 Rönnbäck:
376 1375 42 26 Jag
437 1375 52 21 ville
509 1375 121 27 egentligen
648 1378 45 18 mot
708 1375 26 22 de
748 1375 81 26 herrar,
844 1380 45 15 som

67 1401 91 27 påyrkat
180 1404 31 19 att
233 1403 88 27 afgiften
343 1402 34 21 för
399 1403 66 28 betyg
488 1404 129 21 bestämmes
639 1404 66 27 enligt
725 1403 164 28 propositionen,

68 1429 121 27 framhålla,
208 1433 32 19 att
261 1432 110 26 utskottet,
389 1432 34 21 för
441 1434 34 20 att
493 1432 72 22 kunna
583 1432 80 28 hoppas
682 1434 31 20 att
731 1432 159 27 presterskapet

69 1458 69 22 skulle
153 1458 50 27 ingå
217 1460 28 26 pä
259 1462 32 19 att
305 1462 52 25 göra
372 1460 26 21 de
413 1461 118 27 undantag,
547 1467 46 15 som
607 1462 7 20 i
629 1461 166 27 anmärkningen
807 1460 11 21 1
834 1458 55 22 före-

67 1486 92 27 kömma,
181 1487 37 21 det
242 1488 37 21 vill
303 1490 51 25 säga
371 1490 33 20 att
423 1489 81 27 bevilja
522 1489 66 21 frihet
606 1489 46 21 från
671 1489 62 27 afgift
750 1489 34 21 för
801 1488 45 21 alla
864 1488 26 21 de

64 1515 74 27 betyg,
157 1521 45 15 som
221 1516 38 21 der
274 1518 94 25 riämnas,
383 1519 44 19 sett
441 1518 35 26 sig
495 1518 120 21 nödsakadt
629 1519 32 20 att
674 1518 58 26 gifva
746 1518 37 21 det
797 1522 26 16 en
838 1516 52 22 liten
