1089 1723
350 111 92 23 Borgarest.
455 111 44 19 1885.
522 112 19 18 16
553 111 40 23 Maj.
816 111 44 19 1287

162 192 62 21 «Till
239 192 148 26 Vällofliga
403 191 241 28 Borgareståndet!

536 232 47 20 från
599 231 149 27 lagutskottet.

129 260 68 22 Sedan
213 260 59 22 Hans
286 260 122 28 Kejserliga
422 260 105 28 Majestät
545 260 94 26 förelagt
653 260 84 21 landets
753 266 27 15 nu
795 260 88 20 försam-

59 290 49 21 lade
127 289 86 21 ständer
231 289 67 27 nådig.
312 289 131 27 proposition
464 295 35 15 om
518 289 120 26 antagande
658 288 23 22 af
695 288 77 22 allmän
789 287 95 27 strafflag

60 318 33 22 för
119 318 204 21 Storfurstendömet
343 318 98 26 Finland,
466 318 125 26 förordning
617 323 34 15 om
678 317 162 27 verkställighet
862 316 24 21 af

61 346 61 22 straff
139 348 54 20 samt
211 346 122 27 förordning
353 352 34 16 om
403 346 114 22 införande
532 346 23 21 af
569 345 124 27 strafflagen
709 346 38 21 och
762 346 54 21 hvad
831 346 7 20 i
853 344 31 22 af-

61 375 77 21 seende
161 375 51 21 derå
230 374 54 22 skall
302 375 114 27 iakttagas,
436 374 40 22 har
496 374 147 27 lagutskottet,
659 374 33 21 till
713 374 62 22 hvars
790 373 93 23 behand-

60 404 45 26 ling
119 404 98 26 samtliga
235 404 90 21 stånden
343 403 120 21 remitterat
482 403 165 27 propositionen,
663 405 65 24 egnat
746 403 22 21 åt
788 403 96 21 densam-

60 438 45 16 mas
121 432 129 27 granskning
265 432 28 21 all
309 433 40 20 den
365 432 38 26 tid,
415 438 47 15 som
478 432 117 21 utskottets
611 431 69 27 öfriga
695 432 137 26 oundvikliga
846 432 38 26 gö-

60 460 67 22 romål
141 461 79 25 tillåtit,
231 467 47 14 men
293 466 34 16 ser
342 461 32 26 sig
391 461 36 21 det
442 460 91 22 oaktadt
547 460 33 21 till
596 460 53 27 följd
665 460 23 21 af
701 462 82 20 ämnets
799 460 84 22 omfatt-

60 490 50 26 ning
129 490 38 20 och
187 489 88 21 emedan
293 489 159 27 propositionen
472 489 91 21 kommit
582 489 115 21 ständerna
711 488 103 22 tillhanda
828 488 55 22 först

60 518 68 21 under
146 517 139 27 landtdagens
300 524 75 15 senare
390 517 61 27 hälft,
469 518 27 21 då
512 518 104 26 mängden
632 517 23 21 af
669 517 69 27 öfriga
753 518 33 20 till
801 516 83 27 slutligt

61 546 115 27 afgörande
195 546 93 21 beredda
306 546 94 21 ärenden
419 546 64 22 äfven
503 546 96 27 påkallat
617 548 46 19 täta
677 546 171 21 sammanträden
863 544 23 22 af

61 574 94 27 stånden,
171 574 131 22 urståndsatt
320 576 32 20 att
370 575 67 21 under
456 582 30 14 nu
504 575 110 27 pågående
634 574 144 22 ständermöte
793 573 91 22 slutföra

61 604 58 21 detta
135 603 184 27 magtpåliggande
334 604 103 26 uppdrag.

128 632 69 21 Jemte
216 632 37 21 det
270 632 141 26 lagutskottet
429 632 34 21 får
479 632 74 21 härom
569 632 115 21 ständerna
698 632 132 25 underrätta,
846 630 39 22 har

61 660 104 22 utskottet
179 662 53 20 trott
247 660 32 27 sig
293 660 70 21 tillika
378 660 53 22 böra
445 661 112 21 vördsamt
572 660 85 26 föreslå,
669 662 32 19 att
711 660 113 22 ständerna
834 659 50 21 ville

60 689 7 21 i
86 689 131 26 underdånig
236 689 111 21 skrifvelse
365 689 32 21 till
413 689 62 21 Hans
494 689 122 27 Kejserliga
633 688 103 28 Majestät
756 689 18 27 ej
794 688 92 22 allenast

61 718 83 21 anmäla
159 718 36 20 det
210 718 113 21 ständerna
338 717 23 21 af
375 717 63 21 ofvan
455 717 91 22 anförda
561 717 88 21 orsaker
665 718 46 20 icke
722 718 74 20 hunnit
805 717 36 21 vid
852 716 32 22 in-

61 746 119 21 nevarande
194 746 107 27 landtdag
319 746 91 21 slutföra
428 746 159 27 lagförslagens
609 746 137 27 granskning,
765 748 50 19 utan
838 744 46 26 ock,

62 776 50 20 enär
123 774 58 21 Hans
192 774 111 28 Majestäts
316 774 78 27 nådiga
405 774 147 28 helsningstal
560 775 32 21 till
609 775 114 21 ständerna
738 774 35 22 vid
788 773 96 22 landtda-

61 809 51 21 gens
128 804 110 26 öppnande
254 803 116 21 innehåller
385 805 39 24 att,
436 809 34 15 om
487 804 33 20 till
533 803 53 27 följd
597 803 23 21 af
629 804 118 20 ärendenas
758 802 76 27 mängd
845 802 39 21 och

62 831 123 21 invecklade
200 831 146 22 beskaffenhet
361 832 158 26 behandlingen
537 832 22 21 af
573 832 42 21 alla
630 832 32 21 till
679 832 124 20 ständernas
817 830 69 22 öfver-

63 860 95 27 vägande
173 860 110 27 förelagda
298 860 117 27 lagförslag
431 860 48 22 icke
491 860 69 22 skulle
571 860 132 27 medhinnas,
715 860 26 22 de
751 859 135 23 återstående

61 889 106 21 ärendena
186 889 85 21 komma
289 891 31 19 att
338 889 129 27 uppskjutas
486 889 33 21 till
538 889 142 22 nästskeende
695 889 108 26 landtdag,
818 888 68 21 uttala

62 917 125 22 ständernas
203 918 145 26 underdåniga
362 917 114 28 tillförsigt
492 918 79 25 derom,
583 920 32 19 att
628 917 163 28 ifrågavarande
806 917 80 26 förslag

61 945 34 22 till
111 945 94 28 strafflag
221 946 38 21 och
279 947 71 20 dertill
369 946 96 21 hörande
485 946 152 27 författningar
655 947 7 20 i
680 946 66 21 nåder
761 946 65 21 varda
840 945 46 21 lan-

61 974 48 49 dets
128 974 88 22 härnäst
234 975 199 21 sammanträdande
453 975 89 22 ständer
560 975 53 27 ånyo
632 975 33 21 till
684 975 128 26 behandling
830 973 56 22 före-

69 1009 74 21 agda.

129 1031 64 21 Öfver
209 1031 40 22 den
265 1032 33 21 del
314 1032 23 21 af
351 1031 222 28 strafflagsförslaget,
590 1038 45 15 som
651 1032 140 27 lagutskottet
805 1031 35 21 vid
853 1031 31 20 sin

60 1059 67 21 första
146 1059 83 27 läsning
249 1061 128 25 genomgått,
393 1061 106 25 kommer,
516 1061 66 26 enligt
597 1061 23 20 af
637 1061 104 21 utskottet
757 1060 78 21 fattadt
849 1059 36 21 be-

61 1088 48 26 slut,
121 1088 72 21 utkast
207 1089 33 20 till
257 1087 132 23 betänkande
405 1090 32 20 att
453 1088 26 22 sä
495 1088 43 22 fort
553 1089 32 26 sig
600 1090 53 26 göra
665 1089 56 21 låter
730 1088 112 22 befordras
852 1087 32 21 till

60 1116 60 28 tryck
135 1116 39 22 och
189 1117 100 21 ständens
304 1118 139 20 medlemmar
459 1117 195 21 tillhandahällas*.

128 1145 62 21 Hvad
212 1146 142 26 lagutskottet
373 1146 6 21 i
398 1146 50 21 dess
469 1146 157 26 ofvanberörda
645 1146 112 21 skrifvelse
775 1144 111 28 föreslagit

61 1173 45 22 blef
120 1173 23 21 af
157 1174 175 26 borgareständet
346 1176 51 20 utan
413 1174 125 22 diskussion
554 1174 102 27 enhälligt
671 1174 114 27 godkändt.

127 1202 101 22 Härefter
243 1203 104 27 begärdes
363 1203 62 21 ordet
440 1203 24 21 af

127 1230 50 22 herr
195 1231 75 27 Lille,
286 1238 45 14 som
350 1232 96 27 yttrade:
470 1232 11 20 I
501 1232 151 26 sammanhang
671 1232 48 21 med
735 1232 58 21 detta
807 1230 79 22 ärende

60 1260 69 21 skulle
141 1260 38 26 jag
198 1260 52 26 vilja
265 1260 64 21 ställa
344 1266 25 15 en
385 1260 62 27 fräga
463 1260 35 21 till
514 1260 152 27 lagutskottets
682 1260 131 22 härvarande
829 1258 57 22 med-

60 1288 95 21 lemmar.
184 1288 74 27 Enligt
276 1288 55 22 hvad
351 1289 38 21 det
403 1288 108 27 förljudes
527 1289 69 21 skulle
611 1295 48 15 man
675 1289 56 21 inom
747 1288 140 28 lagutskottet

59 1316 88 22 beslutit
161 1318 32 20 att
207 1316 46 22 icke
269 1317 105 21 behandla
389 1317 120 27 petitionen
526 1324 33 14 om
575 1317 132 28 pressfrihet.
736 1318 41 26 Jag
793 1316 93 22 önskade

58 1344 61 27 fräga
138 1344 151 28 lagutskottets
309 1346 140 21 medlemmar
470 1352 35 15 om
526 1346 59 21 detta
603 1348 24 19 är
645 1346 90 21 faktiskt
753 1346 37 21 och
805 1344 82 28 hvarpä

59 1375 31 19 ett
105 1373 76 21 sädant
196 1374 69 21 beslut
279 1374 42 21 kan
337 1374 76 21 basera
431 1374 41 27 sig.
503 1375 42 26 Jag
560 1376 39 25 gör
614 1374 36 22 det
665 1374 88 27 specielt
769 1374 71 21 derför
856 1375 32 19 att

58 1401 141 27 lagutskottet
217 1402 86 22 arbetar
321 1402 28 27 pä
367 1404 79 20 tvenne
468 1403 136 27 afdelningar
622 1403 39 21 och
677 1403 40 21 den
733 1409 39 15 ena
787 1402 23 21 af
825 1402 63 20 dessa

59 1430 74 22 enkom
153 1432 24 18 är
196 1430 78 22 tillsatt
292 1430 33 22 för
341 1432 32 20 att
387 1430 110 22 behandla
513 1432 26 21 de
555 1432 32 20 till
604 1431 141 27 lagutskottet
759 1430 129 26 hänskjutna

58 1458 120 28 petitioner.
202 1458 111 22 Utskottet
323 1459 55 21 hade
393 1460 75 20 derför
482 1460 65 21 bordt
557 1466 51 15 vara
612 1454 10 37 i
637 1460 84 21 tillfälle
736 1462 31 19 att
782 1458 106 22 behandla

59 1487 26 21 de
102 1487 112 27 vigtigaste
229 1487 65 21 bland
309 1488 70 26 dessa,
390 1488 33 21 till
440 1488 76 21 hvilka
531 1490 50 20 utan
597 1488 73 21 tvifvel
686 1488 63 22 äfven
765 1487 74 26 frägan
851 1492 33 15 om

59 1515 126 27 pressfrihet
201 1517 24 19 är
239 1517 32 19 att
286 1516 73 21 räkna.
