1089 1717
350 102 90 23 Bowartet.
452 102 44 20 1885.
516 102 75 24 :19-Maj.
814 103 43 19 1981

67 178 51 16 voro
129 172 65 22 sända
209 172 32 21 till
255 172 60 22 Hans
331 171 100 27 Majestät
445 172 33 21 till
494 171 32 23 S:t
538 172 141 27 Petersburg;
694 171 24 22 så
728 173 45 20 tror
781 171 36 27 jag
826 171 53 27 icke,

67 202 8 21 i
89 201 68 22 likhet
170 201 47 20 med
237 201 110 26 utskottet,
366 201 32 20 att
416 201 124 26 regeringön
560 200 50 21 ville
628 200 57 21 afstå
702 200 47 21 från
766 202 32 19 att
812 199 69 22 utföra

67 230 64 22 dessa
142 229 97 25 :arbeten,
257 234 28 16 om
298 223 66 37 äfven
380 229 114 21 ständerna
510 234 28 15 nu
552 229 86 26 inginge
657 229 32 20 tili
708 228 59 21 Hans
781 227 100 28 Majestät

68 258 47 22 med
126 262 27 17 en
163 257 65 22 sådan
237 257 105 26 anhållan,
353 262 46 16 som
412 257 40 21 den
467 257 8 21 i
490 257 107 21 klämmen
611 257 28 26 på
652 257 54 22 sidd.
724 257 24 21 11
764 257 38 21 och
819 257 25 21 12
858 255 24 22 af

68 287 103 20 utskottet
194 285 125 27 föreslagna.
348 285 41 26 Jag
411 285 70 22 skulle
504 285 79 26 derför,
606 285 38 21 och
667 285 27 21 då
716 285 36 21 det
773 285 63 21 också
857 286 24 20 är

67 314 68 21 kändt
144 315 32 20 att
186 313 162 28 öfverstyrelsen
363 313 34 22 för
410 315 52 25 väg-
476 313 40 22 och
531 313 305 22 vattenkommunikationerna
850 313 32 22 fö-

69 342 89 26 reslagit
171 344 33 19 att
217 342 125 22 kanalleden
357 348 34 15 n:o
406 343 13 20 2
434 342 33 21 till
483 342 55 21 först
552 342 72 21 skulle
634 342 100 27 beläggas
744 342 48 21 med
802 341 78 27 arbete,

69 382 27 5 —
111 376 25 15 en
149 370 108 27 kanalled,
272 373 45 19 som
332 371 65 26 enligt
411 370 45 21 min
470 370 56 27 äsigt
545 370 39 22 sist
602 371 54 21 eller
672 370 81 22 kanske
770 371 40 21 alls
836 370 45 21 icke

69 399 39 22 bör
122 399 84 22 komma
221 399 32 21 till
268 399 113 22 utförande
391 411 27 3 —
428 398 81 22 föreslå
524 405 26 15 en
562 399 174 26 omformulering
747 399 23 21 af
778 399 104 27 ifrägava-

69 427 66 22 rande
149 427 58 22 kläm
221 427 7 22 i
243 427 36 22 det
293 427 61 28 syfte,
369 429 32 19 att
416 432 34 17 om
465 427 87 22 arbeten
563 427 110 27 verkligen
682 427 86 27 vidtaga
777 427 27 28 pä
813 427 69 22 denna

71 455 149 28 kanalisering,
235 461 47 16 man
297 455 126 22 ätminstone
438 455 47 22 icke
500 456 28 21 dä
542 456 74 27 gjorde
630 455 122 28 nägonting,
767 456 27 27 pä
803 456 81 21 hvilket

72 484 188 27 penningemedlen
275 484 67 22 mäste
357 490 62 15 anses
434 484 46 21 helt
494 485 39 21 och
549 485 66 20 hället
629 484 143 27 bortkastade,
783 487 55 19 samt
852 485 31 20 att

70 513 107 22 klämmen
199 512 70 21 derför
291 512 68 22 skulle
377 512 22 21 få
416 512 94 27 följande
530 513 92 27 lydelse:
644 515 42 25 ,att
702 513 114 21 ständerna
833 513 50 21 ville

69 541 40 23 hos
124 541 59 21 Hans
197 541 101 26 Majestät
312 541 85 22 anhålla
415 543 32 19 att
465 541 49 22 med
530 541 26 22 de
570 541 113 22 tillernade
698 541 185 27 kanaliseringsar-

71 569 78 23 betena
159 575 50 16 norr
219 575 33 15 om
267 569 101 28 Päijänne
383 569 65 22 måtte
464 569 22 22 få
500 570 46 23 helt
560 570 40 21 och
614 569 67 22 hållet
696 570 66 27 anstå,
778 569 58 27 eller,
851 569 32 21 för

71 598 41 21 den
128 598 101 21 händelse
243 597 60 22 Hans
317 597 101 28 Majestät
432 598 48 21 icke
498 598 82 21 täcktes
598 598 72 21 härtill
685 598 80 26 bifalla,
780 598 104 21 kanalise-

72 626 159 26 ringsarbetena
249 626 126 21 åtminstone
393 626 137 22 inskränktes
548 627 32 21 till
600 633 26 15 en
647 627 142 26 kanalisering
807 626 77 21 mellan

71 654 85 22 Keitele
171 654 40 22 och
225 654 100 27 Päijänne
340 654 63 27 sjöar,
422 654 56 22 intill
498 655 49 21 dess
565 655 115 21 ständerna
698 655 84 21 beredts
800 654 84 22 tillfälle

74 685 33 20 att
119 684 58 26 yttra
192 683 32 26 sig
239 683 107 27 angående
366 683 58 21 detta
443 683 131 22 omfattande
592 684 40 20 och
647 683 129 21 kostsamma
790 683 94 21 kommu-

71 711 206 27 nikationsföretag".

140 740 11 21 I
165 740 151 26 sammanhang
330 740 87 21 härmed
434 740 70 21 skulle
516 740 45 30 jag
568 740 51 27 vilja
633 740 82 26 påpeka
726 740 35 22 det
770 740 115 27 olämpliga

71 768 31 22 uti.
118 768 39 22 den
173 768 132 26 motivering,
321 774 44 15 som
381 768 105 22 utskottet
500 768 94 27 uppstält
609 768 33 21 för
657 768 37 21 sitt
707 768 80 27 förslåg
802 768 32 22 till
853 774 32 16 re-

73 796 98 27 solution,
187 796 26 22 då
229 797 34 21 det
277 796 28 28 på
319 802 47 21 pag.
383 797 25 21 11
423 799 79 25 yttrar:
525 797 67 27 ,inom
607 797 105 21 utskottet
726 797 38 21 har
778 797 107 21 dessutom

71 825 104 21 särskildt
189 824 127 22 fråmhållits
331 825 40 21 den
386 825 110 27 betydelse
511 826 37 20 det
563 825 33 21 för
613 825 161 27 ifrågavarande
789 825 96 21 landsdel

73 853 68 21 skulle
163 859 46 21 ega,
232 860 33 14 om
287 854 49 20 dess
355 854 131 21 vidsträckta
504 855 151 26 vattensystem
674 854 70 21 blefve
762 860 75 20 genom
860 859 25 16 en

73 881 62 23 kanal
151 882 98 21 förenadt
263 882 48 21 med
327 882 77 26 Saima,
420 884 32 19 ett
466 882 90 27 företag,
572 888 44 15 som
632 882 118 22 emellertid
765 882 46 21 icke
826 882 60 26 ingår

73 910 32 21 uti
126 909 153 22 ofvannämnda
300 910 225 27 kanaliseringsplan".
555 911 111 26 Ingenting
688 916 50 16 vore
760 911 66 26 enligt
843 910 43 22 min

72 938 57 27 åsigt
151 938 136 28 olämpligare
309 940 27 20 än
358 940 31 20 att
410 939 6 21 i
440 939 70 21 denna
527 939 50 27 föga
598 939 142 21 framstående
758 939 63 26 trakt,
840 944 46 16 som

76 967 107 21 dessutom
198 973 28 15 nu
241 967 94 21 kommer
349 969 32 19 att
395 967 22 21 få
430 967 90 27 jernväg
535 968 6 20 i
558 967 134 27 Suonenjoki,
708 968 59 26 börja
777 969 31 19 att
821 969 65 25 ytter-

73 995 68 27 ligare
159 995 71 21 utföra
247 995 245 27 kanaliseringsarbeten
510 996 23 21 åt
551 996 36 21 två
601 996 50 26 håll,
666 996 58 21 såväl
739 996 31 21 till
785 995 101 27 Päijänne

77 1029 46 15 som
145 1024 33 20 till
201 1024 229 26 Saimavattendragen.
459 1024 124 21 Kanalerna
607 1025 41 21 ned
674 1024 32 21 till
732 1024 69 22 Saima
825 1023 61 23 torde

74 1051 81 27 knappt
169 1052 84 21 komma
267 1054 32 19 att
317 1052 62 21 kosta
393 1053 83 20 mindre
495 1054 26 19 än
541 1053 26 20 de
582 1053 22 20 ät
625 1053 167 26 Päijännesidan.
822 1052 65 21 Detta

74 1085 51 16 vore
146 1080 83 27 mycket
249 1080 32 21 för
303 1080 83 27 mycket
407 1081 207 21 kommunikationer
636 1081 39 21 och
697 1081 142 27 uppofiringar
860 1081 27 26 pä

74 1108 70 21 denna
163 1111 40 19 ort.
235 1109 60 21 Hade
313 1109 174 22 Savolaksbanan
506 1109 70 22 blifvit
589 1109 143 28 projekterad,
747 1109 69 21 såsom
828 1109 38 27 jag
879 1109 8 21 i

77 1137 42 21 min
135 1137 129 21 reservation
279 1137 33 21 till
325 1137 218 27 jernvägsutskottets
558 1137 132 22 betänkande
706 1144 32 15 n:o
751 1139 10 20 1
772 1138 54 21 hade
836 1139 51 20 äran

75 1165 86 26 föreslä,
176 1171 74 21 genom
265 1165 86 27 Jokkas,
367 1166 71 21 Jorois
454 1166 40 21 och
508 1166 128 27 Leppävirta
653 1173 42 20 upp
710 1167 32 20 till
757 1166 89 27 Kuopio,
862 1165 27 22 dä

77 1193 54 22 hade
153 1194 36 21 det
208 1194 55 21 varit
280 1194 46 21 skäl
345 1196 31 19 att
393 1194 71 21 utföra
483 1201 26 14 en
528 1194 136 27 anspräkslös
681 1195 143 26 kanalisering
842 1194 47 21 frän

77 1221 82 26 Tisvesi,
174 1228 74 21 genom
268 1222 151 27 Suonenselkä,
439 1223 102 27 Kyyvesi,
559 1223 100 22 Paasvesi
678 1223 39 22 och
732 1223 109 22 Sersavesi
856 1223 33 20 till

78 1249 132 28 Sorsakoski,
226 1257 46 15 men
287 1251 61 21 äfven
363 1251 7 21 i
385 1251 59 22 detta
459 1251 39 21 fall
512 1251 55 22 hade
582 1251 90 22 kanalen
686 1252 49 21 bort
748 1251 88 22 afslutas
852 1251 37 21 der

75 1278 40 22 och
135 1279 18 26 ej
172 1279 27 26 gå
217 1279 55 21 ända
289 1279 40 22 ned
349 1279 33 22 till
402 1277 80 24 Saima.
516 1280 75 27 Någon
609 1280 132 27 synnerligen
759 1282 45 19 stor
819 1279 69 26 trafik,

79 1312 45 15 som
135 1307 68 22 skulle
213 1307 85 27 betinga
313 1307 53 22 både
379 1308 113 27 jernvägs-
508 1308 39 21 och
563 1308 216 27 sjökommunikation,
794 1308 43 21 kan
851 1307 39 22 här

79 1335 48 21 icke
142 1335 111 27 påräknas,
268 1336 38 21 och
321 1336 70 21 såsom
406 1336 68 21 kändt
488 1337 28 26 gå
529 1337 44 20 alla
587 1338 96 20 trävaror
694 1337 47 21 från
756 1337 62 21 dessa
832 1336 57 21 trak-

77 1364 34 31 ter
125 1364 65 21 redan
206 1370 28 15 nu
249 1364 45 22 dels
313 1371 38 15 ner
368 1365 60 26 längs
448 1365 73 21 Saima
539 1365 33 21 till
586 1365 86 27 Viborg,
691 1365 46 22 dels
752 1371 74 20 genom
842 1364 48 22 Päi-

74 1393 65 26 jänne
160 1393 125 26 vattendrag
307 1393 32 21 till
361 1393 77 21 Kotka.
468 1393 166 27 Ifrågavarande
653 1394 63 21 motiv
734 1393 69 22 kunde
819 1393 71 21 'hellre

78 1419 109 32 uppfattas
201 1426 45 16 som
264 1423 31 20 ett
313 1421 46 22 skäl
376 1421 34 21 för
424 1427 26 16 en
470 1422 144 27 kanalisering
632 1422 24 21 af
671 1422 150 25 vattendrageh
832 1422 58 20 mori

76 1443 32 36 om
121 1447 110 28 :Päijännne
246 1451 27 20 än
287 1455 44 16 som
348 1451 30 19 ett
392 1449 48 22 skäl
456 1450 102 22 deremot.
587 1450 50 21 Man
655 1450 70 21 kunde
738 1449 103 26 nemligen
858 1455 32 15 re-

79 1479 90 20 sonnera
184 1482 45 16 som
245 1478 29 26 sä,
289 1480 33 20 att
336 1477 73 22 såvida
426 1478 113 22 trakterna
556 1479 38 21 der
609 1483 61 17 anses
685 1479 34 20 stä
732 1478 26 21 sä
770 1478 52 26 högt
836 1477 54 21 i:ut=

78 1504 103 27 veckling,
200 1506 31 20 att
251 1512 25 15 en
293 1505 144 27 kanalisering
456 1506 112 22 derstädes
588 1506 22 22 åt
631 1507 35 21 två
683 1506 49 22 :häll
750 1506 42 25 kan
813 1504 79 28 ifrögd-

798 1544 24 20 81
