1092 1959
228 96 50 36 1264
494 105 92 23 Borgarest.
597 105 137 23 1885.;-39.-Maj.

273 174 104 26 Företogs
386 168 51 37 till-
449 168 124 37 behandling
589 174 173 24 statsutskottets.
777 172 135 23 betänkande
926 179 40 22 n:o
977 173 26 22 15
1017 172 8 22 i

204 202 115 27 anledning
337 202 24 22 af
378 203 77 27 nådiga
469 203 166 27 propositionen.
644 209 34 15 om
692 203 78 26 anslag
784 201 33 21 till
830 201 195 28 jernvägsbyggna-

204 231 39 21 der
265 233 55 19 samt
342 231 56 22 vissa
419 231 177 27 förändringar
583 226 20 37 i
618 232 187 26 bestämningarne
827 236 34 15 om
880 230 145 22 kommunika-

204 255 141 35 tionsfonden.
704 273 2 4 :

272 288 81 21 Härvid
370 288 103 27 begärdes
488 289 62 22 ordet
564 288 23 22 af

272 316 50 22 herr
337 317 138 27 Tallqvist,
491 323 45 15 som
551 318 93 26 yttrade:
657 316 78 24 Säsoin
752 316 65 22 motiv
828 316 34 21 för
872 316 46 21 sina
928 315 97 28 kalkyler

204 344 14 21 å
232 344 39 22 sid.
281 346 15 20 4
306 345 59 21 öfver
379 346 116 26 utgifterna
510 346 45 21 från
571 344 275 24 kommunikationsfonden
858 345 66 21 under
935 344 24 22 år
970 344 54 22 1885

204 372 61 22 anför
279 374 105 21 utskottet
398 374 63 22 bland
480 376 65 20 annat
562 374 28 27 på
608 374 39 22 sid.
663 374 25 22 5:
702 374 81 27 ,Bland
799 373 95 27 utgifter,
909 379 45 15 som
969 373 55 21 före-

204 401 85 22 komma
310 403 7 20 i
339 402 169 28 statsförslaget,-
520 403 39 21 har
578 403 107 21 utskottet
707 403 47 21 åter
776 402 90 21 beslutit
888 408 24 17 en
931 404 49 24 post
997 402 28 27 på

205 430 78 26 72,000
299 431 60 21 mark
378 432 32 20 till
430 432 137 21 bestridande
583 432 68 21 under
670 431 46 22 året
731 431 24 21 af
767 430 210 24 trafikkostnaderna
991 430 34 22 för

203 458 58 22 Vasa
275 459 89 27 jernväg
381 460 83 22 utöfver
483 460 93 22 derifrän
594 460 108 21 beräknad
721 459 101 27 inkomst,
837 459 87 22 hvartill
943 459 81 21 utskot-

204 489 31 19 tet
250 490 69 20 ansett
334 488 24 21 sä
373 488 82 28 mycket
471 490 68 20 större
555 489 46 21 skäl
616 488 121 26 förefinnas,
754 494 46 15 som
816 488 162 26 ifrägavarande
989 487 34 21 ba-

204 522 38 16 nas
257 516 123 28 trafikering
395 518 66 21 under
477 518 58 21 detta
546 517 35 21 års
592 517 67 21 första
669 517 103 23 månader
781 517 57 21 visat
848 516 32 27 sig
891 515 134 23 ekonomiskt

204 544 48 22 vida
270 551 146 21 gynsammare
431 548 26 19 än
473 546 68 21 under
555 546 149 21 motsvarande
718 546 34 21 tid
766 545 130 27 föregående
912 545 24 21 är
951 544 72 22 1884".

204 573 28 21 Sä
251 574 58 26 längt
327 576 25 19 är
371 574 38 21 allt
427 575 66 26 enligt
507 575 43 21 min
565 574 56 27 äsigt
635 574 51 28 godt
701 574 40 22 och
756 574 42 26 väl,
815 580 49 14 men
878 573 28 21 dä
919 573 106 21 utskottet

203 602 73 22 vidare
291 602 120 22 fortsätter:
427 604 189 26 ;samt-:dessutom
632 610 24 14 en
673 609 83 15 summa
771 602 24 21 af
810 602 92 26 150,000
916 601 60 22 mark
992 608 32 14 re-

202 630 42 22 dan
264 631 102 21 särskildt
381 632 177 21 reserverats:för
573 632 157 21 verkställande
746 631 24 22 af
784 630 240 28 kompletteringsarbe-

203 660 35 20 ten
254 660 13 20 ä
282 660 69 21 banan
366 660 39 21 och
419 660 39 22 för:
467 660 135 23 bestridande
618 660 23 22 af
654 660 102 27 möjligen
772 661 56 20 ännu
840 659 96 27 .oguldna
951 664 73 21 expro-

203 688 235 27 priationskostnader*,
449 690 26 20 sä
487 689 61 21 anför
563 689 105 21 utskottet
683 690 31 20 ett:
729 688 73 26 motiv,
813 693 46 16 som
875 688 12 20 i:
896 694 46 14 mer
957 689 25 19 än
994 689 30 19 ett

203 716 99 22 afseende
318 716 46 22 icke
379 719 25 19 är:
418 718 80 26 rigtigt.
520 718 42 21 Det
573 717 97 27 framgår
685 718 108 26 nemligen
809 722 26 16 ur
851 716 40 22 den
902 716 120 26 berättelse,

202 750 46 16 som
262 745 7 21 i
285 745 74 27 början
374 746 23 20 af
410 746 128 27 landtdagen
553 746 110 23 utdelades
679 746 64 22 bland
759 745 123 26 ständerna,
895 744 40 22 och
950 744 75 21 hvaraf

202 773 84 21 således
305 774 64 21 också
388 774 51 22 hvar
457 774 38 22 och
514 781 28 15 en
555 774 22 22 af
591 775 114 21 utskottets
720 774 141 22 medlemmar
876 772 45 22 haft
935 773 42 26 del,
993 774 31 20 att

202 802 34 21 vid
255 802 80 22 banans
355 802 170 23 öfverlemnande
540 803 32 21 till
586 803 207 27 jernvägsstyrelsen
810 802 24 21 af
847 801 176 28 byggnadskomi-

202 830 36 22 ten
258 830 33 22 till
307 832 184 26 samma-styrelse
506 832 150 21 öfverlemnats
672 838 25 14 en
713 837 89 15 summa.
812 830 24 21 af
849 830 92 26 233,814
955 829 67 26 mark,

202 858 89 22 afsedda
312 859 146 27 förnämligast
476 860 33 21 för
527 860 57 21 vissa
602 860 33 21 till
653 860 114 21 utförande
787 859 99 22 beslutna
901 858 122 27 byggnader

202 887 46 21 dels
269 888 84 21 -utöfver
375 888 210 28 kostnadsförslaget,
605 889 46 21 dels
673 891 109 24 upptagna
804 888 54 25 deri,
873 887 79 21 hvilka.
966 888 57 20 ännu

202 916 91 26 ansägos
307 916 111 26 behöfvas;
434 917 49 21 dels
494 917 33 21 till
542 917 138 26 brädfodring
695 916 23 22 af
732 922 84 16 samma
830 916 123 27 byggnader
965 915 57 23 efter

202 950 38 21 par
255 947 33 19 tre
303 945 34 21 ärs
352 944 90 28 förlopp,
457 946 65 21 sedan
537 946 67 21 husen
619 946 74 20 hunnit
707 946 64 20 torka
787 944 40 22 och
842 946 57 20 sätta
917 944 41 26 sig;
977 944 45 21 dels

202 973 101 27 slutligen
318 973 32 22 till
365 976 84 20 remont
463 974 23 22 af
499 974 66 28 rörlig
581 974 101 27 materiel,
699 980 46 16 som
756 972 142 29 'olyckligtvis
912 972 46 22 icke
974 971 48 22 blif-

202 1002 58 21 vit:ä
275 1002 25 22 de
319 1003 114 21 utländska
443 1003 157 22 -verkstäderna
612 1003 51 22 fullt
676 1003 66 21 solidt.
762 1002 70 22 utförd
847 1002 38 22 och
901 997 50 37 som.
959 997 51 37 dess

202 1032 58 20 btom
279 1031 67 21 under
363 1031 97 22 forcerad
475 1025 135 38 ballastering
625 1025 57 38 tagit
696 1031 76 23 skada.
802 1030 69 22 Bland
887 1030 88 26 utgifter
989 1029 33 21 för

202 1058 80 22 banans
300 1060 165 27 komplettering:
483 1060 60 26 ingär
561 1060 62 21 äfven
642 1061 40 21 den
701 1062 56 24 post,
774 1065 47 16 som
837 1059 39 21 här
890 1058 13 22 ä
918 1058 39 22 sid.
972 1058 14 21 5
1001 1057 23 22 af

201 1088 108 21 utskottet
326 1088 92 26 anföres,
434 1095 47 15 men
500 1091 23 19 är
538 1089 41 21 den
594 1088 74 22 afsedd
682 1088 34 22 för
732 1090 32 20 ett
778 1087 90 21 alldeles
884 1087 88 27 specielt
986 1088 36 20 än-

202 1116 77 26 damäl,
294 1116 105 27 nemligen
413 1117 15 21 i
434 1117 48 21 och
492 1117 37 21 för
544 1117 87 27 möjliga
646 1117 87 27 utgifter
749 1117 17 21 i
772 1116 116 26 anledning
898 1115 23 21 af
933 1115 90 21 klander

201 1144 23 21 af
240 1145 157 27 expropriation
416 1145 23 21 af
455 1145 60 22 mark
533 1146 33 21 till
581 1146 52 26 följd
648 1146 22 20 af
686 1145 137 27 uppstäende
838 1144 137 26 olägenheter
989 1143 34 21 för

200 1173 294 27 lägenhetsinnehafvarene";:
511 1174 119 21 Utskottet
644 1174 42 21 har
696 1173 153 27 föraämligast
863 1172 65 22 hakat
938 1172 33 26 sig
981 1171 42 22 fast

200 1201 35 21 vid
252 1202 67 21 denna
334 1204 54 24 post,
405 1203 87 21 emedan
508 1203 39 21 den
563 1204 24 19 är
602 1209 25 15 en
643 1202 22 21 af
679 1203 26 21 de
720 1204 79 19 större.
828 1201 44 21 Det
886 1200 69 22 skulle
969 1200 54 21 visst

200 1230 35 21 vid
254 1230 68 21 första
340 1230 116 27 päseendet
474 1231 70 21 kunna
562 1237 68 21 synas,
646 1237 45 15 som
711 1237 35 15 om
765 1230 71 21 denna
851 1231 48 25 post
913 1229 7 21 i
936 1228 38 22 och
989 1228 34 22 för

200 1258 37 21 det
259 1258 119 28 åberopade
401 1260 120 20 ändamålet
539 1266 50 14 vore
607 1259 32 21 för
657 1260 49 26 hög,
726 1265 48 15 men
795 1258 25 21 sä
838 1260 25 19 är
878 1258 83 20 likvisst
976 1257 46 21 icke

200 1286 70 27 fallet;
287 1288 40 21 den
342 1289 31 20 är.
381 1289 91 20 tvärtom
483 1288 37 25 för
535 1288 40 26 låg,
591 1288 38 21 och
649 1288 47 26 kan
708 1294 49 15 man
773 1287 7 21 i
796 1287 64 26 ingen
879 1286 101 21 händelse
995 1285 28 27 pä

199 1315 41 22 den
260 1310 65 37 draga
343 1316 61 24 vexel
423 1316 36 25 för
474 1316 99 27 möjligen
591 1317 67 24 under.
680 1316 24 24 år
719 1316 56 25 1885
787 1310 10 37 :
799 1321 78 21 genom
899 1314 124 26 trafikering

200 1343 24 21 af
238 1344 129 24 Vasabanan'
379 1338 125 38 uppstäende
515 1345 119 23 .förluster.
652 1363 1 2 .
662 1342 361 30 Expropriationsförrättningarna

199 1372 35 21 vid
249 1372 127 22 Vasabanan
386 1374 78 23 under
476 1373 55 25 ren
548 1373 226 26 1880—.1881..blefvo
794 1374 74 25 tyvärr
886 1371 84 27 mycket
985 1371 38 21 illa

200 1400 129 22 verkstälda.
361 1400 74 22 Såsom
453 1402 66 21 kändt
533 1402 62 20 beror
605 1402 35 24 all
654 1401 161 27 expropriation
831 1400 23 21 af
868 1399 59 23 mark
943 1400 26 26 pä
985 1406 38 20 gu-

198 1430 152 26 vernörerna.i.
364 1430 27 21 de
407 1430 120 27 respektiva.
542 1430 68 27 länen,
620 1436 48 20 men
681 1428 237 29 guvernörsembetena
932 1428 7 21 i
955 1428 68 21 Tava-

199 1458 73 21 stehus
288 1458 39 22 och
344 1458 57 22 Vasa
417 1458 82 28 tycktes
514 1459 45 25 icke
575 1465 50 17 vara
639 1458 136 28 synnerligen
792 1457 112 27 förtrogna.
919 1457 48 21 med
982 1456 41 21 hit-

198 1485 95 23 hörande
305 1487 94 26 arbeten,
415 1487 40 21 och
465 1489 56 19 ännu
535 1488 81 20 mindre
631 1493 50 15 voro
697 1487 26 21 de
739 1484 283 32 expropriationsnämnder,

198 1519 46 17 som
260 1515 23 21 af
297 1516 228 26 guvernörsembetena
539 1516 70 21 blefvo
624 1516 95 26 utsedda,
731 1514 106 28 lämpliga
851 1514 33 22 för
899 1514 38 21 sitt
951 1512 72 27 värf,i
