1089 1720
362 108 94 24 Borgarest.
468 108 44 20 1885.
535 109 12 19 9
559 108 38 24 Maj.
814 108 43 18 1057

63 181 38 19 ten
116 178 23 22 af
152 178 222 22 skifteskostnaderna.
404 178 43 22 Det
461 178 39 22 har
514 178 70 21 blifvit
598 178 123 21 framhållet
735 180 32 20 att
777 178 30 21 uti
821 183 59 21 rege-

43 224 2 2 -
63 207 87 27 ringens
166 207 64 27 afsigt
243 206 46 22 icke
308 207 57 27 legat
384 208 31 20 att
432 206 81 22 bereda
528 208 68 20 staten
611 206 70 27 någon
697 206 68 22 fördel
781 206 22 21 af
816 206 63 21 dona-

63 236 150 26 tionsgodsens
229 235 80 22 inlösen
328 235 38 21 och
384 234 133 28 försäljning.
546 235 41 26 Jag
606 235 38 21 bör
664 235 32 21 väl
716 237 33 19 tro
769 235 44 26 det;
832 240 47 15 men

64 263 35 22 för
113 264 44 21 min
172 264 34 21 del
221 263 68 22 skulle
302 264 37 26 jag
354 264 66 21 hellre
437 266 43 19 sett
495 265 32 20 att
541 263 109 27 verkligen
666 263 76 21 sådant
757 264 57 26 legat
827 263 7 21 i
848 269 31 15 re-

63 292 115 27 geringens
193 292 70 26 afsigt,
278 294 26 19 än
320 294 37 25 att,
374 292 26 21 då
414 298 29 15 nu
459 292 24 22 så
493 292 46 22 icke
550 294 24 19 är
585 292 66 26 fallet,
662 292 132 27 regeringen,
805 297 74 21 genom

66 321 27 21 de
108 320 98 28 åtgärder
221 321 40 21 den
276 320 74 22 hittills
366 320 96 28 vidtagit,
478 321 54 21 dock
547 321 6 21 i
569 320 81 27 ganska
665 320 94 28 betydlig
774 320 51 28 grad
842 320 38 20 har

63 348 80 22 skaffat
158 351 68 19 staten
241 349 93 21 fördelar
348 349 27 27 på
391 349 118 22 böndernes
525 349 124 21 bekostnad.

134 377 133 22 Beträffande
282 377 102 27 förslaget
399 384 34 14 om
448 378 121 21 inrättande
587 377 23 21 af
627 377 109 21 såkallade
751 377 129 22 kommunal-

64 406 85 27 skogar,
164 406 39 22 ber
215 406 37 27 jag
266 406 22 22 få
305 406 55 21 fästa
378 406 216 27 uppmärksamheten
613 406 102 21 särskildt
734 406 55 27 uppå
804 408 30 19 ett
848 407 32 19 ut-

65 434 86 22 talande
166 435 7 21 i
188 434 49 22 herr
254 434 120 21 Hackmans
392 435 131 20 reservation
541 440 48 21 pag.
604 434 33 22 32.
669 434 56 27 ,Den
742 434 90 27 åtgärd",
848 435 32 19 sä-

64 469 41 20 ger
118 463 50 22 herr
181 463 115 26 Hackman,
313 464 41 25 ,att
369 463 107 26 nemligen
494 463 203 26 hemmansegarena
711 463 55 20 intill
783 463 47 20 dess
846 468 33 15 an-

63 491 123 22 nuiteterna
204 491 38 22 och
260 491 168 27 köpeskillingen
447 491 35 21 för
500 492 62 21 deras
581 491 97 21 hemman
697 491 70 21 blifvit
781 491 32 20 till
829 490 51 21 fullo

67 520 79 26 guldna
166 520 46 21 icke
234 521 50 20 utan
302 519 102 22 särskildt
423 520 71 21 dertill
513 520 112 21 utverkadt
642 519 96 22 tillstånd
757 519 22 22 få
795 519 86 21 afverka

63 548 57 26 skog
134 548 32 21 till
182 547 74 27 afsalu,
271 554 61 21 synes
347 548 43 27 mig
404 548 48 22 icke
468 548 63 22 hafva
545 548 56 21 varit
614 548 85 27 lycklig.
728 547 122 21 Inrättande
860 546 23 22 af

66 576 219 27 skogsallmänningar
300 576 40 28 (lät
354 582 51 16 vara
420 576 28 27 pä
464 576 118 28 begränsad
597 576 31 22 tid
643 576 128 27 exempelvis
788 576 26 21 15
829 575 12 21 å
854 576 28 21 20

65 604 35 28 år)
115 605 67 21 under
196 611 120 21 gemensam
331 604 23 22 af
366 605 82 21 kronan
458 605 147 21 kontrollerad
615 604 134 28 förvaltning,
761 604 53 22 hade
824 606 57 19 utom

66 633 91 27 skogens
172 633 118 22 bevarande
305 633 92 22 medfört
415 640 26 15 en
461 634 144 27 regelbunden
624 633 196 27 penningeinkomst
835 632 46 21 från

64 662 125 21 densamma
204 661 33 22 för
250 662 108 21 bönderna
373 664 55 19 samt
442 662 85 21 utöfvat
541 668 26 16 en
583 668 44 15 mer
642 662 151 26 uppfostrande
804 660 77 22 verkan

65 690 30 28 på
109 690 46 22 dem
171 692 26 19 än
212 690 73 27 lagens
300 690 114 27 stränghet,
432 691 67 27 enligt
513 690 85 22 hvilken
613 690 41 22 den
670 690 67 21 bonde
753 690 54 22 skall
820 689 62 22 straf-

65 718 35 22 fas
115 724 44 16 som
175 718 107 27 åverkare,
297 725 45 15 som
357 719 106 21 måhända
478 720 6 20 i
500 719 80 21 nödens
595 719 62 21 stund
673 718 97 28 olofligen
785 718 97 22 afverkar

65 747 42 21 och
121 747 65 27 säljer
204 747 66 27 några
287 748 48 20 träd
349 747 46 21 från
416 748 32 20 sin
468 754 53 20 egen
540 748 69 26 skog."
638 748 42 26 Jag
699 747 66 21 måste
784 749 50 25 säga
852 748 31 20 att

65 775 38 27 jag
117 775 34 22 för
166 776 41 20 min
224 776 33 20 del
272 775 38 21 har
325 776 47 21 med
388 778 81 19 största
484 776 91 22 intresse
591 776 38 22 och
644 776 186 21 tillfredsställelse
841 775 41 21 läst

67 804 69 21 denna
157 804 161 26 framställning,
337 804 29 21 uti
385 804 86 22 hvilken
488 804 42 28 jag.
544 804 69 22 funnit
631 810 25 15 en
675 804 78 27 lycklig
771 804 63 21 tanke
852 805 31 19 att

67 832 79 22 bereda
161 832 215 28 donationsallmogen
391 832 48 22 icke
455 834 76 20 endast
545 833 92 27 lindring
652 833 67 21 under
735 833 26 21 de
774 832 67 22 första
857 832 25 21 15

67 860 33 21 till
115 861 28 21 20
158 861 49 21 åren
222 861 31 20 uti
268 861 62 21 deras
345 863 71 25 tunga,
433 863 52 19 utan
501 861 64 22 också
580 863 31 19 att
625 861 68 21 under
707 861 58 21 tiden
781 861 44 20 lära
836 860 47 21 dem

65 890 34 20 att
113 889 45 21 inse
173 889 74 21 värdet
265 889 23 22 af
304 889 78 27 skogen
402 889 40 22 och
462 890 46 21 lära
526 890 47 21 dem
592 891 32 20 att
641 889 66 22 vårda
726 890 47 20 den.
802 888 33 21 Då
849 889 34 20 vid

69 917 154 22 öfverlåtandet
240 917 23 22 af
276 918 265 27 donationslägenheterna
557 918 80 21 kronan
652 918 95 24 utfärdat
761 917 75 22 förbud
850 917 33 21 för

67 945 74 28 hvarje
160 946 39 21 åbo
218 948 31 19 att
267 946 87 21 afverka
372 947 52 26 skog
443 947 35 21 till
497 947 75 26 afsalu,
591 947 62 21 innan
672 946 166 27 köpeskillingen
860 947 24 19 är

67 974 88 21 tillfullo
170 975 78 26 betald,
264 974 38 22 och
318 975 27 21 då
359 975 159 27 amorteringen
534 977 24 19 är
567 975 108 22 beräknad
686 977 31 19 att
727 975 70 26 fortgå
808 975 6 20 i
824 974 28 21 42
861 972 23 25 !/2

67 1002 31 27 år,
115 1003 23 21 så
153 1009 61 21 synes
229 1003 42 27 mig
286 1005 32 19 att
332 1003 30 21 uti
378 1004 40 20 den
435 1004 184 26 omständigheten
633 1003 67 21 finnes
716 1003 112 26 anledning
843 1008 41 20 nog

67 1032 33 20 att
115 1031 22 21 åt
151 1031 107 21 bönderna
274 1031 88 27 erbjuda
377 1034 32 19 att
424 1032 66 21 ställa
505 1032 62 21 deras
582 1032 52 26 skog
644 1032 67 21 under
721 1031 123 26 forstnärlig
853 1030 30 21 in-

68 1059 43 27 sigt
125 1059 38 21 och
181 1060 67 21 under
266 1060 56 21 tiden
342 1060 68 21 tillåta
430 1060 127 28 försäljning
575 1060 47 21 från
637 1060 80 27 skogen
732 1061 55 20 samt
801 1059 43 21 låta
858 1059 26 21 de

68 1088 70 21 medel
153 1094 44 15 som
214 1088 70 21 derför
299 1088 72 28 inflyta
386 1088 88 22 tillfalla
489 1089 100 27 antingen
599 1089 168 21 landtbönderna
776 1088 70 21 direkt
856 1087 28 21 el-

67 1116 33 21 ler
117 1116 49 27 ingå
183 1116 33 21 till
236 1117 126 21 statsverket
381 1117 72 21 såsom
476 1117 132 27 afbetalning
626 1118 27 26 på
671 1117 152 21 annuiteterna.
852 1116 33 21 Då

68 1144 69 22 skulle
153 1151 47 15 man
220 1145 19 27 ej
258 1144 90 22 behöfva
366 1145 74 22 utöfva
460 1148 31 19 ett
508 1146 65 27 tvång
589 1146 28 27 på
635 1146 108 21 bönderna
760 1151 75 21 genom
853 1146 31 19 att

67 1174 54 26 göra
135 1173 111 27 lättnader,
262 1180 44 15 som
322 1174 40 21 den
378 1174 99 22 enklaste
492 1175 90 21 rättvisa
597 1174 38 22 och
649 1174 98 27 billighet
761 1173 77 26 fordra,
849 1173 35 21 be-

67 1202 80 21 roende
162 1201 22 21 af
198 1202 232 22 donationsböndernas
450 1202 62 22 bifall
527 1203 32 21 till
579 1203 118 21 inrättande
716 1202 23 22 af
754 1201 130 22 kommunal-

67 1230 84 27 skogar.

136 1258 55 22 Herr
205 1258 107 22 Heikel:
327 1259 123 21 Utskottets
465 1260 82 26 förslag
563 1260 37 21 har
610 1260 46 21 icke
667 1260 80 26 lyckats
758 1260 62 20 vinna
830 1264 55 22 myc-

68 1286 37 21 ket
118 1287 116 21 understöd
249 1287 23 21 af
286 1288 26 21 de
326 1288 68 21 talare
413 1293 47 16 som
482 1288 105 21 härintills
605 1288 106 27 uppträdt.
742 1287 43 22 Och
801 1287 84 26 upprig-

68 1314 41 27 tigt
123 1316 63 26 sagdt
203 1321 38 15 var
260 1316 57 21 detta
336 1315 128 22 åtminstone
484 1316 33 22 för
535 1317 42 26 mig
596 1317 39 20 alls
654 1317 46 20 icke
719 1315 106 22 oväntadt.
854 1314 31 27 Ty

68 1343 35 21 vid
119 1349 25 15 en
159 1343 72 28 flygtig
244 1344 122 27 jemförelse
381 1345 80 20 mellan
477 1345 114 21 utskottets
606 1344 81 28 förslag
702 1344 38 21 och
756 1345 40 20 den
810 1343 76 26 nådiga

68 1371 157 28 propositionen
236 1372 66 21 finner
317 1379 48 14 man
381 1375 78 24 genast
475 1375 32 19 att
522 1373 40 22 den
577 1373 131 21 sistnämnda
721 1373 40 21 har
776 1371 109 22 förmånen

67 1399 25 22 af
105 1405 25 16 en
145 1402 68 20 större
228 1401 99 21 enkelhet
342 1401 38 21 och
396 1401 59 26 reda,
472 1401 28 22 då
515 1402 95 21 deremot
624 1401 115 22 utskottets
753 1399 132 24 betänkande

67 1428 9 21 i
89 1427 121 28 jemförelse
226 1429 86 22 dermed
327 1429 112 22 förefaller
454 1430 67 27 något
535 1430 126 21 inveckladt.
690 1429 50 22 Men
755 1429 36 22 det
806 1430 24 19 är
839 1427 46 22 icke

66 1456 63 22 alltid
144 1457 40 21 den
199 1457 96 22 enklaste
310 1459 67 25 vägen
394 1463 45 16 som
456 1459 61 21 leder
531 1459 48 20 bäst
593 1458 32 21 till
642 1458 69 21 målet.
741 1458 75 21 Detär
831 1462 55 20 myc-

66 1484 39 22 ket
119 1484 79 27 enkelt,
214 1491 33 15 om
262 1492 47 15 man
324 1486 39 21 vill
381 1486 71 27 bygga
468 1492 26 16 en
511 1486 88 27 jernväg
618 1486 47 21 från
683 1485 83 27 Kuopio
785 1484 32 22 till
835 1484 51 22 Kai-

67 1513 62 27 piais,
144 1515 32 19 att
190 1514 62 26 lägga
266 1514 91 22 linealen
373 1514 27 27 på
414 1514 79 22 kartan
509 1515 38 21 och
563 1515 65 27 draga
643 1516 30 20 ett
688 1514 48 22 rakt
751 1513 69 22 streck
835 1513 52 21 mel-

796 1552 23 18 67
