1092 1723
216 93 53 43 1044
490 105 96 25 Borgarest.
598 104 59 23 1985...
666 104 11 19 9
687 104 42 27 Maj.

197 174 110 27 praktiskt
321 174 71 22 behof.
423 174 80 21 Likasä
518 173 39 21 har
570 173 38 27 jag
623 173 36 21 vid
675 175 31 19 ett
720 173 66 21 annat
804 171 86 22 tillfälle
908 172 71 20 ansett
994 171 33 20 att

196 202 180 27 borgareständet
391 202 47 22 icke
453 202 68 21 borde
535 201 115 22 underläta
665 203 32 19 att
712 200 58 28 gifva
785 206 49 15 svar
848 200 28 26 pä
890 199 38 26 tal,
939 199 28 21 dä
977 204 49 26 man

197 231 71 21 säsom
285 231 65 21 motiv
370 230 33 22 för
423 232 31 20 ett
473 231 66 19 annat
556 229 75 21 ständs
650 229 72 21 beslut
740 228 89 22 anförde
844 234 26 15 en
886 227 71 26 orsak,
972 226 55 22 hvil-

197 259 41 21 ken
254 259 68 26 enligt
337 259 43 20 min
395 258 66 22 tanke
480 260 73 24 syntes
572 258 83 20 kränka
670 258 78 20 andras
764 256 134 26 berättigade
913 256 112 20 intressen.

197 287 53 21 Helt
272 287 132 22 annorlunda
427 288 24 19 är
473 286 98 22 deremot
593 286 145 21 förhällandet
760 284 49 22 med
832 290 28 15 nu
878 283 148 27 föreliggande

199 315 72 26 fräga;
285 315 37 27 jag
337 321 64 15 anser
416 316 32 20 att
462 320 49 16 man
526 314 35 21 för
575 314 79 22 sakens
669 320 53 20 egen
739 313 57 21 skull
811 313 41 21 kan
868 314 79 24 antaga
957 312 70 21 denna

196 343 133 27 inbjudning.

268 372 46 20 Den
330 371 65 21 ärade
411 371 92 21 medlem
518 371 24 21 af
555 371 162 25 bondeständet,
734 376 44 16 som
798 369 116 21 framförde
931 368 95 21 ständets

200 400 99 25 helsning
315 399 40 21 och
370 399 132 27 inbjudning,
518 399 93 27 antydde
630 399 114 21 huruledes
760 398 67 21 redan
846 396 76 28 sjelfva
941 397 86 31 benäm-

197 428 80 26 ningen
292 427 165 27 ,vakansafgift*
476 427 39 28 gaf
531 428 36 21 vid
585 427 85 22 handen
686 428 40 25 ,att
741 427 43 21 den
798 432 39 15 var
852 431 26 16 en
893 424 132 33 provisorisk

199 456 65 26 skatt,
284 462 44 15 som
348 456 70 21 skulle
437 458 88 24 utgöras
544 456 25 21 sä
587 456 63 26 länge
669 461 49 16 man
736 455 48 21 icke
806 453 114 28 uppstälde
939 453 87 26 militär,

199 484 39 21 och
254 486 33 19 att
301 485 40 20 den
357 484 90 21 sälunda
463 485 48 20 med
530 484 46 21 skäl
596 484 64 21 borde
679 483 98 27 upphöra
796 483 24 21 sä
835 484 61 19 snart
910 482 59 21 detta
980 481 47 32 för-

198 513 101 21 hällande
313 513 129 21 förändrats.
472 512 51 21 Man
539 513 39 20 har
592 512 40 21 här
651 512 99 21 anmärkt
769 513 32 19 att
816 510 147 27 värnepligten
979 509 47 22 icke

198 540 77 21 träffar
290 541 39 21 den
344 541 133 26 jordegande
492 541 107 26 allmogen
615 543 75 24 tyngre
706 542 26 19 än
749 539 69 27 öfriga
834 538 192 25 samhällskiasser,

199 575 49 15 men
262 569 37 27 jag
314 569 36 21 vill
367 569 48 21 med
430 569 114 26 anledning
559 568 64 22 deraf
636 569 71 26 fräga:
726 568 68 21 finnes
810 567 38 22 det
860 573 89 16 numera
961 566 66 27 nägot

200 597 55 26 skäl,
271 597 86 21 hvarför
372 597 70 21 denna
456 600 64 23 tunga
537 597 56 21 skall
609 597 87 21 svärare
711 596 63 21 träffa
788 596 76 27 jorden
880 595 39 22 och
935 595 40 21 den
990 595 37 21 be-

200 627 64 19 sutna
282 625 107 26 allmogen
408 627 26 19 än
454 625 69 26 öfriga
538 625 188 22 samhällsklasser
744 625 7 20 i
770 624 86 21 landet?
882 623 30 22 Dä
926 623 101 27 skyldig-

200 653 65 22 heten
281 656 32 18 att
331 653 128 22 underhälla
477 654 108 21 militären
603 653 7 21 i
629 653 74 21 landet
720 653 102 27 päfördes
838 652 189 27 jordegendomen,

198 687 40 15 var
253 681 144 22 förhällandet
411 682 45 21 helt
471 684 64 19 annat
550 683 27 20 än
592 688 35 15 nu.
648 681 116 21 Hvarifrän
777 681 69 21 skulle
862 680 34 21 väl
912 680 41 21 den
968 679 59 22 tiden

198 710 85 21 medlen
299 709 34 22 för
348 710 120 21 militärens
488 709 112 22 underhäll
620 712 62 24 tagas
698 716 34 15 om
752 709 47 22 icke
815 709 49 20 frän
876 708 93 27 jorden?
991 708 36 21 Nu

198 738 98 21 deremot
311 738 33 21 stä
359 738 67 21 andra
441 740 90 25 utvägar
545 738 33 21 till
594 738 61 21 buds.

267 766 51 21 Man
333 766 39 21 har
387 766 74 21 vidare
477 768 48 25 sagt
539 768 32 19 att
586 767 48 20 värt
648 765 114 22 finansiela
776 765 49 27 läge
839 767 24 19 är
873 765 94 26 lysande,
979 771 48 15 men

197 794 75 21 härtill
287 794 40 21 har
341 800 26 15 en
383 794 94 21 ledamot
492 795 23 20 af
529 796 32 19 ett
575 797 65 18 annat
655 795 63 20 ständ
733 793 102 28 genmält,
851 795 32 19 att
898 793 37 21 det
949 793 78 21 ekono-

197 822 70 21 miska
282 822 120 21 tillständet
417 823 6 20 i
439 823 72 21 landet
526 823 47 20 icke
588 824 25 19 är
624 822 43 21 lika
678 823 95 26 lysande.
789 822 43 21 Det
842 823 24 19 är
876 821 34 21 väl
922 823 63 19 sannt
995 823 33 19 att

197 850 37 21 det
250 850 139 22 ekonomiska
405 851 120 21 tillständet
540 851 7 21 i
564 851 73 21 landet
651 853 25 19 är
691 850 95 28 lysande,
798 856 34 15 om
843 855 49 16 man
900 849 80 27 jemför
991 849 36 21 det

197 879 50 20 med
263 879 58 26 läget
336 879 39 21 och
391 879 83 21 landets
490 885 97 15 resurser
598 881 16 19 t.
626 885 32 15 ex.
670 879 24 21 är
707 879 62 25 1868,
782 878 28 21 dä
821 878 46 21 folk
878 878 85 26 hoptals
971 878 57 21 svalt

196 906 44 26 hjäl
252 907 36 21 vid
300 907 162 26 landsvägarne,
473 908 39 20 och
523 908 38 26 jag
573 909 24 19 är
609 907 126 27 öfvertygad
748 913 34 15 om
790 908 33 20 att
831 912 49 20 man
887 906 48 22 icke
945 912 38 15 ens
990 906 37 22 be-

196 934 78 22 höfver
289 934 73 22 befara
377 937 32 19 att
425 935 64 26 nägot
503 936 77 20 sädant
595 942 45 14 mer
656 936 55 20 skall
727 934 87 22 inträffa
824 935 6 21 i
840 934 48 22 värt
899 934 56 22 land.
971 934 56 22 Der-

196 965 59 19 emot
270 963 45 21 tala
329 963 73 26 redan,
419 963 92 21 förutom
522 964 77 26 mänga
610 964 67 20 andra
687 963 157 25 förhällanden,
855 963 26 21 de
892 962 134 25 förbättrade

194 990 245 22 kommunikationerna.
469 992 50 20 Men
535 998 48 14 man
599 992 35 20 mä
651 992 66 20 likväl
736 991 48 21 icke
804 993 33 19 tro
857 992 33 20 att
904 991 37 21 det
956 991 70 21 bättre

195 1019 141 21 ekonomiska
350 1020 105 26 tillständ,
474 1026 46 14 som
540 1020 122 26 efterföljde
682 1020 71 21 denna
771 1019 63 21 svära
848 1019 40 26 tid,
904 1019 39 21 har
958 1019 69 21 betin-

194 1049 50 24 gats
261 1048 76 20 endast
352 1047 24 21 af
390 1049 31 19 ett
435 1048 82 26 stadigt
531 1048 197 21 framätskridande
742 1047 26 21 af
776 1048 85 20 landets
870 1047 105 26 jordbruk
987 1047 39 21 och

194 1074 71 27 öfriga
281 1076 107 26 näringar,
404 1078 32 18 att
451 1076 84 21 landets
551 1076 239 26 produktionsförmäga
805 1076 24 20 sä
842 1076 99 26 plötsligt
955 1075 70 21 skulle

194 1102 66 22 hafva
279 1103 61 21 ökats
359 1104 38 20 och
418 1106 31 18 att
465 1104 40 21 den
521 1104 47 21 rika
585 1104 233 26 penningetillgängen,
838 1110 46 14 som
903 1104 67 20 rädde
988 1110 38 14 un-

196 1130 40 22 der
252 1131 75 27 början
343 1131 39 21 och
397 1132 81 21 medlet
493 1132 24 21 af
527 1132 56 22 1870
600 1132 60 26 talet,
676 1139 38 14 var
729 1132 67 26 nägot
806 1138 46 14 som
864 1131 33 21 fär
912 1138 63 14 anses
990 1132 36 21 be-

194 1159 99 21 stäende.
324 1160 32 20 En
372 1162 46 19 stor
433 1160 35 21 del
484 1160 68 21 mäste
567 1160 127 21 tillskrifvas
710 1161 26 20 de
748 1160 122 21 dävarande
881 1160 145 26 lyckosamma

195 1186 186 27 konjunkturerna
391 1187 33 21 för
439 1188 243 26 trävaruhandteringen
698 1190 56 20 samt
770 1188 41 21 den
826 1188 105 26 ofantliga
941 1187 85 22 afverk-

195 1215 53 26 ning
264 1215 39 21 och
319 1217 76 25 export
409 1216 24 20 af
451 1216 189 26 skogsprodukter,
660 1222 46 15 som
726 1216 28 22 dä
773 1216 54 26 egde
846 1222 54 14 rum.
930 1216 42 26 Jag
986 1216 40 20 har

194 1242 41 24 här
250 1243 103 21 tillhands
368 1244 67 26 några
451 1244 76 26 siffror,
543 1250 46 15 som
604 1245 74 26 tyckas
693 1244 81 27 antyda
790 1244 64 21 detta.
885 1244 74 21 Under
975 1244 51 21 åren

194 1270 144 22 1866—1870
353 1271 80 22 råkade
449 1272 40 22 201
506 1272 99 22 hemman
620 1272 8 21 i
647 1272 103 26 ödesmål,
770 1272 112 21 hvarutom
902 1272 29 21 45
949 1272 76 21 krono-

193 1298 101 22 hemman
309 1299 72 21 blifvit
396 1301 51 19 utan
463 1300 66 21 åboar
545 1300 39 21 och
600 1301 27 21 76
648 1300 250 27 skattelägenheter.för
916 1300 109 21 bristande

192 1326 181 28 kronoutskylder
388 1328 214 22 bortauktionerades
614 1328 34 21 för
658 1328 94 21 kronans
765 1328 98 26 räkning.
884 1328 75 21 Under
974 1328 51 21 åren

194 1354 143 22 1871—1875
356 1355 81 22 råkade
455 1356 77 21 endast
551 1356 27 21 82
595 1356 125 26 lägenheter
739 1357 7 21 i
766 1356 97 21 ödesmål
883 1356 38 21 och
938 1356 47 21 utaf
999 1356 26 21 de

193 1382 60 21 förut
268 1383 7 20 i
291 1383 94 21 ödesmål
405 1384 84 26 gångna
508 1384 152 26 lägenheterna
680 1387 106 24 upptogos
806 1384 28 21 30
852 1384 34 20 till
902 1386 47 24 nytt
963 1384 61 21 bruk.

193 1410 51 21 Men
260 1412 68 20 under
343 1411 183 27 femårsperioden
546 1412 141 22 1876—1880
706 1415 48 24 steg
774 1412 47 21 åter
840 1412 82 21 antalet
941 1412 7 21 i
963 1412 63 21 ödes-

193 1438 43 21 mål
253 1439 84 27 gångna
352 1440 126 26 lägenheter
493 1440 34 21 till
543 1440 47 21 136.
609 1440 65 22 Detta
690 1442 64 26 utgör
769 1440 68 26 enligt
851 1440 56 21 hvad
922 1441 44 25 mig
981 1442 44 25 tyc-

191 1466 39 31 kes
254 1468 32 20 ett
307 1467 82 27 ganska
407 1468 53 26 godt
478 1468 60 21 bevis
556 1468 34 26 på,
609 1470 32 19 att
659 1469 48 21 man
726 1468 119 26 ingalunda
865 1468 33 21 må
917 1474 52 15 anse
993 1469 32 20 att

189 1494 171 26 jordbrukarens
376 1496 42 20 lott
432 1496 7 20 i
454 1496 92 21 Finland
561 1502 28 14 nu
604 1498 24 19 är
643 1496 111 22 rosenröd.
784 1496 43 26 Jag
842 1496 38 21 har
896 1496 51 27 sjelf
957 1496 68 22 under
