1089 1720
370 98 92 23 Borgarest.
476 98 47 19 1885.
545 99 17 18 15
575 98 38 23 Maj.
832 96 44 21 1187

150 168 40 21 Vid
208 168 52 21 härä
278 168 66 22 skedd
362 167 153 27 föredragning
533 167 23 21 af
573 167 106 21 allmänna
697 167 201 22 besvärsutskottets

81 196 132 23 betänkande
229 203 33 14 n:o
278 198 33 25 21,
327 196 48 22 med
390 196 115 26 anledning
521 196 23 20 af
557 196 106 21 särskilda
677 196 57 21 inom
749 198 87 25 preste-,
851 195 47 21 bor-

82 232 60 21 gare-
153 225 38 21 och
204 225 159 21 bondeständen
379 224 77 22 väckta
470 224 182 27 petitionsförslag
663 224 91 22 rörande
765 224 81 21 landets
857 223 41 22 ele-

82 253 186 27 mentarläroverk,
283 254 82 27 yttrade
382 253 32 27 sig
428 253 95 27 följande
539 252 77 22 talare:

149 282 56 21 Herr
220 281 135 22 Sundvall:
370 281 50 21 Med
436 281 114 26 anledning
566 281 23 21 af
602 282 40 20 den
657 281 136 27 uppmaning,
809 287 43 15 som
862 281 36 21 vid

83 312 83 20 senaste
184 310 84 27 plenum
286 310 80 22 stäldes
384 310 33 21 till
437 310 166 21 medlemmarne
618 310 23 21 af
657 310 108 21 allmänna
780 310 118 21 besvärsut-

83 339 85 26 skottet,
183 340 31 20 att
232 339 122 21 konstatera
372 338 36 22 det
426 338 151 26 förhällandet,
593 340 30 19 att
641 338 96 21 Joensuu
751 338 47 22 stad
813 338 84 22 förbun-

83 368 30 21 dit
129 368 31 26 sig
178 367 32 21 till
226 368 76 25 30,000
318 367 70 21 marks
408 367 127 21 subvention
553 366 33 22 för
601 368 31 20 ett
647 367 134 27 fullständigt
795 367 80 27 lyceum
890 366 7 21 i

82 396 100 26 Joensuu,
197 396 108 22 äfvensom
323 396 134 21 handlanden
474 396 73 20 Petter
561 395 126 21 Parviainen
703 395 32 21 till
751 396 62 26 3,000
828 395 70 21 marks

83 424 129 27 subvention,
228 424 24 21 sä
269 424 33 21 fär
318 424 37 27 jag
372 424 95 21 förklara
486 426 32 19 att
533 424 58 20 detta
607 424 65 26 enligt
687 424 43 20 min
745 424 63 21 tanke
822 430 75 21 genom

82 452 132 22 förbiseende
230 453 126 20 utelemnats
371 452 47 21 frän
434 452 151 21 betänkandet.
609 451 73 22 Sävidt
690 452 38 27 jag
738 452 94 21 kommer
842 451 56 27 ihäg,

82 487 37 16 var
133 481 46 22 icke
195 481 68 21 denna
278 481 38 21 sak
331 481 45 21 före
386 481 58 20 inom
459 481 111 25 utskottet,
583 481 26 20 dä
619 481 59 20 detta
689 481 209 26 petitionsmemorial

83 510 155 25 diskuterades;
254 509 95 22 deremot
364 509 77 26 drager
456 509 38 27 jag
509 509 43 26 mig
567 509 32 21 till
610 509 81 21 minnes
702 511 32 19 att
744 509 49 21 berr
803 509 95 26 Neppen-

83 540 64 19 ström
162 538 54 20 läste
231 544 41 20 upp
287 538 149 26 telegrammet
451 537 48 21 frän
513 538 101 26 Joensuu,
629 538 28 20 dä
671 537 42 21 han
729 537 122 21 framstälde
867 537 32 21 sin

82 566 87 28 petition
185 566 6 20 i
207 566 89 21 ständet.

150 594 54 21 Herr
218 594 148 22 Rönnbäck:
388 594 42 27 Jag
449 594 38 21 vill
505 594 54 22 först
578 594 6 21 i
600 594 114 27 anledning
729 594 22 22 af
768 594 48 21 herr
832 593 66 22 Sund-

82 624 54 20 valls
154 623 125 27 upplysning
297 623 55 21 fästa
370 623 97 21 ständets
487 623 186 27 uppmärksamhet
691 623 35 21 vid
745 625 31 19 att
794 623 36 21 det
846 622 52 21 tele-

82 658 66 21 gram,
163 657 44 15 som
227 652 105 25 omtalats,
347 651 67 21 finnes
432 652 83 26 intaget
533 652 6 20 i
555 651 186 27 borgareständets
755 651 82 27 tryckta
851 657 47 21 pro-

82 680 67 22 tokoll
171 680 38 21 sid.
224 680 34 26 49,
274 680 24 21 sä
316 682 32 19 att
365 686 41 20 nog
426 686 52 20 eger
497 680 36 21 det
551 680 32 21 sin
603 680 106 26 rigtighet,
725 682 32 19 att
775 682 30 19 ett
824 680 75 20 sädant

83 708 69 22 blifvit
167 708 84 27 uppläst
265 708 33 22 för
314 708 90 22 ständet.
427 708 64 21 Hvad
507 709 64 21 sedan
587 708 114 22 utskottets
717 708 131 22 betänkande
863 714 37 15 an-

82 737 44 27 gär,
143 737 23 21 sä
184 737 36 21 vill
237 737 37 26 jag
292 739 56 25 yttra
366 737 66 27 nägra
452 737 45 21 ord.
527 737 41 27 Jag
583 743 62 15 anser
660 737 36 21 det
710 738 123 25 visserligen
848 742 52 16 vara

82 766 7 21 i
107 766 81 26 princip
207 765 73 27 rigtigt
298 767 37 24 att,
351 765 54 21 efter
424 766 37 20 det
482 772 25 14 en
526 766 123 26 förordning
665 766 108 26 angäende
788 767 64 19 sättet
866 765 33 21 för

82 794 82 27 privata
182 794 82 21 skolors
284 794 207 21 subventionerande
509 794 119 26 utkommit,
643 794 47 21 icke
709 794 123 27 ytterligare
851 793 49 27 ingä

82 823 49 21 med
146 823 111 26 petitioner
272 822 108 27 angäende
396 829 42 20 nya
454 823 160 26 statsläroverk,
625 829 49 14 men
689 823 36 21 det
739 823 41 20 kan
796 822 52 21 dock
862 822 38 20 fin-

82 857 39 15 nas
143 850 104 21 särskilda
268 850 164 27 undantagsfall,
449 857 46 15 som
518 853 53 24 göra
593 853 31 18 att
643 857 49 14 man
715 851 45 21 icke
782 850 41 21 kan
842 850 7 21 i
868 850 32 21 sin

84 879 108 26 stränghet
206 879 92 21 vidhälla
314 879 68 21 denna
397 879 91 27 princip.
514 879 29 22 Sä
557 879 38 21 har
610 879 35 21 det
659 879 56 21 varit
730 879 61 21 fallet
800 879 48 21 med
859 879 42 26 mig

83 907 129 22 beträffande
227 907 94 22 Joensuu
337 908 65 21 skola.
429 907 66 22 Säväl
510 908 103 21 utskottet
627 908 3 20 i
641 908 49 21 dess
705 907 139 26 betänkande,
856 913 44 14 som

83 938 159 19 reservanterne
260 936 74 21 herrar
350 936 103 21 Sundvall
470 937 39 20 och
524 937 97 26 Ramsay,
637 936 64 21 hafva
715 937 94 26 tydligen
824 935 76 26 ädaga-

83 965 45 26 lagt
146 965 25 20 de
191 966 89 25 säregna
298 965 154 26 förhällanden,
470 971 45 14 som
535 971 39 20 ega
593 971 45 14 rum
658 965 48 20 med
725 965 94 21 Joensuu
834 964 65 21 skola.

83 993 32 21 De
129 993 63 21 hafva
207 993 115 21 framhållit
336 993 102 21 hurusom
455 994 43 25 det,
514 995 54 19 trots
584 996 71 18 ortens
672 993 171 26 offervillighet,
837 988 10 35 i
859 992 43 21 alla

83 1021 38 21 fall
139 1021 42 21 blir
200 1028 24 14 en
244 1021 107 27 svärighet
369 1023 76 19 nästan
466 1028 26 14 en
512 1022 129 26 omöjlighet,
657 1023 32 19 att
707 1022 37 20 der
762 1022 99 26 upprätta
876 1026 25 15 en

83 1050 69 26 privat
166 1050 60 20 skola
240 1050 34 20 för
288 1050 26 21 de
330 1050 64 26 högre
410 1050 91 26 klasser,
512 1050 72 21 hvilka
599 1050 27 21 dä
641 1050 69 21 skulle
725 1051 75 25 utgöra
815 1055 25 15 en
854 1048 48 28 fyll-

83 1078 41 21 nad
135 1078 33 20 till
184 1078 36 21 det
230 1084 28 15 nu
270 1078 38 21 der
320 1078 108 26 befintliga
440 1078 143 27 fyraklassiga
593 1079 74 26 lyceet,
679 1078 38 21 och
729 1078 99 21 hurusom
844 1078 58 20 detta

83 1108 39 25 gör
130 1106 36 21 det
176 1106 94 27 omöjligt
281 1106 33 22 för
336 1113 80 15 Joensuu
426 1109 34 19 att
470 1107 85 21 komma
565 1108 6 20 i
582 1107 123 26 ätnjutande
716 1106 22 22 af
747 1107 25 21 de
783 1106 119 21 subventio-

84 1141 43 20 ner,
139 1140 44 16 som
199 1135 27 27 pä
240 1136 66 20 andra
322 1137 56 19 orter
394 1135 88 21 komma
497 1136 26 20 de
539 1136 37 20 der
591 1136 104 20 inrättade
711 1136 82 26 privata
803 1135 99 21 skolorna

83 1163 95 27 tillgodo.
207 1164 47 20 Den
270 1164 162 26 omständighet,
449 1170 47 15 som
512 1164 38 21 här
565 1164 68 21 blifvit
650 1164 132 26 framhällen,
798 1163 105 26 nemligen

84 1194 31 19 att
129 1192 94 21 Joensuu
242 1192 46 21 stad
308 1192 38 21 och
362 1198 24 15 en
403 1192 85 21 enskild
504 1198 77 21 person
597 1193 12 20 å
624 1199 81 14 samma
720 1194 33 19 ort
768 1192 90 21 utlofvat
872 1193 32 19 ett

83 1220 75 27 bidrag
176 1220 22 21 af
215 1220 139 22 tillsammans
373 1221 81 25 33,000
474 1221 61 21 mark
555 1221 33 21 till
607 1221 161 27 ifrägavarande
787 1220 66 26 skola,
869 1226 33 14 om

84 1249 121 21 densamma
219 1249 41 21 blir
274 1249 101 27 utvidgad
390 1249 34 21 till
441 1251 32 19 ett
489 1250 132 26 fullständigt
636 1250 88 26 lyceum,
739 1250 57 20 visar
812 1249 45 26 just
871 1250 32 18 att

83 1277 28 26 pä
129 1279 59 19 orten
207 1277 66 21 finnes
289 1278 39 20 den
345 1277 236 27 uppoffringsförmäga,
597 1284 44 14 som
657 1284 48 14 man
720 1284 62 15 anser
798 1276 104 21 erforder-

83 1305 36 26 lig,
135 1305 33 21 för
186 1307 32 20 att
237 1311 25 15 en
282 1306 60 21 skola
357 1305 54 21 skall
426 1305 89 22 komma
530 1306 6 21 i
553 1306 121 26 ätnjutande
690 1306 23 21 af
727 1305 121 25 understöd,
864 1304 38 21 och

83 1335 32 19 att
135 1333 35 21 det
188 1334 88 21 sälunda
294 1334 109 26 verkligen
422 1334 66 21 beror
507 1334 22 21 af
543 1335 104 20 särskilda
662 1334 153 25 förhällanden,
830 1334 32 19 att
876 1339 26 14 en

83 1361 69 28 privat
170 1362 60 21 skola
249 1363 37 20 der
304 1362 46 21 icke
366 1363 81 20 kunnat
463 1363 84 27 uppstä.
577 1363 30 20 Pä
622 1363 61 21 dessa
699 1363 46 21 skäl
761 1361 92 23 önskade
866 1361 37 26 jag

84 1391 32 20 att
131 1390 113 21 ständerna
258 1391 68 21 skulle
342 1390 74 21 bifalla
430 1391 36 21 till
486 1391 114 26 petitionen
619 1397 34 15 om
667 1391 93 21 Joensuu
776 1389 128 28 fyrklassiga

84 1419 93 27 lyceums
192 1419 128 26 utvidgande
335 1419 33 21 till
384 1421 32 19 ett
430 1419 139 27 fullständigt
583 1420 86 27 lyceum.
699 1420 50 21 Men
764 1419 27 22 dä
804 1418 37 27 jag
856 1417 47 21 der-

85 1448 56 21 emot
156 1452 62 15 anser
233 1449 32 19 att
280 1453 80 16 samma
375 1447 47 21 skäl
438 1448 50 21 icke
503 1448 71 21 kunna
589 1448 84 21 anföras
689 1448 33 21 för
736 1449 40 20 den
791 1446 23 21 af
822 1445 81 22 utskot-

83 1477 33 20 tet
130 1475 121 26 föreslagna
264 1475 153 27 utvidgningen
433 1477 25 20 af
472 1476 143 27 Björneborgs
629 1477 88 26 lyceum,
733 1477 37 20 ber
785 1475 37 27 jag
837 1474 22 21 fä
873 1474 31 21 fö-

84 1504 63 25 reslä,
162 1504 31 20 att
211 1503 176 27 borgareständet
406 1504 68 22 mätte
494 1506 77 25 antaga
589 1511 25 15 en
634 1505 23 21 sä
672 1505 89 27 lydande
777 1503 66 22 kläm:
863 1504 43 26 ,att
