1089 1956
226 106 46 32 1274
493 113 94 23 Borgarest.
598 112 47 20 1885.
667 112 19 20 19
698 112 40 24 Maj.

204 182 65 24 verst,
288 180 104 22 beställer
410 181 28 22 all
457 182 97 21 materiel
573 182 28 28 på
619 189 26 15 en
660 182 57 28 gång
732 182 39 22 och
787 180 27 28 på
828 182 31 20 ett
875 181 68 26 ställe,
959 181 70 21 hvari-

204 215 77 21 genom
297 216 48 14 man
362 210 79 27 slipper
455 212 31 20 att
501 210 74 22 skicka
591 212 24 20 ut
631 211 135 27 inspektörer
781 209 34 21 för
830 210 32 20 att
876 212 108 24 emottaga
999 210 30 20 le-

204 243 104 16 veranser
323 238 38 21 och
378 238 87 22 bekosta
481 239 62 21 deras
558 245 61 15 resor
634 246 47 14 mer
695 241 28 19 än
739 244 25 16 en
780 238 55 20 enda
849 238 62 27 gäng.

273 266 57 21 Herr
349 266 190 28 Schybergson:
558 267 34 21 Då
611 268 35 20 det
665 268 70 26 gäller
751 267 33 21 att
797 268 97 25 uppgöra
908 272 26 15 en
950 266 79 26 budget

205 294 28 26 pä
250 294 14 21 3
284 294 24 21 är
326 294 84 27 framät,
429 296 24 20 sä
471 296 74 20 ställer
564 296 37 21 det
619 296 33 26 sig
668 295 135 26 naturligtvis
818 295 85 27 mycket
917 294 59 21 svärt
990 295 38 25 att,

204 322 71 21 såsom
294 323 160 22 statsutskottet
472 324 81 26 önskat,
572 324 73 21 kunna
661 324 28 27 pä
704 323 61 22 tiotal
782 324 60 20 mark
856 324 40 20 när
910 323 120 21 bestämma

204 350 206 28 inkomstbeloppen,
426 358 47 15 men
488 358 33 15 om
537 358 49 16 man
605 353 65 21 också
685 354 61 25 tager
761 351 65 27 något
841 352 62 20 miste
918 351 111 27 härvidlag

206 390 24 3 —
248 379 39 21 och
303 380 37 21 det
354 380 42 21 kan
408 380 24 27 ju
447 380 70 22 hända
532 382 33 20 att
583 381 50 21 herr
649 381 115 27 Tallqvists
780 380 166 26 anmärkningar
961 380 68 20 delvis

204 408 38 20 äro
257 408 111 26 grundade
382 420 29 4 —
426 409 24 21 så
464 410 24 20 är
503 409 87 21 dermed
606 410 63 26 ingen
685 410 46 20 fara
745 408 126 26 förbunden,
887 408 28 21 då
925 408 105 21 utskottet

204 436 59 26 tagit
282 436 40 21 den
346 436 66 28 enligt
434 438 42 20 min
499 437 56 27 åsigt
573 438 135 27 synnerligen
727 436 93 28 lyckliga
839 438 67 26 vägen
922 438 32 18 att
968 436 62 22 anslå

204 464 142 22 bankvinsten
361 465 7 21 i
384 466 47 20 mån
449 466 23 20 af
489 466 70 21 behof.
591 466 49 22 Slår
655 466 46 22 icke
716 466 117 21 utskottets
848 465 40 21 och
903 464 125 22 ständernas

204 492 74 28 kalkyl
299 492 134 28 fullständigt
450 494 28 26 in,
497 494 24 21 så
539 494 42 21 kan
597 495 126 26 regeringen
739 494 23 21 af
776 494 140 21 bankvinsten
932 493 98 21 använda

204 520 67 27 något
289 523 70 19 större
378 522 83 28 belopp,
480 522 63 27 eljest
561 525 32 19 ett
611 524 89 20 mindre.
730 523 43 21 Det
791 524 24 19 är
834 522 60 21 detta
912 521 80 27 förslag
1007 521 23 21 af

204 549 113 27 utskottet,
336 556 45 15 som
400 552 39 25 gör
458 552 30 20 att
505 557 49 15 man
573 551 48 21 icke
639 551 24 21 så
682 557 56 21 noga
757 550 103 22 behöfver
874 550 57 21 fästa
946 550 32 26 sig
993 550 36 21 vid

204 578 28 20 de
246 578 98 21 enskilda
358 579 119 27 detaljerna
491 580 35 20 vid
542 580 49 20 dess
607 580 149 26 beräkningar.
779 579 41 27 Jag
836 579 34 21 för
884 578 43 22 min
944 578 33 22 del
989 578 40 21 har

204 606 122 27 egentligen
348 608 54 26 tagit
424 608 32 20 till
479 608 62 21 ordet
562 608 77 21 endast
660 608 34 21 för
712 610 32 19 att
763 608 22 21 få
802 609 57 25 yttra
877 607 42 27 mig
938 607 90 21 rörande

203 634 135 22 klämmarne
357 636 14 20 2
386 635 39 21 och
439 636 14 22 3
468 636 6 21 i
489 636 116 22 utskottets
620 636 148 27 föreliggande
783 636 142 21 betänkande.
955 635 73 21 Redan

205 662 27 21 då
247 663 42 21 den
304 663 77 27 nådiga
396 664 158 27 propositionen
570 671 33 14 om
619 665 180 26 konverteringen
810 664 24 21 af
844 664 54 22 1862
909 664 53 21 eller
974 664 54 21 1863

204 690 36 22 års
256 691 34 21 lån
306 691 103 27 förekom,
424 692 49 22 fann
486 693 38 27 jag
539 693 42 26 mig
597 693 47 21 icke
660 693 49 21 fullt
724 692 93 22 tilltalad
833 692 23 21 af
865 692 41 22 den
916 692 46 22 deri
973 692 55 22 före-

204 719 76 27 slagna
295 720 109 26 åtgärden.
429 721 43 21 Det
486 723 23 19 är
524 722 6 20 i
547 721 39 21 och
601 721 34 21 för
650 722 33 26 sig
699 721 145 26 tvifvelaktigt
860 720 104 22 huruvida
980 726 48 16 man

204 747 40 21 bör
263 748 25 21 så
305 750 32 19 att
352 750 52 25 säga
418 749 127 21 konvertera
561 751 32 20 ett
606 750 35 20 lån
657 750 48 20 med
721 750 85 21 ökande
821 749 23 21 af
858 749 169 27 skuldbeloppet.

204 776 43 21 Det
262 778 24 19 är
301 776 75 22 främst
392 779 32 19 att
438 778 119 21 rubriceras
572 778 70 21 såsom
659 784 24 15 en
700 778 130 26 omsättning
844 778 47 21 icke
906 778 47 20 med
970 777 58 21 afbe-

203 804 90 27 talning,
316 807 50 19 utan
388 806 47 21 med
458 806 113 27 tillökning
589 806 23 21 af
629 806 172 27 skuldbeloppet.
832 806 48 21 Men
899 807 58 20 utom
973 806 55 21 hvad

204 832 60 22 detta
283 833 101 21 beträffar
402 836 24 19 är
442 834 37 27 jag
497 834 24 22 af
537 834 132 28 fullkomligt
687 841 82 15 samma
787 834 57 27 åsigt
858 840 44 15 som
918 840 26 15 en
960 834 68 21 talare

204 860 40 22 här
263 861 7 21 i
288 862 92 26 ståndet,
399 862 85 22 hvilken
502 863 120 27 uppträdde
640 863 35 21 vid
691 863 104 21 remissen
811 862 23 22 af
846 862 159 28 propositionen
1021 863 6 21 i

204 890 78 25 ämnet,
298 890 106 26 nemligen
420 893 31 19 att
466 891 35 21 det
515 892 47 20 icke
578 893 24 19 är
617 892 47 20 skäl
679 891 34 21 för
727 891 91 21 Finland
834 893 31 19 att
880 891 6 21 i
902 891 68 21 första
980 891 48 21 hast

203 919 95 25 upptaga
313 920 32 19 ett
359 921 47 24 nytt
420 919 34 21 lån
470 920 12 20 å
497 919 148 26 öfverskottet,
654 920 39 21 och
711 920 56 21 1863
783 920 34 20 års
832 919 35 21 lån
878 919 152 21 konverteradt

203 946 33 20 till
253 946 67 21 ökadt
334 946 159 28 kapitalbelopp
507 954 51 15 vore
571 948 25 27 ju
611 948 91 21 faktiskt
717 950 32 19 ett
763 948 77 21 sådant
855 949 46 25 nytt
916 948 41 20 lån.
987 948 43 20 Det

204 975 30 25 är,
254 980 46 15 som
320 976 69 25 sagdt,
408 976 46 21 icke
472 976 47 21 skäl
537 978 32 19 att
588 976 47 22 åter
650 976 105 27 uppträda
770 976 70 21 såsom
857 976 129 21 lånsökande
1002 976 28 26 på

203 1002 138 22 marknaden.
371 1003 43 22 Det
436 1006 24 19 är
482 1004 54 21 allra
560 1005 64 21 minst
642 1005 115 26 anledning
777 1006 32 19 att
823 1006 53 25 göra
890 1004 38 21 det
942 1005 47 21 med
1004 1004 26 21 så

203 1030 46 21 små
261 1031 85 27 belopp,
358 1038 46 15 som
420 1033 137 26 regeringens
572 1032 81 27 förslag
668 1033 97 25 innebär,
781 1033 53 20 eller
848 1032 42 21 fem
907 1032 123 22 alternativt

203 1058 34 26 sju
257 1060 99 26 miljoner
373 1060 67 22 mark.
469 1061 90 21 Finland
577 1061 68 21 finnes
665 1062 66 20 redan
750 1067 28 15 nu
797 1060 29 27 på
842 1061 115 21 börslistan
981 1061 47 21 med

201 1086 123 23 hvarandra
340 1088 82 26 ganska
437 1089 151 27 näraliggande
603 1090 30 25 år,
650 1090 107 26 nemligen
774 1089 54 21 1881
844 1089 39 21 och
900 1089 66 26 1882;
982 1089 47 21 der-

202 1115 34 21 till
256 1116 70 21 skulle
345 1122 28 15 nu
388 1116 85 22 komma
488 1120 31 18 ett
534 1118 35 21 lån
584 1118 33 21 till
633 1117 24 21 af
670 1118 25 21 år
711 1118 56 21 1885
783 1118 53 20 eller
852 1118 62 21 1886.
943 1118 38 20 Ett
996 1117 33 21 så-

202 1143 52 21 dant
268 1144 123 22 förfarande
406 1152 63 14 anser
482 1146 37 26 jag
533 1146 64 21 hafva
613 1146 24 21 så
653 1146 84 27 mycket
752 1146 82 20 mindre
850 1146 46 20 skäl
907 1146 33 20 för
951 1146 32 26 sig
993 1152 35 20 nu,

202 1171 34 27 då,
256 1172 70 21 såsom
346 1173 23 21 af
386 1174 171 21 statsutskottets
572 1174 135 22 betänkande
723 1174 102 26 framgår,
841 1174 64 21 dessa
919 1174 14 21 5
948 1174 52 21 eller
1016 1174 12 21 7

202 1200 100 26 miljoner
318 1201 40 21 alls
374 1201 46 21 icke
436 1202 101 21 behöfvas
556 1203 68 20 under
639 1203 40 20 den
695 1202 129 21 kommande
839 1202 189 27 budgetperioden,

202 1229 52 20 utan
273 1229 130 21 statsverket
419 1230 41 21 kan
480 1231 51 20 reda
549 1231 34 26 sig
601 1231 47 21 dem
668 1231 93 21 förutan.
791 1231 43 20 Det
852 1232 25 19 är
890 1231 24 26 ju
929 1231 42 20 tids
987 1236 41 21 nog

201 1258 33 19 att
249 1257 71 21 lemna
336 1258 125 27 regeringen
478 1259 5 20 i
499 1259 97 26 uppdrag
611 1261 32 19 att
658 1261 96 25 upptaga
769 1265 41 20 nya
825 1259 41 26 lån,
882 1259 28 20 då
920 1264 34 15 oss
966 1261 62 24 göres

201 1284 68 21 behof
282 1285 24 21 af
319 1285 91 27 sådana;
426 1289 32 18 att
472 1287 64 21 redan
553 1293 27 15 nu
595 1287 28 27 på
637 1287 92 21 förhand
745 1289 53 24 göra
813 1287 37 21 det
860 1293 62 14 anser
930 1287 37 27 jag
978 1293 51 15 vara

200 1314 78 20 nästan
297 1313 34 21 för
348 1316 47 19 stor
413 1315 175 21 förtänksamhet.
617 1315 50 22 Men
687 1315 121 22 emellertid
826 1317 24 19 är
862 1315 38 27 jag
914 1321 51 15 ense
980 1315 48 21 med

201 1346 83 16 samma
306 1342 75 26 talare,
404 1349 45 15 som
467 1343 37 26 jag
522 1349 50 22 nyss
591 1344 128 26 åberopade,
739 1344 74 21 derom
828 1345 33 19 att
875 1350 26 15 en
917 1343 111 22 konverte-

201 1369 48 26 ring
264 1369 24 21 af
303 1370 55 21 1863
373 1370 35 21 års
423 1371 35 21 lån
474 1371 45 21 från
535 1370 40 25 4'/2
589 1372 34 21 till
638 1372 15 21 4
667 1370 26 25 %%
708 1374 52 19 utan
776 1371 113 27 tillökning
904 1371 28 27 pä
946 1372 82 27 kapita-

202 1397 30 21 let
251 1397 71 22 kunde
342 1398 63 21 hafva
424 1399 46 21 skäl
489 1399 33 21 för
537 1400 39 26 sig.
606 1401 42 20 Det
663 1402 25 19 är
703 1402 64 19 sannt
782 1402 32 19 att
829 1400 7 20 i
851 1399 141 22 betraktande
1007 1399 23 22 af

201 1425 41 22 den
259 1427 159 26 kapitalrabatt,
434 1434 45 15 som
494 1429 122 26 antagligen
627 1429 69 20 skulle
707 1428 68 21 blifva
786 1428 127 27 nödvändig,
924 1435 27 15 en
962 1429 66 20 sådan

200 1453 153 28 konvertering
368 1455 47 22 icke
431 1456 68 21 skulle
515 1456 24 21 så
553 1456 73 21 alltför
645 1457 84 27 mycket
745 1456 84 21 minska
844 1457 128 25 annuiteten,
989 1456 39 21 och

198 1481 40 28 jag
252 1489 40 14 var
306 1483 73 21 derför
397 1484 95 21 tveksam
509 1484 70 21 såvidt
593 1485 36 21 det
644 1485 63 26 gälde
724 1485 57 22 1863
796 1485 35 20 års
847 1485 41 26 lån,
904 1487 32 19 ett
951 1484 77 27 belopp

200 1509 24 21 af
238 1511 77 21 endast
331 1512 25 20 11
373 1511 99 28 miljoner
487 1512 66 21 mark.
584 1513 74 21 Skulle
673 1513 99 22 deremot
787 1513 99 27 samtliga
901 1514 41 25 4!/>
957 1511 25 26 %
992 1512 36 21 län
