1089 1723
348 105 93 23 Borgaröst.
452 104 43 20 1908.
518 105 21 19 19
548 105 39 23 Maj.
809 105 44 19 1289

64 176 47 21 dom
127 174 23 22 af
163 176 32 20 att
209 175 40 21 den
264 175 68 22 första
345 174 39 22 och
398 174 68 22 andra
480 176 74 26 posten
573 174 28 27 på
616 174 120 27 respektive
752 174 125 26 13,000,000

64 204 39 22 och
118 203 109 26 1,103,637
243 204 59 20 mark
316 202 39 22 och
372 203 103 27 10:penni
491 204 36 20 äro
543 202 89 22 alldeles
647 202 84 27 rigtiga.
759 203 47 21 Men
821 201 55 22 hvad

63 232 101 22 beträffar
178 232 41 20 den
233 232 67 26 tredje
315 233 81 26 posten,
413 232 112 26 1,414,173
540 231 59 21 mark
615 231 28 22 56
657 231 70 27 penni,
743 231 24 21 så
777 230 99 22 förhåller

64 262 35 26 sig:
111 260 85 22 dermed
212 260 29 26 sä,
256 262 32 20 att
302 262 31 20 ett
347 260 77 26 belopp
437 259 25 22 af
476 260 90 25 796,146
581 259 60 22 mark
656 261 25 19 är
695 259 100 27 nedlagdt
805 259 10 21 i
822 258 56 22 1859

65 289 34 21 års
113 290 14 21 4
141 288 25 27 9/0
182 288 144 27 obligationer,
344 288 72 21 hvilka
433 288 130 21 statsverket
576 288 95 27 uppköpt
686 288 66 21 under
767 288 54 26 goda
835 287 41 21 för-

64 317 119 21 hällanden.
212 316 139 28 Naturligtvis:
374 322 50 16 vore
447 317 37 21 det
504 316 46 22 icke:
573 316 94 27 önskligt
685 318 32 20 att
735 316 89 28 föryttra
842 316 35 21 de-

65 351 86 21 samma,
166 351 47 16 men
226 345 37 27 jag
277 344 39 22 har
326 346 59 21 blott
399 345 58 21 velat
471 344 82 28 påpeka
569 346 31 20 att
615 345 69 21 denna
697 347 49 25 post
756 344 23 22 af
787 344 89 26 796,146

65 374 59 21 mark
139 374 65 21 redan
218 373 61 27 ingår
292 374 7 20 i
314 373 144 22 statsfondens
474 373 120 21 beräknade
603 373 120 21 öfverskott
731 374 36 20 vid
778 373 54 22 1884
842 372 34 21 års

65 402 85 27 utgång,
172 402 39 22 och
232 403 32 20 att
285 402 39 21 den
346 402 64 21 alltså
431 401 24 22 af
471 401 106 22 utskottet:
593 401 70 22 blifvit
682 404 105 24 upptagen
801 403 75 19 tvenne

65 430 93 28 gånger.
179 431 79 22 Vidare
279 430 61 27 ingår
356 431 6 20 i
377 430 74 21 denna
472 430 69 27 tredje
559 433 48 24 post
625 436 26 16 en
670 436 81 15 summa
765 430 24 22 af
801 429 78 27 64,000

66 459 65 26 mark,
146 459 115 22 bestående
282 459 7 20 i
311 459 156 24 orealiserbara
488 459 63 27 ryska
573 461 78 24 räntor,
670 459 73 21 hvilka
761 459 93 22 förvaras
870 458 8 21 i

65 488 195 27 passexpeditionen
276 488 6 20 i
298 487 31 22 S:t
343 487 137 27 Petersburg.
502 487 32 21 De
549 489 37 20 äro
597 487 148 27 ouppsägbara
755 488 38 21 och
804 489 73 19 räntan

65 516 27 27 på
110 517 47 20 dem
175 516 60 27 ingår
252 516 6 20 i
276 516 36 21 det
326 516 66 27 årliga
407 516 159 27 statsförslaget
580 517 67 20 under
662 522 63 15 namn
740 516 23 21 af
777 517 60 20 ränta
850 515 28 27 på

66 545 109 21 städernas.
194 545 7 20 i
218 544 92 27 Viborgs
331 544 34 21 län
380 544 8 21 i
403 544 264 27 riksamorteringsfonden
691 545 97 21 nedsatta
809 543 70 22 medel

66 573 47 21 med
131 572 89 27 ungefär
237 573 63 25 2,500
318 573 65 21 mark.
413 572 132 27 Ytterligare
562 573 60 27 ingår
640 573 7 21 i
667 573 68 21 denna
749 573 67 27 tredje
830 573 48 26 post

66 607 28 16 en
111 607 80 16 summa
209 600 23 22 af
245 596 97 36 277,000-
359 601 57 26 mark,
432 607 45 15 som
493 603 24 19 är
532 601 24 22 af
571 601 132 22 statsfonden
719 601 61 22 lånad
795 601 31 21 till
842 600 36 21 do-

65 629 167 26 nationsfonden,
255 635 47 16 men
324 629 27 22 dä
373 629 194 22 donationsfonden:
585 630 51 26 sjelf
657 630 38 21 har
714 629 75 28 deficit,
808 629 24 22 så
846 629 33 21 lär

66 658 69 27 någon
153 658 152 27 återbetalning
319 658 8 21 i
342 658 40 21 den
400 660 107 20 närmaste
523 658 112 21 framtiden
650 659 47 21 icke
711 658 70 22 kunna
795 658 84 21 komma

65 687 10 20 i
87 686 66 27 fråga.
174 686 78 21 Vidare
266 686 60 27 ingår
340 687 38 20 här
389 693 25 14 en
425 689 50 24 post
484 687 27 26 pä
523 687 90 26 180,000
623 687 66 26 mark,
700 693 45 15 som
755 686 123 22 försträckts

66 715 22 21 åt
101 715 64 27 ryska
180 715 206 21 länemedelsfonden
401 715 34 21 för
450 715 123 27 utgifvande
590 715 23 21 af
627 715 34 22 län
676 715 7 21 i
699 715 38 22 och
752 715 33 22 för
799 715 81 26 fartygs

65 743 117 27 byggande.
210 743 75 21 Denna
302 745 48 25 post
368 743 84 28 inflyter
471 744 76 21 endast
564 743 84 28 mycket
666 744 104 26 långsamt
784 743 38 22 och
836 743 42 21 kan

66 771 72 22 derför
155 771 46 22 icke
219 771 67 22 heller
304 774 60 24 tagas
383 772 6 21 i
410 772 145 21 betraktande.
585 772 61 21 Hvad
665 772 100 21 beträffar
784 773 40 20 den
839 771 39 22 föl-

64 800 65 27 jande
146 801 75 26 posten
239 800 7 21 i
264 800 98 27 kalkylen
381 800 12 21 &
408 801 40 20 sid.
465 801 33 26 13,
513 800 28 27 pä
555 801 113 26 2,000,000
682 801 66 26 mark,
763 800 116 27 utgörande

67 829 105 20 allmänna
185 828 143 22 statsfondens
343 828 119 22 öfverskott
479 829 67 21 under
561 829 61 26 1885,
637 829 24 21 sä
676 831 25 19 är
715 829 40 22 den
769 829 7 21 i
791 828 88 21 ärsbud-

67 859 62 25 geten
144 859 105 25 upptagen
263 857 33 21 till
311 857 91 26 854,000
417 857 39 22 och
471 857 8 21 i
494 857 40 22 den
553 858 167 26 approximativa
733 857 98 28 kalkylen
846 856 32 22 till

67 885 91 26 950,000
172 886 69 26 mark;
257 892 46 14 men
316 886 37 26 jag
364 886 36 21 vill
411 892 67 20 gerna
488 886 105 26 medgifva
604 888 37 24 att,
653 892 33 16 om
697 886 183 22 tullinkomsterna

67 914 58 21 detta
146 914 26 21 är
194 914 54 27 stiga
270 914 43 21 lika
332 914 51 27 högt
401 920 45 16 som
467 914 62 27 1884,
547 914 24 22 sä
589 916 23 21 är
627 915 37 21 det
679 914 45 22 icke
739 914 95 27 omöjligt
848 915 32 21 att

69 942 57 22 detta
144 942 75 28 belopp
237 942 42 22 kan
296 943 33 21 till
348 942 52 22 fullo
419 942 122 27 förefinnas,
559 943 86 21 hvarför
660 943 37 27 jag
715 943 46 21 icke
780 944 38 20 har
833 942 46 22 skäl

68 972 31 20 att
117 972 44 20 mot
179 971 116 21 detsamma
313 973 51 25 göra
382 971 70 27 nägon
472 971 144 27 anmärkning.
648 972 61 21 Hvad
728 972 98 26 slutligen
844 971 35 21 be-

67 998 74 22 träffar
155 999 40 21 den
210 999 52 21 sista
276 1001 75 25 posten
365 1000 27 26 pä
408 1000 92 26 120,000
510 1000 65 26 mark,
587 1000 24 21 sä
621 1000 38 21 har
667 999 213 28 finansexpeditionen

68 1027 106 21 meddelat
189 1029 31 20 att
235 1028 67 21 denna
317 1034 87 20 summa,
419 1028 119 27 utgörande
553 1030 60 19 ränta
627 1028 12 22 &
648 1028 232 27 undsättningsfonden,

68 1056 67 21 under
155 1056 53 22 1885
226 1056 66 22 redan
306 1056 67 22 finnes
387 1058 108 25 upptagen
511 1057 6 20 i
533 1057 148 27 ärsbudgeten.
711 1057 74 21 Denna
799 1056 83 27 uppgift

68 1084 38 21 har
122 1084 37 27 jag
176 1084 46 22 icke
237 1085 80 21 kunnat
331 1091 25 15 ur
370 1085 67 27 nägra
451 1085 134 27 tillgängliga
599 1086 70 20 källor
683 1086 135 24 kontrollera,
834 1090 47 16 men

68 1112 41 22 kan
124 1113 45 21 icke
184 1113 66 21 heller
265 1113 91 26 betvifla,
372 1115 32 19 att
419 1113 237 22 kamrerarekontoret
649 1108 11 37 i
667 1113 215 27 finansexpeditionen

68 1140 39 22 har
122 1142 51 20 reda
187 1141 28 27 pä
229 1142 71 21 saken.
329 1142 105 26 Afdragas
450 1142 85 21 säledes
550 1148 28 15 nu
593 1142 62 22 dessa
669 1148 99 20 summor,
784 1142 97 26 796,000,

68 1170 83 26 64,000,
173 1170 97 26 277,000,
294 1170 90 26 180,000
406 1170 40 22 och
470 1170 91 26 120,000
582 1171 66 26 mark,
667 1171 52 21 eller
744 1171 139 21 tillsammans

69 1198 111 26 1,437,000
195 1198 65 26 mark,
276 1198 24 22 sä
315 1198 95 22 återstår
421 1199 7 21 i
443 1199 75 21 stället
531 1199 34 21 för
580 1199 127 27 17,637,810
717 1199 58 21 mark
786 1205 25 15 en
822 1198 60 21 verk-

68 1226 30 26 lig
112 1226 122 27 behållning
249 1226 23 22 af
285 1228 75 20 endast
375 1227 128 26 16,200,810
517 1227 66 21 mark.
603 1228 34 20 Då
651 1228 20 21 vi
687 1228 92 21 härifrån
795 1227 89 26 afdraga

68 1254 120 27 utgifterna,
215 1256 125 26 12,549,502
364 1255 66 27 mark,
456 1256 25 20 sä
506 1256 41 21 blir
571 1256 35 21 det
627 1256 95 27 verkliga
744 1256 140 21 öfverskottet

68 1283 112 26 3,651,308
195 1284 59 20 mark
270 1284 6 20 i
292 1284 71 21 stället
377 1284 33 21 för
426 1284 38 21 det
478 1284 23 21 af
513 1284 104 22 utskottet
631 1284 120 22 beräknade
766 1283 117 23 öfverskot-

69 1312 30 20 tet
114 1311 23 21 af
150 1312 13 21 5
178 1312 39 21 och
232 1318 27 18 en
272 1312 46 21 half
331 1312 97 27 miljoner
443 1313 68 21 mark.

135 1339 63 22 Hvad
212 1346 28 15 nu
254 1340 100 22 beträffar
369 1341 155 26 dispositionen
539 1341 23 21 af
574 1341 62 21 dessa
652 1341 112 27 3,651,000
779 1340 65 26 mark,
860 1340 24 21 sä

69 1369 25 19 är
107 1367 36 21 det
157 1368 84 22 ständet
255 1369 79 21 bekant
348 1370 32 20 att
394 1371 86 20 senaste
495 1370 101 26 landtdag
605 1369 34 21 för
649 1370 166 26 björneborgska
826 1369 58 26 jern-

70 1397 67 25 vägen
160 1396 104 27 beviljade
286 1404 25 14 en
333 1397 125 21 subvention
478 1398 23 20 af
520 1398 110 26 1,500,000
649 1398 60 21 mark
727 1400 31 19 att
772 1397 50 27 utgä
837 1397 47 21 frän

69 1424 106 24 allmänna
193 1426 144 25 statsmedlen,
356 1426 38 20 och
414 1428 32 18 att
461 1426 106 27 styrelsen
582 1426 19 27 ej
617 1426 55 22 blott
686 1426 106 22 eventuelt
807 1425 78 21 bifallit

70 1452 77 32 dertill,
162 1454 50 30 utan
227 1454 45 25 ock,
288 1454 27 26 pä
329 1454 127 22 ständernas
471 1454 161 27 framställning,
648 1454 68 22 likasä
725 1453 107 23 eventuelt
841 1453 44 21 för-

69 1481 74 21 bundit
161 1486 39 21 sig,
218 1484 32 18 att
268 1482 78 27 bevilja
366 1481 34 21 för
422 1482 187 27 Kotkajernvägen
624 1485 31 19 ett
669 1483 74 27 anslag
757 1483 23 21 af
793 1482 93 26 600,000

69 1509 66 27 mark,
150 1508 81 22 hvilket
245 1510 61 22 äfven
322 1510 56 22 skall
392 1511 52 27 utgå
462 1511 48 21 från
526 1510 272 22 öfverskottsstatsmedlen.
828 1509 57 22 Slut-
