1086 1961
218 99 49 40 1276
484 113 93 22 Bergarnst.
589 113 45 22 1885.
644 113 37 22 19.
688 113 39 23 Maj,

199 181 6 21 i
221 181 103 23 rörelsen.
355 181 40 27 Jag
410 182 69 22 skulle
495 182 54 24 dock
563 182 48 23 icke
628 182 50 27 vilja
693 182 28 27 gå
736 181 24 22 så
775 181 60 26 långt
850 187 45 20 som
911 182 38 25 den
960 187 64 20 sena-

199 212 33 19 ste
246 210 83 21 talaren
345 211 39 22 och
399 211 71 26 intaga
488 210 65 22 också
573 210 54 21 1881
644 211 35 21 års
694 211 35 20 lån
745 210 7 20 i
767 209 41 21 den
824 211 96 20 närmast
934 209 92 22 förestå-

199 238 54 22 ende
275 238 184 27 konverteringen,
482 239 90 22 emedan
594 239 37 20 det
652 239 47 24 icke
717 237 70 22 skulle
807 245 51 16 vara
876 239 98 26 lämpligt
991 239 33 20 att

199 267 128 21 konvertera
343 267 59 23 detta
417 267 33 21 lån
466 267 24 22 så
504 269 61 21 snart
580 267 55 21 efter
650 267 49 21 dess
715 267 142 26 upptagande.
965 289 2 2 N

267 295 57 23 Herr
342 295 144 22 Wasenius:
505 295 10 21 I
534 297 89 19 motsats
643 295 32 21 till
695 295 26 20 de
740 294 56 21 bäda
811 297 86 19 senaste
912 295 64 25 ärade
991 296 33 19 ta-

198 323 73 22 larene
287 324 38 20 ber
337 324 37 26 jag
390 323 21 21 fä
426 324 86 21 förorda
526 324 131 26 antagandet
672 323 23 21 af
707 323 117 21 utskottets
840 323 61 22 2:dra
915 323 64 26 kläm,
995 323 28 22 dä

196 351 38 27 jag
250 357 62 17 anser
328 353 32 21 att
374 352 36 21 det
424 352 47 21 icke
486 358 51 14 vore
552 352 33 20 för
602 352 73 21 landet
690 351 31 21 till
738 351 69 26 nägon
823 351 69 21 fördel
907 353 32 19 att
954 351 28 27 pä
996 357 26 20 en

198 380 56 26 gäng
270 380 116 23 verkställa
401 386 25 15 en
441 381 25 21 sä
481 382 44 19 stor
540 380 151 26 konvertering
706 379 22 21 af
743 380 26 20 de
784 379 69 21 finska
868 380 70 25 länen,
950 379 74 24 hvilka

198 408 70 27 uppgä
283 408 33 22 till
333 410 30 19 ett
378 409 75 26 belopp
468 408 24 22 af
504 408 81 22 inemot
599 409 30 21 40
643 408 99 27 miljoner
758 408 67 21 mark.
855 408 37 21 Uti
908 408 26 21 de
949 408 74 21 annui-

198 438 62 24 teter,
276 437 73 22 hvilka
363 443 28 15 nu
407 437 56 27 utgä,
480 437 69 27 ligger
565 443 25 17 en
602 436 54 27 ärlig
666 436 217 27 kapitalafbetalning
894 436 22 21 af
926 436 97 27 omkring

199 466 11 19 1
227 465 73 26 miljon
317 465 67 26 mark,
400 466 38 21 och
451 466 38 26 jag
503 465 76 21 tänker
595 466 43 25 mig
649 467 32 19 att
696 465 36 20 det
748 471 51 15 vore
815 471 25 14 en
856 464 64 27 rigtig
936 466 40 24 väg
991 466 33 22 att

197 493 57 21 inslä
268 493 34 22 vid
319 493 137 22 anskaffande
472 493 22 22 af
507 493 70 22 medel
593 493 34 22 för
642 493 100 22 framtida
758 492 264 27 jernvägsanläggningar,

197 523 33 19 att
248 521 35 21 vid
301 521 74 27 hvarje
393 522 175 26 finansreglering
588 522 44 21 läta
651 522 128 21 konvertera
797 521 65 26 nägot
881 521 23 21 af
921 521 26 20 de
962 521 61 21 äldre

197 550 41 26 41/2
253 549 24 26 %o
294 550 63 21 lånen
376 551 38 21 och
432 551 104 26 derjemte
555 550 27 24 då
600 553 95 24 upptaga
713 551 31 20 ett
762 549 65 27 något
849 551 69 20 större
938 549 83 27 belopp,

197 578 127 27 tillräckligt
342 578 33 21 för
394 581 31 19 att
441 579 88 21 betäcka
547 579 44 26 det,
610 585 45 14 som
679 578 109 21 erfordras
811 578 33 21 för
867 577 111 22 utförande
1001 577 24 22 af

196 607 74 21 vidare
290 607 223 27 jernvägsbyggnader
529 607 68 21 under
612 607 69 21 denna
703 607 37 20 tid.
771 606 10 21 I
799 606 40 21 och
858 606 48 21 med
927 607 35 20 det
978 606 41 21 den

197 635 101 21 karelska
317 635 69 21 banan
405 635 41 21 blir
464 635 147 27 färdigbyggd,
632 635 38 21 har
688 635 85 21 landets
789 635 139 26 jernvägsnät
945 635 7 20 i
968 636 56 19 stort

197 662 71 22 blifvit
290 663 6 21 i
320 664 36 20 det
378 665 106 21 närmaste
506 664 139 25 fullbordadt,
664 664 39 22 och
723 663 28 21 dä
769 663 66 21 borde
854 662 66 27 nägra
938 662 36 21 län
989 662 34 22 för

196 691 114 21 utförande
334 691 23 21 af
378 692 72 21 vidare
470 692 115 26 jernvägar
604 692 6 20 i
629 692 74 21 landet
721 691 46 21 icke
784 697 45 15 mer
844 697 51 15 vara
910 690 111 28 behöfiiga.

196 720 84 20 Landet
295 726 51 20 eger
362 726 27 15 nu
404 720 46 27 fyra
462 720 121 27 jernvägar,
599 720 102 21 förutsatt
716 722 32 19 att
762 719 76 27 Hangö
851 720 91 26 jernväg
953 719 70 21 öfver-

196 748 39 26 går
258 748 33 20 till
313 748 280 26 kommunikationsfonden,
615 748 111 26 nemligen
753 748 32 20 S:t
809 748 136 26 Petersburg,
988 748 34 26 Åbo,

196 776 77 26 Hangö
296 776 38 21 och
357 776 157 27 Vasabanorna,
540 777 73 21 hvilka
638 778 149 25 representera
809 777 31 20 ett
859 776 76 26 belopp
954 776 23 21 af
994 776 28 21 98

196 804 100 26 miljoner
314 805 70 26 mark;
403 806 95 20 deremot
516 806 67 26 stiger
602 805 100 27 beloppet
717 804 23 22 af
754 805 26 20 de
796 804 97 26 statslän,
909 810 45 15 som
970 810 50 20 upp-

196 833 66 26 tagits
277 832 33 22 för
325 833 112 22 utförande
456 834 24 20 af
490 834 232 26 jernvägsbyggnader,
740 832 33 22 till
789 833 77 21 endast
881 833 27 21 53
923 832 99 27 miljoner

197 861 67 21 mark.
294 861 82 21 Landet
395 862 39 21 har
452 862 84 21 säledes
551 862 34 20 till
601 868 25 15 en
643 864 44 19 stor
703 862 34 20 del
754 861 48 21 med
817 861 119 26 besparade
952 861 70 21 medel

196 889 39 22 och
250 889 63 21 äfven
328 890 34 20 till
378 896 25 15 en
419 890 34 21 del
468 896 76 20 genom
561 890 88 26 skatter,
665 896 44 15 som
726 889 71 27 utgätt
811 889 48 24 frän
871 889 73 26 folket,
956 889 66 27 byggt

193 917 117 27 jernvägar
325 918 32 21 till
373 920 31 19 ett
418 919 64 23 värde
498 918 23 21 af
534 919 28 21 45
578 919 98 26 miljoner
691 918 67 21 mark.
789 918 75 20 Redan
879 924 27 14 nu
922 918 34 20 stä
970 918 53 20 vära

194 946 180 27 jernvägsaflärer
393 946 27 27 pä
437 947 41 21 den
496 946 137 27 ståndpunkt,
653 948 32 20 att
699 946 180 22 nettoinkomsten
903 946 46 20 från
963 946 58 26 jern-

196 976 92 24 vägarne
308 974 101 21 betäcker
428 977 75 20 räntan
522 975 27 26 pä
568 976 26 19 de
614 975 97 25 statslän,
730 980 46 15 som
792 974 110 26 upptagits
916 974 34 21 för
962 974 61 27 jern-

195 1003 185 26 vägsbyggnader.
408 1003 42 26 Jag
468 1003 65 26 delar
546 1003 73 21 derför
636 1003 133 26 fullkomligt
783 1002 171 21 statsutskottets
970 1008 53 21 upp-

195 1029 93 28 fattning
311 1031 72 21 derom
405 1033 33 19 att
460 1032 35 21 det
513 1031 6 21 i
538 1031 38 21 vär
595 1032 101 25 ställning
715 1033 24 18 är
758 1031 71 20 bättre
849 1032 32 19 att
896 1031 54 20 efter
964 1031 58 20 hand

194 1058 130 22 konvertera
344 1059 52 21 eller
415 1061 79 20 rättare
514 1060 103 26 ligvidera
635 1060 26 21 de
680 1059 72 26 gamla
769 1059 41 23 4!/2
824 1056 25 25 %
866 1058 62 22 lånen
944 1065 76 20 genom

194 1088 33 20 att
243 1087 55 21 efter
313 1087 65 21 behof
389 1090 96 24 upptaga
499 1094 42 21 nya
556 1088 36 21 län
607 1088 32 21 till
654 1089 15 20 4
683 1086 33 24 9/0.

264 1115 56 22 Herr
335 1115 130 28 Eneberg:
481 1116 10 22 I
506 1116 75 27 frågan
597 1123 33 14 om
646 1117 98 26 anslaget
754 1115 34 22 för
799 1115 174 22 Savolaksbanan
984 1115 37 21 vill

192 1143 38 26 jag
245 1143 75 22 förena
335 1144 42 26 mig
394 1145 48 21 med
456 1145 49 20 herr
520 1144 105 27 Tallgvist
640 1145 80 25 derom,
736 1146 32 19 att
783 1144 36 21 det
830 1150 51 15 vore
890 1143 88 27 lyckligt
986 1149 34 16 om

194 1171 60 22 detta
270 1172 74 26 anslag
360 1172 80 27 höjdes,
456 1173 68 22 säsom
538 1173 208 26 jernvägsutskottet
760 1172 119 27 föreslagit,
895 1172 32 21 till
940 1172 27 21 10
974 1172 47 21 mil-

191 1199 65 27 joner
271 1201 66 25 mark,
353 1201 88 22 emedan
458 1201 121 26 derigenom
595 1201 102 22 arbetena
711 1201 72 21 kunde
794 1201 109 26 hastigare
913 1200 108 21 bedrifvas

194 1228 40 22 och
250 1228 96 22 fördelen
355 1228 23 23 af
384 1235 138 21 gynnsamma
537 1229 154 27 konjunkturer
707 1229 162 26 tillgodogöras.
892 1229 63 20 Hvad
969 1235 53 20 upp-

192 1257 104 26 tagandet
311 1257 23 21 af
347 1257 34 21 län
397 1257 107 26 beträffar,
513 1259 24 20 är
550 1257 38 27 jag
603 1258 7 20 i
625 1257 122 22 hufvudsak
763 1263 52 16 ense
831 1257 48 21 med
893 1257 51 20 herr
954 1257 66 21 Rose-

192 1285 61 25 nius;
266 1285 38 26 jag
318 1285 40 22 har
372 1285 64 22 ocksä
451 1286 59 26 tyckt
525 1287 42 25 mig
582 1285 57 22 finna
654 1286 59 23 bevis
728 1285 28 27 pä
771 1287 32 20 att
818 1285 37 21 det
869 1285 47 21 icke
931 1287 39 24 gör
983 1285 37 21 nä-

192 1314 38 24 got
245 1313 52 26 godt
312 1313 84 27 intryck
410 1314 7 22 i
433 1314 102 26 utlandet,
551 1314 27 21 dä
593 1314 91 21 Finland
699 1314 42 20 den
757 1320 40 14 ena
811 1313 85 26 gängen
911 1312 55 22 efter
980 1314 40 21 den

192 1341 69 21 andra
279 1342 117 26 uppträder
414 1342 40 22 och
472 1342 64 22 söker
553 1344 95 24 upptaga
664 1342 81 21 mindre
761 1342 42 20 län.
833 1341 44 21 Det
891 1347 51 16 vore
958 1341 62 23 otvif-

192 1369 106 26 velaktigt
320 1370 76 26 bättre,
418 1376 34 15 om
474 1376 49 15 man
541 1370 28 26 pä
589 1377 25 15 en
633 1370 56 26 gäng
710 1370 70 21 skulle
795 1371 95 25 upptaga
904 1372 32 18 ett
951 1372 69 19 större

192 1396 43 32 län,
260 1404 37 15 ocn
320 1398 60 21 detta
401 1398 122 22 sedermera
541 1398 70 22 skulle
631 1399 111 21 emitteras
757 1398 7 21 i
780 1398 71 21 skilda
867 1398 72 21 serier.
969 1398 50 22 Men

190 1431 38 21 jag
252 1432 63 15 anser
337 1426 65 22 likväl
426 1428 31 20 att
479 1426 81 27 frågan,
577 1433 34 15 om
630 1427 54 20 huru
704 1427 40 21 och
763 1426 28 27 pä
805 1426 83 21 hvilket
902 1428 43 20 sätt
960 1427 60 20 detta

191 1454 136 27 upptagande
343 1454 23 22 af
380 1461 40 20 nya
434 1454 35 24 län
485 1455 38 22 bör
539 1455 45 25 ske,
599 1455 46 21 icke
661 1455 42 21 kan
718 1455 8 20 i
741 1455 60 21 detta
820 1455 153 26 sammanhang
988 1454 31 21 af-

191 1483 72 25 göras,
278 1484 22 25 ty
316 1482 36 22 det
367 1482 63 22 beror
444 1483 27 27 pä
486 1484 133 26 regleringen
628 1483 23 21 af
659 1483 50 21 hela
720 1482 242 28 bevillningsbudgeten,
972 1488 46 16 som

191 1510 107 22 utskottet
317 1510 116 23 behandlat
451 1512 6 20 i
475 1512 38 21 sitt
532 1511 133 22 betänkande
683 1517 34 15 n:o
738 1512 33 25 16,
790 1511 105 22 huruvida
910 1512 60 20 detta
984 1510 35 22 län
