<?xml version="1.0" encoding="UTF-8"?>
<alto xmlns="http://www.loc.gov/standards/alto/ns-v3#" xmlns:xlink="http://www.w3.org/1999/xlink" xmlns:xsi="http://www.w3.org/2001/XMLSchema-instance" xsi:schemaLocation="http://www.loc.gov/standards/alto/ns-v3# http://www.loc.gov/alto/v3/alto-3-0.xsd">
	<Description>
		<MeasurementUnit>pixel</MeasurementUnit>
		<sourceImageInformation>
			<fileName>/tmp/tess__nhnu4cl_input.PNG</fileName>
		</sourceImageInformation>
		<OCRProcessing ID="OCR_0">
			<ocrProcessingStep>
				<processingSoftware>
					<softwareName>tesseract 5.3.4</softwareName>
				</processingSoftware>
			</ocrProcessingStep>
		</OCRProcessing>
	</Description>
	<Layout>
		<Page WIDTH="1089" HEIGHT="1723" PHYSICAL_IMG_NR="0" ID="page_0">
			<PrintSpace HPOS="0" VPOS="0" WIDTH="1089" HEIGHT="1723">
				<ComposedBlock ID="cblock_0" HPOS="353" VPOS="101" WIDTH="512" HEIGHT="24">
					<TextBlock ID="block_0" HPOS="353" VPOS="101" WIDTH="512" HEIGHT="24">
						<TextLine ID="line_0" HPOS="353" VPOS="101" WIDTH="512" HEIGHT="24">
							<String ID="string_0" HPOS="353" VPOS="102" WIDTH="93" HEIGHT="22" WC="0.90" CONTENT="Borgarest."/><SP WIDTH="11" VPOS="102" HPOS="446"/>
							<String ID="string_1" HPOS="457" VPOS="101" WIDTH="45" HEIGHT="19" WC="0.94" CONTENT="1885."/><SP WIDTH="23" VPOS="101" HPOS="502"/>
							<String ID="string_2" HPOS="525" VPOS="102" WIDTH="23" HEIGHT="18" WC="0.95" CONTENT="20"/><SP WIDTH="12" VPOS="102" HPOS="548"/>
							<String ID="string_3" HPOS="560" VPOS="102" WIDTH="39" HEIGHT="23" WC="0.95" CONTENT="Maj."/><SP WIDTH="222" VPOS="102" HPOS="599"/>
							<String ID="string_4" HPOS="821" VPOS="102" WIDTH="44" HEIGHT="19" WC="0.96" CONTENT="1827"/>
						</TextLine>
					</TextBlock>
				</ComposedBlock>
				<ComposedBlock ID="cblock_1" HPOS="68" VPOS="171" WIDTH="824" HEIGHT="1369">
					<TextBlock ID="block_1" HPOS="69" VPOS="171" WIDTH="822" HEIGHT="340">
						<TextLine ID="line_1" HPOS="70" VPOS="171" WIDTH="818" HEIGHT="29">
							<String ID="string_5" HPOS="70" VPOS="173" WIDTH="73" HEIGHT="27" WC="0.93" CONTENT="lagens"/><SP WIDTH="19" VPOS="173" HPOS="143"/>
							<String ID="string_6" HPOS="162" VPOS="171" WIDTH="124" HEIGHT="22" WC="0.89" CONTENT="efterlefnad"/><SP WIDTH="19" VPOS="171" HPOS="286"/>
							<String ID="string_7" HPOS="305" VPOS="171" WIDTH="78" HEIGHT="26" WC="0.96" CONTENT="derför,"/><SP WIDTH="18" VPOS="171" HPOS="383"/>
							<String ID="string_8" HPOS="401" VPOS="173" WIDTH="32" HEIGHT="19" WC="0.96" CONTENT="att"/><SP WIDTH="18" VPOS="173" HPOS="433"/>
							<String ID="string_9" HPOS="451" VPOS="177" WIDTH="102" HEIGHT="21" WC="0.96" CONTENT="personer"/><SP WIDTH="17" VPOS="177" HPOS="553"/>
							<String ID="string_10" HPOS="570" VPOS="171" WIDTH="75" HEIGHT="27" WC="0.96" CONTENT="finnas,"/><SP WIDTH="20" VPOS="171" HPOS="645"/>
							<String ID="string_11" HPOS="665" VPOS="177" WIDTH="46" HEIGHT="15" WC="0.95" CONTENT="som"/><SP WIDTH="19" VPOS="177" HPOS="711"/>
							<String ID="string_12" HPOS="730" VPOS="172" WIDTH="51" HEIGHT="26" WC="0.96" CONTENT="vilja"/><SP WIDTH="17" VPOS="172" HPOS="781"/>
							<String ID="string_13" HPOS="798" VPOS="172" WIDTH="90" HEIGHT="26" WC="0.96" CONTENT="kringgå"/>
						</TextLine>
						<TextLine ID="line_2" HPOS="71" VPOS="199" WIDTH="817" HEIGHT="27">
							<String ID="string_14" HPOS="71" VPOS="201" WIDTH="126" HEIGHT="21" WC="0.96" CONTENT="densamma."/><SP WIDTH="30" VPOS="201" HPOS="197"/>
							<String ID="string_15" HPOS="227" VPOS="200" WIDTH="69" HEIGHT="22" WC="0.96" CONTENT="Dessa"/><SP WIDTH="15" VPOS="200" HPOS="296"/>
							<String ID="string_16" HPOS="311" VPOS="200" WIDTH="60" HEIGHT="22" WC="0.96" CONTENT="skola"/><SP WIDTH="15" VPOS="200" HPOS="371"/>
							<String ID="string_17" HPOS="386" VPOS="199" WIDTH="33" HEIGHT="21" WC="0.96" CONTENT="för"/><SP WIDTH="15" VPOS="199" HPOS="419"/>
							<String ID="string_18" HPOS="434" VPOS="200" WIDTH="66" HEIGHT="26" WC="0.96" CONTENT="öfrigt"/><SP WIDTH="15" VPOS="200" HPOS="500"/>
							<String ID="string_19" HPOS="515" VPOS="200" WIDTH="61" HEIGHT="21" WC="0.95" CONTENT="alltid"/><SP WIDTH="18" VPOS="200" HPOS="576"/>
							<String ID="string_20" HPOS="594" VPOS="200" WIDTH="53" HEIGHT="21" WC="0.96" CONTENT="höra"/><SP WIDTH="15" VPOS="200" HPOS="647"/>
							<String ID="string_21" HPOS="662" VPOS="200" WIDTH="33" HEIGHT="20" WC="0.90" CONTENT="till."/><SP WIDTH="16" VPOS="200" HPOS="695"/>
							<String ID="string_22" HPOS="711" VPOS="200" WIDTH="139" HEIGHT="26" WC="0.96" CONTENT="undantagen,"/><SP WIDTH="16" VPOS="200" HPOS="850"/>
							<String ID="string_23" HPOS="866" VPOS="202" WIDTH="22" HEIGHT="24" WC="0.96" CONTENT="ty"/>
						</TextLine>
						<TextLine ID="line_3" HPOS="70" VPOS="228" WIDTH="817" HEIGHT="28">
							<String ID="string_24" HPOS="70" VPOS="230" WIDTH="24" HEIGHT="20" WC="0.96" CONTENT="så"/><SP WIDTH="19" VPOS="230" HPOS="94"/>
							<String ID="string_25" HPOS="113" VPOS="229" WIDTH="86" HEIGHT="27" WC="0.93" CONTENT="mycken"/><SP WIDTH="19" VPOS="229" HPOS="199"/>
							<String ID="string_26" HPOS="218" VPOS="229" WIDTH="130" HEIGHT="21" WC="0.92" CONTENT="rättskänsla"/><SP WIDTH="18" VPOS="229" HPOS="348"/>
							<String ID="string_27" HPOS="366" VPOS="228" WIDTH="40" HEIGHT="21" WC="0.96" CONTENT="och"/><SP WIDTH="18" VPOS="228" HPOS="406"/>
							<String ID="string_28" HPOS="424" VPOS="228" WIDTH="24" HEIGHT="21" WC="0.96" CONTENT="så"/><SP WIDTH="19" VPOS="228" HPOS="448"/>
							<String ID="string_29" HPOS="467" VPOS="228" WIDTH="87" HEIGHT="27" WC="0.93" CONTENT="mycken"/><SP WIDTH="16" VPOS="228" HPOS="554"/>
							<String ID="string_30" HPOS="570" VPOS="228" WIDTH="124" HEIGHT="21" WC="0.90" CONTENT="hörsamhet"/><SP WIDTH="15" VPOS="228" HPOS="694"/>
							<String ID="string_31" HPOS="709" VPOS="228" WIDTH="33" HEIGHT="22" WC="0.96" CONTENT="för"/><SP WIDTH="15" VPOS="228" HPOS="742"/>
							<String ID="string_32" HPOS="757" VPOS="228" WIDTH="61" HEIGHT="27" WC="0.96" CONTENT="lagen"/><SP WIDTH="16" VPOS="228" HPOS="818"/>
							<String ID="string_33" HPOS="834" VPOS="228" WIDTH="53" HEIGHT="21" WC="0.96" CONTENT="skall"/>
						</TextLine>
						<TextLine ID="line_4" HPOS="69" VPOS="256" WIDTH="819" HEIGHT="28">
							<String ID="string_34" HPOS="69" VPOS="258" WIDTH="34" HEIGHT="21" WC="0.96" CONTENT="väl"/><SP WIDTH="20" VPOS="258" HPOS="103"/>
							<String ID="string_35" HPOS="123" VPOS="257" WIDTH="53" HEIGHT="22" WC="0.95" CONTENT="dock"/><SP WIDTH="19" VPOS="257" HPOS="176"/>
							<String ID="string_36" HPOS="195" VPOS="257" WIDTH="60" HEIGHT="21" WC="0.92" CONTENT="alltid"/><SP WIDTH="18" VPOS="257" HPOS="255"/>
							<String ID="string_37" HPOS="273" VPOS="257" WIDTH="113" HEIGHT="22" WC="0.92" CONTENT="förefinnas"/><SP WIDTH="15" VPOS="257" HPOS="386"/>
							<String ID="string_38" HPOS="401" VPOS="256" WIDTH="39" HEIGHT="21" WC="0.96" CONTENT="hos"/><SP WIDTH="15" VPOS="256" HPOS="440"/>
							<String ID="string_39" HPOS="455" VPOS="257" WIDTH="47" HEIGHT="21" WC="0.96" CONTENT="vårt"/><SP WIDTH="16" VPOS="257" HPOS="502"/>
							<String ID="string_40" HPOS="518" VPOS="257" WIDTH="51" HEIGHT="26" WC="0.96" CONTENT="folk,"/><SP WIDTH="16" VPOS="257" HPOS="569"/>
							<String ID="string_41" HPOS="585" VPOS="259" WIDTH="31" HEIGHT="19" WC="0.96" CONTENT="att"/><SP WIDTH="18" VPOS="259" HPOS="616"/>
							<String ID="string_42" HPOS="634" VPOS="263" WIDTH="26" HEIGHT="15" WC="0.96" CONTENT="en"/><SP WIDTH="20" VPOS="263" HPOS="660"/>
							<String ID="string_43" HPOS="680" VPOS="257" WIDTH="47" HEIGHT="27" WC="0.96" CONTENT="lags"/><SP WIDTH="19" VPOS="257" HPOS="727"/>
							<String ID="string_44" HPOS="746" VPOS="256" WIDTH="142" HEIGHT="28" WC="0.96" CONTENT="kringgående"/>
						</TextLine>
						<TextLine ID="line_5" HPOS="70" VPOS="285" WIDTH="819" HEIGHT="27">
							<String ID="string_45" HPOS="70" VPOS="287" WIDTH="46" HEIGHT="21" WC="0.96" CONTENT="icke"/><SP WIDTH="19" VPOS="287" HPOS="116"/>
							<String ID="string_46" HPOS="135" VPOS="286" WIDTH="54" HEIGHT="21" WC="0.96" CONTENT="skall"/><SP WIDTH="18" VPOS="286" HPOS="189"/>
							<String ID="string_47" HPOS="207" VPOS="286" WIDTH="71" HEIGHT="20" WC="0.96" CONTENT="kunna"/><SP WIDTH="18" VPOS="286" HPOS="278"/>
							<String ID="string_48" HPOS="296" VPOS="288" WIDTH="63" HEIGHT="24" WC="0.95" CONTENT="göras"/><SP WIDTH="15" VPOS="288" HPOS="359"/>
							<String ID="string_49" HPOS="374" VPOS="285" WIDTH="33" HEIGHT="21" WC="0.95" CONTENT="till"/><SP WIDTH="16" VPOS="285" HPOS="407"/>
							<String ID="string_50" HPOS="423" VPOS="286" WIDTH="66" HEIGHT="26" WC="0.96" CONTENT="regel."/><SP WIDTH="29" VPOS="286" HPOS="489"/>
							<String ID="string_51" HPOS="518" VPOS="286" WIDTH="50" HEIGHT="20" WC="0.96" CONTENT="Man"/><SP WIDTH="16" VPOS="286" HPOS="568"/>
							<String ID="string_52" HPOS="584" VPOS="286" WIDTH="54" HEIGHT="20" WC="0.96" CONTENT="skall"/><SP WIDTH="16" VPOS="286" HPOS="638"/>
							<String ID="string_53" HPOS="654" VPOS="286" WIDTH="74" HEIGHT="20" WC="0.96" CONTENT="vidare"/><SP WIDTH="15" VPOS="286" HPOS="728"/>
							<String ID="string_54" HPOS="743" VPOS="286" WIDTH="79" HEIGHT="20" WC="0.96" CONTENT="kanske"/><SP WIDTH="16" VPOS="286" HPOS="822"/>
							<String ID="string_55" HPOS="838" VPOS="287" WIDTH="51" HEIGHT="25" WC="0.96" CONTENT="säga"/>
						</TextLine>
						<TextLine ID="line_6" HPOS="71" VPOS="314" WIDTH="817" HEIGHT="27">
							<String ID="string_56" HPOS="71" VPOS="317" WIDTH="31" HEIGHT="19" WC="0.92" CONTENT="att"/><SP WIDTH="19" VPOS="317" HPOS="102"/>
							<String ID="string_57" HPOS="121" VPOS="314" WIDTH="78" HEIGHT="27" WC="0.92" CONTENT="vigtiga"/><SP WIDTH="18" VPOS="314" HPOS="199"/>
							<String ID="string_58" HPOS="217" VPOS="314" WIDTH="207" HEIGHT="22" WC="0.90" CONTENT="samhällsintressen"/><SP WIDTH="18" VPOS="314" HPOS="424"/>
							<String ID="string_59" HPOS="442" VPOS="314" WIDTH="75" HEIGHT="20" WC="0.92" CONTENT="kräfva"/><SP WIDTH="15" VPOS="314" HPOS="517"/>
							<String ID="string_60" HPOS="532" VPOS="314" WIDTH="168" HEIGHT="21" WC="0.91" CONTENT="återinförandet"/><SP WIDTH="15" VPOS="314" HPOS="700"/>
							<String ID="string_61" HPOS="715" VPOS="314" WIDTH="23" HEIGHT="21" WC="0.96" CONTENT="af"/><SP WIDTH="14" VPOS="314" HPOS="738"/>
							<String ID="string_62" HPOS="752" VPOS="320" WIDTH="80" HEIGHT="15" WC="0.92" CONTENT="samma"/><SP WIDTH="14" VPOS="320" HPOS="832"/>
							<String ID="string_63" HPOS="846" VPOS="314" WIDTH="42" HEIGHT="20" WC="0.92" CONTENT="för-"/>
						</TextLine>
						<TextLine ID="line_7" HPOS="70" VPOS="342" WIDTH="819" HEIGHT="28">
							<String ID="string_64" HPOS="70" VPOS="342" WIDTH="106" HEIGHT="27" WC="0.96" CONTENT="hållande,"/><SP WIDTH="19" VPOS="342" HPOS="176"/>
							<String ID="string_65" HPOS="195" VPOS="349" WIDTH="44" HEIGHT="15" WC="0.96" CONTENT="som"/><SP WIDTH="20" VPOS="349" HPOS="239"/>
							<String ID="string_66" HPOS="259" VPOS="343" WIDTH="40" HEIGHT="21" WC="0.96" CONTENT="den"/><SP WIDTH="20" VPOS="343" HPOS="299"/>
							<String ID="string_67" HPOS="319" VPOS="349" WIDTH="40" HEIGHT="21" WC="0.96" CONTENT="nya"/><SP WIDTH="18" VPOS="349" HPOS="359"/>
							<String ID="string_68" HPOS="377" VPOS="342" WIDTH="64" HEIGHT="27" WC="0.96" CONTENT="lagen"/><SP WIDTH="15" VPOS="342" HPOS="441"/>
							<String ID="string_69" HPOS="456" VPOS="342" WIDTH="48" HEIGHT="21" WC="0.93" CONTENT="sökt"/><SP WIDTH="16" VPOS="342" HPOS="504"/>
							<String ID="string_70" HPOS="520" VPOS="342" WIDTH="95" HEIGHT="27" WC="0.92" CONTENT="afskaffa,"/><SP WIDTH="16" VPOS="342" HPOS="615"/>
							<String ID="string_71" HPOS="631" VPOS="344" WIDTH="32" HEIGHT="20" WC="0.96" CONTENT="att"/><SP WIDTH="15" VPOS="344" HPOS="663"/>
							<String ID="string_72" HPOS="678" VPOS="343" WIDTH="36" HEIGHT="21" WC="0.96" CONTENT="det"/><SP WIDTH="15" VPOS="343" HPOS="714"/>
							<String ID="string_73" HPOS="729" VPOS="344" WIDTH="25" HEIGHT="20" WC="0.93" CONTENT="är"/><SP WIDTH="14" VPOS="344" HPOS="754"/>
							<String ID="string_74" HPOS="768" VPOS="343" WIDTH="75" HEIGHT="26" WC="0.93" CONTENT="vigtigt"/><SP WIDTH="15" VPOS="343" HPOS="843"/>
							<String ID="string_75" HPOS="858" VPOS="344" WIDTH="31" HEIGHT="19" WC="0.96" CONTENT="att"/>
						</TextLine>
						<TextLine ID="line_8" HPOS="71" VPOS="370" WIDTH="820" HEIGHT="28">
							<String ID="string_76" HPOS="71" VPOS="371" WIDTH="52" HEIGHT="21" WC="0.96" CONTENT="söka"/><SP WIDTH="18" VPOS="371" HPOS="123"/>
							<String ID="string_77" HPOS="141" VPOS="371" WIDTH="106" HEIGHT="22" WC="0.95" CONTENT="bibehålla"/><SP WIDTH="18" VPOS="371" HPOS="247"/>
							<String ID="string_78" HPOS="265" VPOS="371" WIDTH="120" HEIGHT="21" WC="0.96" CONTENT="hemmanet"/><SP WIDTH="18" VPOS="371" HPOS="385"/>
							<String ID="string_79" HPOS="403" VPOS="371" WIDTH="5" HEIGHT="21" WC="0.96" CONTENT="i"/><SP WIDTH="20" VPOS="371" HPOS="408"/>
							<String ID="string_80" HPOS="428" VPOS="377" WIDTH="77" HEIGHT="15" WC="0.96" CONTENT="sonens"/><SP WIDTH="19" VPOS="377" HPOS="505"/>
							<String ID="string_81" HPOS="524" VPOS="377" WIDTH="39" HEIGHT="21" WC="0.96" CONTENT="ego"/><SP WIDTH="19" VPOS="377" HPOS="563"/>
							<String ID="string_82" HPOS="582" VPOS="378" WIDTH="19" HEIGHT="14" WC="0.86" CONTENT="o."/><SP WIDTH="19" VPOS="378" HPOS="601"/>
							<String ID="string_83" HPOS="620" VPOS="377" WIDTH="17" HEIGHT="15" WC="0.96" CONTENT="s."/><SP WIDTH="20" VPOS="377" HPOS="637"/>
							<String ID="string_84" HPOS="657" VPOS="378" WIDTH="18" HEIGHT="14" WC="0.94" CONTENT="v."/><SP WIDTH="32" VPOS="378" HPOS="675"/>
							<String ID="string_85" HPOS="707" VPOS="371" WIDTH="49" HEIGHT="21" WC="0.96" CONTENT="Men"/><SP WIDTH="19" VPOS="371" HPOS="756"/>
							<String ID="string_86" HPOS="775" VPOS="371" WIDTH="74" HEIGHT="21" WC="0.96" CONTENT="värdet"/><SP WIDTH="19" VPOS="371" HPOS="849"/>
							<String ID="string_87" HPOS="868" VPOS="370" WIDTH="23" HEIGHT="21" WC="0.97" CONTENT="af"/>
						</TextLine>
						<TextLine ID="line_9" HPOS="71" VPOS="399" WIDTH="817" HEIGHT="27">
							<String ID="string_88" HPOS="71" VPOS="400" WIDTH="61" HEIGHT="21" WC="0.96" CONTENT="dessa"/><SP WIDTH="15" VPOS="400" HPOS="132"/>
							<String ID="string_89" HPOS="147" VPOS="400" WIDTH="152" HEIGHT="26" WC="0.96" CONTENT="invändningar"/><SP WIDTH="15" VPOS="400" HPOS="299"/>
							<String ID="string_90" HPOS="314" VPOS="400" WIDTH="39" HEIGHT="21" WC="0.96" CONTENT="har"/><SP WIDTH="15" VPOS="400" HPOS="353"/>
							<String ID="string_91" HPOS="368" VPOS="406" WIDTH="48" HEIGHT="14" WC="0.96" CONTENT="man"/><SP WIDTH="12" VPOS="406" HPOS="416"/>
							<String ID="string_92" HPOS="428" VPOS="399" WIDTH="69" HEIGHT="21" WC="0.93" CONTENT="redan"/><SP WIDTH="16" VPOS="399" HPOS="497"/>
							<String ID="string_93" HPOS="513" VPOS="400" WIDTH="57" HEIGHT="20" WC="0.93" CONTENT="förut"/><SP WIDTH="15" VPOS="400" HPOS="570"/>
							<String ID="string_94" HPOS="585" VPOS="400" WIDTH="91" HEIGHT="26" WC="0.93" CONTENT="pröfvat,"/><SP WIDTH="9" VPOS="400" HPOS="676"/>
							<String ID="string_95" HPOS="685" VPOS="400" WIDTH="39" HEIGHT="21" WC="0.96" CONTENT="och"/><SP WIDTH="16" VPOS="400" HPOS="724"/>
							<String ID="string_96" HPOS="740" VPOS="400" WIDTH="36" HEIGHT="21" WC="0.96" CONTENT="det"/><SP WIDTH="14" VPOS="400" HPOS="776"/>
							<String ID="string_97" HPOS="790" VPOS="400" WIDTH="40" HEIGHT="20" WC="0.96" CONTENT="kan"/><SP WIDTH="12" VPOS="400" HPOS="830"/>
							<String ID="string_98" HPOS="842" VPOS="399" WIDTH="46" HEIGHT="21" WC="0.96" CONTENT="icke"/>
						</TextLine>
						<TextLine ID="line_10" HPOS="71" VPOS="428" WIDTH="817" HEIGHT="27">
							<String ID="string_99" HPOS="71" VPOS="428" WIDTH="64" HEIGHT="21" WC="0.95" CONTENT="nekas"/><SP WIDTH="16" VPOS="428" HPOS="135"/>
							<String ID="string_100" HPOS="151" VPOS="431" WIDTH="31" HEIGHT="18" WC="0.96" CONTENT="att"/><SP WIDTH="15" VPOS="431" HPOS="182"/>
							<String ID="string_101" HPOS="197" VPOS="429" WIDTH="25" HEIGHT="20" WC="0.96" CONTENT="de"/><SP WIDTH="16" VPOS="429" HPOS="222"/>
							<String ID="string_102" HPOS="238" VPOS="428" WIDTH="91" HEIGHT="21" WC="0.93" CONTENT="nämnda"/><SP WIDTH="16" VPOS="428" HPOS="329"/>
							<String ID="string_103" HPOS="345" VPOS="428" WIDTH="165" HEIGHT="27" WC="0.92" CONTENT="olägenheterna"/><SP WIDTH="15" VPOS="428" HPOS="510"/>
							<String ID="string_104" HPOS="525" VPOS="429" WIDTH="6" HEIGHT="20" WC="0.96" CONTENT="i"/><SP WIDTH="16" VPOS="429" HPOS="531"/>
							<String ID="string_105" HPOS="547" VPOS="428" WIDTH="104" HEIGHT="26" WC="0.96" CONTENT="väsentlig"/><SP WIDTH="15" VPOS="428" HPOS="651"/>
							<String ID="string_106" HPOS="666" VPOS="428" WIDTH="49" HEIGHT="21" WC="0.93" CONTENT="mån"/><SP WIDTH="17" VPOS="428" HPOS="715"/>
							<String ID="string_107" HPOS="732" VPOS="430" WIDTH="107" HEIGHT="25" WC="0.92" CONTENT="motvägas"/><SP WIDTH="14" VPOS="430" HPOS="839"/>
							<String ID="string_108" HPOS="853" VPOS="433" WIDTH="35" HEIGHT="21" WC="0.92" CONTENT="ge-"/>
						</TextLine>
						<TextLine ID="line_11" HPOS="71" VPOS="456" WIDTH="818" HEIGHT="27">
							<String ID="string_109" HPOS="71" VPOS="463" WIDTH="48" HEIGHT="14" WC="0.96" CONTENT="nom"/><SP WIDTH="19" VPOS="463" HPOS="119"/>
							<String ID="string_110" HPOS="138" VPOS="457" WIDTH="40" HEIGHT="21" WC="0.95" CONTENT="den"/><SP WIDTH="19" VPOS="457" HPOS="178"/>
							<String ID="string_111" HPOS="197" VPOS="459" WIDTH="68" HEIGHT="18" WC="0.93" CONTENT="större"/><SP WIDTH="19" VPOS="459" HPOS="265"/>
							<String ID="string_112" HPOS="284" VPOS="456" WIDTH="93" HEIGHT="26" WC="0.91" CONTENT="arfsrätt,"/><SP WIDTH="16" VPOS="456" HPOS="377"/>
							<String ID="string_113" HPOS="393" VPOS="462" WIDTH="45" HEIGHT="15" WC="0.95" CONTENT="som"/><SP WIDTH="19" VPOS="462" HPOS="438"/>
							<String ID="string_114" HPOS="457" VPOS="456" WIDTH="7" HEIGHT="21" WC="0.96" CONTENT="i"/><SP WIDTH="20" VPOS="456" HPOS="464"/>
							<String ID="string_115" HPOS="484" VPOS="457" WIDTH="73" HEIGHT="21" WC="0.96" CONTENT="stället"/><SP WIDTH="18" VPOS="457" HPOS="557"/>
							<String ID="string_116" HPOS="575" VPOS="457" WIDTH="131" HEIGHT="20" WC="0.93" CONTENT="tillkommer"/><SP WIDTH="20" VPOS="457" HPOS="706"/>
							<String ID="string_117" HPOS="726" VPOS="457" WIDTH="96" HEIGHT="26" WC="0.91" CONTENT="qvinnan,"/><SP WIDTH="19" VPOS="457" HPOS="822"/>
							<String ID="string_118" HPOS="841" VPOS="456" WIDTH="48" HEIGHT="21" WC="0.96" CONTENT="med"/>
						</TextLine>
						<TextLine ID="line_12" HPOS="71" VPOS="485" WIDTH="442" HEIGHT="26">
							<String ID="string_119" HPOS="71" VPOS="485" WIDTH="65" HEIGHT="21" WC="0.96" CONTENT="andra"/><SP WIDTH="15" VPOS="485" HPOS="136"/>
							<String ID="string_120" HPOS="151" VPOS="486" WIDTH="49" HEIGHT="20" WC="0.93" CONTENT="ord:"/><SP WIDTH="16" VPOS="486" HPOS="200"/>
							<String ID="string_121" HPOS="216" VPOS="485" WIDTH="198" HEIGHT="26" WC="0.91" CONTENT="hemmansegarens"/><SP WIDTH="17" VPOS="485" HPOS="414"/>
							<String ID="string_122" HPOS="431" VPOS="485" WIDTH="82" HEIGHT="21" WC="0.95" CONTENT="hustru."/>
						</TextLine>
					</TextBlock>
					<TextBlock ID="block_2" HPOS="70" VPOS="513" WIDTH="822" HEIGHT="534">
						<TextLine ID="line_13" HPOS="137" VPOS="513" WIDTH="751" HEIGHT="28">
							<String ID="string_123" HPOS="137" VPOS="514" WIDTH="42" HEIGHT="27" WC="0.96" CONTENT="Jag"/><SP WIDTH="14" VPOS="514" HPOS="179"/>
							<String ID="string_124" HPOS="193" VPOS="513" WIDTH="65" HEIGHT="27" WC="0.96" CONTENT="vågar"/><SP WIDTH="15" VPOS="513" HPOS="258"/>
							<String ID="string_125" HPOS="273" VPOS="513" WIDTH="18" HEIGHT="27" WC="0.96" CONTENT="ej"/><SP WIDTH="16" VPOS="513" HPOS="291"/>
							<String ID="string_126" HPOS="307" VPOS="513" WIDTH="81" HEIGHT="27" WC="0.96" CONTENT="hoppas"/><SP WIDTH="15" VPOS="513" HPOS="388"/>
							<String ID="string_127" HPOS="403" VPOS="515" WIDTH="32" HEIGHT="19" WC="0.93" CONTENT="att"/><SP WIDTH="12" VPOS="515" HPOS="435"/>
							<String ID="string_128" HPOS="447" VPOS="513" WIDTH="177" HEIGHT="27" WC="0.90" CONTENT="borgareståndet"/><SP WIDTH="11" VPOS="513" HPOS="624"/>
							<String ID="string_129" HPOS="635" VPOS="513" WIDTH="56" HEIGHT="22" WC="0.96" CONTENT="skall"/><SP WIDTH="11" VPOS="513" HPOS="691"/>
							<String ID="string_130" HPOS="702" VPOS="513" WIDTH="95" HEIGHT="22" WC="0.92" CONTENT="förkasta"/><SP WIDTH="9" VPOS="513" HPOS="797"/>
							<String ID="string_131" HPOS="806" VPOS="513" WIDTH="82" HEIGHT="22" WC="0.92" CONTENT="utskot-"/>
						</TextLine>
						<TextLine ID="line_14" HPOS="71" VPOS="541" WIDTH="819" HEIGHT="28">
							<String ID="string_132" HPOS="71" VPOS="544" WIDTH="40" HEIGHT="19" WC="0.92" CONTENT="tets"/><SP WIDTH="20" VPOS="544" HPOS="111"/>
							<String ID="string_133" HPOS="131" VPOS="542" WIDTH="86" HEIGHT="27" WC="0.95" CONTENT="förslag."/><SP WIDTH="29" VPOS="542" HPOS="217"/>
							<String ID="string_134" HPOS="246" VPOS="542" WIDTH="49" HEIGHT="21" WC="0.96" CONTENT="Men"/><SP WIDTH="19" VPOS="542" HPOS="295"/>
							<String ID="string_135" HPOS="314" VPOS="542" WIDTH="33" HEIGHT="21" WC="0.96" CONTENT="för"/><SP WIDTH="23" VPOS="542" HPOS="347"/>
							<String ID="string_136" HPOS="370" VPOS="542" WIDTH="42" HEIGHT="20" WC="0.96" CONTENT="min"/><SP WIDTH="22" VPOS="542" HPOS="412"/>
							<String ID="string_137" HPOS="434" VPOS="541" WIDTH="34" HEIGHT="22" WC="0.96" CONTENT="del"/><SP WIDTH="19" VPOS="541" HPOS="468"/>
							<String ID="string_138" HPOS="487" VPOS="542" WIDTH="42" HEIGHT="21" WC="0.96" CONTENT="kan"/><SP WIDTH="17" VPOS="542" HPOS="529"/>
							<String ID="string_139" HPOS="546" VPOS="543" WIDTH="37" HEIGHT="26" WC="0.96" CONTENT="jag"/><SP WIDTH="19" VPOS="543" HPOS="583"/>
							<String ID="string_140" HPOS="602" VPOS="543" WIDTH="18" HEIGHT="26" WC="0.96" CONTENT="ej"/><SP WIDTH="20" VPOS="543" HPOS="620"/>
							<String ID="string_141" HPOS="640" VPOS="542" WIDTH="114" HEIGHT="27" WC="0.96" CONTENT="godkänna"/><SP WIDTH="19" VPOS="542" HPOS="754"/>
							<String ID="string_142" HPOS="773" VPOS="543" WIDTH="117" HEIGHT="20" WC="0.95" CONTENT="detsamma"/>
						</TextLine>
						<TextLine ID="line_15" HPOS="71" VPOS="570" WIDTH="817" HEIGHT="27">
							<String ID="string_143" HPOS="71" VPOS="577" WIDTH="34" HEIGHT="14" WC="0.95" CONTENT="nu."/><SP WIDTH="23" VPOS="577" HPOS="105"/>
							<String ID="string_144" HPOS="128" VPOS="571" WIDTH="30" HEIGHT="26" WC="0.96" CONTENT="Ty"/><SP WIDTH="15" VPOS="571" HPOS="158"/>
							<String ID="string_145" HPOS="173" VPOS="577" WIDTH="33" HEIGHT="14" WC="0.96" CONTENT="om"/><SP WIDTH="16" VPOS="577" HPOS="206"/>
							<String ID="string_146" HPOS="222" VPOS="577" WIDTH="47" HEIGHT="14" WC="0.95" CONTENT="man"/><SP WIDTH="16" VPOS="577" HPOS="269"/>
							<String ID="string_147" HPOS="285" VPOS="571" WIDTH="36" HEIGHT="20" WC="0.96" CONTENT="vill"/><SP WIDTH="16" VPOS="571" HPOS="321"/>
							<String ID="string_148" HPOS="337" VPOS="572" WIDTH="31" HEIGHT="19" WC="0.96" CONTENT="att"/><SP WIDTH="16" VPOS="572" HPOS="368"/>
							<String ID="string_149" HPOS="384" VPOS="570" WIDTH="40" HEIGHT="21" WC="0.96" CONTENT="den"/><SP WIDTH="16" VPOS="570" HPOS="424"/>
							<String ID="string_150" HPOS="440" VPOS="571" WIDTH="42" HEIGHT="26" WC="0.96" CONTENT="lag,"/><SP WIDTH="16" VPOS="571" HPOS="482"/>
							<String ID="string_151" HPOS="498" VPOS="577" WIDTH="46" HEIGHT="15" WC="0.96" CONTENT="som"/><SP WIDTH="15" VPOS="577" HPOS="544"/>
							<String ID="string_152" HPOS="559" VPOS="571" WIDTH="56" HEIGHT="20" WC="0.96" CONTENT="inför"/><SP WIDTH="15" VPOS="571" HPOS="615"/>
							<String ID="string_153" HPOS="630" VPOS="571" WIDTH="44" HEIGHT="20" WC="0.93" CONTENT="lika"/><SP WIDTH="16" VPOS="571" HPOS="674"/>
							<String ID="string_154" HPOS="690" VPOS="571" WIDTH="88" HEIGHT="21" WC="0.92" CONTENT="arfsrätt"/><SP WIDTH="9" VPOS="571" HPOS="778"/>
							<String ID="string_155" HPOS="787" VPOS="571" WIDTH="33" HEIGHT="21" WC="0.93" CONTENT="för"/><SP WIDTH="11" VPOS="571" HPOS="820"/>
							<String ID="string_156" HPOS="831" VPOS="571" WIDTH="57" HEIGHT="26" WC="0.91" CONTENT="qvin-"/>
						</TextLine>
						<TextLine ID="line_16" HPOS="71" VPOS="599" WIDTH="818" HEIGHT="27">
							<String ID="string_157" HPOS="71" VPOS="604" WIDTH="48" HEIGHT="21" WC="0.96" CONTENT="nan,"/><SP WIDTH="18" VPOS="604" HPOS="119"/>
							<String ID="string_158" HPOS="137" VPOS="599" WIDTH="54" HEIGHT="21" WC="0.93" CONTENT="skall"/><SP WIDTH="16" VPOS="599" HPOS="191"/>
							<String ID="string_159" HPOS="207" VPOS="599" WIDTH="89" HEIGHT="22" WC="0.92" CONTENT="rotfästa"/><SP WIDTH="15" VPOS="599" HPOS="296"/>
							<String ID="string_160" HPOS="311" VPOS="599" WIDTH="32" HEIGHT="27" WC="0.96" CONTENT="sig"/><SP WIDTH="19" VPOS="599" HPOS="343"/>
							<String ID="string_161" HPOS="362" VPOS="599" WIDTH="6" HEIGHT="20" WC="0.96" CONTENT="i"/><SP WIDTH="18" VPOS="599" HPOS="368"/>
							<String ID="string_162" HPOS="386" VPOS="599" WIDTH="78" HEIGHT="26" WC="0.96" CONTENT="praxis,"/><SP WIDTH="20" VPOS="599" HPOS="464"/>
							<String ID="string_163" HPOS="484" VPOS="600" WIDTH="55" HEIGHT="21" WC="0.96" CONTENT="skall"/><SP WIDTH="19" VPOS="600" HPOS="539"/>
							<String ID="string_164" HPOS="558" VPOS="605" WIDTH="47" HEIGHT="15" WC="0.96" CONTENT="man"/><SP WIDTH="20" VPOS="605" HPOS="605"/>
							<String ID="string_165" HPOS="625" VPOS="600" WIDTH="19" HEIGHT="26" WC="0.96" CONTENT="ej"/><SP WIDTH="19" VPOS="600" HPOS="644"/>
							<String ID="string_166" HPOS="663" VPOS="599" WIDTH="87" HEIGHT="27" WC="0.96" CONTENT="vidtaga"/><SP WIDTH="18" VPOS="599" HPOS="750"/>
							<String ID="string_167" HPOS="768" VPOS="606" WIDTH="24" HEIGHT="15" WC="0.92" CONTENT="en"/><SP WIDTH="19" VPOS="606" HPOS="792"/>
							<String ID="string_168" HPOS="811" VPOS="599" WIDTH="78" HEIGHT="27" WC="0.92" CONTENT="lagför-"/>
						</TextLine>
						<TextLine ID="line_17" HPOS="71" VPOS="627" WIDTH="821" HEIGHT="28">
							<String ID="string_169" HPOS="71" VPOS="628" WIDTH="96" HEIGHT="26" WC="0.96" CONTENT="ändring,"/><SP WIDTH="16" VPOS="628" HPOS="167"/>
							<String ID="string_170" HPOS="183" VPOS="628" WIDTH="62" HEIGHT="21" WC="0.93" CONTENT="hvars"/><SP WIDTH="15" VPOS="628" HPOS="245"/>
							<String ID="string_171" HPOS="260" VPOS="627" WIDTH="101" HEIGHT="28" WC="0.92" CONTENT="uppgifna"/><SP WIDTH="15" VPOS="627" HPOS="361"/>
							<String ID="string_172" HPOS="376" VPOS="627" WIDTH="98" HEIGHT="27" WC="0.92" CONTENT="syftemål"/><SP WIDTH="16" VPOS="627" HPOS="474"/>
							<String ID="string_173" HPOS="490" VPOS="630" WIDTH="25" HEIGHT="19" WC="0.96" CONTENT="är"/><SP WIDTH="15" VPOS="630" HPOS="515"/>
							<String ID="string_174" HPOS="530" VPOS="630" WIDTH="31" HEIGHT="19" WC="0.96" CONTENT="att"/><SP WIDTH="15" VPOS="630" HPOS="561"/>
							<String ID="string_175" HPOS="576" VPOS="628" WIDTH="111" HEIGHT="21" WC="0.96" CONTENT="motverka"/><SP WIDTH="9" VPOS="628" HPOS="687"/>
							<String ID="string_176" HPOS="696" VPOS="628" WIDTH="160" HEIGHT="27" WC="0.96" CONTENT="tillämpningen"/><SP WIDTH="11" VPOS="628" HPOS="856"/>
							<String ID="string_177" HPOS="867" VPOS="627" WIDTH="25" HEIGHT="21" WC="0.96" CONTENT="af"/>
						</TextLine>
						<TextLine ID="line_18" HPOS="71" VPOS="656" WIDTH="817" HEIGHT="27">
							<String ID="string_178" HPOS="71" VPOS="657" WIDTH="41" HEIGHT="20" WC="0.96" CONTENT="den"/><SP WIDTH="15" VPOS="657" HPOS="112"/>
							<String ID="string_179" HPOS="127" VPOS="656" WIDTH="90" HEIGHT="27" WC="0.93" CONTENT="tidigare"/><SP WIDTH="15" VPOS="656" HPOS="217"/>
							<String ID="string_180" HPOS="232" VPOS="656" WIDTH="193" HEIGHT="27" WC="0.87" CONTENT="lagförändringen."/><SP WIDTH="22" VPOS="656" HPOS="425"/>
							<String ID="string_181" HPOS="447" VPOS="657" WIDTH="75" HEIGHT="20" WC="0.96" CONTENT="Ehuru"/><SP WIDTH="16" VPOS="657" HPOS="522"/>
							<String ID="string_182" HPOS="538" VPOS="657" WIDTH="40" HEIGHT="20" WC="0.96" CONTENT="alls"/><SP WIDTH="14" VPOS="657" HPOS="578"/>
							<String ID="string_183" HPOS="592" VPOS="657" WIDTH="47" HEIGHT="20" WC="0.95" CONTENT="icke"/><SP WIDTH="17" VPOS="657" HPOS="639"/>
							<String ID="string_184" HPOS="656" VPOS="657" WIDTH="144" HEIGHT="20" WC="0.96" CONTENT="motståndare"/><SP WIDTH="15" VPOS="657" HPOS="800"/>
							<String ID="string_185" HPOS="815" VPOS="657" WIDTH="6" HEIGHT="20" WC="0.93" CONTENT="i"/><SP WIDTH="12" VPOS="657" HPOS="821"/>
							<String ID="string_186" HPOS="833" VPOS="656" WIDTH="55" HEIGHT="27" WC="0.89" CONTENT="prin-"/>
						</TextLine>
						<TextLine ID="line_19" HPOS="71" VPOS="685" WIDTH="818" HEIGHT="27">
							<String ID="string_187" HPOS="71" VPOS="685" WIDTH="33" HEIGHT="26" WC="0.91" CONTENT="cip"/><SP WIDTH="15" VPOS="685" HPOS="104"/>
							<String ID="string_188" HPOS="119" VPOS="687" WIDTH="43" HEIGHT="18" WC="0.95" CONTENT="mot"/><SP WIDTH="16" VPOS="687" HPOS="162"/>
							<String ID="string_189" HPOS="178" VPOS="687" WIDTH="29" HEIGHT="19" WC="0.95" CONTENT="ett"/><SP WIDTH="15" VPOS="687" HPOS="207"/>
							<String ID="string_190" HPOS="222" VPOS="685" WIDTH="80" HEIGHT="26" WC="0.96" CONTENT="förslag"/><SP WIDTH="15" VPOS="685" HPOS="302"/>
							<String ID="string_191" HPOS="317" VPOS="691" WIDTH="33" HEIGHT="14" WC="0.92" CONTENT="om"/><SP WIDTH="16" VPOS="691" HPOS="350"/>
							<String ID="string_192" HPOS="366" VPOS="685" WIDTH="279" HEIGHT="27" WC="0.92" CONTENT="arfvejordsinstitutionens"/><SP WIDTH="9" VPOS="685" HPOS="645"/>
							<String ID="string_193" HPOS="654" VPOS="685" WIDTH="137" HEIGHT="27" WC="0.91" CONTENT="afskaffande,"/><SP WIDTH="11" VPOS="685" HPOS="791"/>
							<String ID="string_194" HPOS="802" VPOS="685" WIDTH="40" HEIGHT="21" WC="0.96" CONTENT="kan"/><SP WIDTH="9" VPOS="685" HPOS="842"/>
							<String ID="string_195" HPOS="851" VPOS="685" WIDTH="38" HEIGHT="26" WC="0.96" CONTENT="jag"/>
						</TextLine>
						<TextLine ID="line_20" HPOS="71" VPOS="713" WIDTH="818" HEIGHT="27">
							<String ID="string_196" HPOS="71" VPOS="713" WIDTH="70" HEIGHT="22" WC="0.96" CONTENT="derför"/><SP WIDTH="16" VPOS="713" HPOS="141"/>
							<String ID="string_197" HPOS="157" VPOS="713" WIDTH="32" HEIGHT="21" WC="0.96" CONTENT="för"/><SP WIDTH="14" VPOS="713" HPOS="189"/>
							<String ID="string_198" HPOS="203" VPOS="713" WIDTH="131" HEIGHT="21" WC="0.96" CONTENT="närvarande"/><SP WIDTH="15" VPOS="713" HPOS="334"/>
							<String ID="string_199" HPOS="349" VPOS="713" WIDTH="19" HEIGHT="27" WC="0.92" CONTENT="ej"/><SP WIDTH="17" VPOS="713" HPOS="368"/>
							<String ID="string_200" HPOS="385" VPOS="713" WIDTH="130" HEIGHT="22" WC="0.92" CONTENT="understöda"/><SP WIDTH="15" VPOS="713" HPOS="515"/>
							<String ID="string_201" HPOS="530" VPOS="715" WIDTH="32" HEIGHT="20" WC="0.96" CONTENT="ett"/><SP WIDTH="12" VPOS="715" HPOS="562"/>
							<String ID="string_202" HPOS="574" VPOS="714" WIDTH="82" HEIGHT="26" WC="0.95" CONTENT="sådant,"/><SP WIDTH="12" VPOS="714" HPOS="656"/>
							<String ID="string_203" HPOS="668" VPOS="714" WIDTH="39" HEIGHT="21" WC="0.96" CONTENT="och"/><SP WIDTH="15" VPOS="714" HPOS="707"/>
							<String ID="string_204" HPOS="722" VPOS="720" WIDTH="47" HEIGHT="15" WC="0.96" CONTENT="man"/><SP WIDTH="14" VPOS="720" HPOS="769"/>
							<String ID="string_205" HPOS="783" VPOS="714" WIDTH="34" HEIGHT="21" WC="0.93" CONTENT="må"/><SP WIDTH="13" VPOS="714" HPOS="817"/>
							<String ID="string_206" HPOS="830" VPOS="714" WIDTH="59" HEIGHT="25" WC="0.92" CONTENT="inga-"/>
						</TextLine>
						<TextLine ID="line_21" HPOS="73" VPOS="741" WIDTH="815" HEIGHT="28">
							<String ID="string_207" HPOS="73" VPOS="742" WIDTH="63" HEIGHT="21" WC="0.92" CONTENT="lunda"/><SP WIDTH="15" VPOS="742" HPOS="136"/>
							<String ID="string_208" HPOS="151" VPOS="744" WIDTH="51" HEIGHT="24" WC="0.96" CONTENT="säga"/><SP WIDTH="15" VPOS="744" HPOS="202"/>
							<String ID="string_209" HPOS="217" VPOS="744" WIDTH="31" HEIGHT="19" WC="0.95" CONTENT="att"/><SP WIDTH="15" VPOS="744" HPOS="248"/>
							<String ID="string_210" HPOS="263" VPOS="742" WIDTH="37" HEIGHT="21" WC="0.96" CONTENT="det"/><SP WIDTH="14" VPOS="742" HPOS="300"/>
							<String ID="string_211" HPOS="314" VPOS="741" WIDTH="67" HEIGHT="22" WC="0.96" CONTENT="finnes"/><SP WIDTH="15" VPOS="741" HPOS="381"/>
							<String ID="string_212" HPOS="396" VPOS="742" WIDTH="66" HEIGHT="27" WC="0.95" CONTENT="något"/><SP WIDTH="14" VPOS="742" HPOS="462"/>
							<String ID="string_213" HPOS="476" VPOS="742" WIDTH="24" HEIGHT="21" WC="0.93" CONTENT="så"/><SP WIDTH="16" VPOS="742" HPOS="500"/>
							<String ID="string_214" HPOS="516" VPOS="742" WIDTH="107" HEIGHT="27" WC="0.92" CONTENT="sjelffallet"/><SP WIDTH="11" VPOS="742" HPOS="623"/>
							<String ID="string_215" HPOS="634" VPOS="743" WIDTH="103" HEIGHT="20" WC="0.96" CONTENT="samband"/><SP WIDTH="11" VPOS="743" HPOS="737"/>
							<String ID="string_216" HPOS="748" VPOS="743" WIDTH="88" HEIGHT="20" WC="0.96" CONTENT="emellan"/><SP WIDTH="12" VPOS="743" HPOS="836"/>
							<String ID="string_217" HPOS="848" VPOS="741" WIDTH="40" HEIGHT="22" WC="0.96" CONTENT="den"/>
						</TextLine>
						<TextLine ID="line_22" HPOS="72" VPOS="770" WIDTH="817" HEIGHT="27">
							<String ID="string_218" HPOS="72" VPOS="777" WIDTH="39" HEIGHT="14" WC="0.96" CONTENT="ena"/><SP WIDTH="15" VPOS="777" HPOS="111"/>
							<String ID="string_219" HPOS="126" VPOS="770" WIDTH="39" HEIGHT="21" WC="0.96" CONTENT="och"/><SP WIDTH="16" VPOS="770" HPOS="165"/>
							<String ID="string_220" HPOS="181" VPOS="771" WIDTH="38" HEIGHT="20" WC="0.96" CONTENT="den"/><SP WIDTH="16" VPOS="771" HPOS="219"/>
							<String ID="string_221" HPOS="235" VPOS="770" WIDTH="66" HEIGHT="21" WC="0.96" CONTENT="andra"/><SP WIDTH="16" VPOS="770" HPOS="301"/>
							<String ID="string_222" HPOS="317" VPOS="770" WIDTH="112" HEIGHT="27" WC="0.96" CONTENT="reformen,"/><SP WIDTH="16" VPOS="770" HPOS="429"/>
							<String ID="string_223" HPOS="445" VPOS="773" WIDTH="32" HEIGHT="18" WC="0.96" CONTENT="att"/><SP WIDTH="15" VPOS="773" HPOS="477"/>
							<String ID="string_224" HPOS="492" VPOS="771" WIDTH="41" HEIGHT="20" WC="0.96" CONTENT="den"/><SP WIDTH="11" VPOS="771" HPOS="533"/>
							<String ID="string_225" HPOS="544" VPOS="771" WIDTH="128" HEIGHT="26" WC="0.96" CONTENT="föregående"/><SP WIDTH="11" VPOS="771" HPOS="672"/>
							<String ID="string_226" HPOS="683" VPOS="771" WIDTH="129" HEIGHT="26" WC="0.96" CONTENT="nödvändigt"/><SP WIDTH="8" VPOS="771" HPOS="812"/>
							<String ID="string_227" HPOS="820" VPOS="770" WIDTH="69" HEIGHT="21" WC="0.96" CONTENT="skulle"/>
						</TextLine>
						<TextLine ID="line_23" HPOS="70" VPOS="799" WIDTH="819" HEIGHT="27">
							<String ID="string_228" HPOS="70" VPOS="799" WIDTH="85" HEIGHT="26" WC="0.92" CONTENT="betinga"/><SP WIDTH="18" VPOS="799" HPOS="155"/>
							<String ID="string_229" HPOS="173" VPOS="799" WIDTH="39" HEIGHT="21" WC="0.96" CONTENT="den"/><SP WIDTH="21" VPOS="799" HPOS="212"/>
							<String ID="string_230" HPOS="233" VPOS="805" WIDTH="27" HEIGHT="14" WC="0.96" CONTENT="nu"/><SP WIDTH="19" VPOS="805" HPOS="260"/>
							<String ID="string_231" HPOS="279" VPOS="799" WIDTH="126" HEIGHT="26" WC="0.96" CONTENT="föreslagna."/><SP WIDTH="30" VPOS="799" HPOS="405"/>
							<String ID="string_232" HPOS="435" VPOS="799" WIDTH="57" HEIGHT="21" WC="0.96" CONTENT="Utan"/><SP WIDTH="18" VPOS="799" HPOS="492"/>
							<String ID="string_233" HPOS="510" VPOS="799" WIDTH="56" HEIGHT="27" WC="0.95" CONTENT="hopp"/><SP WIDTH="22" VPOS="799" HPOS="566"/>
							<String ID="string_234" HPOS="588" VPOS="805" WIDTH="33" HEIGHT="15" WC="0.95" CONTENT="om"/><SP WIDTH="19" VPOS="805" HPOS="621"/>
							<String ID="string_235" HPOS="640" VPOS="801" WIDTH="32" HEIGHT="19" WC="0.95" CONTENT="att"/><SP WIDTH="18" VPOS="801" HPOS="672"/>
							<String ID="string_236" HPOS="690" VPOS="799" WIDTH="68" HEIGHT="22" WC="0.96" CONTENT="förmå"/><SP WIDTH="18" VPOS="799" HPOS="758"/>
							<String ID="string_237" HPOS="776" VPOS="801" WIDTH="52" HEIGHT="25" WC="0.96" CONTENT="göra"/><SP WIDTH="18" VPOS="801" HPOS="828"/>
							<String ID="string_238" HPOS="846" VPOS="799" WIDTH="43" HEIGHT="20" WC="0.96" CONTENT="min"/>
						</TextLine>
						<TextLine ID="line_24" HPOS="71" VPOS="827" WIDTH="819" HEIGHT="28">
							<String ID="string_239" HPOS="71" VPOS="827" WIDTH="83" HEIGHT="27" WC="0.95" CONTENT="mening"/><SP WIDTH="17" VPOS="827" HPOS="154"/>
							<String ID="string_240" HPOS="171" VPOS="828" WIDTH="97" HEIGHT="26" WC="0.95" CONTENT="gällande"/><SP WIDTH="19" VPOS="828" HPOS="268"/>
							<String ID="string_241" HPOS="287" VPOS="827" WIDTH="38" HEIGHT="21" WC="0.95" CONTENT="har"/><SP WIDTH="16" VPOS="827" HPOS="325"/>
							<String ID="string_242" HPOS="341" VPOS="827" WIDTH="38" HEIGHT="27" WC="0.96" CONTENT="jag"/><SP WIDTH="18" VPOS="827" HPOS="379"/>
							<String ID="string_243" HPOS="397" VPOS="828" WIDTH="54" HEIGHT="21" WC="0.96" CONTENT="dock"/><SP WIDTH="16" VPOS="828" HPOS="451"/>
							<String ID="string_244" HPOS="467" VPOS="830" WIDTH="71" HEIGHT="19" WC="0.96" CONTENT="ansett"/><SP WIDTH="14" VPOS="830" HPOS="538"/>
							<String ID="string_245" HPOS="552" VPOS="828" WIDTH="44" HEIGHT="27" WC="0.96" CONTENT="mig"/><SP WIDTH="15" VPOS="828" HPOS="596"/>
							<String ID="string_246" HPOS="611" VPOS="828" WIDTH="18" HEIGHT="27" WC="0.96" CONTENT="ej"/><SP WIDTH="17" VPOS="828" HPOS="629"/>
							<String ID="string_247" HPOS="646" VPOS="828" WIDTH="72" HEIGHT="21" WC="0.95" CONTENT="kunna"/><SP WIDTH="15" VPOS="828" HPOS="718"/>
							<String ID="string_248" HPOS="733" VPOS="828" WIDTH="111" HEIGHT="21" WC="0.96" CONTENT="underlåta"/><SP WIDTH="14" VPOS="828" HPOS="844"/>
							<String ID="string_249" HPOS="858" VPOS="829" WIDTH="32" HEIGHT="19" WC="0.96" CONTENT="att"/>
						</TextLine>
						<TextLine ID="line_25" HPOS="70" VPOS="856" WIDTH="819" HEIGHT="28">
							<String ID="string_250" HPOS="70" VPOS="856" WIDTH="104" HEIGHT="26" WC="0.96" CONTENT="nedlägga"/><SP WIDTH="15" VPOS="856" HPOS="174"/>
							<String ID="string_251" HPOS="189" VPOS="862" WIDTH="24" HEIGHT="15" WC="0.96" CONTENT="en"/><SP WIDTH="16" VPOS="862" HPOS="213"/>
							<String ID="string_252" HPOS="229" VPOS="858" WIDTH="81" HEIGHT="25" WC="0.96" CONTENT="protest"/><SP WIDTH="15" VPOS="858" HPOS="310"/>
							<String ID="string_253" HPOS="325" VPOS="858" WIDTH="43" HEIGHT="19" WC="0.96" CONTENT="mot"/><SP WIDTH="15" VPOS="858" HPOS="368"/>
							<String ID="string_254" HPOS="383" VPOS="856" WIDTH="40" HEIGHT="21" WC="0.96" CONTENT="den"/><SP WIDTH="11" VPOS="856" HPOS="423"/>
							<String ID="string_255" HPOS="434" VPOS="857" WIDTH="143" HEIGHT="27" WC="0.96" CONTENT="uppfattning,"/><SP WIDTH="11" VPOS="857" HPOS="577"/>
							<String ID="string_256" HPOS="588" VPOS="863" WIDTH="44" HEIGHT="15" WC="0.96" CONTENT="som"/><SP WIDTH="12" VPOS="863" HPOS="632"/>
							<String ID="string_257" HPOS="644" VPOS="857" WIDTH="115" HEIGHT="27" WC="0.93" CONTENT="genomgår"/><SP WIDTH="7" VPOS="857" HPOS="759"/>
							<String ID="string_258" HPOS="766" VPOS="857" WIDTH="123" HEIGHT="27" WC="0.92" CONTENT="petitionen,"/>
						</TextLine>
						<TextLine ID="line_26" HPOS="71" VPOS="884" WIDTH="819" HEIGHT="28">
							<String ID="string_259" HPOS="71" VPOS="887" WIDTH="54" HEIGHT="19" WC="0.96" CONTENT="samt"/><SP WIDTH="14" VPOS="887" HPOS="125"/>
							<String ID="string_260" HPOS="139" VPOS="887" WIDTH="45" HEIGHT="19" WC="0.96" CONTENT="mot"/><SP WIDTH="13" VPOS="887" HPOS="184"/>
							<String ID="string_261" HPOS="197" VPOS="885" WIDTH="102" HEIGHT="26" WC="0.96" CONTENT="förslaget"/><SP WIDTH="15" VPOS="885" HPOS="299"/>
							<String ID="string_262" HPOS="314" VPOS="891" WIDTH="32" HEIGHT="15" WC="0.93" CONTENT="om"/><SP WIDTH="16" VPOS="891" HPOS="346"/>
							<String ID="string_263" HPOS="362" VPOS="884" WIDTH="278" HEIGHT="28" WC="0.92" CONTENT="arfvejordsinstitutionens"/><SP WIDTH="16" VPOS="884" HPOS="640"/>
							<String ID="string_264" HPOS="656" VPOS="886" WIDTH="131" HEIGHT="20" WC="0.88" CONTENT="afskatfande"/><SP WIDTH="15" VPOS="886" HPOS="787"/>
							<String ID="string_265" HPOS="802" VPOS="885" WIDTH="24" HEIGHT="21" WC="0.96" CONTENT="sä"/><SP WIDTH="15" VPOS="885" HPOS="826"/>
							<String ID="string_266" HPOS="841" VPOS="885" WIDTH="49" HEIGHT="20" WC="0.96" CONTENT="kort"/>
						</TextLine>
						<TextLine ID="line_27" HPOS="71" VPOS="913" WIDTH="818" HEIGHT="28">
							<String ID="string_267" HPOS="71" VPOS="913" WIDTH="30" HEIGHT="21" WC="0.96" CONTENT="tid"/><SP WIDTH="16" VPOS="913" HPOS="101"/>
							<String ID="string_268" HPOS="117" VPOS="913" WIDTH="53" HEIGHT="21" WC="0.96" CONTENT="efter"/><SP WIDTH="15" VPOS="913" HPOS="170"/>
							<String ID="string_269" HPOS="185" VPOS="914" WIDTH="36" HEIGHT="20" WC="0.96" CONTENT="det"/><SP WIDTH="13" VPOS="914" HPOS="221"/>
							<String ID="string_270" HPOS="234" VPOS="914" WIDTH="62" HEIGHT="26" WC="0.96" CONTENT="lagen"/><SP WIDTH="16" VPOS="914" HPOS="296"/>
							<String ID="string_271" HPOS="312" VPOS="920" WIDTH="33" HEIGHT="14" WC="0.96" CONTENT="om"/><SP WIDTH="16" VPOS="920" HPOS="345"/>
							<String ID="string_272" HPOS="361" VPOS="914" WIDTH="44" HEIGHT="20" WC="0.93" CONTENT="lika"/><SP WIDTH="14" VPOS="914" HPOS="405"/>
							<String ID="string_273" HPOS="419" VPOS="914" WIDTH="55" HEIGHT="21" WC="0.93" CONTENT="arfs-"/><SP WIDTH="16" VPOS="914" HPOS="474"/>
							<String ID="string_274" HPOS="490" VPOS="914" WIDTH="38" HEIGHT="21" WC="0.93" CONTENT="och"/><SP WIDTH="16" VPOS="914" HPOS="528"/>
							<String ID="string_275" HPOS="544" VPOS="914" WIDTH="97" HEIGHT="26" WC="0.92" CONTENT="giftorätt"/><SP WIDTH="14" VPOS="914" HPOS="641"/>
							<String ID="string_276" HPOS="655" VPOS="914" WIDTH="34" HEIGHT="21" WC="0.93" CONTENT="för"/><SP WIDTH="10" VPOS="914" HPOS="689"/>
							<String ID="string_277" HPOS="699" VPOS="915" WIDTH="90" HEIGHT="26" WC="0.92" CONTENT="gvinnan"/><SP WIDTH="11" VPOS="915" HPOS="789"/>
							<String ID="string_278" HPOS="800" VPOS="920" WIDTH="44" HEIGHT="14" WC="0.96" CONTENT="som"/><SP WIDTH="12" VPOS="920" HPOS="844"/>
							<String ID="string_279" HPOS="856" VPOS="913" WIDTH="33" HEIGHT="21" WC="0.96" CONTENT="för"/>
						</TextLine>
						<TextLine ID="line_28" HPOS="71" VPOS="942" WIDTH="818" HEIGHT="27">
							<String ID="string_280" HPOS="71" VPOS="947" WIDTH="88" HEIGHT="15" WC="0.90" CONTENT="mannen"/><SP WIDTH="16" VPOS="947" HPOS="159"/>
							<String ID="string_281" HPOS="175" VPOS="942" WIDTH="69" HEIGHT="21" WC="0.90" CONTENT="blifvit"/><SP WIDTH="15" VPOS="942" HPOS="244"/>
							<String ID="string_282" HPOS="259" VPOS="944" WIDTH="42" HEIGHT="18" WC="0.93" CONTENT="satt"/><SP WIDTH="14" VPOS="944" HPOS="301"/>
							<String ID="string_283" HPOS="315" VPOS="943" WIDTH="6" HEIGHT="19" WC="0.93" CONTENT="i"/><SP WIDTH="16" VPOS="943" HPOS="321"/>
							<String ID="string_284" HPOS="337" VPOS="942" WIDTH="143" HEIGHT="27" WC="0.91" CONTENT="tillämpning;"/><SP WIDTH="16" VPOS="942" HPOS="480"/>
							<String ID="string_285" HPOS="496" VPOS="942" WIDTH="40" HEIGHT="21" WC="0.93" CONTENT="och"/><SP WIDTH="15" VPOS="942" HPOS="536"/>
							<String ID="string_286" HPOS="551" VPOS="942" WIDTH="67" HEIGHT="21" WC="0.93" CONTENT="mäste"/><SP WIDTH="14" VPOS="942" HPOS="618"/>
							<String ID="string_287" HPOS="632" VPOS="943" WIDTH="36" HEIGHT="26" WC="0.93" CONTENT="jag"/><SP WIDTH="17" VPOS="943" HPOS="668"/>
							<String ID="string_288" HPOS="685" VPOS="942" WIDTH="77" HEIGHT="27" WC="0.92" CONTENT="derför,"/><SP WIDTH="17" VPOS="942" HPOS="762"/>
							<String ID="string_289" HPOS="779" VPOS="942" WIDTH="47" HEIGHT="21" WC="0.96" CONTENT="med"/><SP WIDTH="11" VPOS="942" HPOS="826"/>
							<String ID="string_290" HPOS="837" VPOS="942" WIDTH="52" HEIGHT="21" WC="0.96" CONTENT="eller"/>
						</TextLine>
						<TextLine ID="line_29" HPOS="71" VPOS="970" WIDTH="819" HEIGHT="28">
							<String ID="string_291" HPOS="71" VPOS="972" WIDTH="49" HEIGHT="19" WC="0.93" CONTENT="utan"/><SP WIDTH="19" VPOS="972" HPOS="120"/>
							<String ID="string_292" HPOS="139" VPOS="970" WIDTH="54" HEIGHT="27" WC="0.92" CONTENT="hopp"/><SP WIDTH="20" VPOS="970" HPOS="193"/>
							<String ID="string_293" HPOS="213" VPOS="976" WIDTH="33" HEIGHT="15" WC="0.93" CONTENT="om"/><SP WIDTH="19" VPOS="976" HPOS="246"/>
							<String ID="string_294" HPOS="265" VPOS="970" WIDTH="116" HEIGHT="27" WC="0.92" CONTENT="framgäng,"/><SP WIDTH="20" VPOS="970" HPOS="381"/>
							<String ID="string_295" HPOS="401" VPOS="971" WIDTH="33" HEIGHT="20" WC="0.96" CONTENT="för"/><SP WIDTH="19" VPOS="971" HPOS="434"/>
							<String ID="string_296" HPOS="453" VPOS="971" WIDTH="43" HEIGHT="21" WC="0.96" CONTENT="min"/><SP WIDTH="20" VPOS="971" HPOS="496"/>
							<String ID="string_297" HPOS="516" VPOS="971" WIDTH="34" HEIGHT="21" WC="0.93" CONTENT="del"/><SP WIDTH="15" VPOS="971" HPOS="550"/>
							<String ID="string_298" HPOS="565" VPOS="971" WIDTH="86" HEIGHT="27" WC="0.93" CONTENT="päyrka,"/><SP WIDTH="17" VPOS="971" HPOS="651"/>
							<String ID="string_299" HPOS="668" VPOS="973" WIDTH="31" HEIGHT="19" WC="0.93" CONTENT="att"/><SP WIDTH="15" VPOS="973" HPOS="699"/>
							<String ID="string_300" HPOS="714" VPOS="970" WIDTH="176" HEIGHT="27" WC="0.92" CONTENT="borgareständet"/>
						</TextLine>
						<TextLine ID="line_30" HPOS="70" VPOS="998" WIDTH="819" HEIGHT="28">
							<String ID="string_301" HPOS="70" VPOS="998" WIDTH="49" HEIGHT="21" WC="0.93" CONTENT="ville"/><SP WIDTH="26" VPOS="998" HPOS="119"/>
							<String ID="string_302" HPOS="145" VPOS="998" WIDTH="43" HEIGHT="21" WC="0.96" CONTENT="låta"/><SP WIDTH="21" VPOS="998" HPOS="188"/>
							<String ID="string_303" HPOS="209" VPOS="999" WIDTH="114" HEIGHT="21" WC="0.96" CONTENT="utskottets"/><SP WIDTH="22" VPOS="999" HPOS="323"/>
							<String ID="string_304" HPOS="345" VPOS="999" WIDTH="39" HEIGHT="21" WC="0.93" CONTENT="och"/><SP WIDTH="22" VPOS="999" HPOS="384"/>
							<String ID="string_305" HPOS="406" VPOS="999" WIDTH="155" HEIGHT="27" WC="0.92" CONTENT="petitionärens"/><SP WIDTH="23" VPOS="999" HPOS="561"/>
							<String ID="string_306" HPOS="584" VPOS="999" WIDTH="80" HEIGHT="27" WC="0.96" CONTENT="förslag"/><SP WIDTH="24" VPOS="999" HPOS="664"/>
							<String ID="string_307" HPOS="688" VPOS="999" WIDTH="34" HEIGHT="22" WC="0.96" CONTENT="för"/><SP WIDTH="22" VPOS="999" HPOS="722"/>
							<String ID="string_308" HPOS="744" VPOS="1000" WIDTH="68" HEIGHT="21" WC="0.93" CONTENT="denna"/><SP WIDTH="22" VPOS="1000" HPOS="812"/>
							<String ID="string_309" HPOS="834" VPOS="999" WIDTH="55" HEIGHT="26" WC="0.96" CONTENT="gång"/>
						</TextLine>
						<TextLine ID="line_31" HPOS="71" VPOS="1026" WIDTH="90" HEIGHT="21">
							<String ID="string_310" HPOS="71" VPOS="1026" WIDTH="90" HEIGHT="21" WC="0.91" CONTENT="förfalla."/>
						</TextLine>
					</TextBlock>
					<TextBlock ID="block_3" HPOS="68" VPOS="1055" WIDTH="822" HEIGHT="485">
						<TextLine ID="line_32" HPOS="137" VPOS="1055" WIDTH="752" HEIGHT="29">
							<String ID="string_311" HPOS="137" VPOS="1055" WIDTH="56" HEIGHT="21" WC="0.96" CONTENT="Herr"/><SP WIDTH="16" VPOS="1055" HPOS="193"/>
							<String ID="string_312" HPOS="209" VPOS="1056" WIDTH="160" HEIGHT="21" WC="0.96" CONTENT="Serlachius:"/><SP WIDTH="16" VPOS="1056" HPOS="369"/>
							<String ID="string_313" HPOS="385" VPOS="1056" WIDTH="42" HEIGHT="27" WC="0.93" CONTENT="Jag"/><SP WIDTH="16" VPOS="1056" HPOS="427"/>
							<String ID="string_314" HPOS="443" VPOS="1057" WIDTH="65" HEIGHT="26" WC="0.92" CONTENT="vägar"/><SP WIDTH="16" VPOS="1057" HPOS="508"/>
							<String ID="string_315" HPOS="524" VPOS="1057" WIDTH="18" HEIGHT="27" WC="0.88" CONTENT="ej"/><SP WIDTH="12" VPOS="1057" HPOS="542"/>
							<String ID="string_316" HPOS="554" VPOS="1057" WIDTH="69" HEIGHT="21" WC="0.88" CONTENT="säsom"/><SP WIDTH="12" VPOS="1057" HPOS="623"/>
							<String ID="string_317" HPOS="635" VPOS="1057" WIDTH="41" HEIGHT="21" WC="0.93" CONTENT="den"/><SP WIDTH="11" VPOS="1057" HPOS="676"/>
							<String ID="string_318" HPOS="687" VPOS="1056" WIDTH="127" HEIGHT="27" WC="0.92" CONTENT="föregäende"/><SP WIDTH="10" VPOS="1056" HPOS="814"/>
							<String ID="string_319" HPOS="824" VPOS="1055" WIDTH="65" HEIGHT="22" WC="0.92" CONTENT="ärade"/>
						</TextLine>
						<TextLine ID="line_33" HPOS="71" VPOS="1084" WIDTH="818" HEIGHT="28">
							<String ID="string_320" HPOS="71" VPOS="1084" WIDTH="79" HEIGHT="21" WC="0.88" CONTENT="talaren"/><SP WIDTH="19" VPOS="1084" HPOS="150"/>
							<String ID="string_321" HPOS="169" VPOS="1085" WIDTH="68" HEIGHT="20" WC="0.88" CONTENT="uttala"/><SP WIDTH="19" VPOS="1085" HPOS="237"/>
							<String ID="string_322" HPOS="256" VPOS="1085" WIDTH="69" HEIGHT="20" WC="0.92" CONTENT="säsom"/><SP WIDTH="19" VPOS="1085" HPOS="325"/>
							<String ID="string_323" HPOS="344" VPOS="1085" WIDTH="67" HEIGHT="26" WC="0.92" CONTENT="nägon"/><SP WIDTH="21" VPOS="1085" HPOS="411"/>
							<String ID="string_324" HPOS="432" VPOS="1085" WIDTH="97" HEIGHT="21" WC="0.92" CONTENT="bestämd"/><SP WIDTH="16" VPOS="1085" HPOS="529"/>
							<String ID="string_325" HPOS="545" VPOS="1085" WIDTH="55" HEIGHT="27" WC="0.89" CONTENT="äsigt"/><SP WIDTH="16" VPOS="1085" HPOS="600"/>
							<String ID="string_326" HPOS="616" VPOS="1086" WIDTH="53" HEIGHT="20" WC="0.92" CONTENT="hvad"/><SP WIDTH="16" VPOS="1086" HPOS="669"/>
							<String ID="string_327" HPOS="685" VPOS="1085" WIDTH="140" HEIGHT="27" WC="0.92" CONTENT="petitionären"/><SP WIDTH="17" VPOS="1085" HPOS="825"/>
							<String ID="string_328" HPOS="842" VPOS="1084" WIDTH="47" HEIGHT="21" WC="0.96" CONTENT="med"/>
						</TextLine>
						<TextLine ID="line_34" HPOS="71" VPOS="1112" WIDTH="818" HEIGHT="29">
							<String ID="string_329" HPOS="71" VPOS="1112" WIDTH="36" HEIGHT="21" WC="0.92" CONTENT="sitt"/><SP WIDTH="18" VPOS="1112" HPOS="107"/>
							<String ID="string_330" HPOS="125" VPOS="1113" WIDTH="209" HEIGHT="25" WC="0.1" CONTENT="petitionsmemoria]"/><SP WIDTH="20" VPOS="1113" HPOS="334"/>
							<String ID="string_331" HPOS="354" VPOS="1113" WIDTH="121" HEIGHT="27" WC="0.93" CONTENT="egentligen"/><SP WIDTH="20" VPOS="1113" HPOS="475"/>
							<String ID="string_332" HPOS="495" VPOS="1114" WIDTH="84" HEIGHT="27" WC="0.92" CONTENT="äsyftat."/><SP WIDTH="30" VPOS="1114" HPOS="579"/>
							<String ID="string_333" HPOS="609" VPOS="1114" WIDTH="42" HEIGHT="21" WC="0.96" CONTENT="Det"/><SP WIDTH="15" VPOS="1114" HPOS="651"/>
							<String ID="string_334" HPOS="666" VPOS="1116" WIDTH="24" HEIGHT="19" WC="0.96" CONTENT="är"/><SP WIDTH="19" VPOS="1116" HPOS="690"/>
							<String ID="string_335" HPOS="709" VPOS="1114" WIDTH="83" HEIGHT="26" WC="0.96" CONTENT="möjligt"/><SP WIDTH="14" VPOS="1114" HPOS="792"/>
							<String ID="string_336" HPOS="806" VPOS="1115" WIDTH="32" HEIGHT="19" WC="0.97" CONTENT="att"/><SP WIDTH="14" VPOS="1115" HPOS="838"/>
							<String ID="string_337" HPOS="852" VPOS="1113" WIDTH="37" HEIGHT="20" WC="0.96" CONTENT="det"/>
						</TextLine>
						<TextLine ID="line_35" HPOS="71" VPOS="1141" WIDTH="819" HEIGHT="27">
							<String ID="string_338" HPOS="71" VPOS="1141" WIDTH="56" HEIGHT="20" WC="0.93" CONTENT="afser"/><SP WIDTH="18" VPOS="1141" HPOS="127"/>
							<String ID="string_339" HPOS="145" VPOS="1143" WIDTH="31" HEIGHT="19" WC="0.93" CONTENT="ett"/><SP WIDTH="18" VPOS="1143" HPOS="176"/>
							<String ID="string_340" HPOS="194" VPOS="1143" WIDTH="90" HEIGHT="19" WC="0.92" CONTENT="attentat"/><SP WIDTH="19" VPOS="1143" HPOS="284"/>
							<String ID="string_341" HPOS="303" VPOS="1143" WIDTH="42" HEIGHT="20" WC="0.93" CONTENT="mot"/><SP WIDTH="18" VPOS="1143" HPOS="345"/>
							<String ID="string_342" HPOS="363" VPOS="1142" WIDTH="103" HEIGHT="26" WC="0.91" CONTENT="gvinnans"/><SP WIDTH="20" VPOS="1142" HPOS="466"/>
							<String ID="string_343" HPOS="486" VPOS="1143" WIDTH="43" HEIGHT="20" WC="0.92" CONTENT="lika"/><SP WIDTH="21" VPOS="1143" HPOS="529"/>
							<String ID="string_344" HPOS="550" VPOS="1142" WIDTH="94" HEIGHT="26" WC="0.89" CONTENT="arfsrätt,"/><SP WIDTH="19" VPOS="1142" HPOS="644"/>
							<String ID="string_345" HPOS="663" VPOS="1149" WIDTH="47" HEIGHT="14" WC="0.96" CONTENT="men"/><SP WIDTH="20" VPOS="1149" HPOS="710"/>
							<String ID="string_346" HPOS="730" VPOS="1143" WIDTH="36" HEIGHT="20" WC="0.96" CONTENT="det"/><SP WIDTH="17" VPOS="1143" HPOS="766"/>
							<String ID="string_347" HPOS="783" VPOS="1144" WIDTH="24" HEIGHT="19" WC="0.93" CONTENT="är"/><SP WIDTH="19" VPOS="1144" HPOS="807"/>
							<String ID="string_348" HPOS="826" VPOS="1141" WIDTH="64" HEIGHT="21" WC="0.92" CONTENT="ocksä"/>
						</TextLine>
						<TextLine ID="line_36" HPOS="71" VPOS="1169" WIDTH="819" HEIGHT="28">
							<String ID="string_349" HPOS="71" VPOS="1169" WIDTH="81" HEIGHT="26" WC="0.96" CONTENT="möjligt"/><SP WIDTH="15" VPOS="1169" HPOS="152"/>
							<String ID="string_350" HPOS="167" VPOS="1171" WIDTH="32" HEIGHT="19" WC="0.96" CONTENT="att"/><SP WIDTH="14" VPOS="1171" HPOS="199"/>
							<String ID="string_351" HPOS="213" VPOS="1170" WIDTH="36" HEIGHT="21" WC="0.93" CONTENT="det"/><SP WIDTH="15" VPOS="1170" HPOS="249"/>
							<String ID="string_352" HPOS="264" VPOS="1170" WIDTH="18" HEIGHT="27" WC="0.93" CONTENT="ej"/><SP WIDTH="16" VPOS="1170" HPOS="282"/>
							<String ID="string_353" HPOS="298" VPOS="1172" WIDTH="24" HEIGHT="19" WC="0.96" CONTENT="är"/><SP WIDTH="15" VPOS="1172" HPOS="322"/>
							<String ID="string_354" HPOS="337" VPOS="1171" WIDTH="42" HEIGHT="20" WC="0.96" CONTENT="det."/><SP WIDTH="22" VPOS="1171" HPOS="379"/>
							<String ID="string_355" HPOS="401" VPOS="1170" WIDTH="43" HEIGHT="21" WC="0.96" CONTENT="Det"/><SP WIDTH="16" VPOS="1170" HPOS="444"/>
							<String ID="string_356" HPOS="460" VPOS="1172" WIDTH="25" HEIGHT="19" WC="0.96" CONTENT="är"/><SP WIDTH="15" VPOS="1172" HPOS="485"/>
							<String ID="string_357" HPOS="500" VPOS="1171" WIDTH="83" HEIGHT="26" WC="0.96" CONTENT="möjligt"/><SP WIDTH="15" VPOS="1171" HPOS="583"/>
							<String ID="string_358" HPOS="598" VPOS="1173" WIDTH="30" HEIGHT="19" WC="0.96" CONTENT="att"/><SP WIDTH="16" VPOS="1173" HPOS="628"/>
							<String ID="string_359" HPOS="644" VPOS="1171" WIDTH="36" HEIGHT="21" WC="0.93" CONTENT="det"/><SP WIDTH="14" VPOS="1171" HPOS="680"/>
							<String ID="string_360" HPOS="694" VPOS="1171" WIDTH="58" HEIGHT="21" WC="0.92" CONTENT="afser"/><SP WIDTH="14" VPOS="1171" HPOS="752"/>
							<String ID="string_361" HPOS="766" VPOS="1171" WIDTH="65" HEIGHT="26" WC="0.92" CONTENT="nägot"/><SP WIDTH="15" VPOS="1171" HPOS="831"/>
							<String ID="string_362" HPOS="846" VPOS="1169" WIDTH="44" HEIGHT="21" WC="0.96" CONTENT="helt"/>
						</TextLine>
						<TextLine ID="line_37" HPOS="70" VPOS="1198" WIDTH="819" HEIGHT="28">
							<String ID="string_363" HPOS="70" VPOS="1200" WIDTH="69" HEIGHT="24" WC="0.93" CONTENT="annat,"/><SP WIDTH="22" VPOS="1200" HPOS="139"/>
							<String ID="string_364" HPOS="161" VPOS="1199" WIDTH="104" HEIGHT="26" WC="0.90" CONTENT="nemligen"/><SP WIDTH="24" VPOS="1199" HPOS="265"/>
							<String ID="string_365" HPOS="289" VPOS="1201" WIDTH="31" HEIGHT="18" WC="0.96" CONTENT="att"/><SP WIDTH="21" VPOS="1201" HPOS="320"/>
							<String ID="string_366" HPOS="341" VPOS="1199" WIDTH="63" HEIGHT="26" WC="0.96" CONTENT="lägga"/><SP WIDTH="22" VPOS="1199" HPOS="404"/>
							<String ID="string_367" HPOS="426" VPOS="1199" WIDTH="7" HEIGHT="20" WC="0.95" CONTENT="i"/><SP WIDTH="23" VPOS="1199" HPOS="433"/>
							<String ID="string_368" HPOS="456" VPOS="1205" WIDTH="27" HEIGHT="15" WC="0.93" CONTENT="en"/><SP WIDTH="23" VPOS="1205" HPOS="483"/>
							<String ID="string_369" HPOS="506" VPOS="1199" WIDTH="132" HEIGHT="22" WC="0.91" CONTENT="omtänksam"/><SP WIDTH="24" VPOS="1199" HPOS="638"/>
							<String ID="string_370" HPOS="662" VPOS="1199" WIDTH="152" HEIGHT="27" WC="0.91" CONTENT="familjefaders"/><SP WIDTH="19" VPOS="1199" HPOS="814"/>
							<String ID="string_371" HPOS="833" VPOS="1198" WIDTH="56" HEIGHT="21" WC="0.96" CONTENT="hand"/>
						</TextLine>
						<TextLine ID="line_38" HPOS="71" VPOS="1226" WIDTH="819" HEIGHT="28">
							<String ID="string_372" HPOS="71" VPOS="1226" WIDTH="135" HEIGHT="27" WC="0.92" CONTENT="möjligheten"/><SP WIDTH="23" VPOS="1226" HPOS="206"/>
							<String ID="string_373" HPOS="229" VPOS="1229" WIDTH="31" HEIGHT="18" WC="0.96" CONTENT="att"/><SP WIDTH="22" VPOS="1229" HPOS="260"/>
							<String ID="string_374" HPOS="282" VPOS="1227" WIDTH="81" HEIGHT="27" WC="0.96" CONTENT="skydda"/><SP WIDTH="22" VPOS="1227" HPOS="363"/>
							<String ID="string_375" HPOS="385" VPOS="1234" WIDTH="25" HEIGHT="15" WC="0.91" CONTENT="en"/><SP WIDTH="23" VPOS="1234" HPOS="410"/>
							<String ID="string_376" HPOS="433" VPOS="1227" WIDTH="148" HEIGHT="27" WC="0.91" CONTENT="förmögenhet"/><SP WIDTH="21" VPOS="1227" HPOS="581"/>
							<String ID="string_377" HPOS="602" VPOS="1230" WIDTH="44" HEIGHT="19" WC="0.96" CONTENT="mot"/><SP WIDTH="19" VPOS="1230" HPOS="646"/>
							<String ID="string_378" HPOS="665" VPOS="1230" WIDTH="31" HEIGHT="19" WC="0.93" CONTENT="att"/><SP WIDTH="18" VPOS="1230" HPOS="696"/>
							<String ID="string_379" HPOS="714" VPOS="1228" WIDTH="59" HEIGHT="21" WC="0.91" CONTENT="delas"/><SP WIDTH="18" VPOS="1228" HPOS="773"/>
							<String ID="string_380" HPOS="791" VPOS="1228" WIDTH="6" HEIGHT="20" WC="0.93" CONTENT="i"/><SP WIDTH="20" VPOS="1228" HPOS="797"/>
							<String ID="string_381" HPOS="817" VPOS="1227" WIDTH="73" HEIGHT="21" WC="0.92" CONTENT="alltför"/>
						</TextLine>
						<TextLine ID="line_39" HPOS="71" VPOS="1255" WIDTH="819" HEIGHT="27">
							<String ID="string_382" HPOS="71" VPOS="1255" WIDTH="75" HEIGHT="26" WC="0.90" CONTENT="många"/><SP WIDTH="23" VPOS="1255" HPOS="146"/>
							<String ID="string_383" HPOS="169" VPOS="1255" WIDTH="64" HEIGHT="21" WC="0.95" CONTENT="lotter"/><SP WIDTH="22" VPOS="1255" HPOS="233"/>
							<String ID="string_384" HPOS="255" VPOS="1255" WIDTH="38" HEIGHT="22" WC="0.93" CONTENT="och"/><SP WIDTH="19" VPOS="1255" HPOS="293"/>
							<String ID="string_385" HPOS="312" VPOS="1256" WIDTH="89" HEIGHT="21" WC="0.96" CONTENT="sålunda"/><SP WIDTH="18" VPOS="1256" HPOS="401"/>
							<String ID="string_386" HPOS="419" VPOS="1256" WIDTH="68" HEIGHT="21" WC="0.96" CONTENT="blifva"/><SP WIDTH="18" VPOS="1256" HPOS="487"/>
							<String ID="string_387" HPOS="505" VPOS="1256" WIDTH="34" HEIGHT="22" WC="0.93" CONTENT="för"/><SP WIDTH="17" VPOS="1256" HPOS="539"/>
							<String ID="string_388" HPOS="556" VPOS="1257" WIDTH="52" HEIGHT="20" WC="0.96" CONTENT="hvar"/><SP WIDTH="15" VPOS="1257" HPOS="608"/>
							<String ID="string_389" HPOS="623" VPOS="1257" WIDTH="38" HEIGHT="20" WC="0.96" CONTENT="och"/><SP WIDTH="16" VPOS="1257" HPOS="661"/>
							<String ID="string_390" HPOS="677" VPOS="1263" WIDTH="25" HEIGHT="14" WC="0.96" CONTENT="en"/><SP WIDTH="16" VPOS="1263" HPOS="702"/>
							<String ID="string_391" HPOS="718" VPOS="1257" WIDTH="23" HEIGHT="20" WC="0.93" CONTENT="af"/><SP WIDTH="13" VPOS="1257" HPOS="741"/>
							<String ID="string_392" HPOS="754" VPOS="1256" WIDTH="136" HEIGHT="26" WC="0.92" CONTENT="arfvingarna"/>
						</TextLine>
						<TextLine ID="line_40" HPOS="69" VPOS="1279" WIDTH="821" HEIGHT="32">
							<String ID="string_393" HPOS="69" VPOS="1285" WIDTH="50" HEIGHT="19" WC="0.96" CONTENT="utan"/><SP WIDTH="19" VPOS="1285" HPOS="119"/>
							<String ID="string_394" HPOS="138" VPOS="1283" WIDTH="114" HEIGHT="27" WC="0.91" CONTENT="betydelse."/><SP WIDTH="31" VPOS="1283" HPOS="252"/>
							<String ID="string_395" HPOS="283" VPOS="1279" WIDTH="131" HEIGHT="26" WC="0.90" CONTENT="Ätminstone"/><SP WIDTH="20" VPOS="1279" HPOS="414"/>
							<String ID="string_396" HPOS="434" VPOS="1291" WIDTH="64" HEIGHT="20" WC="0.93" CONTENT="synes"/><SP WIDTH="19" VPOS="1291" HPOS="498"/>
							<String ID="string_397" HPOS="517" VPOS="1285" WIDTH="36" HEIGHT="21" WC="0.96" CONTENT="det"/><SP WIDTH="14" VPOS="1285" HPOS="553"/>
							<String ID="string_398" HPOS="567" VPOS="1286" WIDTH="43" HEIGHT="25" WC="0.97" CONTENT="mig"/><SP WIDTH="14" VPOS="1286" HPOS="610"/>
							<String ID="string_399" HPOS="624" VPOS="1291" WIDTH="52" HEIGHT="15" WC="0.96" CONTENT="vara"/><SP WIDTH="14" VPOS="1291" HPOS="676"/>
							<String ID="string_400" HPOS="690" VPOS="1285" WIDTH="58" HEIGHT="21" WC="0.96" CONTENT="klart"/><SP WIDTH="14" VPOS="1285" HPOS="748"/>
							<String ID="string_401" HPOS="762" VPOS="1287" WIDTH="32" HEIGHT="19" WC="0.93" CONTENT="att"/><SP WIDTH="14" VPOS="1287" HPOS="794"/>
							<String ID="string_402" HPOS="808" VPOS="1284" WIDTH="82" HEIGHT="21" WC="0.92" CONTENT="utskot-"/>
						</TextLine>
						<TextLine ID="line_41" HPOS="69" VPOS="1312" WIDTH="821" HEIGHT="27">
							<String ID="string_403" HPOS="69" VPOS="1313" WIDTH="41" HEIGHT="19" WC="0.93" CONTENT="tets"/><SP WIDTH="15" VPOS="1313" HPOS="110"/>
							<String ID="string_404" HPOS="125" VPOS="1312" WIDTH="134" HEIGHT="27" WC="0.96" CONTENT="uppfattning"/><SP WIDTH="15" VPOS="1312" HPOS="259"/>
							<String ID="string_405" HPOS="274" VPOS="1313" WIDTH="23" HEIGHT="20" WC="0.93" CONTENT="af"/><SP WIDTH="13" VPOS="1313" HPOS="297"/>
							<String ID="string_406" HPOS="310" VPOS="1313" WIDTH="115" HEIGHT="26" WC="0.92" CONTENT="petitionen"/><SP WIDTH="20" VPOS="1313" HPOS="425"/>
							<String ID="string_407" HPOS="445" VPOS="1313" WIDTH="48" HEIGHT="22" WC="0.92" CONTENT="icke"/><SP WIDTH="15" VPOS="1313" HPOS="493"/>
							<String ID="string_408" HPOS="508" VPOS="1316" WIDTH="24" HEIGHT="19" WC="0.93" CONTENT="är"/><SP WIDTH="16" VPOS="1316" HPOS="532"/>
							<String ID="string_409" HPOS="548" VPOS="1314" WIDTH="71" HEIGHT="25" WC="0.92" CONTENT="sädan,"/><SP WIDTH="17" VPOS="1314" HPOS="619"/>
							<String ID="string_410" HPOS="636" VPOS="1320" WIDTH="44" HEIGHT="15" WC="0.93" CONTENT="som"/><SP WIDTH="17" VPOS="1320" HPOS="680"/>
							<String ID="string_411" HPOS="697" VPOS="1314" WIDTH="49" HEIGHT="20" WC="0.93" CONTENT="herr"/><SP WIDTH="14" VPOS="1314" HPOS="746"/>
							<String ID="string_412" HPOS="760" VPOS="1313" WIDTH="78" HEIGHT="26" WC="0.93" CONTENT="Elving"/><SP WIDTH="15" VPOS="1313" HPOS="838"/>
							<String ID="string_413" HPOS="853" VPOS="1318" WIDTH="37" HEIGHT="15" WC="0.92" CONTENT="an-"/>
						</TextLine>
						<TextLine ID="line_42" HPOS="69" VPOS="1340" WIDTH="821" HEIGHT="29">
							<String ID="string_414" HPOS="69" VPOS="1342" WIDTH="41" HEIGHT="19" WC="0.92" CONTENT="sett"/><SP WIDTH="17" VPOS="1342" HPOS="110"/>
							<String ID="string_415" HPOS="127" VPOS="1340" WIDTH="107" HEIGHT="27" WC="0.86" CONTENT="inneligga"/><SP WIDTH="19" VPOS="1340" HPOS="234"/>
							<String ID="string_416" HPOS="253" VPOS="1341" WIDTH="7" HEIGHT="21" WC="0.93" CONTENT="i"/><SP WIDTH="19" VPOS="1341" HPOS="260"/>
							<String ID="string_417" HPOS="279" VPOS="1342" WIDTH="127" HEIGHT="21" WC="0.95" CONTENT="densamma."/><SP WIDTH="30" VPOS="1342" HPOS="406"/>
							<String ID="string_418" HPOS="436" VPOS="1342" WIDTH="44" HEIGHT="21" WC="0.96" CONTENT="För"/><SP WIDTH="20" VPOS="1342" HPOS="480"/>
							<String ID="string_419" HPOS="500" VPOS="1342" WIDTH="43" HEIGHT="21" WC="0.96" CONTENT="min"/><SP WIDTH="19" VPOS="1342" HPOS="543"/>
							<String ID="string_420" HPOS="562" VPOS="1343" WIDTH="33" HEIGHT="20" WC="0.96" CONTENT="del"/><SP WIDTH="19" VPOS="1343" HPOS="595"/>
							<String ID="string_421" HPOS="614" VPOS="1343" WIDTH="41" HEIGHT="20" WC="0.96" CONTENT="kan"/><SP WIDTH="14" VPOS="1343" HPOS="655"/>
							<String ID="string_422" HPOS="669" VPOS="1342" WIDTH="38" HEIGHT="27" WC="0.93" CONTENT="jag"/><SP WIDTH="15" VPOS="1342" HPOS="707"/>
							<String ID="string_423" HPOS="722" VPOS="1342" WIDTH="46" HEIGHT="21" WC="0.96" CONTENT="icke"/><SP WIDTH="15" VPOS="1342" HPOS="768"/>
							<String ID="string_424" HPOS="783" VPOS="1343" WIDTH="64" HEIGHT="20" WC="0.96" CONTENT="annat"/><SP WIDTH="15" VPOS="1343" HPOS="847"/>
							<String ID="string_425" HPOS="862" VPOS="1343" WIDTH="28" HEIGHT="18" WC="0.96" CONTENT="än"/>
						</TextLine>
						<TextLine ID="line_43" HPOS="68" VPOS="1367" WIDTH="821" HEIGHT="30">
							<String ID="string_426" HPOS="68" VPOS="1367" WIDTH="56" HEIGHT="22" WC="0.96" CONTENT="finna"/><SP WIDTH="15" VPOS="1367" HPOS="124"/>
							<String ID="string_427" HPOS="139" VPOS="1369" WIDTH="36" HEIGHT="20" WC="0.96" CONTENT="det"/><SP WIDTH="15" VPOS="1369" HPOS="175"/>
							<String ID="string_428" HPOS="190" VPOS="1370" WIDTH="129" HEIGHT="26" WC="0.95" CONTENT="nödvändigt"/><SP WIDTH="15" VPOS="1370" HPOS="319"/>
							<String ID="string_429" HPOS="334" VPOS="1369" WIDTH="38" HEIGHT="22" WC="0.96" CONTENT="och"/><SP WIDTH="16" VPOS="1369" HPOS="372"/>
							<String ID="string_430" HPOS="388" VPOS="1371" WIDTH="85" HEIGHT="26" WC="0.96" CONTENT="nyttigt,"/><SP WIDTH="17" VPOS="1371" HPOS="473"/>
							<String ID="string_431" HPOS="490" VPOS="1373" WIDTH="32" HEIGHT="18" WC="0.96" CONTENT="att"/><SP WIDTH="18" VPOS="1373" HPOS="522"/>
							<String ID="string_432" HPOS="540" VPOS="1377" WIDTH="25" HEIGHT="14" WC="0.96" CONTENT="en"/><SP WIDTH="16" VPOS="1377" HPOS="565"/>
							<String ID="string_433" HPOS="581" VPOS="1371" WIDTH="34" HEIGHT="26" WC="0.96" CONTENT="lag"/><SP WIDTH="15" VPOS="1371" HPOS="615"/>
							<String ID="string_434" HPOS="630" VPOS="1371" WIDTH="6" HEIGHT="20" WC="0.96" CONTENT="i"/><SP WIDTH="17" VPOS="1371" HPOS="636"/>
							<String ID="string_435" HPOS="653" VPOS="1371" WIDTH="35" HEIGHT="20" WC="0.96" CONTENT="det"/><SP WIDTH="16" VPOS="1371" HPOS="688"/>
							<String ID="string_436" HPOS="704" VPOS="1371" WIDTH="54" HEIGHT="26" WC="0.93" CONTENT="syfte"/><SP WIDTH="15" VPOS="1371" HPOS="758"/>
							<String ID="string_437" HPOS="773" VPOS="1370" WIDTH="116" HEIGHT="27" WC="0.91" CONTENT="petitionen"/>
						</TextLine>
						<TextLine ID="line_44" HPOS="68" VPOS="1396" WIDTH="822" HEIGHT="28">
							<String ID="string_438" HPOS="68" VPOS="1396" WIDTH="91" HEIGHT="21" WC="0.92" CONTENT="föreslär"/><SP WIDTH="17" VPOS="1396" HPOS="159"/>
							<String ID="string_439" HPOS="176" VPOS="1398" WIDTH="95" HEIGHT="21" WC="0.96" CONTENT="kommer"/><SP WIDTH="17" VPOS="1398" HPOS="271"/>
							<String ID="string_440" HPOS="288" VPOS="1398" WIDTH="32" HEIGHT="21" WC="0.93" CONTENT="till"/><SP WIDTH="19" VPOS="1398" HPOS="320"/>
							<String ID="string_441" HPOS="339" VPOS="1398" WIDTH="68" HEIGHT="26" WC="0.91" CONTENT="ständ,"/><SP WIDTH="17" VPOS="1398" HPOS="407"/>
							<String ID="string_442" HPOS="424" VPOS="1399" WIDTH="40" HEIGHT="20" WC="0.97" CONTENT="och"/><SP WIDTH="16" VPOS="1399" HPOS="464"/>
							<String ID="string_443" HPOS="480" VPOS="1399" WIDTH="37" HEIGHT="21" WC="0.93" CONTENT="det"/><SP WIDTH="18" VPOS="1399" HPOS="517"/>
							<String ID="string_444" HPOS="535" VPOS="1399" WIDTH="47" HEIGHT="21" WC="0.92" CONTENT="utaf"/><SP WIDTH="20" VPOS="1399" HPOS="582"/>
							<String ID="string_445" HPOS="602" VPOS="1402" WIDTH="76" HEIGHT="18" WC="0.92" CONTENT="tvenne"/><SP WIDTH="20" VPOS="1402" HPOS="678"/>
							<String ID="string_446" HPOS="698" VPOS="1399" WIDTH="53" HEIGHT="21" WC="0.94" CONTENT="skäl."/><SP WIDTH="30" VPOS="1399" HPOS="751"/>
							<String ID="string_447" HPOS="781" VPOS="1399" WIDTH="43" HEIGHT="20" WC="0.96" CONTENT="Det"/><SP WIDTH="19" VPOS="1399" HPOS="824"/>
							<String ID="string_448" HPOS="843" VPOS="1404" WIDTH="47" HEIGHT="19" WC="0.96" CONTENT="ena,"/>
						</TextLine>
						<TextLine ID="line_45" HPOS="69" VPOS="1424" WIDTH="821" HEIGHT="30">
							<String ID="string_449" HPOS="69" VPOS="1431" WIDTH="44" HEIGHT="15" WC="0.96" CONTENT="som"/><SP WIDTH="23" VPOS="1431" HPOS="113"/>
							<String ID="string_450" HPOS="136" VPOS="1425" WIDTH="38" HEIGHT="21" WC="0.96" CONTENT="här"/><SP WIDTH="23" VPOS="1425" HPOS="174"/>
							<String ID="string_451" HPOS="197" VPOS="1427" WIDTH="65" HEIGHT="20" WC="0.93" CONTENT="redan"/><SP WIDTH="23" VPOS="1427" HPOS="262"/>
							<String ID="string_452" HPOS="285" VPOS="1427" WIDTH="108" HEIGHT="26" WC="0.91" CONTENT="antyddes,"/><SP WIDTH="23" VPOS="1427" HPOS="393"/>
							<String ID="string_453" HPOS="416" VPOS="1429" WIDTH="33" HEIGHT="19" WC="0.93" CONTENT="att"/><SP WIDTH="22" VPOS="1429" HPOS="449"/>
							<String ID="string_454" HPOS="471" VPOS="1424" WIDTH="107" HEIGHT="30" WC="0.92" CONTENT="nemligen"/><SP WIDTH="23" VPOS="1424" HPOS="578"/>
							<String ID="string_455" HPOS="601" VPOS="1429" WIDTH="40" HEIGHT="20" WC="0.96" CONTENT="den"/><SP WIDTH="19" VPOS="1429" HPOS="641"/>
							<String ID="string_456" HPOS="660" VPOS="1427" WIDTH="44" HEIGHT="22" WC="0.93" CONTENT="lika"/><SP WIDTH="18" VPOS="1427" HPOS="704"/>
							<String ID="string_457" HPOS="722" VPOS="1428" WIDTH="114" HEIGHT="21" WC="0.92" CONTENT="arfsrätten"/><SP WIDTH="20" VPOS="1428" HPOS="836"/>
							<String ID="string_458" HPOS="856" VPOS="1426" WIDTH="34" HEIGHT="21" WC="0.96" CONTENT="för"/>
						</TextLine>
						<TextLine ID="line_46" HPOS="69" VPOS="1454" WIDTH="821" HEIGHT="28">
							<String ID="string_459" HPOS="69" VPOS="1454" WIDTH="82" HEIGHT="26" WC="0.93" CONTENT="mycket"/><SP WIDTH="15" VPOS="1454" HPOS="151"/>
							<String ID="string_460" HPOS="166" VPOS="1455" WIDTH="173" HEIGHT="26" WC="0.92" CONTENT="söndersplittrar"/><SP WIDTH="15" VPOS="1455" HPOS="339"/>
							<String ID="string_461" HPOS="354" VPOS="1455" WIDTH="183" HEIGHT="27" WC="0.92" CONTENT="förmögenheten."/><SP WIDTH="30" VPOS="1455" HPOS="537"/>
							<String ID="string_462" HPOS="567" VPOS="1457" WIDTH="64" HEIGHT="20" WC="0.96" CONTENT="Detta"/><SP WIDTH="15" VPOS="1457" HPOS="631"/>
							<String ID="string_463" HPOS="646" VPOS="1457" WIDTH="68" HEIGHT="25" WC="0.93" CONTENT="gäller"/><SP WIDTH="16" VPOS="1457" HPOS="714"/>
							<String ID="string_464" HPOS="730" VPOS="1455" WIDTH="88" HEIGHT="27" WC="0.93" CONTENT="specielt"/><SP WIDTH="12" VPOS="1455" HPOS="818"/>
							<String ID="string_465" HPOS="830" VPOS="1454" WIDTH="60" HEIGHT="26" WC="0.93" CONTENT="jord-"/>
						</TextLine>
						<TextLine ID="line_47" HPOS="69" VPOS="1482" WIDTH="821" HEIGHT="28">
							<String ID="string_466" HPOS="69" VPOS="1482" WIDTH="136" HEIGHT="26" WC="0.93" CONTENT="egendomen,"/><SP WIDTH="20" VPOS="1482" HPOS="205"/>
							<String ID="string_467" HPOS="225" VPOS="1483" WIDTH="90" HEIGHT="26" WC="0.92" CONTENT="hvilken,"/><SP WIDTH="16" VPOS="1483" HPOS="315"/>
							<String ID="string_468" HPOS="331" VPOS="1490" WIDTH="33" HEIGHT="14" WC="0.96" CONTENT="om"/><SP WIDTH="17" VPOS="1490" HPOS="364"/>
							<String ID="string_469" HPOS="381" VPOS="1484" WIDTH="40" HEIGHT="20" WC="0.93" CONTENT="den"/><SP WIDTH="20" VPOS="1484" HPOS="421"/>
							<String ID="string_470" HPOS="441" VPOS="1484" WIDTH="95" HEIGHT="22" WC="0.92" CONTENT="fördelas"/><SP WIDTH="16" VPOS="1484" HPOS="536"/>
							<String ID="string_471" HPOS="552" VPOS="1484" WIDTH="89" HEIGHT="21" WC="0.92" CONTENT="emellan"/><SP WIDTH="19" VPOS="1484" HPOS="641"/>
							<String ID="string_472" HPOS="660" VPOS="1484" WIDTH="135" HEIGHT="26" WC="0.92" CONTENT="arfvingarna"/><SP WIDTH="19" VPOS="1484" HPOS="795"/>
							<String ID="string_473" HPOS="814" VPOS="1483" WIDTH="6" HEIGHT="20" WC="0.93" CONTENT="i"/><SP WIDTH="18" VPOS="1483" HPOS="820"/>
							<String ID="string_474" HPOS="838" VPOS="1482" WIDTH="52" HEIGHT="21" WC="0.92" CONTENT="flere"/>
						</TextLine>
						<TextLine ID="line_48" HPOS="69" VPOS="1510" WIDTH="821" HEIGHT="30">
							<String ID="string_475" HPOS="69" VPOS="1510" WIDTH="121" HEIGHT="27" WC="0.92" CONTENT="slägtleder,"/><SP WIDTH="19" VPOS="1510" HPOS="190"/>
							<String ID="string_476" HPOS="209" VPOS="1511" WIDTH="98" HEIGHT="27" WC="0.93" CONTENT="slutligen"/><SP WIDTH="20" VPOS="1511" HPOS="307"/>
							<String ID="string_477" HPOS="327" VPOS="1512" WIDTH="41" HEIGHT="20" WC="0.96" CONTENT="blir"/><SP WIDTH="15" VPOS="1512" HPOS="368"/>
							<String ID="string_478" HPOS="383" VPOS="1512" WIDTH="24" HEIGHT="20" WC="0.96" CONTENT="sä"/><SP WIDTH="19" VPOS="1512" HPOS="407"/>
							<String ID="string_479" HPOS="426" VPOS="1512" WIDTH="60" HEIGHT="26" WC="0.96" CONTENT="liten,"/><SP WIDTH="17" VPOS="1512" HPOS="486"/>
							<String ID="string_480" HPOS="503" VPOS="1515" WIDTH="31" HEIGHT="19" WC="0.95" CONTENT="att"/><SP WIDTH="16" VPOS="1515" HPOS="534"/>
							<String ID="string_481" HPOS="550" VPOS="1515" WIDTH="30" HEIGHT="19" WC="0.93" CONTENT="ett"/><SP WIDTH="15" VPOS="1515" HPOS="580"/>
							<String ID="string_482" HPOS="595" VPOS="1513" WIDTH="115" HEIGHT="27" WC="0.92" CONTENT="ordentligt"/><SP WIDTH="12" VPOS="1513" HPOS="710"/>
							<String ID="string_483" HPOS="722" VPOS="1511" WIDTH="106" HEIGHT="29" WC="0.93" CONTENT="jordbruk"/><SP WIDTH="14" VPOS="1511" HPOS="828"/>
							<String ID="string_484" HPOS="842" VPOS="1511" WIDTH="48" HEIGHT="21" WC="0.92" CONTENT="icke"/>
						</TextLine>
					</TextBlock>
				</ComposedBlock>
			</PrintSpace>
		</Page>
	</Layout>
</alto>
