1086 1720
336 102 93 26 Borgarest.
440 106 45 19 1885.
509 105 18 19 12
539 105 38 24 Maj.
802 106 45 19 1135

49 173 30 25 ett
101 175 58 22 sekel
181 175 142 22 allmänheten
345 174 32 26 uti
397 174 114 23 Skottland
533 181 76 21 genom
632 175 128 22 bankkriser
781 176 93 20 förlorat.

47 204 47 22 icke
116 210 44 15 mer
175 205 25 20 än
217 205 30 20 ett
262 203 141 27 sammalagdt
418 204 77 27 belopp
512 204 23 21 af
548 204 78 26 36,000
640 204 66 27 pund.
735 204 69 22 Dessa
819 204 51 21 ban-

48 234 38 21 ker
107 232 55 22 hade
184 232 130 29 småningom
334 232 46 21 från
400 232 26 22 de
446 234 71 20 större
537 233 101 21 städerna
654 232 88 22 utbredt
760 233 32 27 sig
811 232 60 22 öfver

48 262 49 21 hela
115 261 72 21 landet
205 260 38 22 och
262 261 92 27 grundat
372 266 46 16 mer
436 263 28 19 än
484 261 43 22 800
541 261 77 21 kontor
634 263 56 19 samt
704 261 116 22 förvärfvat
834 262 36 20 det

49 290 105 21 ållmänna
176 289 131 22 förtroendet
329 289 33 21 till
385 290 40 20 den
445 290 60 26 grad,
524 292 32 18 att
574 296 25 14 en
619 290 53 21 hvar
690 290 99 27 föredrog
808 290 63 22 deras

49 319 71 21 sedlar
142 318 87 21 framför
251 318 50 26 guld
325 318 38 21 och
384 318 53 27 drog
456 318 19 27 ej
495 318 7 21 i
521 318 135 22 betänkande
675 320 32 20 att
724 318 94 22 anförtro
834 319 35 21 de-

49 353 80 15 samma
148 346 45 22 sina
211 346 45 22 små
275 346 149 27 besparingar;
447 347 103 27 derjemte
570 347 98 27 utgjorde
688 348 26 20 de
730 349 30 20 ett
774 347 95 28 exempel

48 376 29 27 på
96 375 154 27 mönstergiltig
268 375 195 27 bankförvaltning,
479 376 28 27 på
526 382 25 14 en
570 376 121 26 intelligent
706 376 38 21 och
759 377 53 21 sund
827 376 42 22 till-

49 404 107 27 lämpning
166 404 22 21 af
197 404 103 21 rationela
311 404 107 26 principer
429 404 34 21 för
475 404 165 21 bankväsendet.
664 404 43 22 Det
718 406 23 19 är
752 405 39 21 ock
802 406 68 20 under

49 433 35 21 det
102 433 93 26 mägtiga
213 431 124 28 inflytandet
355 432 23 21 af
394 432 64 21 dessa
477 433 87 25 banker,
584 439 45 14 som
650 432 220 23 Skottlands
780 427 6 36 '
789 432 81 23 ekono-

49 461 68 21 miska
135 461 118 26 utveckling
272 460 90 27 begynte
383 462 31 19 ett
432 461 61 21 raskt
507 461 201 26 framåtskridande,
723 467 45 16 som
783 468 87 15 numera

49 490 47 21 nått
111 490 39 21 den
166 490 58 26 grad,
241 491 30 18 att
286 489 78 26 landet,
381 489 24 21 så
421 491 31 19 att
468 491 58 26 säga,
538 490 76 21 ändrat
629 490 33 21 sin
677 490 58 21 förra
750 493 68 23 natur,
832 491 38 20 sitt

49 519 100 21 utseende
169 518 38 21 och
225 518 76 27 intagit
319 524 25 15 en
364 518 145 21 framstående
524 519 56 26 plats
596 519 64 20 bland
677 519 26 21 de
718 518 48 22 bäst
780 519 90 21 kultive-

50 547 51 21 rade
117 546 80 21 länder.
221 546 32 20 En
269 546 103 26 ingående
388 546 160 28 undersökning
564 546 22 22 af
600 547 63 21 dessa
678 546 91 22 bankers
784 546 86 22 utveck-

49 575 45 27 ling
109 575 38 21 har
162 574 39 22 ock
215 574 34 22 till
263 574 53 22 fullo
332 575 121 26 ådagalagt,
465 577 32 19 att
512 576 62 20 deras
584 575 170 27 blomstringstid
766 582 103 15 samman-

49 603 56 22 fallit
124 604 46 20 med
189 604 39 20 den
247 605 68 19 större
334 603 64 21 frihet
418 604 25 20 de
463 604 93 27 ätnjutit,
572 604 38 21 och
627 606 31 19 att
673 604 72 27 hvarje
761 604 109 22 restriktiv

50 632 81 27 ätgärd,
147 638 43 15 som
207 632 89 21 drabbat
315 632 47 21 dem
382 632 34 20 till
434 632 53 27 följd
507 632 24 22 af
548 632 101 27 engelska
668 633 150 26 parlamentets
834 633 36 21 be-

50 661 43 21 slut
114 661 8 21 i
144 661 109 26 retrograd
276 660 39 22 och
337 660 110 22 restriktiv
467 661 101 27 rigtning,
587 661 123 21 förorsakat
728 662 26 20 de
773 662 99 21 skottska

50 689 107 21 bankerna
176 689 131 27 svärigheter
323 689 38 21 och
377 689 109 27 förluster,
502 691 56 20 samt
573 690 112 21 inskränkt
700 690 62 21 deras
776 690 93 27 produk-

49 718 44 21 tiva
107 718 62 20 kraft.
199 718 41 26 Jag
254 718 126 20 inskränker
395 718 43 26 mig
453 718 34 21 till
504 720 32 19 att
549 718 39 21 här
604 718 114 21 framhälla
733 719 74 21 endast
821 718 47 28 följ-

50 746 39 22 den
109 746 23 21 af
148 746 40 21 den
206 752 74 20 genom
299 746 81 21 Robert
394 746 52 22 Peel
465 747 118 21 utverkade
598 747 195 27 parlamentsbillen
809 747 23 22 af
845 747 26 21 är

51 775 60 26 1845,
125 775 27 27 pä
167 775 66 27 grund
249 774 23 22 af
285 774 84 22 hvilken
386 775 249 27 sedelutgifningsrätten
651 776 115 21 förbehölls
782 776 25 21 de
818 776 51 21 ban-

49 803 44 26 ker,
116 809 44 15 som
180 803 116 21 existerade
315 804 40 20 den
374 803 69 21 första
465 804 42 27 maj
531 810 81 15 samma
634 804 30 26 år,
687 804 38 21 och
748 804 121 22 emissions-

49 832 99 26 beloppet
163 832 32 21 för
210 832 73 27 hvarje
298 832 23 21 af
335 832 62 21 dessa
413 832 82 22 banker
510 833 135 21 inskränktes
661 833 33 21 till
710 833 41 26 det,
768 839 44 15 som
828 834 40 20 cir-

49 860 121 21 kulationen
190 860 65 21 under
273 860 36 21 det
328 863 84 18 senaste
431 860 49 21 äret
497 861 97 27 uppnätt.
623 861 65 21 Detta
707 861 76 27 belopp
797 861 71 21 kunde

50 888 142 21 öfverskridas
211 889 75 21 endast
304 889 68 21 under
391 889 37 21 det
446 889 77 26 vilkor,
539 891 32 20 att
586 889 84 22 banken
686 890 52 27 egde
754 896 25 15 en
795 889 75 22 metal-

48 917 43 21 lisk
109 917 62 21 kassa
189 917 43 21 lika
251 919 45 19 stor
317 923 45 16 som
378 917 36 22 det
430 917 174 28 öfverskjutande
620 918 106 27 beloppet.
755 918 114 27 Följderna

49 945 23 22 af
89 946 68 21 denna
176 946 74 26 ätgärd
268 946 43 21 läto
327 946 45 21 icke
392 946 63 27 länge
475 948 64 20 vänta
556 947 28 26 pä
603 947 43 27 sig:
669 947 47 21 före
731 947 61 27 lagen
808 947 23 21 af
844 947 24 20 är

50 974 54 21 1845
121 974 80 27 förslog
217 981 24 14 en
256 975 64 20 kassa
335 975 22 20 af
370 975 95 25 403,000
480 975 57 28 pund
553 977 31 19 att
598 976 115 26 tillgodose
728 975 103 22 behofven
846 975 25 21 af

49 1009 25 15 en
86 1003 163 26 sedelutgifning
265 1003 26 27 pä
305 1003 115 26 2,982,000
435 1004 65 26 pund,
515 1004 82 21 hvilket
612 1007 119 18 motsvarar
745 1005 31 20 ett
789 1004 79 21 förhäl-

48 1030 63 22 lande
126 1031 22 21 af
162 1033 30 19 ett
208 1032 11 20 1
234 1031 32 21 till
283 1032 12 20 7
310 1032 78 20 mellan
404 1031 65 21 kassa
485 1032 40 21 och
541 1032 129 26 sedelstock;
693 1034 57 20 strax
769 1032 54 21 efter
838 1032 30 21 la-

48 1065 51 21 gens
119 1060 101 21 trädande
235 1060 7 20 i
257 1060 98 26 gällande
371 1060 63 26 kraft,
451 1061 81 21 ökades
548 1061 96 21 deremot
658 1061 78 21 kassan
751 1060 46 22 frän
812 1061 57 21 3—4

47 1088 80 26 gänger
148 1087 49 22 dess
219 1088 58 21 förra
297 1089 83 27 belopp,
395 1088 35 22 för
448 1091 33 19 att
501 1089 24 21 &r
541 1090 55 21 1873
614 1090 71 26 uppgä
703 1090 33 21 till
754 1089 114 27 6,241,000

47 1117 56 26 pund
119 1118 43 19 mot
181 1118 30 20 ett
230 1117 135 27 sedelbelopp
385 1117 23 21 af
425 1118 116 26 6,038,000
555 1118 64 27 pund,
636 1119 36 21 det
686 1118 37 21 vill
738 1120 51 25 säga
804 1118 65 26 nägot

48 1145 114 27 Ofverstiga
180 1144 99 28 beloppet
298 1146 23 20 af
338 1146 83 26 utgifna
441 1146 79 22 sedlar.
549 1147 92 21 Hvilken
661 1149 59 25 nyttä
735 1147 54 21 hade
805 1147 63 21 dessa

47 1174 121 20 restriktiva
187 1173 98 27 åtgärder
303 1174 99 26 medfört,
418 1174 83 22 hvilket
519 1181 56 21 gagn
590 1176 59 21 detta
663 1176 83 26 hopade
761 1176 55 20 döda
831 1175 40 21 ka-

47 1202 68 27 pital?
143 1202 61 21 Intet.
234 1202 49 22 Men
302 1203 34 21 väl
352 1203 54 21 hade
422 1203 121 22 bankernas
558 1204 129 27 produktiva
701 1210 97 15 resurser
812 1204 57 21 deri-

47 1236 76 21 genom
138 1231 6 20 i
160 1231 93 27 betydlig
268 1231 48 21 mån
333 1232 110 20 minskats.

113 1259 49 21 Men
185 1259 33 21 för
237 1262 31 18 att
285 1266 28 14 nu
333 1260 133 21 återkomma
485 1261 33 21 till
537 1261 173 21 bankutskottets
727 1261 140 25 betänkande,

46 1287 39 21 har
106 1288 104 21 utskottet
232 1288 69 21 deruti
324 1288 46 21 icke
392 1288 84 21 kunnat
497 1290 75 25 påvisa
593 1290 69 26 någon
682 1290 112 26 olägenhet
815 1289 56 21 eller

47 1315 59 26 våda,
118 1321 44 16 som
179 1316 67 21 skulle
261 1316 64 22 hafva
339 1317 97 21 varit-en
453 1317 53 27 följd
523 1317 23 21 af
556 1318 40 21 den
606 1318 126 27 visserligen
743 1317 125 22 inskränkta

47 1350 48 15 men
110 1344 54 21 dock
183 1344 107 27 medgifna
305 1345 231 27 sedelutgifningsrätt,
552 1352 45 15 som
612 1353 76 20 genom
706 1347 53 21 1866
774 1346 35 21 års
824 1345 44 21 för-

47 1372 88 27 ordning
150 1373 54 20 varit
219 1373 96 22 enskilda
331 1373 81 22 banker
426 1374 41 21 hos
483 1381 35 14 oss
534 1375 120 21 tillerkänd.
680 1375 110 21 Utskottet
799 1374 71 21 måste

46 1403 91 19 tvärtom
156 1401 111 27 medgifva,
283 1404 32 19 att
333 1402 145 22 allmänheten:
499 1403 54 22 dock
568 1403 70 22 kunde
653 1403 64 22 hafva
731 1405 59 26 nytta
805 1402 23 21 af
841 1408 27 15 en

47 1429 58 28 dylik
120 1429 225 28 sedelutgifningsrätt,
360 1431 6 20 i
386 1431 37 21 det
442 1433 33 19 att
494 1432 26 21 de
540 1433 68 20 större
626 1432 115 26 bankerna,
757 1431 27 28 på
798 1431 68 26 grund

45 1458 24 21 af
88 1459 127 25 densamma,
231 1458 69 22 kunde
318 1459 110 21 utsträcka
447 1460 32 21 sin
496 1461 81 20 rörelse
592 1467 75 20 genom
683 1461 75 20 kontor
772 1459 28 27 på
815 1459 53 21 min-

45 1486 38 21 dre
95 1488 58 19 orter
163 1486 38 21 och
214 1486 99 28 möjligen
327 1487 61 21 äfven
404 1488 28 26 på
447 1488 82 21 sådana
544 1489 81 26 platser
639 1488 79 27 bevilja
728 1495 25 14 en
768 1488 99 26 billigare

44 1514 77 26 kredit,
137 1516 25 19 än
183 1514 61 22 fallet
258 1517 30 24 är,
304 1516 27 20 då
346 1516 26 20 de
388 1516 68 22 måste
473 1516 58 28 ligga
545 1517 49 21 inne
609 1518 47 20 med
672 1524 26 14 en
713 1518 6 20 i
734 1516 134 22 förhållande
