1095 1723
235 112 44 18 1072
503 113 93 23 Botgarest.
607 113 44 20 1885.
673 114 13 18 9
697 114 38 22 Maj.

212 182 91 27 säljning
318 182 39 22 och
371 182 142 28 utskänkning
527 182 24 22 af
565 182 151 28 maltdrycker;
733 182 38 22 och
786 180 83 29 yttrade
885 180 31 27 sig
932 180 47 22 med
990 186 35 15 an-

213 211 84 27 ledning
311 210 63 22 häraf
386 211 92 27 följande
493 212 78 20 talare:

280 240 55 21 Herr
349 240 150 26 Malmgren:
522 240 41 26 Jag
582 240 38 21 ber
634 239 22 21 fä
670 240 87 21 förorda
772 244 25 16 en
812 238 33 21 till
860 237 165 21 utskottsbetän-

212 268 80 21 kandet
307 268 63 27 fogad
384 268 137 26 reservation,
534 274 45 16 som
595 268 69 28 lyder:
684 270 43 24 ,att
741 266 161 28 ifrägavarande
917 266 108 27 petitions-

213 297 108 21 memorial
336 296 45 22 icke
396 297 64 21 mätte
475 297 111 21 föranleda
600 297 33 21 till
648 296 68 27 nägon
732 296 94 27 ätgärd*.

280 325 55 21 Herr
357 325 146 29 Rönnbäck:
526 326 42 26 Jag
587 326 37 21 ber
642 325 22 21 få
682 324 130 22 understöda
830 323 50 21 herr
897 323 128 27 Malmgrens

211 352 87 28 förslag,
314 354 23 20 sä
355 354 82 26 mycket
456 360 43 16 mer
518 360 45 16 som
583 354 40 21 den
638 353 130 27 förändring,
783 352 85 22 hvilken
883 351 142 27 petitionsför-

212 381 69 27 slaget
300 382 84 27 äsyftar,
400 383 35 21 vid
450 385 61 19 nästa
526 383 102 26 landtdag
643 382 41 21 kan
699 382 7 21 i
721 380 147 23 motionsform
883 380 89 21 föresläs
988 380 37 21 och

211 410 28 26 pä
257 410 57 21 detta
333 412 43 19 sätt
393 411 43 21 lika
454 413 59 19 snart
533 411 163 26 åstadkommas,
713 416 46 15 som
778 410 7 21 i
804 409 102 20 händelse
922 408 39 21 den
977 408 49 21 nu
1011 404 18 39 i

211 439 153 26 petitionsform
384 439 68 22 skulle
471 439 104 22 förordas.
604 439 33 22 Dä
655 439 108 21 dessutom
781 437 106 22 utskottet
904 436 122 22 framhäller

211 469 32 19 att
257 467 46 22 icke
317 467 114 28 tillräcklig
446 468 121 21 erfarenhet
581 467 66 22 finnes
659 468 7 21 i
678 467 72 27 saken,
762 473 47 15 men
821 467 32 20 att
862 465 103 22 utskottet
975 465 51 26 hop-

211 501 38 21 pas
269 498 30 19 att
318 503 24 14 en
362 496 64 21 sådan
446 497 121 21 erfarenhet
581 497 68 20 under
663 497 26 20 de
705 497 13 20 3
733 494 143 27 nästföljande
892 494 50 21 åren
957 493 68 21 kunde

213 524 80 27 vinnas,
305 525 23 21 sä
343 531 33 15 ser
388 525 38 27 jag
442 525 44 22 deri
502 531 25 16 en
542 525 123 27 ytterligare
680 525 114 26 anledning
810 525 32 19 att
856 522 111 27 godkänna
977 521 49 22 herr

211 553 128 27 Malmgrens
354 553 86 28 förslag.

279 582 55 21 Herr
352 582 109 27 Hoving:
475 583 41 26 Jag
531 582 39 21 har
585 582 19 27 ej
620 582 79 21 biträdt
714 582 41 21 den
766 580 23 22 af
797 580 51 21 herr
862 579 117 27 Malmgren
989 585 37 15 un-

211 610 141 22 dertecknade
362 611 163 26 reservationen,
537 611 38 21 och
586 611 36 21 det
631 611 27 26 pä
668 611 40 21 den
719 609 75 28 grund,
806 610 32 19 att
848 615 33 14 om
892 608 43 21 ölet
946 607 80 27 engäng

211 639 55 20 skall
281 645 61 15 anses
358 645 43 15 som
418 646 25 15 en
459 639 107 28 rusdryck,
581 639 68 22 såsom
666 639 36 21 det
717 639 34 21 väl
767 637 69 22 måste
850 643 62 15 anses
927 636 32 21 till
975 635 51 28 följd

211 667 24 21 af
252 667 25 22 de
296 667 112 28 klagomål,
428 674 45 15 som
492 670 43 19 mot
558 668 48 21 dess
627 667 112 22 införande
761 665 71 23 blifvit
853 665 80 28 gjorda,
955 664 71 22 äfven-

211 701 44 16 som
271 696 32 21 till
319 696 51 27 följd
385 697 23 20 af
422 697 26 21 de
464 697 76 26 många
555 698 85 25 stränga
655 696 167 26 bestämningar,
833 700 44 15 som
892 695 38 20 äro
944 693 82 21 införda

210 724 108 27 angående
333 725 125 27 försäljning
473 725 38 22 och
526 725 143 26 utskänkning
685 725 22 21 af
717 723 153 28 maltdrycker;
886 722 24 21 så
920 728 61 15 anser
989 721 37 27 jag

210 753 36 21 det
261 759 50 15 vara
326 759 25 15 en
366 753 54 22 brist
434 754 7 21 i
458 755 67 20 denna
541 753 122 27 förordning
679 755 32 20 att
721 754 19 26 ej
752 751 215 23 landskommunerna
976 750 50 21 lem-

210 787 38 15 nas
264 781 122 28 fullständig
402 784 44 19 rätt
461 785 30 18 att
506 783 117 20 bestämma
637 782 82 21 härom.
749 781 75 26 Enligt
842 780 13 21 3
874 779 11 28 $
904 779 6 21 i
929 779 97 26 gällande

209 809 123 28 förordning
351 811 5 20 i
372 813 71 19 ämnet
459 817 49 21 eger
523 811 160 21 landskommun
698 812 67 25 vägra
780 808 119 27 ansökning
914 813 34 15 om
963 807 63 21 ölför-

210 838 211 28 säljningsrättighet,
437 846 46 15 men
503 839 177 28 bryggeriegaren
698 839 40 21 har
756 843 77 22 genom
850 842 80 16 samma
945 836 33 26 lag
995 841 31 16 er-

209 866 63 22 hällit
282 868 100 26 rättighet
396 870 32 19 att
442 870 50 20 utan
508 868 93 21 ansökan
618 868 53 26 sälja
681 868 32 20 sin
723 866 140 26 tillverkning
873 865 39 21 och
921 864 8 21 i
939 864 55 27 parti
1005 864 23 21 af

209 896 28 21 25
249 896 91 27 buteljer
351 898 145 26 transportera
511 903 64 15 varan
591 896 32 22 till
639 897 46 20 sina
700 896 118 21 afnämare.
841 893 69 22 Häraf
923 899 62 21 synes
995 894 32 20 att

210 924 41 21 den
266 926 48 25 rätt,
327 931 44 15 som
385 925 214 21 landskommunerna
613 924 64 22 hafva
691 926 32 20 att
738 925 120 20 bestämma
873 928 34 15 om
922 921 104 26 ölförsälj-

208 953 85 26 ningen,
312 955 24 18 är
357 953 83 27 mycket
459 953 146 27 kringskuren.
633 953 34 21 Då
685 951 122 23 emellertid
826 951 43 20 min
888 950 55 26 äsigt
957 951 23 19 är
995 951 31 20 att

208 981 223 22 landskommunernas
447 982 100 27 rättighet
565 984 32 19 att
615 981 117 22 bestämma
751 981 76 21 härom
845 979 39 21 bör
898 978 66 21 blifva
977 978 49 21 full-

209 1009 90 27 ständig,
318 1010 22 21 sä
358 1010 96 22 biträder
469 1011 36 26 jag
523 1010 114 21 utskottets
655 1010 88 26 förslag.
775 1009 39 20 Att
829 1009 30 20 ett
877 1007 97 27 bryggeri
993 1006 33 21 till

208 1038 132 21 statskassan
363 1039 99 27 erlägger
479 1039 115 26 bevillning
612 1039 38 21 och
669 1040 32 19 att
720 1039 72 20 denna
811 1035 135 26 beskattning
963 1037 63 25 utgör

207 1066 93 27 800,000
317 1067 59 21 mark
394 1073 34 15 om
445 1068 51 26 året,
511 1067 68 22 såsom
596 1069 136 20 reservauten
748 1067 71 25 säger,
835 1064 66 21 borde
916 1063 45 22 icke
976 1069 50 15 vara

207 1094 66 27 nägot
295 1095 44 22 skäl
362 1097 32 20 att
415 1096 84 27 förtaga
516 1095 215 22 landskommunerna
750 1095 64 20 deras
833 1092 192 27 bestämningsrätt.

207 1123 43 27 Jag
264 1123 79 28 hoppas
358 1126 32 19 att
405 1131 75 20 genom
497 1131 24 15 en
537 1125 97 26 stigande
649 1123 145 26 folkbildning
809 1121 41 22 den
865 1121 31 21 tid
911 1120 46 22 icke
971 1120 54 21 skall

207 1157 52 16 vara
273 1152 71 21 alltför
359 1152 95 27 aflägsen
469 1153 27 21 då
511 1153 38 21 allt
563 1152 175 27 förmynderskap
749 1151 44 21 kan
805 1149 95 28 upphöra
910 1149 7 21 i
927 1148 99 22 afseende

207 1179 13 22 å
235 1180 117 27 beviljande
368 1181 24 21 af
405 1181 102 27 rättighet
522 1183 32 19 att
567 1181 105 21 utskänka
687 1179 153 28 maltdrycker,
851 1184 47 15 men
913 1177 54 21 intill
978 1177 48 21 dess

207 1208 76 22 sådant
298 1209 39 21 kan
353 1209 45 27 ske,
408 1210 39 21 vill
460 1210 36 27 jag
511 1210 54 21 dock
580 1211 32 20 att
625 1209 220 21 landskommunerna
860 1206 60 21 skola
931 1211 50 16 vara
991 1205 35 21 be-

207 1237 105 27 rättigade
327 1239 31 20 att
372 1237 135 28 fullständigt
522 1238 66 21 ordna
603 1238 68 21 denna
685 1237 88 25 handel,
784 1235 82 22 hvilket
880 1234 46 21 icke
941 1236 24 19 är
975 1233 51 27 möj-

206 1265 41 28 ligt
261 1266 24 21 sä
299 1266 60 27 länge
375 1267 124 27 bryggerier
514 1266 62 21 hafva
591 1266 138 27 privilegium.
763 1264 76 22 Såsom
850 1264 6 20 i
867 1263 113 21 utskottets
991 1262 35 21 be-

205 1294 107 22 tänkande
326 1294 124 23 framhälles
465 1295 68 22 skulle
549 1295 53 21 dock
616 1295 121 26 privilegiet
752 1293 37 22 för
805 1292 26 21 de
841 1291 129 28 bryggerier,
981 1296 44 16 som

205 1329 29 15 nu
250 1323 64 21 redan
329 1323 99 27 existera,
445 1323 83 22 komma
542 1325 31 19 att
588 1323 91 27 qvarstå.

275 1351 67 22 Sedan
358 1351 148 22 diskussionen
518 1351 130 22 beträffande
659 1349 219 24 ekonomiutskottets
889 1347 137 22 förevarande

205 1379 133 22 betänkande
356 1380 90 22 härmed
464 1381 113 21 förklarats
595 1380 98 26 afslutad,
709 1377 118 29 uppstälde
843 1377 49 21 herr
906 1377 120 20 talmannen

205 1407 94 28 följande
314 1409 282 27 omröstningsproposition:

273 1436 39 27 De,
328 1437 68 21 hvilka
413 1437 112 27 godkänna
543 1436 104 22 utskottets
665 1436 83 27 förslag
765 1434 34 22 till
813 1433 111 22 resolution
939 1433 87 26 oförän-

205 1464 68 28 dradt,
289 1467 55 19 rösta
356 1465 37 29 ja;
409 1466 33 26 de,
457 1466 33 21 det
503 1464 42 22 icke
558 1467 58 25 göra,
631 1466 56 20 rösta
702 1465 48 28 nej;

273 1494 71 21 vinner
362 1494 40 26 nej,
420 1494 39 22 har
477 1493 167 28 borgareståndet
658 1492 85 22 beslutit
759 1492 33 20 att
805 1490 74 27 förena
894 1490 32 26 sig
940 1495 33 15 om
987 1488 40 22 den

205 1521 24 25 af
244 1521 49 22 herr
308 1522 120 28 Malmgren
442 1522 31 22 till
487 1522 135 22 betänkandet
635 1522 75 27 fogade
725 1520 162 22 reservationen.
