1092 1720
220 119 49 30 1308
489 125 93 22 Borgarest.
594 125 45 18 1885.
662 125 18 18 19
693 125 39 22 Maj.

198 193 152 27 byggnaderna
372 193 34 22 för
428 200 24 15 en
472 194 127 21 kommande
625 193 190 28 landtdagsperiod
839 205 27 3 —
887 193 37 26 jag
939 193 42 21 kan
997 199 28 14 nu

196 221 47 22 icke
259 222 44 21 tala
318 228 34 15 om
368 224 32 19 att
414 223 19 20 vi
444 223 69 20 skulle
525 225 56 19 sätta
592 223 127 26 regeringen
729 223 6 20 i
747 221 61 22 stånd
820 223 31 19 att
861 221 72 21 utföra
943 221 82 21 skatte-

198 250 93 26 lindring
314 251 47 20 med
384 251 99 21 afseende
505 251 13 20 å
537 251 109 21 salttullen
666 251 38 20 och
720 249 199 28 sågningsafgiften,
935 250 89 21 emedan

198 278 85 21 ståndet
306 278 65 21 redan
394 279 6 21 i
420 279 40 26 dag
475 279 39 21 har
530 279 64 21 fattat
609 279 72 21 beslut
695 279 6 20 i
717 279 59 21 detta
791 277 101 22 afseende
907 291 29 2 —
953 278 24 21 så
990 277 35 22 får

195 306 38 27 jag
247 306 34 21 för
296 307 43 20 min
356 307 32 21 del
405 307 85 26 föreslå,
506 310 32 19 att
553 307 86 22 ståndet
650 307 33 21 för
695 309 62 19 nästa
766 306 145 27 treårsperiod
923 307 50 20 ville
984 313 37 14 an-

197 336 50 25 taga
271 335 39 21 den
336 335 106 22 allmänna
461 336 244 26 inkomstbevillningen,
726 335 65 21 sådan
808 335 39 21 den
863 335 6 20 i
886 335 138 26 bevillnings-

197 363 117 21 utskottets
334 364 133 21 betänkande
483 367 24 18 är
523 364 128 27 föreslagen.

266 392 57 21 Herr
342 392 102 22 Heikel:
463 393 49 20 herr
527 393 100 26 Eneberg
643 393 38 20 har
696 392 125 26 framhållit,
837 393 32 19 att
885 392 139 21 statsutskot-

197 421 31 19 tet
250 420 46 20 icke
320 421 71 20 anfört
409 421 65 27 några
489 421 47 21 skäl
552 421 33 20 för
600 421 249 25 inkomstbevillningens
866 420 157 26 upphäfvande.

196 448 42 26 Jag
261 450 45 19 tror
328 449 55 21 dock
405 452 30 18 att
451 450 106 20 utskottet
575 449 40 21 har
634 449 70 21 anfört
723 450 37 25 ett,
777 449 36 21 det
829 449 54 20 enda
899 448 39 21 och
954 448 69 26 bästa,

198 482 44 15 som
260 477 108 26 behöfves,
384 478 105 26 nemligen
506 480 31 18 att
553 478 70 26 någon
641 477 152 21 inkomstskatt
803 477 68 21 under
881 477 142 21 instundande

196 504 143 28 finansperiod
362 506 47 21 icke
432 508 24 19 är
478 506 99 27 behöflig.
610 506 57 21 Herr
690 506 100 26 Eneberg
809 506 70 20 kunde
897 505 126 26 visserligen

197 533 45 21 haft
262 536 42 18 rätt
322 534 7 20 i
346 536 31 19 att
392 534 78 22 föreslå
486 535 49 21 dess
552 534 155 26 bibehållande,
724 534 46 21 ifall
787 534 52 20 hans
854 534 98 26 kalkyler
967 534 56 21 hade

196 561 71 22 blifvit
290 562 62 26 lagda
376 563 32 21 till
431 564 68 26 grund
521 563 34 20 för
575 563 190 27 borgareståndets
784 563 76 20 beslut.
891 562 49 21 Men
957 562 65 21 sedan

196 590 179 26 borgareståndet
397 592 99 20 omfattat
511 592 172 20 statsutskottets
706 591 143 25 beräkningar
872 590 39 21 och
933 590 90 21 kommit

195 619 33 20 till
246 619 36 21 det
298 620 96 26 resultat,
414 622 30 19 att
463 621 27 25 vi,
506 620 62 21 äfven
585 626 33 15 om
635 621 151 20 ständerhuset
801 619 70 21 skulle
887 619 84 21 komma
991 621 32 19 att

196 647 108 27 uppföras,
327 650 116 25 yttermera
464 649 64 20 hafva
549 649 155 26 odisponerade
729 649 30 20 uti
782 648 102 21 Finlands
905 647 56 21 bank
977 647 46 23 1'/4

196 675 74 26 miljon
287 677 66 25 mark,
370 677 24 20 så
408 677 116 26 föreligger
539 677 54 20 intet
609 677 46 21 skäl
671 677 33 21 för
721 679 31 19 att
767 677 93 26 betunga
876 676 69 21 folket
955 677 68 20 under

195 703 105 27 ingående
323 704 142 28 finansperiod
488 706 48 20 med
560 711 26 15 en
609 705 64 26 skatt,
697 712 44 14 som
762 705 65 21 redan
847 705 68 20 under
931 704 51 21 flere
998 705 25 20 år

196 732 90 21 alldeles
302 733 120 26 onödigtvis
438 734 69 21 blifvit
523 734 117 26 uppburen.
672 733 73 22 Skulle
761 734 116 20 ständerna
893 739 39 20 ega
947 733 75 26 rättig-

195 760 37 21 het
254 763 32 19 att
304 761 106 22 behandla
428 762 49 21 hela
492 763 115 26 budgeten,
623 763 24 20 så
663 764 24 19 är
702 763 36 20 det
754 762 83 26 möjligt
852 763 32 19 att
899 762 26 20 de
941 761 82 21 kunnat

196 788 57 22 finna
276 789 68 26 någon
367 797 69 14 annan
456 791 62 26 skatt,
535 797 46 14 som
597 791 68 20 hellre
681 791 48 20 bort
744 790 118 27 upphäfvas
878 791 26 19 än
920 790 102 21 inkomst-

196 817 151 27 bevillningen,
364 825 46 14 men
431 819 26 21 då
472 819 24 21 så
511 819 47 21 icke
574 821 24 18 är
613 819 62 21 fallet
690 819 39 21 och
745 819 28 20 då
789 819 115 20 ständerna
920 819 102 20 särskildt

195 845 46 21 icke
258 846 52 20 råda
325 847 60 21 öfver
400 847 203 27 tullagstiftningen,
619 847 24 21 så
658 847 68 21 finnes
742 848 36 20 det
794 847 67 25 enligt
876 847 43 20 min
935 847 39 20 och
990 847 31 20 äf-

196 879 39 15 ven
260 874 66 26 enligt
348 875 115 21 utskottets
482 876 64 20 tanke
562 875 62 27 ingen
640 875 64 27 skatt,
721 881 45 15 som
783 875 47 21 med
847 881 58 15 mera
921 874 46 21 skäl
983 875 39 21 bör

194 903 78 25 vägras
282 904 25 19 än
320 903 243 27 inkomstbevillningen.
594 904 57 20 Herr
662 904 100 26 Eneberg
781 904 90 20 nämnde
882 905 32 19 att
924 903 37 21 det
971 909 50 15 vore

194 929 24 21 af
239 932 45 19 stor
306 931 46 26 vigt
374 934 32 18 att
424 934 15 19 t.
458 939 32 14 ex.
506 932 70 20 lindra
589 932 144 26 jordskatten,
749 932 86 20 hvilken
850 933 25 19 är
890 938 45 14 mer
951 932 70 26 ojemn

194 958 38 21 och
248 959 116 27 tryckande
380 962 28 19 än
423 960 244 26 inkomstbevillningen.
698 960 76 22 Deruti
793 960 40 21 kan
845 960 41 20 han
897 960 63 21 hafva
971 962 49 19 rätt.

193 986 50 21 Men
267 987 63 21 hafva
348 988 48 22 icke
415 989 115 21 ständerna
545 988 35 21 vid
596 989 69 20 denna
680 989 105 26 landtdag
800 988 127 26 tillräckligt
941 988 80 21 lindrat

194 1014 25 21 de
242 1015 90 27 skatter,
356 1022 46 16 som
424 1018 74 26 trycka
518 1017 83 26 jorden.
637 1016 104 28 Samtliga
757 1017 152 26 grundskatter
925 1017 6 20 i
948 1017 75 21 landet

192 1044 72 26 uppgå
286 1044 76 22 inalles
385 1045 33 21 till
440 1046 115 26 4,700,000
578 1045 61 21 mark
662 1046 88 26 årligen.
782 1045 29 21 Af
827 1046 64 20 dessa
906 1045 63 21 hafva
984 1045 36 21 vid

192 1071 70 21 denna
284 1072 103 27 landtdag
410 1074 154 20 efterskänkts:
583 1080 76 20 genom
679 1074 41 21 den
735 1080 42 21 nya
792 1074 179 26 undervisningen
986 1074 34 20 för

192 1099 148 23 skatterubeln
358 1102 92 26 350,000
461 1102 66 26 mark,
538 1108 77 20 genom
627 1102 232 26 rotevakansafgiftens
870 1101 151 27 upphäfvande

190 1128 82 21 inemot
295 1129 94 26 900,000
411 1131 66 26 mark,
500 1136 76 21 genom
597 1130 142 21 afskaffandet
755 1130 23 22 af
792 1131 26 20 de
834 1130 24 21 så
873 1130 86 21 kallade
974 1130 46 26 läg-

191 1157 171 27 manskapparna
378 1158 39 21 och
432 1159 141 21 nedsättande
589 1158 23 21 af
621 1159 184 27 tingsgästningen
817 1160 98 19 närmare
925 1159 94 25 400,000

190 1185 67 21 mark.
289 1185 163 28 Sammanlagdt
467 1189 23 19 är
506 1188 36 20 det
561 1187 84 21 således
656 1188 47 20 med
716 1187 50 21 fullt
778 1187 113 26 1,600,000
901 1187 60 21 mark
973 1192 45 15 som

187 1212 137 26 jordskatten
341 1214 71 22 blifvit
426 1215 84 21 lindrad
527 1216 34 20 vid
575 1216 69 20 denna
657 1215 109 27 landtdag,
778 1216 40 20 och
829 1216 60 20 detta
898 1217 63 24 utgör
971 1215 47 21 icke

189 1246 45 16 mer
251 1242 52 21 eller
319 1242 82 22 mindre
416 1245 26 19 än
459 1250 25 14 en
500 1244 104 26 tredjedel
620 1243 23 21 af
650 1244 148 26 jordskattens
809 1244 48 20 hela
868 1243 83 27 belopp.
977 1242 42 28 Jag

189 1269 68 22 måste
280 1270 111 27 verkligen
414 1274 58 24 säga,
495 1274 32 19 att
547 1272 38 26 jag
603 1272 47 21 icke
666 1274 35 19 vet
716 1272 56 21 hvad
786 1272 143 26 jordegarene
944 1272 73 20 vidare

188 1296 72 23 kunna
279 1298 78 27 begära
376 1299 24 21 af
413 1306 25 15 en
451 1301 109 25 landtdag.
583 1299 42 22 Det
642 1302 23 19 är
681 1300 126 27 visserligen
824 1302 63 18 sannt
902 1301 32 19 att
949 1299 70 22 denna

188 1325 95 28 lindring
297 1326 98 22 kommer
410 1328 48 21 dem
476 1328 91 27 tillgodo
582 1328 54 21 först
651 1328 54 21 efter
721 1329 12 20 3
750 1328 31 26 år,
797 1334 48 15 men
860 1329 40 20 när
915 1334 48 15 man
979 1328 40 21 har

186 1353 118 29 någonting
326 1355 24 21 så
373 1357 53 25 godt
448 1358 6 20 i
476 1357 63 26 sigte,
563 1356 24 22 så
605 1356 35 21 må
658 1363 47 15 man
725 1357 35 21 väl
780 1357 72 21 kunna
871 1358 64 19 vänta
952 1362 25 16 en
994 1356 24 22 så

186 1381 50 22 kort
252 1384 38 20 tid.

256 1411 36 21 Uti
316 1418 24 15 en
365 1413 145 21 betänkandet
533 1413 100 27 vidfogad
653 1414 140 24 reservation,
813 1412 159 22 undertecknad
990 1414 26 20 A.

186 1438 122 28 Meurman,
323 1440 103 22 klandras
441 1442 161 21 statsutskottet
617 1442 103 20 särskildt
735 1442 79 25 derför,
831 1443 32 19 att
878 1442 36 20 det
929 1441 46 21 icke
985 1442 32 20 lå-

184 1467 27 21 tit
227 1469 156 21 rotevakansen
399 1470 118 26 upphäfvas
533 1476 28 15 nu
576 1472 82 24 genast,
674 1472 50 18 utan
741 1471 6 20 i
763 1470 74 20 stället
847 1470 170 21 inkomstbevill-

184 1495 85 27 ningen.
302 1498 77 20 Denna
401 1497 132 22 förebråelse
552 1498 69 21 måste
638 1498 37 26 jag
693 1498 154 22 tillbakakasta
862 1498 29 26 på
905 1498 48 25 den,
969 1503 46 15 som

183 1523 147 23 framkommit
353 1526 49 21 med
425 1526 129 27 densamma,
582 1528 23 25 ty
624 1526 57 21 inom
701 1526 162 22 statsutskottet
884 1527 87 20 väcktes
994 1525 24 21 af
