1089 1723
346 103 92 22 Borgarest.
450 102 43 20 1885.
516 103 19 19 19
547 103 38 23 Maj.
803 103 43 18 1291

58 173 69 21 skulle
144 172 127 22 bestämmas
290 172 66 27 högre
374 173 26 19 än
418 172 34 21 till
470 172 37 22 det
524 172 84 27 belopp,
627 178 45 16 som
688 172 41 21 blir
743 171 128 26 nödvändigt

58 201 34 22 för
113 202 32 20 att
165 200 52 28 fylla
238 200 87 27 bristen,
347 200 65 21 sedan
434 200 49 22 från
504 200 140 22 bankvinsten
662 200 54 22 först
734 200 64 27 tagits
816 199 55 21 hvad

59 229 93 23 derifrän
170 229 41 21 kan
229 228 39 27 fäs,
286 229 40 22 och
344 228 72 22 vidare
435 230 31 20 att
484 228 65 22 saken
568 229 69 21 skulle
652 229 25 21 sä
691 228 134 26 framställas,
840 229 32 20 att

59 258 79 22 bristen
156 257 84 21 komme
258 259 31 20 att
306 257 64 28 fyllas
388 257 49 21 med
454 257 125 27 länemedel,
595 258 72 21 derest
681 257 59 21 Hans
753 256 119 28 Kejserliga

59 286 100 28 Majestät
179 285 47 22 icke
248 285 63 23 funne
334 286 33 21 för
389 286 51 26 godt
462 286 33 21 till
518 286 125 21 ständernas
661 285 117 27 ansökning
793 284 78 22 bifalla.

59 314 64 22 Detta
142 314 53 21 dock
214 314 33 21 för
265 314 41 22 den
323 314 109 26 händelse,
451 316 32 19 att
497 314 114 21 ständerna
626 314 65 21 likväl
706 314 69 21 skulle
789 313 83 22 besluta

59 344 31 49 ja
114 342 104 50 ara
239 342 63 22 dessa
322 342 70 22 medel
414 342 48 22 från
482 342 132 22 statsfonden
632 342 33 22 till
684 342 188 26 amortissements-

69 377 73 15 onden.

127 399 55 22 Herr
201 399 128 27 Ignatius:
348 399 41 22 Till
404 399 50 21 herr
468 400 109 26 Enebergs
593 399 87 22 släende
695 399 64 22 kritik
774 399 23 22 af
810 400 62 20 stats-

59 428 115 22 utskottets
192 428 80 27 budget
288 427 40 22 har
340 428 38 27 jag
393 428 75 21 endast
483 430 32 19 att
528 428 90 27 tillägga
633 430 30 19 ett
677 434 39 21 par
731 428 44 21 ord.
804 426 70 23 Också

57 457 38 28 jag
109 459 73 20 ämnar
196 458 52 25 göra
263 462 26 15 en
308 456 138 27 anmärkning
460 458 46 19 mot
520 457 26 21 de
560 457 143 27 beräkningar
717 457 157 21 statsutskottet

60 485 99 28 uppgjort
180 485 102 22 särskildt
300 485 32 21 vis
351 485 13 21 &
378 485 32 21 vis
432 485 75 27 frågan
530 491 34 16 om
586 485 143 22 statsfondens
751 485 121 22 inkomster.

59 514 74 21 Redan
147 514 35 21 vid
196 513 143 27 beräkningen
354 513 23 22 af
391 513 41 22 den
446 513 47 22 lilla
503 516 54 25 post,
567 514 121 21 hvarunder
698 513 176 28 mantalspennin-

60 548 66 21 garna
140 543 103 26 upptagas
258 542 6 21 i
280 542 149 26 betänkandet,
444 541 39 22 har
498 542 165 26 statsutskottet,
679 542 28 21 dä
721 543 36 20 det
775 542 37 21 här
829 541 45 22 vid-

60 571 55 27 tagit
129 577 26 15 en
169 570 120 27 förhöjning
304 570 23 21 af
340 571 78 25 30,000
432 570 67 27 mark,
515 571 66 26 enligt
595 571 43 21 min
653 570 64 22 tanke
731 570 46 22 icke
788 569 86 22 handlat

62 599 50 22 fullt
129 599 113 26 försigtigt.
274 599 43 22 Det
334 601 24 19 är
375 599 126 26 visserligen
521 601 62 19 sannt
601 601 32 20 att
648 599 83 22 landets
753 598 121 26 befolkning

61 628 104 26 tillväxer,
180 633 48 16 men
243 627 35 22 det
293 629 24 19 är
332 627 118 22 emellertid
466 627 46 22 icke
527 627 61 22 fallet
602 629 32 20 att
648 628 40 21 den
699 626 175 28 mantalspennin-

61 662 39 21 gar
113 656 111 21 betalande
240 656 61 21 delen
316 655 23 22 af
352 655 150 28 befolkningen
519 656 70 22 derför
603 657 100 20 tillväxer
716 656 7 21 i
738 661 79 16 samma
826 660 48 22 pro-

62 685 92 26 portion;
170 685 40 20 den
225 684 41 21 kan
281 686 90 19 tvärtom
386 684 34 21 till
435 684 40 21 och
489 685 49 21 med
553 684 72 27 aftaga
639 685 68 21 under
721 685 55 21 tider
790 684 23 21 af
826 683 47 22 nöd.

62 713 43 22 Det
122 712 100 22 behöfves
240 713 54 20 blott
312 714 31 20 ett
360 713 82 20 mindre
461 715 112 25 gynnsamt
591 713 132 27 spanmälsär
737 713 33 21 för
784 714 32 20 att
829 712 46 23 visa

62 743 32 20 att
107 741 69 27 nägon
190 741 145 27 regelbunden
350 741 84 21 tillväxt
449 741 23 21 af
486 742 41 21 den
542 742 208 27 mantalspenningar
764 740 111 23 betalande

61 769 160 27 befolkningens
236 769 56 22 antal
308 769 46 22 icke
370 775 50 21 eger
434 776 55 20 rum,
504 772 51 19 utan
570 772 32 19 att
617 770 41 21 den
673 772 90 19 tvärtom
778 770 7 21 i
800 769 76 22 sädant

62 798 39 21 fall
110 798 87 27 aftager.
217 798 61 21 Hvad
288 798 186 21 tullinkomsterna
484 798 94 26 beträffa,
589 805 63 15 anser
659 799 38 26 jag
707 799 40 20 den
757 797 118 28 förhöjning

63 826 24 22 af
104 827 46 21 dem
169 827 47 21 med
234 827 92 25 300,000
344 826 66 27 mark,
425 833 46 14 som
486 827 105 21 utskottet
604 829 53 19 trott
672 827 32 26 sig
719 827 70 21 kunna
803 827 51 26 göra
868 825 8 21 i

63 855 33 22 sin
117 855 122 27 beräkning,
254 855 46 21 icke
322 855 68 21 heller
408 861 51 15 vara
478 855 126 27 berättigad.
633 855 192 22 Tullinkomsterna
843 855 33 20 ut-

63 883 74 28 gjorde
154 884 67 21 under
239 884 110 21 decenniet
368 884 141 22 1871—1880
527 884 6 21 i
552 884 100 22 medeltal
670 890 39 21 per
727 884 23 21 är
764 883 112 27 9,650,000

63 912 66 22 mark.
152 912 125 22 Sedermera
291 912 63 21 hafva
369 912 186 22 tullinkomsterna
569 913 124 27 visserligen
708 912 91 23 tillvuxit
809 912 24 21 är
843 910 33 22 för

63 940 32 27 år,
109 940 69 22 såsom
192 940 62 24 äfven
269 940 23 22 af
305 941 137 26 regeringens
449 941 131 27 proposition
593 941 40 21 och
642 940 235 22 utskottsbetänkandet

63 969 99 27 framgär.
191 968 50 22 Men
263 969 68 21 denna
345 969 83 21 tillväxt
447 971 25 19 är
490 969 53 21 dock
562 970 45 21 icke
627 970 23 21 af
667 970 41 20 den
725 968 151 26 beskaffenhet,

65 999 32 20 att
111 998 40 21 den
166 997 67 27 gifver
248 1003 34 15 oss
298 999 43 19 rätt
358 999 32 20 att
404 999 34 19 tro
454 998 28 26 pä
497 1004 25 15 en
537 998 131 22 fortfarande
683 998 78 26 ökning
775 998 7 20 i
797 1002 80 16 samma

64 1026 128 27 proportion.
221 1026 65 21 Detta
301 1026 24 21 sä
340 1026 83 27 mycket
438 1026 89 26 mindre,
543 1032 45 16 som
603 1026 147 22 erfarenheten
765 1026 46 21 frän
826 1025 51 21 ären

64 1054 57 22 förut
136 1054 118 27 ådagalagt,
270 1056 32 20 att
316 1054 6 21 i
338 1055 59 21 detta
412 1054 101 22 afseende
528 1055 51 21 råda
589 1055 81 27 ganska
683 1057 58 19 stora
751 1054 127 22 variationer

64 1082 40 22 och
125 1083 29 21 all
176 1082 134 22 sannolikhet
331 1082 115 28 föreligger
465 1085 32 19 att
514 1085 106 20 närmaste
638 1083 86 21 framtid
740 1083 54 21 skall
809 1082 69 21 förete

64 1112 55 20 ännu
134 1112 75 20 större.
238 1110 171 23 Tullintraderna
426 1111 87 22 komma
531 1111 106 28 nemligen
652 1115 51 18 utan
717 1111 73 22 tvifvel
805 1110 73 27 betyd-

64 1139 40 27 ligt
121 1141 32 20 att
166 1139 74 27 nedgä,
256 1140 7 20 i
279 1140 101 21 händelse
402 1140 251 22 handelsförhällandena
675 1140 77 21 mellan
773 1138 105 29 Ryssland

64 1168 41 21 och
118 1168 90 21 Finland
222 1168 118 21 förändras.
366 1168 30 27 Ty
410 1168 8 21 i
433 1174 82 16 samma
530 1169 47 21 män
592 1169 38 21 vär
645 1170 74 26 export
732 1168 28 28 pä
773 1166 105 29 Ryssland

115 1202 44 16 mer
177 1198 32 20 att
226 1196 100 27 minskas,
345 1197 7 21 i
371 1202 81 16 samma
470 1197 49 21 män
538 1197 54 21 skall
607 1197 62 21 äfven
683 1197 38 21 vär
735 1198 78 26 import
826 1197 53 25 göra

65 1224 42 27 det,
130 1225 38 21 och
191 1231 26 15 en
238 1224 154 28 förminskning
410 1225 7 21 i
436 1226 106 26 importen
560 1226 95 21 kommer
673 1225 134 27 naturligtvis
822 1226 32 20 att
872 1224 6 20 i

64 1253 104 27 väsentlig
182 1254 53 26 grad
250 1253 88 21 inverka
352 1254 27 26 pä
394 1254 51 21 vära
463 1254 164 22 tullinkomster.
656 1254 41 26 Jag
711 1254 38 21 ber
763 1255 32 20 att
809 1253 70 21 säsom

65 1282 94 26 exempel
174 1282 76 21 endast
264 1281 22 22 fä
301 1282 92 27 äberopa
408 1281 144 23 förhällandet
567 1283 23 21 är
606 1283 61 21 1879.
692 1282 64 22 Detta
771 1282 30 26 är,
816 1281 64 21 somi

63 1309 100 22 afseende
178 1310 14 21 &
206 1310 190 27 sädesproduktion
411 1316 27 16 m.
447 1317 27 15 m.
483 1317 38 15 var
531 1311 34 21 för
574 1311 73 21 landet
656 1312 116 26 gynnsamt,
783 1310 96 26 inbragte

65 1338 65 21 likväl
148 1338 84 22 relativt
251 1339 80 27 ganska
346 1339 47 21 litet
407 1339 7 21 i
429 1339 164 22 tullinkomster.
623 1339 96 21 Orsaken
734 1338 71 22 härtill
820 1344 38 15 var
873 1338 7 20 i

63 1366 68 21 första
145 1366 56 22 hand
217 1367 47 26 den,
276 1369 31 19 att
318 1369 101 25 exporten
434 1367 24 21 af
472 1368 67 26 nägra
553 1368 23 21 af
589 1368 51 21 vära
654 1368 112 26 vigtigaste
781 1372 61 16 varor
853 1365 27 22 dä

65 1401 38 15 var
121 1395 83 27 mycket
223 1396 65 26 ringa.
318 1395 109 22 Utförseln
446 1396 24 21 af
488 1398 95 19 trävaror
601 1396 54 21 hade
674 1396 27 21 dä
716 1396 100 21 minskats
832 1394 48 21 med

67 1423 26 21 15
113 1422 12 22 å
142 1423 28 21 20
187 1423 105 22 millioner
310 1424 99 21 kubikfot
426 1426 45 20 mot
490 1424 46 22 året
553 1424 57 22 förut
628 1424 53 22 eller
702 1424 82 22 efteråt.
816 1423 65 20 Detta

65 1451 123 22 föranledde
203 1452 62 22 äfven
281 1458 25 16 en
321 1452 96 21 minskad
432 1453 86 26 import.
541 1453 72 21 Skulle
628 1453 51 21 vära
689 1450 191 26 bomullsfabriker,

66 1480 81 21 hvilkas
162 1480 116 26 produkter
293 1481 7 21 i
315 1480 100 22 afseende
430 1481 13 21 &
458 1482 77 21 värdet
549 1482 71 26 intaga
635 1481 67 27 tredje
718 1481 89 21 rummet
821 1479 7 21 i
843 1478 38 22 vär

66 1511 80 24 export,
164 1508 22 21 fä
204 1509 86 21 svärare
309 1508 155 28 konjunkturer
482 1510 29 26 pä
528 1510 111 27 Ryssland,
658 1512 23 19 är
697 1510 36 20 det
747 1508 83 28 mycket
844 1514 36 15 an-
