<?xml version="1.0" encoding="UTF-8"?>
<alto xmlns="http://www.loc.gov/standards/alto/ns-v3#" xmlns:xlink="http://www.w3.org/1999/xlink" xmlns:xsi="http://www.w3.org/2001/XMLSchema-instance" xsi:schemaLocation="http://www.loc.gov/standards/alto/ns-v3# http://www.loc.gov/alto/v3/alto-3-0.xsd">
	<Description>
		<MeasurementUnit>pixel</MeasurementUnit>
		<sourceImageInformation>
			<fileName>/tmp/tess_x5lsjkz6_input.PNG</fileName>
		</sourceImageInformation>
		<OCRProcessing ID="OCR_0">
			<ocrProcessingStep>
				<processingSoftware>
					<softwareName>tesseract 5.3.4</softwareName>
				</processingSoftware>
			</ocrProcessingStep>
		</OCRProcessing>
	</Description>
	<Layout>
		<Page WIDTH="1125" HEIGHT="1967" PHYSICAL_IMG_NR="0" ID="page_0">
			<PrintSpace HPOS="0" VPOS="0" WIDTH="1125" HEIGHT="1967">
				<ComposedBlock ID="cblock_0" HPOS="260" VPOS="106" WIDTH="503" HEIGHT="26">
					<TextBlock ID="block_0" HPOS="260" VPOS="106" WIDTH="503" HEIGHT="26">
						<TextLine ID="line_0" HPOS="260" VPOS="106" WIDTH="503" HEIGHT="26">
							<String ID="string_0" HPOS="260" VPOS="106" WIDTH="45" HEIGHT="20" WC="0.96" CONTENT="1160"/><SP WIDTH="218" VPOS="106" HPOS="305"/>
							<String ID="string_1" HPOS="523" VPOS="108" WIDTH="92" HEIGHT="24" WC="0.65" CONTENT="Borjarest."/><SP WIDTH="11" VPOS="108" HPOS="615"/>
							<String ID="string_2" HPOS="626" VPOS="108" WIDTH="44" HEIGHT="20" WC="0.85" CONTENT="1885."/><SP WIDTH="24" VPOS="108" HPOS="670"/>
							<String ID="string_3" HPOS="694" VPOS="110" WIDTH="17" HEIGHT="18" WC="0.84" CONTENT="12"/><SP WIDTH="12" VPOS="110" HPOS="711"/>
							<String ID="string_4" HPOS="723" VPOS="110" WIDTH="40" HEIGHT="22" WC="0.95" CONTENT="Maj."/>
						</TextLine>
					</TextBlock>
				</ComposedBlock>
				<ComposedBlock ID="cblock_1" HPOS="230" VPOS="177" WIDTH="828" HEIGHT="1370">
					<TextBlock ID="block_1" HPOS="236" VPOS="177" WIDTH="822" HEIGHT="399">
						<TextLine ID="line_1" HPOS="238" VPOS="177" WIDTH="820" HEIGHT="28">
							<String ID="string_5" HPOS="238" VPOS="177" WIDTH="86" HEIGHT="27" WC="0.90" CONTENT="dringar"/><SP WIDTH="22" VPOS="177" HPOS="324"/>
							<String ID="string_6" HPOS="346" VPOS="178" WIDTH="35" HEIGHT="21" WC="0.97" CONTENT="det"/><SP WIDTH="22" VPOS="178" HPOS="381"/>
							<String ID="string_7" HPOS="403" VPOS="178" WIDTH="62" HEIGHT="27" WC="0.95" CONTENT="gjort,"/><SP WIDTH="19" VPOS="178" HPOS="465"/>
							<String ID="string_8" HPOS="484" VPOS="178" WIDTH="48" HEIGHT="22" WC="0.96" CONTENT="med"/><SP WIDTH="18" VPOS="178" HPOS="532"/>
							<String ID="string_9" HPOS="550" VPOS="179" WIDTH="108" HEIGHT="26" WC="0.96" CONTENT="undantag"/><SP WIDTH="14" VPOS="179" HPOS="658"/>
							<String ID="string_10" HPOS="672" VPOS="178" WIDTH="23" HEIGHT="22" WC="0.96" CONTENT="af"/><SP WIDTH="15" VPOS="178" HPOS="695"/>
							<String ID="string_11" HPOS="710" VPOS="178" WIDTH="159" HEIGHT="26" WC="0.96" CONTENT="uteslutningen"/><SP WIDTH="18" VPOS="178" HPOS="869"/>
							<String ID="string_12" HPOS="887" VPOS="178" WIDTH="23" HEIGHT="21" WC="0.95" CONTENT="af"/><SP WIDTH="16" VPOS="178" HPOS="910"/>
							<String ID="string_13" HPOS="926" VPOS="181" WIDTH="92" HEIGHT="19" WC="0.96" CONTENT="moment"/><SP WIDTH="17" VPOS="181" HPOS="1018"/>
							<String ID="string_14" HPOS="1035" VPOS="180" WIDTH="23" HEIGHT="21" WC="0.91" CONTENT="5."/>
						</TextLine>
						<TextLine ID="line_2" HPOS="237" VPOS="206" WIDTH="818" HEIGHT="28">
							<String ID="string_15" HPOS="237" VPOS="206" WIDTH="42" HEIGHT="22" WC="0.96" CONTENT="Det"/><SP WIDTH="22" VPOS="206" HPOS="279"/>
							<String ID="string_16" HPOS="301" VPOS="206" WIDTH="59" HEIGHT="28" WC="0.96" CONTENT="lyder"/><SP WIDTH="22" VPOS="206" HPOS="360"/>
							<String ID="string_17" HPOS="382" VPOS="206" WIDTH="97" HEIGHT="22" WC="0.92" CONTENT="sålunda:"/><SP WIDTH="22" VPOS="206" HPOS="479"/>
							<String ID="string_18" HPOS="501" VPOS="207" WIDTH="131" HEIGHT="26" WC="0.85" CONTENT=",Enahanda"/><SP WIDTH="19" VPOS="207" HPOS="632"/>
							<String ID="string_19" HPOS="651" VPOS="208" WIDTH="62" HEIGHT="21" WC="0.95" CONTENT="straff"/><SP WIDTH="16" VPOS="208" HPOS="713"/>
							<String ID="string_20" HPOS="729" VPOS="210" WIDTH="38" HEIGHT="18" WC="0.93" CONTENT="äro"/><SP WIDTH="16" VPOS="210" HPOS="767"/>
							<String ID="string_21" HPOS="783" VPOS="206" WIDTH="154" HEIGHT="22" WC="0.92" CONTENT="ofvannämnda"/><SP WIDTH="16" VPOS="206" HPOS="937"/>
							<String ID="string_22" HPOS="953" VPOS="214" WIDTH="102" HEIGHT="20" WC="0.96" CONTENT="personer"/>
						</TextLine>
						<TextLine ID="line_3" HPOS="236" VPOS="235" WIDTH="820" HEIGHT="27">
							<String ID="string_23" HPOS="236" VPOS="235" WIDTH="163" HEIGHT="27" WC="0.96" CONTENT="underkastade,"/><SP WIDTH="16" VPOS="235" HPOS="399"/>
							<String ID="string_24" HPOS="415" VPOS="242" WIDTH="32" HEIGHT="15" WC="0.96" CONTENT="om"/><SP WIDTH="16" VPOS="242" HPOS="447"/>
							<String ID="string_25" HPOS="463" VPOS="236" WIDTH="25" HEIGHT="20" WC="0.96" CONTENT="de"/><SP WIDTH="16" VPOS="236" HPOS="488"/>
							<String ID="string_26" HPOS="504" VPOS="236" WIDTH="48" HEIGHT="20" WC="0.96" CONTENT="med"/><SP WIDTH="15" VPOS="236" HPOS="552"/>
							<String ID="string_27" HPOS="567" VPOS="236" WIDTH="118" HEIGHT="20" WC="0.96" CONTENT="kännedom"/><SP WIDTH="15" VPOS="236" HPOS="685"/>
							<String ID="string_28" HPOS="700" VPOS="238" WIDTH="32" HEIGHT="19" WC="0.96" CONTENT="att"/><SP WIDTH="15" VPOS="238" HPOS="732"/>
							<String ID="string_29" HPOS="747" VPOS="235" WIDTH="165" HEIGHT="27" WC="0.95" CONTENT="författningens"/><SP WIDTH="10" VPOS="235" HPOS="912"/>
							<String ID="string_30" HPOS="922" VPOS="235" WIDTH="134" HEIGHT="22" WC="0.96" CONTENT="föreskrifter"/>
						</TextLine>
						<TextLine ID="line_4" HPOS="238" VPOS="263" WIDTH="817" HEIGHT="29">
							<String ID="string_31" HPOS="238" VPOS="263" WIDTH="6" HEIGHT="21" WC="0.96" CONTENT="i"/><SP WIDTH="23" VPOS="263" HPOS="244"/>
							<String ID="string_32" HPOS="267" VPOS="264" WIDTH="88" HEIGHT="20" WC="0.93" CONTENT="anförda"/><SP WIDTH="19" VPOS="264" HPOS="355"/>
							<String ID="string_33" HPOS="374" VPOS="264" WIDTH="112" HEIGHT="22" WC="0.92" CONTENT="afseenden"/><SP WIDTH="19" VPOS="264" HPOS="486"/>
							<String ID="string_34" HPOS="505" VPOS="264" WIDTH="71" HEIGHT="22" WC="0.91" CONTENT="blifvit"/><SP WIDTH="19" VPOS="264" HPOS="576"/>
							<String ID="string_35" HPOS="595" VPOS="264" WIDTH="141" HEIGHT="27" WC="0.91" CONTENT="öfverträdda,"/><SP WIDTH="17" VPOS="264" HPOS="736"/>
							<String ID="string_36" HPOS="753" VPOS="264" WIDTH="46" HEIGHT="22" WC="0.91" CONTENT="deri"/><SP WIDTH="15" VPOS="264" HPOS="799"/>
							<String ID="string_37" HPOS="814" VPOS="263" WIDTH="47" HEIGHT="22" WC="0.93" CONTENT="icke"/><SP WIDTH="15" VPOS="263" HPOS="861"/>
							<String ID="string_38" HPOS="876" VPOS="264" WIDTH="129" HEIGHT="22" WC="0.91" CONTENT="oförtöfvadt"/><SP WIDTH="14" VPOS="264" HPOS="1005"/>
							<String ID="string_39" HPOS="1019" VPOS="264" WIDTH="36" HEIGHT="28" WC="0.93" CONTENT="på-"/>
						</TextLine>
						<TextLine ID="line_5" HPOS="237" VPOS="292" WIDTH="819" HEIGHT="28">
							<String ID="string_40" HPOS="237" VPOS="292" WIDTH="62" HEIGHT="26" WC="0.96" CONTENT="yrkat"/><SP WIDTH="19" VPOS="292" HPOS="299"/>
							<String ID="string_41" HPOS="318" VPOS="292" WIDTH="93" HEIGHT="26" WC="0.96" CONTENT="rättelse,"/><SP WIDTH="23" VPOS="292" HPOS="411"/>
							<String ID="string_42" HPOS="434" VPOS="294" WIDTH="60" HEIGHT="25" WC="0.96" CONTENT="samt,"/><SP WIDTH="23" VPOS="294" HPOS="494"/>
							<String ID="string_43" HPOS="517" VPOS="293" WIDTH="7" HEIGHT="21" WC="0.96" CONTENT="i"/><SP WIDTH="23" VPOS="293" HPOS="524"/>
							<String ID="string_44" HPOS="547" VPOS="293" WIDTH="101" HEIGHT="21" WC="0.96" CONTENT="händelse"/><SP WIDTH="20" VPOS="293" HPOS="648"/>
							<String ID="string_45" HPOS="668" VPOS="293" WIDTH="64" HEIGHT="21" WC="0.96" CONTENT="sådan"/><SP WIDTH="19" VPOS="293" HPOS="732"/>
							<String ID="string_46" HPOS="751" VPOS="294" WIDTH="20" HEIGHT="26" WC="0.96" CONTENT="ej"/><SP WIDTH="20" VPOS="294" HPOS="771"/>
							<String ID="string_47" HPOS="791" VPOS="292" WIDTH="54" HEIGHT="27" WC="0.96" CONTENT="följt,"/><SP WIDTH="20" VPOS="292" HPOS="845"/>
							<String ID="string_48" HPOS="865" VPOS="298" WIDTH="34" HEIGHT="15" WC="0.96" CONTENT="om"/><SP WIDTH="15" VPOS="298" HPOS="899"/>
							<String ID="string_49" HPOS="914" VPOS="292" WIDTH="142" HEIGHT="23" WC="0.96" CONTENT="förhållandet"/>
						</TextLine>
						<TextLine ID="line_6" HPOS="238" VPOS="320" WIDTH="817" HEIGHT="28">
							<String ID="string_50" HPOS="238" VPOS="320" WIDTH="38" HEIGHT="21" WC="0.96" CONTENT="hos"/><SP WIDTH="16" VPOS="320" HPOS="276"/>
							<String ID="string_51" HPOS="292" VPOS="321" WIDTH="87" HEIGHT="26" WC="0.96" CONTENT="publika"/><SP WIDTH="15" VPOS="321" HPOS="379"/>
							<String ID="string_52" HPOS="394" VPOS="321" WIDTH="99" HEIGHT="22" WC="0.96" CONTENT="ombudet"/><SP WIDTH="16" VPOS="321" HPOS="493"/>
							<String ID="string_53" HPOS="509" VPOS="321" WIDTH="52" HEIGHT="22" WC="0.96" CONTENT="eller"/><SP WIDTH="15" VPOS="321" HPOS="561"/>
							<String ID="string_54" HPOS="576" VPOS="322" WIDTH="95" HEIGHT="26" WC="0.93" CONTENT="offentlig"/><SP WIDTH="14" VPOS="322" HPOS="671"/>
							<String ID="string_55" HPOS="685" VPOS="322" WIDTH="117" HEIGHT="26" WC="0.92" CONTENT="anklagare"/><SP WIDTH="15" VPOS="322" HPOS="802"/>
							<String ID="string_56" HPOS="817" VPOS="321" WIDTH="100" HEIGHT="21" WC="0.0" CONTENT="anmält."/><SP WIDTH="29" VPOS="321" HPOS="917"/>
							<String ID="string_57" HPOS="946" VPOS="322" WIDTH="109" HEIGHT="22" WC="0.89" CONTENT="Utskottet"/>
						</TextLine>
						<TextLine ID="line_7" HPOS="238" VPOS="348" WIDTH="818" HEIGHT="30">
							<String ID="string_58" HPOS="238" VPOS="348" WIDTH="39" HEIGHT="21" WC="0.96" CONTENT="har"/><SP WIDTH="15" VPOS="348" HPOS="277"/>
							<String ID="string_59" HPOS="292" VPOS="349" WIDTH="96" HEIGHT="21" WC="0.96" CONTENT="uteslutit"/><SP WIDTH="15" VPOS="349" HPOS="388"/>
							<String ID="string_60" HPOS="403" VPOS="350" WIDTH="58" HEIGHT="21" WC="0.96" CONTENT="detta"/><SP WIDTH="15" VPOS="350" HPOS="461"/>
							<String ID="string_61" HPOS="476" VPOS="352" WIDTH="92" HEIGHT="19" WC="0.96" CONTENT="moment"/><SP WIDTH="15" VPOS="352" HPOS="568"/>
							<String ID="string_62" HPOS="583" VPOS="350" WIDTH="27" HEIGHT="27" WC="0.96" CONTENT="på"/><SP WIDTH="16" VPOS="350" HPOS="610"/>
							<String ID="string_63" HPOS="626" VPOS="350" WIDTH="39" HEIGHT="22" WC="0.96" CONTENT="den"/><SP WIDTH="16" VPOS="350" HPOS="665"/>
							<String ID="string_64" HPOS="681" VPOS="350" WIDTH="74" HEIGHT="27" WC="0.96" CONTENT="grund,"/><SP WIDTH="17" VPOS="350" HPOS="755"/>
							<String ID="string_65" HPOS="772" VPOS="351" WIDTH="32" HEIGHT="19" WC="0.96" CONTENT="att"/><SP WIDTH="15" VPOS="351" HPOS="804"/>
							<String ID="string_66" HPOS="819" VPOS="350" WIDTH="127" HEIGHT="26" WC="0.93" CONTENT="tillräckliga"/><SP WIDTH="11" VPOS="350" HPOS="946"/>
							<String ID="string_67" HPOS="957" VPOS="351" WIDTH="99" HEIGHT="27" WC="0.92" CONTENT="stadgan-"/>
						</TextLine>
						<TextLine ID="line_8" HPOS="238" VPOS="377" WIDTH="817" HEIGHT="29">
							<String ID="string_68" HPOS="238" VPOS="377" WIDTH="40" HEIGHT="21" WC="0.95" CONTENT="den"/><SP WIDTH="22" VPOS="377" HPOS="278"/>
							<String ID="string_69" HPOS="300" VPOS="378" WIDTH="109" HEIGHT="26" WC="0.95" CONTENT="angående"/><SP WIDTH="22" VPOS="378" HPOS="409"/>
							<String ID="string_70" HPOS="431" VPOS="378" WIDTH="130" HEIGHT="28" WC="0.96" CONTENT="delaktighet"/><SP WIDTH="18" VPOS="378" HPOS="561"/>
							<String ID="string_71" HPOS="579" VPOS="379" WIDTH="7" HEIGHT="21" WC="0.96" CONTENT="i"/><SP WIDTH="19" VPOS="379" HPOS="586"/>
							<String ID="string_72" HPOS="605" VPOS="379" WIDTH="58" HEIGHT="21" WC="0.96" CONTENT="brott"/><SP WIDTH="15" VPOS="379" HPOS="663"/>
							<String ID="string_73" HPOS="678" VPOS="379" WIDTH="68" HEIGHT="21" WC="0.96" CONTENT="skulle"/><SP WIDTH="15" VPOS="379" HPOS="746"/>
							<String ID="string_74" HPOS="761" VPOS="378" WIDTH="68" HEIGHT="21" WC="0.96" CONTENT="finnas"/><SP WIDTH="16" VPOS="378" HPOS="829"/>
							<String ID="string_75" HPOS="845" VPOS="378" WIDTH="6" HEIGHT="21" WC="0.96" CONTENT="i"/><SP WIDTH="16" VPOS="378" HPOS="851"/>
							<String ID="string_76" HPOS="867" VPOS="378" WIDTH="106" HEIGHT="22" WC="0.96" CONTENT="allmänna"/><SP WIDTH="14" VPOS="378" HPOS="973"/>
							<String ID="string_77" HPOS="987" VPOS="379" WIDTH="68" HEIGHT="27" WC="0.96" CONTENT="lagen."/>
						</TextLine>
						<TextLine ID="line_9" HPOS="237" VPOS="406" WIDTH="819" HEIGHT="28">
							<String ID="string_78" HPOS="237" VPOS="406" WIDTH="41" HEIGHT="26" WC="0.96" CONTENT="Jag"/><SP WIDTH="22" VPOS="406" HPOS="278"/>
							<String ID="string_79" HPOS="300" VPOS="412" WIDTH="62" HEIGHT="15" WC="0.95" CONTENT="anser"/><SP WIDTH="20" VPOS="412" HPOS="362"/>
							<String ID="string_80" HPOS="382" VPOS="406" WIDTH="63" HEIGHT="22" WC="0.95" CONTENT="likväl"/><SP WIDTH="19" VPOS="406" HPOS="445"/>
							<String ID="string_81" HPOS="464" VPOS="408" WIDTH="53" HEIGHT="25" WC="0.96" CONTENT="icke,"/><SP WIDTH="16" VPOS="408" HPOS="517"/>
							<String ID="string_82" HPOS="533" VPOS="409" WIDTH="31" HEIGHT="19" WC="0.96" CONTENT="att"/><SP WIDTH="16" VPOS="409" HPOS="564"/>
							<String ID="string_83" HPOS="580" VPOS="408" WIDTH="68" HEIGHT="20" WC="0.95" CONTENT="denna"/><SP WIDTH="15" VPOS="408" HPOS="648"/>
							<String ID="string_84" HPOS="663" VPOS="407" WIDTH="133" HEIGHT="27" WC="0.96" CONTENT="delaktighet"/><SP WIDTH="15" VPOS="407" HPOS="796"/>
							<String ID="string_85" HPOS="811" VPOS="407" WIDTH="7" HEIGHT="20" WC="0.96" CONTENT="i"/><SP WIDTH="15" VPOS="407" HPOS="818"/>
							<String ID="string_86" HPOS="833" VPOS="406" WIDTH="107" HEIGHT="22" WC="0.96" CONTENT="allmänna"/><SP WIDTH="15" VPOS="406" HPOS="940"/>
							<String ID="string_87" HPOS="955" VPOS="407" WIDTH="60" HEIGHT="27" WC="0.96" CONTENT="lagen"/><SP WIDTH="16" VPOS="407" HPOS="1015"/>
							<String ID="string_88" HPOS="1031" VPOS="410" WIDTH="25" HEIGHT="19" WC="0.96" CONTENT="är"/>
						</TextLine>
						<TextLine ID="line_10" HPOS="238" VPOS="434" WIDTH="817" HEIGHT="28">
							<String ID="string_89" HPOS="238" VPOS="434" WIDTH="24" HEIGHT="22" WC="0.96" CONTENT="så"/><SP WIDTH="14" VPOS="434" HPOS="262"/>
							<String ID="string_90" HPOS="276" VPOS="434" WIDTH="56" HEIGHT="22" WC="0.96" CONTENT="klart"/><SP WIDTH="18" VPOS="434" HPOS="332"/>
							<String ID="string_91" HPOS="350" VPOS="435" WIDTH="102" HEIGHT="27" WC="0.96" CONTENT="bestämd,"/><SP WIDTH="19" VPOS="435" HPOS="452"/>
							<String ID="string_92" HPOS="471" VPOS="438" WIDTH="31" HEIGHT="19" WC="0.96" CONTENT="att"/><SP WIDTH="19" VPOS="438" HPOS="502"/>
							<String ID="string_93" HPOS="521" VPOS="436" WIDTH="62" HEIGHT="22" WC="0.93" CONTENT="dessa"/><SP WIDTH="18" VPOS="436" HPOS="583"/>
							<String ID="string_94" HPOS="601" VPOS="435" WIDTH="248" HEIGHT="27" WC="0.90" CONTENT="underlåtenhetsfrågor"/><SP WIDTH="15" VPOS="435" HPOS="849"/>
							<String ID="string_95" HPOS="864" VPOS="435" WIDTH="107" HEIGHT="27" WC="0.90" CONTENT="sjelffallet"/><SP WIDTH="15" VPOS="435" HPOS="971"/>
							<String ID="string_96" HPOS="986" VPOS="436" WIDTH="69" HEIGHT="22" WC="0.96" CONTENT="skulle"/>
						</TextLine>
						<TextLine ID="line_11" HPOS="237" VPOS="462" WIDTH="816" HEIGHT="30">
							<String ID="string_97" HPOS="237" VPOS="462" WIDTH="51" HEIGHT="22" WC="0.93" CONTENT="falla"/><SP WIDTH="15" VPOS="462" HPOS="288"/>
							<String ID="string_98" HPOS="303" VPOS="464" WIDTH="112" HEIGHT="26" WC="0.91" CONTENT="derunder,"/><SP WIDTH="20" VPOS="464" HPOS="415"/>
							<String ID="string_99" HPOS="435" VPOS="464" WIDTH="37" HEIGHT="22" WC="0.96" CONTENT="och"/><SP WIDTH="16" VPOS="464" HPOS="472"/>
							<String ID="string_100" HPOS="488" VPOS="464" WIDTH="27" HEIGHT="22" WC="0.96" CONTENT="då"/><SP WIDTH="16" VPOS="464" HPOS="515"/>
							<String ID="string_101" HPOS="531" VPOS="465" WIDTH="68" HEIGHT="21" WC="0.96" CONTENT="denna"/><SP WIDTH="15" VPOS="465" HPOS="599"/>
							<String ID="string_102" HPOS="614" VPOS="465" WIDTH="35" HEIGHT="27" WC="0.96" CONTENT="lag"/><SP WIDTH="15" VPOS="465" HPOS="649"/>
							<String ID="string_103" HPOS="664" VPOS="465" WIDTH="108" HEIGHT="21" WC="0.96" CONTENT="dessutom"/><SP WIDTH="17" VPOS="465" HPOS="772"/>
							<String ID="string_104" HPOS="789" VPOS="464" WIDTH="39" HEIGHT="20" WC="0.96" CONTENT="har"/><SP WIDTH="15" VPOS="464" HPOS="828"/>
							<String ID="string_105" HPOS="843" VPOS="466" WIDTH="31" HEIGHT="19" WC="0.96" CONTENT="ett"/><SP WIDTH="15" VPOS="466" HPOS="874"/>
							<String ID="string_106" HPOS="889" VPOS="464" WIDTH="87" HEIGHT="26" WC="0.96" CONTENT="specielt"/><SP WIDTH="16" VPOS="464" HPOS="976"/>
							<String ID="string_107" HPOS="992" VPOS="464" WIDTH="61" HEIGHT="27" WC="0.96" CONTENT="syfte,"/>
						</TextLine>
						<TextLine ID="line_12" HPOS="237" VPOS="492" WIDTH="817" HEIGHT="28">
							<String ID="string_108" HPOS="237" VPOS="494" WIDTH="55" HEIGHT="19" WC="0.96" CONTENT="samt"/><SP WIDTH="14" VPOS="494" HPOS="292"/>
							<String ID="string_109" HPOS="306" VPOS="492" WIDTH="124" HEIGHT="22" WC="0.96" CONTENT="hithörande"/><SP WIDTH="16" VPOS="492" HPOS="430"/>
							<String ID="string_110" HPOS="446" VPOS="493" WIDTH="57" HEIGHT="21" WC="0.96" CONTENT="brott"/><SP WIDTH="15" VPOS="493" HPOS="503"/>
							<String ID="string_111" HPOS="518" VPOS="495" WIDTH="36" HEIGHT="19" WC="0.96" CONTENT="äro"/><SP WIDTH="16" VPOS="495" HPOS="554"/>
							<String ID="string_112" HPOS="570" VPOS="495" WIDTH="31" HEIGHT="19" WC="0.96" CONTENT="ett"/><SP WIDTH="15" VPOS="495" HPOS="601"/>
							<String ID="string_113" HPOS="616" VPOS="494" WIDTH="101" HEIGHT="20" WC="0.96" CONTENT="särskildt"/><SP WIDTH="15" VPOS="494" HPOS="717"/>
							<String ID="string_114" HPOS="732" VPOS="494" WIDTH="47" HEIGHT="26" WC="0.96" CONTENT="slag"/><SP WIDTH="15" VPOS="494" HPOS="779"/>
							<String ID="string_115" HPOS="794" VPOS="492" WIDTH="24" HEIGHT="22" WC="0.96" CONTENT="af"/><SP WIDTH="13" VPOS="492" HPOS="818"/>
							<String ID="string_116" HPOS="831" VPOS="492" WIDTH="64" HEIGHT="26" WC="0.96" CONTENT="brott,"/><SP WIDTH="18" VPOS="492" HPOS="895"/>
							<String ID="string_117" HPOS="913" VPOS="493" WIDTH="24" HEIGHT="21" WC="0.96" CONTENT="så"/><SP WIDTH="10" VPOS="493" HPOS="937"/>
							<String ID="string_118" HPOS="947" VPOS="499" WIDTH="62" HEIGHT="15" WC="0.96" CONTENT="anser"/><SP WIDTH="8" VPOS="499" HPOS="1009"/>
							<String ID="string_119" HPOS="1017" VPOS="493" WIDTH="37" HEIGHT="27" WC="0.95" CONTENT="jag"/>
						</TextLine>
						<TextLine ID="line_13" HPOS="238" VPOS="520" WIDTH="816" HEIGHT="28">
							<String ID="string_120" HPOS="238" VPOS="520" WIDTH="36" HEIGHT="22" WC="0.96" CONTENT="det"/><SP WIDTH="14" VPOS="520" HPOS="274"/>
							<String ID="string_121" HPOS="288" VPOS="527" WIDTH="50" HEIGHT="15" WC="0.96" CONTENT="vara"/><SP WIDTH="15" VPOS="527" HPOS="338"/>
							<String ID="string_122" HPOS="353" VPOS="521" WIDTH="88" HEIGHT="21" WC="0.96" CONTENT="alldeles"/><SP WIDTH="15" VPOS="521" HPOS="441"/>
							<String ID="string_123" HPOS="456" VPOS="522" WIDTH="135" HEIGHT="26" WC="0.96" CONTENT="nödvändigt,"/><SP WIDTH="16" VPOS="522" HPOS="591"/>
							<String ID="string_124" HPOS="607" VPOS="524" WIDTH="31" HEIGHT="19" WC="0.96" CONTENT="att"/><SP WIDTH="15" VPOS="524" HPOS="638"/>
							<String ID="string_125" HPOS="653" VPOS="522" WIDTH="58" HEIGHT="22" WC="0.96" CONTENT="detta"/><SP WIDTH="15" VPOS="522" HPOS="711"/>
							<String ID="string_126" HPOS="726" VPOS="523" WIDTH="94" HEIGHT="20" WC="0.96" CONTENT="moment"/><SP WIDTH="15" VPOS="523" HPOS="820"/>
							<String ID="string_127" HPOS="835" VPOS="521" WIDTH="54" HEIGHT="21" WC="0.93" CONTENT="skall"/><SP WIDTH="14" VPOS="521" HPOS="889"/>
							<String ID="string_128" HPOS="903" VPOS="521" WIDTH="151" HEIGHT="27" WC="0.92" CONTENT="äterupptagas"/>
						</TextLine>
						<TextLine ID="line_14" HPOS="236" VPOS="549" WIDTH="232" HEIGHT="27">
							<String ID="string_129" HPOS="236" VPOS="549" WIDTH="54" HEIGHT="21" WC="0.93" CONTENT="ifrän"/><SP WIDTH="15" VPOS="549" HPOS="290"/>
							<String ID="string_130" HPOS="305" VPOS="550" WIDTH="163" HEIGHT="26" WC="0.96" CONTENT="propositionen."/>
						</TextLine>
					</TextBlock>
					<TextBlock ID="block_2" HPOS="235" VPOS="578" WIDTH="820" HEIGHT="284">
						<TextLine ID="line_15" HPOS="304" VPOS="578" WIDTH="748" HEIGHT="28">
							<String ID="string_131" HPOS="304" VPOS="578" WIDTH="56" HEIGHT="21" WC="0.93" CONTENT="Herr"/><SP WIDTH="15" VPOS="578" HPOS="360"/>
							<String ID="string_132" HPOS="375" VPOS="578" WIDTH="158" HEIGHT="28" WC="0.92" CONTENT="Tegengren:"/><SP WIDTH="17" VPOS="578" HPOS="533"/>
							<String ID="string_133" HPOS="550" VPOS="580" WIDTH="9" HEIGHT="20" WC="0.91" CONTENT="I"/><SP WIDTH="15" VPOS="580" HPOS="559"/>
							<String ID="string_134" HPOS="574" VPOS="580" WIDTH="52" HEIGHT="20" WC="0.93" CONTENT="sista"/><SP WIDTH="16" VPOS="580" HPOS="626"/>
							<String ID="string_135" HPOS="642" VPOS="581" WIDTH="115" HEIGHT="19" WC="0.92" CONTENT="momentet"/><SP WIDTH="14" VPOS="581" HPOS="757"/>
							<String ID="string_136" HPOS="771" VPOS="579" WIDTH="24" HEIGHT="21" WC="0.96" CONTENT="af"/><SP WIDTH="14" VPOS="579" HPOS="795"/>
							<String ID="string_137" HPOS="809" VPOS="578" WIDTH="68" HEIGHT="22" WC="0.93" CONTENT="denna"/><SP WIDTH="10" VPOS="578" HPOS="877"/>
							<String ID="string_138" HPOS="887" VPOS="579" WIDTH="100" HEIGHT="27" WC="0.93" CONTENT="paragraf"/><SP WIDTH="9" VPOS="579" HPOS="987"/>
							<String ID="string_139" HPOS="996" VPOS="578" WIDTH="56" HEIGHT="22" WC="0.91" CONTENT="före-"/>
						</TextLine>
						<TextLine ID="line_16" HPOS="237" VPOS="606" WIDTH="815" HEIGHT="28">
							<String ID="string_140" HPOS="237" VPOS="606" WIDTH="43" HEIGHT="22" WC="0.96" CONTENT="slår"/><SP WIDTH="22" VPOS="606" HPOS="280"/>
							<String ID="string_141" HPOS="302" VPOS="607" WIDTH="103" HEIGHT="21" WC="0.96" CONTENT="utskottet"/><SP WIDTH="21" VPOS="607" HPOS="405"/>
							<String ID="string_142" HPOS="426" VPOS="610" WIDTH="31" HEIGHT="18" WC="0.93" CONTENT="att"/><SP WIDTH="22" VPOS="610" HPOS="457"/>
							<String ID="string_143" HPOS="479" VPOS="624" WIDTH="4" HEIGHT="10" WC="0.92" CONTENT=","/><SP WIDTH="3" VPOS="624" HPOS="483"/>
							<String ID="string_144" HPOS="486" VPOS="608" WIDTH="72" HEIGHT="26" WC="0.96" CONTENT="böter,"/><SP WIDTH="20" VPOS="608" HPOS="558"/>
							<String ID="string_145" HPOS="578" VPOS="614" WIDTH="44" HEIGHT="15" WC="0.96" CONTENT="som"/><SP WIDTH="20" VPOS="614" HPOS="622"/>
							<String ID="string_146" HPOS="642" VPOS="608" WIDTH="65" HEIGHT="26" WC="0.96" CONTENT="enligt"/><SP WIDTH="19" VPOS="608" HPOS="707"/>
							<String ID="string_147" HPOS="726" VPOS="608" WIDTH="69" HEIGHT="21" WC="0.93" CONTENT="denna"/><SP WIDTH="16" VPOS="608" HPOS="795"/>
							<String ID="string_148" HPOS="811" VPOS="608" WIDTH="122" HEIGHT="26" WC="0.96" CONTENT="förordning"/><SP WIDTH="16" VPOS="608" HPOS="933"/>
							<String ID="string_149" HPOS="949" VPOS="608" WIDTH="103" HEIGHT="26" WC="0.96" CONTENT="utdömas,"/>
						</TextLine>
						<TextLine ID="line_17" HPOS="236" VPOS="634" WIDTH="817" HEIGHT="29">
							<String ID="string_150" HPOS="236" VPOS="634" WIDTH="93" HEIGHT="22" WC="0.96" CONTENT="fördelas"/><SP WIDTH="23" VPOS="634" HPOS="329"/>
							<String ID="string_151" HPOS="352" VPOS="636" WIDTH="38" HEIGHT="20" WC="0.96" CONTENT="och"/><SP WIDTH="19" VPOS="636" HPOS="390"/>
							<String ID="string_152" HPOS="409" VPOS="636" WIDTH="120" HEIGHT="22" WC="0.96" CONTENT="förvandlas"/><SP WIDTH="19" VPOS="636" HPOS="529"/>
							<String ID="string_153" HPOS="548" VPOS="636" WIDTH="26" HEIGHT="27" WC="0.96" CONTENT="på"/><SP WIDTH="19" VPOS="636" HPOS="574"/>
							<String ID="string_154" HPOS="593" VPOS="638" WIDTH="42" HEIGHT="19" WC="0.96" CONTENT="sätt"/><SP WIDTH="15" VPOS="638" HPOS="635"/>
							<String ID="string_155" HPOS="650" VPOS="642" WIDTH="33" HEIGHT="15" WC="0.93" CONTENT="om"/><SP WIDTH="16" VPOS="642" HPOS="683"/>
							<String ID="string_156" HPOS="699" VPOS="637" WIDTH="118" HEIGHT="21" WC="0.92" CONTENT="vitesböter"/><SP WIDTH="14" VPOS="637" HPOS="817"/>
							<String ID="string_157" HPOS="831" VPOS="638" WIDTH="24" HEIGHT="18" WC="0.93" CONTENT="är"/><SP WIDTH="16" VPOS="638" HPOS="855"/>
							<String ID="string_158" HPOS="871" VPOS="636" WIDTH="119" HEIGHT="26" WC="0.73" CONTENT="stadgadt&#39;."/><SP WIDTH="30" VPOS="636" HPOS="990"/>
							<String ID="string_159" HPOS="1020" VPOS="636" WIDTH="33" HEIGHT="21" WC="0.88" CONTENT="Då"/>
						</TextLine>
						<TextLine ID="line_18" HPOS="237" VPOS="664" WIDTH="818" HEIGHT="27">
							<String ID="string_160" HPOS="237" VPOS="664" WIDTH="68" HEIGHT="20" WC="0.96" CONTENT="denna"/><SP WIDTH="14" VPOS="664" HPOS="305"/>
							<String ID="string_161" HPOS="319" VPOS="664" WIDTH="101" HEIGHT="27" WC="0.93" CONTENT="paragraf"/><SP WIDTH="13" VPOS="664" HPOS="420"/>
							<String ID="string_162" HPOS="433" VPOS="664" WIDTH="56" HEIGHT="22" WC="0.92" CONTENT="afser"/><SP WIDTH="16" VPOS="664" HPOS="489"/>
							<String ID="string_163" HPOS="505" VPOS="666" WIDTH="30" HEIGHT="20" WC="0.96" CONTENT="att"/><SP WIDTH="14" VPOS="666" HPOS="535"/>
							<String ID="string_164" HPOS="549" VPOS="666" WIDTH="116" HEIGHT="20" WC="0.96" CONTENT="bestämma"/><SP WIDTH="10" VPOS="666" HPOS="665"/>
							<String ID="string_165" HPOS="675" VPOS="671" WIDTH="33" HEIGHT="15" WC="0.96" CONTENT="om"/><SP WIDTH="11" VPOS="671" HPOS="708"/>
							<String ID="string_166" HPOS="719" VPOS="665" WIDTH="98" HEIGHT="26" WC="0.96" CONTENT="verkliga"/><SP WIDTH="10" VPOS="665" HPOS="817"/>
							<String ID="string_167" HPOS="827" VPOS="664" WIDTH="144" HEIGHT="27" WC="0.96" CONTENT="förbrytelser,"/><SP WIDTH="12" VPOS="664" HPOS="971"/>
							<String ID="string_168" HPOS="983" VPOS="664" WIDTH="72" HEIGHT="22" WC="0.95" CONTENT="hvilka"/>
						</TextLine>
						<TextLine ID="line_19" HPOS="238" VPOS="692" WIDTH="817" HEIGHT="28">
							<String ID="string_169" HPOS="238" VPOS="692" WIDTH="117" HEIGHT="22" WC="0.90" CONTENT="merendels"/><SP WIDTH="23" VPOS="692" HPOS="355"/>
							<String ID="string_170" HPOS="378" VPOS="693" WIDTH="87" HEIGHT="21" WC="0.96" CONTENT="omfatta"/><SP WIDTH="22" VPOS="693" HPOS="465"/>
							<String ID="string_171" HPOS="487" VPOS="694" WIDTH="86" HEIGHT="20" WC="0.96" CONTENT="svårare"/><SP WIDTH="23" VPOS="694" HPOS="573"/>
							<String ID="string_172" HPOS="596" VPOS="694" WIDTH="46" HEIGHT="26" WC="0.96" CONTENT="slag"/><SP WIDTH="21" VPOS="694" HPOS="642"/>
							<String ID="string_173" HPOS="663" VPOS="694" WIDTH="23" HEIGHT="20" WC="0.96" CONTENT="af"/><SP WIDTH="19" VPOS="694" HPOS="686"/>
							<String ID="string_174" HPOS="705" VPOS="693" WIDTH="121" HEIGHT="27" WC="0.96" CONTENT="bedrägeri,"/><SP WIDTH="20" VPOS="693" HPOS="826"/>
							<String ID="string_175" HPOS="846" VPOS="693" WIDTH="24" HEIGHT="21" WC="0.96" CONTENT="så"/><SP WIDTH="17" VPOS="693" HPOS="870"/>
							<String ID="string_176" HPOS="887" VPOS="699" WIDTH="63" HEIGHT="15" WC="0.96" CONTENT="anser"/><SP WIDTH="17" VPOS="699" HPOS="950"/>
							<String ID="string_177" HPOS="967" VPOS="693" WIDTH="36" HEIGHT="27" WC="0.96" CONTENT="jag"/><SP WIDTH="16" VPOS="693" HPOS="1003"/>
							<String ID="string_178" HPOS="1019" VPOS="693" WIDTH="36" HEIGHT="21" WC="0.96" CONTENT="det"/>
						</TextLine>
						<TextLine ID="line_20" HPOS="237" VPOS="721" WIDTH="816" HEIGHT="28">
							<String ID="string_179" HPOS="237" VPOS="727" WIDTH="51" HEIGHT="15" WC="0.96" CONTENT="vara"/><SP WIDTH="21" VPOS="727" HPOS="288"/>
							<String ID="string_180" HPOS="309" VPOS="721" WIDTH="88" HEIGHT="21" WC="0.93" CONTENT="alldeles"/><SP WIDTH="23" VPOS="721" HPOS="397"/>
							<String ID="string_181" HPOS="420" VPOS="722" WIDTH="87" HEIGHT="27" WC="0.92" CONTENT="origtigt"/><SP WIDTH="21" VPOS="722" HPOS="507"/>
							<String ID="string_182" HPOS="528" VPOS="724" WIDTH="31" HEIGHT="19" WC="0.96" CONTENT="att"/><SP WIDTH="22" VPOS="724" HPOS="559"/>
							<String ID="string_183" HPOS="581" VPOS="722" WIDTH="117" HEIGHT="21" WC="0.96" CONTENT="bestämma"/><SP WIDTH="18" VPOS="722" HPOS="698"/>
							<String ID="string_184" HPOS="716" VPOS="724" WIDTH="31" HEIGHT="20" WC="0.96" CONTENT="att"/><SP WIDTH="16" VPOS="724" HPOS="747"/>
							<String ID="string_185" HPOS="763" VPOS="722" WIDTH="90" HEIGHT="21" WC="0.96" CONTENT="böterna"/><SP WIDTH="16" VPOS="722" HPOS="853"/>
							<String ID="string_186" HPOS="869" VPOS="721" WIDTH="60" HEIGHT="21" WC="0.96" CONTENT="skola"/><SP WIDTH="15" VPOS="721" HPOS="929"/>
							<String ID="string_187" HPOS="944" VPOS="721" WIDTH="109" HEIGHT="21" WC="0.96" CONTENT="betraktas"/>
						</TextLine>
						<TextLine ID="line_21" HPOS="237" VPOS="749" WIDTH="816" HEIGHT="28">
							<String ID="string_188" HPOS="237" VPOS="749" WIDTH="69" HEIGHT="21" WC="0.92" CONTENT="såsom"/><SP WIDTH="23" VPOS="749" HPOS="306"/>
							<String ID="string_189" HPOS="329" VPOS="750" WIDTH="120" HEIGHT="26" WC="0.91" CONTENT="vitesböter,"/><SP WIDTH="24" VPOS="750" HPOS="449"/>
							<String ID="string_190" HPOS="473" VPOS="751" WIDTH="84" HEIGHT="21" WC="0.96" CONTENT="hvarför"/><SP WIDTH="21" VPOS="751" HPOS="557"/>
							<String ID="string_191" HPOS="578" VPOS="751" WIDTH="36" HEIGHT="26" WC="0.96" CONTENT="jag"/><SP WIDTH="23" VPOS="751" HPOS="614"/>
							<String ID="string_192" HPOS="637" VPOS="751" WIDTH="90" HEIGHT="21" WC="0.96" CONTENT="föreslår"/><SP WIDTH="23" VPOS="751" HPOS="727"/>
							<String ID="string_193" HPOS="750" VPOS="753" WIDTH="32" HEIGHT="19" WC="0.96" CONTENT="att"/><SP WIDTH="18" VPOS="753" HPOS="782"/>
							<String ID="string_194" HPOS="800" VPOS="751" WIDTH="59" HEIGHT="20" WC="0.96" CONTENT="detta"/><SP WIDTH="18" VPOS="751" HPOS="859"/>
							<String ID="string_195" HPOS="877" VPOS="752" WIDTH="93" HEIGHT="18" WC="0.96" CONTENT="moment"/><SP WIDTH="18" VPOS="752" HPOS="970"/>
							<String ID="string_196" HPOS="988" VPOS="750" WIDTH="65" HEIGHT="21" WC="0.95" CONTENT="måtte"/>
						</TextLine>
						<TextLine ID="line_22" HPOS="236" VPOS="778" WIDTH="817" HEIGHT="28">
							<String ID="string_197" HPOS="236" VPOS="778" WIDTH="122" HEIGHT="26" WC="0.96" CONTENT="godkännas"/><SP WIDTH="16" VPOS="778" HPOS="358"/>
							<String ID="string_198" HPOS="374" VPOS="779" WIDTH="5" HEIGHT="20" WC="0.96" CONTENT="i"/><SP WIDTH="17" VPOS="779" HPOS="379"/>
							<String ID="string_199" HPOS="396" VPOS="779" WIDTH="93" HEIGHT="27" WC="0.96" CONTENT="enlighet"/><SP WIDTH="14" VPOS="779" HPOS="489"/>
							<String ID="string_200" HPOS="503" VPOS="780" WIDTH="48" HEIGHT="21" WC="0.96" CONTENT="med"/><SP WIDTH="14" VPOS="780" HPOS="551"/>
							<String ID="string_201" HPOS="565" VPOS="779" WIDTH="78" HEIGHT="27" WC="0.96" CONTENT="nådiga"/><SP WIDTH="15" VPOS="779" HPOS="643"/>
							<String ID="string_202" HPOS="658" VPOS="780" WIDTH="166" HEIGHT="26" WC="0.96" CONTENT="propositionen,"/><SP WIDTH="19" VPOS="780" HPOS="824"/>
							<String ID="string_203" HPOS="843" VPOS="779" WIDTH="37" HEIGHT="21" WC="0.96" CONTENT="der"/><SP WIDTH="14" VPOS="779" HPOS="880"/>
							<String ID="string_204" HPOS="894" VPOS="778" WIDTH="87" HEIGHT="22" WC="0.93" CONTENT="böterna"/><SP WIDTH="16" VPOS="778" HPOS="981"/>
							<String ID="string_205" HPOS="997" VPOS="778" WIDTH="56" HEIGHT="21" WC="0.78" CONTENT="&quot;för-"/>
						</TextLine>
						<TextLine ID="line_23" HPOS="236" VPOS="807" WIDTH="818" HEIGHT="28">
							<String ID="string_206" HPOS="236" VPOS="807" WIDTH="87" HEIGHT="21" WC="0.92" CONTENT="vandlas"/><SP WIDTH="21" VPOS="807" HPOS="323"/>
							<String ID="string_207" HPOS="344" VPOS="807" WIDTH="68" HEIGHT="27" WC="0.96" CONTENT="enligt"/><SP WIDTH="21" VPOS="807" HPOS="412"/>
							<String ID="string_208" HPOS="433" VPOS="808" WIDTH="55" HEIGHT="21" WC="0.96" CONTENT="hvad"/><SP WIDTH="23" VPOS="808" HPOS="488"/>
							<String ID="string_209" HPOS="511" VPOS="808" WIDTH="71" HEIGHT="21" WC="0.96" CONTENT="derom"/><SP WIDTH="19" VPOS="808" HPOS="582"/>
							<String ID="string_210" HPOS="601" VPOS="808" WIDTH="7" HEIGHT="20" WC="0.96" CONTENT="i"/><SP WIDTH="16" VPOS="808" HPOS="608"/>
							<String ID="string_211" HPOS="624" VPOS="808" WIDTH="106" HEIGHT="21" WC="0.96" CONTENT="allmänna"/><SP WIDTH="16" VPOS="808" HPOS="730"/>
							<String ID="string_212" HPOS="746" VPOS="808" WIDTH="63" HEIGHT="27" WC="0.96" CONTENT="lagen"/><SP WIDTH="16" VPOS="808" HPOS="809"/>
							<String ID="string_213" HPOS="825" VPOS="813" WIDTH="33" HEIGHT="15" WC="0.96" CONTENT="om"/><SP WIDTH="16" VPOS="813" HPOS="858"/>
							<String ID="string_214" HPOS="874" VPOS="807" WIDTH="60" HEIGHT="21" WC="0.96" CONTENT="böter"/><SP WIDTH="16" VPOS="807" HPOS="934"/>
							<String ID="string_215" HPOS="950" VPOS="807" WIDTH="31" HEIGHT="21" WC="0.96" CONTENT="för"/><SP WIDTH="16" VPOS="807" HPOS="981"/>
							<String ID="string_216" HPOS="997" VPOS="807" WIDTH="57" HEIGHT="21" WC="0.96" CONTENT="brott"/>
						</TextLine>
						<TextLine ID="line_24" HPOS="235" VPOS="836" WIDTH="158" HEIGHT="26">
							<String ID="string_217" HPOS="235" VPOS="836" WIDTH="24" HEIGHT="20" WC="0.93" CONTENT="är"/><SP WIDTH="15" VPOS="836" HPOS="259"/>
							<String ID="string_218" HPOS="274" VPOS="836" WIDTH="119" HEIGHT="26" WC="0.82" CONTENT="stadgadt&#39;&#39;."/>
						</TextLine>
					</TextBlock>
					<TextBlock ID="block_3" HPOS="235" VPOS="864" WIDTH="819" HEIGHT="226">
						<TextLine ID="line_25" HPOS="304" VPOS="864" WIDTH="749" HEIGHT="28">
							<String ID="string_219" HPOS="304" VPOS="864" WIDTH="55" HEIGHT="21" WC="0.93" CONTENT="Herr"/><SP WIDTH="18" VPOS="864" HPOS="359"/>
							<String ID="string_220" HPOS="377" VPOS="864" WIDTH="144" HEIGHT="22" WC="0.92" CONTENT="Wasenius:"/><SP WIDTH="20" VPOS="864" HPOS="521"/>
							<String ID="string_221" HPOS="541" VPOS="866" WIDTH="40" HEIGHT="26" WC="0.96" CONTENT="Jag"/><SP WIDTH="19" VPOS="866" HPOS="581"/>
							<String ID="string_222" HPOS="600" VPOS="865" WIDTH="37" HEIGHT="21" WC="0.96" CONTENT="ber"/><SP WIDTH="15" VPOS="865" HPOS="637"/>
							<String ID="string_223" HPOS="652" VPOS="867" WIDTH="32" HEIGHT="19" WC="0.96" CONTENT="att"/><SP WIDTH="15" VPOS="867" HPOS="684"/>
							<String ID="string_224" HPOS="699" VPOS="865" WIDTH="21" HEIGHT="21" WC="0.93" CONTENT="få"/><SP WIDTH="16" VPOS="865" HPOS="720"/>
							<String ID="string_225" HPOS="736" VPOS="864" WIDTH="131" HEIGHT="22" WC="0.92" CONTENT="understöda"/><SP WIDTH="16" VPOS="864" HPOS="867"/>
							<String ID="string_226" HPOS="883" VPOS="864" WIDTH="50" HEIGHT="21" WC="0.93" CONTENT="herr"/><SP WIDTH="15" VPOS="864" HPOS="933"/>
							<String ID="string_227" HPOS="948" VPOS="864" WIDTH="105" HEIGHT="26" WC="0.90" CONTENT="Eneberg."/>
						</TextLine>
						<TextLine ID="line_26" HPOS="236" VPOS="892" WIDTH="817" HEIGHT="28">
							<String ID="string_228" HPOS="236" VPOS="892" WIDTH="40" HEIGHT="26" WC="0.96" CONTENT="Jag"/><SP WIDTH="15" VPOS="892" HPOS="276"/>
							<String ID="string_229" HPOS="291" VPOS="892" WIDTH="39" HEIGHT="21" WC="0.96" CONTENT="har"/><SP WIDTH="14" VPOS="892" HPOS="330"/>
							<String ID="string_230" HPOS="344" VPOS="893" WIDTH="102" HEIGHT="21" WC="0.96" CONTENT="särskildt"/><SP WIDTH="15" VPOS="893" HPOS="446"/>
							<String ID="string_231" HPOS="461" VPOS="894" WIDTH="35" HEIGHT="20" WC="0.96" CONTENT="det"/><SP WIDTH="15" VPOS="894" HPOS="496"/>
							<String ID="string_232" HPOS="511" VPOS="894" WIDTH="63" HEIGHT="21" WC="0.96" CONTENT="motiv"/><SP WIDTH="16" VPOS="894" HPOS="574"/>
							<String ID="string_233" HPOS="590" VPOS="894" WIDTH="32" HEIGHT="20" WC="0.96" CONTENT="för"/><SP WIDTH="15" VPOS="894" HPOS="622"/>
							<String ID="string_234" HPOS="637" VPOS="894" WIDTH="110" HEIGHT="21" WC="0.96" CONTENT="införande"/><SP WIDTH="16" VPOS="894" HPOS="747"/>
							<String ID="string_235" HPOS="763" VPOS="893" WIDTH="24" HEIGHT="21" WC="0.96" CONTENT="af"/><SP WIDTH="14" VPOS="893" HPOS="787"/>
							<String ID="string_236" HPOS="801" VPOS="893" WIDTH="36" HEIGHT="21" WC="0.96" CONTENT="det"/><SP WIDTH="10" VPOS="893" HPOS="837"/>
							<String ID="string_237" HPOS="847" VPOS="893" WIDTH="107" HEIGHT="21" WC="0.93" CONTENT="uteslutna"/><SP WIDTH="11" VPOS="893" HPOS="954"/>
							<String ID="string_238" HPOS="965" VPOS="892" WIDTH="88" HEIGHT="28" WC="0.96" CONTENT="stycket,"/>
						</TextLine>
						<TextLine ID="line_27" HPOS="236" VPOS="921" WIDTH="818" HEIGHT="28">
							<String ID="string_239" HPOS="236" VPOS="922" WIDTH="32" HEIGHT="20" WC="0.96" CONTENT="att"/><SP WIDTH="21" VPOS="922" HPOS="268"/>
							<String ID="string_240" HPOS="289" VPOS="921" WIDTH="58" HEIGHT="21" WC="0.96" CONTENT="detta"/><SP WIDTH="19" VPOS="921" HPOS="347"/>
							<String ID="string_241" HPOS="366" VPOS="923" WIDTH="23" HEIGHT="19" WC="0.96" CONTENT="är"/><SP WIDTH="19" VPOS="923" HPOS="389"/>
							<String ID="string_242" HPOS="408" VPOS="928" WIDTH="25" HEIGHT="15" WC="0.93" CONTENT="en"/><SP WIDTH="17" VPOS="928" HPOS="433"/>
							<String ID="string_243" HPOS="450" VPOS="922" WIDTH="97" HEIGHT="26" WC="0.91" CONTENT="banklag,"/><SP WIDTH="16" VPOS="922" HPOS="547"/>
							<String ID="string_244" HPOS="563" VPOS="928" WIDTH="45" HEIGHT="15" WC="0.96" CONTENT="som"/><SP WIDTH="16" VPOS="928" HPOS="608"/>
							<String ID="string_245" HPOS="624" VPOS="922" WIDTH="120" HEIGHT="27" WC="0.96" CONTENT="antagligen"/><SP WIDTH="17" VPOS="922" HPOS="744"/>
							<String ID="string_246" HPOS="761" VPOS="922" WIDTH="97" HEIGHT="21" WC="0.96" CONTENT="kommer"/><SP WIDTH="15" VPOS="922" HPOS="858"/>
							<String ID="string_247" HPOS="873" VPOS="924" WIDTH="32" HEIGHT="19" WC="0.96" CONTENT="att"/><SP WIDTH="14" VPOS="924" HPOS="905"/>
							<String ID="string_248" HPOS="919" VPOS="922" WIDTH="56" HEIGHT="20" WC="0.95" CONTENT="läsas"/><SP WIDTH="15" VPOS="922" HPOS="975"/>
							<String ID="string_249" HPOS="990" VPOS="921" WIDTH="23" HEIGHT="21" WC="0.96" CONTENT="af"/><SP WIDTH="14" VPOS="921" HPOS="1013"/>
							<String ID="string_250" HPOS="1027" VPOS="922" WIDTH="27" HEIGHT="20" WC="0.96" CONTENT="de"/>
						</TextLine>
						<TextLine ID="line_28" HPOS="235" VPOS="950" WIDTH="818" HEIGHT="28">
							<String ID="string_251" HPOS="235" VPOS="955" WIDTH="101" HEIGHT="21" WC="0.96" CONTENT="personer"/><SP WIDTH="15" VPOS="955" HPOS="336"/>
							<String ID="string_252" HPOS="351" VPOS="950" WIDTH="68" HEIGHT="21" WC="0.95" CONTENT="denna"/><SP WIDTH="15" VPOS="950" HPOS="419"/>
							<String ID="string_253" HPOS="434" VPOS="950" WIDTH="108" HEIGHT="22" WC="0.95" CONTENT="föreskrift"/><SP WIDTH="14" VPOS="950" HPOS="542"/>
							<String ID="string_254" HPOS="556" VPOS="951" WIDTH="73" HEIGHT="27" WC="0.93" CONTENT="gäller,"/><SP WIDTH="17" VPOS="951" HPOS="629"/>
							<String ID="string_255" HPOS="646" VPOS="951" WIDTH="104" HEIGHT="26" WC="0.92" CONTENT="nemligen"/><SP WIDTH="16" VPOS="951" HPOS="750"/>
							<String ID="string_256" HPOS="766" VPOS="950" WIDTH="129" HEIGHT="27" WC="0.93" CONTENT="tjenstemän"/><SP WIDTH="15" VPOS="950" HPOS="895"/>
							<String ID="string_257" HPOS="910" VPOS="950" WIDTH="6" HEIGHT="20" WC="0.93" CONTENT="i"/><SP WIDTH="16" VPOS="950" HPOS="916"/>
							<String ID="string_258" HPOS="932" VPOS="950" WIDTH="121" HEIGHT="26" WC="0.92" CONTENT="privatban-"/>
						</TextLine>
						<TextLine ID="line_29" HPOS="235" VPOS="978" WIDTH="817" HEIGHT="27">
							<String ID="string_259" HPOS="235" VPOS="978" WIDTH="44" HEIGHT="26" WC="0.96" CONTENT="ker,"/><SP WIDTH="24" VPOS="978" HPOS="279"/>
							<String ID="string_260" HPOS="303" VPOS="978" WIDTH="70" HEIGHT="21" WC="0.96" CONTENT="hvilka"/><SP WIDTH="22" VPOS="978" HPOS="373"/>
							<String ID="string_261" HPOS="395" VPOS="985" WIDTH="101" HEIGHT="20" WC="0.96" CONTENT="personer"/><SP WIDTH="22" VPOS="985" HPOS="496"/>
							<String ID="string_262" HPOS="518" VPOS="980" WIDTH="106" HEIGHT="20" WC="0.96" CONTENT="sannolikt"/><SP WIDTH="18" VPOS="980" HPOS="624"/>
							<String ID="string_263" HPOS="642" VPOS="979" WIDTH="46" HEIGHT="21" WC="0.96" CONTENT="icke"/><SP WIDTH="18" VPOS="979" HPOS="688"/>
							<String ID="string_264" HPOS="706" VPOS="979" WIDTH="64" HEIGHT="21" WC="0.96" CONTENT="hafva"/><SP WIDTH="20" VPOS="979" HPOS="770"/>
							<String ID="string_265" HPOS="790" VPOS="979" WIDTH="51" HEIGHT="21" WC="0.96" CONTENT="reda"/><SP WIDTH="18" VPOS="979" HPOS="841"/>
							<String ID="string_266" HPOS="859" VPOS="979" WIDTH="27" HEIGHT="26" WC="0.96" CONTENT="på"/><SP WIDTH="15" VPOS="979" HPOS="886"/>
							<String ID="string_267" HPOS="901" VPOS="978" WIDTH="105" HEIGHT="21" WC="0.93" CONTENT="allmänna"/><SP WIDTH="15" VPOS="978" HPOS="1006"/>
							<String ID="string_268" HPOS="1021" VPOS="978" WIDTH="31" HEIGHT="21" WC="0.92" CONTENT="la-"/>
						</TextLine>
						<TextLine ID="line_30" HPOS="235" VPOS="1006" WIDTH="816" HEIGHT="28">
							<String ID="string_269" HPOS="235" VPOS="1012" WIDTH="51" HEIGHT="21" WC="0.96" CONTENT="gens"/><SP WIDTH="15" VPOS="1012" HPOS="286"/>
							<String ID="string_270" HPOS="301" VPOS="1006" WIDTH="134" HEIGHT="22" WC="0.96" CONTENT="föreskrifter"/><SP WIDTH="18" VPOS="1006" HPOS="435"/>
							<String ID="string_271" HPOS="453" VPOS="1014" WIDTH="33" HEIGHT="14" WC="0.96" CONTENT="om"/><SP WIDTH="17" VPOS="1014" HPOS="486"/>
							<String ID="string_272" HPOS="503" VPOS="1008" WIDTH="130" HEIGHT="26" WC="0.96" CONTENT="delaktighet"/><SP WIDTH="14" VPOS="1008" HPOS="633"/>
							<String ID="string_273" HPOS="647" VPOS="1008" WIDTH="6" HEIGHT="20" WC="0.96" CONTENT="i"/><SP WIDTH="17" VPOS="1008" HPOS="653"/>
							<String ID="string_274" HPOS="670" VPOS="1008" WIDTH="62" HEIGHT="26" WC="0.96" CONTENT="brott,"/><SP WIDTH="16" VPOS="1008" HPOS="732"/>
							<String ID="string_275" HPOS="748" VPOS="1008" WIDTH="40" HEIGHT="20" WC="0.96" CONTENT="och"/><SP WIDTH="17" VPOS="1008" HPOS="788"/>
							<String ID="string_276" HPOS="805" VPOS="1009" WIDTH="31" HEIGHT="19" WC="0.96" CONTENT="att"/><SP WIDTH="15" VPOS="1009" HPOS="836"/>
							<String ID="string_277" HPOS="851" VPOS="1008" WIDTH="36" HEIGHT="20" WC="0.96" CONTENT="det"/><SP WIDTH="16" VPOS="1008" HPOS="887"/>
							<String ID="string_278" HPOS="903" VPOS="1006" WIDTH="82" HEIGHT="22" WC="0.96" CONTENT="således"/><SP WIDTH="16" VPOS="1006" HPOS="985"/>
							<String ID="string_279" HPOS="1001" VPOS="1012" WIDTH="50" HEIGHT="16" WC="0.95" CONTENT="vore"/>
						</TextLine>
						<TextLine ID="line_31" HPOS="236" VPOS="1035" WIDTH="816" HEIGHT="27">
							<String ID="string_280" HPOS="236" VPOS="1035" WIDTH="65" HEIGHT="27" WC="0.96" CONTENT="enligt"/><SP WIDTH="21" VPOS="1035" HPOS="301"/>
							<String ID="string_281" HPOS="322" VPOS="1036" WIDTH="42" HEIGHT="20" WC="0.96" CONTENT="min"/><SP WIDTH="23" VPOS="1036" HPOS="364"/>
							<String ID="string_282" HPOS="387" VPOS="1036" WIDTH="63" HEIGHT="21" WC="0.96" CONTENT="tanke"/><SP WIDTH="23" VPOS="1036" HPOS="450"/>
							<String ID="string_283" HPOS="473" VPOS="1037" WIDTH="98" HEIGHT="21" WC="0.95" CONTENT="orättvist"/><SP WIDTH="19" VPOS="1037" HPOS="571"/>
							<String ID="string_284" HPOS="590" VPOS="1039" WIDTH="42" HEIGHT="18" WC="0.96" CONTENT="mot"/><SP WIDTH="16" VPOS="1039" HPOS="632"/>
							<String ID="string_285" HPOS="648" VPOS="1037" WIDTH="53" HEIGHT="25" WC="0.95" CONTENT="dem,"/><SP WIDTH="16" VPOS="1037" HPOS="701"/>
							<String ID="string_286" HPOS="717" VPOS="1038" WIDTH="31" HEIGHT="19" WC="0.96" CONTENT="att"/><SP WIDTH="15" VPOS="1038" HPOS="748"/>
							<String ID="string_287" HPOS="763" VPOS="1036" WIDTH="49" HEIGHT="22" WC="0.96" CONTENT="icke"/><SP WIDTH="15" VPOS="1036" HPOS="812"/>
							<String ID="string_288" HPOS="827" VPOS="1036" WIDTH="6" HEIGHT="20" WC="0.93" CONTENT="i"/><SP WIDTH="17" VPOS="1036" HPOS="833"/>
							<String ID="string_289" HPOS="850" VPOS="1035" WIDTH="118" HEIGHT="27" WC="0.90" CONTENT="banklagen"/><SP WIDTH="15" VPOS="1035" HPOS="968"/>
							<String ID="string_290" HPOS="983" VPOS="1035" WIDTH="69" HEIGHT="21" WC="0.96" CONTENT="införa"/>
						</TextLine>
						<TextLine ID="line_32" HPOS="235" VPOS="1064" WIDTH="380" HEIGHT="26">
							<String ID="string_291" HPOS="235" VPOS="1064" WIDTH="59" HEIGHT="20" WC="0.96" CONTENT="detta"/><SP WIDTH="15" VPOS="1064" HPOS="294"/>
							<String ID="string_292" HPOS="309" VPOS="1064" WIDTH="123" HEIGHT="26" WC="0.96" CONTENT="stadgande."/><SP WIDTH="181" VPOS="1064" HPOS="432"/>
							<String ID="string_293" HPOS="613" VPOS="1087" WIDTH="2" HEIGHT="2" WC="0.75" CONTENT=","/>
						</TextLine>
					</TextBlock>
					<TextBlock ID="block_4" HPOS="234" VPOS="1092" WIDTH="820" HEIGHT="56">
						<TextLine ID="line_33" HPOS="293" VPOS="1092" WIDTH="760" HEIGHT="28">
							<String ID="string_294" HPOS="293" VPOS="1092" WIDTH="55" HEIGHT="20" WC="0.96" CONTENT="Herr"/><SP WIDTH="19" VPOS="1092" HPOS="348"/>
							<String ID="string_295" HPOS="367" VPOS="1099" WIDTH="19" HEIGHT="14" WC="0.96" CONTENT="v."/><SP WIDTH="20" VPOS="1099" HPOS="386"/>
							<String ID="string_296" HPOS="406" VPOS="1092" WIDTH="97" HEIGHT="22" WC="0.93" CONTENT="Pfaler:"/><SP WIDTH="15" VPOS="1092" HPOS="503"/>
							<String ID="string_297" HPOS="518" VPOS="1093" WIDTH="31" HEIGHT="21" WC="0.93" CONTENT="Pä"/><SP WIDTH="14" VPOS="1093" HPOS="549"/>
							<String ID="string_298" HPOS="563" VPOS="1094" WIDTH="68" HEIGHT="26" WC="0.96" CONTENT="grund"/><SP WIDTH="16" VPOS="1094" HPOS="631"/>
							<String ID="string_299" HPOS="647" VPOS="1093" WIDTH="23" HEIGHT="21" WC="0.96" CONTENT="af"/><SP WIDTH="14" VPOS="1093" HPOS="670"/>
							<String ID="string_300" HPOS="684" VPOS="1094" WIDTH="35" HEIGHT="20" WC="0.96" CONTENT="det"/><SP WIDTH="15" VPOS="1094" HPOS="719"/>
							<String ID="string_301" HPOS="734" VPOS="1093" WIDTH="79" HEIGHT="25" WC="0.96" CONTENT="beslut,"/><SP WIDTH="16" VPOS="1093" HPOS="813"/>
							<String ID="string_302" HPOS="829" VPOS="1098" WIDTH="46" HEIGHT="15" WC="0.93" CONTENT="som"/><SP WIDTH="15" VPOS="1098" HPOS="875"/>
							<String ID="string_303" HPOS="890" VPOS="1092" WIDTH="85" HEIGHT="21" WC="0.93" CONTENT="ständet"/><SP WIDTH="14" VPOS="1092" HPOS="975"/>
							<String ID="string_304" HPOS="989" VPOS="1092" WIDTH="64" HEIGHT="21" WC="0.89" CONTENT="fattat"/>
						</TextLine>
						<TextLine ID="line_34" HPOS="234" VPOS="1120" WIDTH="820" HEIGHT="28">
							<String ID="string_305" HPOS="234" VPOS="1121" WIDTH="109" HEIGHT="26" WC="0.92" CONTENT="angäende"/><SP WIDTH="15" VPOS="1121" HPOS="343"/>
							<String ID="string_306" HPOS="358" VPOS="1120" WIDTH="12" HEIGHT="27" WC="0.91" CONTENT="$"/><SP WIDTH="17" VPOS="1120" HPOS="370"/>
							<String ID="string_307" HPOS="387" VPOS="1122" WIDTH="18" HEIGHT="25" WC="0.96" CONTENT="7,"/><SP WIDTH="16" VPOS="1122" HPOS="405"/>
							<String ID="string_308" HPOS="421" VPOS="1121" WIDTH="64" HEIGHT="22" WC="0.93" CONTENT="borde"/><SP WIDTH="14" VPOS="1121" HPOS="485"/>
							<String ID="string_309" HPOS="499" VPOS="1122" WIDTH="59" HEIGHT="21" WC="0.93" CONTENT="2:dra"/><SP WIDTH="10" VPOS="1122" HPOS="558"/>
							<String ID="string_310" HPOS="568" VPOS="1124" WIDTH="114" HEIGHT="19" WC="0.93" CONTENT="momentet"/><SP WIDTH="11" VPOS="1124" HPOS="682"/>
							<String ID="string_311" HPOS="693" VPOS="1122" WIDTH="5" HEIGHT="20" WC="0.96" CONTENT="i"/><SP WIDTH="12" VPOS="1122" HPOS="698"/>
							<String ID="string_312" HPOS="710" VPOS="1122" WIDTH="69" HEIGHT="21" WC="0.92" CONTENT="denna"/><SP WIDTH="12" VPOS="1122" HPOS="779"/>
							<String ID="string_313" HPOS="791" VPOS="1121" WIDTH="102" HEIGHT="27" WC="0.92" CONTENT="paragraf"/><SP WIDTH="9" VPOS="1121" HPOS="893"/>
							<String ID="string_314" HPOS="902" VPOS="1121" WIDTH="152" HEIGHT="26" WC="0.92" CONTENT="omredigeras."/>
						</TextLine>
					</TextBlock>
					<TextBlock ID="block_5" HPOS="233" VPOS="1149" WIDTH="821" HEIGHT="136">
						<TextLine ID="line_35" HPOS="302" VPOS="1149" WIDTH="751" HEIGHT="28">
							<String ID="string_315" HPOS="302" VPOS="1149" WIDTH="56" HEIGHT="21" WC="0.88" CONTENT="Herr"/><SP WIDTH="23" VPOS="1149" HPOS="358"/>
							<String ID="string_316" HPOS="381" VPOS="1149" WIDTH="124" HEIGHT="22" WC="0.88" CONTENT="Grönvik:"/><SP WIDTH="22" VPOS="1149" HPOS="505"/>
							<String ID="string_317" HPOS="527" VPOS="1151" WIDTH="41" HEIGHT="26" WC="0.96" CONTENT="Jag"/><SP WIDTH="23" VPOS="1151" HPOS="568"/>
							<String ID="string_318" HPOS="591" VPOS="1150" WIDTH="36" HEIGHT="21" WC="0.96" CONTENT="ber"/><SP WIDTH="19" VPOS="1150" HPOS="627"/>
							<String ID="string_319" HPOS="646" VPOS="1152" WIDTH="31" HEIGHT="19" WC="0.93" CONTENT="att"/><SP WIDTH="18" VPOS="1152" HPOS="677"/>
							<String ID="string_320" HPOS="695" VPOS="1150" WIDTH="21" HEIGHT="21" WC="0.93" CONTENT="fä"/><SP WIDTH="14" VPOS="1150" HPOS="716"/>
							<String ID="string_321" HPOS="730" VPOS="1149" WIDTH="133" HEIGHT="22" WC="0.92" CONTENT="understöda"/><SP WIDTH="16" VPOS="1149" HPOS="863"/>
							<String ID="string_322" HPOS="879" VPOS="1150" WIDTH="49" HEIGHT="20" WC="0.91" CONTENT="herr"/><SP WIDTH="15" VPOS="1150" HPOS="928"/>
							<String ID="string_323" HPOS="943" VPOS="1149" WIDTH="110" HEIGHT="26" WC="0.91" CONTENT="Enebergs"/>
						</TextLine>
						<TextLine ID="line_36" HPOS="234" VPOS="1177" WIDTH="819" HEIGHT="28">
							<String ID="string_324" HPOS="234" VPOS="1177" WIDTH="86" HEIGHT="27" WC="0.96" CONTENT="förslag."/><SP WIDTH="29" VPOS="1177" HPOS="320"/>
							<String ID="string_325" HPOS="349" VPOS="1177" WIDTH="42" HEIGHT="27" WC="0.92" CONTENT="Jag"/><SP WIDTH="14" VPOS="1177" HPOS="391"/>
							<String ID="string_326" HPOS="405" VPOS="1180" WIDTH="45" HEIGHT="19" WC="0.92" CONTENT="tror"/><SP WIDTH="15" VPOS="1180" HPOS="450"/>
							<String ID="string_327" HPOS="465" VPOS="1179" WIDTH="52" HEIGHT="25" WC="0.92" CONTENT="icke,"/><SP WIDTH="16" VPOS="1179" HPOS="517"/>
							<String ID="string_328" HPOS="533" VPOS="1180" WIDTH="31" HEIGHT="20" WC="0.96" CONTENT="att"/><SP WIDTH="14" VPOS="1180" HPOS="564"/>
							<String ID="string_329" HPOS="578" VPOS="1185" WIDTH="54" HEIGHT="19" WC="0.95" CONTENT="man,"/><SP WIDTH="17" VPOS="1185" HPOS="632"/>
							<String ID="string_330" HPOS="649" VPOS="1185" WIDTH="32" HEIGHT="15" WC="0.96" CONTENT="om"/><SP WIDTH="19" VPOS="1185" HPOS="681"/>
							<String ID="string_331" HPOS="700" VPOS="1180" WIDTH="59" HEIGHT="20" WC="0.93" CONTENT="detta"/><SP WIDTH="15" VPOS="1180" HPOS="759"/>
							<String ID="string_332" HPOS="774" VPOS="1178" WIDTH="75" HEIGHT="27" WC="0.92" CONTENT="stycke"/><SP WIDTH="15" VPOS="1178" HPOS="849"/>
							<String ID="string_333" HPOS="864" VPOS="1178" WIDTH="69" HEIGHT="20" WC="0.93" CONTENT="säsom"/><SP WIDTH="17" VPOS="1178" HPOS="933"/>
							<String ID="string_334" HPOS="950" VPOS="1177" WIDTH="103" HEIGHT="21" WC="0.91" CONTENT="utskottet"/>
						</TextLine>
						<TextLine ID="line_37" HPOS="233" VPOS="1205" WIDTH="821" HEIGHT="29">
							<String ID="string_335" HPOS="233" VPOS="1206" WIDTH="110" HEIGHT="26" WC="0.93" CONTENT="föreslagit"/><SP WIDTH="15" VPOS="1206" HPOS="343"/>
							<String ID="string_336" HPOS="358" VPOS="1207" WIDTH="109" HEIGHT="26" WC="0.93" CONTENT="uteslutes,"/><SP WIDTH="12" VPOS="1207" HPOS="467"/>
							<String ID="string_337" HPOS="479" VPOS="1207" WIDTH="26" HEIGHT="27" WC="0.96" CONTENT="pä"/><SP WIDTH="10" VPOS="1207" HPOS="505"/>
							<String ID="string_338" HPOS="515" VPOS="1208" WIDTH="67" HEIGHT="26" WC="0.97" CONTENT="grund"/><SP WIDTH="12" VPOS="1208" HPOS="582"/>
							<String ID="string_339" HPOS="594" VPOS="1207" WIDTH="22" HEIGHT="21" WC="0.93" CONTENT="af"/><SP WIDTH="9" VPOS="1207" HPOS="616"/>
							<String ID="string_340" HPOS="625" VPOS="1208" WIDTH="128" HEIGHT="26" WC="0.87" CONTENT="stadgandet"/><SP WIDTH="10" VPOS="1208" HPOS="753"/>
							<String ID="string_341" HPOS="763" VPOS="1213" WIDTH="36" HEIGHT="15" WC="0.93" CONTENT="om"/><SP WIDTH="12" VPOS="1213" HPOS="799"/>
							<String ID="string_342" HPOS="811" VPOS="1206" WIDTH="138" HEIGHT="26" WC="0.96" CONTENT="delaktighet,"/><SP WIDTH="13" VPOS="1206" HPOS="949"/>
							<String ID="string_343" HPOS="962" VPOS="1206" WIDTH="7" HEIGHT="20" WC="0.93" CONTENT="i"/><SP WIDTH="10" VPOS="1206" HPOS="969"/>
							<String ID="string_344" HPOS="979" VPOS="1205" WIDTH="75" HEIGHT="27" WC="0.96" CONTENT="hvarje"/>
						</TextLine>
						<TextLine ID="line_38" HPOS="233" VPOS="1234" WIDTH="819" HEIGHT="28">
							<String ID="string_345" HPOS="233" VPOS="1234" WIDTH="37" HEIGHT="21" WC="0.96" CONTENT="fall"/><SP WIDTH="22" VPOS="1234" HPOS="270"/>
							<String ID="string_346" HPOS="292" VPOS="1234" WIDTH="42" HEIGHT="21" WC="0.93" CONTENT="kan"/><SP WIDTH="23" VPOS="1234" HPOS="334"/>
							<String ID="string_347" HPOS="357" VPOS="1234" WIDTH="75" HEIGHT="22" WC="0.93" CONTENT="ädöma"/><SP WIDTH="23" VPOS="1234" HPOS="432"/>
							<String ID="string_348" HPOS="455" VPOS="1236" WIDTH="25" HEIGHT="21" WC="0.96" CONTENT="de"/><SP WIDTH="19" VPOS="1236" HPOS="480"/>
							<String ID="string_349" HPOS="499" VPOS="1236" WIDTH="64" HEIGHT="26" WC="0.91" CONTENT="straff,"/><SP WIDTH="20" VPOS="1236" HPOS="563"/>
							<String ID="string_350" HPOS="583" VPOS="1242" WIDTH="44" HEIGHT="15" WC="0.96" CONTENT="som"/><SP WIDTH="20" VPOS="1242" HPOS="627"/>
							<String ID="string_351" HPOS="647" VPOS="1236" WIDTH="66" HEIGHT="26" WC="0.93" CONTENT="enligt"/><SP WIDTH="14" VPOS="1236" HPOS="713"/>
							<String ID="string_352" HPOS="727" VPOS="1235" WIDTH="173" HEIGHT="27" WC="0.92" CONTENT="propositionens"/><SP WIDTH="15" VPOS="1235" HPOS="900"/>
							<String ID="string_353" HPOS="915" VPOS="1234" WIDTH="137" HEIGHT="26" WC="0.93" CONTENT="formulering"/>
						</TextLine>
						<TextLine ID="line_39" HPOS="234" VPOS="1263" WIDTH="295" HEIGHT="22">
							<String ID="string_354" HPOS="234" VPOS="1265" WIDTH="37" HEIGHT="19" WC="0.89" CONTENT="äro"/><SP WIDTH="15" VPOS="1265" HPOS="271"/>
							<String ID="string_355" HPOS="286" VPOS="1263" WIDTH="89" HEIGHT="21" WC="0.90" CONTENT="afsedda"/><SP WIDTH="14" VPOS="1263" HPOS="375"/>
							<String ID="string_356" HPOS="389" VPOS="1266" WIDTH="32" HEIGHT="18" WC="0.93" CONTENT="att"/><SP WIDTH="15" VPOS="1266" HPOS="421"/>
							<String ID="string_357" HPOS="436" VPOS="1264" WIDTH="93" HEIGHT="21" WC="0.92" CONTENT="ädömas."/>
						</TextLine>
					</TextBlock>
					<TextBlock ID="block_6" HPOS="232" VPOS="1291" WIDTH="821" HEIGHT="142">
						<TextLine ID="line_40" HPOS="302" VPOS="1291" WIDTH="750" HEIGHT="27">
							<String ID="string_358" HPOS="302" VPOS="1292" WIDTH="55" HEIGHT="20" WC="0.94" CONTENT="Herr"/><SP WIDTH="22" VPOS="1292" HPOS="357"/>
							<String ID="string_359" HPOS="379" VPOS="1292" WIDTH="122" HEIGHT="21" WC="0.94" CONTENT="Neovius:"/><SP WIDTH="20" VPOS="1292" HPOS="501"/>
							<String ID="string_360" HPOS="521" VPOS="1293" WIDTH="40" HEIGHT="25" WC="0.96" CONTENT="Jag"/><SP WIDTH="19" VPOS="1293" HPOS="561"/>
							<String ID="string_361" HPOS="580" VPOS="1292" WIDTH="68" HEIGHT="22" WC="0.96" CONTENT="skulle"/><SP WIDTH="15" VPOS="1292" HPOS="648"/>
							<String ID="string_362" HPOS="663" VPOS="1293" WIDTH="7" HEIGHT="20" WC="0.96" CONTENT="i"/><SP WIDTH="16" VPOS="1293" HPOS="670"/>
							<String ID="string_363" HPOS="686" VPOS="1293" WIDTH="35" HEIGHT="20" WC="0.96" CONTENT="det"/><SP WIDTH="15" VPOS="1293" HPOS="721"/>
							<String ID="string_364" HPOS="736" VPOS="1292" WIDTH="23" HEIGHT="21" WC="0.92" CONTENT="af"/><SP WIDTH="14" VPOS="1292" HPOS="759"/>
							<String ID="string_365" HPOS="773" VPOS="1292" WIDTH="52" HEIGHT="21" WC="0.92" CONTENT="herr"/><SP WIDTH="15" VPOS="1292" HPOS="825"/>
							<String ID="string_366" HPOS="840" VPOS="1298" WIDTH="19" HEIGHT="14" WC="0.96" CONTENT="v."/><SP WIDTH="16" VPOS="1298" HPOS="859"/>
							<String ID="string_367" HPOS="875" VPOS="1291" WIDTH="72" HEIGHT="21" WC="0.93" CONTENT="Pfaler"/><SP WIDTH="15" VPOS="1291" HPOS="947"/>
							<String ID="string_368" HPOS="962" VPOS="1291" WIDTH="90" HEIGHT="27" WC="0.92" CONTENT="päpeka-"/>
						</TextLine>
						<TextLine ID="line_41" HPOS="234" VPOS="1320" WIDTH="819" HEIGHT="27">
							<String ID="string_369" HPOS="234" VPOS="1320" WIDTH="26" HEIGHT="21" WC="0.92" CONTENT="de"/><SP WIDTH="16" VPOS="1320" HPOS="260"/>
							<String ID="string_370" HPOS="276" VPOS="1320" WIDTH="60" HEIGHT="21" WC="0.92" CONTENT="2:dra"/><SP WIDTH="14" VPOS="1320" HPOS="336"/>
							<String ID="string_371" HPOS="350" VPOS="1322" WIDTH="116" HEIGHT="20" WC="0.96" CONTENT="momentet"/><SP WIDTH="14" VPOS="1322" HPOS="466"/>
							<String ID="string_372" HPOS="480" VPOS="1321" WIDTH="78" HEIGHT="21" WC="0.96" CONTENT="föreslå"/><SP WIDTH="15" VPOS="1321" HPOS="558"/>
							<String ID="string_373" HPOS="573" VPOS="1323" WIDTH="31" HEIGHT="19" WC="0.93" CONTENT="att"/><SP WIDTH="10" VPOS="1323" HPOS="604"/>
							<String ID="string_374" HPOS="614" VPOS="1322" WIDTH="64" HEIGHT="20" WC="0.93" CONTENT="orden"/><SP WIDTH="12" VPOS="1322" HPOS="678"/>
							<String ID="string_375" HPOS="690" VPOS="1321" WIDTH="87" HEIGHT="26" WC="0.61" CONTENT=",,sedlar"/><SP WIDTH="11" VPOS="1321" HPOS="777"/>
							<String ID="string_376" HPOS="788" VPOS="1320" WIDTH="55" HEIGHT="21" WC="0.93" CONTENT="eller"/><SP WIDTH="10" VPOS="1320" HPOS="843"/>
							<String ID="string_377" HPOS="853" VPOS="1320" WIDTH="80" HEIGHT="21" WC="0.86" CONTENT="andra&#39;"/><SP WIDTH="12" VPOS="1320" HPOS="933"/>
							<String ID="string_378" HPOS="945" VPOS="1320" WIDTH="64" HEIGHT="21" WC="0.93" CONTENT="måtte"/><SP WIDTH="10" VPOS="1320" HPOS="1009"/>
							<String ID="string_379" HPOS="1019" VPOS="1322" WIDTH="34" HEIGHT="18" WC="0.93" CONTENT="ut-"/>
						</TextLine>
						<TextLine ID="line_42" HPOS="233" VPOS="1348" WIDTH="819" HEIGHT="28">
							<String ID="string_380" HPOS="233" VPOS="1348" WIDTH="33" HEIGHT="27" WC="0.96" CONTENT="gå,"/><SP WIDTH="25" VPOS="1348" HPOS="266"/>
							<String ID="string_381" HPOS="291" VPOS="1348" WIDTH="23" HEIGHT="21" WC="0.96" CONTENT="sä"/><SP WIDTH="22" VPOS="1348" HPOS="314"/>
							<String ID="string_382" HPOS="336" VPOS="1351" WIDTH="31" HEIGHT="18" WC="0.93" CONTENT="att"/><SP WIDTH="22" VPOS="1351" HPOS="367"/>
							<String ID="string_383" HPOS="389" VPOS="1351" WIDTH="114" HEIGHT="19" WC="0.96" CONTENT="momentet"/><SP WIDTH="19" VPOS="1351" HPOS="503"/>
							<String ID="string_384" HPOS="522" VPOS="1350" WIDTH="67" HEIGHT="20" WC="0.93" CONTENT="skulle"/><SP WIDTH="19" VPOS="1350" HPOS="589"/>
							<String ID="string_385" HPOS="608" VPOS="1350" WIDTH="57" HEIGHT="20" WC="0.93" CONTENT="heta:"/><SP WIDTH="21" VPOS="1350" HPOS="665"/>
							<String ID="string_386" HPOS="686" VPOS="1350" WIDTH="52" HEIGHT="26" WC="0.87" CONTENT=",,Om"/><SP WIDTH="19" VPOS="1350" HPOS="738"/>
							<String ID="string_387" HPOS="757" VPOS="1350" WIDTH="44" HEIGHT="20" WC="0.93" CONTENT="han"/><SP WIDTH="16" VPOS="1350" HPOS="801"/>
							<String ID="string_388" HPOS="817" VPOS="1348" WIDTH="134" HEIGHT="27" WC="0.96" CONTENT="uppsåtligen"/><SP WIDTH="16" VPOS="1348" HPOS="951"/>
							<String ID="string_389" HPOS="967" VPOS="1350" WIDTH="38" HEIGHT="25" WC="0.96" CONTENT="gör"/><SP WIDTH="15" VPOS="1350" HPOS="1005"/>
							<String ID="string_390" HPOS="1020" VPOS="1348" WIDTH="32" HEIGHT="27" WC="0.97" CONTENT="sig"/>
						</TextLine>
						<TextLine ID="line_43" HPOS="232" VPOS="1376" WIDTH="820" HEIGHT="28">
							<String ID="string_391" HPOS="232" VPOS="1376" WIDTH="84" HEIGHT="28" WC="0.92" CONTENT="skyldig"/><SP WIDTH="15" VPOS="1376" HPOS="316"/>
							<String ID="string_392" HPOS="331" VPOS="1377" WIDTH="71" HEIGHT="21" WC="0.92" CONTENT="dertill"/><SP WIDTH="16" VPOS="1377" HPOS="402"/>
							<String ID="string_393" HPOS="418" VPOS="1380" WIDTH="31" HEIGHT="18" WC="0.97" CONTENT="att"/><SP WIDTH="15" VPOS="1380" HPOS="449"/>
							<String ID="string_394" HPOS="464" VPOS="1378" WIDTH="56" HEIGHT="21" WC="0.93" CONTENT="bank"/><SP WIDTH="14" VPOS="1378" HPOS="520"/>
							<String ID="string_395" HPOS="534" VPOS="1378" WIDTH="91" HEIGHT="26" WC="0.88" CONTENT="utgifver"/><SP WIDTH="19" VPOS="1378" HPOS="625"/>
							<String ID="string_396" HPOS="644" VPOS="1378" WIDTH="78" HEIGHT="21" WC="0.92" CONTENT="sädana"/><SP WIDTH="11" VPOS="1378" HPOS="722"/>
							<String ID="string_397" HPOS="733" VPOS="1376" WIDTH="209" HEIGHT="23" WC="0.93" CONTENT="skuldförbindelser"/><SP WIDTH="9" VPOS="1376" HPOS="942"/>
							<String ID="string_398" HPOS="951" VPOS="1377" WIDTH="31" HEIGHT="21" WC="0.93" CONTENT="till"/><SP WIDTH="12" VPOS="1377" HPOS="982"/>
							<String ID="string_399" HPOS="994" VPOS="1377" WIDTH="58" HEIGHT="21" WC="0.92" CONTENT="inne-"/>
						</TextLine>
						<TextLine ID="line_44" HPOS="232" VPOS="1405" WIDTH="416" HEIGHT="28">
							<String ID="string_400" HPOS="232" VPOS="1405" WIDTH="108" HEIGHT="27" WC="0.89" CONTENT="hafvaren,"/><SP WIDTH="16" VPOS="1405" HPOS="340"/>
							<String ID="string_401" HPOS="356" VPOS="1412" WIDTH="45" HEIGHT="14" WC="0.96" CONTENT="som"/><SP WIDTH="16" VPOS="1412" HPOS="401"/>
							<String ID="string_402" HPOS="417" VPOS="1406" WIDTH="5" HEIGHT="20" WC="0.92" CONTENT="i"/><SP WIDTH="22" VPOS="1406" HPOS="422"/>
							<String ID="string_403" HPOS="444" VPOS="1406" WIDTH="5" HEIGHT="27" WC="0.78" CONTENT="$"/><SP WIDTH="17" VPOS="1406" HPOS="449"/>
							<String ID="string_404" HPOS="466" VPOS="1407" WIDTH="11" HEIGHT="21" WC="0.93" CONTENT="7"/><SP WIDTH="16" VPOS="1407" HPOS="477"/>
							<String ID="string_405" HPOS="493" VPOS="1406" WIDTH="155" HEIGHT="22" WC="0.55" CONTENT="omförmälas.&#39;"/>
						</TextLine>
					</TextBlock>
					<TextBlock ID="block_7" HPOS="231" VPOS="1432" WIDTH="820" HEIGHT="58">
						<TextLine ID="line_45" HPOS="301" VPOS="1432" WIDTH="750" HEIGHT="30">
							<String ID="string_406" HPOS="301" VPOS="1434" WIDTH="56" HEIGHT="21" WC="0.96" CONTENT="Herr"/><SP WIDTH="15" VPOS="1434" HPOS="357"/>
							<String ID="string_407" HPOS="372" VPOS="1434" WIDTH="151" HEIGHT="27" WC="0.96" CONTENT="Malmgren:"/><SP WIDTH="15" VPOS="1434" HPOS="523"/>
							<String ID="string_408" HPOS="538" VPOS="1435" WIDTH="40" HEIGHT="27" WC="0.93" CONTENT="Jag"/><SP WIDTH="15" VPOS="1435" HPOS="578"/>
							<String ID="string_409" HPOS="593" VPOS="1436" WIDTH="122" HEIGHT="20" WC="0.92" CONTENT="instämmer"/><SP WIDTH="17" VPOS="1436" HPOS="715"/>
							<String ID="string_410" HPOS="732" VPOS="1436" WIDTH="7" HEIGHT="20" WC="0.93" CONTENT="i"/><SP WIDTH="12" VPOS="1436" HPOS="739"/>
							<String ID="string_411" HPOS="751" VPOS="1435" WIDTH="57" HEIGHT="21" WC="0.92" CONTENT="hvad"/><SP WIDTH="10" VPOS="1435" HPOS="808"/>
							<String ID="string_412" HPOS="818" VPOS="1434" WIDTH="75" HEIGHT="21" WC="0.92" CONTENT="herrar"/><SP WIDTH="11" VPOS="1434" HPOS="893"/>
							<String ID="string_413" HPOS="904" VPOS="1434" WIDTH="98" HEIGHT="26" WC="0.92" CONTENT="Eneberg"/><SP WIDTH="11" VPOS="1434" HPOS="1002"/>
							<String ID="string_414" HPOS="1013" VPOS="1432" WIDTH="38" HEIGHT="22" WC="0.96" CONTENT="och"/>
						</TextLine>
						<TextLine ID="line_46" HPOS="231" VPOS="1462" WIDTH="208" HEIGHT="28">
							<String ID="string_415" HPOS="231" VPOS="1462" WIDTH="124" HEIGHT="27" WC="0.92" CONTENT="Tegengren"/><SP WIDTH="14" VPOS="1462" HPOS="355"/>
							<String ID="string_416" HPOS="369" VPOS="1463" WIDTH="70" HEIGHT="27" WC="0.92" CONTENT="yrkat."/>
						</TextLine>
					</TextBlock>
					<TextBlock ID="block_8" HPOS="230" VPOS="1490" WIDTH="823" HEIGHT="57">
						<TextLine ID="line_47" HPOS="300" VPOS="1490" WIDTH="752" HEIGHT="28">
							<String ID="string_417" HPOS="300" VPOS="1491" WIDTH="56" HEIGHT="21" WC="0.92" CONTENT="Herr"/><SP WIDTH="22" VPOS="1491" HPOS="356"/>
							<String ID="string_418" HPOS="378" VPOS="1492" WIDTH="102" HEIGHT="26" WC="0.92" CONTENT="Elving:"/><SP WIDTH="22" VPOS="1492" HPOS="480"/>
							<String ID="string_419" HPOS="502" VPOS="1492" WIDTH="42" HEIGHT="21" WC="0.96" CONTENT="Det"/><SP WIDTH="22" VPOS="1492" HPOS="544"/>
							<String ID="string_420" HPOS="566" VPOS="1492" WIDTH="38" HEIGHT="21" WC="0.96" CONTENT="har"/><SP WIDTH="17" VPOS="1492" HPOS="604"/>
							<String ID="string_421" HPOS="621" VPOS="1492" WIDTH="69" HEIGHT="26" WC="0.96" CONTENT="aldrig"/><SP WIDTH="18" VPOS="1492" HPOS="690"/>
							<String ID="string_422" HPOS="708" VPOS="1492" WIDTH="55" HEIGHT="21" WC="0.93" CONTENT="varit"/><SP WIDTH="20" VPOS="1492" HPOS="763"/>
							<String ID="string_423" HPOS="783" VPOS="1491" WIDTH="117" HEIGHT="21" WC="0.92" CONTENT="utskottets"/><SP WIDTH="19" VPOS="1491" HPOS="900"/>
							<String ID="string_424" HPOS="919" VPOS="1490" WIDTH="82" HEIGHT="26" WC="0.96" CONTENT="mening"/><SP WIDTH="19" VPOS="1490" HPOS="1001"/>
							<String ID="string_425" HPOS="1020" VPOS="1491" WIDTH="32" HEIGHT="19" WC="0.96" CONTENT="att"/>
						</TextLine>
						<TextLine ID="line_48" HPOS="230" VPOS="1518" WIDTH="823" HEIGHT="29">
							<String ID="string_426" HPOS="230" VPOS="1519" WIDTH="27" HEIGHT="21" WC="0.92" CONTENT="61"/><SP WIDTH="23" VPOS="1519" HPOS="257"/>
							<String ID="string_427" HPOS="280" VPOS="1519" WIDTH="90" HEIGHT="27" WC="0.91" CONTENT="kapitlet"/><SP WIDTH="22" VPOS="1519" HPOS="370"/>
							<String ID="string_428" HPOS="392" VPOS="1520" WIDTH="7" HEIGHT="20" WC="0.93" CONTENT="i"/><SP WIDTH="20" VPOS="1520" HPOS="399"/>
							<String ID="string_429" HPOS="419" VPOS="1520" WIDTH="226" HEIGHT="27" WC="0.91" CONTENT="missgerningsbalken"/><SP WIDTH="20" VPOS="1520" HPOS="645"/>
							<String ID="string_430" HPOS="665" VPOS="1520" WIDTH="68" HEIGHT="22" WC="0.93" CONTENT="skulle"/><SP WIDTH="20" VPOS="1520" HPOS="733"/>
							<String ID="string_431" HPOS="753" VPOS="1521" WIDTH="84" HEIGHT="21" WC="0.91" CONTENT="ersätta"/><SP WIDTH="20" VPOS="1521" HPOS="837"/>
							<String ID="string_432" HPOS="857" VPOS="1520" WIDTH="59" HEIGHT="21" WC="0.93" CONTENT="detta"/><SP WIDTH="19" VPOS="1520" HPOS="916"/>
							<String ID="string_433" HPOS="935" VPOS="1518" WIDTH="118" HEIGHT="26" WC="0.93" CONTENT="stadgande"/>
						</TextLine>
					</TextBlock>
				</ComposedBlock>
			</PrintSpace>
		</Page>
	</Layout>
</alto>
