<?xml version="1.0" encoding="UTF-8"?>
<alto xmlns="http://www.loc.gov/standards/alto/ns-v3#" xmlns:xlink="http://www.w3.org/1999/xlink" xmlns:xsi="http://www.w3.org/2001/XMLSchema-instance" xsi:schemaLocation="http://www.loc.gov/standards/alto/ns-v3# http://www.loc.gov/alto/v3/alto-3-0.xsd">
	<Description>
		<MeasurementUnit>pixel</MeasurementUnit>
		<sourceImageInformation>
			<fileName>/tmp/tess_3www7b19_input.PNG</fileName>
		</sourceImageInformation>
		<OCRProcessing ID="OCR_0">
			<ocrProcessingStep>
				<processingSoftware>
					<softwareName>tesseract 5.3.4</softwareName>
				</processingSoftware>
			</ocrProcessingStep>
		</OCRProcessing>
	</Description>
	<Layout>
		<Page WIDTH="1089" HEIGHT="1714" PHYSICAL_IMG_NR="0" ID="page_0">
			<PrintSpace HPOS="0" VPOS="0" WIDTH="1089" HEIGHT="1714">
				<ComposedBlock ID="cblock_0" HPOS="228" VPOS="101" WIDTH="516" HEIGHT="37">
					<TextBlock ID="block_0" HPOS="228" VPOS="101" WIDTH="516" HEIGHT="37">
						<TextLine ID="line_0" HPOS="228" VPOS="101" WIDTH="516" HEIGHT="37">
							<String ID="string_0" HPOS="228" VPOS="101" WIDTH="54" HEIGHT="34" WC="0.82" CONTENT="1956"/><SP WIDTH="211" VPOS="101" HPOS="282"/>
							<String ID="string_1" HPOS="493" VPOS="103" WIDTH="92" HEIGHT="35" WC="0.33" CONTENT="Barret"/><SP WIDTH="76" VPOS="103" HPOS="585"/>
							<String ID="string_2" HPOS="661" VPOS="107" WIDTH="83" HEIGHT="24" WC="0.0" CONTENT="&quot;SM"/>
						</TextLine>
					</TextBlock>
				</ComposedBlock>
				<ComposedBlock ID="cblock_1" HPOS="200" VPOS="175" WIDTH="835" HEIGHT="1371">
					<TextBlock ID="block_1" HPOS="208" VPOS="175" WIDTH="827" HEIGHT="229">
						<TextLine ID="line_1" HPOS="209" VPOS="175" WIDTH="826" HEIGHT="28">
							<String ID="string_3" HPOS="209" VPOS="178" WIDTH="35" HEIGHT="18" WC="0.94" CONTENT="om"/><SP WIDTH="15" VPOS="178" HPOS="244"/>
							<String ID="string_4" HPOS="259" VPOS="175" WIDTH="119" HEIGHT="26" WC="0.96" CONTENT="antagande"/><SP WIDTH="15" VPOS="175" HPOS="378"/>
							<String ID="string_5" HPOS="393" VPOS="175" WIDTH="24" HEIGHT="22" WC="0.93" CONTENT="af"/><SP WIDTH="12" VPOS="175" HPOS="417"/>
							<String ID="string_6" HPOS="429" VPOS="175" WIDTH="100" HEIGHT="28" WC="0.92" CONTENT="skogslag"/><SP WIDTH="19" VPOS="175" HPOS="529"/>
							<String ID="string_7" HPOS="548" VPOS="176" WIDTH="35" HEIGHT="22" WC="0.96" CONTENT="för"/><SP WIDTH="17" VPOS="176" HPOS="583"/>
							<String ID="string_8" HPOS="600" VPOS="176" WIDTH="99" HEIGHT="27" WC="0.96" CONTENT="Finland,"/><SP WIDTH="19" VPOS="176" HPOS="699"/>
							<String ID="string_9" HPOS="718" VPOS="176" WIDTH="38" HEIGHT="23" WC="0.94" CONTENT="och"/><SP WIDTH="19" VPOS="176" HPOS="756"/>
							<String ID="string_10" HPOS="775" VPOS="181" WIDTH="34" HEIGHT="15" WC="0.94" CONTENT="n:o"/><SP WIDTH="15" VPOS="181" HPOS="809"/>
							<String ID="string_11" HPOS="824" VPOS="175" WIDTH="34" HEIGHT="27" WC="0.96" CONTENT="37,"/><SP WIDTH="17" VPOS="175" HPOS="858"/>
							<String ID="string_12" HPOS="875" VPOS="177" WIDTH="49" HEIGHT="23" WC="0.93" CONTENT="med"/><SP WIDTH="14" VPOS="177" HPOS="924"/>
							<String ID="string_13" HPOS="938" VPOS="177" WIDTH="97" HEIGHT="23" WC="0.87" CONTENT="alterna="/>
						</TextLine>
						<TextLine ID="line_2" HPOS="208" VPOS="203" WIDTH="826" HEIGHT="29">
							<String ID="string_14" HPOS="208" VPOS="203" WIDTH="41" HEIGHT="22" WC="0.90" CONTENT="tivt"/><SP WIDTH="15" VPOS="203" HPOS="249"/>
							<String ID="string_15" HPOS="264" VPOS="203" WIDTH="80" HEIGHT="28" WC="0.96" CONTENT="förslag"/><SP WIDTH="14" VPOS="203" HPOS="344"/>
							<String ID="string_16" HPOS="358" VPOS="203" WIDTH="33" HEIGHT="23" WC="0.96" CONTENT="till"/><SP WIDTH="16" VPOS="203" HPOS="391"/>
							<String ID="string_17" HPOS="407" VPOS="204" WIDTH="80" HEIGHT="28" WC="0.95" CONTENT="lydelse"/><SP WIDTH="15" VPOS="204" HPOS="487"/>
							<String ID="string_18" HPOS="502" VPOS="204" WIDTH="34" HEIGHT="22" WC="0.96" CONTENT="för"/><SP WIDTH="15" VPOS="204" HPOS="536"/>
							<String ID="string_19" HPOS="551" VPOS="205" WIDTH="110" HEIGHT="23" WC="0.88" CONTENT="särskilda"/><SP WIDTH="15" VPOS="205" HPOS="661"/>
							<String ID="string_20" HPOS="676" VPOS="203" WIDTH="127" HEIGHT="29" WC="0.94" CONTENT="paragrafer"/><SP WIDTH="18" VPOS="203" HPOS="803"/>
							<String ID="string_21" HPOS="821" VPOS="204" WIDTH="9" HEIGHT="22" WC="0.96" CONTENT="i"/><SP WIDTH="13" VPOS="204" HPOS="830"/>
							<String ID="string_22" HPOS="843" VPOS="205" WIDTH="93" HEIGHT="23" WC="0.95" CONTENT="nämnda"/><SP WIDTH="14" VPOS="205" HPOS="936"/>
							<String ID="string_23" HPOS="950" VPOS="205" WIDTH="84" HEIGHT="27" WC="0.95" CONTENT="förslag"/>
						</TextLine>
						<TextLine ID="line_3" HPOS="208" VPOS="231" WIDTH="825" HEIGHT="30">
							<String ID="string_24" HPOS="208" VPOS="231" WIDTH="34" HEIGHT="23" WC="0.74" CONTENT="till"/><SP WIDTH="16" VPOS="231" HPOS="242"/>
							<String ID="string_25" HPOS="258" VPOS="232" WIDTH="108" HEIGHT="28" WC="0.92" CONTENT="skogslag,"/><SP WIDTH="16" VPOS="232" HPOS="366"/>
							<String ID="string_26" HPOS="382" VPOS="233" WIDTH="96" HEIGHT="27" WC="0.96" CONTENT="godkänt"/><SP WIDTH="13" VPOS="233" HPOS="478"/>
							<String ID="string_27" HPOS="491" VPOS="234" WIDTH="60" HEIGHT="21" WC="0.93" CONTENT="detta"/><SP WIDTH="15" VPOS="234" HPOS="551"/>
							<String ID="string_28" HPOS="566" VPOS="232" WIDTH="300" HEIGHT="28" WC="0.92" CONTENT="sammanjemkningsförslag"/><SP WIDTH="14" VPOS="232" HPOS="866"/>
							<String ID="string_29" HPOS="880" VPOS="234" WIDTH="8" HEIGHT="22" WC="0.96" CONTENT="i"/><SP WIDTH="10" VPOS="234" HPOS="888"/>
							<String ID="string_30" HPOS="898" VPOS="234" WIDTH="65" HEIGHT="27" WC="0.96" CONTENT="öfrigt"/><SP WIDTH="9" VPOS="234" HPOS="963"/>
							<String ID="string_31" HPOS="972" VPOS="236" WIDTH="61" HEIGHT="21" WC="0.91" CONTENT="utom"/>
						</TextLine>
						<TextLine ID="line_4" HPOS="208" VPOS="260" WIDTH="824" HEIGHT="30">
							<String ID="string_32" HPOS="208" VPOS="260" WIDTH="132" HEIGHT="22" WC="0.91" CONTENT="beträffande"/><SP WIDTH="16" VPOS="260" HPOS="340"/>
							<String ID="string_33" HPOS="356" VPOS="261" WIDTH="12" HEIGHT="28" WC="0.78" CONTENT="&amp;"/><SP WIDTH="14" VPOS="261" HPOS="368"/>
							<String ID="string_34" HPOS="382" VPOS="262" WIDTH="35" HEIGHT="26" WC="0.96" CONTENT="49,"/><SP WIDTH="15" VPOS="262" HPOS="417"/>
							<String ID="string_35" HPOS="432" VPOS="262" WIDTH="149" HEIGHT="22" WC="0.93" CONTENT="motsvarande"/><SP WIDTH="16" VPOS="262" HPOS="581"/>
							<String ID="string_36" HPOS="597" VPOS="262" WIDTH="12" HEIGHT="28" WC="0.77" CONTENT="$"/><SP WIDTH="15" VPOS="262" HPOS="609"/>
							<String ID="string_37" HPOS="624" VPOS="262" WIDTH="29" HEIGHT="23" WC="0.96" CONTENT="50"/><SP WIDTH="14" VPOS="262" HPOS="653"/>
							<String ID="string_38" HPOS="667" VPOS="262" WIDTH="9" HEIGHT="22" WC="0.95" CONTENT="i"/><SP WIDTH="13" VPOS="262" HPOS="676"/>
							<String ID="string_39" HPOS="689" VPOS="262" WIDTH="145" HEIGHT="22" WC="0.92" CONTENT="betänkandet"/><SP WIDTH="15" VPOS="262" HPOS="834"/>
							<String ID="string_40" HPOS="849" VPOS="262" WIDTH="64" HEIGHT="28" WC="0.92" CONTENT="och"/><SP WIDTH="-11" VPOS="262" HPOS="913"/>
							<String ID="string_41" HPOS="902" VPOS="256" WIDTH="10" HEIGHT="38" WC="0.87" CONTENT="&amp;"/><SP WIDTH="13" VPOS="256" HPOS="912"/>
							<String ID="string_42" HPOS="925" VPOS="263" WIDTH="28" HEIGHT="22" WC="0.96" CONTENT="48"/><SP WIDTH="15" VPOS="263" HPOS="953"/>
							<String ID="string_43" HPOS="968" VPOS="263" WIDTH="9" HEIGHT="24" WC="0.96" CONTENT="i"/><SP WIDTH="13" VPOS="263" HPOS="977"/>
							<String ID="string_44" HPOS="990" VPOS="263" WIDTH="42" HEIGHT="22" WC="0.97" CONTENT="den"/>
						</TextLine>
						<TextLine ID="line_5" HPOS="208" VPOS="288" WIDTH="825" HEIGHT="30">
							<String ID="string_45" HPOS="208" VPOS="288" WIDTH="78" HEIGHT="28" WC="0.96" CONTENT="nådiga"/><SP WIDTH="18" VPOS="288" HPOS="286"/>
							<String ID="string_46" HPOS="304" VPOS="290" WIDTH="165" HEIGHT="27" WC="0.96" CONTENT="propositionen,"/><SP WIDTH="15" VPOS="290" HPOS="469"/>
							<String ID="string_47" HPOS="484" VPOS="290" WIDTH="31" HEIGHT="22" WC="0.96" CONTENT="uti"/><SP WIDTH="18" VPOS="290" HPOS="515"/>
							<String ID="string_48" HPOS="533" VPOS="290" WIDTH="86" HEIGHT="22" WC="0.94" CONTENT="hvilken"/><SP WIDTH="19" VPOS="290" HPOS="619"/>
							<String ID="string_49" HPOS="638" VPOS="291" WIDTH="103" HEIGHT="27" WC="0.96" CONTENT="paragraf"/><SP WIDTH="16" VPOS="291" HPOS="741"/>
							<String ID="string_50" HPOS="757" VPOS="290" WIDTH="85" HEIGHT="22" WC="0.96" CONTENT="ståndet"/><SP WIDTH="18" VPOS="290" HPOS="842"/>
							<String ID="string_51" HPOS="860" VPOS="293" WIDTH="72" HEIGHT="22" WC="0.93" CONTENT="ansett"/><SP WIDTH="17" VPOS="293" HPOS="932"/>
							<String ID="string_52" HPOS="949" VPOS="291" WIDTH="84" HEIGHT="23" WC="0.95" CONTENT="straffet"/>
						</TextLine>
						<TextLine ID="line_6" HPOS="208" VPOS="316" WIDTH="825" HEIGHT="30">
							<String ID="string_53" HPOS="208" VPOS="316" WIDTH="34" HEIGHT="23" WC="0.93" CONTENT="för"/><SP WIDTH="18" VPOS="316" HPOS="242"/>
							<String ID="string_54" HPOS="260" VPOS="317" WIDTH="40" HEIGHT="22" WC="0.96" CONTENT="den"/><SP WIDTH="16" VPOS="317" HPOS="300"/>
							<String ID="string_55" HPOS="316" VPOS="318" WIDTH="40" HEIGHT="22" WC="0.93" CONTENT="här"/><SP WIDTH="15" VPOS="318" HPOS="356"/>
							<String ID="string_56" HPOS="371" VPOS="319" WIDTH="114" HEIGHT="21" WC="0.92" CONTENT="omordade"/><SP WIDTH="15" VPOS="319" HPOS="485"/>
							<String ID="string_57" HPOS="500" VPOS="319" WIDTH="159" HEIGHT="27" WC="0.96" CONTENT="delaktigheten"/><SP WIDTH="16" VPOS="319" HPOS="659"/>
							<String ID="string_58" HPOS="675" VPOS="320" WIDTH="8" HEIGHT="22" WC="0.96" CONTENT="i"/><SP WIDTH="15" VPOS="320" HPOS="683"/>
							<String ID="string_59" HPOS="698" VPOS="320" WIDTH="80" HEIGHT="21" WC="0.96" CONTENT="brottet"/><SP WIDTH="15" VPOS="320" HPOS="778"/>
							<String ID="string_60" HPOS="793" VPOS="318" WIDTH="52" HEIGHT="23" WC="0.96" CONTENT="böra"/><SP WIDTH="9" VPOS="318" HPOS="845"/>
							<String ID="string_61" HPOS="854" VPOS="319" WIDTH="130" HEIGHT="25" WC="0.96" CONTENT="bestämmas"/><SP WIDTH="14" VPOS="319" HPOS="984"/>
							<String ID="string_62" HPOS="998" VPOS="320" WIDTH="35" HEIGHT="24" WC="0.95" CONTENT="till"/>
						</TextLine>
						<TextLine ID="line_7" HPOS="208" VPOS="346" WIDTH="825" HEIGHT="29">
							<String ID="string_63" HPOS="208" VPOS="346" WIDTH="65" HEIGHT="22" WC="0.92" CONTENT="miost"/><SP WIDTH="17" VPOS="346" HPOS="273"/>
							<String ID="string_64" HPOS="290" VPOS="353" WIDTH="26" HEIGHT="15" WC="0.93" CONTENT="en"/><SP WIDTH="19" VPOS="353" HPOS="316"/>
							<String ID="string_65" HPOS="335" VPOS="346" WIDTH="104" HEIGHT="28" WC="0.92" CONTENT="fjerdedel"/><SP WIDTH="18" VPOS="346" HPOS="439"/>
							<String ID="string_66" HPOS="457" VPOS="348" WIDTH="41" HEIGHT="21" WC="0.96" CONTENT="och"/><SP WIDTH="15" VPOS="348" HPOS="498"/>
							<String ID="string_67" HPOS="513" VPOS="348" WIDTH="65" HEIGHT="27" WC="0.96" CONTENT="högst"/><SP WIDTH="14" VPOS="348" HPOS="578"/>
							<String ID="string_68" HPOS="592" VPOS="350" WIDTH="33" HEIGHT="20" WC="0.93" CONTENT="tre"/><SP WIDTH="19" VPOS="350" HPOS="625"/>
							<String ID="string_69" HPOS="644" VPOS="348" WIDTH="133" HEIGHT="27" WC="0.93" CONTENT="fjerdedelar"/><SP WIDTH="11" VPOS="348" HPOS="777"/>
							<String ID="string_70" HPOS="788" VPOS="347" WIDTH="24" HEIGHT="22" WC="0.97" CONTENT="af"/><SP WIDTH="13" VPOS="347" HPOS="812"/>
							<String ID="string_71" HPOS="825" VPOS="348" WIDTH="36" HEIGHT="22" WC="0.96" CONTENT="det"/><SP WIDTH="15" VPOS="348" HPOS="861"/>
							<String ID="string_72" HPOS="876" VPOS="348" WIDTH="68" HEIGHT="27" WC="0.96" CONTENT="straff,"/><SP WIDTH="14" VPOS="348" HPOS="944"/>
							<String ID="string_73" HPOS="958" VPOS="355" WIDTH="45" HEIGHT="16" WC="0.93" CONTENT="som"/><SP WIDTH="16" VPOS="355" HPOS="1003"/>
							<String ID="string_74" HPOS="1019" VPOS="349" WIDTH="14" HEIGHT="22" WC="0.91" CONTENT="&amp;"/>
						</TextLine>
						<TextLine ID="line_8" HPOS="208" VPOS="374" WIDTH="636" HEIGHT="30">
							<String ID="string_75" HPOS="208" VPOS="374" WIDTH="79" HEIGHT="27" WC="0.92" CONTENT="sjelfva"/><SP WIDTH="14" VPOS="374" HPOS="287"/>
							<String ID="string_76" HPOS="301" VPOS="375" WIDTH="187" HEIGHT="23" WC="0.60" CONTENT="äverkansbrottet"/><SP WIDTH="13" VPOS="375" HPOS="488"/>
							<String ID="string_77" HPOS="501" VPOS="376" WIDTH="82" HEIGHT="22" WC="0.93" CONTENT="kunnat"/><SP WIDTH="14" VPOS="376" HPOS="583"/>
							<String ID="string_78" HPOS="597" VPOS="376" WIDTH="62" HEIGHT="28" WC="0.95" CONTENT="följa;"/><SP WIDTH="183" VPOS="376" HPOS="659"/>
							<String ID="string_79" HPOS="842" VPOS="385" WIDTH="2" HEIGHT="2" WC="0.75" CONTENT=":"/>
						</TextLine>
					</TextBlock>
					<TextBlock ID="block_2" HPOS="204" VPOS="404" WIDTH="831" HEIGHT="287">
						<TextLine ID="line_9" HPOS="276" VPOS="404" WIDTH="759" HEIGHT="28">
							<String ID="string_80" HPOS="276" VPOS="405" WIDTH="33" HEIGHT="20" WC="0.96" CONTENT="att"/><SP WIDTH="14" VPOS="405" HPOS="309"/>
							<String ID="string_81" HPOS="323" VPOS="404" WIDTH="91" HEIGHT="27" WC="0.95" CONTENT="ståndet,"/><SP WIDTH="18" VPOS="404" HPOS="414"/>
							<String ID="string_82" HPOS="432" VPOS="404" WIDTH="38" HEIGHT="23" WC="0.96" CONTENT="vid"/><SP WIDTH="15" VPOS="404" HPOS="470"/>
							<String ID="string_83" HPOS="485" VPOS="405" WIDTH="160" HEIGHT="27" WC="0.91" CONTENT="behandlingen"/><SP WIDTH="20" VPOS="405" HPOS="645"/>
							<String ID="string_84" HPOS="665" VPOS="406" WIDTH="23" HEIGHT="21" WC="0.92" CONTENT="af"/><SP WIDTH="14" VPOS="406" HPOS="688"/>
							<String ID="string_85" HPOS="702" VPOS="406" WIDTH="44" HEIGHT="26" WC="0.92" CONTENT="lag-"/><SP WIDTH="15" VPOS="406" HPOS="746"/>
							<String ID="string_86" HPOS="761" VPOS="405" WIDTH="40" HEIGHT="21" WC="0.93" CONTENT="och"/><SP WIDTH="15" VPOS="405" HPOS="801"/>
							<String ID="string_87" HPOS="816" VPOS="404" WIDTH="219" HEIGHT="24" WC="0.76" CONTENT="ekonomiutskotteta"/>
						</TextLine>
						<TextLine ID="line_10" HPOS="208" VPOS="431" WIDTH="825" HEIGHT="31">
							<String ID="string_88" HPOS="208" VPOS="431" WIDTH="134" HEIGHT="23" WC="0.92" CONTENT="betänkande"/><SP WIDTH="18" VPOS="431" HPOS="342"/>
							<String ID="string_89" HPOS="360" VPOS="433" WIDTH="8" HEIGHT="21" WC="0.93" CONTENT="i"/><SP WIDTH="18" VPOS="433" HPOS="368"/>
							<String ID="string_90" HPOS="386" VPOS="434" WIDTH="113" HEIGHT="26" WC="0.93" CONTENT="anledning"/><SP WIDTH="19" VPOS="434" HPOS="499"/>
							<String ID="string_91" HPOS="518" VPOS="434" WIDTH="23" HEIGHT="22" WC="0.93" CONTENT="af"/><SP WIDTH="17" VPOS="434" HPOS="541"/>
							<String ID="string_92" HPOS="558" VPOS="434" WIDTH="78" HEIGHT="27" WC="0.90" CONTENT="nädiga"/><SP WIDTH="18" VPOS="434" HPOS="636"/>
							<String ID="string_93" HPOS="654" VPOS="434" WIDTH="160" HEIGHT="28" WC="0.93" CONTENT="propositionen"/><SP WIDTH="20" VPOS="434" HPOS="814"/>
							<String ID="string_94" HPOS="834" VPOS="434" WIDTH="110" HEIGHT="27" WC="0.92" CONTENT="angäende"/><SP WIDTH="22" VPOS="434" HPOS="944"/>
							<String ID="string_95" HPOS="966" VPOS="440" WIDTH="67" HEIGHT="20" WC="0.89" CONTENT="grun-"/>
						</TextLine>
						<TextLine ID="line_11" HPOS="208" VPOS="460" WIDTH="822" HEIGHT="30">
							<String ID="string_96" HPOS="208" VPOS="460" WIDTH="67" HEIGHT="22" WC="0.67" CONTENT="derna"/><SP WIDTH="14" VPOS="460" HPOS="275"/>
							<String ID="string_97" HPOS="289" VPOS="460" WIDTH="33" HEIGHT="22" WC="0.93" CONTENT="för"/><SP WIDTH="19" VPOS="460" HPOS="322"/>
							<String ID="string_98" HPOS="341" VPOS="462" WIDTH="106" HEIGHT="27" WC="0.96" CONTENT="reglering"/><SP WIDTH="19" VPOS="462" HPOS="447"/>
							<String ID="string_99" HPOS="466" VPOS="462" WIDTH="23" HEIGHT="22" WC="0.92" CONTENT="af"/><SP WIDTH="17" VPOS="462" HPOS="489"/>
							<String ID="string_100" HPOS="506" VPOS="462" WIDTH="173" HEIGHT="28" WC="0.92" CONTENT="presterskapets"/><SP WIDTH="14" VPOS="462" HPOS="679"/>
							<String ID="string_101" HPOS="693" VPOS="462" WIDTH="92" HEIGHT="27" WC="0.92" CONTENT="aflöning"/><SP WIDTH="16" VPOS="462" HPOS="785"/>
							<String ID="string_102" HPOS="801" VPOS="462" WIDTH="8" HEIGHT="22" WC="0.96" CONTENT="i"/><SP WIDTH="13" VPOS="462" HPOS="809"/>
							<String ID="string_103" HPOS="822" VPOS="462" WIDTH="102" HEIGHT="24" WC="0.93" CONTENT="Finlands"/><SP WIDTH="16" VPOS="462" HPOS="924"/>
							<String ID="string_104" HPOS="940" VPOS="468" WIDTH="90" HEIGHT="22" WC="0.93" CONTENT="evange-"/>
						</TextLine>
						<TextLine ID="line_12" HPOS="208" VPOS="488" WIDTH="825" HEIGHT="30">
							<String ID="string_105" HPOS="208" VPOS="488" WIDTH="164" HEIGHT="24" WC="0.92" CONTENT="lisk-lutherska"/><SP WIDTH="16" VPOS="488" HPOS="372"/>
							<String ID="string_106" HPOS="388" VPOS="490" WIDTH="157" HEIGHT="28" WC="0.96" CONTENT="församlingar,"/><SP WIDTH="18" VPOS="490" HPOS="545"/>
							<String ID="string_107" HPOS="563" VPOS="491" WIDTH="96" HEIGHT="27" WC="0.87" CONTENT="godkänt"/><SP WIDTH="17" VPOS="491" HPOS="659"/>
							<String ID="string_108" HPOS="676" VPOS="491" WIDTH="152" HEIGHT="27" WC="0.96" CONTENT="betänkandet,"/><SP WIDTH="19" VPOS="491" HPOS="828"/>
							<String ID="string_109" HPOS="847" VPOS="491" WIDTH="65" HEIGHT="22" WC="0.96" CONTENT="likväl"/><SP WIDTH="16" VPOS="491" HPOS="912"/>
							<String ID="string_110" HPOS="928" VPOS="492" WIDTH="47" HEIGHT="22" WC="0.93" CONTENT="med"/><SP WIDTH="15" VPOS="492" HPOS="975"/>
							<String ID="string_111" HPOS="990" VPOS="491" WIDTH="43" HEIGHT="23" WC="0.89" CONTENT="föl-"/>
						</TextLine>
						<TextLine ID="line_13" HPOS="204" VPOS="517" WIDTH="830" HEIGHT="31">
							<String ID="string_112" HPOS="204" VPOS="517" WIDTH="66" HEIGHT="27" WC="0.92" CONTENT="jande"/><SP WIDTH="15" VPOS="517" HPOS="270"/>
							<String ID="string_113" HPOS="285" VPOS="518" WIDTH="125" HEIGHT="28" WC="0.96" CONTENT="ändringar:"/><SP WIDTH="15" VPOS="518" HPOS="410"/>
							<String ID="string_114" HPOS="425" VPOS="520" WIDTH="7" HEIGHT="20" WC="0.96" CONTENT="i"/><SP WIDTH="15" VPOS="520" HPOS="432"/>
							<String ID="string_115" HPOS="447" VPOS="520" WIDTH="72" HEIGHT="21" WC="0.96" CONTENT="stället"/><SP WIDTH="15" VPOS="520" HPOS="519"/>
							<String ID="string_116" HPOS="534" VPOS="519" WIDTH="33" HEIGHT="21" WC="0.93" CONTENT="för"/><SP WIDTH="16" VPOS="519" HPOS="567"/>
							<String ID="string_117" HPOS="583" VPOS="519" WIDTH="11" HEIGHT="28" WC="0.93" CONTENT="$"/><SP WIDTH="17" VPOS="519" HPOS="594"/>
							<String ID="string_118" HPOS="611" VPOS="520" WIDTH="11" HEIGHT="21" WC="0.96" CONTENT="1"/><SP WIDTH="16" VPOS="520" HPOS="622"/>
							<String ID="string_119" HPOS="638" VPOS="520" WIDTH="7" HEIGHT="21" WC="0.96" CONTENT="i"/><SP WIDTH="16" VPOS="520" HPOS="645"/>
							<String ID="string_120" HPOS="661" VPOS="520" WIDTH="143" HEIGHT="22" WC="0.96" CONTENT="betänkandet"/><SP WIDTH="16" VPOS="520" HPOS="804"/>
							<String ID="string_121" HPOS="820" VPOS="522" WIDTH="76" HEIGHT="24" WC="0.93" CONTENT="antogs"/><SP WIDTH="15" VPOS="522" HPOS="896"/>
							<String ID="string_122" HPOS="911" VPOS="520" WIDTH="12" HEIGHT="28" WC="0.83" CONTENT="$"/><SP WIDTH="17" VPOS="520" HPOS="923"/>
							<String ID="string_123" HPOS="940" VPOS="521" WIDTH="10" HEIGHT="21" WC="0.93" CONTENT="1"/><SP WIDTH="16" VPOS="521" HPOS="950"/>
							<String ID="string_124" HPOS="966" VPOS="520" WIDTH="6" HEIGHT="21" WC="0.93" CONTENT="i"/><SP WIDTH="18" VPOS="520" HPOS="972"/>
							<String ID="string_125" HPOS="990" VPOS="520" WIDTH="44" HEIGHT="22" WC="0.96" CONTENT="den"/>
						</TextLine>
						<TextLine ID="line_14" HPOS="207" VPOS="546" WIDTH="825" HEIGHT="30">
							<String ID="string_126" HPOS="207" VPOS="546" WIDTH="79" HEIGHT="28" WC="0.66" CONTENT="nädiga"/><SP WIDTH="19" VPOS="546" HPOS="286"/>
							<String ID="string_127" HPOS="305" VPOS="548" WIDTH="168" HEIGHT="26" WC="0.94" CONTENT="propositionen;"/><SP WIDTH="15" VPOS="548" HPOS="473"/>
							<String ID="string_128" HPOS="488" VPOS="548" WIDTH="31" HEIGHT="22" WC="0.92" CONTENT="uti"/><SP WIDTH="18" VPOS="548" HPOS="519"/>
							<String ID="string_129" HPOS="537" VPOS="549" WIDTH="56" HEIGHT="21" WC="0.92" CONTENT="1:sta"/><SP WIDTH="13" VPOS="549" HPOS="593"/>
							<String ID="string_130" HPOS="606" VPOS="550" WIDTH="117" HEIGHT="21" WC="0.96" CONTENT="momentet"/><SP WIDTH="18" VPOS="550" HPOS="723"/>
							<String ID="string_131" HPOS="741" VPOS="549" WIDTH="7" HEIGHT="21" WC="0.93" CONTENT="i"/><SP WIDTH="15" VPOS="549" HPOS="748"/>
							<String ID="string_132" HPOS="763" VPOS="548" WIDTH="14" HEIGHT="28" WC="0.50" CONTENT="$"/><SP WIDTH="13" VPOS="548" HPOS="777"/>
							<String ID="string_133" HPOS="790" VPOS="548" WIDTH="15" HEIGHT="23" WC="0.96" CONTENT="4"/><SP WIDTH="14" VPOS="548" HPOS="805"/>
							<String ID="string_134" HPOS="819" VPOS="548" WIDTH="69" HEIGHT="23" WC="0.96" CONTENT="skulle"/><SP WIDTH="16" VPOS="548" HPOS="888"/>
							<String ID="string_135" HPOS="904" VPOS="549" WIDTH="64" HEIGHT="22" WC="0.92" CONTENT="orden"/><SP WIDTH="17" VPOS="549" HPOS="968"/>
							<String ID="string_136" HPOS="985" VPOS="549" WIDTH="47" HEIGHT="27" WC="0.92" CONTENT=",så-"/>
						</TextLine>
						<TextLine ID="line_15" HPOS="207" VPOS="574" WIDTH="825" HEIGHT="31">
							<String ID="string_137" HPOS="207" VPOS="574" WIDTH="56" HEIGHT="22" WC="0.95" CONTENT="väl"/><SP WIDTH="-7" VPOS="574" HPOS="263"/>
							<String ID="string_138" HPOS="256" VPOS="570" WIDTH="13" HEIGHT="39" WC="0.95" CONTENT="i"/><SP WIDTH="10" VPOS="570" HPOS="269"/>
							<String ID="string_139" HPOS="279" VPOS="576" WIDTH="47" HEIGHT="21" WC="0.96" CONTENT="stad"/><SP WIDTH="16" VPOS="576" HPOS="326"/>
							<String ID="string_140" HPOS="342" VPOS="577" WIDTH="57" HEIGHT="21" WC="0.89" CONTENT="som&quot;"/><SP WIDTH="15" VPOS="577" HPOS="399"/>
							<String ID="string_141" HPOS="414" VPOS="577" WIDTH="61" HEIGHT="27" WC="0.96" CONTENT="utgå;"/><SP WIDTH="19" VPOS="577" HPOS="475"/>
							<String ID="string_142" HPOS="494" VPOS="577" WIDTH="31" HEIGHT="21" WC="0.80" CONTENT="uti"/><SP WIDTH="20" VPOS="577" HPOS="525"/>
							<String ID="string_143" HPOS="545" VPOS="576" WIDTH="13" HEIGHT="28" WC="0.92" CONTENT="&amp;"/><SP WIDTH="18" VPOS="576" HPOS="558"/>
							<String ID="string_144" HPOS="576" VPOS="577" WIDTH="25" HEIGHT="21" WC="0.96" CONTENT="11"/><SP WIDTH="20" VPOS="577" HPOS="601"/>
							<String ID="string_145" HPOS="621" VPOS="577" WIDTH="70" HEIGHT="22" WC="0.96" CONTENT="skulle"/><SP WIDTH="19" VPOS="577" HPOS="691"/>
							<String ID="string_146" HPOS="710" VPOS="577" WIDTH="102" HEIGHT="27" WC="0.96" CONTENT="beloppet"/><SP WIDTH="14" VPOS="577" HPOS="812"/>
							<String ID="string_147" HPOS="826" VPOS="576" WIDTH="23" HEIGHT="23" WC="0.96" CONTENT="af"/><SP WIDTH="14" VPOS="576" HPOS="849"/>
							<String ID="string_148" HPOS="863" VPOS="577" WIDTH="59" HEIGHT="23" WC="0.96" CONTENT="lösen"/><SP WIDTH="20" VPOS="577" HPOS="922"/>
							<String ID="string_149" HPOS="942" VPOS="577" WIDTH="33" HEIGHT="22" WC="0.93" CONTENT="för"/><SP WIDTH="15" VPOS="577" HPOS="975"/>
							<String ID="string_150" HPOS="990" VPOS="578" WIDTH="42" HEIGHT="27" WC="0.92" CONTENT="lys-"/>
						</TextLine>
						<TextLine ID="line_16" HPOS="207" VPOS="604" WIDTH="828" HEIGHT="29">
							<String ID="string_151" HPOS="207" VPOS="604" WIDTH="123" HEIGHT="26" WC="0.88" CONTENT="ningssedel"/><SP WIDTH="19" VPOS="604" HPOS="330"/>
							<String ID="string_152" HPOS="349" VPOS="605" WIDTH="33" HEIGHT="21" WC="0.96" CONTENT="till"/><SP WIDTH="19" VPOS="605" HPOS="382"/>
							<String ID="string_153" HPOS="401" VPOS="605" WIDTH="116" HEIGHT="28" WC="0.93" CONTENT="äktenskap"/><SP WIDTH="20" VPOS="605" HPOS="517"/>
							<String ID="string_154" HPOS="537" VPOS="605" WIDTH="112" HEIGHT="22" WC="0.91" CONTENT="nedsättas"/><SP WIDTH="14" VPOS="605" HPOS="649"/>
							<String ID="string_155" HPOS="663" VPOS="605" WIDTH="35" HEIGHT="22" WC="0.96" CONTENT="till"/><SP WIDTH="19" VPOS="605" HPOS="698"/>
							<String ID="string_156" HPOS="717" VPOS="606" WIDTH="6" HEIGHT="22" WC="0.97" CONTENT="2"/><SP WIDTH="15" VPOS="606" HPOS="723"/>
							<String ID="string_157" HPOS="738" VPOS="605" WIDTH="67" HEIGHT="27" WC="0.93" CONTENT="mark,"/><SP WIDTH="15" VPOS="605" HPOS="805"/>
							<String ID="string_158" HPOS="820" VPOS="605" WIDTH="113" HEIGHT="24" WC="0.91" CONTENT="hvarutom"/><SP WIDTH="15" VPOS="605" HPOS="933"/>
							<String ID="string_159" HPOS="948" VPOS="606" WIDTH="7" HEIGHT="21" WC="0.93" CONTENT="i"/><SP WIDTH="15" VPOS="606" HPOS="955"/>
							<String ID="string_160" HPOS="970" VPOS="612" WIDTH="65" HEIGHT="21" WC="0.90" CONTENT="para-"/>
						</TextLine>
						<TextLine ID="line_17" HPOS="208" VPOS="632" WIDTH="824" HEIGHT="30">
							<String ID="string_161" HPOS="208" VPOS="632" WIDTH="77" HEIGHT="27" WC="0.96" CONTENT="grafen"/><SP WIDTH="17" VPOS="632" HPOS="285"/>
							<String ID="string_162" HPOS="302" VPOS="633" WIDTH="79" HEIGHT="22" WC="0.93" CONTENT="mellan"/><SP WIDTH="14" VPOS="633" HPOS="381"/>
							<String ID="string_163" HPOS="395" VPOS="636" WIDTH="118" HEIGHT="20" WC="0.96" CONTENT="momenten"/><SP WIDTH="18" VPOS="636" HPOS="513"/>
							<String ID="string_164" HPOS="531" VPOS="635" WIDTH="12" HEIGHT="21" WC="0.96" CONTENT="1"/><SP WIDTH="16" VPOS="635" HPOS="543"/>
							<String ID="string_165" HPOS="559" VPOS="634" WIDTH="41" HEIGHT="22" WC="0.96" CONTENT="och"/><SP WIDTH="15" VPOS="634" HPOS="600"/>
							<String ID="string_166" HPOS="615" VPOS="634" WIDTH="14" HEIGHT="22" WC="0.96" CONTENT="2"/><SP WIDTH="15" VPOS="634" HPOS="629"/>
							<String ID="string_167" HPOS="644" VPOS="634" WIDTH="65" HEIGHT="22" WC="0.93" CONTENT="borde"/><SP WIDTH="12" VPOS="634" HPOS="709"/>
							<String ID="string_168" HPOS="721" VPOS="634" WIDTH="106" HEIGHT="27" WC="0.92" CONTENT="inskjutas"/><SP WIDTH="12" VPOS="634" HPOS="827"/>
							<String ID="string_169" HPOS="839" VPOS="640" WIDTH="25" HEIGHT="16" WC="0.96" CONTENT="en"/><SP WIDTH="12" VPOS="640" HPOS="864"/>
							<String ID="string_170" HPOS="876" VPOS="635" WIDTH="91" HEIGHT="27" WC="0.93" CONTENT="mening,"/><SP WIDTH="12" VPOS="635" HPOS="967"/>
							<String ID="string_171" HPOS="979" VPOS="634" WIDTH="53" HEIGHT="23" WC="0.91" CONTENT="lika-"/>
						</TextLine>
						<TextLine ID="line_18" HPOS="208" VPOS="661" WIDTH="794" HEIGHT="30">
							<String ID="string_172" HPOS="208" VPOS="661" WIDTH="92" HEIGHT="27" WC="0.96" CONTENT="lydande"/><SP WIDTH="16" VPOS="661" HPOS="300"/>
							<String ID="string_173" HPOS="316" VPOS="663" WIDTH="47" HEIGHT="20" WC="0.96" CONTENT="med"/><SP WIDTH="17" VPOS="663" HPOS="363"/>
							<String ID="string_174" HPOS="380" VPOS="663" WIDTH="52" HEIGHT="21" WC="0.93" CONTENT="sista"/><SP WIDTH="14" VPOS="663" HPOS="432"/>
							<String ID="string_175" HPOS="446" VPOS="663" WIDTH="111" HEIGHT="26" WC="0.74" CONTENT="meningen"/><SP WIDTH="16" VPOS="663" HPOS="557"/>
							<String ID="string_176" HPOS="573" VPOS="663" WIDTH="24" HEIGHT="21" WC="0.93" CONTENT="af"/><SP WIDTH="14" VPOS="663" HPOS="597"/>
							<String ID="string_177" HPOS="611" VPOS="663" WIDTH="12" HEIGHT="28" WC="0.87" CONTENT="$"/><SP WIDTH="12" VPOS="663" HPOS="623"/>
							<String ID="string_178" HPOS="635" VPOS="664" WIDTH="24" HEIGHT="21" WC="0.94" CONTENT="11"/><SP WIDTH="12" VPOS="664" HPOS="659"/>
							<String ID="string_179" HPOS="671" VPOS="663" WIDTH="7" HEIGHT="22" WC="0.94" CONTENT="i"/><SP WIDTH="11" VPOS="663" HPOS="678"/>
							<String ID="string_180" HPOS="689" VPOS="664" WIDTH="40" HEIGHT="21" WC="0.93" CONTENT="den"/><SP WIDTH="12" VPOS="664" HPOS="729"/>
							<String ID="string_181" HPOS="741" VPOS="663" WIDTH="79" HEIGHT="27" WC="0.69" CONTENT="nådiga."/><SP WIDTH="13" VPOS="663" HPOS="820"/>
							<String ID="string_182" HPOS="833" VPOS="664" WIDTH="169" HEIGHT="26" WC="0.91" CONTENT="propositionen;"/>
						</TextLine>
					</TextBlock>
					<TextBlock ID="block_3" HPOS="276" VPOS="690" WIDTH="515" HEIGHT="28">
						<TextLine ID="line_19" HPOS="276" VPOS="690" WIDTH="515" HEIGHT="28">
							<String ID="string_183" HPOS="276" VPOS="690" WIDTH="34" HEIGHT="22" WC="0.88" CONTENT="2:0."/><SP WIDTH="16" VPOS="690" HPOS="310"/>
							<String ID="string_184" HPOS="326" VPOS="691" WIDTH="46" HEIGHT="21" WC="0.92" CONTENT="från"/><SP WIDTH="16" VPOS="691" HPOS="372"/>
							<String ID="string_185" HPOS="388" VPOS="691" WIDTH="157" HEIGHT="27" WC="0.92" CONTENT="presteständet"/><SP WIDTH="14" VPOS="691" HPOS="545"/>
							<String ID="string_186" HPOS="559" VPOS="692" WIDTH="48" HEIGHT="22" WC="0.93" CONTENT="med"/><SP WIDTH="16" VPOS="692" HPOS="607"/>
							<String ID="string_187" HPOS="623" VPOS="692" WIDTH="168" HEIGHT="22" WC="0.96" CONTENT="underrättelse:"/>
						</TextLine>
					</TextBlock>
					<TextBlock ID="block_4" HPOS="207" VPOS="719" WIDTH="828" HEIGHT="170">
						<TextLine ID="line_20" HPOS="276" VPOS="719" WIDTH="757" HEIGHT="28">
							<String ID="string_188" HPOS="276" VPOS="721" WIDTH="33" HEIGHT="19" WC="0.93" CONTENT="att"/><SP WIDTH="15" VPOS="721" HPOS="309"/>
							<String ID="string_189" HPOS="324" VPOS="719" WIDTH="86" HEIGHT="22" WC="0.93" CONTENT="ståndet"/><SP WIDTH="14" VPOS="719" HPOS="410"/>
							<String ID="string_190" HPOS="424" VPOS="720" WIDTH="68" HEIGHT="27" WC="0.91" CONTENT="afböjt"/><SP WIDTH="14" VPOS="720" HPOS="492"/>
							<String ID="string_191" HPOS="506" VPOS="720" WIDTH="190" HEIGHT="27" WC="0.91" CONTENT="borgareständets"/><SP WIDTH="18" VPOS="720" HPOS="696"/>
							<String ID="string_192" HPOS="714" VPOS="720" WIDTH="126" HEIGHT="27" WC="0.92" CONTENT="inbjudning"/><SP WIDTH="16" VPOS="720" HPOS="840"/>
							<String ID="string_193" HPOS="856" VPOS="722" WIDTH="32" HEIGHT="20" WC="0.93" CONTENT="att"/><SP WIDTH="15" VPOS="722" HPOS="888"/>
							<String ID="string_194" HPOS="903" VPOS="720" WIDTH="130" HEIGHT="27" WC="0.82" CONTENT="prestestän-"/>
						</TextLine>
						<TextLine ID="line_21" HPOS="208" VPOS="747" WIDTH="826" HEIGHT="29">
							<String ID="string_195" HPOS="208" VPOS="747" WIDTH="37" HEIGHT="22" WC="0.95" CONTENT="det"/><SP WIDTH="15" VPOS="747" HPOS="245"/>
							<String ID="string_196" HPOS="260" VPOS="747" WIDTH="69" HEIGHT="22" WC="0.93" CONTENT="skulle"/><SP WIDTH="15" VPOS="747" HPOS="329"/>
							<String ID="string_197" HPOS="344" VPOS="747" WIDTH="76" HEIGHT="23" WC="0.91" CONTENT="förena"/><SP WIDTH="13" VPOS="747" HPOS="420"/>
							<String ID="string_198" HPOS="433" VPOS="749" WIDTH="33" HEIGHT="27" WC="0.96" CONTENT="sig"/><SP WIDTH="14" VPOS="749" HPOS="466"/>
							<String ID="string_199" HPOS="480" VPOS="754" WIDTH="33" HEIGHT="17" WC="0.96" CONTENT="om"/><SP WIDTH="16" VPOS="754" HPOS="513"/>
							<String ID="string_200" HPOS="529" VPOS="749" WIDTH="37" HEIGHT="22" WC="0.95" CONTENT="det"/><SP WIDTH="15" VPOS="749" HPOS="566"/>
							<String ID="string_201" HPOS="581" VPOS="749" WIDTH="78" HEIGHT="26" WC="0.96" CONTENT="beslut,"/><SP WIDTH="15" VPOS="749" HPOS="659"/>
							<String ID="string_202" HPOS="674" VPOS="755" WIDTH="45" HEIGHT="16" WC="0.93" CONTENT="som"/><SP WIDTH="15" VPOS="755" HPOS="719"/>
							<String ID="string_203" HPOS="734" VPOS="749" WIDTH="177" HEIGHT="26" WC="0.92" CONTENT="borgareständet"/><SP WIDTH="9" VPOS="749" HPOS="911"/>
							<String ID="string_204" HPOS="920" VPOS="749" WIDTH="35" HEIGHT="23" WC="0.93" CONTENT="vid"/><SP WIDTH="10" VPOS="749" HPOS="955"/>
							<String ID="string_205" HPOS="965" VPOS="749" WIDTH="69" HEIGHT="22" WC="0.92" CONTENT="hand-"/>
						</TextLine>
						<TextLine ID="line_22" HPOS="207" VPOS="775" WIDTH="828" HEIGHT="30">
							<String ID="string_206" HPOS="207" VPOS="775" WIDTH="129" HEIGHT="28" WC="0.87" CONTENT="läggningen"/><SP WIDTH="19" VPOS="775" HPOS="336"/>
							<String ID="string_207" HPOS="355" VPOS="777" WIDTH="24" HEIGHT="21" WC="0.93" CONTENT="af"/><SP WIDTH="16" VPOS="777" HPOS="379"/>
							<String ID="string_208" HPOS="395" VPOS="777" WIDTH="214" HEIGHT="22" WC="0.91" CONTENT="ekonomiutskottets"/><SP WIDTH="20" VPOS="777" HPOS="609"/>
							<String ID="string_209" HPOS="629" VPOS="777" WIDTH="300" HEIGHT="28" WC="0.91" CONTENT="sammanjemkningsförslag"/><SP WIDTH="16" VPOS="777" HPOS="929"/>
							<String ID="string_210" HPOS="945" VPOS="778" WIDTH="7" HEIGHT="21" WC="0.93" CONTENT="i"/><SP WIDTH="18" VPOS="778" HPOS="952"/>
							<String ID="string_211" HPOS="970" VPOS="777" WIDTH="65" HEIGHT="28" WC="0.91" CONTENT="fräga"/>
						</TextLine>
						<TextLine ID="line_23" HPOS="208" VPOS="804" WIDTH="824" HEIGHT="29">
							<String ID="string_212" HPOS="208" VPOS="811" WIDTH="34" HEIGHT="15" WC="0.93" CONTENT="om:"/><SP WIDTH="16" VPOS="811" HPOS="242"/>
							<String ID="string_213" HPOS="258" VPOS="804" WIDTH="263" HEIGHT="29" WC="0.92" CONTENT="bränvinslagstiftningen"/><SP WIDTH="14" VPOS="804" HPOS="521"/>
							<String ID="string_214" HPOS="535" VPOS="805" WIDTH="64" HEIGHT="23" WC="0.96" CONTENT="fattat"/><SP WIDTH="14" VPOS="805" HPOS="599"/>
							<String ID="string_215" HPOS="613" VPOS="805" WIDTH="132" HEIGHT="24" WC="0.93" CONTENT="beträffande"/><SP WIDTH="16" VPOS="805" HPOS="745"/>
							<String ID="string_216" HPOS="761" VPOS="805" WIDTH="28" HEIGHT="28" WC="0.80" CONTENT="$8"/><SP WIDTH="12" VPOS="805" HPOS="789"/>
							<String ID="string_217" HPOS="801" VPOS="807" WIDTH="13" HEIGHT="21" WC="0.94" CONTENT="6"/><SP WIDTH="16" VPOS="807" HPOS="814"/>
							<String ID="string_218" HPOS="830" VPOS="805" WIDTH="40" HEIGHT="22" WC="0.96" CONTENT="och"/><SP WIDTH="14" VPOS="805" HPOS="870"/>
							<String ID="string_219" HPOS="884" VPOS="806" WIDTH="27" HEIGHT="22" WC="0.96" CONTENT="57"/><SP WIDTH="16" VPOS="806" HPOS="911"/>
							<String ID="string_220" HPOS="927" VPOS="807" WIDTH="6" HEIGHT="21" WC="0.93" CONTENT="i"/><SP WIDTH="16" VPOS="807" HPOS="933"/>
							<String ID="string_221" HPOS="949" VPOS="807" WIDTH="83" HEIGHT="21" WC="0.69" CONTENT="utskot-"/>
						</TextLine>
						<TextLine ID="line_24" HPOS="208" VPOS="833" WIDTH="826" HEIGHT="29">
							<String ID="string_222" HPOS="208" VPOS="835" WIDTH="46" HEIGHT="20" WC="0.93" CONTENT="tets"/><SP WIDTH="12" VPOS="835" HPOS="254"/>
							<String ID="string_223" HPOS="266" VPOS="833" WIDTH="80" HEIGHT="27" WC="0.96" CONTENT="förslag"/><SP WIDTH="14" VPOS="833" HPOS="346"/>
							<String ID="string_224" HPOS="360" VPOS="834" WIDTH="34" HEIGHT="21" WC="0.93" CONTENT="till"/><SP WIDTH="15" VPOS="834" HPOS="394"/>
							<String ID="string_225" HPOS="409" VPOS="834" WIDTH="123" HEIGHT="27" WC="0.96" CONTENT="förordning"/><SP WIDTH="15" VPOS="834" HPOS="532"/>
							<String ID="string_226" HPOS="547" VPOS="835" WIDTH="110" HEIGHT="26" WC="0.76" CONTENT="angående"/><SP WIDTH="16" VPOS="835" HPOS="657"/>
							<String ID="string_227" HPOS="673" VPOS="835" WIDTH="100" HEIGHT="22" WC="0.93" CONTENT="vilkoren"/><SP WIDTH="12" VPOS="835" HPOS="773"/>
							<String ID="string_228" HPOS="785" VPOS="834" WIDTH="33" HEIGHT="21" WC="0.96" CONTENT="för"/><SP WIDTH="11" VPOS="834" HPOS="818"/>
							<String ID="string_229" HPOS="829" VPOS="834" WIDTH="135" HEIGHT="28" WC="0.93" CONTENT="försäljning,"/><SP WIDTH="12" VPOS="834" HPOS="964"/>
							<String ID="string_230" HPOS="976" VPOS="835" WIDTH="58" HEIGHT="22" WC="0.92" CONTENT="fors-"/>
						</TextLine>
						<TextLine ID="line_25" HPOS="207" VPOS="861" WIDTH="385" HEIGHT="28">
							<String ID="string_231" HPOS="207" VPOS="861" WIDTH="51" HEIGHT="28" WC="0.96" CONTENT="ling,"/><SP WIDTH="16" VPOS="861" HPOS="258"/>
							<String ID="string_232" HPOS="274" VPOS="862" WIDTH="79" HEIGHT="27" WC="0.96" CONTENT="upplag"/><SP WIDTH="15" VPOS="862" HPOS="353"/>
							<String ID="string_233" HPOS="368" VPOS="863" WIDTH="23" HEIGHT="21" WC="0.93" CONTENT="af"/><SP WIDTH="13" VPOS="863" HPOS="391"/>
							<String ID="string_234" HPOS="404" VPOS="863" WIDTH="87" HEIGHT="22" WC="0.93" CONTENT="bränvin"/><SP WIDTH="15" VPOS="863" HPOS="491"/>
							<String ID="string_235" HPOS="506" VPOS="869" WIDTH="28" HEIGHT="15" WC="0.93" CONTENT="m."/><SP WIDTH="15" VPOS="869" HPOS="534"/>
							<String ID="string_236" HPOS="549" VPOS="869" WIDTH="43" HEIGHT="20" WC="0.53" CONTENT="m.;"/>
						</TextLine>
					</TextBlock>
					<TextBlock ID="block_5" HPOS="207" VPOS="891" WIDTH="825" HEIGHT="85">
						<TextLine ID="line_26" HPOS="277" VPOS="891" WIDTH="753" HEIGHT="28">
							<String ID="string_237" HPOS="277" VPOS="893" WIDTH="32" HEIGHT="19" WC="0.95" CONTENT="att"/><SP WIDTH="17" VPOS="893" HPOS="309"/>
							<String ID="string_238" HPOS="326" VPOS="891" WIDTH="86" HEIGHT="22" WC="0.96" CONTENT="ståndet"/><SP WIDTH="18" VPOS="891" HPOS="412"/>
							<String ID="string_239" HPOS="430" VPOS="891" WIDTH="93" HEIGHT="28" WC="0.93" CONTENT="godkänt"/><SP WIDTH="15" VPOS="891" HPOS="523"/>
							<String ID="string_240" HPOS="538" VPOS="892" WIDTH="171" HEIGHT="22" WC="0.91" CONTENT="statsutskottets"/><SP WIDTH="20" VPOS="892" HPOS="709"/>
							<String ID="string_241" HPOS="729" VPOS="891" WIDTH="81" HEIGHT="28" WC="0.95" CONTENT="förslag"/><SP WIDTH="22" VPOS="891" HPOS="810"/>
							<String ID="string_242" HPOS="832" VPOS="891" WIDTH="110" HEIGHT="28" WC="0.93" CONTENT="angående"/><SP WIDTH="18" VPOS="891" HPOS="942"/>
							<String ID="string_243" HPOS="960" VPOS="891" WIDTH="70" HEIGHT="24" WC="0.91" CONTENT="förän-"/>
						</TextLine>
						<TextLine ID="line_27" HPOS="208" VPOS="919" WIDTH="824" HEIGHT="28">
							<String ID="string_244" HPOS="208" VPOS="919" WIDTH="54" HEIGHT="22" WC="0.92" CONTENT="drad"/><SP WIDTH="15" VPOS="919" HPOS="262"/>
							<String ID="string_245" HPOS="277" VPOS="920" WIDTH="272" HEIGHT="27" WC="0.91" CONTENT="omröstningsproposition"/><SP WIDTH="16" VPOS="920" HPOS="549"/>
							<String ID="string_246" HPOS="565" VPOS="921" WIDTH="33" HEIGHT="22" WC="0.96" CONTENT="till"/><SP WIDTH="15" VPOS="921" HPOS="598"/>
							<String ID="string_247" HPOS="613" VPOS="920" WIDTH="104" HEIGHT="22" WC="0.91" CONTENT="förstärkt"/><SP WIDTH="15" VPOS="920" HPOS="717"/>
							<String ID="string_248" HPOS="732" VPOS="920" WIDTH="138" HEIGHT="23" WC="0.91" CONTENT="statsutskott"/><SP WIDTH="14" VPOS="920" HPOS="870"/>
							<String ID="string_249" HPOS="884" VPOS="921" WIDTH="9" HEIGHT="20" WC="0.96" CONTENT="i"/><SP WIDTH="13" VPOS="921" HPOS="893"/>
							<String ID="string_250" HPOS="906" VPOS="920" WIDTH="78" HEIGHT="27" WC="0.96" CONTENT="frågan"/><SP WIDTH="12" VPOS="920" HPOS="984"/>
							<String ID="string_251" HPOS="996" VPOS="926" WIDTH="36" HEIGHT="16" WC="0.96" CONTENT="om"/>
						</TextLine>
						<TextLine ID="line_28" HPOS="207" VPOS="947" WIDTH="679" HEIGHT="29">
							<String ID="string_252" HPOS="207" VPOS="947" WIDTH="121" HEIGHT="28" WC="0.96" CONTENT="beviljande"/><SP WIDTH="16" VPOS="947" HPOS="328"/>
							<String ID="string_253" HPOS="344" VPOS="948" WIDTH="23" HEIGHT="21" WC="0.96" CONTENT="af"/><SP WIDTH="14" VPOS="948" HPOS="367"/>
							<String ID="string_254" HPOS="381" VPOS="949" WIDTH="73" HEIGHT="26" WC="0.96" CONTENT="anslag"/><SP WIDTH="16" VPOS="949" HPOS="454"/>
							<String ID="string_255" HPOS="470" VPOS="949" WIDTH="32" HEIGHT="20" WC="0.96" CONTENT="för"/><SP WIDTH="15" VPOS="949" HPOS="502"/>
							<String ID="string_256" HPOS="517" VPOS="948" WIDTH="132" HEIGHT="28" WC="0.96" CONTENT="uppförande"/><SP WIDTH="16" VPOS="948" HPOS="649"/>
							<String ID="string_257" HPOS="665" VPOS="949" WIDTH="24" HEIGHT="22" WC="0.96" CONTENT="af"/><SP WIDTH="14" VPOS="949" HPOS="689"/>
							<String ID="string_258" HPOS="703" VPOS="951" WIDTH="31" HEIGHT="19" WC="0.92" CONTENT="ett"/><SP WIDTH="15" VPOS="951" HPOS="734"/>
							<String ID="string_259" HPOS="749" VPOS="949" WIDTH="137" HEIGHT="26" WC="0.92" CONTENT="ständerhus;"/>
						</TextLine>
					</TextBlock>
					<TextBlock ID="block_6" HPOS="205" VPOS="977" WIDTH="828" HEIGHT="107">
						<TextLine ID="line_29" HPOS="276" VPOS="977" WIDTH="755" HEIGHT="27">
							<String ID="string_260" HPOS="276" VPOS="978" WIDTH="33" HEIGHT="20" WC="0.96" CONTENT="att"/><SP WIDTH="19" VPOS="978" HPOS="309"/>
							<String ID="string_261" HPOS="328" VPOS="977" WIDTH="85" HEIGHT="22" WC="0.96" CONTENT="ståndet"/><SP WIDTH="17" VPOS="977" HPOS="413"/>
							<String ID="string_262" HPOS="430" VPOS="977" WIDTH="94" HEIGHT="27" WC="0.93" CONTENT="godkänt"/><SP WIDTH="19" VPOS="977" HPOS="524"/>
							<String ID="string_263" HPOS="543" VPOS="977" WIDTH="153" HEIGHT="27" WC="0.91" CONTENT="lagutskottets"/><SP WIDTH="23" VPOS="977" HPOS="696"/>
							<String ID="string_264" HPOS="719" VPOS="977" WIDTH="137" HEIGHT="22" WC="0.95" CONTENT="betänkande"/><SP WIDTH="20" VPOS="977" HPOS="856"/>
							<String ID="string_265" HPOS="876" VPOS="983" WIDTH="35" HEIGHT="16" WC="0.95" CONTENT="n:o"/><SP WIDTH="22" VPOS="983" HPOS="911"/>
							<String ID="string_266" HPOS="933" VPOS="977" WIDTH="27" HEIGHT="23" WC="0.95" CONTENT="12"/><SP WIDTH="22" VPOS="977" HPOS="960"/>
							<String ID="string_267" HPOS="982" VPOS="977" WIDTH="49" HEIGHT="22" WC="0.95" CONTENT="med"/>
						</TextLine>
						<TextLine ID="line_30" HPOS="207" VPOS="1005" WIDTH="826" HEIGHT="28">
							<String ID="string_268" HPOS="207" VPOS="1005" WIDTH="116" HEIGHT="27" WC="0.96" CONTENT="anledning"/><SP WIDTH="15" VPOS="1005" HPOS="323"/>
							<String ID="string_269" HPOS="338" VPOS="1005" WIDTH="23" HEIGHT="22" WC="0.91" CONTENT="af"/><SP WIDTH="13" VPOS="1005" HPOS="361"/>
							<String ID="string_270" HPOS="374" VPOS="1005" WIDTH="153" HEIGHT="28" WC="0.88" CONTENT="prokuratorns"/><SP WIDTH="19" VPOS="1005" HPOS="527"/>
							<String ID="string_271" HPOS="546" VPOS="1006" WIDTH="8" HEIGHT="21" WC="0.96" CONTENT="i"/><SP WIDTH="17" VPOS="1006" HPOS="554"/>
							<String ID="string_272" HPOS="571" VPOS="1006" WIDTH="116" HEIGHT="27" WC="0.96" CONTENT="kejserliga"/><SP WIDTH="19" VPOS="1006" HPOS="687"/>
							<String ID="string_273" HPOS="706" VPOS="1008" WIDTH="91" HEIGHT="19" WC="0.82" CONTENT="senaten"/><SP WIDTH="17" VPOS="1008" HPOS="797"/>
							<String ID="string_274" HPOS="814" VPOS="1005" WIDTH="32" HEIGHT="22" WC="0.94" CONTENT="till"/><SP WIDTH="22" VPOS="1005" HPOS="846"/>
							<String ID="string_275" HPOS="868" VPOS="1005" WIDTH="114" HEIGHT="24" WC="0.93" CONTENT="ständerna"/><SP WIDTH="18" VPOS="1005" HPOS="982"/>
							<String ID="string_276" HPOS="1000" VPOS="1005" WIDTH="33" HEIGHT="22" WC="0.89" CONTENT="af-"/>
						</TextLine>
						<TextLine ID="line_31" HPOS="205" VPOS="1033" WIDTH="826" HEIGHT="51">
							<String ID="string_277" HPOS="205" VPOS="1033" WIDTH="61" HEIGHT="51" WC="0.0" CONTENT="find"/><SP WIDTH="23" VPOS="1033" HPOS="266"/>
							<String ID="string_278" HPOS="289" VPOS="1034" WIDTH="115" HEIGHT="22" WC="0.96" CONTENT="berättelse"/><SP WIDTH="23" VPOS="1034" HPOS="404"/>
							<String ID="string_279" HPOS="427" VPOS="1041" WIDTH="34" HEIGHT="15" WC="0.93" CONTENT="om"/><SP WIDTH="22" VPOS="1041" HPOS="461"/>
							<String ID="string_280" HPOS="483" VPOS="1034" WIDTH="164" HEIGHT="27" WC="0.89" CONTENT="lagskipningen"/><SP WIDTH="17" VPOS="1034" HPOS="647"/>
							<String ID="string_281" HPOS="664" VPOS="1035" WIDTH="39" HEIGHT="22" WC="0.93" CONTENT="och"/><SP WIDTH="19" VPOS="1035" HPOS="703"/>
							<String ID="string_282" HPOS="722" VPOS="1035" WIDTH="99" HEIGHT="26" WC="0.91" CONTENT="lagarnes"/><SP WIDTH="17" VPOS="1035" HPOS="821"/>
							<String ID="string_283" HPOS="838" VPOS="1033" WIDTH="163" HEIGHT="24" WC="0.89" CONTENT="handhafvande"/><SP WIDTH="22" VPOS="1033" HPOS="1001"/>
							<String ID="string_284" HPOS="1023" VPOS="1034" WIDTH="8" HEIGHT="21" WC="0.95" CONTENT="i"/>
						</TextLine>
					</TextBlock>
					<TextBlock ID="block_7" HPOS="228" VPOS="1064" WIDTH="235" HEIGHT="26">
						<TextLine ID="line_32" HPOS="228" VPOS="1064" WIDTH="235" HEIGHT="26">
							<String ID="string_285" HPOS="228" VPOS="1064" WIDTH="61" HEIGHT="25" WC="0.89" CONTENT="ndet;"/><SP WIDTH="171" VPOS="1064" HPOS="289"/>
							<String ID="string_286" HPOS="460" VPOS="1087" WIDTH="3" HEIGHT="3" WC="0.93" CONTENT="N"/>
						</TextLine>
					</TextBlock>
					<TextBlock ID="block_8" HPOS="206" VPOS="1092" WIDTH="825" HEIGHT="84">
						<TextLine ID="line_33" HPOS="276" VPOS="1092" WIDTH="755" HEIGHT="27">
							<String ID="string_287" HPOS="276" VPOS="1094" WIDTH="32" HEIGHT="19" WC="0.93" CONTENT="att"/><SP WIDTH="14" VPOS="1094" HPOS="308"/>
							<String ID="string_288" HPOS="322" VPOS="1092" WIDTH="85" HEIGHT="21" WC="0.93" CONTENT="ständet"/><SP WIDTH="15" VPOS="1092" HPOS="407"/>
							<String ID="string_289" HPOS="422" VPOS="1092" WIDTH="93" HEIGHT="27" WC="0.92" CONTENT="godkänt"/><SP WIDTH="14" VPOS="1092" HPOS="515"/>
							<String ID="string_290" HPOS="529" VPOS="1092" WIDTH="246" HEIGHT="26" WC="0.87" CONTENT="bevillningsutskottets"/><SP WIDTH="20" VPOS="1092" HPOS="775"/>
							<String ID="string_291" HPOS="795" VPOS="1092" WIDTH="137" HEIGHT="22" WC="0.92" CONTENT="betänkande"/><SP WIDTH="12" VPOS="1092" HPOS="932"/>
							<String ID="string_292" HPOS="944" VPOS="1098" WIDTH="34" HEIGHT="15" WC="0.95" CONTENT="n:o"/><SP WIDTH="15" VPOS="1098" HPOS="978"/>
							<String ID="string_293" HPOS="993" VPOS="1092" WIDTH="14" HEIGHT="22" WC="0.94" CONTENT="3"/><SP WIDTH="16" VPOS="1092" HPOS="1007"/>
							<String ID="string_294" HPOS="1023" VPOS="1092" WIDTH="8" HEIGHT="21" WC="0.94" CONTENT="i"/>
						</TextLine>
						<TextLine ID="line_34" HPOS="206" VPOS="1119" WIDTH="825" HEIGHT="29">
							<String ID="string_295" HPOS="206" VPOS="1119" WIDTH="115" HEIGHT="28" WC="0.88" CONTENT="anledning"/><SP WIDTH="22" VPOS="1119" HPOS="321"/>
							<String ID="string_296" HPOS="343" VPOS="1120" WIDTH="23" HEIGHT="21" WC="0.96" CONTENT="af"/><SP WIDTH="21" VPOS="1120" HPOS="366"/>
							<String ID="string_297" HPOS="387" VPOS="1120" WIDTH="59" HEIGHT="22" WC="0.93" CONTENT="Hans"/><SP WIDTH="20" VPOS="1120" HPOS="446"/>
							<String ID="string_298" HPOS="466" VPOS="1120" WIDTH="121" HEIGHT="28" WC="0.92" CONTENT="Kejserliga"/><SP WIDTH="22" VPOS="1120" HPOS="587"/>
							<String ID="string_299" HPOS="609" VPOS="1120" WIDTH="112" HEIGHT="27" WC="0.92" CONTENT="Majestäts"/><SP WIDTH="21" VPOS="1120" HPOS="721"/>
							<String ID="string_300" HPOS="742" VPOS="1120" WIDTH="79" HEIGHT="27" WC="0.92" CONTENT="nädiga"/><SP WIDTH="21" VPOS="1120" HPOS="821"/>
							<String ID="string_301" HPOS="842" VPOS="1120" WIDTH="132" HEIGHT="27" WC="0.93" CONTENT="proposition"/><SP WIDTH="19" VPOS="1120" HPOS="974"/>
							<String ID="string_302" HPOS="993" VPOS="1126" WIDTH="38" HEIGHT="16" WC="0.91" CONTENT="an-"/>
						</TextLine>
						<TextLine ID="line_35" HPOS="207" VPOS="1148" WIDTH="627" HEIGHT="28">
							<String ID="string_303" HPOS="207" VPOS="1148" WIDTH="83" HEIGHT="27" WC="0.96" CONTENT="gående"/><SP WIDTH="16" VPOS="1148" HPOS="290"/>
							<String ID="string_304" HPOS="306" VPOS="1150" WIDTH="118" HEIGHT="25" WC="0.96" CONTENT="utgörande"/><SP WIDTH="15" VPOS="1150" HPOS="424"/>
							<String ID="string_305" HPOS="439" VPOS="1149" WIDTH="23" HEIGHT="21" WC="0.96" CONTENT="af"/><SP WIDTH="13" VPOS="1149" HPOS="462"/>
							<String ID="string_306" HPOS="475" VPOS="1151" WIDTH="60" HEIGHT="20" WC="0.93" CONTENT="extra"/><SP WIDTH="15" VPOS="1151" HPOS="535"/>
							<String ID="string_307" HPOS="550" VPOS="1149" WIDTH="116" HEIGHT="27" WC="0.89" CONTENT="bevillaing"/><SP WIDTH="15" VPOS="1149" HPOS="666"/>
							<String ID="string_308" HPOS="681" VPOS="1149" WIDTH="34" HEIGHT="21" WC="0.93" CONTENT="för"/><SP WIDTH="14" VPOS="1149" HPOS="715"/>
							<String ID="string_309" HPOS="729" VPOS="1148" WIDTH="105" HEIGHT="28" WC="0.96" CONTENT="spelkort;"/>
						</TextLine>
					</TextBlock>
					<TextBlock ID="block_9" HPOS="204" VPOS="1177" WIDTH="828" HEIGHT="199">
						<TextLine ID="line_36" HPOS="276" VPOS="1177" WIDTH="756" HEIGHT="28">
							<String ID="string_310" HPOS="276" VPOS="1179" WIDTH="32" HEIGHT="19" WC="0.86" CONTENT="att"/><SP WIDTH="21" VPOS="1179" HPOS="308"/>
							<String ID="string_311" HPOS="329" VPOS="1177" WIDTH="85" HEIGHT="22" WC="0.96" CONTENT="ståndet"/><SP WIDTH="21" VPOS="1177" HPOS="414"/>
							<String ID="string_312" HPOS="435" VPOS="1178" WIDTH="35" HEIGHT="21" WC="0.96" CONTENT="vid"/><SP WIDTH="20" VPOS="1178" HPOS="470"/>
							<String ID="string_313" HPOS="490" VPOS="1178" WIDTH="155" HEIGHT="27" WC="0.96" CONTENT="behandlingen"/><SP WIDTH="20" VPOS="1178" HPOS="645"/>
							<String ID="string_314" HPOS="665" VPOS="1177" WIDTH="23" HEIGHT="21" WC="0.93" CONTENT="af"/><SP WIDTH="18" VPOS="1177" HPOS="688"/>
							<String ID="string_315" HPOS="706" VPOS="1177" WIDTH="172" HEIGHT="23" WC="0.91" CONTENT="statsutskottets"/><SP WIDTH="18" VPOS="1177" HPOS="878"/>
							<String ID="string_316" HPOS="896" VPOS="1177" WIDTH="136" HEIGHT="23" WC="0.96" CONTENT="betänkande"/>
						</TextLine>
						<TextLine ID="line_37" HPOS="205" VPOS="1206" WIDTH="824" HEIGHT="28">
							<String ID="string_317" HPOS="205" VPOS="1211" WIDTH="35" HEIGHT="15" WC="0.95" CONTENT="n:o"/><SP WIDTH="21" VPOS="1211" HPOS="240"/>
							<String ID="string_318" HPOS="261" VPOS="1206" WIDTH="27" HEIGHT="21" WC="0.94" CONTENT="15"/><SP WIDTH="18" VPOS="1206" HPOS="288"/>
							<String ID="string_319" HPOS="306" VPOS="1206" WIDTH="7" HEIGHT="20" WC="0.92" CONTENT="i"/><SP WIDTH="19" VPOS="1206" HPOS="313"/>
							<String ID="string_320" HPOS="332" VPOS="1206" WIDTH="114" HEIGHT="28" WC="0.96" CONTENT="anledning"/><SP WIDTH="18" VPOS="1206" HPOS="446"/>
							<String ID="string_321" HPOS="464" VPOS="1206" WIDTH="23" HEIGHT="22" WC="0.93" CONTENT="af"/><SP WIDTH="17" VPOS="1206" HPOS="487"/>
							<String ID="string_322" HPOS="504" VPOS="1206" WIDTH="78" HEIGHT="27" WC="0.96" CONTENT="nådiga"/><SP WIDTH="17" VPOS="1206" HPOS="582"/>
							<String ID="string_323" HPOS="599" VPOS="1206" WIDTH="160" HEIGHT="27" WC="0.95" CONTENT="propositionen"/><SP WIDTH="19" VPOS="1206" HPOS="759"/>
							<String ID="string_324" HPOS="778" VPOS="1212" WIDTH="33" HEIGHT="15" WC="0.93" CONTENT="om"/><SP WIDTH="19" VPOS="1212" HPOS="811"/>
							<String ID="string_325" HPOS="830" VPOS="1206" WIDTH="75" HEIGHT="26" WC="0.96" CONTENT="anslag"/><SP WIDTH="18" VPOS="1206" HPOS="905"/>
							<String ID="string_326" HPOS="923" VPOS="1206" WIDTH="33" HEIGHT="21" WC="0.93" CONTENT="till"/><SP WIDTH="12" VPOS="1206" HPOS="956"/>
							<String ID="string_327" HPOS="968" VPOS="1206" WIDTH="61" HEIGHT="26" WC="0.66" CONTENT="jern-"/>
						</TextLine>
						<TextLine ID="line_38" HPOS="205" VPOS="1234" WIDTH="827" HEIGHT="27">
							<String ID="string_328" HPOS="205" VPOS="1234" WIDTH="177" HEIGHT="27" WC="0.92" CONTENT="vägsbyggnader"/><SP WIDTH="16" VPOS="1234" HPOS="382"/>
							<String ID="string_329" HPOS="398" VPOS="1238" WIDTH="55" HEIGHT="18" WC="0.96" CONTENT="samt"/><SP WIDTH="16" VPOS="1238" HPOS="453"/>
							<String ID="string_330" HPOS="469" VPOS="1236" WIDTH="56" HEIGHT="20" WC="0.96" CONTENT="vissa"/><SP WIDTH="15" VPOS="1236" HPOS="525"/>
							<String ID="string_331" HPOS="540" VPOS="1234" WIDTH="151" HEIGHT="27" WC="0.96" CONTENT="förändringar"/><SP WIDTH="14" VPOS="1234" HPOS="691"/>
							<String ID="string_332" HPOS="705" VPOS="1235" WIDTH="8" HEIGHT="22" WC="0.91" CONTENT="i"/><SP WIDTH="14" VPOS="1235" HPOS="713"/>
							<String ID="string_333" HPOS="727" VPOS="1234" WIDTH="188" HEIGHT="27" WC="0.53" CONTENT="bestämniogarne"/><SP WIDTH="10" VPOS="1234" HPOS="915"/>
							<String ID="string_334" HPOS="925" VPOS="1240" WIDTH="35" HEIGHT="16" WC="0.93" CONTENT="om"/><SP WIDTH="9" VPOS="1240" HPOS="960"/>
							<String ID="string_335" HPOS="969" VPOS="1234" WIDTH="63" HEIGHT="22" WC="0.90" CONTENT="kom-"/>
						</TextLine>
						<TextLine ID="line_39" HPOS="205" VPOS="1262" WIDTH="823" HEIGHT="28">
							<String ID="string_336" HPOS="205" VPOS="1262" WIDTH="225" HEIGHT="23" WC="0.91" CONTENT="munikationsfonden"/><SP WIDTH="18" VPOS="1262" HPOS="430"/>
							<String ID="string_337" HPOS="448" VPOS="1264" WIDTH="95" HEIGHT="26" WC="0.92" CONTENT="godkänt"/><SP WIDTH="17" VPOS="1264" HPOS="543"/>
							<String ID="string_338" HPOS="560" VPOS="1263" WIDTH="93" HEIGHT="22" WC="0.93" CONTENT="berörda"/><SP WIDTH="17" VPOS="1263" HPOS="653"/>
							<String ID="string_339" HPOS="670" VPOS="1262" WIDTH="135" HEIGHT="22" WC="0.92" CONTENT="betänkande"/><SP WIDTH="19" VPOS="1262" HPOS="805"/>
							<String ID="string_340" HPOS="824" VPOS="1263" WIDTH="6" HEIGHT="21" WC="0.96" CONTENT="i"/><SP WIDTH="20" VPOS="1263" HPOS="830"/>
							<String ID="string_341" HPOS="850" VPOS="1262" WIDTH="44" HEIGHT="22" WC="0.93" CONTENT="alla"/><SP WIDTH="14" VPOS="1262" HPOS="894"/>
							<String ID="string_342" HPOS="908" VPOS="1262" WIDTH="70" HEIGHT="27" WC="0.92" CONTENT="öfriga"/><SP WIDTH="14" VPOS="1262" HPOS="978"/>
							<String ID="string_343" HPOS="992" VPOS="1262" WIDTH="36" HEIGHT="22" WC="0.90" CONTENT="de-"/>
						</TextLine>
						<TextLine ID="line_40" HPOS="204" VPOS="1290" WIDTH="828" HEIGHT="28">
							<String ID="string_344" HPOS="204" VPOS="1290" WIDTH="40" HEIGHT="28" WC="0.93" CONTENT="lar,"/><SP WIDTH="16" VPOS="1290" HPOS="244"/>
							<String ID="string_345" HPOS="260" VPOS="1293" WIDTH="59" HEIGHT="19" WC="0.96" CONTENT="utom"/><SP WIDTH="15" VPOS="1293" HPOS="319"/>
							<String ID="string_346" HPOS="334" VPOS="1292" WIDTH="56" HEIGHT="21" WC="0.93" CONTENT="hvad"/><SP WIDTH="15" VPOS="1292" HPOS="390"/>
							<String ID="string_347" HPOS="405" VPOS="1292" WIDTH="116" HEIGHT="22" WC="0.92" CONTENT="beträffade"/><SP WIDTH="18" VPOS="1292" HPOS="521"/>
							<String ID="string_348" HPOS="539" VPOS="1292" WIDTH="76" HEIGHT="26" WC="0.96" CONTENT="anslag"/><SP WIDTH="18" VPOS="1292" HPOS="615"/>
							<String ID="string_349" HPOS="633" VPOS="1291" WIDTH="34" HEIGHT="21" WC="0.93" CONTENT="för"/><SP WIDTH="17" VPOS="1291" HPOS="667"/>
							<String ID="string_350" HPOS="684" VPOS="1291" WIDTH="132" HEIGHT="27" WC="0.95" CONTENT="anläggning"/><SP WIDTH="18" VPOS="1291" HPOS="816"/>
							<String ID="string_351" HPOS="834" VPOS="1290" WIDTH="23" HEIGHT="22" WC="0.96" CONTENT="af"/><SP WIDTH="17" VPOS="1290" HPOS="857"/>
							<String ID="string_352" HPOS="874" VPOS="1293" WIDTH="32" HEIGHT="21" WC="0.93" CONTENT="ett"/><SP WIDTH="12" VPOS="1293" HPOS="906"/>
							<String ID="string_353" HPOS="918" VPOS="1291" WIDTH="114" HEIGHT="27" WC="0.92" CONTENT="jernvägs-"/>
						</TextLine>
						<TextLine ID="line_41" HPOS="204" VPOS="1319" WIDTH="825" HEIGHT="28">
							<String ID="string_354" HPOS="204" VPOS="1319" WIDTH="52" HEIGHT="27" WC="0.95" CONTENT="spår"/><SP WIDTH="14" VPOS="1319" HPOS="256"/>
							<String ID="string_355" HPOS="270" VPOS="1320" WIDTH="34" HEIGHT="21" WC="0.93" CONTENT="till"/><SP WIDTH="15" VPOS="1320" HPOS="304"/>
							<String ID="string_356" HPOS="319" VPOS="1320" WIDTH="113" HEIGHT="22" WC="0.95" CONTENT="hamnen"/><SP WIDTH="-10" VPOS="1320" HPOS="432"/>
							<String ID="string_357" HPOS="422" VPOS="1315" WIDTH="12" HEIGHT="36" WC="0.96" CONTENT="i"/><SP WIDTH="13" VPOS="1315" HPOS="434"/>
							<String ID="string_358" HPOS="447" VPOS="1320" WIDTH="87" HEIGHT="27" WC="0.95" CONTENT="Viborg,"/><SP WIDTH="16" VPOS="1320" HPOS="534"/>
							<String ID="string_359" HPOS="550" VPOS="1320" WIDTH="7" HEIGHT="21" WC="0.93" CONTENT="i"/><SP WIDTH="15" VPOS="1320" HPOS="557"/>
							<String ID="string_360" HPOS="572" VPOS="1320" WIDTH="85" HEIGHT="22" WC="0.95" CONTENT="hvilken"/><SP WIDTH="17" VPOS="1320" HPOS="657"/>
							<String ID="string_361" HPOS="674" VPOS="1320" WIDTH="34" HEIGHT="21" WC="0.93" CONTENT="del"/><SP WIDTH="16" VPOS="1320" HPOS="708"/>
							<String ID="string_362" HPOS="724" VPOS="1319" WIDTH="117" HEIGHT="22" WC="0.93" CONTENT="utskottets"/><SP WIDTH="16" VPOS="1319" HPOS="841"/>
							<String ID="string_363" HPOS="857" VPOS="1319" WIDTH="13" HEIGHT="22" WC="0.69" CONTENT="&amp;"/><SP WIDTH="18" VPOS="1319" HPOS="870"/>
							<String ID="string_364" HPOS="888" VPOS="1326" WIDTH="48" HEIGHT="20" WC="0.92" CONTENT="pag."/><SP WIDTH="16" VPOS="1326" HPOS="936"/>
							<String ID="string_365" HPOS="952" VPOS="1320" WIDTH="28" HEIGHT="23" WC="0.92" CONTENT="15"/><SP WIDTH="14" VPOS="1320" HPOS="980"/>
							<String ID="string_366" HPOS="994" VPOS="1319" WIDTH="35" HEIGHT="22" WC="0.92" CONTENT="fö-"/>
						</TextLine>
						<TextLine ID="line_42" HPOS="204" VPOS="1348" WIDTH="526" HEIGHT="28">
							<String ID="string_367" HPOS="204" VPOS="1348" WIDTH="152" HEIGHT="22" WC="0.91" CONTENT="rekommande"/><SP WIDTH="15" VPOS="1348" HPOS="356"/>
							<String ID="string_368" HPOS="371" VPOS="1348" WIDTH="81" HEIGHT="28" WC="0.96" CONTENT="förslag"/><SP WIDTH="14" VPOS="1348" HPOS="452"/>
							<String ID="string_369" HPOS="466" VPOS="1349" WIDTH="23" HEIGHT="21" WC="0.93" CONTENT="af"/><SP WIDTH="14" VPOS="1349" HPOS="489"/>
							<String ID="string_370" HPOS="503" VPOS="1349" WIDTH="86" HEIGHT="21" WC="0.93" CONTENT="ständet"/><SP WIDTH="14" VPOS="1349" HPOS="589"/>
							<String ID="string_371" HPOS="603" VPOS="1348" WIDTH="127" HEIGHT="27" WC="0.92" CONTENT="förkastats;"/>
						</TextLine>
					</TextBlock>
					<TextBlock ID="block_10" HPOS="200" VPOS="1376" WIDTH="831" HEIGHT="170">
						<TextLine ID="line_43" HPOS="273" VPOS="1376" WIDTH="757" HEIGHT="28">
							<String ID="string_372" HPOS="273" VPOS="1379" WIDTH="33" HEIGHT="20" WC="0.91" CONTENT="att"/><SP WIDTH="18" VPOS="1379" HPOS="306"/>
							<String ID="string_373" HPOS="324" VPOS="1377" WIDTH="84" HEIGHT="22" WC="0.92" CONTENT="ständet"/><SP WIDTH="19" VPOS="1377" HPOS="408"/>
							<String ID="string_374" HPOS="427" VPOS="1378" WIDTH="36" HEIGHT="21" WC="0.93" CONTENT="vid"/><SP WIDTH="17" VPOS="1378" HPOS="463"/>
							<String ID="string_375" HPOS="480" VPOS="1376" WIDTH="160" HEIGHT="28" WC="0.91" CONTENT="handläggning"/><SP WIDTH="18" VPOS="1376" HPOS="640"/>
							<String ID="string_376" HPOS="658" VPOS="1376" WIDTH="23" HEIGHT="22" WC="0.93" CONTENT="af"/><SP WIDTH="18" VPOS="1376" HPOS="681"/>
							<String ID="string_377" HPOS="699" VPOS="1376" WIDTH="173" HEIGHT="24" WC="0.92" CONTENT="statsutskottets"/><SP WIDTH="22" VPOS="1376" HPOS="872"/>
							<String ID="string_378" HPOS="894" VPOS="1376" WIDTH="136" HEIGHT="23" WC="0.90" CONTENT="betänkande"/>
						</TextLine>
						<TextLine ID="line_44" HPOS="203" VPOS="1404" WIDTH="825" HEIGHT="28">
							<String ID="string_379" HPOS="203" VPOS="1410" WIDTH="35" HEIGHT="16" WC="0.95" CONTENT="n:o"/><SP WIDTH="19" VPOS="1410" HPOS="238"/>
							<String ID="string_380" HPOS="257" VPOS="1406" WIDTH="33" HEIGHT="26" WC="0.93" CONTENT="16,"/><SP WIDTH="15" VPOS="1406" HPOS="290"/>
							<String ID="string_381" HPOS="305" VPOS="1406" WIDTH="110" HEIGHT="26" WC="0.96" CONTENT="angående"/><SP WIDTH="15" VPOS="1406" HPOS="415"/>
							<String ID="string_382" HPOS="430" VPOS="1406" WIDTH="99" HEIGHT="26" WC="0.96" CONTENT="samtliga"/><SP WIDTH="15" VPOS="1406" HPOS="529"/>
							<String ID="string_383" HPOS="544" VPOS="1406" WIDTH="26" HEIGHT="20" WC="0.96" CONTENT="de"/><SP WIDTH="16" VPOS="1406" HPOS="570"/>
							<String ID="string_384" HPOS="586" VPOS="1405" WIDTH="35" HEIGHT="21" WC="0.93" CONTENT="vid"/><SP WIDTH="16" VPOS="1405" HPOS="621"/>
							<String ID="string_385" HPOS="637" VPOS="1405" WIDTH="129" HEIGHT="27" WC="0.91" CONTENT="landtdagen"/><SP WIDTH="19" VPOS="1405" HPOS="766"/>
							<String ID="string_386" HPOS="785" VPOS="1405" WIDTH="24" HEIGHT="21" WC="0.93" CONTENT="är"/><SP WIDTH="16" VPOS="1405" HPOS="809"/>
							<String ID="string_387" HPOS="825" VPOS="1405" WIDTH="56" HEIGHT="22" WC="0.93" CONTENT="1885"/><SP WIDTH="15" VPOS="1405" HPOS="881"/>
							<String ID="string_388" HPOS="896" VPOS="1404" WIDTH="80" HEIGHT="23" WC="0.92" CONTENT="äskade"/><SP WIDTH="15" VPOS="1404" HPOS="976"/>
							<String ID="string_389" HPOS="991" VPOS="1411" WIDTH="37" HEIGHT="17" WC="0.91" CONTENT="an-"/>
						</TextLine>
						<TextLine ID="line_45" HPOS="202" VPOS="1433" WIDTH="826" HEIGHT="28">
							<String ID="string_390" HPOS="202" VPOS="1433" WIDTH="48" HEIGHT="27" WC="0.94" CONTENT="slag"/><SP WIDTH="19" VPOS="1433" HPOS="250"/>
							<String ID="string_391" HPOS="269" VPOS="1434" WIDTH="38" HEIGHT="22" WC="0.93" CONTENT="och"/><SP WIDTH="19" VPOS="1434" HPOS="307"/>
							<String ID="string_392" HPOS="326" VPOS="1436" WIDTH="118" HEIGHT="25" WC="0.90" CONTENT="utvägarne"/><SP WIDTH="18" VPOS="1436" HPOS="444"/>
							<String ID="string_393" HPOS="462" VPOS="1435" WIDTH="32" HEIGHT="21" WC="0.96" CONTENT="till"/><SP WIDTH="20" VPOS="1435" HPOS="494"/>
							<String ID="string_394" HPOS="514" VPOS="1434" WIDTH="64" HEIGHT="22" WC="0.93" CONTENT="deras"/><SP WIDTH="14" VPOS="1434" HPOS="578"/>
							<String ID="string_395" HPOS="592" VPOS="1434" WIDTH="147" HEIGHT="26" WC="0.91" CONTENT="bestridande,"/><SP WIDTH="14" VPOS="1434" HPOS="739"/>
							<String ID="string_396" HPOS="753" VPOS="1433" WIDTH="96" HEIGHT="27" WC="0.89" CONTENT="godkänt"/><SP WIDTH="15" VPOS="1433" HPOS="849"/>
							<String ID="string_397" HPOS="864" VPOS="1434" WIDTH="164" HEIGHT="26" WC="0.89" CONTENT="ifrägavarande"/>
						</TextLine>
						<TextLine ID="line_46" HPOS="202" VPOS="1461" WIDTH="827" HEIGHT="29">
							<String ID="string_398" HPOS="202" VPOS="1461" WIDTH="136" HEIGHT="23" WC="0.92" CONTENT="betänkande"/><SP WIDTH="15" VPOS="1461" HPOS="338"/>
							<String ID="string_399" HPOS="353" VPOS="1463" WIDTH="7" HEIGHT="21" WC="0.94" CONTENT="i"/><SP WIDTH="15" VPOS="1463" HPOS="360"/>
							<String ID="string_400" HPOS="375" VPOS="1463" WIDTH="44" HEIGHT="21" WC="0.93" CONTENT="alla"/><SP WIDTH="14" VPOS="1463" HPOS="419"/>
							<String ID="string_401" HPOS="433" VPOS="1462" WIDTH="68" HEIGHT="28" WC="0.96" CONTENT="öfriga"/><SP WIDTH="15" VPOS="1462" HPOS="501"/>
							<String ID="string_402" HPOS="516" VPOS="1462" WIDTH="66" HEIGHT="26" WC="0.93" CONTENT="delar,"/><SP WIDTH="16" VPOS="1462" HPOS="582"/>
							<String ID="string_403" HPOS="598" VPOS="1463" WIDTH="58" HEIGHT="20" WC="0.96" CONTENT="utom"/><SP WIDTH="15" VPOS="1463" HPOS="656"/>
							<String ID="string_404" HPOS="671" VPOS="1462" WIDTH="56" HEIGHT="23" WC="0.93" CONTENT="hvad"/><SP WIDTH="16" VPOS="1462" HPOS="727"/>
							<String ID="string_405" HPOS="743" VPOS="1462" WIDTH="77" HEIGHT="26" WC="0.92" CONTENT="angick"/><SP WIDTH="10" VPOS="1462" HPOS="820"/>
							<String ID="string_406" HPOS="830" VPOS="1462" WIDTH="115" HEIGHT="23" WC="0.93" CONTENT="utskottets"/><SP WIDTH="11" VPOS="1462" HPOS="945"/>
							<String ID="string_407" HPOS="956" VPOS="1462" WIDTH="12" HEIGHT="20" WC="0.91" CONTENT="ä"/><SP WIDTH="10" VPOS="1462" HPOS="968"/>
							<String ID="string_408" HPOS="978" VPOS="1468" WIDTH="51" HEIGHT="20" WC="0.68" CONTENT="pag."/>
						</TextLine>
						<TextLine ID="line_47" HPOS="202" VPOS="1490" WIDTH="826" HEIGHT="29">
							<String ID="string_409" HPOS="202" VPOS="1490" WIDTH="28" HEIGHT="21" WC="0.93" CONTENT="21"/><SP WIDTH="17" VPOS="1490" HPOS="230"/>
							<String ID="string_410" HPOS="247" VPOS="1490" WIDTH="126" HEIGHT="23" WC="0.93" CONTENT="framstälda"/><SP WIDTH="19" VPOS="1490" HPOS="373"/>
							<String ID="string_411" HPOS="392" VPOS="1491" WIDTH="80" HEIGHT="28" WC="0.96" CONTENT="förslag"/><SP WIDTH="17" VPOS="1491" HPOS="472"/>
							<String ID="string_412" HPOS="489" VPOS="1492" WIDTH="34" HEIGHT="21" WC="0.93" CONTENT="till"/><SP WIDTH="20" VPOS="1492" HPOS="523"/>
							<String ID="string_413" HPOS="543" VPOS="1491" WIDTH="126" HEIGHT="22" WC="0.46" CONTENT="ständernas"/><SP WIDTH="19" VPOS="1491" HPOS="669"/>
							<String ID="string_414" HPOS="688" VPOS="1490" WIDTH="148" HEIGHT="27" WC="0.91" CONTENT="underdäniga"/><SP WIDTH="18" VPOS="1490" HPOS="836"/>
							<String ID="string_415" HPOS="854" VPOS="1496" WIDTH="49" HEIGHT="18" WC="0.93" CONTENT="svar"/><SP WIDTH="19" VPOS="1496" HPOS="903"/>
							<String ID="string_416" HPOS="922" VPOS="1490" WIDTH="13" HEIGHT="22" WC="0.87" CONTENT="ä"/><SP WIDTH="14" VPOS="1490" HPOS="935"/>
							<String ID="string_417" HPOS="949" VPOS="1490" WIDTH="79" HEIGHT="27" WC="0.96" CONTENT="nådiga"/>
						</TextLine>
						<TextLine ID="line_48" HPOS="200" VPOS="1518" WIDTH="831" HEIGHT="28">
							<String ID="string_418" HPOS="200" VPOS="1520" WIDTH="160" HEIGHT="26" WC="0.93" CONTENT="propositionen"/><SP WIDTH="23" VPOS="1520" HPOS="360"/>
							<String ID="string_419" HPOS="383" VPOS="1526" WIDTH="34" HEIGHT="16" WC="0.92" CONTENT="n:o"/><SP WIDTH="21" VPOS="1526" HPOS="417"/>
							<String ID="string_420" HPOS="438" VPOS="1521" WIDTH="27" HEIGHT="21" WC="0.96" CONTENT="27"/><SP WIDTH="24" VPOS="1521" HPOS="465"/>
							<String ID="string_421" HPOS="489" VPOS="1519" WIDTH="131" HEIGHT="23" WC="0.89" CONTENT="beträffande"/><SP WIDTH="18" VPOS="1519" HPOS="620"/>
							<String ID="string_422" HPOS="638" VPOS="1520" WIDTH="119" HEIGHT="26" WC="0.96" CONTENT="utgörande"/><SP WIDTH="20" VPOS="1520" HPOS="757"/>
							<String ID="string_423" HPOS="777" VPOS="1519" WIDTH="23" HEIGHT="22" WC="0.93" CONTENT="af"/><SP WIDTH="18" VPOS="1519" HPOS="800"/>
							<String ID="string_424" HPOS="818" VPOS="1518" WIDTH="213" HEIGHT="27" WC="0.73" CONTENT="inkomstbevillning"/>
						</TextLine>
					</TextBlock>
				</ComposedBlock>
			</PrintSpace>
		</Page>
	</Layout>
</alto>
