1103 2339
229 409 51 31 1298
493 410 99 32 Borgarest.
603 410 50 32 1885.
666 410 22 32 18
700 415 40 23 Maj.

207 482 92 28 igenom,
315 482 42 22 blir
372 483 38 21 der
425 484 66 26 ledigt
506 484 33 20 ett
553 483 80 27 belopp
648 483 23 21 af
684 483 93 26 800,000
791 483 68 26 mark,
874 482 82 22 hvilket
970 482 63 26 höjer

208 511 39 21 den
271 512 93 20 nämnda
383 518 94 15 summan
493 512 33 20 till
542 518 46 14 mer
603 513 27 19 än
645 512 114 25 2,000,000
774 510 68 22 mark.
873 511 44 21 Och
932 512 41 20 den
989 510 40 22 dif-

207 539 79 27 ferens,
309 546 46 14 som
377 540 37 21 det
435 540 22 21 af
476 540 51 21 herr
548 540 102 26 Eneberg
672 540 111 21 anmärkta
801 538 144 22 förhållandet
959 539 73 21 kunde

207 568 156 26 åstadkomma,
386 568 38 27 går
445 568 46 21 icke
513 574 44 21 upp
579 568 22 21 in
624 574 82 15 summa
721 568 33 21 till
769 567 50 21 fullt
834 568 114 25 2,000,000
962 566 66 27 mark,

208 597 51 20 utan
282 598 63 25 utgör
364 597 77 20 endast
462 596 115 26 1,800,000
599 597 54 20 eller
672 595 113 27 1,900,000
804 595 67 22 mark.
886 607 28 4 —
929 595 51 22 Men
991 595 39 27 jag

208 624 38 21 ber
257 625 32 20 att
303 624 22 21 få
340 624 84 27 påpeka
440 631 24 15 en
480 631 70 14 annan
567 624 39 21 sak
621 624 131 22 beträffande
767 623 107 22 ordinarie
889 624 140 21 statsfonden.

208 652 39 21 Om
266 653 21 20 vi
302 653 107 26 nemligen
424 659 23 15 se
461 653 33 21 till
510 653 55 21 huru
581 653 37 21 det
632 653 103 21 förhåller
749 652 33 27 sig
797 653 48 20 med
861 653 40 20 den
917 652 112 21 förskotts-

207 680 65 22 kassa
287 681 23 21 af
323 681 114 26 3,800,000
451 681 66 26 mark,
535 687 46 16 som
596 681 127 27 regeringen
738 680 57 27 gjort
810 681 93 26 anspråk
917 681 34 26 på,
966 681 24 20 så
1005 682 25 19 är

208 709 37 21 det
257 709 25 26 ju
297 715 27 16 en
339 709 111 27 möjlighet
465 711 32 20 att
511 710 41 21 den
568 709 36 21 vid
619 709 107 27 utgången
741 709 23 21 af
778 711 61 19 nästa
849 709 113 21 triennium
974 709 55 21 skall

207 737 73 22 kunna
302 737 109 22 behöfvas.
440 738 49 21 Men
512 738 89 27 mycken
616 737 136 22 sannolikhet
766 737 68 21 finnes
850 737 71 22 derför
936 737 53 21 icke.
1018 737 11 21 I

208 766 41 21 den
272 766 59 21 tablå
353 766 60 22 öfver
435 767 140 21 statsverkets
597 766 165 27 kassa-tillgång
785 766 40 21 den
850 766 52 21 sista
916 765 114 22 december

209 794 62 26 1884,
287 801 46 15 som
348 794 68 22 finnes
430 796 85 26 intagen
530 796 7 20 i
553 795 171 21 statsutskottets
738 794 135 22 betänkande
888 800 34 16 n:o
933 794 33 26 13,
976 800 53 20 upp-

208 824 62 26 tages
291 823 192 27 kassa-tillgången
505 824 7 20 i
535 824 44 21 alla
600 823 76 22 fonder
698 824 141 20 tillsammans
854 823 32 21 till
902 822 128 27 20,224,983

208 851 62 21 mark
293 852 11 20 1
327 852 70 27 penni.
426 852 56 21 Från
504 852 60 21 detta
585 852 77 26 belopp
685 852 38 21 bör
746 852 78 26 dragas
839 852 26 20 de
881 851 69 21 såsom
965 851 65 21 kassa

208 880 134 26 betraktade,
358 886 49 15 men
421 880 32 22 för
468 880 97 22 tillfället
579 880 40 21 hos
633 880 101 21 bankirer
749 880 6 21 i
766 880 99 21 utlandet
874 879 109 27 befintliga
994 880 35 20 be-

208 908 57 27 lopp,
288 908 73 21 hvilka
383 910 76 25 utgöra
480 909 7 21 i
502 909 65 21 rundt
581 909 31 21 tal
628 906 47 26 2'/2
690 908 98 27 miljoner
803 908 70 26 mark;
890 908 91 21 återstår
996 908 33 20 så-

208 936 66 22 lunda
290 937 127 26 17,700,000
431 937 60 21 mark
506 937 65 21 kassa
586 937 75 21 ultimo
672 937 113 21 december
798 937 61 21 1884.
888 936 83 26 Lägges
982 936 48 21 der-

208 964 33 22 till
257 965 148 27 bankvinsten,
421 971 45 15 som
481 965 137 27 naturligtvis
634 965 110 27 ingenting
759 967 66 19 annat
839 966 24 20 är
878 966 26 20 än
920 965 44 21 lika
978 964 52 27 godt

208 999 45 15 som
277 993 64 21 kassa
356 993 39 22 och
411 1000 44 14 som
471 994 75 21 ultimo
562 994 113 21 december
691 994 56 21 1884
761 993 92 27 uppgick
868 993 32 21 till
916 993 115 25 6,180,000

207 1021 7 21 i
236 1022 66 20 rundt
317 1022 38 25 tal,
370 1021 25 21 så
409 1022 98 26 utgjorde
522 1022 141 21 statsverkets
678 1022 64 21 kassa
757 1022 74 20 ultimo
848 1022 111 21 december
975 1021 55 21 1884

207 1049 62 21 öfver
290 1050 130 26 23,000,000
437 1050 66 22 mark.
533 1050 30 22 Af
583 1050 60 22 detta
664 1050 40 27 går
726 1050 135 26 naturligtvis
877 1050 83 27 mycket
974 1050 56 25 bort,

208 1078 39 21 och
263 1078 85 27 mycket
361 1078 96 22 kommer
472 1079 42 25 till;
531 1085 48 15 men
595 1079 37 21 det
647 1080 23 20 är
684 1079 47 21 icke
742 1078 109 22 sannolikt
860 1080 32 19 att
901 1078 129 21 statsverket

208 1106 35 21 vid
265 1106 108 27 utgången
389 1106 24 22 af
426 1108 61 20 nästa
501 1107 114 21 triennium
632 1107 54 21 skall
702 1114 51 14 vara
768 1107 25 21 så
807 1106 92 22 blottadt
913 1106 28 27 på
956 1106 26 22 de
997 1112 33 15 re-

208 1140 74 16 surser
297 1135 36 21 det
349 1141 27 15 nu
391 1136 46 25 har,
451 1137 32 19 att
493 1136 63 20 dessa
566 1136 115 25 3,800,000
691 1136 60 20 mark
761 1135 70 21 skulle
843 1135 91 21 behöfva
946 1135 85 21 komma

208 1163 6 21 i
237 1162 62 28 fråga
321 1164 32 20 att
375 1164 108 21 användas
506 1163 34 21 för
562 1164 37 21 det
617 1164 105 26 ändamål,
738 1163 87 21 hvarför
840 1164 26 20 de
881 1165 38 19 äro
934 1163 95 21 afsedda.

207 1191 68 21 Detta
289 1193 24 19 är
328 1192 116 26 yttermera
459 1198 26 15 en
500 1198 80 20 reserv,
596 1198 34 15 om
646 1194 26 19 än
688 1192 39 21 allt
742 1194 65 19 annat
823 1192 69 20 skulle
907 1192 33 20 slå
950 1191 36 26 fel,
996 1191 34 21 för

207 1221 32 19 att
253 1219 77 27 bringa
343 1220 106 26 budgeten
465 1222 32 19 att
511 1220 7 21 i
533 1220 44 22 alla
591 1220 38 21 fall
644 1220 27 27 gå
686 1221 6 20 i
708 1220 48 27 hop.

276 1248 42 26 Jag
332 1254 64 15 anser
411 1248 36 21 det
461 1248 72 22 derför
547 1248 82 27 knappt
644 1255 51 15 vara
710 1248 46 22 skäl
772 1250 33 19 att
819 1248 85 21 ståndet
915 1248 69 21 skulle
994 1248 36 21 be-

207 1276 58 21 sluta
287 1276 33 25 sig
343 1276 34 21 till
399 1276 66 27 några
479 1276 151 27 förändringar
648 1277 6 20 i
673 1276 172 21 statsutskottets
860 1276 147 27 beräkningar,
1022 1276 8 21 i

207 1304 116 27 synnerhet
345 1310 45 15 som
411 1305 20 20 vi
446 1304 63 21 hafva
523 1305 25 20 så
563 1305 49 21 kort
626 1305 31 21 tid
672 1311 52 20 qvar
739 1305 63 21 innan
819 1305 128 26 landtdagen
962 1305 68 20 slutar

207 1332 39 21 och
270 1332 27 21 då
319 1332 160 22 statsutskottet
502 1333 202 26 öfverhufvudtaget
726 1333 48 21 med
798 1333 24 21 så
835 1334 78 25 ytterst
928 1335 44 18 stor
987 1333 43 20 för-

207 1360 103 27 sigtighet
324 1360 47 27 gått
385 1361 88 26 tillväga
488 1361 35 21 vid
539 1362 147 25 uppgörandet
701 1361 23 21 af
738 1361 47 21 sina
800 1361 148 26 beräkningar.

276 1389 56 20 Herr
353 1388 165 27 Borgström:
540 1389 42 27 Jag
605 1389 37 22 vill
666 1390 52 21 blott
737 1389 109 26 anmärka,
865 1391 32 19 att
915 1389 7 21 i
937 1389 37 21 fall
990 1389 40 21 här

206 1416 116 21 förefinnas
341 1417 67 26 några
423 1417 79 22 sådana
517 1418 89 26 misstag
621 1418 7 21 i
643 1418 172 21 statsutskottets
829 1417 79 27 kalkyl,
924 1423 45 16 som
980 1417 50 21 herr

206 1444 99 27 Eneberg
321 1445 98 26 påpekat,
435 1445 24 22 så
473 1447 24 20 är
513 1446 36 21 det
559 1445 39 22 hos
613 1446 104 27 styrelsen
733 1452 46 15 som
794 1445 53 22 felet
861 1446 73 26 ligger.
950 1446 31 26 Ty
991 1445 40 22 här

206 1473 45 21 står
274 1473 78 27 tydligt
374 1474 6 20 i
405 1474 39 21 den
463 1474 23 21 af
499 1474 105 27 styrelsen
621 1475 32 20 till
669 1475 115 20 ständerna
799 1474 117 21 aflemnade
932 1474 98 27 approxi-

206 1501 81 22 mativa
310 1501 99 27 kalkylen
433 1504 31 19 att
482 1503 40 20 den
537 1502 104 22 kontanta
656 1502 117 27 tillgången
789 1502 70 21 blifvit
873 1504 108 25 upptagen
995 1502 34 21 till

205 1529 7 21 i
227 1529 38 22 det
280 1531 108 20 närmaste
405 1531 126 25 13,000,000
550 1531 61 20 mark
626 1531 39 21 och
681 1531 7 20 i
703 1531 172 21 statsutskottets
890 1531 140 20 relationsbe-

206 1557 107 22 tänkande
336 1560 106 25 upptager
463 1559 73 21 tablån
559 1559 142 27 obligationer
722 1559 34 21 till
772 1559 45 21 Fm.
833 1559 99 26 886,973:
946 1559 28 21 56
990 1559 39 21 och

205 1586 91 21 kontant
305 1586 18 22 &
333 1586 122 28 fordringar
464 1588 32 20 till
507 1588 46 20 Fm.
563 1588 133 26 12,133,799:
706 1588 36 26 66,
750 1594 83 14 summa
840 1588 45 20 Fm.
895 1588 135 26 13,020,773:

205 1615 34 21 22.
270 1614 75 27 Enligt
359 1615 44 21 min
418 1616 136 26 uppfattning
569 1617 24 20 är
603 1616 73 21 derför
687 1616 172 22 statsutskottets
870 1616 71 26 kalkyl
952 1616 6 20 i
970 1616 61 21 detta

204 1642 103 22 afseende
325 1642 131 28 fullkomligt
471 1644 98 26 befogad.

274 1671 56 21 Herr
351 1671 108 27 Nybom:
481 1672 51 21 Med
547 1672 115 27 anledning
676 1672 24 22 af
714 1674 51 20 herr
778 1672 137 27 Borgströms
930 1673 99 21 anmärk-

204 1700 58 26 ning,
277 1701 38 25 att,
331 1706 34 14 om
381 1700 37 22 det
432 1700 28 22 fel
476 1700 121 27 förefinnes,
613 1707 44 15 som
673 1701 50 21 herr
736 1701 100 27 Eneberg
851 1701 97 27 påpekat,
968 1702 61 21 detta

204 1728 47 22 icke
275 1730 82 20 ensamt
379 1730 62 21 torde
463 1730 51 21 bero
536 1730 29 27 på
587 1730 166 26 statsutskottet,
773 1731 51 19 utan
840 1730 104 21 måhända
959 1730 7 21 i
980 1730 49 21 icke

204 1757 121 27 oväsentlig
347 1757 49 21 mån
419 1758 58 27 ligga
491 1758 40 21 hos
546 1758 134 26 regeringen,
695 1758 96 22 derifrån
806 1758 107 22 utskottet
927 1759 39 20 har
981 1758 49 21 sina

204 1785 115 27 uppgifter,
335 1785 37 21 vill
385 1786 40 26 jag
439 1786 68 22 uttala
523 1786 40 22 den
578 1786 148 27 förhoppning,
742 1788 33 20 att
788 1786 59 21 detta
857 1786 105 22 måhända
972 1786 56 21 skall

204 1812 70 22 förmå
289 1814 126 26 regeringen
431 1816 32 20 att
477 1815 76 26 bringa
567 1815 32 21 sin
615 1814 113 27 bokföring
743 1815 7 21 i
766 1814 77 22 sådant
857 1814 65 27 skick,
939 1816 32 20 att
981 1814 48 21 icke
