1086 1717
376 120 92 23 Borgarest.
481 120 43 19 1885.
548 120 13 18 11
575 120 38 23 Maj.
839 120 44 17 1119

91 190 99 27 påminna
205 190 48 21 herr
268 190 110 22 Wasenius
395 190 72 22 derom
484 192 38 24 att,
538 190 71 21 såsom
625 190 36 21 det
671 189 103 27 framgick
784 188 23 22 af
816 189 35 20 det
861 188 49 21 bref

92 218 48 22 från
150 218 48 22 herr
210 218 102 27 Sjöström
323 218 80 22 hvilket
409 218 37 28 jag
454 219 107 27 uppläste,
572 218 53 22 hans
636 218 141 26 nedprutning
787 217 66 27 gäller
860 216 46 22 icke

91 247 75 21 endast
187 247 99 27 målning,
304 250 50 18 utan
369 247 62 21 äfven
446 247 52 27 golf,
514 248 45 20 inre
575 247 155 25 dekorationer,
746 245 162 23 snickeri-arbe-

91 278 34 18 ten
148 282 26 14 m.
193 282 27 14 m.
249 276 41 26 Jag
309 278 24 19 är
347 275 49 22 fullt
410 282 51 16 ense
477 276 48 21 med
541 276 50 20 herr
605 276 112 20 Wasenius
733 275 71 21 derom
820 276 36 24 att,
872 280 33 14 om

92 310 46 14 man
160 303 77 22 fixerar
259 310 25 15 en
307 310 81 15 summa
409 304 23 22 af
451 304 40 24 1'/2
506 304 73 26 miljon
595 304 33 21 för
643 306 32 19 att
691 304 86 21 dermed
792 302 69 22 utföra
876 304 31 19 ett

91 332 45 26 hus,
159 338 44 16 som
225 339 46 15 man
287 333 113 21 benämner
416 333 134 25 ständerhus,
567 332 24 22 så
607 332 92 22 erhåller
714 338 46 15 man
777 334 30 19 ett
821 331 84 26 sådant;

93 367 46 15 men
161 361 103 21 huruvida
287 361 35 21 det
340 361 120 27 inrymmer,
477 361 55 21 hvad
548 363 31 19 ett
594 361 127 21 ständerhus
736 360 53 22 skall
804 361 102 26 inrymma

92 389 52 21 eller
166 396 36 15 ens
224 390 6 21 i
253 390 77 21 minsta
349 390 47 21 mån
412 392 120 19 motsvarar
547 390 38 21 sitt
599 389 106 27 ändamål,
721 390 36 20 det
771 391 24 19 är
810 395 25 15 en
850 388 55 22 skild

92 418 47 26 sak;
155 418 70 22 derför
239 418 58 22 hålla
308 419 25 21 de
344 418 22 21 af
374 418 50 21 herr
435 418 114 22 Wasenius
559 418 95 21 uttalade
665 418 240 27 byggnadsprinciperna

91 446 67 22 heller
180 448 88 20 alldeles
290 446 46 22 icke
360 447 76 21 streck.
466 447 42 27 Jag
530 447 37 21 vill
583 447 26 27 gå
624 446 49 22 fullt
688 446 64 27 ärligt
766 446 86 26 tillväga
867 445 38 21 och

89 475 37 27 jag
141 476 65 26 begär
221 475 71 21 derför
306 476 40 25 2'/4
362 476 78 26 miljon,
457 477 23 25 ty
493 476 37 26 jag
545 477 45 19 tror
605 477 32 19 att
648 476 47 20 med
707 481 25 15 en
743 475 42 21 viss
795 473 112 23 inskränk-

91 504 51 26 ning
163 504 62 21 huset
246 504 85 21 dermed
355 504 54 21 skall
432 504 74 21 kunna
524 504 106 27 uppföras.
659 504 42 26 Jag
716 504 35 20 vill
767 504 45 20 icke
827 503 80 26 begära

92 532 86 26 mindre,
194 532 32 21 för
242 534 30 19 att
287 539 74 15 senare
375 533 126 27 ytterligare
516 533 69 21 måsta
595 532 86 21 anhålla
692 538 34 15 om
737 532 64 21 ökadt
811 531 80 26 anslag.

159 560 54 22 Herr
232 560 150 28 Malmgren:
404 561 34 21 Då
453 561 203 27 ständerhusfrågan
672 562 72 20 senast
758 566 37 15 var
809 560 52 25 före,
876 559 30 21 bi-

93 590 51 26 drog
157 589 37 27 jag
209 590 47 20 med
272 590 42 20 min
329 592 45 19 röst
389 590 33 20 till
438 591 32 20 att
485 590 129 21 understöda
630 589 168 22 statsutskottets
814 588 27 21 då
851 588 56 21 före-

92 618 97 26 liggande
212 618 86 27 förslag,
321 618 66 22 ehuru
407 618 38 27 jag
461 618 103 22 stannade
580 618 6 21 i
602 618 141 21 minoriteten.
772 618 41 26 Jag
828 617 79 21 känner

93 648 30 20 ett
137 646 65 21 behof
215 648 31 19 att
260 647 32 21 till
308 647 129 27 protokollet
452 646 22 22 få
490 647 67 21 uttala
573 647 58 21 detta
646 646 108 22 äfvensom
770 648 30 19 att
808 646 37 27 jag
855 644 53 22 fort-

92 675 86 21 farande
200 675 23 21 af
244 675 139 27 öfvertygelse
406 675 102 22 omfattar
523 682 81 14 samma
619 676 90 26 mening.
738 675 11 21 I
764 675 68 21 denna
846 673 61 27 fråga

92 705 24 20 är
138 704 122 21 ständernas
283 704 110 26 värdighet
414 704 68 21 redan
497 704 28 27 på
540 704 36 21 det
591 704 97 27 djupaste
704 703 128 27 engagerad:
848 704 59 26 ,post

91 732 70 21 varios
176 732 71 21 casus*
262 732 63 21 hafva
340 733 114 21 ständerna
470 733 104 26 enhälligt
588 732 46 21 icke
650 732 55 21 blott
720 732 138 21 öfverlemnat
868 730 38 21 full

92 760 124 22 beslutande
238 762 42 20 rätt
303 761 21 21 åt
347 768 24 14 en
395 761 128 26 delegation,
543 762 49 20 utan
609 761 38 21 ock
664 761 47 21 låtit
726 760 114 22 monarken
855 759 51 21 fast-

93 789 62 21 ställa
177 790 57 20 detta
256 790 38 20 sitt
315 790 75 20 beslut.
420 790 39 20 Att
481 790 68 20 under
571 789 80 21 sådana
668 789 179 27 omständigheter
862 788 45 20 åter

92 818 105 26 upphäfva
211 818 54 20 hvad
281 820 83 19 senaste
379 818 103 26 landtdag
498 818 88 21 beslutit
601 824 62 15 anser
676 818 37 26 jag
728 818 46 21 icke
788 816 117 26 tillbörligt.

92 845 41 28 Jag
147 852 62 15 anser
224 846 36 22 det
274 846 33 21 för
322 846 41 21 min
379 847 35 21 del
429 846 48 22 icke
492 846 68 22 heller
575 847 111 26 passande,
702 858 27 4 —
744 846 28 21 då
786 846 20 21 vi
816 845 45 21 helt
871 850 37 21 ny-

92 874 56 27 ligen
163 875 86 27 beviljat
265 875 25 21 18
306 875 96 27 miljoner
418 875 34 21 för
469 875 37 21 vår
523 875 150 27 värnepligtige
689 875 65 25 armé,
768 876 51 20 utan
830 875 30 19 att
871 873 37 21 nå-

93 909 40 21 gon
148 904 53 20 enda
216 905 45 19 röst
276 904 45 26 höjt
335 904 32 26 sig
382 906 44 19 mot
441 910 25 15 en
483 904 25 20 så
523 904 94 26 betydlig
634 904 69 26 utgift,
722 904 38 21 och
771 903 26 21 då
808 903 19 20 vi
838 902 68 20 känna

93 933 31 19 att
146 932 122 26 regeringen
291 932 65 27 byggt
378 933 102 21 kaserner
498 932 33 21 för
546 932 26 21 de
587 932 153 27 värnepligtige
756 932 151 26 bataljonerna,

93 966 44 15 som
152 960 70 21 kostat
238 960 58 22 öfver
311 962 13 20 2
340 961 96 27 miljoner
452 972 26 5 —
496 962 32 20 att
541 960 40 22 här
595 961 87 21 knussla
692 961 48 21 med
751 960 65 26 nägra
826 959 81 21 hundra

93 988 91 22 tusental
199 989 65 26 mark,
281 991 31 19 att
327 991 65 25 vägra
408 996 24 15 en
450 990 113 26 anständig
578 990 97 26 byggnad
692 990 32 20 för
739 989 82 21 landets
836 994 71 20 repre-

93 1018 111 25 sentation,
220 1018 32 20 för
266 1018 39 21 den
322 1020 119 25 statsmagt,
452 1018 86 21 förutan
549 1018 84 21 hvilken
645 1018 58 26 lagar
714 1018 38 20 här
762 1018 7 20 i
778 1016 72 22 landet
860 1016 47 21 icke

92 1045 69 21 kunna
184 1046 74 21 stiftas.
288 1046 41 27 Jag
344 1046 95 22 kommer
454 1048 33 19 att
502 1046 34 21 vid
552 1046 39 22 den
607 1047 117 20 stundande
740 1045 122 26 voteringen
877 1044 30 21 bi-

93 1074 60 21 träda
175 1074 53 22 först
250 1075 49 21 herr
322 1075 113 27 Tallqvists
455 1074 81 27 förslag
551 1081 34 15 om
600 1075 39 22 2'/4
654 1075 97 27 miljoner
766 1074 59 22 mark
840 1073 45 26 och,
900 1073 7 21 i

93 1102 99 22 händelse
208 1103 58 21 detta
281 1103 80 27 förslag
376 1104 69 26 faller,
462 1104 322 26 sammanjemkningsförslaget.

159 1131 55 21 Herr
229 1132 139 21 Rosenius:
390 1132 42 21 För
447 1132 44 21 min
507 1132 34 21 del
557 1138 62 15 anser
631 1132 37 27 jag
684 1132 36 21 det
734 1132 107 26 verkligen
857 1136 51 15 vara

93 1159 135 27 oförsvarligt
250 1162 36 25 att,
309 1161 7 20 i
338 1161 36 21 det
396 1161 48 26 läge
460 1161 70 21 denna
544 1160 60 27 fräga
619 1167 27 15 nu
663 1160 93 22 befinner
771 1160 38 26 sig,
824 1159 85 21 biträda

93 1188 36 22 det
151 1189 301 27 sammanjemkningsförslag,
476 1195 46 15 som
544 1189 39 21 här
605 1189 121 27 föreligger.
755 1188 91 26 Enhvar,
862 1193 44 15 som

91 1217 48 21 litet
161 1216 65 22 lefvat
241 1218 31 26 sig
287 1218 21 20 in
323 1218 6 20 i
346 1218 68 20 denna
429 1218 69 26 fräga,
514 1218 54 20 skall
584 1218 33 20 väl
634 1217 105 27 medgifva
754 1219 36 23 att,
806 1216 24 21 sä
845 1216 61 26 länge

92 1246 39 20 den
154 1246 119 21 nuvarande
296 1246 276 27 ständerhusdelegationen
591 1246 33 21 fär
639 1246 106 21 bibehälla
760 1246 37 21 sitt
812 1245 96 27 uppdrag

91 1274 38 21 och
152 1274 23 20 sä
199 1274 60 27 länge
283 1275 39 21 den
345 1274 112 22 vidblifver
481 1275 32 21 sin
536 1275 49 26 plan
601 1277 30 18 att
646 1275 27 26 pä
689 1274 218 25 Observatoriiberget

91 1302 88 27 uppföra
198 1303 36 20 det
250 1303 148 27 projekterade
414 1303 71 25 huset,
502 1303 24 21 sä
540 1303 61 27 länge
617 1305 23 19 är
656 1304 59 20 detta
728 1302 178 26 tillskottsanslag

91 1330 22 21 af
133 1330 91 26 800,000
243 1332 58 20 mark
320 1332 46 20 icke
381 1332 134 26 tillräckligt.
544 1332 41 26 Jag
599 1332 39 20 har
653 1332 46 20 frän
715 1332 73 26 början
803 1330 49 28 hyst
867 1330 40 20 den

91 1358 60 27 äsigt,
167 1361 31 19 att
214 1360 156 26 delegationens
386 1362 58 19 stora
460 1360 29 21 fel
505 1360 80 21 bestätt
599 1360 52 26 deri,
667 1362 30 19 att
713 1360 39 21 den
768 1359 138 25 ovilkorligen

91 1386 60 22 äflats
166 1389 31 19 att
211 1388 122 26 genomföra
350 1388 32 21 sin
397 1388 65 22 tanke
476 1391 31 19 att
518 1389 68 26 bygga
597 1390 30 20 ett
637 1388 39 21 hus
687 1388 32 22 för
730 1388 42 21 alla
782 1388 46 27 fyra
839 1386 68 22 ständ.

90 1416 91 25 Enhvar,
197 1422 44 15 som
257 1417 47 21 med
319 1417 57 21 helst
390 1417 48 21 litet
454 1419 69 25 öppen
539 1417 56 21 blick
609 1417 62 27 följer
682 1417 47 21 med
740 1415 166 25 förhällandena,

91 1444 54 22 skall
164 1444 33 20 väl
216 1445 51 26 inse,
282 1447 32 19 att
329 1445 150 27 ridderskapet
495 1446 39 20 och
549 1446 62 20 adeln
625 1445 93 21 hvarken
734 1452 28 14 nu
777 1444 52 22 eller
844 1443 64 21 fram-

91 1473 64 25 deles,
171 1472 23 21 sä
209 1472 61 27 länge
285 1474 40 20 den
341 1480 49 20 eger
406 1474 233 27 representationsrätt,
654 1474 95 20 kommer
764 1474 31 20 att
808 1471 57 21 finna
875 1472 32 26 sig

90 1501 116 21 föranläten
222 1503 32 19 att
268 1502 116 26 öfvergifva
401 1502 37 21 sitt
455 1502 119 21 riddarhus.
604 1502 42 21 Det
660 1508 38 15 var
712 1502 33 20 till
760 1508 26 15 en
800 1500 107 27 beklaglig

90 1529 151 27 förevändning
256 1530 145 26 delegationen
418 1531 124 21 sedermera
555 1533 36 24 tog
603 1531 31 20 sin
645 1530 92 27 tillflykt,
748 1530 27 21 dä
786 1530 123 20 densamma
