1089 1720
357 108 94 23 Borgarest.
462 108 44 20 1885.
529 109 19 19 19
560 109 39 22 Maj.
821 108 45 18 1297

65 176 35 22 Då
119 176 36 22 det
169 177 109 21 dessutom
293 177 71 22 blifvit
378 178 94 26 upplyst,
488 179 32 20 att
533 178 95 26 400,000
643 177 61 21 mark
719 177 66 21 redan
801 178 37 19 äro
853 182 37 15 an-

65 206 70 20 vända
157 204 33 21 till
212 205 82 22 inlösen
317 206 23 21 af
353 206 81 26 Harjus
454 206 173 26 donationsgods,
643 206 40 21 och
696 205 38 27 jag
748 205 33 21 för
796 205 43 21 min
854 204 35 21 del

59 234 54 21 icke
135 233 41 21 kan
199 232 57 22 finna
277 234 37 21 det
328 234 34 21 för
377 234 86 27 mycket
477 236 32 20 att
524 234 60 21 anslå
599 234 34 21 för
648 234 139 21 oförutsedda
802 232 89 28 utgifter

66 268 26 15 en
115 268 83 15 summa
220 261 23 21 af
259 262 93 27 400,000
374 262 68 26 mark,
458 262 25 22 så
497 263 66 21 borde
579 262 68 27 enligt
665 262 40 21 min
722 262 55 26 åsigt
791 262 47 20 från
854 261 37 21 det

66 290 85 27 belopp,
177 290 114 26 5,500,000
315 291 68 26 mark,
406 297 46 15 som
475 290 162 22 statsutskottet
659 290 105 22 beräknat
784 296 52 15 vara
858 290 33 21 att

64 320 84 19 emotse
174 318 70 21 såsom
270 318 124 28 behållning
416 319 24 21 af
461 319 278 26 öfverskottsstatsmedlen,
763 318 127 22 åtminstone

66 346 64 21 dessa
155 346 55 22 båda
234 347 84 27 belopp,
344 348 92 26 800,000
462 348 39 20 och
525 348 94 25 400,000
643 347 67 27 mark,
734 347 53 21 eller
808 352 82 16 summa

68 375 112 26 1,200,000
202 375 61 21 mark
278 375 107 23 afräknas.
415 376 11 21 I
441 376 76 20 sådant
532 376 38 21 fall
585 376 70 20 skulle
671 375 82 22 återstå
767 377 31 20 ett
812 375 78 27 belopp

66 402 24 22 af
103 403 114 27 4,300,000
232 403 66 21 mark.
327 404 43 21 För
385 404 154 27 Björneborgs-
555 404 39 21 och
610 404 177 21 Kotka-banorna
803 404 39 20 bör
856 409 34 15 re-

67 437 97 16 serveras
183 432 114 26 3,000,000
315 432 67 21 mark.
413 432 70 21 Alltså
497 434 94 19 resterar
608 433 113 25 1,300,000
736 432 69 21 såsom
820 431 70 22 öfver-

66 459 65 22 skott.
161 460 45 21 Och
222 460 27 21 då
263 460 61 27 fråga
338 461 117 26 föreligger
470 467 33 14 om
519 463 31 18 att
560 460 168 27 telegrafverket
738 460 53 21 skall
809 460 81 21 inlösas

66 487 35 22 för
122 488 140 21 statsverkets
284 489 98 26 räkning,
406 489 24 21 så
452 489 69 27 torde,
537 490 7 20 i
560 489 38 21 fall
615 489 24 21 så
654 489 70 21 blefve
740 489 149 25 förhållandet,

66 516 111 27 ingenting
195 517 67 21 blifva
277 517 59 21 öfver
351 517 23 21 af
388 518 63 20 dessa
466 518 33 21 till
515 518 14 21 5
539 518 23 28 !/2
577 517 100 27 miljoner
693 517 60 21 mark
769 517 121 21 beräknade

67 544 263 28 öfverskottsstatsmedel,
346 547 51 19 utan
412 547 92 20 tvärtom
519 546 69 26 någon
600 546 55 20 brist
664 546 84 26 uppstå.
773 546 56 20 Herr
839 545 51 21 Hei-

66 572 36 22 kel
117 573 40 21 har
171 573 125 27 visserligen
312 576 54 24 sagt,
382 576 32 18 att
429 574 37 21 det
481 574 121 26 antagligen
618 574 97 21 kommer
725 576 32 18 att
767 573 77 27 uppstå
854 573 36 21 be-

67 601 78 27 tydligt
170 608 45 14 mer
238 604 25 18 än
286 602 114 26 2,000,000
422 603 61 20 mark
507 602 201 22 öfverskottsmedel
730 602 31 21 uti
783 602 107 21 allmänna

67 630 133 21 statsfonden
216 630 34 21 för
265 630 23 21 år
305 630 61 22 1885.
396 631 50 21 Men
462 637 33 15 om
512 631 59 21 detta
585 631 56 21 hade
656 631 57 20 varit
727 631 40 20 den
783 630 107 21 allmänna

66 658 84 26 åsigten
172 659 56 20 inom
252 658 166 27 statsutskottet,
434 659 56 21 hade
504 660 106 20 utskottet
624 659 49 21 bort
688 660 73 25 intaga
775 659 7 21 i
798 658 31 21 sin
845 658 46 20 kal-

66 686 37 27 kyl
127 687 37 20 det
182 687 84 27 belopp,
282 693 46 15 som
344 688 161 20 statsutskottet
519 687 106 21 beräknat
639 689 32 19 att
686 687 67 21 borde
767 687 56 26 ingå.
853 687 39 21 Att

67 720 29 15 nu
119 715 39 21 här
179 717 94 25 upptaga
295 715 142 22 öfverskottet
451 716 34 21 till
501 716 114 26 2,000,000
631 716 68 25 mark,
715 716 28 20 då
757 721 47 15 man
820 717 24 19 är
860 714 32 22 öf-

67 744 103 26 vertygad
186 750 33 14 om
236 745 31 19 att
282 744 114 26 5,000,000
411 744 62 21 skola
484 744 70 21 såsom
565 743 255 22 öfverskottsstatsmedel
831 743 60 21 kom-

67 777 36 15 ma
118 774 32 18 att
164 772 121 26 förefinnas,
300 778 63 15 anser
376 772 38 27 jag
428 772 48 22 icke
491 779 51 14 vara
557 772 80 27 rigtigt,
654 772 39 21 och
709 778 62 15 anser
785 772 47 21 icke
846 772 45 20 hel-

68 800 33 20 ler
123 802 32 19 att
177 800 86 21 ståndet
276 800 28 27 på
326 807 25 14 en
374 801 66 21 sådan
464 801 117 26 beräkning
593 800 42 22 kan
651 801 63 21 stöda
729 801 38 21 sitt
781 800 111 21 uttalande

68 834 35 15 om
125 828 221 27 finansberäkningen.
375 829 42 27 Jag
438 831 48 19 tror
507 829 48 21 icke
577 831 32 19 att
628 830 41 20 den
685 829 62 26 form,
763 835 45 15 som
824 835 28 14 nu
867 830 25 19 är

68 856 49 21 vald
133 856 24 21 af
170 857 166 26 statsutskottet,
351 859 24 18 är
391 858 40 20 den
447 858 142 26 lämpligaste,
605 858 25 20 så
644 858 7 20 i
667 858 43 20 allo
716 857 37 27 jag
765 857 51 26 eljes
828 857 64 26 gillar

67 886 34 19 att
123 885 114 21 ständerna
259 885 47 21 icke
329 885 52 21 böra
404 886 64 26 åtaga
491 886 32 26 sig
538 885 69 27 någon
624 886 117 26 bevillning
755 885 85 21 utöfver
855 885 37 21 det

69 913 84 26 belopp,
176 919 45 15 som
244 913 84 22 utöfver
350 914 26 21 de
398 915 107 20 ordinarie
524 914 147 21 inkomsterna
685 916 25 19 är
725 914 74 26 nödigt
813 913 33 21 för
861 914 32 20 att

67 941 64 21 täcka
153 941 26 21 de
202 942 157 27 oundgängliga
381 943 178 26 statsutgifterne.
590 943 43 20 Det
655 945 24 18 är
695 944 31 19 ett
740 943 49 25 mål,
805 941 87 22 hvartill

68 969 21 21 vi
112 970 43 21 alla
176 970 69 21 måste
268 970 86 21 sträfva.
383 971 32 20 På
437 971 70 21 denna
529 971 68 26 grund
613 971 38 21 ber
663 971 38 26 jag
716 971 21 20 få
752 970 85 25 föreslå,
854 971 38 24 att,

67 998 65 20 innan
148 999 66 25 något
228 999 72 20 vidare
315 999 71 20 beslut
400 999 72 26 fattas,
489 1000 63 20 dessa
567 999 172 21 statsutskottets
751 999 141 25 beräkningar

67 1026 68 21 måtte
157 1026 168 22 återremitteras
340 1027 34 21 till
390 1028 161 20 statsutskottet
565 1027 34 21 för
614 1029 32 19 att
661 1027 60 21 detta
735 1027 35 20 må
784 1026 108 21 inkomma

69 1055 47 20 med
133 1061 25 14 en
173 1055 123 21 rektifierad
312 1055 84 27 uppgift
411 1056 59 20 öfver
486 1056 27 21 de
528 1056 122 21 beräknade
667 1055 151 21 öfverskotten.

137 1083 57 21 Herr
215 1084 105 26 Nybom:
345 1083 39 21 Om
408 1084 26 21 de
450 1084 24 20 af
487 1084 50 21 herr
551 1084 100 26 Eneberg
667 1084 76 26 gjorda
757 1082 135 22 anmärknin-

66 1117 69 21 garna
157 1112 70 21 skulle
246 1118 51 15 vara
312 1112 6 20 i
334 1112 42 21 allo
393 1112 85 27 rigtiga,
495 1112 70 22 såsom
581 1112 26 21 de
623 1112 106 21 måhända
743 1112 30 20 uti
789 1112 26 20 de
830 1110 63 22 flesta

67 1140 93 26 punkter
175 1142 44 24 äro,
235 1140 38 21 och
289 1146 33 15 om
338 1142 82 19 statens
434 1140 91 26 utgifter
539 1141 69 21 under
621 1142 62 19 nästa
693 1140 114 21 triennium
822 1140 70 20 skulle

68 1168 86 21 komma
176 1170 32 19 att
229 1168 71 27 uppgå
321 1169 33 20 till
377 1169 37 21 det
431 1169 78 26 högsta
525 1169 92 27 möjliga,
633 1175 46 15 som
695 1169 39 20 här
749 1170 24 19 är
787 1174 105 21 suppone-

69 1196 54 26 radt,
139 1196 39 21 och
194 1198 124 25 regeringen
334 1197 47 21 icke
396 1197 70 21 skulle
482 1198 71 20 kunna
568 1198 95 26 iakttaga
674 1197 64 27 nödig
749 1196 143 28 sparsamhet;

67 1230 36 16 om
122 1225 73 20 vidare
211 1226 144 20 inkomsterna
370 1225 46 21 icke
432 1226 70 21 skulle
517 1226 56 26 stiga
587 1226 50 21 hela
651 1226 70 26 hopen
736 1225 83 21 utöfver
836 1224 56 21 hvad

67 1253 162 21 statsutskottet
250 1254 111 26 beräknat,
377 1254 39 20 och
432 1254 70 20 såsom
518 1255 47 20 med
582 1254 40 21 allt
636 1254 47 20 skäl
698 1254 43 20 kan
756 1256 89 24 antagas
861 1254 32 19 att

68 1281 28 20 de
119 1281 61 21 skola
201 1284 59 24 göra,
284 1288 40 20 om,
347 1284 62 24 säger
422 1282 44 27 jag,
482 1282 62 21 äfven
561 1282 43 21 alla
619 1282 63 21 dessa
697 1287 137 22 ogynsamma
849 1280 44 21 för-

68 1309 115 21 hållanden
206 1310 110 27 samtidigt
334 1310 70 21 skulle
419 1310 92 26 inträffa,
528 1311 24 20 så
567 1311 70 20 skulle
652 1310 172 21 statsutskottets
839 1309 53 20 bud-

68 1337 118 26 getförslag
196 1338 82 21 ändock
289 1339 46 20 icke
346 1339 6 20 i
363 1339 69 26 någon
445 1339 118 20 nämnvärd
573 1339 48 20 mån
633 1339 135 26 derangeras.
787 1338 31 27 Ty
829 1339 64 19 stats-

68 1365 117 21 utskottets
209 1367 161 26 budgetförslag
392 1367 58 21 visar
473 1369 32 19 ett
527 1367 118 21 öfverskott
663 1367 23 20 af
704 1367 112 26 1,269,000
831 1365 62 21 mark

68 1394 33 20 uti
123 1393 125 22 inkomster.
278 1395 77 21 Dertill
379 1395 96 21 kommer
498 1395 98 26 anslaget
613 1395 34 21 för
661 1395 169 26 Viborgsbanan,
847 1399 46 15 som

69 1421 47 22 från
131 1421 127 27 utgiftsidan
274 1423 68 27 utgår,
358 1423 65 21 sedan
439 1424 71 21 denna
525 1424 55 20 bana
594 1423 71 21 blifvit
679 1423 24 21 af
719 1423 115 20 ständerna
851 1421 43 21 för-

68 1450 85 26 kastad,
176 1450 137 27 hvarigenom
333 1451 227 22 öfverskottssumman
580 1451 52 22 ökas
654 1451 33 21 till
703 1457 26 15 en
745 1451 72 26 miljon
832 1451 34 19 tre
882 1449 12 21 å

69 1479 48 26 fyra
137 1478 85 21 hundra
243 1482 61 18 tusen
327 1479 67 21 mark.
424 1479 48 27 Om,
491 1480 70 20 såsom
577 1482 73 24 tyvärr
664 1479 85 27 mycket
764 1478 84 27 möjligt
862 1479 32 25 är,

68 1506 100 27 anslaget
189 1506 35 21 för
246 1508 151 21 ständerhuset
410 1508 8 20 i
434 1508 36 21 det
485 1508 118 21 förstärkta
618 1507 161 24 statsutskottet
793 1505 47 23 icke
855 1506 39 26 går

802 1544 23 20 82
