1092 1723
437 103 77 34 1-Agril.
811 107 58 20 KOHI

64 178 30 26 af
106 178 137 28 regeringens
258 177 129 24 medverkan
403 177 117 23 bestämma
534 177 7 21 i
555 176 83 28 frågan,
654 176 47 22 icke
711 176 39 23 bör
761 182 61 17 anses
833 181 59 19 mera

65 213 91 24 -bunden
171 214 26 19 än
212 212 40 24 jen
268 211 96 28 tydligen
377 211 43 24 kan
440 212 100 26 uppvisas
556 217 61 18 vara.
651 211 45 23 Min
711 211 135 27 uppfattning
861 211 30 24 är,

64 249 39 21 att
118 246 68 27 någon
202 246 71 22 :sådan
292 248 78 25 vägran
390 245 171 24 konstitutionelt
580 246 46 22 icke
642 246 55 24 varit
712 245 79 27 möjlig,
807 246 22 26 ty
843 244 49 23 der-

70 281 88 21 utinnan
173 282 24 19 är
209 280 38 28 jag
265 286 51 15 ense
335 280 47 21 med
401 280 109 26 professor
528 280 124 26 Danielson,
666 281 38 22 .att
721 286 26 15 en
767 278 125 28 grundlage-

65 314 109 27 tolkning,
190 320 45 17 som
251 314 109 22 omfattats
373 314 27 22 af
410 316 78 25 regent
501 314 40 21 och
555 314 96 26 ständer,
662 320 25 18 en
699 313 102 27 tolkning,
811 318 45 18 som
869 311 24 22 så

66 348 67 27 dänge
149 348 57 28 gjort
218 348 34 27 sig
266 348 102 27 gällande
384 348 37 22 :och
438 348 73 23 vunnit
525 354 28 19 en
569 348 58 26 slags
643 348 58 26 häfd,
717 348 46 24 icke
778 347 43 25 kan
835 346 57 25 frän-

66 382 43 28 gås
123 385 52 20 utan
191 385 30 20 ett
236 382 125 27 uttryckligt
376 382 166 27 grundlagsbud.
563 382 42 24 Det
620 384 25 20 är
659 382 78 26 derför,
753 388 45 17 som
807 380 86 28 jag.fin-

68 410 40 37 mer
124 417 37 23 det
176 417 24 24 så
217 417 65 26 högst
301 416 100 27 önskligt,
416 418 36 22 att
470 417 20 23 vi
509 416 70 24 kunde
599 416 85 24 komma
701 416 34 22 till
754 422 25 15 en
800 414 93 27 verkligt

71 451 59 27 lojal,
143 451 56 24 allas
214 451 133 26 berättigade
362 451 105 24 intressen
486 451 170 26 tillgodoseende
675 451 84 26 lösning
773 449 24 24 af
807 449 84 26 frågan.

68 486 44 26 Jag
134 486 131 21 misströstar
287 485 130 27 fullkomligt
439 486 79 26 derom,
538 491 48 19 men
604 485 37 27 jag
657 485 41 25 har
715 485 59 22 velat
789 483 58 26 inför
861 489 31 20 er,

66 520 61 21 mine
142 520 80 26 herrar,
238 519 40 22 och
293 519 55 22 inför
363 519 73 22 landet
450 520 65 27 ärligt
534 520 40 24 och
590 521 64 26 öppet
668 519 69 22 uttala
747 519 31 22 de
793 517 99 28 grunder,

65 554 34 27 på
114 554 71 23 hvilka
198 554 37 27 jag
252 560 63 17 anser
333 555 33 20 att
384 560 26 16 en
430 553 125 28 förändring
573 553 23 24 af
610 553 39 23 det
662 553 122 26 rättsskick,
800 558 45 16 som
860 553 33 23 ut-

68 589 72 21 bildat
150 589 36 26 sig
200 589 7 21 i
223 588 139 23 förevarande
376 588 110 27 afseende,
501 589 46 22 ieke
563 589 41 22 kan
621 588 40 23 och
672 588 50 24 ieke
737 588 39 21 bör
791 593 39 21 ega
846 592 47 18 rum

66 625 56 21 aten
138 623 146 26 lagstiftarens
297 623 137 24 medverkan.

139 657 57 24 Herr
219 657 143 22 Snellman:
374 657 14 21 I
398 657 119 27 anledning
536 657 23 22 af
572 657 109 27 professor
696 656 127 22 Danielsons
837 632 58 55 utta-

66 691 74 27 lande,
163 693 33 20 att
216 691 41 22 han
276 691 33 22 för
322 691 34 21 sin
366 691 40 22 del
422 697 50 17 vore
487 691 70 28 färdig
572 694 32 20 att
618 693 59 23 rösta
691 691 34 21 för
738 697 27 15 en
779 695 78 20 census
868 688 27 27 af

69 726 45 23 800
136 725 60 24 mark
214 726 48 21 med
277 732 27 15 en
320 727 56 20 rösts
390 725 115 28 tillökning
516 726 38 21 för
569 726 73 27 hwarje
651 726 50 25 500
715 725 72 23 marks
801 724 93 23 inkomst

68 760 59 25 ända
145 760 37 23 till
201 760 36 21 det
248 760 82 27 högsta
344 760 84 23 tillåtna
444 761 95 26 röstetal,
556 759 189 28 representerande
758 765 27 18 ea
801 758 93 25 inkomst

68 794 26 23 af
112 795 67 26 3,000
194 794 66 26 mark,
276 800 45 16 som
337 794 69 27 någon
422 795 84 23 valman
521 795 7 21 i
544 794 178 27 borgareständet
735 793 72 26 kunde
819 792 74 26 hafva,

67 828 43 24 har
124 829 40 26 jag
178 829 75 26 begärt
268 829 62 20 ordet
344 828 34 22 för
393 831 32 19 att
439 829 33 23 för
488 829 42 22 min
546 829 35 22 del
596 829 22 24 få
633 823 126 36 understöda
774 823 60 36 detta
847 827 46 24 för-

68 863 56 27 slag.
154 863 72 27 Enligt
240 863 43 22 min
299 865 33 19 tro
348 866 24 18 är
387 864 36 21 det
438 863 22 25 af
475 866 45 19 stor
535 864 110 27 betydelse
657 866 36 20 att
707 863 61 23 nu.fä
778 863 115 22 rösträtten

68 898 10 21 i
92 898 178 26 borgareständet
285 898 105 26 reglerad.
418 898 46 22 Och
479 898 23 22 af
516 898 27 22 de
558 898 279 27 skarpa:meningsutbyten,
848 902 45 18 som

69 932 70 23 ander
161 932 79 27 dagens
263 932 134 23 diskussion.
408 932 108 27 framgått,
536 939 63 20 synes
609 933 42 24 det
666 932 43 26 mig
724 938 45 15 som
785 937 33 15 om
835 930 59 25 detta

70 965 83 28 förslag
175 973 50 15 vore
245 967 41 25 det,
303 972 45 15 som
364 966 70 22 kunde
450 967 64 22 hafva
530 969 68 19 mesta
613 967 92 26 utsigten
721 967 32 20 att
770 965 66 23 samla
852 970 42 20 om-

70 999 63 28 kring
155 1001 33 26 sig
210 1007 25 15 en
258 1001 65 26 nödig
338 1001 113 26 majoritet.
482 1001 113 26 Förslaget
610 1001 38 20 har
664 1001 108 21 dessutom
787 1000 40 22 den
842 998 51 24 obe-

70 1034 100 27 stridliga
183 1035 97 22 fördelen
296 1035 89 22 framför
399 1035 65 27 nägot
480 1038 64 19 annat
554 1035 23 22 af
581 1036 31 22 de
622 1035 146 26 föreliggande
777 1034 116 25 förslagen,

70 1071 39 24 att,
130 1069 28 27 pä
177 1075 81 15 samma
275 1069 57 27 gång
346 1070 37 21 det
395 1069 78 22 ställer
490 1071 114 21 rösträtten
620 1069 33 22 för
669 1067 225 28 landtdagsmannavai

69 1103 58 24 inom
143 1103 177 27 borgareständet
334 1103 131 28 fullkomligt
481 1103 120 23 oberoende
617 1103 22 22 af
653 1101 241 27 kommunalförfattpin-

70 1143 48 21 gen,
134 1137 37 22 det
186 1138 64 22 också
264 1139 40 26 gör
320 1137 69 22 denna
404 1139 90 21 rösträtt
508 1138 89 25 alldeles
614 1137 107 28 Jikformig
736 1138 7 20 i
758 1137 83 24 landets
851 1135 44 24 alla

70 1171 82 24 städer.

140 1207 57 21 Herr
218 1207 148 22 Wasenius:
388 1207 34 22 Då
442 1207 38 27 jag
504 1207 24 22 af
541 1207 66 27 några
621 1207 80 24 talares
715 1205 113 28 yttranden
843 1205 53 21 trott

71 1241 43 26 mig
136 1241 58 23 finna
216 1243 32 20 att
266 1241 105 27 förslaget
384 1241 113 27 angående
513 1242 27 21 10
555 1243 68 21 röster
639 1241 70 22 såsom
724 1241 113 24 maximum
853 1239 43 22 för-

70 1275 83 22 klarats
168 1275 63 22 hafva
246 1276 32 21 sin
294 1275 68 27 grund
377 1276 7 20 i
400 1276 36 22 det
450 1276 141 26 förhällande,
607 1278 32 19 att
653 1276 63 23 innan
731 1273 165 24 kommunalför-

71 1308 119 28 fattningen
213 1310 33 21 för
263 1310 102 21 städerna
380 1310 46 22 blef
440 1310 100 27 gällande
556 1310 159 24 röstmaximum
735 1310 7 21 i
760 1307 136 28 Helsingfors

71 1349 38 16 var
125 1344 28 22 10
166 1344 118 26 skattören,
299 1344 39 21 ber
350 1344 38 27 jag
402 1344 22 22 fä
434 1345 91 27 upplysa
536 1351 34 15 om
585 1346 32 19 att
630 1345 27 20 dä
673 1344 63 27 gälde
753 1345 32 20 ett
801 1343 95 22 skattöre

71 1381 8 22 i
93 1377 135 28 Helsingfors
245 1379 63 25 1,000
323 1379 67 26 mark,
406 1379 40 21 och
460 1381 33 19 att
508 1379 84 22 säledes
608 1379 40 22 den
657 1379 78 26 högsta
745 1378 92 23 inkomst
848 1375 49 23 med

68 1411 104 23 afseende
194 1413 13 20 &
230 1413 112 21 röstetalet
360 1419 37 15 var
421 1413 78 26 10,000
521 1413 67 22 mark.
621 1413 41 26 Jag
677 1419 63 15 anser
755 1412 33 22 för
803 1411 42 22 min
862 1410 34 24 del

71 1447 33 19 att
126 1452 33 15 om
183 1447 59 20 detta
264 1447 160 23 röstmaximum
448 1453 28 16 nu
492 1447 69 21 skulle
576 1447 109 22 nedsättas
700 1447 33 21 till
747 1445 81 24 hälften
845 1445 53 23 eller

70 1478 34 23 till
119 1486 26 15 .en
161 1480 94 22 inkomst
270 1480 22 22 af
306 1480 64 26 5,000
385 1480 67 27 mark,
469 1480 69 22 skulle
555 1481 36 21 det
605 1480 19 27 ej
636 1486 55 16 vara
702 1480 71 27 någon
784 1478 69 23 fördel
864 1478 34 21 för

70 1514 180 26 borgareständet
272 1515 38 22 och
322 1515 27 26 .ej
369 1514 69 22 heller
453 1514 35 22 för
503 1515 78 24 landet.
611 1514 42 27 Jag
667 1514 38 22 ber
720 1514 71 22 derför
806 1513 33 21 för
855 1513 42 23 min
