1092 1723
242 118 45 18 1118
510 108 93 35 Borgarest.
615 120 45 20 1885.
683 121 13 19 11
710 122 38 22 Maj.

219 188 74 26 slaget.
323 188 42 22 För
387 190 40 20 min
450 190 33 21 del
506 196 63 15 anser
590 190 38 28 jag
649 193 32 19 att
700 192 36 20 det
751 191 47 21 icke
814 191 66 21 borde
895 192 57 20 möta
967 191 69 27 någon

219 216 106 27 svårighet
347 219 31 19 att
399 218 22 21 få
443 220 29 20 ett
494 219 128 21 ständerhus
640 220 102 26 uppfördt
764 219 28 27 på
815 218 222 28 Observatoriiberget

218 244 34 22 för
276 246 37 26 1'/2
327 246 71 27 miljon
414 247 65 21 mark.
511 248 173 26 Anmärkningen
700 254 34 15 om
750 249 32 20 att
798 248 64 20 redan
878 248 6 20 i
900 248 135 21 statsutskot-

218 276 42 19 tets
283 274 89 26 tidigare
391 275 132 22 betänkande
538 276 166 26 formuleringen
720 278 24 19 är
760 276 124 21 densamma
899 282 45 15 som
959 283 28 14 nu
1001 276 35 22 för

219 302 36 21 det
275 303 120 26 ytterligare
411 304 206 28 tillskottsanslaget,
633 307 24 19 är
671 305 91 21 alldeles
778 305 70 26 rigtig,
864 305 38 21 och
916 305 35 27 jag
968 305 68 21 måste

218 332 52 25 säga
291 333 32 19 att
345 332 34 20 det
401 338 37 15 var
457 339 24 15 en
497 333 91 21 blunder
603 335 32 19 att
650 334 58 21 detta
723 334 28 20 då
766 334 47 20 icke
830 334 151 21 observerades
996 334 38 21 och

218 365 79 15 samma
313 359 73 27 tillägg
400 360 104 28 föreslogs
520 368 45 15 som
580 368 35 15 nu.

285 388 56 20 Herr
356 388 189 28 Schybergson:
561 390 86 22 Platsen
658 390 34 21 för
702 390 152 22 ständerhuset
864 392 30 24 är,
906 390 69 22 såsom
985 391 51 21 herr

217 416 94 27 Ignatius
335 417 72 28 rigtigt
429 418 104 27 anmärkt,
556 419 104 26 bestämd,
684 425 46 15 men
752 420 40 20 den
809 421 24 19 är
848 419 35 21 det
898 418 46 22 icke
959 425 75 21 genom

217 445 161 27 ständerbeslut,
397 447 38 21 och
451 448 35 21 det
501 447 75 22 behöfs
591 448 19 27 ej
626 448 67 21 heller
709 450 87 24 regents
811 447 39 22 och
866 448 96 21 ständers
978 448 56 21 med-

217 473 79 22 verkan
319 474 33 21 för
374 477 30 19 att
426 476 56 27 välja
504 483 25 14 en
552 483 68 14 annan
643 477 63 26 plats,
725 479 52 18 utan
794 477 75 20 endast
884 478 31 19 ett
929 476 70 21 beslut
1013 476 24 21 af

217 503 278 27 ständerhusdelegationen.
519 504 45 22 Och
579 505 27 21 dä
618 505 38 27 jag
670 505 7 21 i
694 505 69 21 denna
780 505 34 21 del
829 507 24 19 är
869 505 23 21 af
900 511 68 15 annan
979 505 56 26 äsigt

217 533 24 19 än
265 531 49 22 herr
336 531 116 28 Wasenius,
475 533 75 21 tänker
570 533 38 28 jag
626 536 32 19 att
673 533 278 27 ständerhusdelegationen
965 533 69 21 skulle

215 559 58 22 finna
295 560 31 27 sig
348 561 7 20 i
377 563 30 19 att
429 561 55 28 välja
507 569 24 14 en
554 562 63 27 plats,
636 563 38 20 der
692 569 25 14 en
735 562 82 21 mindre
832 564 87 25 pompös
936 561 96 28 byggnad

216 588 69 21 skulle
307 589 69 21 kunna
397 589 107 28 uppföras,
523 591 6 20 i
545 590 103 22 händelse
664 591 185 26 anslagssumman
864 591 34 21 för
912 590 120 21 ändamälet

215 616 104 22 fixerades
334 618 32 20 till
384 619 37 29 1'/2
436 619 72 26 miljon
524 619 67 26 mark,
607 631 27 4 —
650 620 48 21 med
712 619 132 27 frängäende
855 619 23 21 af
886 619 147 26 borgarestän-

216 645 47 22 dets
281 646 88 27 tidigare
384 646 70 22 vilkor
469 649 30 19 att
514 648 63 21 huset
592 648 68 21 skulle
676 647 103 28 uppföras
794 647 28 27 pä
837 650 107 24 gvarteret
959 647 75 22 Serva-

215 674 42 23 len,
273 676 30 19 ett
317 675 68 20 vilkor
399 681 45 15 som
460 682 87 15 numera
562 678 66 19 stöter
643 676 27 27 pä
686 676 110 27 ätskilliga
811 676 138 26 svärigheter.
977 676 57 21 Herr

215 702 104 27 Tallgvist
341 703 38 21 har
400 704 122 27 visserligen
545 705 49 21 sökt
615 705 114 21 framhälla
748 707 33 19 att
800 706 31 20 ett
846 704 125 21 ständerhus
987 705 48 20 litet

215 731 124 21 hvarstädes
360 732 68 21 skulle
451 733 65 21 blifva
538 733 76 27 dyrare
629 735 27 19 än
672 733 27 28 pä
714 733 229 26 Observatoriiberget.
972 733 61 20 Arki-

215 759 78 24 tekten,
315 759 62 22 hvars
400 761 107 22 uttalande
529 762 42 21 han
594 762 76 26 anfört,
690 762 39 21 har
748 764 74 19 nämnt
838 767 32 15 om
886 763 31 20 att
934 762 10 21 1
960 761 73 27 miljon

215 788 53 21 eller
289 794 39 21 par
351 789 68 22 skulle
442 790 49 26 ätgä
512 790 33 21 för
567 791 82 20 inlösen
664 790 24 21 af
700 792 56 19 tomt
771 791 150 25 annorstädes;
937 789 23 22 sä
974 790 59 26 längt

215 816 64 21 hafva
299 817 20 20 vi
342 818 33 20 väl
391 818 53 21 dock
459 818 18 27 ej
493 820 56 19 ännu
565 819 88 21 kommit
667 819 39 21 här
720 819 7 21 i
744 819 83 21 staden.
856 818 41 27 Jag
912 819 74 20 tänker
1001 820 31 19 att

214 851 48 15 man
285 845 51 27 godt
357 846 40 21 kan
417 847 22 21 fä
456 847 55 27 köpa
525 849 54 20 tomt
595 847 32 22 för
642 848 93 26 500,000
750 847 62 22 mark
827 847 38 21 och
880 849 32 19 att
928 853 47 15 man
990 847 41 21 kan

214 874 91 27 uppföra
319 874 62 22 huset
395 875 110 22 derstädes
519 876 34 21 för
569 877 10 21 1
597 876 73 27 miljon
686 877 68 25 mark,
770 876 40 21 och
826 876 27 20 dä
868 876 62 20 hafva
945 876 20 20 vi
972 875 59 21 kom-

214 902 39 22 mit
271 903 32 21 till
319 903 40 21 den
374 903 23 21 af
410 904 85 21 ständet
509 904 90 27 tidigare
614 905 113 26 godkända
743 905 148 21 slutsumman.
921 904 42 21 Det
977 904 55 21 före-

214 930 67 22 finnes
297 931 197 28 öfverhufvudtaget
509 940 24 14 en
551 934 134 26 märkvärdig
701 933 135 27 benägenhet
851 935 32 19 att
893 932 86 22 skrufva
989 938 42 21 upp

214 959 116 22 kostnaden
353 960 32 21 för
408 962 30 20 ett
459 962 39 20 hus
514 962 108 21 hvarhelst
638 962 140 21 annorstädes
793 963 28 19 än
836 961 28 27 pä
879 961 154 21 Observatorii-

214 987 81 27 berget,
318 988 74 21 medan
415 996 54 19 man,
489 990 102 21 särskildt
606 990 5 21 i
628 990 47 27 dag,
691 990 13 21 å
718 990 69 21 andra
803 990 61 21 sidan
880 990 54 20 visat
949 996 25 14 en
989 989 44 21 lika

214 1016 134 28 märkvärdig
371 1017 106 27 färdighet
499 1020 30 20 att
544 1021 62 24 pruta
621 1019 40 21 ned
678 1019 41 21 den
734 1018 35 22 för
785 1020 31 20 ett
832 1018 38 21 hus
885 1018 27 26 pä
928 1018 105 22 Observa-

213 1045 131 27 toriiberget.
374 1046 125 22 Arkitekten
514 1047 39 21 har
568 1048 114 26 nedprutat
697 1048 40 20 den
754 1047 92 26 tidigare
860 1046 100 27 uppgifna
975 1046 59 22 kost-

213 1074 149 21 nadssumman
378 1075 47 21 med
441 1076 91 26 200,000
547 1076 66 26 mark,
629 1076 49 21 herr
693 1076 113 26 Tallgvist,
822 1081 44 15 som
882 1081 63 15 anser
959 1077 31 19 att
1000 1081 33 15 ar-

213 1101 95 22 kitekten
330 1103 7 20 i
359 1103 69 21 denna
450 1104 121 27 afprutning
593 1104 46 21 icke
657 1104 77 27 intagit
749 1104 171 27 planeringarne,
935 1104 99 26 afdrager

214 1132 115 24 yttermera
344 1131 77 27 50,000
437 1132 64 26 mark,
518 1132 50 21 herr
582 1133 102 26 Ignatius,
701 1139 45 15 som
762 1132 112 27 päminner
890 1132 32 26 sig
937 1134 31 19 att
977 1132 56 20 arki-

213 1158 84 22 tektens
316 1160 149 27 ursprungliga
479 1161 184 27 kostnadsförslag
677 1162 48 26 gick
741 1164 24 18 ut
780 1160 29 28 pä
824 1159 39 24 2'/4
878 1160 73 27 miljon
967 1160 66 26 mark,

213 1187 95 21 kommer
323 1188 89 22 sälunda
426 1189 33 21 till
473 1190 14 20 2
503 1189 103 27 miljoner,
622 1190 39 21 och
676 1190 50 21 herr
742 1189 110 21 Snellman
868 1189 99 26 slutligen
981 1188 53 26 hop-

212 1222 39 20 pas
273 1218 32 19 att
326 1216 46 21 icke
395 1224 36 14 ens
454 1218 67 20 denna
544 1224 82 15 summa
648 1218 54 21 skall
722 1218 58 26 ätgä.
812 1217 28 21 Sä
855 1217 116 21 behandlar
985 1222 48 15 man

213 1244 75 21 siffror.
318 1244 41 27 Jag
377 1246 67 21 mäste
461 1246 109 27 verkligen
587 1247 67 21 uttala
669 1253 81 15 samma
767 1246 141 26 öfvertygelse
925 1251 43 15 som
983 1245 52 21 herr

213 1272 112 22 Wasenius
347 1273 39 21 här
408 1274 123 27 framhällit,
555 1275 68 21 såsom
644 1275 38 26 sin,
698 1277 32 19 att
747 1276 32 20 ett
795 1274 127 21 ständerhus
937 1274 6 20 i
959 1274 74 20 staden

212 1300 28 27 pä
262 1307 68 15 annan
353 1304 54 19 tomt
433 1303 67 27 (hvar,
515 1303 72 26 hvar!)
604 1305 25 19 än
645 1302 232 27 Observatoriiberget,
893 1302 55 21 skall
962 1302 71 21 kunna

211 1329 33 21 fås
267 1330 33 21 för
323 1330 38 26 1'b
384 1331 72 27 miljon
479 1332 67 21 mark.
575 1332 43 20 Det
639 1332 41 21 kan
703 1332 73 21 hända
794 1332 32 20 att
844 1330 148 22 ständerhuset
1005 1330 29 27 pä

212 1358 132 22 sistnämnda
366 1360 56 25 plats
445 1360 66 21 måste
527 1360 80 27 byggas
622 1360 24 21 sä
664 1360 127 26 storartadt,
810 1361 33 19 att
858 1361 68 19 större
941 1365 93 15 summor

213 1386 114 26 erfordras,
350 1394 47 14 'men
420 1389 139 20 annorstädes
577 1388 44 26 bör,
641 1388 70 22 säsom
727 1388 71 27 sagdt,
814 1388 124 27 byggnaden
954 1388 31 21 fäs
1001 1387 33 21 till

211 1415 62 21 stånd
288 1416 32 20 för
337 1414 38 24 1'/2
389 1416 82 22 million
486 1417 66 21 mark.

278 1444 55 21 Herr
348 1444 140 27 Tallgvist:
507 1446 41 26 Jag
563 1446 35 20 vill
614 1446 46 21 icke
675 1445 68 22 inläta
758 1445 46 26 mig
818 1444 28 27 pä
861 1446 30 20 ett
905 1444 126 22 bemötande

211 1472 22 20 af
255 1472 26 22 de
297 1473 63 21 ärade
377 1473 74 24 talare,
467 1480 44 15 som
527 1474 39 21 här
581 1474 56 27 gjort
652 1474 167 26 anmärkningar
834 1475 44 19 mot
893 1474 48 20 mitt
955 1472 74 21 andra-

210 1501 69 25 gande
302 1501 38 21 och
363 1502 57 20 mina
441 1502 86 27 förslag.
557 1502 42 22 Det
621 1509 50 14 vore
692 1502 75 22 alltför
783 1502 110 21 bräksamt
908 1501 39 21 och
962 1500 68 25 skulle

210 1528 34 21 för
266 1530 82 26 mycket
370 1530 97 28 förlänga
482 1531 107 21 debatten.
617 1531 42 27 Jag
674 1531 95 27 begärde
786 1530 61 22 ordet
862 1531 75 21 endast
951 1529 33 21 för
999 1531 31 19 att
