1106 2339
245 405 45 20 1176
509 409 95 23 Borgarest.
614 409 44 20 1885.
682 410 17 18 15.
711 410 38 23 Maj.

223 476 70 22 stälda
311 478 213 27 resolutionsförslag,
540 480 78 25 antaga
633 478 62 22 äfven
711 479 36 21 det
763 478 74 26 tillägg
851 478 32 21 till
899 478 142 22 förenämnda-

222 504 129 28 förordning,
375 512 44 16 som
433 507 7 21 i
455 507 40 21 den
510 507 144 21 betänkandet
669 507 113 27 vidfogade
797 506 68 22 första
878 507 161 21 reservationen

222 534 70 21 blifvit
306 534 124 28 föreslaget;

291 564 30 19 att
337 564 83 21 ståndet
433 566 50 19 utan
499 564 121 21 diskussion
635 564 94 27 godkänt
738 563 152 28 lagutskottets
901 564 137 21 betänkande

222 597 33 14 n:o
271 591 20 26 8,
306 591 107 27 angående
429 594 41 19 rätt
484 591 33 22 för
532 593 114 20 ständerna
662 595 31 18 att
707 593 35 20 vid
753 591 74 27 hvarje
838 591 85 28 lagtima
933 592 102 27 landtdag

222 619 115 21 verkställa
351 620 128 27 granskning
493 620 23 21 af
530 621 116 27 styrelsens
662 621 64 21 sedan
742 620 128 27 föregående
881 621 100 27 landtdag
988 621 45 22 vid-

221 649 64 25 tagna
301 647 108 28 åtgärder;

289 678 32 19 att
342 677 83 22 ståndet
446 677 94 27 godkänt
558 677 107 22 allmänna
680 677 203 22 besvärsutskottets
899 677 134 22 betänkande

221 710 34 15 n:o
280 705 25 21 19
327 705 47 21 med
396 706 112 27 anledning
524 706 23 21 af
560 708 31 19 ett
606 707 55 21 inom
677 706 156 21 bondeståndet
848 706 61 21 väckt
923 707 115 26 petitions--

221 733 80 26 förslag
323 739 33 16 om
378 735 127 26 statsanslag
526 735 33 20 till
582 735 144 27 befrämjande
749 735 24 21 af
790 734 168 27 folkbildningen
976 735 56 21 inom

222 761 82 27 Salmis,
320 761 111 28 Suistamo,
447 763 103 27 Suojärvi,
566 763 128 28 Korpiselkä
707 763 39 22 och
756 763 73 22 Kitelä
839 763 193 27 grekisk-katolska

221 790 156 28 församlingar;

289 821 30 19 att
340 820 83 21 ståndet
444 821 93 26 godkänt
559 821 107 21 allmänna
681 820 203 22 besvärsutskottets
900 820 136 22 betänkande:

221 854 33 15 n:o
279 848 25 21 18
326 849 47 24 med
396 849 111 27 anledning
530 849 23 21 af
566 849 51 21 flere
632 850 56 20 inom
704 850 102 26 borgare-
821 849 38 21 och
874 849 160 22 bondeständen

219 876 76 22 väckta
309 877 178 27 petitionsförslag
502 884 33 15 om
550 878 120 21 inrättande
686 878 23 21 af
722 878 227 26 fruntimmersskolor;

288 907 31 19 att
333 905 84 22 ståndet
431 908 49 19 utan
495 906 120 22 diskussion
631 906 94 27 godkänt
740 906 108 21 allmänna
863 906 172 22 besvärsutskot-

220 935 41 20 tets
283 934 131 22 betänkande
437 940 32 16 n:o
493 935 25 21 17
534 935 108 27 angående
658 935 162 27 kronobetjente
837 935 38 21 och
890 936 62 20 deras
967 935 64 21 biträ-

220 962 40 21 den
283 962 156 22 tillkommande
462 964 91 21 arvoden
577 964 33 20 för
625 964 118 26 utmätning
759 964 40 21 och
814 963 124 27 försäljning
954 964 22 20 af
990 964 42 20 lös-

219 991 112 26 egendom
319 987 15 34 ;

287 1021 30 19 att
339 1020 89 26 ständet,
444 1020 34 21 vid
496 1020 156 27 behandlingen
668 1020 22 22 af
704 1021 44 27 lag-
764 1020 40 22 och
820 1020 211 22 ekonomiutskottets

218 1047 132 22 betänkande
365 1054 33 15 n:o
414 1049 13 21 3
441 1048 6 22 i
463 1049 112 26 anledning
590 1049 23 21 af
626 1049 60 21 Hans
701 1049 122 27 Kejserliga
833 1048 110 28 Majestäts
953 1049 77 26 nädiga

218 1076 153 26 propositioner
392 1083 34 15 n:o
449 1078 32 26 16,
497 1084 33 14 om
546 1078 118 26 antagande
679 1078 23 20 af
716 1078 102 26 skogslag
833 1077 32 21 för
880 1077 96 27 Finland,
992 1077 40 21 och

217 1110 34 16 n:o
273 1105 34 26 37,
326 1106 47 20 med
388 1106 121 21 alternativt
522 1106 80 26 förslag
616 1106 32 21 till
665 1106 81 28 lydelse
762 1106 34 21 för
812 1106 104 21 särskilda
931 1112 100 20 paragra-

217 1132 33 22 fer
271 1133 7 21 i
300 1134 89 20 nämnda
410 1134 79 26 förslag
507 1134 33 22 till
556 1134 106 27 skogslag,
677 1135 89 21 beslutit
780 1136 32 19 att
827 1134 6 21 i
848 1134 39 21 allt
901 1134 64 27 öfrigt
979 1134 53 27 god-

217 1161 70 21 känna
300 1161 160 27 ifrågavarande
482 1163 139 26 betänkande,
644 1165 57 19 utom
724 1163 56 21 hvad
803 1162 75 27 angick
896 1164 68 20 nedan
978 1169 52 21 upp-

217 1192 64 24 tagna
302 1190 96 27 punkter,
420 1191 7 21 i
449 1191 70 21 hvilka
537 1192 157 26 presteståndet
712 1191 100 22 omfattat
827 1198 24 14 en
867 1191 45 21 från
927 1192 104 20 utskottet

217 1218 111 22 afvikande
344 1220 83 26 mening
442 1220 39 21 och
503 1220 87 21 beslutit
608 1226 44 15 som
668 1220 73 26 följer:
759 1221 33 20 1:0
808 1219 133 22 beträffande
957 1220 24 27 88
997 1220 35 26 13,

218 1247 27 21 14
267 1246 38 22 och
328 1248 26 20 15
375 1247 107 22 äfvensom
504 1254 74 15 senare
601 1250 115 20 momentet
730 1248 24 21 af
768 1248 11 27 $
794 1248 30 21 40
838 1248 7 20 i
860 1248 133 22 alternativet
1008 1248 27 27 a)

217 1277 75 24 antogs
315 1276 39 20 den
373 1276 22 20 af
409 1276 72 21 herrar
495 1277 107 20 Fabritius
618 1277 37 20 och
671 1277 122 20 Nummelin
809 1276 86 26 afgifna,
910 1276 32 21 till
958 1277 74 20 betän-
1051 1300 2 4 -

216 1303 79 22 kandet
315 1303 75 28 fogade
413 1305 165 26 reservationen;
600 1305 34 21 2:0
656 1305 32 21 till
711 1305 11 27 $
745 1305 29 22 50
796 1304 67 21 skulle
886 1304 53 21 efter
955 1305 76 21 orden:

217 1338 60 21 »vare
300 1332 75 21 ädömd
398 1333 61 26 högst
477 1335 32 19 tre
524 1333 128 27 fjerdedelar
668 1333 22 21 af
704 1334 36 21 det
756 1333 74 21 straff"
845 1333 60 26 fogas
920 1339 25 15 en
961 1333 22 21 sä
998 1333 29 27 ly-

217 1361 68 20 dande
304 1360 74 22 bisats:
398 1361 94 26 ,hvartill
507 1362 189 27 gerningsmannen
715 1362 42 21 kan
772 1361 68 22 blifva
854 1361 80 26 dömd",
950 1362 27 26 pä
990 1361 39 22 fin-

216 1389 47 20 ska:
283 1389 73 27 ,johon
375 1390 98 21 rikoksen
488 1391 78 26 tekijää
581 1392 82 19 saattaa
677 1390 113 26 tuomita*;
806 1392 55 19 samt
875 1390 33 21 3:o
924 1391 31 20 att
968 1397 61 20 para-

215 1417 110 27 grafernas
347 1418 148 27 nummerföljd
517 1419 38 20 och
578 1419 177 26 hänvisningarna
777 1418 34 21 till
827 1418 65 21 andra
906 1418 123 27 paragrafer

215 1445 70 22 blefve
300 1447 93 20 ändrade
408 1447 5 20 i
430 1447 92 26 enlighet
537 1447 47 21 med
600 1447 94 21 ständets
710 1447 68 21 under
795 1448 32 20 1:0
843 1447 84 26 angifna
941 1447 80 26 beslut;

283 1476 32 19 att
336 1475 89 26 ständet,
440 1476 35 20 vid
497 1475 153 27 behandlingen
673 1475 23 21 af
709 1475 172 21 statsutskottets
897 1475 133 21 betänkande

216 1509 33 14 n:o
272 1503 13 21 9
307 1503 6 20 i
336 1503 113 27 anledning
467 1504 23 21 af
502 1503 60 22 Hans
577 1504 121 27 Kejserliga
712 1504 115 26 Majestäts
843 1503 76 27 nådiga
933 1503 95 27 proposi-

215 1531 44 20 tion
281 1531 32 21 till
331 1531 100 22 Finlands
447 1533 91 25 ständer,
554 1532 108 27 angående
678 1532 84 21 inlösen
778 1532 24 21 af
816 1532 189 26 donationsgodsen
1020 1532 8 21 i

213 1559 91 27 Viborgs
320 1560 38 21 och
374 1559 31 22 S:t
419 1560 87 22 Michels
521 1561 42 26 län,
578 1561 134 21 beträffande
726 1560 118 22 utskottets
860 1560 12 21 å
887 1566 47 21 pag.
944 1561 84 21 15—17

214 1588 7 20 i
239 1588 143 22 betänkandet
397 1589 123 21 framstälda
536 1589 208 27 resolutionsförslag
760 1591 87 19 stannat
861 1589 8 21 i
884 1588 92 27 följände
991 1589 36 21 be-

214 1616 53 21 slut:
291 1617 31 21 1:0
345 1617 25 21 de
392 1617 46 28 fyra
459 1618 67 21 första
548 1620 118 19 momenten
682 1618 78 25 blefvo,
776 1617 29 27 pä
819 1618 67 26 grund
902 1617 23 21 af
939 1620 92 19 omröst-

213 1645 57 26 ning,
292 1645 121 22 förkastade
437 1646 37 21 och
496 1646 6 21 i
526 1646 48 21 dess
590 1646 61 21 ställe
666 1648 90 24 antogos
773 1646 27 21 de
817 1647 46 20 dem
879 1646 152 21 motsvarande:

213 1675 118 20 momenten
355 1674 47 25 1,2
418 1674 38 21 och
471 1675 13 21 3
499 1674 23 21 af
535 1675 40 20 den
590 1674 77 27 nädiga
681 1675 172 26 propositionens
868 1674 78 27 förslag
961 1675 7 20 i
983 1676 45 20 äm-

212 1703 43 25 net,
277 1702 62 21 dessa
361 1708 73 16 senare
457 1703 52 21 dock
532 1703 47 21 med
602 1703 174 27 omformulering
799 1703 6 20 i
828 1702 75 22 sädant
918 1703 60 27 syfte,
994 1704 33 20 att

212 1731 128 26 amortering
362 1730 23 22 af
405 1731 158 27 löseskillingen
584 1731 66 21 borde
665 1731 107 21 beräknas
787 1731 47 21 frän
849 1731 40 21 den
905 1732 36 26 tid,
957 1732 27 20 dä
999 1731 28 21 de

212 1759 105 21 särskilda
332 1760 190 26 donationsgodsen
538 1760 23 20 af
575 1760 103 26 styrelsen
694 1760 133 26 öfvertagits,
844 1759 32 21 för
887 1760 84 21 hvilken
982 1765 45 15 oms

210 1786 138 28 formulering
369 1788 88 21 ärendet
477 1789 6 20 i
506 1788 63 22 dessa
591 1788 59 22 delar
669 1788 33 21 till
717 1788 108 21 utskottet
839 1788 188 26 äterremitterats;

210 1815 35 21 2:0
261 1818 92 19 moment
367 1816 13 22 5
395 1816 45 21 blef
454 1816 74 27 jemväl
548 1816 118 22 förkastadt
680 1817 40 21 och
736 1818 93 20 ersattes
845 1822 74 21 genom
936 1818 91 19 motsva-
