1089 1956
236 104 48 32 1150
503 110 99 23 Borgarest,
609 109 45 20 1885.
677 110 22 19 12
707 110 38 23 Mij.

282 178 68 22 Sedan
368 179 40 21 den
423 179 106 21 allmänna
545 180 146 21 diskussionen
707 178 135 23 beträffande
856 178 174 22 bankutskottets

212 206 160 27 ifrågavarande
387 207 131 22 betänkande
534 208 87 22 härmed
635 208 108 21 förkarats
757 207 99 27 afslutad,
873 208 65 20 skred
947 208 83 20 ståndet

212 235 34 21 till.
267 236 207 27 specialgranskning
492 236 23 21 af
529 237 36 21 det
579 237 7 21 i
601 236 144 22 betänkandet
760 236 104 26 ingående
879 236 103 26 förslaget
996 236 32 21 till

212 263 123 27 förordning
350 270 34 15 om
398 264 145 28 bankrörelse,
559 271 45 15 som
620 264 23 22 af
655 265 64 27 bolag
733 265 70 21 idkas.

280 292 16 27 $
311 294 11 18 1
337 293 121 26 godkändes
472 295 52 19 utan
539 294 128 21 diskussion.

281 321 113 27 Angående
408 321 16 27 $
438 322 16 20 2
468 323 83 26 yttrade
567 322 32 26 sig
614 322 94 26 följande
723 322 80 21 talare:

280 349 56 21 Herr
350 350 157 26 Borgström:
523 351 41 26 Jag
579 351 69 21 skulle
663 351 7 20 i
685 350 74 22 stället
773 350 34 21 för
821 350 57 27 3:dje
892 352 114 20 momentet
1020 350 8 21 i

211 377 143 22 betänkandet
368 378 78 22 föreslå
460 380 47 20 4:de
523 381 115 19 momentet
653 380 6 20 i
675 380 40 20 den
730 379 79 27 nådiga
823 379 156 27 propositionen
994 379 33 21 till

212 406 125 26 antagande.

279 434 56 22 Herr
350 435 91 23 Heikel
457 437 142 21 understödde
615 437 49 21 herr
679 436 132 27 Borgström.

280 463 68 21 Sedan
374 464 145 22 diskussionen
546 466 87 20 härmed
655 465 116 21 förklarats
793 464 99 27 afslutad,
916 465 110 27 uppstälde

211 491 50 21 herr
275 492 119 22 talmannen
409 493 92 27 följande
517 493 285 28 omröstningsproposition:

279 520 39 26 De,
332 516 8 38 -
342 521 67 21 hvilka
430 521 110 27 godkänna
563 522 15 27 $
600 523 16 19 2
630 522 63 27 enligt
706 521 108 21 utskottets
828 520 127 22 betänkande
970 520 57 27 oför-

212 548 88 26 ändrad,
316 551 56 19 rösta
384 550 35 27 ja;
434 550 32 27 de,
481 551 34 21 det
528 550 43 21 icke
584 552 58 25 göra,
657 552 58 19 rösta
729 550 47 28 nej;

278 578 72 20 vinner
374 578 41 28 nej,
441 579 38 21 har
503 579 170 27 borgareståndet
694 579 83 21 beslutit
798 579 30 20 att
847 578 111 27 godkänna
980 578 48 21 herr

211 604 135 28 Borgströms
360 607 86 27 förslag.
555 628 2 2 N

299 635 12 21 ä
332 636 68 21 denna
421 636 130 27 proposition
573 636 128 22 besvarades
723 636 49 21 med
794 636 27 21 33
841 636 23 27 ja
886 636 39 21 och
946 636 25 21 17
986 636 41 26 nej,

209 662 55 22 hade
286 664 84 21 ståndet
391 665 87 21 sålunda
495 665 92 21 beslutit
602 667 31 19 att
648 665 113 27 godkänna
777 664 12 28 $
805 665 13 20 2
833 664 65 27 enligt
913 664 113 21 utskottets

210 691 139 22 betänkande.

276 721 115 26 Angäende
406 721 16 28 $
436 722 15 20 3
464 723 92 26 uppstod
571 722 93 26 följande
679 722 132 21 diskussion:

277 749 56 21 Herr
348 749 160 23 Serlachius:
528 751 10 21 I
553 752 66 20 andra
634 752 117 20 momentet
766 750 39 21 har
820 750 121 21 bibehällits
951 756 75 20 propo-

208 777 102 21 sitionens
326 778 86 27 förslag,
428 781 31 19 att
476 780 117 26 ansökning
608 779 89 26 bifalles,
713 786 34 14 om
756 779 192 26 bolagsordningen
959 778 68 21 öfver-

208 808 139 19 ensstämmer
370 808 46 20 med
438 808 106 20 allmänna
562 808 62 26 lagen
639 808 39 21 och
693 808 70 21 denna
778 807 124 26 förordning
917 809 65 25 ,samt
997 807 30 21 el-

206 833 44 27 jest
271 834 46 21 skäl
339 835 33 21 till
390 835 68 27 afslag
476 836 45 21 icke
536 836 160 22 förekommer*.
726 836 77 21 Denna
817 836 133 26 bestämning
965 841 61 21 synes

208 862 44 27 mig
272 869 52 15 vara
345 863 129 28 fullkomligt
496 864 110 27 obefogad.
635 865 46 21 Har
703 871 48 15 man
771 870 26 15 en
816 864 55 26 gäng
886 870 26 15 en
927 864 98 26 banklag,

208 890 24 22 sä
254 891 38 21 bör
310 892 39 20 den
365 893 33 20 väl
414 895 91 25 upptaga
521 893 42 21 alla
578 894 134 26 betingelser,
728 893 23 21 af
765 892 73 22 hvilka
852 892 128 26 rättigheten
995 894 34 19 att

206 919 80 21 inrätta
301 926 25 15 en
342 920 56 22 bank
412 923 24 19 är
451 922 110 26 beroende,
578 922 38 21 och
631 921 124 22 derutöfver
771 921 39 21 bör
824 921 68 27 nägon
907 920 119 27 pröfnings-

206 949 44 19 rätt
264 948 46 21 icke
326 955 50 15 vara
392 950 125 26 medgifven.
546 950 42 26 Jag
602 950 41 21 kan
659 950 19 27 ej
694 950 63 26 finna,
773 952 32 18 att
820 949 157 27 propositionen
986 949 40 21 har

206 978 64 19 annat
292 978 47 20 stöd
359 977 33 21 för
406 980 31 19 att
451 978 86 28 inrycka
551 979 63 21 dessa
629 979 44 26 ord,
689 980 27 20 än
731 980 33 19 att
779 978 101 26 möjligen
894 977 132 21 förekomma

205 1004 121 22 inrättande
341 1006 23 21 af
378 1006 79 22 banker
472 1006 32 22 för
519 1007 168 27 svindelaffärer,
703 1007 39 21 och
758 1007 37 21 det
810 1012 62 21 synes
887 1006 42 26 mig
939 1007 32 19 att
980 1006 45 20 vin-

206 1035 46 19 sten
275 1034 23 20 af
311 1036 31 19 ett
356 1034 75 22 sädant
446 1035 115 27 stadgande
577 1036 70 20 blefve
662 1036 33 20 för
710 1035 99 27 dyrköpt,
824 1034 27 22 dä
865 1034 159 27 bestämningen

205 1062 121 26 pätagligen
349 1063 41 21 kan
412 1064 70 21 tolkas
499 1064 24 21 sä
539 1065 110 24 extensivt,
665 1066 32 19 att
711 1064 74 26 hvarje
801 1063 131 27 anläggande
948 1062 23 22 af
984 1063 41 27 pri-

204 1090 118 22 vatbanker
336 1092 120 26 derigenom
472 1092 69 21 kunde
557 1093 156 26 omöjliggöras.
743 1092 43 26 Jag
801 1092 69 20 skulle
884 1091 72 21 derför
970 1091 56 21 före-

205 1118 33 21 slä
253 1120 31 20 att
299 1120 62 20 dessa
376 1120 38 21 ord
429 1120 64 22 mätte
508 1121 58 26 utgä.
667 1136 3 4 E

273 1147 56 21 Herr
350 1148 104 27 Elving:
476 1149 65 21 Detta
563 1149 122 27 lagförslag,
710 1149 90 21 likasom
824 1148 64 22 ocksä
908 1148 62 26 lagen
991 1148 34 20 för

204 1175 128 27 aktiebolag,
347 1171 8 38 -
362 1178 62 25 säger
450 1178 74 20 endast
549 1178 54 21 hvad
626 1184 26 15 en
674 1178 168 26 bolagsordning
863 1176 161 26 nödvändigtvis

204 1203 68 21 måste
293 1204 104 27 innhälla;
420 1206 40 20 den
477 1208 62 24 säger
558 1206 19 27 ej
592 1206 55 21 hvad
663 1212 25 15 en
704 1206 167 25 bolagsordning
886 1205 46 20 icke
946 1205 34 20 får
994 1204 31 21 in-

203 1231 92 22 nehälla.
325 1233 33 20 Nu
380 1233 121 22 föreställer
521 1234 36 27 jag
576 1235 43 26 mig
634 1236 31 19 att
680 1235 63 26 ingen
759 1234 8 20 i
782 1233 60 27 fräga
857 1239 33 15 om
907 1233 117 26 bankbolag

203 1260 71 21 skulle
296 1261 50 26 vilja
368 1261 37 27 gä
417 1262 24 21 sä
463 1262 84 27 mycket
569 1263 72 26 längre
660 1265 27 19 än
702 1263 56 20 hvad
775 1262 66 27 enligt
855 1261 38 21 vär
908 1261 35 27 lag
958 1261 67 26 gäller

202 1288 34 21 för
252 1289 62 26 bolag
329 1290 7 20 i
351 1290 121 27 allmänhet,
488 1293 31 19 att
534 1297 48 15 man
598 1291 131 27 berättigade
745 1292 32 21 ett
792 1290 128 26 aktiebolag,
932 1296 44 15 som
986 1289 39 22 har

202 1317 138 22 bankrörelse
363 1318 33 21 till
419 1318 95 27 föremål,
538 1321 32 19 att
591 1319 139 27 ovilkorligen
753 1319 24 20 få
799 1318 135 22 stadfästelse
952 1319 13 20 å
979 1318 47 21 sina

202 1347 94 26 stadgar,
311 1352 33 15 om
361 1345 54 23 blott
429 1347 62 22 dessa
505 1350 93 25 upptaga
613 1349 25 20 de
653 1348 167 26 bestämningar,
836 1353 46 15 som
896 1346 129 27 nödvändigt

201 1374 69 21 måste
292 1374 67 22 finnas
382 1375 44 26 der,
450 1376 65 21 ehuru
537 1376 26 21 de
582 1377 102 26 derjemte
703 1376 73 21 kunna
790 1375 109 22 innehålla
914 1381 25 15 en
954 1381 71 15 massa

201 1402 89 22 alldeles
313 1403 114 27 olämpliga
443 1404 164 27 bestämningar.
636 1405 79 21 Derför
729 1405 72 21 skulle
814 1404 38 27 jag
865 1403 63 28 tycka
943 1406 31 19 att
988 1404 36 20 det

200 1432 25 19 är
247 1431 40 21 allt
308 1432 47 21 skäl
378 1434 32 19 att
428 1433 107 21 bibehälla
551 1433 36 21 det
601 1433 122 26 föreslagna
737 1433 137 26 stadgandet,
890 1433 71 21 derest
975 1437 48 16 man

199 1459 49 22 icke
263 1459 47 22 frän
325 1460 73 27 början
413 1461 34 21 till
463 1461 43 21 slut
520 1461 37 21 vill
573 1461 80 21 skrifva
667 1467 34 15 om
716 1461 51 22 hela
782 1461 69 26 lagen.

269 1488 56 21 Herr
342 1489 108 26 Nybom:
468 1490 42 21 Det
525 1496 37 15 var
576 1490 44 21 min
635 1489 65 28 afsigt
715 1492 32 19 att
763 1491 53 25 göra
832 1495 88 21 samma
927 1487 96 23 anmärk-

200 1515 57 27 ning,
273 1523 45 14 som
334 1523 26 15 en
375 1517 127 27 föregående
517 1519 74 25 talare,
606 1519 49 20 herr
671 1518 122 21 Serlachius
809 1518 62 27 gjort.
905 1517 71 21 Äfven
985 1516 38 27 jag
