1092 1964
215 103 50 33 1202
485 111 93 23 Borgarest.
590 111 44 20 1885.
658 111 18 19 15
688 112 40 23 Maj.

191 178 68 27 påstå.
282 179 31 21 På
327 180 68 25 grund
411 180 23 21 af
447 181 55 21 hvad
515 180 39 27 jag
570 181 91 20 sålunda
676 181 46 21 haft
736 183 53 18 äran
806 180 75 22 anföra
896 181 38 21 ber
947 181 38 26 jag
998 180 24 23 få

191 206 80 22 föreslå
287 209 31 19 att
332 206 240 24 utskottsbetänkandet
587 209 66 21 måtte
669 211 90 24 antagas
775 209 6 20 i
798 208 55 22 hvad
870 209 36 22 det
921 211 36 18 rör
972 209 49 20 sko-

191 235 61 21 lorna
270 235 7 21 i
295 236 95 21 Joensuu
409 237 39 21 och
467 237 140 26 Björneborg,
627 239 55 20 samt
700 239 32 20 att
751 237 7 21 i
777 237 103 22 afseende
895 237 13 22 å
923 237 73 22 skolan
1013 237 9 22 i

192 262 31 22 S:t
241 263 78 22 Michel
336 265 40 20 den
393 265 67 21 första
475 266 161 21 reservationen
652 265 69 22 skulle
736 267 97 24 antagas,
850 267 55 20 samt
920 265 102 27 slutligen

191 293 32 19 att
241 292 6 20 i
267 292 99 22 afseende
385 293 13 21 å
417 293 74 22 skolan
510 293 7 22 i
536 294 59 21 Vasa
618 294 41 21 den
680 293 68 27 fjerde
768 295 160 28 reservationen
949 293 70 22 blefve

191 319 106 27 godkänd.
327 321 42 26 Jag
384 321 38 22 ber
437 324 56 19 ännu
509 323 32 20 att
557 322 22 21 få
594 324 57 25 yttra
666 322 66 27 några
748 322 38 27 ord
803 323 48 20 med
867 323 115 26 anledning
997 321 24 22 af

190 348 51 21 herr
256 348 131 27 Malmgrens
402 351 99 26 yttrande
517 357 34 14 om
567 351 85 26 Kajana
667 350 67 21 skola.
765 349 69 22 Äfven
848 351 37 26 jag
901 351 38 21 ber
954 352 32 19 att
996 350 22 21 få

191 376 98 22 bekräfta
304 379 31 20 att
349 378 46 21 helt
409 379 73 21 säkert
497 379 69 21 denna
582 379 61 21 skola
658 379 42 21 kan
715 379 69 20 räkna
798 379 28 27 pä
840 379 127 26 tillräckligt
981 385 40 15 an-

191 405 30 21 tal
236 405 78 27 elever,
330 412 33 15 om
379 407 41 21 den
435 407 41 21 blir
491 407 25 21 så
531 407 146 27 organiserad,
689 409 32 19 att
732 407 145 22 allmänheten
893 407 33 22 får
941 407 80 21 förtro-

191 433 54 22 ende
267 434 32 21 till
323 435 128 22 densamma.
481 435 42 27 Jag
545 435 40 22 har
608 436 50 26 sjelf
675 436 7 21 i
700 436 60 21 tiden
784 436 56 21 varit
858 436 47 21 elev
924 436 6 21 i
950 436 73 22 denna,

191 461 67 27 skola,
273 462 39 21 och
322 469 38 15 var
375 463 40 22 den
432 464 27 21 då
474 464 74 21 talrikt
561 464 149 27 freqventerad
722 464 40 21 och
772 465 136 20 motsvarade
920 464 100 21 fullkom-

190 490 40 26 ligt
244 490 56 21 hvad
317 497 47 15 man
379 492 42 21 kan
437 494 63 19 vänta
516 492 23 21 af
554 499 25 14 en
595 493 60 26 lägre
670 493 178 26 bildningsskola.

259 519 56 21 Herr
335 519 136 23 Sundvall:
489 521 42 26 Jag
546 521 40 20 har
603 521 71 21 blifvit
693 521 153 21 tillrättavisad
866 521 24 21 af
903 521 50 21 herr
972 520 48 21 Mo-

190 547 75 21 lander
283 547 34 21 för
335 550 32 19 att
383 549 43 26 jag,
446 549 67 22 ehuru
533 549 104 26 skolman,
656 549 52 22 sade
726 551 33 20 att
778 549 20 21 vi
813 549 64 21 hafva
892 549 126 26 tillräckligt

190 575 73 21 skolor
282 576 39 21 och
339 577 46 21 icke
400 577 91 22 behöfva
505 577 59 22 flere.
594 578 42 26 Jag
651 577 69 22 skulle
736 580 34 19 tro
787 579 31 19 att
833 577 23 22 af
870 577 148 22 sammanban-

189 605 37 25 get
240 603 8 21 i
263 604 48 21 mitt
326 605 143 27 andragande,
485 612 34 15 om
535 605 40 22 ock
585 606 48 21 icke
644 605 22 22 af
678 606 77 27 sjelfva
766 605 73 27 orden,
850 606 67 22 borde
928 605 89 28 framgå,

189 633 32 19 att
237 632 38 27 jag
294 633 88 22 menade
401 634 26 21 de
446 635 61 20 lärda
526 634 108 26 skolorna,
654 634 38 21 och
709 635 39 26 jag
766 634 38 21 vill
820 636 34 19 tro
870 636 31 19 att
917 635 38 20 här
969 634 49 21 icke

188 659 68 22 finnes
271 661 70 26 någon
356 667 45 16 som
417 663 36 20 vill
469 662 62 27 påstå
546 664 33 19 att
596 663 20 20 vi
635 662 63 21 hafva
716 663 34 20 för
765 662 23 21 få
804 663 90 25 sådana;
911 662 64 21 också
990 662 27 22 de

189 694 45 14 som
253 689 54 21 talat
325 689 33 21 för
377 690 26 21 de
419 690 69 22 finska
503 691 101 25 skolorna
619 691 64 21 hafva
697 691 59 27 gjort
772 691 36 21 det
822 691 68 21 under
906 691 113 21 förutsätt-

188 716 51 26 ning
258 718 31 19 att
309 718 25 20 de
350 718 91 22 svenska
456 719 133 26 småningom
606 719 69 21 skulle
690 719 109 27 indragas.
829 719 38 21 Att
882 719 73 21 landet
969 718 49 22 icke

187 744 104 22 behöfver
308 752 45 14 mer
369 746 174 27 lärdomsskolor,
559 747 117 23 innefattar
688 747 24 27 ju
727 747 48 21 icke
792 749 32 19 att
838 748 37 20 det
889 747 47 21 icke
947 747 71 21 skulle

187 772 104 22 behöfvas
306 774 82 26 skolor;
403 775 119 21 folkskolor
537 776 92 20 behöfva
644 776 26 25 vi,
687 776 121 20 realskolor
823 776 92 21 behöfva
929 776 27 26 vi,
967 782 50 14 men

188 800 67 27 högre
270 802 168 22 lärdomsskolor
452 804 63 21 hafva
530 804 28 26 vi,
574 810 45 15 som
635 804 69 26 sagdt,
720 810 46 15 mer
782 806 26 18 än
820 804 132 26 tillräckligt.
974 804 44 21 Det

188 830 25 20 är
227 830 60 21 detta
302 836 45 15 som
363 832 104 21 utskottet
481 834 72 19 menat
568 832 39 21 och
623 838 44 15 som
684 832 64 22 äfven
754 832 38 27 jag
802 832 7 21 i
821 832 47 21 mitt
878 832 140 26 andragande

189 857 48 21 sökt
259 858 119 22 framhålla.
408 859 42 27 Jag
472 860 39 21 har
529 860 64 21 äfven
616 860 71 21 blifvit
708 861 155 21 tillrättavisad
882 860 33 21 för
934 863 31 18 att
978 860 39 27 jag

187 885 55 21 hade
261 886 98 22 hänvisat
377 888 143 27 Björneborgs
540 888 142 27 skolungdom
697 889 33 21 till
746 890 34 20 att
794 888 101 22 fortsätta
910 889 33 21 sin
958 888 59 22 skol-

187 914 56 27 gång
258 914 7 21 i
281 915 78 24 skolor,
374 916 73 21 hvilka
462 918 57 20 ännu
533 917 47 21 icke
596 923 51 15 voro
662 917 148 26 fullständiga.
834 916 41 27 Jag
890 917 75 27 gjorde
979 917 38 21 det

188 942 73 21 derför
283 945 32 19 att
334 944 37 26 jag
394 944 54 22 hade
471 945 101 21 afseende
591 945 27 27 på
637 946 40 20 den
697 947 87 19 senaste
804 945 154 27 författningen
981 951 34 15 om

187 970 128 22 dislokation
338 972 23 21 af
382 972 83 22 landets
488 974 79 20 skolor.
597 974 76 20 Denna
694 976 24 18 är
738 974 128 26 visserligen
885 974 24 20 så
928 980 33 20 ny,
984 975 34 19 att

187 998 63 22 dessa
266 999 72 22 skolor
357 1002 56 20 ännu
427 1001 47 21 icke
489 1001 82 22 kunnat
587 1002 67 21 blifva
669 1002 149 26 fullständiga,
834 1008 47 15 men
895 1002 38 26 jag
948 1002 69 21 förut-

187 1028 55 20 satte
261 1030 32 18 att
311 1034 48 15 man
378 1029 69 21 skulle
466 1030 7 20 i
489 1036 24 14 en
529 1030 29 26 på
573 1031 69 25 privat
657 1032 41 24 väg
713 1030 166 21 åstadkommen
895 1030 61 21 skola
971 1030 46 21 låta

187 1055 99 22 eleverna
304 1057 6 20 i
329 1056 144 28 Björneborgs
492 1058 130 26 fyrklassiga
643 1058 61 21 skola
725 1058 103 21 fortsätta
846 1058 33 21 sin
898 1058 59 26 kurs,
980 1058 36 22 till

187 1083 48 21 dess
252 1084 26 22 de
294 1084 70 22 kunde
379 1085 100 21 fortsätta
495 1086 40 21 den
551 1087 5 20 i
574 1080 52 32 Äbo,
642 1086 147 22 Tammerfors
804 1092 20 15 o.
840 1092 16 15 s.
871 1093 20 15 v.
914 1086 51 21 Man
975 1086 40 23 har

185 1110 39 22 här
234 1112 79 22 vittnat
324 1113 47 21 från
382 1112 52 23 flere
446 1114 43 21 håll
501 1114 32 21 till
546 1114 82 22 förmån
640 1114 34 22 för
688 1115 86 26 Kajana
787 1114 67 22 skola.
884 1115 41 27 Jag
940 1115 37 21 vill
993 1114 22 27 ej.

185 1138 90 24 förneka
293 1143 32 19 att
343 1141 70 21 denna
431 1142 60 21 skola
510 1143 71 21 kunde
600 1143 7 20 i
622 1143 61 21 forna
698 1144 57 20 tider
771 1142 65 22 hafva
850 1142 47 22 haft
912 1145 32 19 ett
959 1145 56 19 stort

185 1168 58 20 anta]
262 1169 71 21 elever
352 1169 28 21 dä
398 1170 40 21 den
459 1177 38 14 var
515 1177 26 15 en
560 1171 60 27 lägre
639 1171 188 21 elementarskola.
861 1171 50 21 Man
931 1171 38 21 har
984 1177 29 15 nu

183 1197 54 19 trott
251 1198 33 19 att
298 1197 129 22 elevantalet
441 1205 50 15 vore
506 1199 83 21 mindre
604 1199 78 26 derför,
702 1201 32 19 att
750 1200 41 20 den
807 1199 71 21 blifvit
894 1199 122 27 omorgani--

184 1224 73 26 serad;
274 1225 58 21 detta
347 1226 46 20 kan
403 1226 47 22 icke
466 1233 51 15 vara
532 1227 67 26 fallet,
615 1229 22 25 ty
652 1228 70 20 sävidt
735 1227 40 27 jag
790 1227 80 21 förstär
885 1229 24 19 är
925 1234 26 14 en
966 1227 49 21 tvä-

182 1252 83 27 klassig
283 1254 179 22 elementarskola
480 1255 71 21 bättre
570 1256 137 26 organiserad
723 1258 28 18 än
768 1262 25 14 en
809 1256 60 26 lägre
885 1256 129 21 elementat-

183 1280 61 22 skola
262 1288 39 14 var
318 1282 37 20 det
373 1282 45 21 förr
437 1283 6 21 i
463 1284 64 20 tiden.
558 1284 102 26 Möjligen
681 1284 71 26 ligger
768 1284 91 21 orsaken
874 1284 32 20 till
924 1284 36 21 det
975 1290 39 15 an-

182 1309 85 23 märkta
285 1309 144 23 förhällandet
447 1312 6 20 i
473 1313 31 20 att
525 1312 76 21 skolan
616 1318 88 16 numera
719 1314 25 19 är
760 1311 151 28 finskspräkig,
928 1312 27 21 dä
970 1312 43 22 den

182 1336 98 22 deremot
295 1344 44 15 som
355 1338 60 27 lägre
431 1340 179 21 elementarskola
624 1346 38 15 var
676 1340 176 26 svenskspräkig.
882 1340 57 21 Herr
953 1340 59 27 Hög-

181 1370 49 18 man
249 1366 40 20 har
306 1366 7 20 i
332 1368 31 19 ett
381 1367 84 27 mycket
483 1368 60 26 långt
562 1369 137 26 andragande
718 1368 98 22 öfveröst
834 1368 43 22 alla
892 1369 58 21 olika
965 1371 50 19 tän--

180 1392 71 22 kande
271 1394 48 21 med
337 1395 44 21 alla
400 1396 87 26 möjliga
505 1396 127 22 tillvitelser.
666 1397 41 26 Jag
727 1396 106 22 särskildt
850 1396 40 22 har
907 1397 41 21 fått
969 1398 45 21 den.

180 1421 126 24 tillvitelsen
321 1424 33 19 att
366 1423 38 27 jag
420 1430 50 15 vore
485 1424 24 21 sä
524 1425 116 26 principlös
655 1427 32 19 att
700 1425 45 27 jag,
764 1425 28 21 dä
806 1425 37 21 det
858 1425 69 26 gäller
941 1425 73 21 finska

180 1449 81 27 skolor,
283 1450 113 22 fasthäller
418 1452 67 21 andra
507 1452 113 27 principer,
638 1455 26 19 än
681 1453 38 27 jag
738 1453 82 21 uttalar
839 1453 28 21 dä
888 1454 37 21 det
941 1453 72 27 gäller

180 1478 92 22 svenska
288 1479 79 21 skolor.
396 1480 42 27 Jag
453 1482 46 19 tror
513 1481 120 21 emellertid
652 1483 32 19 att
698 1482 38 20 det
752 1482 64 20 beror
832 1482 66 26 derpä
912 1484 33 18 att
959 1482 51 21 herr

179 1504 99 28 Högman
295 1508 40 20 alls
350 1507 47 22 icke
412 1508 65 22 fattat
491 1509 50 26 mig,
556 1511 23 25 ty
594 1510 41 20 den
650 1510 82 26 princip
746 1510 40 26 jag
800 1510 96 21 uttalade
912 1516 38 14 var
961 1510 53 26 den,
