1089 1714
432 109 24 19 s.
535 108 27 20 20
567 108 46 23 Mei
836 108 47 20 1869

145 177 76 23 Denna
235 177 131 28 proposition
383 177 133 23 besvarades.
527 178 49 22 med
591 178 158 26 öfvervägande
758 178 30 26 ja,
798 177 39 23 och
848 184 56 20 upp-

77 206 71 23 stälde
169 206 50 21 'berr
234 206 123 23 talmannen
371 206 49 22 med
434 206 116 28 amledning
564 206 64 23 häraf
640 206 96 27 följande
751 206 154 27 omröstnings-

77 234 143 28 proposition:

146 261 41 27 De,
206 262 70 22 kvilka
291 262 113 28 godkänna
418 263 67 22 2:dra
498 265 110 20 momentet
622 263 10 21 i
645 262 109 23 utskottets
768 262 135 22 resolutions-

79 290 88 28 förslag,
181 292 58 21 rösta
250 291 37 27 ja;
303 292 31 26 de,
350 292 34 22 det
399 291 42 22 icke
454 294 60 25 göra,
529 294 58 20 rösta
601 292 46 26 nej;

81 329 2 2 :
147 319 76 23 vinner
241 320 42 26 nej,
303 320 40 22 har
362 320 171 27 borgareständet
548 321 80 27 antaget
641 322 169 20 reservanternas
824 319 82 27 förslag

80 348 35 23 till
128 348 121 23 nesolution.

137 377 47 23 Då
203 377 82 27 jemväl
307 378 72 22 denna
391 378 132 26 proposition
539 378 129 23 besvarades
682 378 50 22 med
748 377 157 27 öfvervägande

82 401 41 36 nej,
138 401 51 36 hade
206 406 87 22 stämdet
307 406 84 22 säledes
405 406 34 22 för
455 406 33 22 sin
504 407 34 21 del
554 406 88 22 beslutit
656 408 33 20 att
704 406 115 23 ständerna
834 406 71 22 skulle

81 434 74 23 lemma.
166 434 147 28 föreliggande
327 435 215 27 petitioassmemoria!
556 437 51 20 utan
623 435 107 21 afseende.

95 568 2 3 .
129 544 13 38 —
151 549 97 28 Upptogs
263 549 33 22 till
311 550 128 27 behandling
454 550 170 27 presteständets
639 556 76 21 genom
731 549 124 28 deputation
866 548 40 22 och

84 578 197 28 protokollsutdrag
294 578 33 22 till
344 579 177 26 borgareständet
536 578 118 22 framförda
668 578 132 27 inbjudning,
815 579 32 20 att
856 577 51 21 bor-

84 607 144 27 gareständet,
252 607 48 22 med
322 607 130 26 frängäende
467 607 23 22 af
504 607 37 22 det
555 607 71 22 beslut
641 607 86 21 ständet
741 607 64 21 fattat
819 606 35 21 vid
869 605 37 22 be-

84 635 130 27 handlingen
228 635 23 22 af
265 635 106 22 allmänna
385 635 206 22 besvärsutskottets
606 635 135 22 betänkande
756 642 34 15 n:o
805 636 27 21 21
848 635 7 20 i
869 640 37 16 an-

84 664 87 27 ledning
193 663 24 22 af
237 664 105 21 särskilda
364 664 184 27 petitionsförslag
570 665 92 20 rörande
681 665 83 21 landets
780 664 128 21 elementar-

84 692 106 26 läroverk,
213 692 50 22 ville
285 693 74 21 förena
377 693 33 26 sig
426 693 6 20 i
446 695 83 25 preste-
544 693 39 21 och
598 693 174 21 bondeständens
786 692 70 22 beslut
872 697 34 16 om

85 720 106 23 afiätande
214 721 23 21 af
257 721 131 27 underdänig
410 721 91 27 petition
524 722 73 21 derom
621 723 32 20 att
668 722 69 27 lyceet
752 722 6 20 i
774 720 135 28 Björneborg

85 749 66 22 mätte
165 749 99 27 utvidgas
279 749 32 22 till
327 752 32 19 ett
373 749 136 28 fullständigt
524 750 126 27 sjuklassigt
659 750 90 27 lyceum.
779 749 81 22 Härvid
871 749 37 21 be-

85 777 77 28 girdes
177 778 61 21 ordet
253 777 22 22 af

153 806 50 22 herr
225 806 142 27 Molander,
390 813 46 15 som
458 807 94 27 yttrade:
575 807 33 21 En
623 807 135 22 riddersman
772 806 84 27 yttrade
872 811 37 16 en-

85 834 56 28 gång
159 835 36 21 vid
211 837 31 19 ett
256 835 83 27 festligt
353 835 91 27 tillfälle,
460 838 33 19 att
508 836 42 21 han
564 835 71 22 kände
650 842 25 15 en
692 837 44 20 stor
752 835 81 22 saknad
848 833 60 23 öfver

86 865 32 20 att
139 863 41 22 han
202 863 47 22 icke
272 864 54 21 bade
349 863 85 22 Ciceros
457 864 120 22 oratoriska
599 864 104 27 förmåga.
731 864 42 27 Jag
788 863 69 24 skulle
873 863 35 21 vid

87 891 59 22 detta
167 892 85 22 tillfälle
275 894 73 20 nästan
371 899 51 15 vara
444 893 76 21 sinnad
542 895 32 19 att
596 895 52 24 säga
666 894 118 21 detsamma
802 891 106 28 (skratt!).

88 919 73 24 Skulle
181 921 38 27 jag
241 927 40 21 ega
303 921 69 22 denna
394 921 103 27 förmåga,
521 921 24 22 sä
563 921 69 22 skulle
646 921 37 27 jag
698 921 72 22 kunna
784 926 77 22 genom
876 921 32 20 ett

87 949 123 27 glänsande,
233 950 97 26 vältaligt
349 950 39 22 och
404 950 80 26 logiskt
498 951 29 21 tal
543 950 78 27 klappa
636 950 28 27 pä
679 950 26 22 de
721 950 149 22 medlemmars
886 948 25 22 af

87 977 178 27 borgareständet
279 978 84 27 hjertan
378 978 38 22 och
431 978 106 27 förstånd,
552 985 45 16 som
612 978 65 22 hafva
692 978 56 22 visat
758 979 32 26 sig
800 978 47 21 icke
858 977 52 26 vilja

87 1006 97 27 uppfatta
205 1009 74 25 nyttan
291 1006 36 22 för
341 1006 145 28 Björneborgs
501 1008 48 21 stad
564 1008 39 21 och
618 1008 50 21 dess
683 1007 142 27 omgifningar
838 1005 24 22 af
878 1007 33 20 ett

88 1034 134 28 fullständigt
244 1036 103 21 läroverk.
377 1036 41 26 Jag
441 1036 71 22 skulle
530 1036 73 22 vidare
618 1036 120 22 framställa
753 1036 40 21 den
808 1034 100 22 inkonse-

88 1069 66 21 avens
171 1063 177 27 borgareständet
365 1064 36 21 vid
415 1064 108 22 fattandet
537 1064 23 22 af
574 1065 38 21 sitt
626 1066 85 20 senaste
726 1064 72 22 beslut
812 1064 6 20 i
834 1062 76 28 frågan

87 1092 62 25 visat,
171 1092 28 21 dä
221 1092 36 21 det
279 1092 66 28 ansåg
365 1094 32 20 att
414 1093 97 22 Joensuu
530 1093 67 22 borde
610 1092 22 22 få
648 1095 31 19 ett
693 1092 137 27 fullständigt
843 1091 68 22 finskt

88 1120 106 26 läroverk,
209 1126 49 16 men
273 1121 132 27 Björneborg
418 1121 84 22 lemnas
517 1124 57 19 utan.
605 1120 128 23 Skulle'det
741 1128 52 14 vara
803 1120 62 27 fräga
874 1126 34 15 om

89 1150 30 21 ett
133 1150 47 26 nytt
194 1149 106 27 läroverk,
315 1150 71 22 kunde
399 1150 37 26 jag
450 1149 76 23 förena
541 1151 43 26 mig
599 1150 49 22 med
663 1150 55 26 dem,
734 1156 46 16 som
794 1149 64 22 hafva
876 1148 34 22 till

88 1177 81 27 princip
191 1179 32 19 att
241 1178 46 21 icke
304 1178 106 27 medgifva
424 1178 133 22 inrättandet
571 1178 23 22 af
608 1185 42 21 nya
663 1178 106 27 läroverk,
785 1178 90 22 emedan
889 1176 22 22 vi

87 1205 64 24 hafva
166 1205 34 22 för
215 1206 84 27 mycket
313 1207 61 21 lärda
389 1206 79 22 skolor.
498 1207 52 23 Men
565 1208 27 21 dä
606 1207 39 23 här
660 1209 25 19 är
699 1207 62 27 fråga
770 1213 34 15 om
816 1212 25 16 en
852 1211 60 21 gam-

88 1234 43 22 mal
155 1234 67 27 skola,
245 1241 45 15 som
310 1236 65 21 redan
391 1235 7 22 i
413 1241 37 16 sex
466 1236 24 21 år
504 1236 84 22 utöfvat
602 1236 33 21 sin
650 1235 137 22 verksamhet
802 1234 40 23 och
856 1234 57 21 visat

88 1262 33 27 sig
143 1262 73 24 kunna
233 1264 68 22 -samla
321 1264 205 26 bildningssökande
541 1265 71 21 elever
626 1264 34 22 till
676 1264 24 22 sä
715 1266 55 20 stort
784 1263 64 26 antal,
866 1268 45 15 som

88 1291 123 28 uppgifvits,
234 1292 24 21 sä
280 1292 69 22 finner
369 1293 39 26 jag
430 1292 47 22 icke
498 1293 65 27 nägot
577 1293 53 26 skäl,
645 1292 29 28 pä
688 1293 70 27 grund
772 1290 77 24 hvaraf
862 1296 50 18 man

88 1319 69 23 skulle
179 1320 97 22 förkasta
298 1321 124 27 petitionen.
452 1321 45 22 Det
518 1328 52 15 vore
591 1323 56 20 ännu
665 1321 85 27 mycket
768 1323 32 19 att
814 1320 99 26 tillägga,

87 1353 48 17 men
156 1348 37 27 jag
208 1350 25 20 är
249 1349 113 28 öfvetygad
377 1356 34 15 om
426 1352 33 20 att
474 1350 6 21 i
498 1350 68 22 denna
580 1352 86 20 nattens
681 1356 52 16 sena
746 1350 74 22 timme
836 1348 77 27 borga-

87 1377 110 22 reständet
212 1377 57 22 helst
286 1384 35 15 ser
335 1380 32 20 att
382 1379 48 21 mitt
444 1379 139 27 andragande
598 1379 42 22 blir
655 1379 25 21 sä
694 1378 50 22 kort
760 1384 46 15 som
821 1377 91 26 möjligt,

87 1404 87 23 hvarför
193 1406 38 27 jag
253 1413 29 15 nu
304 1407 61 21 äfven
390 1407 68 22 slutar
474 1407 125 26 detsamma,
614 1407 132 27 tilläggande
760 1407 57 21 blott
831 1407 33 20 att
876 1405 38 26 jag

88 1433 80 27 hoppas
191 1435 37 21 det
250 1435 177 27 borgareständet
449 1435 49 22 icke
513 1436 55 21 skall
584 1435 48 22 med
648 1437 32 20 ett
694 1435 112 27 bleklagdt
820 1433 35 27 nej
871 1433 45 22 för-

87 1461 67 22 bittra
169 1462 33 21 för
217 1463 166 27 petitionärerne
398 1464 8 21 i
421 1463 77 28 frågan
514 1465 63 21 deras
588 1464 53 22 sista
651 1464 88 21 stunder
749 1463 39 22 här
798 1462 36 21 vid
844 1461 71 22 landt-

87 1490 77 27 dagen,
178 1493 51 20 utan
245 1494 79 25 antaga
338 1492 173 27 presteständets
526 1493 85 26 vänliga
626 1492 132 27 inbjudning.

156 1519 58 22 Herr
235 1519 80 22 Lille:
337 1520 34 21 Då
384 1520 37 27 jag
436 1521 49 22 icke
500 1521 43 21 kan
558 1523 80 25 antaga
651 1522 31 22 att
698 1521 70 22 denna
783 1518 63 28 fråga
860 1518 56 23 skall
