<?xml version="1.0" encoding="UTF-8"?>
<alto xmlns="http://www.loc.gov/standards/alto/ns-v3#" xmlns:xlink="http://www.w3.org/1999/xlink" xmlns:xsi="http://www.w3.org/2001/XMLSchema-instance" xsi:schemaLocation="http://www.loc.gov/standards/alto/ns-v3# http://www.loc.gov/alto/v3/alto-3-0.xsd">
	<Description>
		<MeasurementUnit>pixel</MeasurementUnit>
		<sourceImageInformation>
			<fileName>/tmp/tess_vgomi7b__input.PNG</fileName>
		</sourceImageInformation>
		<OCRProcessing ID="OCR_0">
			<ocrProcessingStep>
				<processingSoftware>
					<softwareName>tesseract 5.3.4</softwareName>
				</processingSoftware>
			</ocrProcessingStep>
		</OCRProcessing>
	</Description>
	<Layout>
		<Page WIDTH="1089" HEIGHT="1959" PHYSICAL_IMG_NR="0" ID="page_0">
			<PrintSpace HPOS="0" VPOS="0" WIDTH="1089" HEIGHT="1959">
				<ComposedBlock ID="cblock_0" HPOS="190" VPOS="185" WIDTH="831" HEIGHT="1362">
					<TextBlock ID="block_0" HPOS="190" VPOS="185" WIDTH="831" HEIGHT="1362">
						<TextLine ID="line_0" HPOS="190" VPOS="185" WIDTH="828" HEIGHT="29">
							<String ID="string_0" HPOS="190" VPOS="186" WIDTH="49" HEIGHT="28" WC="0.87" CONTENT="diga"/><SP WIDTH="19" VPOS="186" HPOS="239"/>
							<String ID="string_1" HPOS="258" VPOS="187" WIDTH="159" HEIGHT="27" WC="0.96" CONTENT="propositionen"/><SP WIDTH="20" VPOS="187" HPOS="417"/>
							<String ID="string_2" HPOS="437" VPOS="194" WIDTH="35" HEIGHT="14" WC="0.95" CONTENT="n:o"/><SP WIDTH="19" VPOS="194" HPOS="472"/>
							<String ID="string_3" HPOS="491" VPOS="188" WIDTH="34" HEIGHT="26" WC="0.96" CONTENT="28,"/><SP WIDTH="21" VPOS="188" HPOS="525"/>
							<String ID="string_4" HPOS="546" VPOS="188" WIDTH="46" HEIGHT="21" WC="0.96" CONTENT="dels"/><SP WIDTH="20" VPOS="188" HPOS="592"/>
							<String ID="string_5" HPOS="612" VPOS="188" WIDTH="28" HEIGHT="26" WC="0.96" CONTENT="på"/><SP WIDTH="19" VPOS="188" HPOS="640"/>
							<String ID="string_6" HPOS="659" VPOS="188" WIDTH="68" HEIGHT="26" WC="0.96" CONTENT="grund"/><SP WIDTH="16" VPOS="188" HPOS="727"/>
							<String ID="string_7" HPOS="743" VPOS="186" WIDTH="23" HEIGHT="22" WC="0.96" CONTENT="af"/><SP WIDTH="14" VPOS="186" HPOS="766"/>
							<String ID="string_8" HPOS="780" VPOS="186" WIDTH="27" HEIGHT="22" WC="0.93" CONTENT="36"/><SP WIDTH="15" VPOS="186" HPOS="807"/>
							<String ID="string_9" HPOS="822" VPOS="186" WIDTH="34" HEIGHT="27" WC="0.51" CONTENT="$:n"/><SP WIDTH="15" VPOS="186" HPOS="856"/>
							<String ID="string_10" HPOS="871" VPOS="186" WIDTH="6" HEIGHT="21" WC="0.93" CONTENT="i"/><SP WIDTH="17" VPOS="186" HPOS="877"/>
							<String ID="string_11" HPOS="894" VPOS="185" WIDTH="124" HEIGHT="27" WC="0.70" CONTENT="Tänätdags-"/>
						</TextLine>
						<TextLine ID="line_1" HPOS="190" VPOS="212" WIDTH="754" HEIGHT="35">
							<String ID="string_12" HPOS="190" VPOS="212" WIDTH="125" HEIGHT="35" WC="0.95" CONTENT="ordningen."/><SP WIDTH="616" VPOS="212" HPOS="315"/>
							<String ID="string_13" HPOS="931" VPOS="240" WIDTH="13" HEIGHT="2" WC="0.59" CONTENT="N"/>
						</TextLine>
						<TextLine ID="line_2" HPOS="196" VPOS="236" WIDTH="821" HEIGHT="42">
							<String ID="string_14" HPOS="196" VPOS="242" WIDTH="13" HEIGHT="30" WC="0.42" CONTENT="+"/><SP WIDTH="49" VPOS="242" HPOS="209"/>
							<String ID="string_15" HPOS="258" VPOS="243" WIDTH="59" HEIGHT="22" WC="0.77" CONTENT="Berr"/><SP WIDTH="14" VPOS="243" HPOS="317"/>
							<String ID="string_16" HPOS="331" VPOS="244" WIDTH="123" HEIGHT="23" WC="0.82" CONTENT="talmannen"/><SP WIDTH="16" VPOS="244" HPOS="454"/>
							<String ID="string_17" HPOS="470" VPOS="244" WIDTH="159" HEIGHT="22" WC="0.91" CONTENT="öfverlemnade"/><SP WIDTH="16" VPOS="244" HPOS="629"/>
							<String ID="string_18" HPOS="645" VPOS="244" WIDTH="52" HEIGHT="21" WC="0.93" CONTENT="härä"/><SP WIDTH="11" VPOS="244" HPOS="697"/>
							<String ID="string_19" HPOS="708" VPOS="243" WIDTH="55" HEIGHT="22" WC="0.96" CONTENT="först"/><SP WIDTH="10" VPOS="243" HPOS="763"/>
							<String ID="string_20" HPOS="773" VPOS="242" WIDTH="32" HEIGHT="21" WC="0.96" CONTENT="till"/><SP WIDTH="12" VPOS="242" HPOS="805"/>
							<String ID="string_21" HPOS="817" VPOS="236" WIDTH="95" HEIGHT="42" WC="0.43" CONTENT="stäiidäts"/><SP WIDTH="16" VPOS="236" HPOS="912"/>
							<String ID="string_22" HPOS="928" VPOS="242" WIDTH="89" HEIGHT="32" WC="0.45" CONTENT="Behand-"/>
						</TextLine>
						<TextLine ID="line_3" HPOS="190" VPOS="268" WIDTH="827" HEIGHT="33">
							<String ID="string_23" HPOS="190" VPOS="271" WIDTH="45" HEIGHT="28" WC="0.86" CONTENT="Ting"/><SP WIDTH="15" VPOS="271" HPOS="235"/>
							<String ID="string_24" HPOS="250" VPOS="271" WIDTH="172" HEIGHT="23" WC="0.92" CONTENT="stätsutskottets"/><SP WIDTH="14" VPOS="271" HPOS="422"/>
							<String ID="string_25" HPOS="436" VPOS="272" WIDTH="82" HEIGHT="27" WC="0.96" CONTENT="förslag"/><SP WIDTH="15" VPOS="272" HPOS="518"/>
							<String ID="string_26" HPOS="533" VPOS="273" WIDTH="34" HEIGHT="21" WC="0.93" CONTENT="till"/><SP WIDTH="16" VPOS="273" HPOS="567"/>
							<String ID="string_27" HPOS="583" VPOS="272" WIDTH="99" HEIGHT="28" WC="0.90" CONTENT="yttrände"/><SP WIDTH="16" VPOS="272" HPOS="682"/>
							<String ID="string_28" HPOS="698" VPOS="272" WIDTH="13" HEIGHT="21" WC="0.92" CONTENT="&amp;"/><SP WIDTH="15" VPOS="272" HPOS="711"/>
							<String ID="string_29" HPOS="726" VPOS="272" WIDTH="39" HEIGHT="21" WC="0.96" CONTENT="sid."/><SP WIDTH="18" VPOS="272" HPOS="765"/>
							<String ID="string_30" HPOS="783" VPOS="271" WIDTH="25" HEIGHT="21" WC="0.96" CONTENT="11"/><SP WIDTH="12" VPOS="271" HPOS="808"/>
							<String ID="string_31" HPOS="820" VPOS="271" WIDTH="42" HEIGHT="29" WC="0.93" CONTENT="och"/><SP WIDTH="8" VPOS="271" HPOS="862"/>
							<String ID="string_32" HPOS="870" VPOS="270" WIDTH="31" HEIGHT="30" WC="0.92" CONTENT="12"/><SP WIDTH="7" VPOS="270" HPOS="901"/>
							<String ID="string_33" HPOS="908" VPOS="268" WIDTH="109" HEIGHT="33" WC="0.47" CONTENT="änpätiide"/>
						</TextLine>
						<TextLine ID="line_4" HPOS="191" VPOS="296" WIDTH="827" HEIGHT="32">
							<String ID="string_34" HPOS="191" VPOS="301" WIDTH="27" HEIGHT="22" WC="0.92" CONTENT="de"/><SP WIDTH="15" VPOS="301" HPOS="218"/>
							<String ID="string_35" HPOS="233" VPOS="300" WIDTH="115" HEIGHT="22" WC="0.40" CONTENT="tillernäde"/><SP WIDTH="14" VPOS="300" HPOS="348"/>
							<String ID="string_36" HPOS="362" VPOS="301" WIDTH="259" HEIGHT="27" WC="0.89" CONTENT="kanaliseringsärbetena"/><SP WIDTH="20" VPOS="301" HPOS="621"/>
							<String ID="string_37" HPOS="641" VPOS="306" WIDTH="49" HEIGHT="16" WC="0.91" CONTENT="norr"/><SP WIDTH="22" VPOS="306" HPOS="690"/>
							<String ID="string_38" HPOS="712" VPOS="307" WIDTH="33" HEIGHT="14" WC="0.93" CONTENT="om"/><SP WIDTH="24" VPOS="307" HPOS="745"/>
							<String ID="string_39" HPOS="769" VPOS="296" WIDTH="103" HEIGHT="31" WC="0.25" CONTENT="Päijännb"/><SP WIDTH="21" VPOS="296" HPOS="872"/>
							<String ID="string_40" HPOS="893" VPOS="296" WIDTH="40" HEIGHT="30" WC="0.40" CONTENT="sjö."/><SP WIDTH="30" VPOS="296" HPOS="933"/>
							<String ID="string_41" HPOS="963" VPOS="297" WIDTH="55" HEIGHT="23" WC="0.82" CONTENT="&#39;Här-"/>
						</TextLine>
						<TextLine ID="line_5" HPOS="191" VPOS="327" WIDTH="768" HEIGHT="31">
							<String ID="string_42" HPOS="191" VPOS="327" WIDTH="35" HEIGHT="23" WC="0.79" CONTENT="vid"/><SP WIDTH="16" VPOS="327" HPOS="226"/>
							<String ID="string_43" HPOS="242" VPOS="328" WIDTH="106" HEIGHT="28" WC="0.96" CONTENT="begärdes"/><SP WIDTH="16" VPOS="328" HPOS="348"/>
							<String ID="string_44" HPOS="364" VPOS="330" WIDTH="61" HEIGHT="20" WC="0.96" CONTENT="ordet"/><SP WIDTH="15" VPOS="330" HPOS="425"/>
							<String ID="string_45" HPOS="440" VPOS="330" WIDTH="32" HEIGHT="20" WC="0.96" CONTENT="af:"/><SP WIDTH="137" VPOS="330" HPOS="472"/>
							<String ID="string_46" HPOS="609" VPOS="330" WIDTH="2" HEIGHT="2" WC="0.48" CONTENT="|"/><SP WIDTH="233" VPOS="330" HPOS="611"/>
							<String ID="string_47" HPOS="844" VPOS="328" WIDTH="58" HEIGHT="30" WC="0.7" CONTENT="ven"/>
						</TextLine>
						<TextLine ID="line_6" HPOS="260" VPOS="355" WIDTH="758" HEIGHT="31">
							<String ID="string_48" HPOS="260" VPOS="358" WIDTH="57" HEIGHT="21" WC="0.93" CONTENT="Herr"/><SP WIDTH="15" VPOS="358" HPOS="317"/>
							<String ID="string_49" HPOS="332" VPOS="358" WIDTH="139" HEIGHT="26" WC="0.90" CONTENT="Tallgvist,"/><SP WIDTH="16" VPOS="358" HPOS="471"/>
							<String ID="string_50" HPOS="487" VPOS="364" WIDTH="44" HEIGHT="15" WC="0.93" CONTENT="som"/><SP WIDTH="16" VPOS="364" HPOS="531"/>
							<String ID="string_51" HPOS="547" VPOS="357" WIDTH="96" HEIGHT="28" WC="0.96" CONTENT="yttrade:"/><SP WIDTH="14" VPOS="357" HPOS="643"/>
							<String ID="string_52" HPOS="657" VPOS="357" WIDTH="112" HEIGHT="21" WC="0.96" CONTENT="Utskottet"/><SP WIDTH="15" VPOS="357" HPOS="769"/>
							<String ID="string_53" HPOS="784" VPOS="356" WIDTH="62" HEIGHT="27" WC="0.94" CONTENT="säger"/><SP WIDTH="15" VPOS="356" HPOS="846"/>
							<String ID="string_54" HPOS="861" VPOS="356" WIDTH="28" HEIGHT="27" WC="0.93" CONTENT="pä"/><SP WIDTH="13" VPOS="356" HPOS="889"/>
							<String ID="string_55" HPOS="902" VPOS="356" WIDTH="49" HEIGHT="30" WC="0.73" CONTENT="pag."/><SP WIDTH="11" VPOS="356" HPOS="951"/>
							<String ID="string_56" HPOS="962" VPOS="355" WIDTH="12" HEIGHT="22" WC="0.94" CONTENT="6"/><SP WIDTH="4" VPOS="355" HPOS="974"/>
							<String ID="string_57" HPOS="978" VPOS="355" WIDTH="40" HEIGHT="22" WC="0.94" CONTENT="ätt"/>
						</TextLine>
						<TextLine ID="line_7" HPOS="192" VPOS="383" WIDTH="824" HEIGHT="30">
							<String ID="string_58" HPOS="192" VPOS="384" WIDTH="65" HEIGHT="23" WC="0.92" CONTENT="bland"/><SP WIDTH="15" VPOS="384" HPOS="257"/>
							<String ID="string_59" HPOS="272" VPOS="386" WIDTH="96" HEIGHT="26" WC="0.96" CONTENT="utgifter,"/><SP WIDTH="16" VPOS="386" HPOS="368"/>
							<String ID="string_60" HPOS="384" VPOS="392" WIDTH="46" HEIGHT="15" WC="0.96" CONTENT="som"/><SP WIDTH="19" VPOS="392" HPOS="430"/>
							<String ID="string_61" HPOS="449" VPOS="386" WIDTH="69" HEIGHT="21" WC="0.96" CONTENT="skulle"/><SP WIDTH="21" VPOS="386" HPOS="518"/>
							<String ID="string_62" HPOS="539" VPOS="386" WIDTH="86" HEIGHT="21" WC="0.94" CONTENT="komma"/><SP WIDTH="18" VPOS="386" HPOS="625"/>
							<String ID="string_63" HPOS="643" VPOS="387" WIDTH="33" HEIGHT="20" WC="0.93" CONTENT="att"/><SP WIDTH="17" VPOS="387" HPOS="676"/>
							<String ID="string_64" HPOS="693" VPOS="386" WIDTH="52" HEIGHT="27" WC="0.96" CONTENT="utgå"/><SP WIDTH="18" VPOS="386" HPOS="745"/>
							<String ID="string_65" HPOS="763" VPOS="384" WIDTH="47" HEIGHT="22" WC="0.87" CONTENT="från"/><SP WIDTH="14" VPOS="384" HPOS="810"/>
							<String ID="string_66" HPOS="824" VPOS="383" WIDTH="109" HEIGHT="26" WC="0.92" CONTENT="allmännä"/><SP WIDTH="22" VPOS="383" HPOS="933"/>
							<String ID="string_67" HPOS="955" VPOS="386" WIDTH="61" HEIGHT="27" WC="0.64" CONTENT="stats:"/>
						</TextLine>
						<TextLine ID="line_8" HPOS="192" VPOS="412" WIDTH="826" HEIGHT="30">
							<String ID="string_68" HPOS="192" VPOS="412" WIDTH="80" HEIGHT="23" WC="0.92" CONTENT="fonden"/><SP WIDTH="16" VPOS="412" HPOS="272"/>
							<String ID="string_69" HPOS="288" VPOS="414" WIDTH="126" HEIGHT="27" WC="0.27" CONTENT="jutskottets"/><SP WIDTH="16" VPOS="414" HPOS="414"/>
							<String ID="string_70" HPOS="430" VPOS="414" WIDTH="191" HEIGHT="28" WC="0.93" CONTENT="uppmärksamhet"/><SP WIDTH="14" VPOS="414" HPOS="621"/>
							<String ID="string_71" HPOS="635" VPOS="413" WIDTH="104" HEIGHT="22" WC="0.93" CONTENT="särskildt"/><SP WIDTH="14" VPOS="413" HPOS="739"/>
							<String ID="string_72" HPOS="753" VPOS="413" WIDTH="76" HEIGHT="21" WC="0.93" CONTENT="fästats"/><SP WIDTH="15" VPOS="413" HPOS="829"/>
							<String ID="string_73" HPOS="844" VPOS="413" WIDTH="35" HEIGHT="21" WC="0.96" CONTENT="vid"/><SP WIDTH="17" VPOS="413" HPOS="879"/>
							<String ID="string_74" HPOS="896" VPOS="419" WIDTH="25" HEIGHT="23" WC="0.96" CONTENT="en"/><SP WIDTH="11" VPOS="419" HPOS="921"/>
							<String ID="string_75" HPOS="932" VPOS="414" WIDTH="48" HEIGHT="25" WC="0.96" CONTENT="post"/><SP WIDTH="6" VPOS="414" HPOS="980"/>
							<String ID="string_76" HPOS="986" VPOS="412" WIDTH="32" HEIGHT="30" WC="0.96" CONTENT="pä"/>
						</TextLine>
						<TextLine ID="line_9" HPOS="194" VPOS="441" WIDTH="823" HEIGHT="28">
							<String ID="string_77" HPOS="194" VPOS="443" WIDTH="113" HEIGHT="25" WC="0.90" CONTENT="1,500,000"/><SP WIDTH="15" VPOS="443" HPOS="307"/>
							<String ID="string_78" HPOS="322" VPOS="443" WIDTH="67" HEIGHT="26" WC="0.93" CONTENT="mark,"/><SP WIDTH="15" VPOS="443" HPOS="389"/>
							<String ID="string_79" HPOS="404" VPOS="443" WIDTH="85" HEIGHT="21" WC="0.96" CONTENT="hvilken"/><SP WIDTH="16" VPOS="443" HPOS="489"/>
							<String ID="string_80" HPOS="505" VPOS="443" WIDTH="34" HEIGHT="21" WC="0.97" CONTENT="för"/><SP WIDTH="15" VPOS="443" HPOS="539"/>
							<String ID="string_81" HPOS="554" VPOS="442" WIDTH="95" HEIGHT="27" WC="0.93" CONTENT="följande"/><SP WIDTH="15" VPOS="442" HPOS="649"/>
							<String ID="string_82" HPOS="664" VPOS="444" WIDTH="74" HEIGHT="19" WC="0.93" CONTENT="trenne"/><SP WIDTH="17" VPOS="444" HPOS="738"/>
							<String ID="string_83" HPOS="755" VPOS="442" WIDTH="24" HEIGHT="23" WC="0.96" CONTENT="år"/><SP WIDTH="10" VPOS="442" HPOS="779"/>
							<String ID="string_84" HPOS="789" VPOS="441" WIDTH="131" HEIGHT="22" WC="0.93" CONTENT="reserverats"/><SP WIDTH="16" VPOS="441" HPOS="920"/>
							<String ID="string_85" HPOS="936" VPOS="441" WIDTH="31" HEIGHT="21" WC="0.93" CONTENT="till"/><SP WIDTH="17" VPOS="441" HPOS="967"/>
							<String ID="string_86" HPOS="984" VPOS="443" WIDTH="33" HEIGHT="19" WC="0.77" CONTENT="ut-"/>
						</TextLine>
						<TextLine ID="line_10" HPOS="192" VPOS="469" WIDTH="826" HEIGHT="29">
							<String ID="string_87" HPOS="192" VPOS="471" WIDTH="90" HEIGHT="21" WC="0.93" CONTENT="förande"/><SP WIDTH="19" VPOS="471" HPOS="282"/>
							<String ID="string_88" HPOS="301" VPOS="471" WIDTH="23" HEIGHT="21" WC="0.93" CONTENT="af"/><SP WIDTH="17" VPOS="471" HPOS="324"/>
							<String ID="string_89" HPOS="341" VPOS="471" WIDTH="170" HEIGHT="27" WC="0.92" CONTENT="kanaliseringen"/><SP WIDTH="22" VPOS="471" HPOS="511"/>
							<String ID="string_90" HPOS="533" VPOS="470" WIDTH="47" HEIGHT="22" WC="0.96" CONTENT="utaf"/><SP WIDTH="18" VPOS="470" HPOS="580"/>
							<String ID="string_91" HPOS="598" VPOS="471" WIDTH="26" HEIGHT="21" WC="0.96" CONTENT="de"/><SP WIDTH="20" VPOS="471" HPOS="624"/>
							<String ID="string_92" HPOS="644" VPOS="470" WIDTH="131" HEIGHT="22" WC="0.93" CONTENT="vidsträckta"/><SP WIDTH="19" VPOS="470" HPOS="775"/>
							<String ID="string_93" HPOS="794" VPOS="469" WIDTH="153" HEIGHT="27" WC="0.83" CONTENT="vattendrägen"/><SP WIDTH="21" VPOS="469" HPOS="947"/>
							<String ID="string_94" HPOS="968" VPOS="476" WIDTH="50" HEIGHT="14" WC="0.95" CONTENT="norr"/>
						</TextLine>
						<TextLine ID="line_11" HPOS="193" VPOS="498" WIDTH="825" HEIGHT="30">
							<String ID="string_95" HPOS="193" VPOS="506" WIDTH="33" HEIGHT="14" WC="0.96" CONTENT="om"/><SP WIDTH="17" VPOS="506" HPOS="226"/>
							<String ID="string_96" HPOS="243" VPOS="500" WIDTH="102" HEIGHT="26" WC="0.93" CONTENT="Päijänne"/><SP WIDTH="17" VPOS="500" HPOS="345"/>
							<String ID="string_97" HPOS="362" VPOS="500" WIDTH="49" HEIGHT="26" WC="0.77" CONTENT="sjö*."/><SP WIDTH="30" VPOS="500" HPOS="411"/>
							<String ID="string_98" HPOS="441" VPOS="500" WIDTH="83" HEIGHT="26" WC="0.96" CONTENT="Längre"/><SP WIDTH="16" VPOS="500" HPOS="524"/>
							<String ID="string_99" HPOS="540" VPOS="500" WIDTH="41" HEIGHT="20" WC="0.96" CONTENT="ned"/><SP WIDTH="16" VPOS="500" HPOS="581"/>
							<String ID="string_100" HPOS="597" VPOS="500" WIDTH="28" HEIGHT="26" WC="0.96" CONTENT="pä"/><SP WIDTH="16" VPOS="500" HPOS="625"/>
							<String ID="string_101" HPOS="641" VPOS="506" WIDTH="81" HEIGHT="14" WC="0.96" CONTENT="samma"/><SP WIDTH="16" VPOS="506" HPOS="722"/>
							<String ID="string_102" HPOS="738" VPOS="500" WIDTH="47" HEIGHT="20" WC="0.96" CONTENT="sida"/><SP WIDTH="15" VPOS="500" HPOS="785"/>
							<String ID="string_103" HPOS="800" VPOS="498" WIDTH="61" HEIGHT="29" WC="0.93" CONTENT="anför"/><SP WIDTH="9" VPOS="498" HPOS="861"/>
							<String ID="string_104" HPOS="870" VPOS="498" WIDTH="105" HEIGHT="30" WC="0.96" CONTENT="utskottet"/><SP WIDTH="11" VPOS="498" HPOS="975"/>
							<String ID="string_105" HPOS="986" VPOS="500" WIDTH="32" HEIGHT="18" WC="0.96" CONTENT="att"/>
						</TextLine>
						<TextLine ID="line_12" HPOS="193" VPOS="525" WIDTH="824" HEIGHT="31">
							<String ID="string_106" HPOS="193" VPOS="528" WIDTH="39" HEIGHT="28" WC="0.73" CONTENT="»då"/><SP WIDTH="14" VPOS="528" HPOS="232"/>
							<String ID="string_107" HPOS="246" VPOS="528" WIDTH="105" HEIGHT="26" WC="0.92" CONTENT="derjemte"/><SP WIDTH="15" VPOS="528" HPOS="351"/>
							<String ID="string_108" HPOS="366" VPOS="528" WIDTH="94" HEIGHT="22" WC="0.96" CONTENT="beslutet"/><SP WIDTH="15" VPOS="528" HPOS="460"/>
							<String ID="string_109" HPOS="475" VPOS="534" WIDTH="32" HEIGHT="15" WC="0.96" CONTENT="om"/><SP WIDTH="16" VPOS="534" HPOS="507"/>
							<String ID="string_110" HPOS="523" VPOS="528" WIDTH="124" HEIGHT="26" WC="0.87" CONTENT="byggandet"/><SP WIDTH="10" VPOS="528" HPOS="647"/>
							<String ID="string_111" HPOS="657" VPOS="528" WIDTH="22" HEIGHT="20" WC="0.93" CONTENT="af"/><SP WIDTH="13" VPOS="528" HPOS="679"/>
							<String ID="string_112" HPOS="692" VPOS="527" WIDTH="170" HEIGHT="22" WC="0.45" CONTENT="Savolaksbanan"/><SP WIDTH="12" VPOS="527" HPOS="862"/>
							<String ID="string_113" HPOS="874" VPOS="521" WIDTH="76" HEIGHT="39" WC="0.41" CONTENT="ydtiöm"/><SP WIDTH="14" VPOS="521" HPOS="950"/>
							<String ID="string_114" HPOS="964" VPOS="526" WIDTH="53" HEIGHT="22" WC="0.92" CONTENT="Suo-"/>
						</TextLine>
						<TextLine ID="line_13" HPOS="192" VPOS="554" WIDTH="822" HEIGHT="31">
							<String ID="string_115" HPOS="192" VPOS="556" WIDTH="92" HEIGHT="26" WC="0.39" CONTENT="nenjöki"/><SP WIDTH="10" VPOS="556" HPOS="284"/>
							<String ID="string_116" HPOS="294" VPOS="556" WIDTH="48" HEIGHT="21" WC="0.92" CONTENT="med"/><SP WIDTH="15" VPOS="556" HPOS="342"/>
							<String ID="string_117" HPOS="357" VPOS="556" WIDTH="77" HEIGHT="22" WC="0.44" CONTENT="bibäna"/><SP WIDTH="15" VPOS="556" HPOS="434"/>
							<String ID="string_118" HPOS="449" VPOS="557" WIDTH="31" HEIGHT="21" WC="0.91" CONTENT="till"/><SP WIDTH="16" VPOS="557" HPOS="480"/>
							<String ID="string_119" HPOS="496" VPOS="556" WIDTH="76" HEIGHT="21" WC="0.88" CONTENT="Iisvesi"/><SP WIDTH="16" VPOS="556" HPOS="572"/>
							<String ID="string_120" HPOS="588" VPOS="556" WIDTH="32" HEIGHT="26" WC="0.96" CONTENT="sjö"/><SP WIDTH="19" VPOS="556" HPOS="620"/>
							<String ID="string_121" HPOS="639" VPOS="556" WIDTH="71" HEIGHT="21" WC="0.93" CONTENT="kunde"/><SP WIDTH="19" VPOS="556" HPOS="710"/>
							<String ID="string_122" HPOS="729" VPOS="556" WIDTH="66" HEIGHT="21" WC="0.84" CONTENT="hafva"/><SP WIDTH="14" VPOS="556" HPOS="795"/>
							<String ID="string_123" HPOS="809" VPOS="554" WIDTH="118" HEIGHT="28" WC="0.91" CONTENT="inflytande"/><SP WIDTH="30" VPOS="554" HPOS="927"/>
							<String ID="string_124" HPOS="957" VPOS="555" WIDTH="16" HEIGHT="29" WC="0.96" CONTENT="pä"/><SP WIDTH="16" VPOS="555" HPOS="973"/>
							<String ID="string_125" HPOS="989" VPOS="555" WIDTH="25" HEIGHT="30" WC="0.96" CONTENT="de"/>
						</TextLine>
						<TextLine ID="line_14" HPOS="192" VPOS="582" WIDTH="824" HEIGHT="30">
							<String ID="string_126" HPOS="192" VPOS="584" WIDTH="114" HEIGHT="22" WC="0.90" CONTENT="tillernade"/><SP WIDTH="15" VPOS="584" HPOS="306"/>
							<String ID="string_127" HPOS="321" VPOS="585" WIDTH="195" HEIGHT="27" WC="0.93" CONTENT="kanaliseringarne"/><SP WIDTH="17" VPOS="585" HPOS="516"/>
							<String ID="string_128" HPOS="533" VPOS="585" WIDTH="66" HEIGHT="26" WC="0.96" CONTENT="ansåg"/><SP WIDTH="16" VPOS="585" HPOS="599"/>
							<String ID="string_129" HPOS="615" VPOS="585" WIDTH="106" HEIGHT="21" WC="0.96" CONTENT="utskottet"/><SP WIDTH="19" VPOS="585" HPOS="721"/>
							<String ID="string_130" HPOS="740" VPOS="585" WIDTH="33" HEIGHT="26" WC="0.93" CONTENT="sig"/><SP WIDTH="15" VPOS="585" HPOS="773"/>
							<String ID="string_131" HPOS="788" VPOS="583" WIDTH="70" HEIGHT="22" WC="0.93" CONTENT="tillika"/><SP WIDTH="15" VPOS="583" HPOS="858"/>
							<String ID="string_132" HPOS="873" VPOS="582" WIDTH="52" HEIGHT="22" WC="0.69" CONTENT="börä"/><SP WIDTH="18" VPOS="582" HPOS="925"/>
							<String ID="string_133" HPOS="943" VPOS="583" WIDTH="73" HEIGHT="21" WC="0.53" CONTENT="&#39;Zénöin"/>
						</TextLine>
						<TextLine ID="line_15" HPOS="193" VPOS="612" WIDTH="823" HEIGHT="28">
							<String ID="string_134" HPOS="193" VPOS="618" WIDTH="25" HEIGHT="16" WC="0.96" CONTENT="en"/><SP WIDTH="18" VPOS="618" HPOS="218"/>
							<String ID="string_135" HPOS="236" VPOS="612" WIDTH="22" HEIGHT="22" WC="0.93" CONTENT="af"/><SP WIDTH="18" VPOS="612" HPOS="258"/>
							<String ID="string_136" HPOS="276" VPOS="613" WIDTH="97" HEIGHT="21" WC="0.91" CONTENT="fackmän"/><SP WIDTH="24" VPOS="613" HPOS="373"/>
							<String ID="string_137" HPOS="397" VPOS="615" WIDTH="139" HEIGHT="21" WC="0.90" CONTENT="sammansatt"/><SP WIDTH="18" VPOS="615" HPOS="536"/>
							<String ID="string_138" HPOS="554" VPOS="613" WIDTH="121" HEIGHT="27" WC="0.93" CONTENT="delegation"/><SP WIDTH="20" VPOS="613" HPOS="675"/>
							<String ID="string_139" HPOS="695" VPOS="613" WIDTH="44" HEIGHT="21" WC="0.92" CONTENT="läta"/><SP WIDTH="15" VPOS="613" HPOS="739"/>
							<String ID="string_140" HPOS="754" VPOS="612" WIDTH="130" HEIGHT="22" WC="0.91" CONTENT="underkasta"/><SP WIDTH="16" VPOS="612" HPOS="884"/>
							<String ID="string_141" HPOS="900" VPOS="612" WIDTH="74" HEIGHT="26" WC="0.92" CONTENT="frägan"/><SP WIDTH="16" VPOS="612" HPOS="974"/>
							<String ID="string_142" HPOS="990" VPOS="618" WIDTH="26" HEIGHT="17" WC="0.96" CONTENT="en"/>
						</TextLine>
						<TextLine ID="line_16" HPOS="193" VPOS="640" WIDTH="824" HEIGHT="29">
							<String ID="string_143" HPOS="193" VPOS="641" WIDTH="46" HEIGHT="21" WC="0.84" CONTENT="mer"/><SP WIDTH="12" VPOS="641" HPOS="239"/>
							<String ID="string_144" HPOS="251" VPOS="641" WIDTH="140" HEIGHT="25" WC="0.65" CONTENT="omfattande"/><SP WIDTH="23" VPOS="641" HPOS="391"/>
							<String ID="string_145" HPOS="414" VPOS="642" WIDTH="87" HEIGHT="27" WC="0.96" CONTENT="förnyad"/><SP WIDTH="24" VPOS="642" HPOS="501"/>
							<String ID="string_146" HPOS="525" VPOS="642" WIDTH="148" HEIGHT="26" WC="0.73" CONTENT="granskning”."/><SP WIDTH="34" VPOS="642" HPOS="673"/>
							<String ID="string_147" HPOS="707" VPOS="641" WIDTH="112" HEIGHT="21" WC="0.95" CONTENT="Utskottet"/><SP WIDTH="17" VPOS="641" HPOS="819"/>
							<String ID="string_148" HPOS="836" VPOS="641" WIDTH="39" HEIGHT="20" WC="0.96" CONTENT="har"/><SP WIDTH="20" VPOS="641" HPOS="875"/>
							<String ID="string_149" HPOS="895" VPOS="640" WIDTH="72" HEIGHT="21" WC="0.96" CONTENT="vidare"/><SP WIDTH="22" VPOS="640" HPOS="967"/>
							<String ID="string_150" HPOS="989" VPOS="640" WIDTH="28" HEIGHT="28" WC="0.96" CONTENT="pä"/>
						</TextLine>
						<TextLine ID="line_17" HPOS="192" VPOS="669" WIDTH="825" HEIGHT="27">
							<String ID="string_151" HPOS="192" VPOS="674" WIDTH="62" HEIGHT="22" WC="0.91" CONTENT="pagg."/><SP WIDTH="18" VPOS="674" HPOS="254"/>
							<String ID="string_152" HPOS="272" VPOS="670" WIDTH="71" HEIGHT="21" WC="0.88" CONTENT="7--10"/><SP WIDTH="17" VPOS="670" HPOS="343"/>
							<String ID="string_153" HPOS="360" VPOS="670" WIDTH="21" HEIGHT="20" WC="0.91" CONTENT="in"/><SP WIDTH="21" VPOS="670" HPOS="381"/>
							<String ID="string_154" HPOS="402" VPOS="672" WIDTH="86" HEIGHT="20" WC="0.91" CONTENT="extenso"/><SP WIDTH="21" VPOS="672" HPOS="488"/>
							<String ID="string_155" HPOS="509" VPOS="669" WIDTH="65" HEIGHT="22" WC="0.96" CONTENT="infört"/><SP WIDTH="19" VPOS="669" HPOS="574"/>
							<String ID="string_156" HPOS="593" VPOS="670" WIDTH="36" HEIGHT="21" WC="0.95" CONTENT="det"/><SP WIDTH="20" VPOS="670" HPOS="629"/>
							<String ID="string_157" HPOS="649" VPOS="670" WIDTH="22" HEIGHT="21" WC="0.96" CONTENT="af"/><SP WIDTH="18" VPOS="670" HPOS="671"/>
							<String ID="string_158" HPOS="689" VPOS="669" WIDTH="92" HEIGHT="21" WC="0.96" CONTENT="nämnda"/><SP WIDTH="19" VPOS="669" HPOS="781"/>
							<String ID="string_159" HPOS="800" VPOS="669" WIDTH="120" HEIGHT="27" WC="0.93" CONTENT="delegation"/><SP WIDTH="16" VPOS="669" HPOS="920"/>
							<String ID="string_160" HPOS="936" VPOS="669" WIDTH="81" HEIGHT="27" WC="0.92" CONTENT="afgifna"/>
						</TextLine>
						<TextLine ID="line_18" HPOS="193" VPOS="696" WIDTH="823" HEIGHT="30">
							<String ID="string_161" HPOS="193" VPOS="698" WIDTH="121" HEIGHT="28" WC="0.92" CONTENT="utlätandet"/><SP WIDTH="15" VPOS="698" HPOS="314"/>
							<String ID="string_162" HPOS="329" VPOS="698" WIDTH="131" HEIGHT="23" WC="0.96" CONTENT="beträffande"/><SP WIDTH="16" VPOS="698" HPOS="460"/>
							<String ID="string_163" HPOS="476" VPOS="699" WIDTH="69" HEIGHT="25" WC="0.93" CONTENT="denna"/><SP WIDTH="14" VPOS="699" HPOS="545"/>
							<String ID="string_164" HPOS="559" VPOS="698" WIDTH="152" HEIGHT="28" WC="0.92" CONTENT="kanalisering."/><SP WIDTH="30" VPOS="698" HPOS="711"/>
							<String ID="string_165" HPOS="741" VPOS="698" WIDTH="43" HEIGHT="21" WC="0.96" CONTENT="För"/><SP WIDTH="16" VPOS="698" HPOS="784"/>
							<String ID="string_166" HPOS="800" VPOS="698" WIDTH="41" HEIGHT="20" WC="0.96" CONTENT="min"/><SP WIDTH="17" VPOS="698" HPOS="841"/>
							<String ID="string_167" HPOS="858" VPOS="696" WIDTH="33" HEIGHT="22" WC="0.95" CONTENT="del"/><SP WIDTH="16" VPOS="696" HPOS="891"/>
							<String ID="string_168" HPOS="907" VPOS="696" WIDTH="59" HEIGHT="29" WC="0.93" CONTENT="delar"/><SP WIDTH="12" VPOS="696" HPOS="966"/>
							<String ID="string_169" HPOS="978" VPOS="697" WIDTH="38" HEIGHT="27" WC="0.92" CONTENT="jäg"/>
						</TextLine>
						<TextLine ID="line_19" HPOS="192" VPOS="724" WIDTH="824" HEIGHT="29">
							<String ID="string_170" HPOS="192" VPOS="726" WIDTH="7" HEIGHT="21" WC="0.90" CONTENT="1"/><SP WIDTH="16" VPOS="726" HPOS="199"/>
							<String ID="string_171" HPOS="215" VPOS="726" WIDTH="43" HEIGHT="21" WC="0.90" CONTENT="allo"/><SP WIDTH="20" VPOS="726" HPOS="258"/>
							<String ID="string_172" HPOS="278" VPOS="726" WIDTH="26" HEIGHT="21" WC="0.93" CONTENT="de"/><SP WIDTH="20" VPOS="726" HPOS="304"/>
							<String ID="string_173" HPOS="324" VPOS="727" WIDTH="86" HEIGHT="26" WC="0.85" CONTENT="åsikter,"/><SP WIDTH="20" VPOS="727" HPOS="410"/>
							<String ID="string_174" HPOS="430" VPOS="733" WIDTH="44" HEIGHT="15" WC="0.96" CONTENT="som"/><SP WIDTH="19" VPOS="733" HPOS="474"/>
							<String ID="string_175" HPOS="493" VPOS="727" WIDTH="7" HEIGHT="21" WC="0.96" CONTENT="i"/><SP WIDTH="19" VPOS="727" HPOS="500"/>
							<String ID="string_176" HPOS="519" VPOS="726" WIDTH="59" HEIGHT="21" WC="0.89" CONTENT="detta"/><SP WIDTH="17" VPOS="726" HPOS="578"/>
							<String ID="string_177" HPOS="595" VPOS="726" WIDTH="112" HEIGHT="25" WC="0.55" CONTENT="utlåtande"/><SP WIDTH="18" VPOS="726" HPOS="707"/>
							<String ID="string_178" HPOS="725" VPOS="725" WIDTH="87" HEIGHT="23" WC="0.91" CONTENT="uttalas."/><SP WIDTH="30" VPOS="725" HPOS="812"/>
							<String ID="string_179" HPOS="842" VPOS="724" WIDTH="94" HEIGHT="28" WC="0.76" CONTENT="Specielt"/><SP WIDTH="18" VPOS="724" HPOS="936"/>
							<String ID="string_180" HPOS="954" VPOS="732" WIDTH="62" HEIGHT="14" WC="0.96" CONTENT="anser"/>
						</TextLine>
						<TextLine ID="line_20" HPOS="190" VPOS="752" WIDTH="828" HEIGHT="30">
							<String ID="string_181" HPOS="190" VPOS="754" WIDTH="38" HEIGHT="27" WC="0.92" CONTENT="jag"/><SP WIDTH="15" VPOS="754" HPOS="228"/>
							<String ID="string_182" HPOS="243" VPOS="756" WIDTH="33" HEIGHT="20" WC="0.96" CONTENT="att"/><SP WIDTH="15" VPOS="756" HPOS="276"/>
							<String ID="string_183" HPOS="291" VPOS="755" WIDTH="76" HEIGHT="21" WC="0.94" CONTENT="endast"/><SP WIDTH="15" VPOS="755" HPOS="367"/>
							<String ID="string_184" HPOS="382" VPOS="754" WIDTH="40" HEIGHT="22" WC="0.93" CONTENT="den"/><SP WIDTH="14" VPOS="754" HPOS="422"/>
							<String ID="string_185" HPOS="436" VPOS="755" WIDTH="100" HEIGHT="21" WC="0.93" CONTENT="kanalled"/><SP WIDTH="17" VPOS="755" HPOS="536"/>
							<String ID="string_186" HPOS="553" VPOS="754" WIDTH="46" HEIGHT="22" WC="0.93" CONTENT="frän"/><SP WIDTH="16" VPOS="754" HPOS="599"/>
							<String ID="string_187" HPOS="615" VPOS="752" WIDTH="84" HEIGHT="24" WC="0.93" CONTENT="Keitele"/><SP WIDTH="16" VPOS="752" HPOS="699"/>
							<String ID="string_188" HPOS="715" VPOS="755" WIDTH="32" HEIGHT="27" WC="0.93" CONTENT="sjö"/><SP WIDTH="16" VPOS="755" HPOS="747"/>
							<String ID="string_189" HPOS="763" VPOS="754" WIDTH="33" HEIGHT="21" WC="0.94" CONTENT="till"/><SP WIDTH="16" VPOS="754" HPOS="796"/>
							<String ID="string_190" HPOS="812" VPOS="754" WIDTH="108" HEIGHT="27" WC="0.96" CONTENT="Päijänne,"/><SP WIDTH="14" VPOS="754" HPOS="920"/>
							<String ID="string_191" HPOS="934" VPOS="760" WIDTH="46" HEIGHT="22" WC="0.96" CONTENT="som"/><SP WIDTH="16" VPOS="760" HPOS="980"/>
							<String ID="string_192" HPOS="996" VPOS="754" WIDTH="22" HEIGHT="21" WC="0.97" CONTENT="af"/>
						</TextLine>
						<TextLine ID="line_21" HPOS="195" VPOS="782" WIDTH="821" HEIGHT="29">
							<String ID="string_193" HPOS="195" VPOS="783" WIDTH="148" HEIGHT="27" WC="0.89" CONTENT="delegationen"/><SP WIDTH="17" VPOS="783" HPOS="343"/>
							<String ID="string_194" HPOS="360" VPOS="784" WIDTH="124" HEIGHT="27" WC="0.92" CONTENT="betecknats"/><SP WIDTH="15" VPOS="784" HPOS="484"/>
							<String ID="string_195" HPOS="499" VPOS="784" WIDTH="48" HEIGHT="20" WC="0.96" CONTENT="med"/><SP WIDTH="19" VPOS="784" HPOS="547"/>
							<String ID="string_196" HPOS="566" VPOS="790" WIDTH="34" HEIGHT="14" WC="0.96" CONTENT="n:o"/><SP WIDTH="21" VPOS="790" HPOS="600"/>
							<String ID="string_197" HPOS="621" VPOS="784" WIDTH="18" HEIGHT="26" WC="0.96" CONTENT="1,"/><SP WIDTH="16" VPOS="784" HPOS="639"/>
							<String ID="string_198" HPOS="655" VPOS="785" WIDTH="24" HEIGHT="19" WC="0.96" CONTENT="är"/><SP WIDTH="15" VPOS="785" HPOS="679"/>
							<String ID="string_199" HPOS="694" VPOS="784" WIDTH="23" HEIGHT="20" WC="0.93" CONTENT="af"/><SP WIDTH="14" VPOS="784" HPOS="717"/>
							<String ID="string_200" HPOS="731" VPOS="784" WIDTH="68" HEIGHT="26" WC="0.91" CONTENT="nägon"/><SP WIDTH="17" VPOS="784" HPOS="799"/>
							<String ID="string_201" HPOS="816" VPOS="784" WIDTH="69" HEIGHT="27" WC="0.97" CONTENT="större"/><SP WIDTH="16" VPOS="784" HPOS="885"/>
							<String ID="string_202" HPOS="901" VPOS="782" WIDTH="115" HEIGHT="28" WC="0.96" CONTENT="betydelse,"/>
						</TextLine>
						<TextLine ID="line_22" HPOS="192" VPOS="810" WIDTH="824" HEIGHT="28">
							<String ID="string_203" HPOS="192" VPOS="811" WIDTH="7" HEIGHT="21" WC="0.88" CONTENT="1"/><SP WIDTH="16" VPOS="811" HPOS="199"/>
							<String ID="string_204" HPOS="215" VPOS="812" WIDTH="37" HEIGHT="20" WC="0.88" CONTENT="det"/><SP WIDTH="15" VPOS="812" HPOS="252"/>
							<String ID="string_205" HPOS="267" VPOS="812" WIDTH="31" HEIGHT="20" WC="0.96" CONTENT="att"/><SP WIDTH="16" VPOS="812" HPOS="298"/>
							<String ID="string_206" HPOS="314" VPOS="810" WIDTH="40" HEIGHT="22" WC="0.96" CONTENT="den"/><SP WIDTH="15" VPOS="810" HPOS="354"/>
							<String ID="string_207" HPOS="369" VPOS="812" WIDTH="64" HEIGHT="26" WC="0.96" CONTENT="utgör"/><SP WIDTH="15" VPOS="812" HPOS="433"/>
							<String ID="string_208" HPOS="448" VPOS="814" WIDTH="25" HEIGHT="19" WC="0.92" CONTENT="en"/><SP WIDTH="16" VPOS="814" HPOS="473"/>
							<String ID="string_209" HPOS="489" VPOS="812" WIDTH="70" HEIGHT="20" WC="0.93" CONTENT="direkt"/><SP WIDTH="15" VPOS="812" HPOS="559"/>
							<String ID="string_210" HPOS="574" VPOS="811" WIDTH="138" HEIGHT="27" WC="0.76" CONTENT="fortsättning"/><SP WIDTH="17" VPOS="811" HPOS="712"/>
							<String ID="string_211" HPOS="729" VPOS="811" WIDTH="23" HEIGHT="22" WC="0.93" CONTENT="af"/><SP WIDTH="13" VPOS="811" HPOS="752"/>
							<String ID="string_212" HPOS="765" VPOS="811" WIDTH="97" HEIGHT="21" WC="0.96" CONTENT="farleden"/><SP WIDTH="14" VPOS="811" HPOS="862"/>
							<String ID="string_213" HPOS="876" VPOS="810" WIDTH="30" HEIGHT="22" WC="0.96" CONTENT="pä"/><SP WIDTH="7" VPOS="810" HPOS="906"/>
							<String ID="string_214" HPOS="913" VPOS="810" WIDTH="103" HEIGHT="28" WC="0.97" CONTENT="Päijänne"/>
						</TextLine>
						<TextLine ID="line_23" HPOS="193" VPOS="840" WIDTH="823" HEIGHT="27">
							<String ID="string_215" HPOS="193" VPOS="842" WIDTH="76" HEIGHT="18" WC="0.96" CONTENT="norrut"/><SP WIDTH="15" VPOS="842" HPOS="269"/>
							<String ID="string_216" HPOS="284" VPOS="840" WIDTH="46" HEIGHT="20" WC="0.96" CONTENT="från"/><SP WIDTH="15" VPOS="840" HPOS="330"/>
							<String ID="string_217" HPOS="345" VPOS="840" WIDTH="116" HEIGHT="27" WC="0.96" CONTENT="Jyväskylä"/><SP WIDTH="11" VPOS="840" HPOS="461"/>
							<String ID="string_218" HPOS="472" VPOS="842" WIDTH="55" HEIGHT="19" WC="0.93" CONTENT="samt"/><SP WIDTH="10" VPOS="842" HPOS="527"/>
							<String ID="string_219" HPOS="537" VPOS="840" WIDTH="84" HEIGHT="21" WC="0.96" CONTENT="komme"/><SP WIDTH="12" VPOS="840" HPOS="621"/>
							<String ID="string_220" HPOS="633" VPOS="842" WIDTH="31" HEIGHT="19" WC="0.93" CONTENT="att"/><SP WIDTH="10" VPOS="842" HPOS="664"/>
							<String ID="string_221" HPOS="674" VPOS="840" WIDTH="86" HEIGHT="27" WC="0.92" CONTENT="betjena"/><SP WIDTH="11" VPOS="840" HPOS="760"/>
							<String ID="string_222" HPOS="771" VPOS="840" WIDTH="26" HEIGHT="21" WC="0.96" CONTENT="de"/><SP WIDTH="11" VPOS="840" HPOS="797"/>
							<String ID="string_223" HPOS="808" VPOS="842" WIDTH="54" HEIGHT="18" WC="0.93" CONTENT="mest"/><SP WIDTH="20" VPOS="842" HPOS="862"/>
							<String ID="string_224" HPOS="882" VPOS="840" WIDTH="134" HEIGHT="20" WC="0.95" CONTENT="framstående"/>
						</TextLine>
						<TextLine ID="line_24" HPOS="192" VPOS="866" WIDTH="826" HEIGHT="30">
							<String ID="string_225" HPOS="192" VPOS="868" WIDTH="161" HEIGHT="26" WC="0.88" CONTENT="kommunerna,"/><SP WIDTH="19" VPOS="868" HPOS="353"/>
							<String ID="string_226" HPOS="372" VPOS="867" WIDTH="122" HEIGHT="28" WC="0.72" CONTENT="Säärijärvi,"/><SP WIDTH="19" VPOS="867" HPOS="494"/>
							<String ID="string_227" HPOS="513" VPOS="866" WIDTH="115" HEIGHT="23" WC="0.43" CONTENT="Viitasaari"/><SP WIDTH="19" VPOS="866" HPOS="628"/>
							<String ID="string_228" HPOS="647" VPOS="869" WIDTH="38" HEIGHT="21" WC="0.93" CONTENT="och"/><SP WIDTH="19" VPOS="869" HPOS="685"/>
							<String ID="string_229" HPOS="704" VPOS="868" WIDTH="107" HEIGHT="26" WC="0.78" CONTENT="Läukkäs,"/><SP WIDTH="20" VPOS="868" HPOS="811"/>
							<String ID="string_230" HPOS="831" VPOS="868" WIDTH="7" HEIGHT="20" WC="0.96" CONTENT="i"/><SP WIDTH="19" VPOS="868" HPOS="838"/>
							<String ID="string_231" HPOS="857" VPOS="867" WIDTH="69" HEIGHT="22" WC="0.71" CONTENT="denna"/><SP WIDTH="18" VPOS="867" HPOS="926"/>
							<String ID="string_232" HPOS="944" VPOS="868" WIDTH="38" HEIGHT="28" WC="0.96" CONTENT="del"/><SP WIDTH="13" VPOS="868" HPOS="982"/>
							<String ID="string_233" HPOS="995" VPOS="867" WIDTH="23" HEIGHT="21" WC="0.96" CONTENT="af"/>
						</TextLine>
						<TextLine ID="line_25" HPOS="192" VPOS="894" WIDTH="825" HEIGHT="32">
							<String ID="string_234" HPOS="192" VPOS="896" WIDTH="82" HEIGHT="26" WC="0.93" CONTENT="landet,"/><SP WIDTH="22" VPOS="896" HPOS="274"/>
							<String ID="string_235" HPOS="296" VPOS="896" WIDTH="83" HEIGHT="30" WC="0.93" CONTENT="hvilkas"/><SP WIDTH="23" VPOS="896" HPOS="379"/>
							<String ID="string_236" HPOS="402" VPOS="898" WIDTH="80" HEIGHT="21" WC="0.96" CONTENT="rörelse"/><SP WIDTH="19" VPOS="898" HPOS="482"/>
							<String ID="string_237" HPOS="501" VPOS="903" WIDTH="28" HEIGHT="15" WC="0.96" CONTENT="nu"/><SP WIDTH="20" VPOS="903" HPOS="529"/>
							<String ID="string_238" HPOS="549" VPOS="897" WIDTH="65" HEIGHT="21" WC="0.93" CONTENT="redan"/><SP WIDTH="16" VPOS="897" HPOS="614"/>
							<String ID="string_239" HPOS="630" VPOS="895" WIDTH="155" HEIGHT="29" WC="0.92" CONTENT="&#39;förnämligast"/><SP WIDTH="18" VPOS="895" HPOS="785"/>
							<String ID="string_240" HPOS="803" VPOS="896" WIDTH="38" HEIGHT="27" WC="0.92" CONTENT="gär"/><SP WIDTH="19" VPOS="896" HPOS="841"/>
							<String ID="string_241" HPOS="860" VPOS="896" WIDTH="27" HEIGHT="26" WC="0.97" CONTENT="pä"/><SP WIDTH="14" VPOS="896" HPOS="887"/>
							<String ID="string_242" HPOS="901" VPOS="894" WIDTH="116" HEIGHT="29" WC="0.96" CONTENT="Jyväskylä"/>
						</TextLine>
						<TextLine ID="line_26" HPOS="193" VPOS="924" WIDTH="823" HEIGHT="28">
							<String ID="string_243" HPOS="193" VPOS="924" WIDTH="40" HEIGHT="21" WC="0.95" CONTENT="och"/><SP WIDTH="15" VPOS="924" HPOS="233"/>
							<String ID="string_244" HPOS="248" VPOS="931" WIDTH="76" HEIGHT="19" WC="0.96" CONTENT="genom"/><SP WIDTH="15" VPOS="931" HPOS="324"/>
							<String ID="string_245" HPOS="339" VPOS="925" WIDTH="116" HEIGHT="27" WC="0.96" CONTENT="Jyväskylä"/><SP WIDTH="15" VPOS="925" HPOS="455"/>
							<String ID="string_246" HPOS="470" VPOS="924" WIDTH="59" HEIGHT="22" WC="0.93" CONTENT="öfver"/><SP WIDTH="15" VPOS="924" HPOS="529"/>
							<String ID="string_247" HPOS="544" VPOS="924" WIDTH="103" HEIGHT="27" WC="0.93" CONTENT="Päijänne"/><SP WIDTH="16" VPOS="924" HPOS="647"/>
							<String ID="string_248" HPOS="663" VPOS="924" WIDTH="88" HEIGHT="23" WC="0.69" CONTENT="söderut"/><SP WIDTH="15" VPOS="924" HPOS="751"/>
							<String ID="string_249" HPOS="766" VPOS="925" WIDTH="32" HEIGHT="21" WC="0.96" CONTENT="till"/><SP WIDTH="16" VPOS="925" HPOS="798"/>
							<String ID="string_250" HPOS="814" VPOS="924" WIDTH="80" HEIGHT="21" WC="0.92" CONTENT="Lahtis."/><SP WIDTH="30" VPOS="924" HPOS="894"/>
							<String ID="string_251" HPOS="924" VPOS="924" WIDTH="41" HEIGHT="27" WC="0.55" CONTENT="Jag"/><SP WIDTH="16" VPOS="924" HPOS="965"/>
							<String ID="string_252" HPOS="981" VPOS="925" WIDTH="35" HEIGHT="21" WC="0.91" CONTENT="de-"/>
						</TextLine>
						<TextLine ID="line_27" HPOS="192" VPOS="953" WIDTH="823" HEIGHT="28">
							<String ID="string_253" HPOS="192" VPOS="953" WIDTH="34" HEIGHT="20" WC="0.93" CONTENT="lar"/><SP WIDTH="15" VPOS="953" HPOS="226"/>
							<String ID="string_254" HPOS="241" VPOS="953" WIDTH="65" HEIGHT="21" WC="0.92" CONTENT="ocksä"/><SP WIDTH="14" VPOS="953" HPOS="306"/>
							<String ID="string_255" HPOS="320" VPOS="954" WIDTH="6" HEIGHT="20" WC="0.96" CONTENT="i"/><SP WIDTH="17" VPOS="954" HPOS="326"/>
							<String ID="string_256" HPOS="343" VPOS="954" WIDTH="35" HEIGHT="20" WC="0.96" CONTENT="det"/><SP WIDTH="16" VPOS="954" HPOS="378"/>
							<String ID="string_257" HPOS="394" VPOS="954" WIDTH="93" HEIGHT="26" WC="0.93" CONTENT="följande"/><SP WIDTH="16" VPOS="954" HPOS="487"/>
							<String ID="string_258" HPOS="503" VPOS="954" WIDTH="160" HEIGHT="26" WC="0.92" CONTENT="delegationens"/><SP WIDTH="16" VPOS="954" HPOS="663"/>
							<String ID="string_259" HPOS="679" VPOS="953" WIDTH="62" HEIGHT="28" WC="0.93" CONTENT="äsigt,"/><SP WIDTH="16" VPOS="953" HPOS="741"/>
							<String ID="string_260" HPOS="757" VPOS="953" WIDTH="35" HEIGHT="21" WC="0.93" CONTENT="att"/><SP WIDTH="12" VPOS="953" HPOS="792"/>
							<String ID="string_261" HPOS="804" VPOS="953" WIDTH="126" HEIGHT="21" WC="0.92" CONTENT="kanalleden"/><SP WIDTH="16" VPOS="953" HPOS="930"/>
							<String ID="string_262" HPOS="946" VPOS="958" WIDTH="34" HEIGHT="16" WC="0.90" CONTENT="n:o"/><SP WIDTH="16" VPOS="958" HPOS="980"/>
							<String ID="string_263" HPOS="996" VPOS="953" WIDTH="19" HEIGHT="26" WC="0.96" CONTENT="2,"/>
						</TextLine>
						<TextLine ID="line_28" HPOS="193" VPOS="981" WIDTH="823" HEIGHT="28">
							<String ID="string_264" HPOS="193" VPOS="987" WIDTH="45" HEIGHT="22" WC="0.92" CONTENT="som"/><SP WIDTH="17" VPOS="987" HPOS="238"/>
							<String ID="string_265" HPOS="255" VPOS="981" WIDTH="57" HEIGHT="22" WC="0.92" CONTENT="afser"/><SP WIDTH="15" VPOS="981" HPOS="312"/>
							<String ID="string_266" HPOS="327" VPOS="982" WIDTH="13" HEIGHT="20" WC="0.92" CONTENT="&amp;"/><SP WIDTH="15" VPOS="982" HPOS="340"/>
							<String ID="string_267" HPOS="355" VPOS="989" WIDTH="40" HEIGHT="20" WC="0.96" CONTENT="ena"/><SP WIDTH="15" VPOS="989" HPOS="395"/>
							<String ID="string_268" HPOS="410" VPOS="983" WIDTH="60" HEIGHT="21" WC="0.93" CONTENT="sidan"/><SP WIDTH="15" VPOS="983" HPOS="470"/>
							<String ID="string_269" HPOS="485" VPOS="982" WIDTH="144" HEIGHT="27" WC="0.92" CONTENT="förbindelsen"/><SP WIDTH="16" VPOS="982" HPOS="629"/>
							<String ID="string_270" HPOS="645" VPOS="982" WIDTH="23" HEIGHT="21" WC="0.96" CONTENT="af"/><SP WIDTH="12" VPOS="982" HPOS="668"/>
							<String ID="string_271" HPOS="680" VPOS="982" WIDTH="121" HEIGHT="22" WC="0.93" CONTENT="Konnevesi"/><SP WIDTH="20" VPOS="982" HPOS="801"/>
							<String ID="string_272" HPOS="821" VPOS="982" WIDTH="32" HEIGHT="26" WC="0.91" CONTENT="sjö"/><SP WIDTH="16" VPOS="982" HPOS="853"/>
							<String ID="string_273" HPOS="869" VPOS="982" WIDTH="47" HEIGHT="20" WC="0.96" CONTENT="med"/><SP WIDTH="16" VPOS="982" HPOS="916"/>
							<String ID="string_274" HPOS="932" VPOS="981" WIDTH="84" HEIGHT="22" WC="0.96" CONTENT="Keitele"/>
						</TextLine>
						<TextLine ID="line_29" HPOS="192" VPOS="1010" WIDTH="824" HEIGHT="27">
							<String ID="string_275" HPOS="192" VPOS="1010" WIDTH="39" HEIGHT="21" WC="0.59" CONTENT="och&quot;"/><SP WIDTH="17" VPOS="1010" HPOS="231"/>
							<String ID="string_276" HPOS="248" VPOS="1010" WIDTH="18" HEIGHT="21" WC="0.77" CONTENT="å&#39;"/><SP WIDTH="9" VPOS="1010" HPOS="266"/>
							<String ID="string_277" HPOS="275" VPOS="1010" WIDTH="67" HEIGHT="21" WC="0.96" CONTENT="andra"/><SP WIDTH="16" VPOS="1010" HPOS="342"/>
							<String ID="string_278" HPOS="358" VPOS="1011" WIDTH="60" HEIGHT="21" WC="0.44" CONTENT="sidan"/><SP WIDTH="16" VPOS="1011" HPOS="418"/>
							<String ID="string_279" HPOS="434" VPOS="1011" WIDTH="23" HEIGHT="21" WC="0.95" CONTENT="af"/><SP WIDTH="13" VPOS="1011" HPOS="457"/>
							<String ID="string_280" HPOS="470" VPOS="1014" WIDTH="81" HEIGHT="18" WC="0.92" CONTENT="samma"/><SP WIDTH="15" VPOS="1014" HPOS="551"/>
							<String ID="string_281" HPOS="566" VPOS="1010" WIDTH="32" HEIGHT="27" WC="0.96" CONTENT="sjö"/><SP WIDTH="16" VPOS="1010" HPOS="598"/>
							<String ID="string_282" HPOS="614" VPOS="1011" WIDTH="44" HEIGHT="21" WC="0.93" CONTENT="med"/><SP WIDTH="11" VPOS="1011" HPOS="658"/>
							<String ID="string_283" HPOS="669" VPOS="1006" WIDTH="92" HEIGHT="35" WC="0.91" CONTENT="Tisvesi,"/><SP WIDTH="16" VPOS="1006" HPOS="761"/>
							<String ID="string_284" HPOS="777" VPOS="1012" WIDTH="24" HEIGHT="19" WC="0.95" CONTENT="är"/><SP WIDTH="15" VPOS="1012" HPOS="801"/>
							<String ID="string_285" HPOS="816" VPOS="1010" WIDTH="23" HEIGHT="22" WC="0.96" CONTENT="af"/><SP WIDTH="13" VPOS="1010" HPOS="839"/>
							<String ID="string_286" HPOS="852" VPOS="1010" WIDTH="82" HEIGHT="26" WC="0.93" CONTENT="ganska"/><SP WIDTH="14" VPOS="1010" HPOS="934"/>
							<String ID="string_287" HPOS="948" VPOS="1010" WIDTH="68" HEIGHT="27" WC="0.95" CONTENT="ringa,"/>
						</TextLine>
						<TextLine ID="line_30" HPOS="193" VPOS="1038" WIDTH="824" HEIGHT="30">
							<String ID="string_288" HPOS="193" VPOS="1038" WIDTH="81" HEIGHT="22" WC="0.93" CONTENT="kanske"/><SP WIDTH="16" VPOS="1038" HPOS="274"/>
							<String ID="string_289" HPOS="290" VPOS="1039" WIDTH="61" HEIGHT="26" WC="0.96" CONTENT="ingen"/><SP WIDTH="17" VPOS="1039" HPOS="351"/>
							<String ID="string_290" HPOS="368" VPOS="1039" WIDTH="118" HEIGHT="29" WC="0.96" CONTENT="betydelse;"/><SP WIDTH="16" VPOS="1039" HPOS="486"/>
							<String ID="string_291" HPOS="502" VPOS="1041" WIDTH="22" HEIGHT="25" WC="0.97" CONTENT="ty"/><SP WIDTH="16" VPOS="1041" HPOS="524"/>
							<String ID="string_292" HPOS="540" VPOS="1040" WIDTH="36" HEIGHT="20" WC="0.97" CONTENT="det"/><SP WIDTH="15" VPOS="1040" HPOS="576"/>
							<String ID="string_293" HPOS="591" VPOS="1041" WIDTH="24" HEIGHT="24" WC="0.93" CONTENT="är"/><SP WIDTH="16" VPOS="1041" HPOS="615"/>
							<String ID="string_294" HPOS="631" VPOS="1038" WIDTH="81" HEIGHT="28" WC="0.92" CONTENT="knappt"/><SP WIDTH="14" VPOS="1038" HPOS="712"/>
							<String ID="string_295" HPOS="726" VPOS="1038" WIDTH="107" HEIGHT="29" WC="0.92" CONTENT="tänkbart,"/><SP WIDTH="17" VPOS="1038" HPOS="833"/>
							<String ID="string_296" HPOS="850" VPOS="1040" WIDTH="30" HEIGHT="19" WC="0.96" CONTENT="att"/><SP WIDTH="16" VPOS="1040" HPOS="880"/>
							<String ID="string_297" HPOS="896" VPOS="1039" WIDTH="41" HEIGHT="27" WC="0.96" CONTENT="det"/><SP WIDTH="10" VPOS="1039" HPOS="937"/>
							<String ID="string_298" HPOS="947" VPOS="1039" WIDTH="70" HEIGHT="21" WC="0.97" CONTENT="skulle"/>
						</TextLine>
						<TextLine ID="line_31" HPOS="193" VPOS="1064" WIDTH="823" HEIGHT="35">
							<String ID="string_299" HPOS="193" VPOS="1066" WIDTH="58" HEIGHT="27" WC="0.58" CONTENT="ligga"/><SP WIDTH="19" VPOS="1066" HPOS="251"/>
							<String ID="string_300" HPOS="270" VPOS="1067" WIDTH="6" HEIGHT="21" WC="0.82" CONTENT="i"/><SP WIDTH="21" VPOS="1067" HPOS="276"/>
							<String ID="string_301" HPOS="297" VPOS="1067" WIDTH="41" HEIGHT="21" WC="0.43" CONTENT="den"/><SP WIDTH="4" VPOS="1067" HPOS="338"/>
							<String ID="string_302" HPOS="342" VPOS="1064" WIDTH="149" HEIGHT="32" WC="0.43" CONTENT="befolknings"/><SP WIDTH="11" VPOS="1064" HPOS="491"/>
							<String ID="string_303" HPOS="502" VPOS="1065" WIDTH="116" HEIGHT="32" WC="0.61" CONTENT="intressen,"/><SP WIDTH="9" VPOS="1065" HPOS="618"/>
							<String ID="string_304" HPOS="627" VPOS="1066" WIDTH="58" HEIGHT="30" WC="0.92" CONTENT="söm"/><SP WIDTH="18" VPOS="1066" HPOS="685"/>
							<String ID="string_305" HPOS="703" VPOS="1068" WIDTH="40" HEIGHT="20" WC="0.93" CONTENT="bor"/><SP WIDTH="18" VPOS="1068" HPOS="743"/>
							<String ID="string_306" HPOS="761" VPOS="1065" WIDTH="99" HEIGHT="34" WC="0.91" CONTENT="omkring"/><SP WIDTH="18" VPOS="1065" HPOS="860"/>
							<String ID="string_307" HPOS="878" VPOS="1065" WIDTH="84" HEIGHT="23" WC="0.68" CONTENT="Keitele"/><SP WIDTH="13" VPOS="1065" HPOS="962"/>
							<String ID="string_308" HPOS="975" VPOS="1067" WIDTH="41" HEIGHT="30" WC="0.96" CONTENT="sjö,"/>
						</TextLine>
						<TextLine ID="line_32" HPOS="194" VPOS="1092" WIDTH="824" HEIGHT="34">
							<String ID="string_309" HPOS="194" VPOS="1096" WIDTH="32" HEIGHT="20" WC="0.96" CONTENT="att"/><SP WIDTH="14" VPOS="1096" HPOS="226"/>
							<String ID="string_310" HPOS="240" VPOS="1096" WIDTH="76" HEIGHT="25" WC="0.96" CONTENT="genom"/><SP WIDTH="17" VPOS="1096" HPOS="316"/>
							<String ID="string_311" HPOS="333" VPOS="1094" WIDTH="26" HEIGHT="22" WC="0.64" CONTENT="Gti"/><SP WIDTH="16" VPOS="1094" HPOS="359"/>
							<String ID="string_312" HPOS="375" VPOS="1095" WIDTH="99" HEIGHT="21" WC="0.91" CONTENT="Kanalled"/><SP WIDTH="15" VPOS="1095" HPOS="474"/>
							<String ID="string_313" HPOS="489" VPOS="1095" WIDTH="65" HEIGHT="21" WC="0.88" CONTENT="öfver"/><SP WIDTH="9" VPOS="1095" HPOS="554"/>
							<String ID="string_314" HPOS="563" VPOS="1094" WIDTH="121" HEIGHT="32" WC="0.74" CONTENT="Konnevesi"/><SP WIDTH="17" VPOS="1094" HPOS="684"/>
							<String ID="string_315" HPOS="701" VPOS="1092" WIDTH="38" HEIGHT="25" WC="0.35" CONTENT="och"/><SP WIDTH="14" VPOS="1092" HPOS="739"/>
							<String ID="string_316" HPOS="753" VPOS="1088" WIDTH="78" HEIGHT="42" WC="0.32" CONTENT="Iisvesi"/><SP WIDTH="16" VPOS="1088" HPOS="831"/>
							<String ID="string_317" HPOS="847" VPOS="1095" WIDTH="52" HEIGHT="21" WC="0.96" CONTENT="söka"/><SP WIDTH="10" VPOS="1095" HPOS="899"/>
							<String ID="string_318" HPOS="909" VPOS="1098" WIDTH="41" HEIGHT="24" WC="0.92" CONTENT="upp"/><SP WIDTH="9" VPOS="1098" HPOS="950"/>
							<String ID="string_319" HPOS="959" VPOS="1093" WIDTH="59" HEIGHT="29" WC="0.86" CONTENT="jörn-"/>
						</TextLine>
						<TextLine ID="line_33" HPOS="192" VPOS="1122" WIDTH="826" HEIGHT="30">
							<String ID="string_320" HPOS="192" VPOS="1124" WIDTH="70" HEIGHT="25" WC="0.96" CONTENT="vägen"/><SP WIDTH="15" VPOS="1124" HPOS="262"/>
							<String ID="string_321" HPOS="277" VPOS="1123" WIDTH="35" HEIGHT="29" WC="0.93" CONTENT="vid"/><SP WIDTH="16" VPOS="1123" HPOS="312"/>
							<String ID="string_322" HPOS="328" VPOS="1122" WIDTH="130" HEIGHT="29" WC="0.15" CONTENT="Suöfehjöki"/><SP WIDTH="10" VPOS="1122" HPOS="458"/>
							<String ID="string_323" HPOS="468" VPOS="1124" WIDTH="47" HEIGHT="21" WC="0.74" CONTENT="ock"/><SP WIDTH="12" VPOS="1124" HPOS="515"/>
							<String ID="string_324" HPOS="527" VPOS="1123" WIDTH="48" HEIGHT="27" WC="0.78" CONTENT="ledd"/><SP WIDTH="16" VPOS="1123" HPOS="575"/>
							<String ID="string_325" HPOS="591" VPOS="1124" WIDTH="31" HEIGHT="28" WC="0.92" CONTENT="sin"/><SP WIDTH="15" VPOS="1124" HPOS="622"/>
							<String ID="string_326" HPOS="637" VPOS="1118" WIDTH="65" HEIGHT="38" WC="0.83" CONTENT="träfik"/><SP WIDTH="15" VPOS="1118" HPOS="702"/>
							<String ID="string_327" HPOS="717" VPOS="1124" WIDTH="24" HEIGHT="21" WC="0.96" CONTENT="åt"/><SP WIDTH="14" VPOS="1124" HPOS="741"/>
							<String ID="string_328" HPOS="755" VPOS="1122" WIDTH="65" HEIGHT="28" WC="0.93" CONTENT="öster,"/><SP WIDTH="15" VPOS="1122" HPOS="820"/>
							<String ID="string_329" HPOS="835" VPOS="1122" WIDTH="87" HEIGHT="23" WC="0.88" CONTENT="hvilkén"/><SP WIDTH="15" VPOS="1122" HPOS="922"/>
							<String ID="string_330" HPOS="937" VPOS="1130" WIDTH="27" HEIGHT="21" WC="0.94" CONTENT="nu"/><SP WIDTH="15" VPOS="1130" HPOS="964"/>
							<String ID="string_331" HPOS="979" VPOS="1124" WIDTH="39" HEIGHT="26" WC="0.96" CONTENT="går"/>
						</TextLine>
						<TextLine ID="line_34" HPOS="192" VPOS="1148" WIDTH="825" HEIGHT="31">
							<String ID="string_332" HPOS="192" VPOS="1151" WIDTH="180" HEIGHT="28" WC="0.63" CONTENT="hufvudsäktigen"/><SP WIDTH="17" VPOS="1151" HPOS="372"/>
							<String ID="string_333" HPOS="389" VPOS="1150" WIDTH="25" HEIGHT="22" WC="0.77" CONTENT="åt"/><SP WIDTH="12" VPOS="1150" HPOS="414"/>
							<String ID="string_334" HPOS="426" VPOS="1152" WIDTH="73" HEIGHT="21" WC="0.48" CONTENT="söder."/><SP WIDTH="19" VPOS="1152" HPOS="499"/>
							<String ID="string_335" HPOS="518" VPOS="1152" WIDTH="43" HEIGHT="21" WC="0.87" CONTENT="For"/><SP WIDTH="14" VPOS="1152" HPOS="561"/>
							<String ID="string_336" HPOS="575" VPOS="1150" WIDTH="152" HEIGHT="29" WC="0.96" CONTENT="befolkningen"/><SP WIDTH="17" VPOS="1150" HPOS="727"/>
							<String ID="string_337" HPOS="744" VPOS="1148" WIDTH="98" HEIGHT="30" WC="0.30" CONTENT="omkring"/><SP WIDTH="16" VPOS="1148" HPOS="842"/>
							<String ID="string_338" HPOS="858" VPOS="1151" WIDTH="115" HEIGHT="27" WC="0.52" CONTENT="Könhevesi"/><SP WIDTH="10" VPOS="1151" HPOS="973"/>
							<String ID="string_339" HPOS="983" VPOS="1152" WIDTH="34" HEIGHT="27" WC="0.96" CONTENT="sjö"/>
						</TextLine>
						<TextLine ID="line_35" HPOS="193" VPOS="1177" WIDTH="825" HEIGHT="32">
							<String ID="string_340" HPOS="193" VPOS="1179" WIDTH="32" HEIGHT="21" WC="0.37" CONTENT="är:"/><SP WIDTH="7" VPOS="1179" HPOS="225"/>
							<String ID="string_341" HPOS="232" VPOS="1179" WIDTH="128" HEIGHT="22" WC="0.71" CONTENT="känalleden"/><SP WIDTH="16" VPOS="1179" HPOS="360"/>
							<String ID="string_342" HPOS="376" VPOS="1180" WIDTH="100" HEIGHT="24" WC="0.62" CONTENT="äfven"/><SP WIDTH="-24" VPOS="1180" HPOS="476"/>
							<String ID="string_343" HPOS="452" VPOS="1173" WIDTH="24" HEIGHT="40" WC="0.75" CONTENT="af"/><SP WIDTH="8" VPOS="1173" HPOS="476"/>
							<String ID="string_344" HPOS="484" VPOS="1179" WIDTH="91" HEIGHT="28" WC="0.57" CONTENT="ganska:"/><SP WIDTH="10" VPOS="1179" HPOS="575"/>
							<String ID="string_345" HPOS="585" VPOS="1180" WIDTH="120" HEIGHT="27" WC="0.67" CONTENT="oväsentlig"/><SP WIDTH="13" VPOS="1180" HPOS="705"/>
							<String ID="string_346" HPOS="718" VPOS="1179" WIDTH="119" HEIGHT="28" WC="0.57" CONTENT="betydelse,"/><SP WIDTH="19" VPOS="1179" HPOS="837"/>
							<String ID="string_347" HPOS="856" VPOS="1180" WIDTH="6" HEIGHT="20" WC="0.96" CONTENT="i"/><SP WIDTH="17" VPOS="1180" HPOS="862"/>
							<String ID="string_348" HPOS="879" VPOS="1177" WIDTH="36" HEIGHT="24" WC="0.97" CONTENT="det"/><SP WIDTH="15" VPOS="1177" HPOS="915"/>
							<String ID="string_349" HPOS="930" VPOS="1182" WIDTH="32" HEIGHT="19" WC="0.96" CONTENT="att"/><SP WIDTH="19" VPOS="1182" HPOS="962"/>
							<String ID="string_350" HPOS="981" VPOS="1180" WIDTH="37" HEIGHT="29" WC="0.95" CONTENT="den"/>
						</TextLine>
						<TextLine ID="line_36" HPOS="192" VPOS="1207" WIDTH="824" HEIGHT="31">
							<String ID="string_351" HPOS="188" VPOS="1203" WIDTH="65" HEIGHT="39" WC="0.41" CONTENT="Täiigs"/><SP WIDTH="13" VPOS="1203" HPOS="253"/>
							<String ID="string_352" HPOS="266" VPOS="1203" WIDTH="130" HEIGHT="39" WC="0.91" CONTENT="Tandsvägen"/><SP WIDTH="13" VPOS="1203" HPOS="396"/>
							<String ID="string_353" HPOS="409" VPOS="1207" WIDTH="39" HEIGHT="22" WC="0.78" CONTENT="har"/><SP WIDTH="13" VPOS="1207" HPOS="448"/>
							<String ID="string_354" HPOS="461" VPOS="1203" WIDTH="82" HEIGHT="39" WC="0.66" CONTENT="Kortärö"/><SP WIDTH="11" VPOS="1203" HPOS="543"/>
							<String ID="string_355" HPOS="554" VPOS="1208" WIDTH="42" HEIGHT="27" WC="0.87" CONTENT="väg"/><SP WIDTH="11" VPOS="1208" HPOS="596"/>
							<String ID="string_356" HPOS="607" VPOS="1208" WIDTH="94" HEIGHT="22" WC="0.41" CONTENT="säväl"/><SP WIDTH="-21" VPOS="1208" HPOS="701"/>
							<String ID="string_357" HPOS="680" VPOS="1203" WIDTH="25" HEIGHT="39" WC="0.13" CONTENT="ät"/><SP WIDTH="6" VPOS="1203" HPOS="705"/>
							<String ID="string_358" HPOS="711" VPOS="1215" WIDTH="41" HEIGHT="15" WC="0.96" CONTENT="ena"/><SP WIDTH="11" VPOS="1215" HPOS="752"/>
							<String ID="string_359" HPOS="763" VPOS="1207" WIDTH="61" HEIGHT="23" WC="0.96" CONTENT="sidan"/><SP WIDTH="9" VPOS="1207" HPOS="824"/>
							<String ID="string_360" HPOS="833" VPOS="1208" WIDTH="33" HEIGHT="29" WC="0.96" CONTENT="till"/><SP WIDTH="11" VPOS="1208" HPOS="866"/>
							<String ID="string_361" HPOS="877" VPOS="1208" WIDTH="84" HEIGHT="22" WC="0.96" CONTENT="Keitele"/><SP WIDTH="11" VPOS="1208" HPOS="961"/>
							<String ID="string_362" HPOS="972" VPOS="1209" WIDTH="44" HEIGHT="27" WC="0.93" CONTENT="som"/>
						</TextLine>
						<TextLine ID="line_37" HPOS="192" VPOS="1231" WIDTH="826" HEIGHT="34">
							<String ID="string_363" HPOS="192" VPOS="1236" WIDTH="23" HEIGHT="20" WC="0.93" CONTENT="åt"/><SP WIDTH="10" VPOS="1236" HPOS="215"/>
							<String ID="string_364" HPOS="225" VPOS="1236" WIDTH="67" HEIGHT="21" WC="0.86" CONTENT="andrä"/><SP WIDTH="11" VPOS="1236" HPOS="292"/>
							<String ID="string_365" HPOS="303" VPOS="1236" WIDTH="60" HEIGHT="21" WC="0.91" CONTENT="sidan"/><SP WIDTH="13" VPOS="1236" HPOS="363"/>
							<String ID="string_366" HPOS="376" VPOS="1233" WIDTH="22" HEIGHT="25" WC="0.93" CONTENT="åt"/><SP WIDTH="13" VPOS="1233" HPOS="398"/>
							<String ID="string_367" HPOS="411" VPOS="1231" WIDTH="145" HEIGHT="33" WC="0.53" CONTENT="Suotienjöki.:"/><SP WIDTH="10" VPOS="1231" HPOS="556"/>
							<String ID="string_368" HPOS="566" VPOS="1236" WIDTH="79" HEIGHT="28" WC="0.67" CONTENT="Dä&#39;jäg"/><SP WIDTH="11" VPOS="1236" HPOS="645"/>
							<String ID="string_369" HPOS="656" VPOS="1235" WIDTH="121" HEIGHT="30" WC="0.64" CONTENT="emeHertid"/><SP WIDTH="12" VPOS="1235" HPOS="777"/>
							<String ID="string_370" HPOS="789" VPOS="1238" WIDTH="36" HEIGHT="21" WC="0.96" CONTENT="vet"/><SP WIDTH="11" VPOS="1238" HPOS="825"/>
							<String ID="string_371" HPOS="836" VPOS="1239" WIDTH="36" HEIGHT="19" WC="0.79" CONTENT="att"/><SP WIDTH="6" VPOS="1239" HPOS="872"/>
							<String ID="string_372" HPOS="878" VPOS="1235" WIDTH="140" HEIGHT="30" WC="0.79" CONTENT="känaliserin-"/>
						</TextLine>
						<TextLine ID="line_38" HPOS="192" VPOS="1263" WIDTH="826" HEIGHT="32">
							<String ID="string_373" HPOS="192" VPOS="1270" WIDTH="42" HEIGHT="20" WC="0.96" CONTENT="gen"/><SP WIDTH="16" VPOS="1270" HPOS="234"/>
							<String ID="string_374" HPOS="250" VPOS="1264" WIDTH="24" HEIGHT="21" WC="0.96" CONTENT="af"/><SP WIDTH="13" VPOS="1264" HPOS="274"/>
							<String ID="string_375" HPOS="287" VPOS="1265" WIDTH="63" HEIGHT="21" WC="0.92" CONTENT="dessä"/><SP WIDTH="11" VPOS="1265" HPOS="350"/>
							<String ID="string_376" HPOS="361" VPOS="1263" WIDTH="351" HEIGHT="31" WC="0.31" CONTENT="vättendrag"/><SP WIDTH="-211" VPOS="1263" HPOS="712"/>
							<String ID="string_377" HPOS="501" VPOS="1259" WIDTH="58" HEIGHT="40" WC="0.37" CONTENT="horr&#39;"/><SP WIDTH="5" VPOS="1259" HPOS="559"/>
							<String ID="string_378" HPOS="564" VPOS="1259" WIDTH="28" HEIGHT="40" WC="0.71" CONTENT="om"/><SP WIDTH="16" VPOS="1259" HPOS="592"/>
							<String ID="string_379" HPOS="608" VPOS="1263" WIDTH="104" HEIGHT="31" WC="0.3" CONTENT="Päijänne"/><SP WIDTH="5" VPOS="1263" HPOS="712"/>
							<String ID="string_380" HPOS="717" VPOS="1263" WIDTH="54" HEIGHT="32" WC="0.3" CONTENT="&#39;med"/><SP WIDTH="12" VPOS="1263" HPOS="771"/>
							<String ID="string_381" HPOS="783" VPOS="1263" WIDTH="111" HEIGHT="29" WC="0.89" CONTENT="&#39;synnerlig"/><SP WIDTH="14" VPOS="1263" HPOS="894"/>
							<String ID="string_382" HPOS="908" VPOS="1263" WIDTH="110" HEIGHT="23" WC="0.96" CONTENT="förkärlek"/>
						</TextLine>
						<TextLine ID="line_39" HPOS="192" VPOS="1289" WIDTH="827" HEIGHT="33">
							<String ID="string_383" HPOS="192" VPOS="1293" WIDTH="26" HEIGHT="20" WC="0.93" CONTENT="är"/><SP WIDTH="11" VPOS="1293" HPOS="218"/>
							<String ID="string_384" HPOS="229" VPOS="1292" WIDTH="24" HEIGHT="21" WC="0.80" CONTENT="af"/><SP WIDTH="2" VPOS="1292" HPOS="253"/>
							<String ID="string_385" HPOS="255" VPOS="1292" WIDTH="138" HEIGHT="28" WC="0.60" CONTENT="regerliigen"/><SP WIDTH="8" VPOS="1292" HPOS="393"/>
							<String ID="string_386" HPOS="401" VPOS="1293" WIDTH="109" HEIGHT="27" WC="0.88" CONTENT="omfattad,"/><SP WIDTH="12" VPOS="1293" HPOS="510"/>
							<String ID="string_387" HPOS="522" VPOS="1292" WIDTH="163" HEIGHT="26" WC="0.67" CONTENT="hvärför&#39;ocksä"/><SP WIDTH="14" VPOS="1292" HPOS="685"/>
							<String ID="string_388" HPOS="699" VPOS="1293" WIDTH="127" HEIGHT="27" WC="0.78" CONTENT="regeringen"/><SP WIDTH="12" VPOS="1293" HPOS="826"/>
							<String ID="string_389" HPOS="838" VPOS="1289" WIDTH="102" HEIGHT="33" WC="0.90" CONTENT="upptagit"/><SP WIDTH="10" VPOS="1289" HPOS="940"/>
							<String ID="string_390" HPOS="950" VPOS="1294" WIDTH="69" HEIGHT="20" WC="0.95" CONTENT="denna"/>
						</TextLine>
						<TextLine ID="line_40" HPOS="192" VPOS="1316" WIDTH="828" HEIGHT="54">
							<String ID="string_391" HPOS="192" VPOS="1320" WIDTH="51" HEIGHT="50" WC="0.58" CONTENT="ja"/><SP WIDTH="5" VPOS="1320" HPOS="243"/>
							<String ID="string_392" HPOS="248" VPOS="1318" WIDTH="157" HEIGHT="29" WC="0.0" CONTENT="&#39;af1,500,000"/><SP WIDTH="13" VPOS="1318" HPOS="405"/>
							<String ID="string_393" HPOS="418" VPOS="1321" WIDTH="61" HEIGHT="22" WC="0.75" CONTENT="mark"/><SP WIDTH="15" VPOS="1321" HPOS="479"/>
							<String ID="string_394" HPOS="494" VPOS="1321" WIDTH="14" HEIGHT="21" WC="0.91" CONTENT="1"/><SP WIDTH="8" VPOS="1321" HPOS="508"/>
							<String ID="string_395" HPOS="516" VPOS="1319" WIDTH="161" HEIGHT="29" WC="0.35" CONTENT="budeetek&quot;"/><SP WIDTH="-38" VPOS="1319" HPOS="677"/>
							<String ID="string_396" HPOS="639" VPOS="1312" WIDTH="35" HEIGHT="43" WC="0.85" CONTENT="för"/><SP WIDTH="8" VPOS="1312" HPOS="674"/>
							<String ID="string_397" HPOS="682" VPOS="1316" WIDTH="69" HEIGHT="28" WC="0.0" CONTENT="Hästä"/><SP WIDTH="12" VPOS="1316" HPOS="751"/>
							<String ID="string_398" HPOS="763" VPOS="1316" WIDTH="153" HEIGHT="35" WC="0.32" CONTENT="finänsperiod,"/><SP WIDTH="14" VPOS="1316" HPOS="916"/>
							<String ID="string_399" HPOS="930" VPOS="1320" WIDTH="90" HEIGHT="30" WC="0.41" CONTENT="oäktädt"/>
						</TextLine>
						<TextLine ID="line_41" HPOS="207" VPOS="1348" WIDTH="813" HEIGHT="34">
							<String ID="string_400" HPOS="207" VPOS="1349" WIDTH="43" HEIGHT="21" WC="0.86" CONTENT="882"/><SP WIDTH="8" VPOS="1349" HPOS="250"/>
							<String ID="string_401" HPOS="258" VPOS="1349" WIDTH="38" HEIGHT="21" WC="0.95" CONTENT="års"/><SP WIDTH="10" VPOS="1349" HPOS="296"/>
							<String ID="string_402" HPOS="306" VPOS="1349" WIDTH="87" HEIGHT="21" WC="0.96" CONTENT="ständer"/><SP WIDTH="11" VPOS="1349" HPOS="393"/>
							<String ID="string_403" HPOS="404" VPOS="1349" WIDTH="95" HEIGHT="22" WC="0.96" CONTENT="uttalade"/><SP WIDTH="10" VPOS="1349" HPOS="499"/>
							<String ID="string_404" HPOS="509" VPOS="1350" WIDTH="33" HEIGHT="26" WC="0.96" CONTENT="sig"/><SP WIDTH="9" VPOS="1350" HPOS="542"/>
							<String ID="string_405" HPOS="551" VPOS="1350" WIDTH="8" HEIGHT="21" WC="0.96" CONTENT="i"/><SP WIDTH="11" VPOS="1350" HPOS="559"/>
							<String ID="string_406" HPOS="570" VPOS="1349" WIDTH="36" HEIGHT="22" WC="0.96" CONTENT="det"/><SP WIDTH="10" VPOS="1349" HPOS="606"/>
							<String ID="string_407" HPOS="616" VPOS="1350" WIDTH="62" HEIGHT="27" WC="0.94" CONTENT="syfte,"/><SP WIDTH="9" VPOS="1350" HPOS="678"/>
							<String ID="string_408" HPOS="687" VPOS="1349" WIDTH="32" HEIGHT="23" WC="0.85" CONTENT="att"/><SP WIDTH="7" VPOS="1349" HPOS="719"/>
							<String ID="string_409" HPOS="726" VPOS="1349" WIDTH="68" HEIGHT="33" WC="0.74" CONTENT="några"/><SP WIDTH="7" VPOS="1349" HPOS="794"/>
							<String ID="string_410" HPOS="801" VPOS="1348" WIDTH="219" HEIGHT="30" WC="0.0" CONTENT="kanaliserin&amp;sarbe-"/>
						</TextLine>
						<TextLine ID="line_42" HPOS="192" VPOS="1376" WIDTH="828" HEIGHT="29">
							<String ID="string_411" HPOS="192" VPOS="1379" WIDTH="36" HEIGHT="19" WC="0.96" CONTENT="ten"/><SP WIDTH="16" VPOS="1379" HPOS="228"/>
							<String ID="string_412" HPOS="244" VPOS="1377" WIDTH="39" HEIGHT="21" WC="0.93" CONTENT="här"/><SP WIDTH="15" VPOS="1377" HPOS="283"/>
							<String ID="string_413" HPOS="298" VPOS="1378" WIDTH="46" HEIGHT="20" WC="0.96" CONTENT="icke"/><SP WIDTH="16" VPOS="1378" HPOS="344"/>
							<String ID="string_414" HPOS="360" VPOS="1378" WIDTH="67" HEIGHT="21" WC="0.93" CONTENT="borde"/><SP WIDTH="15" VPOS="1378" HPOS="427"/>
							<String ID="string_415" HPOS="442" VPOS="1378" WIDTH="114" HEIGHT="27" WC="0.96" CONTENT="företagas,"/><SP WIDTH="19" VPOS="1378" HPOS="556"/>
							<String ID="string_416" HPOS="575" VPOS="1378" WIDTH="72" HEIGHT="21" WC="0.96" CONTENT="förrän"/><SP WIDTH="16" VPOS="1378" HPOS="647"/>
							<String ID="string_417" HPOS="663" VPOS="1376" WIDTH="120" HEIGHT="24" WC="0.91" CONTENT="ständerna"/><SP WIDTH="12" VPOS="1376" HPOS="783"/>
							<String ID="string_418" HPOS="795" VPOS="1378" WIDTH="66" HEIGHT="21" WC="0.85" CONTENT="blifva"/><SP WIDTH="8" VPOS="1378" HPOS="861"/>
							<String ID="string_419" HPOS="869" VPOS="1377" WIDTH="8" HEIGHT="22" WC="0.67" CONTENT="i"/><SP WIDTH="11" VPOS="1377" HPOS="877"/>
							<String ID="string_420" HPOS="888" VPOS="1376" WIDTH="84" HEIGHT="24" WC="0.93" CONTENT="tillfälle"/><SP WIDTH="16" VPOS="1376" HPOS="972"/>
							<String ID="string_421" HPOS="988" VPOS="1380" WIDTH="32" HEIGHT="20" WC="0.96" CONTENT="att"/>
						</TextLine>
						<TextLine ID="line_43" HPOS="194" VPOS="1406" WIDTH="826" HEIGHT="27">
							<String ID="string_422" HPOS="194" VPOS="1411" WIDTH="33" HEIGHT="15" WC="0.95" CONTENT="om"/><SP WIDTH="18" VPOS="1411" HPOS="227"/>
							<String ID="string_423" HPOS="245" VPOS="1406" WIDTH="63" HEIGHT="21" WC="0.93" CONTENT="dessa"/><SP WIDTH="16" VPOS="1406" HPOS="308"/>
							<String ID="string_424" HPOS="324" VPOS="1406" WIDTH="87" HEIGHT="21" WC="0.96" CONTENT="arbeten"/><SP WIDTH="16" VPOS="1406" HPOS="411"/>
							<String ID="string_425" HPOS="427" VPOS="1409" WIDTH="57" HEIGHT="24" WC="0.96" CONTENT="yttra"/><SP WIDTH="15" VPOS="1409" HPOS="484"/>
							<String ID="string_426" HPOS="499" VPOS="1407" WIDTH="41" HEIGHT="26" WC="0.96" CONTENT="sig;"/><SP WIDTH="19" VPOS="1407" HPOS="540"/>
							<String ID="string_427" HPOS="559" VPOS="1407" WIDTH="27" HEIGHT="20" WC="0.96" CONTENT="dä"/><SP WIDTH="15" VPOS="1407" HPOS="586"/>
							<String ID="string_428" HPOS="601" VPOS="1408" WIDTH="126" HEIGHT="25" WC="0.96" CONTENT="regeringen"/><SP WIDTH="17" VPOS="1408" HPOS="727"/>
							<String ID="string_429" HPOS="744" VPOS="1408" WIDTH="74" HEIGHT="20" WC="0.96" CONTENT="vidare"/><SP WIDTH="13" VPOS="1408" HPOS="818"/>
							<String ID="string_430" HPOS="831" VPOS="1407" WIDTH="65" HEIGHT="20" WC="0.96" CONTENT="redan"/><SP WIDTH="12" VPOS="1407" HPOS="896"/>
							<String ID="string_431" HPOS="908" VPOS="1407" WIDTH="38" HEIGHT="21" WC="0.93" CONTENT="har"/><SP WIDTH="11" VPOS="1407" HPOS="946"/>
							<String ID="string_432" HPOS="957" VPOS="1407" WIDTH="63" HEIGHT="21" WC="0.93" CONTENT="sändt"/>
						</TextLine>
						<TextLine ID="line_44" HPOS="192" VPOS="1434" WIDTH="828" HEIGHT="30">
							<String ID="string_433" HPOS="192" VPOS="1434" WIDTH="110" HEIGHT="28" WC="0.91" CONTENT="projekter"/><SP WIDTH="16" VPOS="1434" HPOS="302"/>
							<String ID="string_434" HPOS="318" VPOS="1434" WIDTH="32" HEIGHT="21" WC="0.96" CONTENT="till"/><SP WIDTH="17" VPOS="1434" HPOS="350"/>
							<String ID="string_435" HPOS="367" VPOS="1435" WIDTH="63" HEIGHT="21" WC="0.93" CONTENT="dessa"/><SP WIDTH="16" VPOS="1435" HPOS="430"/>
							<String ID="string_436" HPOS="446" VPOS="1435" WIDTH="243" HEIGHT="29" WC="0.92" CONTENT="kanaliseringsarbeten"/><SP WIDTH="16" VPOS="1435" HPOS="689"/>
							<String ID="string_437" HPOS="705" VPOS="1436" WIDTH="35" HEIGHT="20" WC="0.96" CONTENT="för"/><SP WIDTH="15" VPOS="1436" HPOS="740"/>
							<String ID="string_438" HPOS="755" VPOS="1437" WIDTH="32" HEIGHT="19" WC="0.97" CONTENT="att"/><SP WIDTH="16" VPOS="1437" HPOS="787"/>
							<String ID="string_439" HPOS="803" VPOS="1435" WIDTH="23" HEIGHT="27" WC="0.96" CONTENT="af"/><SP WIDTH="17" VPOS="1435" HPOS="826"/>
							<String ID="string_440" HPOS="843" VPOS="1435" WIDTH="59" HEIGHT="27" WC="0.93" CONTENT="Hans"/><SP WIDTH="17" VPOS="1435" HPOS="902"/>
							<String ID="string_441" HPOS="919" VPOS="1436" WIDTH="101" HEIGHT="26" WC="0.91" CONTENT="Majestät"/>
						</TextLine>
						<TextLine ID="line_45" HPOS="192" VPOS="1461" WIDTH="828" HEIGHT="31">
							<String ID="string_442" HPOS="192" VPOS="1461" WIDTH="138" HEIGHT="27" WC="0.87" CONTENT="fastställas,"/><SP WIDTH="14" VPOS="1461" HPOS="330"/>
							<String ID="string_443" HPOS="344" VPOS="1462" WIDTH="84" HEIGHT="26" WC="0.91" CONTENT="hvilket"/><SP WIDTH="24" VPOS="1462" HPOS="428"/>
							<String ID="string_444" HPOS="452" VPOS="1462" WIDTH="94" HEIGHT="29" WC="0.93" CONTENT="framgår"/><SP WIDTH="24" VPOS="1462" HPOS="546"/>
							<String ID="string_445" HPOS="570" VPOS="1462" WIDTH="48" HEIGHT="22" WC="0.55" CONTENT="från"/><SP WIDTH="23" VPOS="1462" HPOS="618"/>
							<String ID="string_446" HPOS="641" VPOS="1462" WIDTH="219" HEIGHT="30" WC="0.91" CONTENT="jernvägsutskottets"/><SP WIDTH="25" VPOS="1462" HPOS="860"/>
							<String ID="string_447" HPOS="885" VPOS="1462" WIDTH="135" HEIGHT="29" WC="0.95" CONTENT="betänkande"/>
						</TextLine>
						<TextLine ID="line_46" HPOS="192" VPOS="1488" WIDTH="828" HEIGHT="35">
							<String ID="string_448" HPOS="192" VPOS="1490" WIDTH="36" HEIGHT="21" WC="0.45" CONTENT="hd"/><SP WIDTH="17" VPOS="1490" HPOS="228"/>
							<String ID="string_449" HPOS="245" VPOS="1491" WIDTH="19" HEIGHT="26" WC="0.92" CONTENT="1,"/><SP WIDTH="18" VPOS="1491" HPOS="264"/>
							<String ID="string_450" HPOS="282" VPOS="1492" WIDTH="54" HEIGHT="23" WC="0.78" CONTENT="I:sta"/><SP WIDTH="14" VPOS="1492" HPOS="336"/>
							<String ID="string_451" HPOS="350" VPOS="1490" WIDTH="68" HEIGHT="26" WC="0.84" CONTENT="sidan,"/><SP WIDTH="20" VPOS="1490" HPOS="418"/>
							<String ID="string_452" HPOS="438" VPOS="1492" WIDTH="38" HEIGHT="20" WC="0.96" CONTENT="der"/><SP WIDTH="19" VPOS="1492" HPOS="476"/>
							<String ID="string_453" HPOS="495" VPOS="1492" WIDTH="36" HEIGHT="20" WC="0.96" CONTENT="det"/><SP WIDTH="18" VPOS="1492" HPOS="531"/>
							<String ID="string_454" HPOS="549" VPOS="1491" WIDTH="88" HEIGHT="21" WC="0.62" CONTENT="nämnes"/><SP WIDTH="15" VPOS="1491" HPOS="637"/>
							<String ID="string_455" HPOS="652" VPOS="1492" WIDTH="34" HEIGHT="24" WC="0.75" CONTENT="att"/><SP WIDTH="13" VPOS="1492" HPOS="686"/>
							<String ID="string_456" HPOS="699" VPOS="1490" WIDTH="66" HEIGHT="30" WC="0.93" CONTENT="dessa"/><SP WIDTH="14" VPOS="1490" HPOS="765"/>
							<String ID="string_457" HPOS="779" VPOS="1490" WIDTH="127" HEIGHT="29" WC="0.84" CONTENT="håndlingår"/><SP WIDTH="16" VPOS="1490" HPOS="906"/>
							<String ID="string_458" HPOS="922" VPOS="1488" WIDTH="98" HEIGHT="35" WC="0.91" CONTENT="endäst"/><SP WIDTH="-10" VPOS="1488" HPOS="1020"/>
							<String ID="string_459" HPOS="1010" VPOS="1484" WIDTH="14" HEIGHT="43" WC="0.96" CONTENT="i"/>
						</TextLine>
						<TextLine ID="line_47" HPOS="192" VPOS="1516" WIDTH="829" HEIGHT="31">
							<String ID="string_460" HPOS="192" VPOS="1518" WIDTH="88" HEIGHT="22" WC="0.86" CONTENT="afskrift"/><SP WIDTH="21" VPOS="1518" HPOS="280"/>
							<String ID="string_461" HPOS="301" VPOS="1519" WIDTH="82" HEIGHT="21" WC="0.91" CONTENT="kunnat"/><SP WIDTH="22" VPOS="1519" HPOS="383"/>
							<String ID="string_462" HPOS="405" VPOS="1520" WIDTH="82" HEIGHT="21" WC="0.90" CONTENT="lemnäs"/><SP WIDTH="19" VPOS="1520" HPOS="487"/>
							<String ID="string_463" HPOS="506" VPOS="1519" WIDTH="34" HEIGHT="21" WC="0.93" CONTENT="till"/><SP WIDTH="15" VPOS="1519" HPOS="540"/>
							<String ID="string_464" HPOS="555" VPOS="1518" WIDTH="215" HEIGHT="29" WC="0.66" CONTENT="jernvägsätskottet,"/><SP WIDTH="19" VPOS="1518" HPOS="770"/>
							<String ID="string_465" HPOS="789" VPOS="1518" WIDTH="90" HEIGHT="23" WC="0.94" CONTENT="emedan"/><SP WIDTH="23" VPOS="1518" HPOS="879"/>
							<String ID="string_466" HPOS="902" VPOS="1516" WIDTH="119" HEIGHT="30" WC="0.0" CONTENT="originalen"/>
						</TextLine>
					</TextBlock>
				</ComposedBlock>
			</PrintSpace>
		</Page>
	</Layout>
</alto>
