<?xml version="1.0" encoding="UTF-8"?>
<alto xmlns="http://www.loc.gov/standards/alto/ns-v3#" xmlns:xlink="http://www.w3.org/1999/xlink" xmlns:xsi="http://www.w3.org/2001/XMLSchema-instance" xsi:schemaLocation="http://www.loc.gov/standards/alto/ns-v3# http://www.loc.gov/alto/v3/alto-3-0.xsd">
	<Description>
		<MeasurementUnit>pixel</MeasurementUnit>
		<sourceImageInformation>
			<fileName>/tmp/tess_4h6wj41v_input.PNG</fileName>
		</sourceImageInformation>
		<OCRProcessing ID="OCR_0">
			<ocrProcessingStep>
				<processingSoftware>
					<softwareName>tesseract 5.3.4</softwareName>
				</processingSoftware>
			</ocrProcessingStep>
		</OCRProcessing>
	</Description>
	<Layout>
		<Page WIDTH="1139" HEIGHT="1723" PHYSICAL_IMG_NR="0" ID="page_0">
			<PrintSpace HPOS="0" VPOS="0" WIDTH="1139" HEIGHT="1723">
				<ComposedBlock ID="cblock_0" HPOS="400" VPOS="111" WIDTH="508" HEIGHT="24">
					<TextBlock ID="block_0" HPOS="400" VPOS="111" WIDTH="508" HEIGHT="24">
						<TextLine ID="line_0" HPOS="400" VPOS="111" WIDTH="508" HEIGHT="24">
							<String ID="string_0" HPOS="400" VPOS="112" WIDTH="92" HEIGHT="22" WC="0.66" CONTENT="Borgarest."/><SP WIDTH="12" VPOS="112" HPOS="492"/>
							<String ID="string_1" HPOS="504" VPOS="112" WIDTH="45" HEIGHT="19" WC="0.96" CONTENT="1885."/><SP WIDTH="22" VPOS="112" HPOS="549"/>
							<String ID="string_2" HPOS="571" VPOS="112" WIDTH="18" HEIGHT="19" WC="0.95" CONTENT="19"/><SP WIDTH="12" VPOS="112" HPOS="589"/>
							<String ID="string_3" HPOS="601" VPOS="111" WIDTH="40" HEIGHT="24" WC="0.94" CONTENT="Maj."/><SP WIDTH="223" VPOS="111" HPOS="641"/>
							<String ID="string_4" HPOS="864" VPOS="112" WIDTH="44" HEIGHT="19" WC="0.95" CONTENT="1288"/>
						</TextLine>
					</TextBlock>
				</ComposedBlock>
				<ComposedBlock ID="cblock_1" HPOS="114" VPOS="180" WIDTH="826" HEIGHT="1366">
					<TextBlock ID="block_1" HPOS="114" VPOS="180" WIDTH="818" HEIGHT="516">
						<TextLine ID="line_1" HPOS="115" VPOS="180" WIDTH="814" HEIGHT="32">
							<String ID="string_5" HPOS="115" VPOS="190" WIDTH="41" HEIGHT="22" WC="0.96" CONTENT="gen"/><SP WIDTH="15" VPOS="190" HPOS="156"/>
							<String ID="string_6" HPOS="171" VPOS="185" WIDTH="32" HEIGHT="19" WC="0.96" CONTENT="att"/><SP WIDTH="13" VPOS="185" HPOS="203"/>
							<String ID="string_7" HPOS="216" VPOS="183" WIDTH="105" HEIGHT="27" WC="0.96" CONTENT="uppträda"/><SP WIDTH="14" VPOS="183" HPOS="321"/>
							<String ID="string_8" HPOS="335" VPOS="183" WIDTH="45" HEIGHT="21" WC="0.96" CONTENT="mot"/><SP WIDTH="13" VPOS="183" HPOS="380"/>
							<String ID="string_9" HPOS="393" VPOS="187" WIDTH="82" HEIGHT="16" WC="0.95" CONTENT="samma"/><SP WIDTH="15" VPOS="187" HPOS="475"/>
							<String ID="string_10" HPOS="490" VPOS="181" WIDTH="127" HEIGHT="27" WC="0.95" CONTENT="delegation,"/><SP WIDTH="15" VPOS="181" HPOS="617"/>
							<String ID="string_11" HPOS="632" VPOS="181" WIDTH="65" HEIGHT="21" WC="0.96" CONTENT="hvars"/><SP WIDTH="10" VPOS="181" HPOS="697"/>
							<String ID="string_12" HPOS="707" VPOS="180" WIDTH="136" HEIGHT="27" WC="0.93" CONTENT="anföranden,"/><SP WIDTH="12" VPOS="180" HPOS="843"/>
							<String ID="string_13" HPOS="855" VPOS="180" WIDTH="74" HEIGHT="22" WC="0.92" CONTENT="åtmin-"/>
						</TextLine>
						<TextLine ID="line_2" HPOS="116" VPOS="209" WIDTH="814" HEIGHT="28">
							<String ID="string_14" HPOS="116" VPOS="215" WIDTH="61" HEIGHT="20" WC="0.96" CONTENT="stone"/><SP WIDTH="14" VPOS="215" HPOS="177"/>
							<String ID="string_15" HPOS="191" VPOS="212" WIDTH="33" HEIGHT="21" WC="0.96" CONTENT="till"/><SP WIDTH="15" VPOS="212" HPOS="224"/>
							<String ID="string_16" HPOS="239" VPOS="212" WIDTH="40" HEIGHT="20" WC="0.96" CONTENT="den"/><SP WIDTH="16" VPOS="212" HPOS="279"/>
							<String ID="string_17" HPOS="295" VPOS="211" WIDTH="34" HEIGHT="21" WC="0.96" CONTENT="del"/><SP WIDTH="16" VPOS="211" HPOS="329"/>
							<String ID="string_18" HPOS="345" VPOS="211" WIDTH="25" HEIGHT="21" WC="0.93" CONTENT="de"/><SP WIDTH="15" VPOS="211" HPOS="370"/>
							<String ID="string_19" HPOS="385" VPOS="210" WIDTH="54" HEIGHT="26" WC="0.90" CONTENT="angå"/><SP WIDTH="15" VPOS="210" HPOS="439"/>
							<String ID="string_20" HPOS="454" VPOS="210" WIDTH="84" HEIGHT="27" WC="0.96" CONTENT="Kuopio"/><SP WIDTH="16" VPOS="210" HPOS="538"/>
							<String ID="string_21" HPOS="554" VPOS="210" WIDTH="41" HEIGHT="26" WC="0.96" CONTENT="län,"/><SP WIDTH="15" VPOS="210" HPOS="595"/>
							<String ID="string_22" HPOS="610" VPOS="209" WIDTH="47" HEIGHT="22" WC="0.96" CONTENT="icke"/><SP WIDTH="15" VPOS="209" HPOS="657"/>
							<String ID="string_23" HPOS="672" VPOS="210" WIDTH="73" HEIGHT="27" WC="0.96" CONTENT="tyckas"/><SP WIDTH="16" VPOS="210" HPOS="745"/>
							<String ID="string_24" HPOS="761" VPOS="215" WIDTH="50" HEIGHT="16" WC="0.96" CONTENT="vara"/><SP WIDTH="10" VPOS="215" HPOS="811"/>
							<String ID="string_25" HPOS="821" VPOS="209" WIDTH="109" HEIGHT="27" WC="0.96" CONTENT="grundade"/>
						</TextLine>
						<TextLine ID="line_3" HPOS="114" VPOS="238" WIDTH="815" HEIGHT="31">
							<String ID="string_26" HPOS="114" VPOS="242" WIDTH="29" HEIGHT="27" WC="0.96" CONTENT="på"/><SP WIDTH="13" VPOS="242" HPOS="143"/>
							<String ID="string_27" HPOS="156" VPOS="240" WIDTH="70" HEIGHT="28" WC="0.96" CONTENT="någon"/><SP WIDTH="14" VPOS="240" HPOS="226"/>
							<String ID="string_28" HPOS="240" VPOS="239" WIDTH="183" HEIGHT="22" WC="0.95" CONTENT="lokalkännedom."/><SP WIDTH="30" VPOS="239" HPOS="423"/>
							<String ID="string_29" HPOS="453" VPOS="238" WIDTH="154" HEIGHT="27" WC="0.95" CONTENT="Delegationen"/><SP WIDTH="15" VPOS="238" HPOS="607"/>
							<String ID="string_30" HPOS="622" VPOS="238" WIDTH="125" HEIGHT="21" WC="0.95" CONTENT="framhåller"/><SP WIDTH="14" VPOS="238" HPOS="747"/>
							<String ID="string_31" HPOS="761" VPOS="240" WIDTH="32" HEIGHT="19" WC="0.96" CONTENT="att"/><SP WIDTH="14" VPOS="240" HPOS="793"/>
							<String ID="string_32" HPOS="807" VPOS="238" WIDTH="26" HEIGHT="21" WC="0.96" CONTENT="de"/><SP WIDTH="16" VPOS="238" HPOS="833"/>
							<String ID="string_33" HPOS="849" VPOS="238" WIDTH="80" HEIGHT="26" WC="0.96" CONTENT="nejder,"/>
						</TextLine>
						<TextLine ID="line_4" HPOS="115" VPOS="266" WIDTH="815" HEIGHT="28">
							<String ID="string_34" HPOS="115" VPOS="270" WIDTH="73" HEIGHT="22" WC="0.95" CONTENT="hvilka"/><SP WIDTH="21" VPOS="270" HPOS="188"/>
							<String ID="string_35" HPOS="209" VPOS="268" WIDTH="68" HEIGHT="22" WC="0.96" CONTENT="skulle"/><SP WIDTH="22" VPOS="268" HPOS="277"/>
							<String ID="string_36" HPOS="299" VPOS="274" WIDTH="76" HEIGHT="20" WC="0.95" CONTENT="genom"/><SP WIDTH="18" VPOS="274" HPOS="375"/>
							<String ID="string_37" HPOS="393" VPOS="266" WIDTH="92" HEIGHT="22" WC="0.93" CONTENT="kanalen"/><SP WIDTH="14" VPOS="266" HPOS="485"/>
							<String ID="string_38" HPOS="499" VPOS="266" WIDTH="104" HEIGHT="28" WC="0.92" CONTENT="betjenas,"/><SP WIDTH="15" VPOS="266" HPOS="603"/>
							<String ID="string_39" HPOS="618" VPOS="266" WIDTH="53" HEIGHT="21" WC="0.96" CONTENT="höra"/><SP WIDTH="14" VPOS="266" HPOS="671"/>
							<String ID="string_40" HPOS="685" VPOS="266" WIDTH="34" HEIGHT="21" WC="0.96" CONTENT="till"/><SP WIDTH="15" VPOS="266" HPOS="719"/>
							<String ID="string_41" HPOS="734" VPOS="266" WIDTH="26" HEIGHT="22" WC="0.93" CONTENT="de"/><SP WIDTH="15" VPOS="266" HPOS="760"/>
							<String ID="string_42" HPOS="775" VPOS="266" WIDTH="155" HEIGHT="27" WC="0.92" CONTENT="folkfattigaste"/>
						</TextLine>
						<TextLine ID="line_5" HPOS="115" VPOS="294" WIDTH="815" HEIGHT="28">
							<String ID="string_43" HPOS="115" VPOS="298" WIDTH="39" HEIGHT="22" WC="0.96" CONTENT="och"/><SP WIDTH="16" VPOS="298" HPOS="154"/>
							<String ID="string_44" HPOS="170" VPOS="298" WIDTH="63" HEIGHT="20" WC="0.96" CONTENT="minst"/><SP WIDTH="13" VPOS="298" HPOS="233"/>
							<String ID="string_45" HPOS="246" VPOS="296" WIDTH="142" HEIGHT="22" WC="0.92" CONTENT="framskridna"/><SP WIDTH="15" VPOS="296" HPOS="388"/>
							<String ID="string_46" HPOS="403" VPOS="296" WIDTH="87" HEIGHT="20" WC="0.92" CONTENT="delarne"/><SP WIDTH="15" VPOS="296" HPOS="490"/>
							<String ID="string_47" HPOS="505" VPOS="295" WIDTH="24" HEIGHT="21" WC="0.96" CONTENT="af"/><SP WIDTH="12" VPOS="295" HPOS="529"/>
							<String ID="string_48" HPOS="541" VPOS="295" WIDTH="48" HEIGHT="21" WC="0.96" CONTENT="vårt"/><SP WIDTH="14" VPOS="295" HPOS="589"/>
							<String ID="string_49" HPOS="603" VPOS="295" WIDTH="56" HEIGHT="21" WC="0.96" CONTENT="land."/><SP WIDTH="30" VPOS="295" HPOS="659"/>
							<String ID="string_50" HPOS="689" VPOS="294" WIDTH="41" HEIGHT="28" WC="0.96" CONTENT="Jag"/><SP WIDTH="15" VPOS="294" HPOS="730"/>
							<String ID="string_51" HPOS="745" VPOS="294" WIDTH="68" HEIGHT="22" WC="0.96" CONTENT="skulle"/><SP WIDTH="15" VPOS="294" HPOS="813"/>
							<String ID="string_52" HPOS="828" VPOS="295" WIDTH="51" HEIGHT="27" WC="0.93" CONTENT="vilja"/><SP WIDTH="14" VPOS="295" HPOS="879"/>
							<String ID="string_53" HPOS="893" VPOS="295" WIDTH="37" HEIGHT="27" WC="0.89" CONTENT="på-"/>
						</TextLine>
						<TextLine ID="line_6" HPOS="115" VPOS="323" WIDTH="815" HEIGHT="27">
							<String ID="string_54" HPOS="115" VPOS="326" WIDTH="34" HEIGHT="22" WC="0.96" CONTENT="stå"/><SP WIDTH="14" VPOS="326" HPOS="149"/>
							<String ID="string_55" HPOS="163" VPOS="327" WIDTH="122" HEIGHT="20" WC="0.95" CONTENT="motsatsen."/><SP WIDTH="33" VPOS="327" HPOS="285"/>
							<String ID="string_56" HPOS="318" VPOS="324" WIDTH="43" HEIGHT="22" WC="0.95" CONTENT="Det"/><SP WIDTH="13" VPOS="324" HPOS="361"/>
							<String ID="string_57" HPOS="374" VPOS="326" WIDTH="25" HEIGHT="19" WC="0.95" CONTENT="är"/><SP WIDTH="18" VPOS="326" HPOS="399"/>
							<String ID="string_58" HPOS="417" VPOS="324" WIDTH="54" HEIGHT="21" WC="0.93" CONTENT="visst"/><SP WIDTH="18" VPOS="324" HPOS="471"/>
							<String ID="string_59" HPOS="489" VPOS="325" WIDTH="63" HEIGHT="19" WC="0.92" CONTENT="sannt"/><SP WIDTH="17" VPOS="325" HPOS="552"/>
							<String ID="string_60" HPOS="569" VPOS="325" WIDTH="32" HEIGHT="19" WC="0.96" CONTENT="att"/><SP WIDTH="13" VPOS="325" HPOS="601"/>
							<String ID="string_61" HPOS="614" VPOS="323" WIDTH="162" HEIGHT="21" WC="0.96" CONTENT="förhållandena"/><SP WIDTH="14" VPOS="323" HPOS="776"/>
							<String ID="string_62" HPOS="790" VPOS="323" WIDTH="6" HEIGHT="21" WC="0.93" CONTENT="i"/><SP WIDTH="19" VPOS="323" HPOS="796"/>
							<String ID="string_63" HPOS="815" VPOS="323" WIDTH="115" HEIGHT="27" WC="0.89" CONTENT="Saårijärvi"/>
						</TextLine>
						<TextLine ID="line_7" HPOS="115" VPOS="352" WIDTH="817" HEIGHT="27">
							<String ID="string_64" HPOS="115" VPOS="355" WIDTH="39" HEIGHT="22" WC="0.93" CONTENT="och"/><SP WIDTH="15" VPOS="355" HPOS="154"/>
							<String ID="string_65" HPOS="169" VPOS="354" WIDTH="113" HEIGHT="22" WC="0.90" CONTENT="Viitasaari"/><SP WIDTH="15" VPOS="354" HPOS="282"/>
							<String ID="string_66" HPOS="297" VPOS="354" WIDTH="38" HEIGHT="20" WC="0.96" CONTENT="äro"/><SP WIDTH="15" VPOS="354" HPOS="335"/>
							<String ID="string_67" HPOS="350" VPOS="353" WIDTH="43" HEIGHT="26" WC="0.96" CONTENT="mig"/><SP WIDTH="14" VPOS="353" HPOS="393"/>
							<String ID="string_68" HPOS="407" VPOS="352" WIDTH="114" HEIGHT="26" WC="0.96" CONTENT="obekanta,"/><SP WIDTH="14" VPOS="352" HPOS="521"/>
							<String ID="string_69" HPOS="535" VPOS="358" WIDTH="48" HEIGHT="15" WC="0.96" CONTENT="men"/><SP WIDTH="15" VPOS="358" HPOS="583"/>
							<String ID="string_70" HPOS="598" VPOS="352" WIDTH="49" HEIGHT="21" WC="0.93" CONTENT="hela"/><SP WIDTH="15" VPOS="352" HPOS="647"/>
							<String ID="string_71" HPOS="662" VPOS="352" WIDTH="159" HEIGHT="21" WC="0.91" CONTENT="tavastländska"/><SP WIDTH="15" VPOS="352" HPOS="821"/>
							<String ID="string_72" HPOS="836" VPOS="352" WIDTH="62" HEIGHT="21" WC="0.96" CONTENT="delen"/><SP WIDTH="10" VPOS="352" HPOS="898"/>
							<String ID="string_73" HPOS="908" VPOS="352" WIDTH="24" HEIGHT="21" WC="0.95" CONTENT="af"/>
						</TextLine>
						<TextLine ID="line_8" HPOS="115" VPOS="380" WIDTH="814" HEIGHT="30">
							<String ID="string_74" HPOS="115" VPOS="383" WIDTH="84" HEIGHT="27" WC="0.96" CONTENT="Kuopio"/><SP WIDTH="20" VPOS="383" HPOS="199"/>
							<String ID="string_75" HPOS="219" VPOS="383" WIDTH="41" HEIGHT="25" WC="0.95" CONTENT="län,"/><SP WIDTH="22" VPOS="383" HPOS="260"/>
							<String ID="string_76" HPOS="282" VPOS="388" WIDTH="45" HEIGHT="15" WC="0.96" CONTENT="som"/><SP WIDTH="19" VPOS="388" HPOS="327"/>
							<String ID="string_77" HPOS="346" VPOS="381" WIDTH="99" HEIGHT="21" WC="0.96" CONTENT="omfattar"/><SP WIDTH="18" VPOS="381" HPOS="445"/>
							<String ID="string_78" HPOS="463" VPOS="380" WIDTH="142" HEIGHT="27" WC="0.93" CONTENT="Rautalampi,"/><SP WIDTH="14" VPOS="380" HPOS="605"/>
							<String ID="string_79" HPOS="619" VPOS="380" WIDTH="102" HEIGHT="26" WC="0.92" CONTENT="Vesanto,"/><SP WIDTH="15" VPOS="380" HPOS="721"/>
							<String ID="string_80" HPOS="736" VPOS="380" WIDTH="139" HEIGHT="22" WC="0.91" CONTENT="Hankasalmi"/><SP WIDTH="15" VPOS="380" HPOS="875"/>
							<String ID="string_81" HPOS="890" VPOS="380" WIDTH="39" HEIGHT="22" WC="0.95" CONTENT="och"/>
						</TextLine>
						<TextLine ID="line_9" HPOS="115" VPOS="408" WIDTH="815" HEIGHT="28">
							<String ID="string_82" HPOS="115" VPOS="412" WIDTH="84" HEIGHT="21" WC="0.92" CONTENT="Keitele"/><SP WIDTH="22" VPOS="412" HPOS="199"/>
							<String ID="string_83" HPOS="221" VPOS="411" WIDTH="129" HEIGHT="25" WC="0.96" CONTENT="kommuner,"/><SP WIDTH="23" VPOS="411" HPOS="350"/>
							<String ID="string_84" HPOS="373" VPOS="409" WIDTH="38" HEIGHT="22" WC="0.96" CONTENT="och"/><SP WIDTH="23" VPOS="409" HPOS="411"/>
							<String ID="string_85" HPOS="434" VPOS="409" WIDTH="108" HEIGHT="22" WC="0.96" CONTENT="dessutom"/><SP WIDTH="22" VPOS="409" HPOS="542"/>
							<String ID="string_86" HPOS="564" VPOS="415" WIDTH="26" HEIGHT="15" WC="0.96" CONTENT="en"/><SP WIDTH="19" VPOS="415" HPOS="590"/>
							<String ID="string_87" HPOS="609" VPOS="409" WIDTH="33" HEIGHT="21" WC="0.96" CONTENT="del"/><SP WIDTH="20" VPOS="409" HPOS="642"/>
							<String ID="string_88" HPOS="662" VPOS="409" WIDTH="23" HEIGHT="21" WC="0.95" CONTENT="af"/><SP WIDTH="16" VPOS="409" HPOS="685"/>
							<String ID="string_89" HPOS="701" VPOS="408" WIDTH="108" HEIGHT="28" WC="0.93" CONTENT="Savolaks,"/><SP WIDTH="15" VPOS="408" HPOS="809"/>
							<String ID="string_90" HPOS="824" VPOS="409" WIDTH="106" HEIGHT="27" WC="0.92" CONTENT="nemligen"/>
						</TextLine>
						<TextLine ID="line_10" HPOS="115" VPOS="437" WIDTH="816" HEIGHT="30">
							<String ID="string_91" HPOS="115" VPOS="440" WIDTH="128" HEIGHT="27" WC="0.96" CONTENT="Pihlajavesi"/><SP WIDTH="23" VPOS="440" HPOS="243"/>
							<String ID="string_92" HPOS="266" VPOS="438" WIDTH="39" HEIGHT="23" WC="0.96" CONTENT="och"/><SP WIDTH="17" VPOS="438" HPOS="305"/>
							<String ID="string_93" HPOS="322" VPOS="438" WIDTH="100" HEIGHT="22" WC="0.93" CONTENT="Karttula"/><SP WIDTH="15" VPOS="438" HPOS="422"/>
							<String ID="string_94" HPOS="437" VPOS="438" WIDTH="97" HEIGHT="26" WC="0.95" CONTENT="socknar,"/><SP WIDTH="18" VPOS="438" HPOS="534"/>
							<String ID="string_95" HPOS="552" VPOS="439" WIDTH="37" HEIGHT="20" WC="0.96" CONTENT="äro"/><SP WIDTH="18" VPOS="439" HPOS="589"/>
							<String ID="string_96" HPOS="607" VPOS="437" WIDTH="24" HEIGHT="22" WC="0.96" CONTENT="af"/><SP WIDTH="13" VPOS="437" HPOS="631"/>
							<String ID="string_97" HPOS="644" VPOS="439" WIDTH="89" HEIGHT="20" WC="0.96" CONTENT="naturen"/><SP WIDTH="16" VPOS="439" HPOS="733"/>
							<String ID="string_98" HPOS="749" VPOS="438" WIDTH="132" HEIGHT="27" WC="0.96" CONTENT="synnerligen"/><SP WIDTH="15" VPOS="438" HPOS="881"/>
							<String ID="string_99" HPOS="896" VPOS="438" WIDTH="35" HEIGHT="21" WC="0.96" CONTENT="väl"/>
						</TextLine>
						<TextLine ID="line_11" HPOS="115" VPOS="466" WIDTH="815" HEIGHT="27">
							<String ID="string_100" HPOS="115" VPOS="469" WIDTH="88" HEIGHT="22" WC="0.89" CONTENT="lottade."/><SP WIDTH="28" VPOS="469" HPOS="203"/>
							<String ID="string_101" HPOS="231" VPOS="468" WIDTH="69" HEIGHT="21" WC="0.91" CONTENT="Deras"/><SP WIDTH="16" VPOS="468" HPOS="300"/>
							<String ID="string_102" HPOS="316" VPOS="467" WIDTH="97" HEIGHT="26" WC="0.91" CONTENT="jordmän"/><SP WIDTH="15" VPOS="467" HPOS="413"/>
							<String ID="string_103" HPOS="428" VPOS="468" WIDTH="25" HEIGHT="19" WC="0.93" CONTENT="är"/><SP WIDTH="14" VPOS="468" HPOS="453"/>
							<String ID="string_104" HPOS="467" VPOS="466" WIDTH="114" HEIGHT="27" WC="0.92" CONTENT="bördigare"/><SP WIDTH="15" VPOS="466" HPOS="581"/>
							<String ID="string_105" HPOS="596" VPOS="468" WIDTH="27" HEIGHT="19" WC="0.96" CONTENT="än"/><SP WIDTH="14" VPOS="468" HPOS="623"/>
							<String ID="string_106" HPOS="637" VPOS="467" WIDTH="7" HEIGHT="20" WC="0.96" CONTENT="i"/><SP WIDTH="17" VPOS="467" HPOS="644"/>
							<String ID="string_107" HPOS="661" VPOS="466" WIDTH="63" HEIGHT="21" WC="0.93" CONTENT="dessa"/><SP WIDTH="13" VPOS="466" HPOS="724"/>
							<String ID="string_108" HPOS="737" VPOS="467" WIDTH="82" HEIGHT="21" WC="0.92" CONTENT="trakter"/><SP WIDTH="14" VPOS="467" HPOS="819"/>
							<String ID="string_109" HPOS="833" VPOS="467" WIDTH="97" HEIGHT="26" WC="0.96" CONTENT="vanligen"/>
						</TextLine>
						<TextLine ID="line_12" HPOS="115" VPOS="494" WIDTH="815" HEIGHT="29">
							<String ID="string_110" HPOS="115" VPOS="497" WIDTH="108" HEIGHT="26" WC="0.92" CONTENT="anträffas,"/><SP WIDTH="14" VPOS="497" HPOS="223"/>
							<String ID="string_111" HPOS="237" VPOS="495" WIDTH="141" HEIGHT="22" WC="0.92" CONTENT="folktätheten"/><SP WIDTH="14" VPOS="495" HPOS="378"/>
							<String ID="string_112" HPOS="392" VPOS="495" WIDTH="47" HEIGHT="21" WC="0.92" CONTENT="icke"/><SP WIDTH="15" VPOS="495" HPOS="439"/>
							<String ID="string_113" HPOS="454" VPOS="495" WIDTH="25" HEIGHT="21" WC="0.93" CONTENT="sä"/><SP WIDTH="14" VPOS="495" HPOS="479"/>
							<String ID="string_114" HPOS="493" VPOS="495" WIDTH="62" HEIGHT="27" WC="0.92" CONTENT="ringa"/><SP WIDTH="14" VPOS="495" HPOS="555"/>
							<String ID="string_115" HPOS="569" VPOS="501" WIDTH="46" HEIGHT="15" WC="0.96" CONTENT="som"/><SP WIDTH="14" VPOS="501" HPOS="615"/>
							<String ID="string_116" HPOS="629" VPOS="501" WIDTH="49" HEIGHT="15" WC="0.96" CONTENT="man"/><SP WIDTH="16" VPOS="501" HPOS="678"/>
							<String ID="string_117" HPOS="694" VPOS="494" WIDTH="69" HEIGHT="22" WC="0.93" CONTENT="skulle"/><SP WIDTH="12" VPOS="494" HPOS="763"/>
							<String ID="string_118" HPOS="775" VPOS="497" WIDTH="40" HEIGHT="24" WC="0.93" CONTENT="tro,"/><SP WIDTH="10" VPOS="497" HPOS="815"/>
							<String ID="string_119" HPOS="825" VPOS="495" WIDTH="40" HEIGHT="22" WC="0.93" CONTENT="och"/><SP WIDTH="10" VPOS="495" HPOS="865"/>
							<String ID="string_120" HPOS="875" VPOS="495" WIDTH="55" HEIGHT="21" WC="0.92" CONTENT="hvad"/>
						</TextLine>
						<TextLine ID="line_13" HPOS="115" VPOS="523" WIDTH="815" HEIGHT="30">
							<String ID="string_121" HPOS="115" VPOS="526" WIDTH="115" HEIGHT="27" WC="0.74" CONTENT="idogheten"/><SP WIDTH="16" VPOS="526" HPOS="230"/>
							<String ID="string_122" HPOS="246" VPOS="524" WIDTH="107" HEIGHT="26" WC="0.93" CONTENT="beträffar,"/><SP WIDTH="10" VPOS="524" HPOS="353"/>
							<String ID="string_123" HPOS="363" VPOS="526" WIDTH="37" HEIGHT="19" WC="0.96" CONTENT="äro"/><SP WIDTH="11" VPOS="526" HPOS="400"/>
							<String ID="string_124" HPOS="411" VPOS="523" WIDTH="103" HEIGHT="22" WC="0.96" CONTENT="särskildt"/><SP WIDTH="10" VPOS="523" HPOS="514"/>
							<String ID="string_125" HPOS="524" VPOS="523" WIDTH="153" HEIGHT="22" WC="0.96" CONTENT="kommunerna"/><SP WIDTH="10" VPOS="523" HPOS="677"/>
							<String ID="string_126" HPOS="687" VPOS="523" WIDTH="140" HEIGHT="28" WC="0.96" CONTENT="Rautalampi,"/><SP WIDTH="10" VPOS="523" HPOS="827"/>
							<String ID="string_127" HPOS="837" VPOS="524" WIDTH="93" HEIGHT="21" WC="0.96" CONTENT="Vesanto"/>
						</TextLine>
						<TextLine ID="line_14" HPOS="116" VPOS="552" WIDTH="813" HEIGHT="27">
							<String ID="string_128" HPOS="116" VPOS="555" WIDTH="39" HEIGHT="21" WC="0.96" CONTENT="och"/><SP WIDTH="22" VPOS="555" HPOS="155"/>
							<String ID="string_129" HPOS="177" VPOS="553" WIDTH="138" HEIGHT="22" WC="0.93" CONTENT="Hankasalmi"/><SP WIDTH="22" VPOS="553" HPOS="315"/>
							<String ID="string_130" HPOS="337" VPOS="552" WIDTH="108" HEIGHT="21" WC="0.92" CONTENT="utmärkta"/><SP WIDTH="21" VPOS="552" HPOS="445"/>
							<String ID="string_131" HPOS="466" VPOS="552" WIDTH="47" HEIGHT="21" WC="0.90" CONTENT="icke"/><SP WIDTH="18" VPOS="552" HPOS="513"/>
							<String ID="string_132" HPOS="531" VPOS="552" WIDTH="56" HEIGHT="21" WC="0.92" CONTENT="blott"/><SP WIDTH="16" VPOS="552" HPOS="587"/>
							<String ID="string_133" HPOS="603" VPOS="552" WIDTH="34" HEIGHT="21" WC="0.96" CONTENT="för"/><SP WIDTH="14" VPOS="552" HPOS="637"/>
							<String ID="string_134" HPOS="651" VPOS="552" WIDTH="38" HEIGHT="21" WC="0.93" CONTENT="sitt"/><SP WIDTH="14" VPOS="552" HPOS="689"/>
							<String ID="string_135" HPOS="703" VPOS="552" WIDTH="104" HEIGHT="21" WC="0.92" CONTENT="rationela"/><SP WIDTH="12" VPOS="552" HPOS="807"/>
							<String ID="string_136" HPOS="819" VPOS="552" WIDTH="110" HEIGHT="27" WC="0.96" CONTENT="jordbruk,"/>
						</TextLine>
						<TextLine ID="line_15" HPOS="115" VPOS="580" WIDTH="815" HEIGHT="27">
							<String ID="string_137" HPOS="115" VPOS="586" WIDTH="52" HEIGHT="19" WC="0.96" CONTENT="utan"/><SP WIDTH="14" VPOS="586" HPOS="167"/>
							<String ID="string_138" HPOS="181" VPOS="582" WIDTH="76" HEIGHT="21" WC="0.96" CONTENT="främst"/><SP WIDTH="14" VPOS="582" HPOS="257"/>
							<String ID="string_139" HPOS="271" VPOS="581" WIDTH="33" HEIGHT="22" WC="0.96" CONTENT="för"/><SP WIDTH="15" VPOS="581" HPOS="304"/>
							<String ID="string_140" HPOS="319" VPOS="581" WIDTH="31" HEIGHT="21" WC="0.93" CONTENT="sin"/><SP WIDTH="15" VPOS="581" HPOS="350"/>
							<String ID="string_141" HPOS="365" VPOS="580" WIDTH="205" HEIGHT="27" WC="0.90" CONTENT="ladugärdsskötsel,"/><SP WIDTH="16" VPOS="580" HPOS="570"/>
							<String ID="string_142" HPOS="586" VPOS="587" WIDTH="25" HEIGHT="14" WC="0.96" CONTENT="en"/><SP WIDTH="16" VPOS="587" HPOS="611"/>
							<String ID="string_143" HPOS="627" VPOS="580" WIDTH="53" HEIGHT="27" WC="0.96" CONTENT="följd"/><SP WIDTH="15" VPOS="580" HPOS="680"/>
							<String ID="string_144" HPOS="695" VPOS="581" WIDTH="23" HEIGHT="21" WC="0.96" CONTENT="af"/><SP WIDTH="13" VPOS="581" HPOS="718"/>
							<String ID="string_145" HPOS="731" VPOS="581" WIDTH="26" HEIGHT="21" WC="0.93" CONTENT="de"/><SP WIDTH="12" VPOS="581" HPOS="757"/>
							<String ID="string_146" HPOS="769" VPOS="581" WIDTH="109" HEIGHT="21" WC="0.93" CONTENT="derstädes"/><SP WIDTH="10" VPOS="581" HPOS="878"/>
							<String ID="string_147" HPOS="888" VPOS="580" WIDTH="42" HEIGHT="21" WC="0.93" CONTENT="rik-"/>
						</TextLine>
						<TextLine ID="line_16" HPOS="115" VPOS="609" WIDTH="815" HEIGHT="30">
							<String ID="string_148" HPOS="115" VPOS="612" WIDTH="44" HEIGHT="27" WC="0.92" CONTENT="liga"/><SP WIDTH="14" VPOS="612" HPOS="159"/>
							<String ID="string_149" HPOS="173" VPOS="610" WIDTH="141" HEIGHT="27" WC="0.90" CONTENT="tillgängarna"/><SP WIDTH="18" VPOS="610" HPOS="314"/>
							<String ID="string_150" HPOS="332" VPOS="609" WIDTH="28" HEIGHT="27" WC="0.93" CONTENT="pä"/><SP WIDTH="18" VPOS="609" HPOS="360"/>
							<String ID="string_151" HPOS="378" VPOS="609" WIDTH="70" HEIGHT="22" WC="0.91" CONTENT="betes-"/><SP WIDTH="16" VPOS="609" HPOS="448"/>
							<String ID="string_152" HPOS="464" VPOS="609" WIDTH="39" HEIGHT="21" WC="0.93" CONTENT="och"/><SP WIDTH="14" VPOS="609" HPOS="503"/>
							<String ID="string_153" HPOS="517" VPOS="609" WIDTH="145" HEIGHT="26" WC="0.91" CONTENT="ängsmarker."/><SP WIDTH="30" VPOS="609" HPOS="662"/>
							<String ID="string_154" HPOS="692" VPOS="609" WIDTH="43" HEIGHT="21" WC="0.96" CONTENT="Det"/><SP WIDTH="13" VPOS="609" HPOS="735"/>
							<String ID="string_155" HPOS="748" VPOS="611" WIDTH="24" HEIGHT="19" WC="0.93" CONTENT="är"/><SP WIDTH="15" VPOS="611" HPOS="772"/>
							<String ID="string_156" HPOS="787" VPOS="609" WIDTH="83" HEIGHT="22" WC="0.91" CONTENT="säledes"/><SP WIDTH="14" VPOS="609" HPOS="870"/>
							<String ID="string_157" HPOS="884" VPOS="609" WIDTH="46" HEIGHT="22" WC="0.92" CONTENT="icke"/>
						</TextLine>
						<TextLine ID="line_17" HPOS="116" VPOS="637" WIDTH="815" HEIGHT="28">
							<String ID="string_158" HPOS="116" VPOS="641" WIDTH="24" HEIGHT="21" WC="0.96" CONTENT="sä"/><SP WIDTH="15" VPOS="641" HPOS="140"/>
							<String ID="string_159" HPOS="155" VPOS="639" WIDTH="88" HEIGHT="22" WC="0.93" CONTENT="alldeles"/><SP WIDTH="16" VPOS="639" HPOS="243"/>
							<String ID="string_160" HPOS="259" VPOS="639" WIDTH="73" HEIGHT="26" WC="0.93" CONTENT="rigtigt"/><SP WIDTH="14" VPOS="639" HPOS="332"/>
							<String ID="string_161" HPOS="346" VPOS="640" WIDTH="32" HEIGHT="19" WC="0.93" CONTENT="att"/><SP WIDTH="13" VPOS="640" HPOS="378"/>
							<String ID="string_162" HPOS="391" VPOS="637" WIDTH="70" HEIGHT="27" WC="0.92" CONTENT="pästä,"/><SP WIDTH="15" VPOS="637" HPOS="461"/>
							<String ID="string_163" HPOS="476" VPOS="639" WIDTH="32" HEIGHT="20" WC="0.96" CONTENT="att"/><SP WIDTH="15" VPOS="639" HPOS="508"/>
							<String ID="string_164" HPOS="523" VPOS="638" WIDTH="41" HEIGHT="21" WC="0.96" CONTENT="den"/><SP WIDTH="14" VPOS="638" HPOS="564"/>
							<String ID="string_165" HPOS="578" VPOS="637" WIDTH="123" HEIGHT="27" WC="0.93" CONTENT="föreslagna"/><SP WIDTH="14" VPOS="637" HPOS="701"/>
							<String ID="string_166" HPOS="715" VPOS="637" WIDTH="90" HEIGHT="22" WC="0.92" CONTENT="kanalen"/><SP WIDTH="11" VPOS="637" HPOS="805"/>
							<String ID="string_167" HPOS="816" VPOS="638" WIDTH="69" HEIGHT="21" WC="0.93" CONTENT="skulle"/><SP WIDTH="10" VPOS="638" HPOS="885"/>
							<String ID="string_168" HPOS="895" VPOS="637" WIDTH="36" HEIGHT="22" WC="0.93" CONTENT="be-"/>
						</TextLine>
						<TextLine ID="line_18" HPOS="115" VPOS="666" WIDTH="815" HEIGHT="30">
							<String ID="string_169" HPOS="115" VPOS="669" WIDTH="59" HEIGHT="27" WC="0.92" CONTENT="tjena"/><SP WIDTH="15" VPOS="669" HPOS="174"/>
							<String ID="string_170" HPOS="189" VPOS="668" WIDTH="26" HEIGHT="21" WC="0.93" CONTENT="de"/><SP WIDTH="15" VPOS="668" HPOS="215"/>
							<String ID="string_171" HPOS="230" VPOS="667" WIDTH="153" HEIGHT="26" WC="0.90" CONTENT="folkfattigaste"/><SP WIDTH="16" VPOS="667" HPOS="383"/>
							<String ID="string_172" HPOS="399" VPOS="666" WIDTH="39" HEIGHT="21" WC="0.96" CONTENT="och"/><SP WIDTH="14" VPOS="666" HPOS="438"/>
							<String ID="string_173" HPOS="452" VPOS="666" WIDTH="66" HEIGHT="21" WC="0.93" CONTENT="minst"/><SP WIDTH="14" VPOS="666" HPOS="518"/>
							<String ID="string_174" HPOS="532" VPOS="666" WIDTH="143" HEIGHT="21" WC="0.92" CONTENT="framskridna"/><SP WIDTH="15" VPOS="666" HPOS="675"/>
							<String ID="string_175" HPOS="690" VPOS="666" WIDTH="87" HEIGHT="21" WC="0.93" CONTENT="delarne"/><SP WIDTH="10" VPOS="666" HPOS="777"/>
							<String ID="string_176" HPOS="787" VPOS="667" WIDTH="23" HEIGHT="20" WC="0.93" CONTENT="af"/><SP WIDTH="8" VPOS="667" HPOS="810"/>
							<String ID="string_177" HPOS="818" VPOS="667" WIDTH="47" HEIGHT="21" WC="0.92" CONTENT="värt"/><SP WIDTH="10" VPOS="667" HPOS="865"/>
							<String ID="string_178" HPOS="875" VPOS="666" WIDTH="55" HEIGHT="21" WC="0.96" CONTENT="land."/>
						</TextLine>
					</TextBlock>
					<TextBlock ID="block_2" HPOS="116" VPOS="694" WIDTH="821" HEIGHT="482">
						<TextLine ID="line_19" HPOS="183" VPOS="694" WIDTH="748" HEIGHT="27">
							<String ID="string_179" HPOS="183" VPOS="696" WIDTH="79" HEIGHT="22" WC="0.92" CONTENT="Vidare"/><SP WIDTH="15" VPOS="696" HPOS="262"/>
							<String ID="string_180" HPOS="277" VPOS="695" WIDTH="38" HEIGHT="21" WC="0.93" CONTENT="har"/><SP WIDTH="19" VPOS="695" HPOS="315"/>
							<String ID="string_181" HPOS="334" VPOS="695" WIDTH="148" HEIGHT="26" WC="0.92" CONTENT="delegationen"/><SP WIDTH="15" VPOS="695" HPOS="482"/>
							<String ID="string_182" HPOS="497" VPOS="695" WIDTH="35" HEIGHT="20" WC="0.93" CONTENT="vid"/><SP WIDTH="13" VPOS="695" HPOS="532"/>
							<String ID="string_183" HPOS="545" VPOS="694" WIDTH="138" HEIGHT="27" WC="0.91" CONTENT="jemförelsen"/><SP WIDTH="16" VPOS="694" HPOS="683"/>
							<String ID="string_184" HPOS="699" VPOS="694" WIDTH="23" HEIGHT="21" WC="0.96" CONTENT="af"/><SP WIDTH="13" VPOS="694" HPOS="722"/>
							<String ID="string_185" HPOS="735" VPOS="695" WIDTH="26" HEIGHT="21" WC="0.96" CONTENT="de"/><SP WIDTH="15" VPOS="695" HPOS="761"/>
							<String ID="string_186" HPOS="776" VPOS="697" WIDTH="33" HEIGHT="19" WC="0.97" CONTENT="tre"/><SP WIDTH="14" VPOS="697" HPOS="809"/>
							<String ID="string_187" HPOS="823" VPOS="695" WIDTH="57" HEIGHT="21" WC="0.93" CONTENT="olika"/><SP WIDTH="14" VPOS="695" HPOS="880"/>
							<String ID="string_188" HPOS="894" VPOS="695" WIDTH="37" HEIGHT="21" WC="0.92" CONTENT="ka-"/>
						</TextLine>
						<TextLine ID="line_20" HPOS="116" VPOS="723" WIDTH="816" HEIGHT="28">
							<String ID="string_189" HPOS="116" VPOS="725" WIDTH="123" HEIGHT="22" WC="0.82" CONTENT="nallederna"/><SP WIDTH="14" VPOS="725" HPOS="239"/>
							<String ID="string_190" HPOS="253" VPOS="723" WIDTH="62" HEIGHT="28" WC="0.92" CONTENT="gifvit"/><SP WIDTH="14" VPOS="723" HPOS="315"/>
							<String ID="string_191" HPOS="329" VPOS="723" WIDTH="107" HEIGHT="21" WC="0.96" CONTENT="företräde"/><SP WIDTH="15" VPOS="723" HPOS="436"/>
							<String ID="string_192" HPOS="451" VPOS="723" WIDTH="23" HEIGHT="21" WC="0.96" CONTENT="åt"/><SP WIDTH="15" VPOS="723" HPOS="474"/>
							<String ID="string_193" HPOS="489" VPOS="723" WIDTH="40" HEIGHT="21" WC="0.93" CONTENT="den"/><SP WIDTH="16" VPOS="723" HPOS="529"/>
							<String ID="string_194" HPOS="545" VPOS="723" WIDTH="85" HEIGHT="27" WC="0.93" CONTENT="dyraste"/><SP WIDTH="15" VPOS="723" HPOS="630"/>
							<String ID="string_195" HPOS="645" VPOS="723" WIDTH="126" HEIGHT="21" WC="0.91" CONTENT="kanalleden"/><SP WIDTH="15" VPOS="723" HPOS="771"/>
							<String ID="string_196" HPOS="786" VPOS="723" WIDTH="46" HEIGHT="22" WC="0.93" CONTENT="från"/><SP WIDTH="15" VPOS="723" HPOS="832"/>
							<String ID="string_197" HPOS="847" VPOS="723" WIDTH="85" HEIGHT="22" WC="0.96" CONTENT="Keitele"/>
						</TextLine>
						<TextLine ID="line_21" HPOS="116" VPOS="751" WIDTH="817" HEIGHT="29">
							<String ID="string_198" HPOS="116" VPOS="754" WIDTH="33" HEIGHT="21" WC="0.96" CONTENT="till"/><SP WIDTH="14" VPOS="754" HPOS="149"/>
							<String ID="string_199" HPOS="163" VPOS="753" WIDTH="108" HEIGHT="27" WC="0.96" CONTENT="Päijänne,"/><SP WIDTH="16" VPOS="753" HPOS="271"/>
							<String ID="string_200" HPOS="287" VPOS="752" WIDTH="67" HEIGHT="21" WC="0.93" CONTENT="under"/><SP WIDTH="14" VPOS="752" HPOS="354"/>
							<String ID="string_201" HPOS="368" VPOS="751" WIDTH="83" HEIGHT="27" WC="0.91" CONTENT="uppgift"/><SP WIDTH="16" VPOS="751" HPOS="451"/>
							<String ID="string_202" HPOS="467" VPOS="753" WIDTH="32" HEIGHT="19" WC="0.97" CONTENT="att"/><SP WIDTH="14" VPOS="753" HPOS="499"/>
							<String ID="string_203" HPOS="513" VPOS="752" WIDTH="70" HEIGHT="21" WC="0.93" CONTENT="denna"/><SP WIDTH="14" VPOS="752" HPOS="583"/>
							<String ID="string_204" HPOS="597" VPOS="751" WIDTH="100" HEIGHT="22" WC="0.92" CONTENT="kanalled"/><SP WIDTH="17" VPOS="751" HPOS="697"/>
							<String ID="string_205" HPOS="714" VPOS="751" WIDTH="83" HEIGHT="22" WC="0.93" CONTENT="komme"/><SP WIDTH="10" VPOS="751" HPOS="797"/>
							<String ID="string_206" HPOS="807" VPOS="753" WIDTH="31" HEIGHT="20" WC="0.93" CONTENT="att"/><SP WIDTH="9" VPOS="753" HPOS="838"/>
							<String ID="string_207" HPOS="847" VPOS="752" WIDTH="86" HEIGHT="27" WC="0.93" CONTENT="betjena"/>
						</TextLine>
						<TextLine ID="line_22" HPOS="117" VPOS="779" WIDTH="815" HEIGHT="29">
							<String ID="string_208" HPOS="117" VPOS="781" WIDTH="115" HEIGHT="27" WC="0.95" CONTENT="Saarijärvi"/><SP WIDTH="22" VPOS="781" HPOS="232"/>
							<String ID="string_209" HPOS="254" VPOS="781" WIDTH="38" HEIGHT="21" WC="0.93" CONTENT="och"/><SP WIDTH="22" VPOS="781" HPOS="292"/>
							<String ID="string_210" HPOS="314" VPOS="780" WIDTH="99" HEIGHT="21" WC="0.92" CONTENT="Laukkas"/><SP WIDTH="22" VPOS="780" HPOS="413"/>
							<String ID="string_211" HPOS="435" VPOS="779" WIDTH="98" HEIGHT="27" WC="0.92" CONTENT="socknar,"/><SP WIDTH="18" VPOS="779" HPOS="533"/>
							<String ID="string_212" HPOS="551" VPOS="780" WIDTH="73" HEIGHT="21" WC="0.93" CONTENT="hvilka"/><SP WIDTH="18" VPOS="780" HPOS="624"/>
							<String ID="string_213" HPOS="642" VPOS="780" WIDTH="145" HEIGHT="27" WC="0.91" CONTENT="delegationen"/><SP WIDTH="16" VPOS="780" HPOS="787"/>
							<String ID="string_214" HPOS="803" VPOS="787" WIDTH="63" HEIGHT="15" WC="0.93" CONTENT="anser"/><SP WIDTH="13" VPOS="787" HPOS="866"/>
							<String ID="string_215" HPOS="879" VPOS="780" WIDTH="53" HEIGHT="21" WC="0.93" CONTENT="höra"/>
						</TextLine>
						<TextLine ID="line_23" HPOS="117" VPOS="808" WIDTH="815" HEIGHT="24">
							<String ID="string_216" HPOS="117" VPOS="811" WIDTH="33" HEIGHT="21" WC="0.96" CONTENT="till"/><SP WIDTH="23" VPOS="811" HPOS="150"/>
							<String ID="string_217" HPOS="173" VPOS="811" WIDTH="26" HEIGHT="20" WC="0.96" CONTENT="de"/><SP WIDTH="22" VPOS="811" HPOS="199"/>
							<String ID="string_218" HPOS="221" VPOS="811" WIDTH="55" HEIGHT="20" WC="0.93" CONTENT="mest"/><SP WIDTH="21" VPOS="811" HPOS="276"/>
							<String ID="string_219" HPOS="297" VPOS="809" WIDTH="144" HEIGHT="21" WC="0.96" CONTENT="framstående"/><SP WIDTH="20" VPOS="809" HPOS="441"/>
							<String ID="string_220" HPOS="461" VPOS="808" WIDTH="154" HEIGHT="21" WC="0.96" CONTENT="kommunerna"/><SP WIDTH="21" VPOS="808" HPOS="615"/>
							<String ID="string_221" HPOS="636" VPOS="809" WIDTH="7" HEIGHT="20" WC="0.81" CONTENT="i"/><SP WIDTH="15" VPOS="809" HPOS="643"/>
							<String ID="string_222" HPOS="658" VPOS="808" WIDTH="79" HEIGHT="21" WC="0.81" CONTENT="landet."/><SP WIDTH="29" VPOS="808" HPOS="737"/>
							<String ID="string_223" HPOS="766" VPOS="809" WIDTH="82" HEIGHT="21" WC="0.92" CONTENT="Jemväl"/><SP WIDTH="16" VPOS="809" HPOS="848"/>
							<String ID="string_224" HPOS="864" VPOS="809" WIDTH="68" HEIGHT="21" WC="0.96" CONTENT="denna"/>
						</TextLine>
						<TextLine ID="line_24" HPOS="117" VPOS="836" WIDTH="816" HEIGHT="30">
							<String ID="string_225" HPOS="117" VPOS="838" WIDTH="84" HEIGHT="28" WC="0.91" CONTENT="uppgift"/><SP WIDTH="21" VPOS="838" HPOS="201"/>
							<String ID="string_226" HPOS="222" VPOS="837" WIDTH="69" HEIGHT="22" WC="0.96" CONTENT="skulle"/><SP WIDTH="21" VPOS="837" HPOS="291"/>
							<String ID="string_227" HPOS="312" VPOS="837" WIDTH="37" HEIGHT="27" WC="0.96" CONTENT="jag"/><SP WIDTH="21" VPOS="837" HPOS="349"/>
							<String ID="string_228" HPOS="370" VPOS="836" WIDTH="52" HEIGHT="28" WC="0.93" CONTENT="vilja"/><SP WIDTH="22" VPOS="836" HPOS="422"/>
							<String ID="string_229" HPOS="444" VPOS="836" WIDTH="93" HEIGHT="28" WC="0.93" CONTENT="betvifla,"/><SP WIDTH="20" VPOS="836" HPOS="537"/>
							<String ID="string_230" HPOS="557" VPOS="839" WIDTH="22" HEIGHT="25" WC="0.93" CONTENT="ty"/><SP WIDTH="18" VPOS="839" HPOS="579"/>
							<String ID="string_231" HPOS="597" VPOS="837" WIDTH="100" HEIGHT="21" WC="0.92" CONTENT="Laukkas"/><SP WIDTH="14" VPOS="837" HPOS="697"/>
							<String ID="string_232" HPOS="711" VPOS="837" WIDTH="78" HEIGHT="21" WC="0.96" CONTENT="socken"/><SP WIDTH="14" VPOS="837" HPOS="789"/>
							<String ID="string_233" HPOS="803" VPOS="839" WIDTH="24" HEIGHT="19" WC="0.96" CONTENT="är"/><SP WIDTH="15" VPOS="839" HPOS="827"/>
							<String ID="string_234" HPOS="842" VPOS="837" WIDTH="24" HEIGHT="21" WC="0.97" CONTENT="sä"/><SP WIDTH="15" VPOS="837" HPOS="866"/>
							<String ID="string_235" HPOS="881" VPOS="839" WIDTH="52" HEIGHT="19" WC="0.96" CONTENT="nära"/>
						</TextLine>
						<TextLine ID="line_25" HPOS="117" VPOS="866" WIDTH="816" HEIGHT="28">
							<String ID="string_236" HPOS="117" VPOS="868" WIDTH="90" HEIGHT="26" WC="0.95" CONTENT="belägen"/><SP WIDTH="21" VPOS="868" HPOS="207"/>
							<String ID="string_237" HPOS="228" VPOS="866" WIDTH="34" HEIGHT="22" WC="0.96" CONTENT="till"/><SP WIDTH="17" VPOS="866" HPOS="262"/>
							<String ID="string_238" HPOS="279" VPOS="866" WIDTH="115" HEIGHT="27" WC="0.96" CONTENT="Jyväskylä"/><SP WIDTH="17" VPOS="866" HPOS="394"/>
							<String ID="string_239" HPOS="411" VPOS="866" WIDTH="56" HEIGHT="25" WC="0.96" CONTENT="stad,"/><SP WIDTH="18" VPOS="866" HPOS="467"/>
							<String ID="string_240" HPOS="485" VPOS="868" WIDTH="32" HEIGHT="18" WC="0.96" CONTENT="att"/><SP WIDTH="14" VPOS="868" HPOS="517"/>
							<String ID="string_241" HPOS="531" VPOS="866" WIDTH="41" HEIGHT="20" WC="0.96" CONTENT="den"/><SP WIDTH="15" VPOS="866" HPOS="572"/>
							<String ID="string_242" HPOS="587" VPOS="866" WIDTH="108" HEIGHT="21" WC="0.93" CONTENT="sannolikt"/><SP WIDTH="14" VPOS="866" HPOS="695"/>
							<String ID="string_243" HPOS="709" VPOS="866" WIDTH="46" HEIGHT="21" WC="0.96" CONTENT="icke"/><SP WIDTH="15" VPOS="866" HPOS="755"/>
							<String ID="string_244" HPOS="770" VPOS="866" WIDTH="67" HEIGHT="21" WC="0.93" CONTENT="skulle"/><SP WIDTH="15" VPOS="866" HPOS="837"/>
							<String ID="string_245" HPOS="852" VPOS="866" WIDTH="81" HEIGHT="21" WC="0.96" CONTENT="tillföra"/>
						</TextLine>
						<TextLine ID="line_26" HPOS="117" VPOS="894" WIDTH="816" HEIGHT="27">
							<String ID="string_246" HPOS="117" VPOS="896" WIDTH="126" HEIGHT="22" WC="0.92" CONTENT="kanalleden"/><SP WIDTH="22" VPOS="896" HPOS="243"/>
							<String ID="string_247" HPOS="265" VPOS="894" WIDTH="69" HEIGHT="27" WC="0.96" CONTENT="någon"/><SP WIDTH="22" VPOS="894" HPOS="334"/>
							<String ID="string_248" HPOS="356" VPOS="894" WIDTH="117" HEIGHT="21" WC="0.96" CONTENT="nämnvärd"/><SP WIDTH="23" VPOS="894" HPOS="473"/>
							<String ID="string_249" HPOS="496" VPOS="894" WIDTH="69" HEIGHT="21" WC="0.95" CONTENT="trafik."/><SP WIDTH="34" VPOS="894" HPOS="565"/>
							<String ID="string_250" HPOS="599" VPOS="894" WIDTH="42" HEIGHT="21" WC="0.93" CONTENT="För"/><SP WIDTH="21" VPOS="894" HPOS="641"/>
							<String ID="string_251" HPOS="662" VPOS="894" WIDTH="99" HEIGHT="21" WC="0.93" CONTENT="Laukkas"/><SP WIDTH="19" VPOS="894" HPOS="761"/>
							<String ID="string_252" HPOS="780" VPOS="894" WIDTH="76" HEIGHT="22" WC="0.96" CONTENT="socken"/><SP WIDTH="16" VPOS="894" HPOS="856"/>
							<String ID="string_253" HPOS="872" VPOS="894" WIDTH="61" HEIGHT="22" WC="0.96" CONTENT="torde"/>
						</TextLine>
						<TextLine ID="line_27" HPOS="119" VPOS="922" WIDTH="815" HEIGHT="27">
							<String ID="string_254" HPOS="119" VPOS="926" WIDTH="36" HEIGHT="20" WC="0.95" CONTENT="det"/><SP WIDTH="14" VPOS="926" HPOS="155"/>
							<String ID="string_255" HPOS="169" VPOS="924" WIDTH="7" HEIGHT="22" WC="0.96" CONTENT="i"/><SP WIDTH="15" VPOS="924" HPOS="176"/>
							<String ID="string_256" HPOS="191" VPOS="924" WIDTH="43" HEIGHT="21" WC="0.96" CONTENT="alla"/><SP WIDTH="14" VPOS="924" HPOS="234"/>
							<String ID="string_257" HPOS="248" VPOS="923" WIDTH="38" HEIGHT="21" WC="0.93" CONTENT="fall"/><SP WIDTH="18" VPOS="923" HPOS="286"/>
							<String ID="string_258" HPOS="304" VPOS="922" WIDTH="66" HEIGHT="22" WC="0.92" CONTENT="blifva"/><SP WIDTH="14" VPOS="922" HPOS="370"/>
							<String ID="string_259" HPOS="384" VPOS="922" WIDTH="168" HEIGHT="27" WC="0.92" CONTENT="fördelaktigare"/><SP WIDTH="15" VPOS="922" HPOS="552"/>
							<String ID="string_260" HPOS="567" VPOS="924" WIDTH="32" HEIGHT="20" WC="0.93" CONTENT="att"/><SP WIDTH="14" VPOS="924" HPOS="599"/>
							<String ID="string_261" HPOS="613" VPOS="922" WIDTH="47" HEIGHT="22" WC="0.92" CONTENT="föra"/><SP WIDTH="15" VPOS="922" HPOS="660"/>
							<String ID="string_262" HPOS="675" VPOS="923" WIDTH="39" HEIGHT="21" WC="0.93" CONTENT="och"/><SP WIDTH="16" VPOS="923" HPOS="714"/>
							<String ID="string_263" HPOS="730" VPOS="923" WIDTH="93" HEIGHT="21" WC="0.92" CONTENT="afhemta"/><SP WIDTH="15" VPOS="923" HPOS="823"/>
							<String ID="string_264" HPOS="838" VPOS="923" WIDTH="46" HEIGHT="21" WC="0.93" CONTENT="sina"/><SP WIDTH="14" VPOS="923" HPOS="884"/>
							<String ID="string_265" HPOS="898" VPOS="928" WIDTH="36" HEIGHT="16" WC="0.92" CONTENT="va-"/>
						</TextLine>
						<TextLine ID="line_28" HPOS="118" VPOS="950" WIDTH="819" HEIGHT="28">
							<String ID="string_266" HPOS="118" VPOS="959" WIDTH="35" HEIGHT="16" WC="0.93" CONTENT="ror"/><SP WIDTH="14" VPOS="959" HPOS="153"/>
							<String ID="string_267" HPOS="167" VPOS="952" WIDTH="34" HEIGHT="22" WC="0.96" CONTENT="till"/><SP WIDTH="15" VPOS="952" HPOS="201"/>
							<String ID="string_268" HPOS="216" VPOS="952" WIDTH="39" HEIGHT="21" WC="0.93" CONTENT="och"/><SP WIDTH="15" VPOS="952" HPOS="255"/>
							<String ID="string_269" HPOS="270" VPOS="951" WIDTH="46" HEIGHT="21" WC="0.93" CONTENT="frän"/><SP WIDTH="15" VPOS="951" HPOS="316"/>
							<String ID="string_270" HPOS="331" VPOS="951" WIDTH="122" HEIGHT="27" WC="0.95" CONTENT="Jyväskylä."/><SP WIDTH="32" VPOS="951" HPOS="453"/>
							<String ID="string_271" HPOS="485" VPOS="950" WIDTH="114" HEIGHT="28" WC="0.93" CONTENT="Saarijärvi"/><SP WIDTH="16" VPOS="950" HPOS="599"/>
							<String ID="string_272" HPOS="615" VPOS="951" WIDTH="46" HEIGHT="21" WC="0.93" CONTENT="äter"/><SP WIDTH="16" VPOS="951" HPOS="661"/>
							<String ID="string_273" HPOS="677" VPOS="957" WIDTH="50" HEIGHT="21" WC="0.93" CONTENT="eger"/><SP WIDTH="14" VPOS="957" HPOS="727"/>
							<String ID="string_274" HPOS="741" VPOS="958" WIDTH="25" HEIGHT="15" WC="0.93" CONTENT="en"/><SP WIDTH="17" VPOS="958" HPOS="766"/>
							<String ID="string_275" HPOS="783" VPOS="951" WIDTH="121" HEIGHT="27" WC="0.93" CONTENT="befolkning"/><SP WIDTH="10" VPOS="951" HPOS="904"/>
							<String ID="string_276" HPOS="914" VPOS="951" WIDTH="23" HEIGHT="21" WC="0.96" CONTENT="af"/>
						</TextLine>
						<TextLine ID="line_29" HPOS="118" VPOS="979" WIDTH="817" HEIGHT="28">
							<String ID="string_277" HPOS="118" VPOS="982" WIDTH="54" HEIGHT="21" WC="0.92" CONTENT="blott"/><SP WIDTH="15" VPOS="982" HPOS="172"/>
							<String ID="string_278" HPOS="187" VPOS="981" WIDTH="63" HEIGHT="25" WC="0.96" CONTENT="8,900"/><SP WIDTH="14" VPOS="981" HPOS="250"/>
							<String ID="string_279" HPOS="264" VPOS="986" WIDTH="108" HEIGHT="21" WC="0.93" CONTENT="personer."/><SP WIDTH="30" VPOS="986" HPOS="372"/>
							<String ID="string_280" HPOS="402" VPOS="979" WIDTH="85" HEIGHT="27" WC="0.92" CONTENT="Lägges"/><SP WIDTH="16" VPOS="979" HPOS="487"/>
							<String ID="string_281" HPOS="503" VPOS="986" WIDTH="28" HEIGHT="14" WC="0.93" CONTENT="nu"/><SP WIDTH="15" VPOS="986" HPOS="531"/>
							<String ID="string_282" HPOS="546" VPOS="979" WIDTH="72" HEIGHT="21" WC="0.89" CONTENT="härtill"/><SP WIDTH="16" VPOS="979" HPOS="618"/>
							<String ID="string_283" HPOS="634" VPOS="980" WIDTH="113" HEIGHT="21" WC="0.96" CONTENT="Viitasaari"/><SP WIDTH="11" VPOS="980" HPOS="747"/>
							<String ID="string_284" HPOS="758" VPOS="980" WIDTH="48" HEIGHT="21" WC="0.97" CONTENT="med"/><SP WIDTH="11" VPOS="980" HPOS="806"/>
							<String ID="string_285" HPOS="817" VPOS="986" WIDTH="25" HEIGHT="15" WC="0.93" CONTENT="en"/><SP WIDTH="11" VPOS="986" HPOS="842"/>
							<String ID="string_286" HPOS="853" VPOS="979" WIDTH="82" HEIGHT="22" WC="0.87" CONTENT="befolk-"/>
						</TextLine>
						<TextLine ID="line_30" HPOS="118" VPOS="1008" WIDTH="817" HEIGHT="28">
							<String ID="string_287" HPOS="118" VPOS="1010" WIDTH="50" HEIGHT="26" WC="0.96" CONTENT="ning"/><SP WIDTH="15" VPOS="1010" HPOS="168"/>
							<String ID="string_288" HPOS="183" VPOS="1009" WIDTH="23" HEIGHT="21" WC="0.96" CONTENT="af"/><SP WIDTH="14" VPOS="1009" HPOS="206"/>
							<String ID="string_289" HPOS="220" VPOS="1009" WIDTH="63" HEIGHT="25" WC="0.96" CONTENT="7,200"/><SP WIDTH="18" VPOS="1009" HPOS="283"/>
							<String ID="string_290" HPOS="301" VPOS="1013" WIDTH="108" HEIGHT="22" WC="0.93" CONTENT="personer,"/><SP WIDTH="16" VPOS="1013" HPOS="409"/>
							<String ID="string_291" HPOS="425" VPOS="1008" WIDTH="85" HEIGHT="21" WC="0.92" CONTENT="komme"/><SP WIDTH="15" VPOS="1008" HPOS="510"/>
							<String ID="string_292" HPOS="525" VPOS="1008" WIDTH="126" HEIGHT="21" WC="0.92" CONTENT="kanalleden"/><SP WIDTH="16" VPOS="1008" HPOS="651"/>
							<String ID="string_293" HPOS="667" VPOS="1010" WIDTH="32" HEIGHT="19" WC="0.93" CONTENT="att"/><SP WIDTH="14" VPOS="1010" HPOS="699"/>
							<String ID="string_294" HPOS="713" VPOS="1008" WIDTH="77" HEIGHT="22" WC="0.92" CONTENT="anlitas"/><SP WIDTH="15" VPOS="1008" HPOS="790"/>
							<String ID="string_295" HPOS="805" VPOS="1008" WIDTH="22" HEIGHT="21" WC="0.97" CONTENT="af"/><SP WIDTH="13" VPOS="1008" HPOS="827"/>
							<String ID="string_296" HPOS="840" VPOS="1014" WIDTH="26" HEIGHT="15" WC="0.93" CONTENT="en"/><SP WIDTH="15" VPOS="1014" HPOS="866"/>
							<String ID="string_297" HPOS="881" VPOS="1008" WIDTH="54" HEIGHT="21" WC="0.93" CONTENT="folk-"/>
						</TextLine>
						<TextLine ID="line_31" HPOS="118" VPOS="1036" WIDTH="818" HEIGHT="28">
							<String ID="string_298" HPOS="118" VPOS="1038" WIDTH="77" HEIGHT="26" WC="0.95" CONTENT="mängd"/><SP WIDTH="24" VPOS="1038" HPOS="195"/>
							<String ID="string_299" HPOS="219" VPOS="1037" WIDTH="22" HEIGHT="21" WC="0.96" CONTENT="af"/><SP WIDTH="20" VPOS="1037" HPOS="241"/>
							<String ID="string_300" HPOS="261" VPOS="1036" WIDTH="97" HEIGHT="27" WC="0.92" CONTENT="omkring"/><SP WIDTH="23" VPOS="1036" HPOS="358"/>
							<String ID="string_301" HPOS="381" VPOS="1036" WIDTH="77" HEIGHT="26" WC="0.92" CONTENT="15,000"/><SP WIDTH="18" VPOS="1036" HPOS="458"/>
							<String ID="string_302" HPOS="476" VPOS="1042" WIDTH="109" HEIGHT="21" WC="0.95" CONTENT="personer."/><SP WIDTH="34" VPOS="1042" HPOS="585"/>
							<String ID="string_303" HPOS="619" VPOS="1036" WIDTH="50" HEIGHT="22" WC="0.95" CONTENT="Men"/><SP WIDTH="16" VPOS="1036" HPOS="669"/>
							<String ID="string_304" HPOS="685" VPOS="1036" WIDTH="113" HEIGHT="22" WC="0.93" CONTENT="Viitasaari"/><SP WIDTH="15" VPOS="1036" HPOS="798"/>
							<String ID="string_305" HPOS="813" VPOS="1036" WIDTH="79" HEIGHT="22" WC="0.93" CONTENT="drifver"/><SP WIDTH="14" VPOS="1036" HPOS="892"/>
							<String ID="string_306" HPOS="906" VPOS="1042" WIDTH="30" HEIGHT="16" WC="0.96" CONTENT="nu"/>
						</TextLine>
						<TextLine ID="line_32" HPOS="118" VPOS="1064" WIDTH="818" HEIGHT="28">
							<String ID="string_307" HPOS="118" VPOS="1067" WIDTH="66" HEIGHT="21" WC="0.96" CONTENT="redan"/><SP WIDTH="16" VPOS="1067" HPOS="184"/>
							<String ID="string_308" HPOS="200" VPOS="1066" WIDTH="32" HEIGHT="21" WC="0.93" CONTENT="sin"/><SP WIDTH="15" VPOS="1066" HPOS="232"/>
							<String ID="string_309" HPOS="247" VPOS="1065" WIDTH="117" HEIGHT="21" WC="0.92" CONTENT="förnämsta"/><SP WIDTH="14" VPOS="1065" HPOS="364"/>
							<String ID="string_310" HPOS="378" VPOS="1064" WIDTH="78" HEIGHT="22" WC="0.96" CONTENT="handel"/><SP WIDTH="15" VPOS="1064" HPOS="456"/>
							<String ID="string_311" HPOS="471" VPOS="1065" WIDTH="29" HEIGHT="26" WC="0.96" CONTENT="pä"/><SP WIDTH="14" VPOS="1065" HPOS="500"/>
							<String ID="string_312" HPOS="514" VPOS="1065" WIDTH="84" HEIGHT="27" WC="0.96" CONTENT="Kuopio"/><SP WIDTH="15" VPOS="1065" HPOS="598"/>
							<String ID="string_313" HPOS="613" VPOS="1065" WIDTH="40" HEIGHT="21" WC="0.93" CONTENT="och"/><SP WIDTH="15" VPOS="1065" HPOS="653"/>
							<String ID="string_314" HPOS="668" VPOS="1065" WIDTH="46" HEIGHT="21" WC="0.92" CONTENT="icke"/><SP WIDTH="16" VPOS="1065" HPOS="714"/>
							<String ID="string_315" HPOS="730" VPOS="1066" WIDTH="69" HEIGHT="20" WC="0.92" CONTENT="säsom"/><SP WIDTH="15" VPOS="1066" HPOS="799"/>
							<String ID="string_316" HPOS="814" VPOS="1065" WIDTH="50" HEIGHT="21" WC="0.93" CONTENT="herr"/><SP WIDTH="15" VPOS="1065" HPOS="864"/>
							<String ID="string_317" HPOS="879" VPOS="1064" WIDTH="57" HEIGHT="22" WC="0.93" CONTENT="Tall-"/>
						</TextLine>
						<TextLine ID="line_33" HPOS="119" VPOS="1092" WIDTH="817" HEIGHT="31">
							<String ID="string_318" HPOS="119" VPOS="1095" WIDTH="54" HEIGHT="28" WC="0.85" CONTENT="gvist"/><SP WIDTH="22" VPOS="1095" HPOS="173"/>
							<String ID="string_319" HPOS="195" VPOS="1094" WIDTH="72" HEIGHT="28" WC="0.96" CONTENT="påstår"/><SP WIDTH="21" VPOS="1094" HPOS="267"/>
							<String ID="string_320" HPOS="288" VPOS="1094" WIDTH="28" HEIGHT="26" WC="0.96" CONTENT="pä"/><SP WIDTH="20" VPOS="1094" HPOS="316"/>
							<String ID="string_321" HPOS="336" VPOS="1092" WIDTH="122" HEIGHT="28" WC="0.91" CONTENT="Jyväskylä."/><SP WIDTH="37" VPOS="1092" HPOS="458"/>
							<String ID="string_322" HPOS="495" VPOS="1093" WIDTH="196" HEIGHT="21" WC="0.85" CONTENT="Viitasaariboarne"/><SP WIDTH="21" VPOS="1093" HPOS="691"/>
							<String ID="string_323" HPOS="712" VPOS="1094" WIDTH="88" HEIGHT="21" WC="0.96" CONTENT="ansökte"/><SP WIDTH="21" VPOS="1094" HPOS="800"/>
							<String ID="string_324" HPOS="821" VPOS="1094" WIDTH="39" HEIGHT="20" WC="0.93" CONTENT="hos"/><SP WIDTH="18" VPOS="1094" HPOS="860"/>
							<String ID="string_325" HPOS="878" VPOS="1093" WIDTH="58" HEIGHT="21" WC="0.93" CONTENT="läne-"/>
						</TextLine>
						<TextLine ID="line_34" HPOS="119" VPOS="1121" WIDTH="817" HEIGHT="30">
							<String ID="string_326" HPOS="119" VPOS="1123" WIDTH="104" HEIGHT="28" WC="0.92" CONTENT="styrelsen"/><SP WIDTH="23" VPOS="1123" HPOS="223"/>
							<String ID="string_327" HPOS="246" VPOS="1122" WIDTH="6" HEIGHT="21" WC="0.95" CONTENT="i"/><SP WIDTH="23" VPOS="1122" HPOS="252"/>
							<String ID="string_328" HPOS="275" VPOS="1122" WIDTH="84" HEIGHT="26" WC="0.95" CONTENT="Kuopio"/><SP WIDTH="23" VPOS="1122" HPOS="359"/>
							<String ID="string_329" HPOS="382" VPOS="1128" WIDTH="34" HEIGHT="14" WC="0.92" CONTENT="om"/><SP WIDTH="20" VPOS="1128" HPOS="416"/>
							<String ID="string_330" HPOS="436" VPOS="1121" WIDTH="135" HEIGHT="27" WC="0.90" CONTENT="anläggande"/><SP WIDTH="18" VPOS="1121" HPOS="571"/>
							<String ID="string_331" HPOS="589" VPOS="1121" WIDTH="23" HEIGHT="22" WC="0.96" CONTENT="af"/><SP WIDTH="14" VPOS="1121" HPOS="612"/>
							<String ID="string_332" HPOS="626" VPOS="1128" WIDTH="25" HEIGHT="15" WC="0.96" CONTENT="en"/><SP WIDTH="15" VPOS="1128" HPOS="651"/>
							<String ID="string_333" HPOS="666" VPOS="1124" WIDTH="48" HEIGHT="24" WC="0.96" CONTENT="väg,"/><SP WIDTH="15" VPOS="1124" HPOS="714"/>
							<String ID="string_334" HPOS="729" VPOS="1128" WIDTH="45" HEIGHT="16" WC="0.96" CONTENT="som"/><SP WIDTH="16" VPOS="1128" HPOS="774"/>
							<String ID="string_335" HPOS="790" VPOS="1122" WIDTH="68" HEIGHT="21" WC="0.93" CONTENT="skulle"/><SP WIDTH="15" VPOS="1122" HPOS="858"/>
							<String ID="string_336" HPOS="873" VPOS="1122" WIDTH="63" HEIGHT="21" WC="0.92" CONTENT="ställa"/>
						</TextLine>
						<TextLine ID="line_35" HPOS="120" VPOS="1150" WIDTH="531" HEIGHT="26">
							<String ID="string_337" HPOS="120" VPOS="1152" WIDTH="47" HEIGHT="22" WC="0.96" CONTENT="dem"/><SP WIDTH="15" VPOS="1152" HPOS="167"/>
							<String ID="string_338" HPOS="182" VPOS="1152" WIDTH="7" HEIGHT="20" WC="0.96" CONTENT="i"/><SP WIDTH="15" VPOS="1152" HPOS="189"/>
							<String ID="string_339" HPOS="204" VPOS="1151" WIDTH="71" HEIGHT="21" WC="0.93" CONTENT="direkt"/><SP WIDTH="14" VPOS="1151" HPOS="275"/>
							<String ID="string_340" HPOS="289" VPOS="1150" WIDTH="130" HEIGHT="21" WC="0.92" CONTENT="förbindelse"/><SP WIDTH="15" VPOS="1150" HPOS="419"/>
							<String ID="string_341" HPOS="434" VPOS="1150" WIDTH="49" HEIGHT="20" WC="0.96" CONTENT="med"/><SP WIDTH="15" VPOS="1150" HPOS="483"/>
							<String ID="string_342" HPOS="498" VPOS="1150" WIDTH="85" HEIGHT="26" WC="0.96" CONTENT="Kuopio"/><SP WIDTH="15" VPOS="1150" HPOS="583"/>
							<String ID="string_343" HPOS="598" VPOS="1150" WIDTH="53" HEIGHT="21" WC="0.96" CONTENT="stad."/>
						</TextLine>
					</TextBlock>
					<TextBlock ID="block_3" HPOS="119" VPOS="1178" WIDTH="817" HEIGHT="58">
						<TextLine ID="line_36" HPOS="187" VPOS="1178" WIDTH="749" HEIGHT="22">
							<String ID="string_344" HPOS="187" VPOS="1180" WIDTH="56" HEIGHT="20" WC="0.91" CONTENT="Herr"/><SP WIDTH="19" VPOS="1180" HPOS="243"/>
							<String ID="string_345" HPOS="262" VPOS="1179" WIDTH="121" HEIGHT="21" WC="0.91" CONTENT="talmannen"/><SP WIDTH="15" VPOS="1179" HPOS="383"/>
							<String ID="string_346" HPOS="398" VPOS="1178" WIDTH="73" HEIGHT="21" WC="0.92" CONTENT="afbröt"/><SP WIDTH="14" VPOS="1178" HPOS="471"/>
							<String ID="string_347" HPOS="485" VPOS="1178" WIDTH="75" HEIGHT="21" WC="0.92" CONTENT="härvid"/><SP WIDTH="15" VPOS="1178" HPOS="560"/>
							<String ID="string_348" HPOS="575" VPOS="1178" WIDTH="50" HEIGHT="22" WC="0.92" CONTENT="herr"/><SP WIDTH="14" VPOS="1178" HPOS="625"/>
							<String ID="string_349" HPOS="639" VPOS="1178" WIDTH="107" HEIGHT="22" WC="0.96" CONTENT="Fabritius"/><SP WIDTH="15" VPOS="1178" HPOS="746"/>
							<String ID="string_350" HPOS="761" VPOS="1179" WIDTH="48" HEIGHT="21" WC="0.93" CONTENT="med"/><SP WIDTH="14" VPOS="1179" HPOS="809"/>
							<String ID="string_351" HPOS="823" VPOS="1179" WIDTH="113" HEIGHT="21" WC="0.92" CONTENT="tillkänna-"/>
						</TextLine>
						<TextLine ID="line_37" HPOS="119" VPOS="1206" WIDTH="739" HEIGHT="30">
							<String ID="string_352" HPOS="119" VPOS="1208" WIDTH="98" HEIGHT="28" WC="0.93" CONTENT="gifvande"/><SP WIDTH="16" VPOS="1208" HPOS="217"/>
							<String ID="string_353" HPOS="233" VPOS="1209" WIDTH="31" HEIGHT="19" WC="0.96" CONTENT="att"/><SP WIDTH="15" VPOS="1209" HPOS="264"/>
							<String ID="string_354" HPOS="279" VPOS="1214" WIDTH="25" HEIGHT="14" WC="0.93" CONTENT="en"/><SP WIDTH="16" VPOS="1214" HPOS="304"/>
							<String ID="string_355" HPOS="320" VPOS="1207" WIDTH="122" HEIGHT="27" WC="0.92" CONTENT="deputation"/><SP WIDTH="16" VPOS="1207" HPOS="442"/>
							<String ID="string_356" HPOS="458" VPOS="1206" WIDTH="48" HEIGHT="22" WC="0.92" CONTENT="frän"/><SP WIDTH="15" VPOS="1206" HPOS="506"/>
							<String ID="string_357" HPOS="521" VPOS="1207" WIDTH="157" HEIGHT="26" WC="0.93" CONTENT="presteständet"/><SP WIDTH="15" VPOS="1207" HPOS="678"/>
							<String ID="string_358" HPOS="693" VPOS="1207" WIDTH="54" HEIGHT="21" WC="0.93" CONTENT="hade"/><SP WIDTH="15" VPOS="1207" HPOS="747"/>
							<String ID="string_359" HPOS="762" VPOS="1208" WIDTH="96" HEIGHT="20" WC="0.92" CONTENT="anmälts."/>
						</TextLine>
					</TextBlock>
					<TextBlock ID="block_4" HPOS="119" VPOS="1235" WIDTH="817" HEIGHT="57">
						<TextLine ID="line_38" HPOS="187" VPOS="1235" WIDTH="749" HEIGHT="28">
							<String ID="string_360" HPOS="187" VPOS="1236" WIDTH="156" HEIGHT="27" WC="0.91" CONTENT="Deputationen"/><SP WIDTH="14" VPOS="1236" HPOS="343"/>
							<String ID="string_361" HPOS="357" VPOS="1235" WIDTH="98" HEIGHT="21" WC="0.92" CONTENT="inträdde"/><SP WIDTH="16" VPOS="1235" HPOS="455"/>
							<String ID="string_362" HPOS="471" VPOS="1235" WIDTH="60" HEIGHT="27" WC="0.91" CONTENT="härä,"/><SP WIDTH="15" VPOS="1235" HPOS="531"/>
							<String ID="string_363" HPOS="546" VPOS="1236" WIDTH="75" HEIGHT="20" WC="0.93" CONTENT="anförd"/><SP WIDTH="16" VPOS="1236" HPOS="621"/>
							<String ID="string_364" HPOS="637" VPOS="1235" WIDTH="23" HEIGHT="21" WC="0.93" CONTENT="af"/><SP WIDTH="13" VPOS="1235" HPOS="660"/>
							<String ID="string_365" HPOS="673" VPOS="1236" WIDTH="50" HEIGHT="21" WC="0.92" CONTENT="herr"/><SP WIDTH="18" VPOS="1236" HPOS="723"/>
							<String ID="string_366" HPOS="741" VPOS="1236" WIDTH="134" HEIGHT="26" WC="0.96" CONTENT="Stenbäck,"/><SP WIDTH="15" VPOS="1236" HPOS="875"/>
							<String ID="string_367" HPOS="890" VPOS="1241" WIDTH="46" HEIGHT="15" WC="0.96" CONTENT="som"/>
						</TextLine>
						<TextLine ID="line_39" HPOS="119" VPOS="1265" WIDTH="94" HEIGHT="27">
							<String ID="string_368" HPOS="119" VPOS="1265" WIDTH="94" HEIGHT="27" WC="0.92" CONTENT="yttrade:"/>
						</TextLine>
					</TextBlock>
					<TextBlock ID="block_5" HPOS="187" VPOS="1292" WIDTH="591" HEIGHT="28">
						<TextLine ID="line_40" HPOS="187" VPOS="1292" WIDTH="591" HEIGHT="28">
							<String ID="string_369" HPOS="187" VPOS="1292" WIDTH="123" HEIGHT="28" WC="0.91" CONTENT="Högtärade"/><SP WIDTH="15" VPOS="1292" HPOS="310"/>
							<String ID="string_370" HPOS="325" VPOS="1293" WIDTH="50" HEIGHT="20" WC="0.92" CONTENT="herr"/><SP WIDTH="14" VPOS="1293" HPOS="375"/>
							<String ID="string_371" HPOS="389" VPOS="1292" WIDTH="88" HEIGHT="26" WC="0.93" CONTENT="talman,"/><SP WIDTH="16" VPOS="1292" HPOS="477"/>
							<String ID="string_372" HPOS="493" VPOS="1292" WIDTH="108" HEIGHT="27" WC="0.92" CONTENT="vällofliga"/><SP WIDTH="14" VPOS="1292" HPOS="601"/>
							<String ID="string_373" HPOS="615" VPOS="1292" WIDTH="163" HEIGHT="27" WC="0.93" CONTENT="borgareständ!"/>
						</TextLine>
					</TextBlock>
					<TextBlock ID="block_6" HPOS="120" VPOS="1320" WIDTH="820" HEIGHT="226">
						<TextLine ID="line_41" HPOS="188" VPOS="1320" WIDTH="748" HEIGHT="27">
							<String ID="string_374" HPOS="188" VPOS="1321" WIDTH="161" HEIGHT="21" WC="0.92" CONTENT="Presteständet"/><SP WIDTH="21" VPOS="1321" HPOS="349"/>
							<String ID="string_375" HPOS="370" VPOS="1320" WIDTH="37" HEIGHT="21" WC="0.95" CONTENT="ber"/><SP WIDTH="22" VPOS="1320" HPOS="407"/>
							<String ID="string_376" HPOS="429" VPOS="1326" WIDTH="78" HEIGHT="20" WC="0.95" CONTENT="genom"/><SP WIDTH="23" VPOS="1326" HPOS="507"/>
							<String ID="string_377" HPOS="530" VPOS="1326" WIDTH="35" HEIGHT="16" WC="0.96" CONTENT="oss"/><SP WIDTH="22" VPOS="1326" HPOS="565"/>
							<String ID="string_378" HPOS="587" VPOS="1321" WIDTH="46" HEIGHT="21" WC="0.93" CONTENT="sina"/><SP WIDTH="22" VPOS="1321" HPOS="633"/>
							<String ID="string_379" HPOS="655" VPOS="1321" WIDTH="124" HEIGHT="21" WC="0.92" CONTENT="utskickade"/><SP WIDTH="22" VPOS="1321" HPOS="779"/>
							<String ID="string_380" HPOS="801" VPOS="1321" WIDTH="22" HEIGHT="21" WC="0.93" CONTENT="fä"/><SP WIDTH="16" VPOS="1321" HPOS="823"/>
							<String ID="string_381" HPOS="839" VPOS="1320" WIDTH="97" HEIGHT="27" WC="0.92" CONTENT="vänligen"/>
						</TextLine>
						<TextLine ID="line_42" HPOS="120" VPOS="1348" WIDTH="818" HEIGHT="29">
							<String ID="string_382" HPOS="120" VPOS="1356" WIDTH="106" HEIGHT="21" WC="0.96" CONTENT="uppmana"/><SP WIDTH="17" VPOS="1356" HPOS="226"/>
							<String ID="string_383" HPOS="243" VPOS="1350" WIDTH="37" HEIGHT="21" WC="0.93" CONTENT="det"/><SP WIDTH="18" VPOS="1350" HPOS="280"/>
							<String ID="string_384" HPOS="298" VPOS="1348" WIDTH="107" HEIGHT="27" WC="0.71" CONTENT="vällofiiga"/><SP WIDTH="14" VPOS="1348" HPOS="405"/>
							<String ID="string_385" HPOS="419" VPOS="1348" WIDTH="178" HEIGHT="27" WC="0.92" CONTENT="borgareständet"/><SP WIDTH="14" VPOS="1348" HPOS="597"/>
							<String ID="string_386" HPOS="611" VPOS="1351" WIDTH="32" HEIGHT="19" WC="0.93" CONTENT="att"/><SP WIDTH="14" VPOS="1351" HPOS="643"/>
							<String ID="string_387" HPOS="657" VPOS="1349" WIDTH="74" HEIGHT="21" WC="0.96" CONTENT="förena"/><SP WIDTH="16" VPOS="1349" HPOS="731"/>
							<String ID="string_388" HPOS="747" VPOS="1350" WIDTH="32" HEIGHT="26" WC="0.96" CONTENT="sig"/><SP WIDTH="14" VPOS="1350" HPOS="779"/>
							<String ID="string_389" HPOS="793" VPOS="1350" WIDTH="48" HEIGHT="21" WC="0.93" CONTENT="med"/><SP WIDTH="15" VPOS="1350" HPOS="841"/>
							<String ID="string_390" HPOS="856" VPOS="1351" WIDTH="82" HEIGHT="25" WC="0.92" CONTENT="preste-"/>
						</TextLine>
						<TextLine ID="line_43" HPOS="120" VPOS="1376" WIDTH="817" HEIGHT="28">
							<String ID="string_391" HPOS="120" VPOS="1378" WIDTH="85" HEIGHT="22" WC="0.92" CONTENT="ständet"/><SP WIDTH="14" VPOS="1378" HPOS="205"/>
							<String ID="string_392" HPOS="219" VPOS="1384" WIDTH="34" HEIGHT="15" WC="0.96" CONTENT="om"/><SP WIDTH="20" VPOS="1384" HPOS="253"/>
							<String ID="string_393" HPOS="273" VPOS="1378" WIDTH="36" HEIGHT="21" WC="0.96" CONTENT="det"/><SP WIDTH="16" VPOS="1378" HPOS="309"/>
							<String ID="string_394" HPOS="325" VPOS="1377" WIDTH="77" HEIGHT="26" WC="0.93" CONTENT="beslut,"/><SP WIDTH="15" VPOS="1377" HPOS="402"/>
							<String ID="string_395" HPOS="417" VPOS="1376" WIDTH="88" HEIGHT="22" WC="0.92" CONTENT="hvartill"/><SP WIDTH="16" VPOS="1376" HPOS="505"/>
							<String ID="string_396" HPOS="521" VPOS="1378" WIDTH="156" HEIGHT="26" WC="0.91" CONTENT="presteständet"/><SP WIDTH="14" VPOS="1378" HPOS="677"/>
							<String ID="string_397" HPOS="691" VPOS="1378" WIDTH="89" HEIGHT="20" WC="0.96" CONTENT="kommit"/><SP WIDTH="14" VPOS="1378" HPOS="780"/>
							<String ID="string_398" HPOS="794" VPOS="1378" WIDTH="34" HEIGHT="21" WC="0.93" CONTENT="vid"/><SP WIDTH="15" VPOS="1378" HPOS="828"/>
							<String ID="string_399" HPOS="843" VPOS="1377" WIDTH="94" HEIGHT="21" WC="0.90" CONTENT="behand-"/>
						</TextLine>
						<TextLine ID="line_44" HPOS="120" VPOS="1405" WIDTH="818" HEIGHT="28">
							<String ID="string_400" HPOS="120" VPOS="1407" WIDTH="71" HEIGHT="26" WC="0.91" CONTENT="lingen"/><SP WIDTH="22" VPOS="1407" HPOS="191"/>
							<String ID="string_401" HPOS="213" VPOS="1406" WIDTH="24" HEIGHT="21" WC="0.96" CONTENT="af"/><SP WIDTH="16" VPOS="1406" HPOS="237"/>
							<String ID="string_402" HPOS="253" VPOS="1406" WIDTH="107" HEIGHT="21" WC="0.93" CONTENT="allmänna"/><SP WIDTH="17" VPOS="1406" HPOS="360"/>
							<String ID="string_403" HPOS="377" VPOS="1405" WIDTH="207" HEIGHT="22" WC="0.92" CONTENT="besvärsutskottets"/><SP WIDTH="14" VPOS="1405" HPOS="584"/>
							<String ID="string_404" HPOS="598" VPOS="1406" WIDTH="133" HEIGHT="21" WC="0.92" CONTENT="betänkande"/><SP WIDTH="16" VPOS="1406" HPOS="731"/>
							<String ID="string_405" HPOS="747" VPOS="1412" WIDTH="33" HEIGHT="15" WC="0.95" CONTENT="n:o"/><SP WIDTH="15" VPOS="1412" HPOS="780"/>
							<String ID="string_406" HPOS="795" VPOS="1407" WIDTH="26" HEIGHT="21" WC="0.96" CONTENT="21"/><SP WIDTH="17" VPOS="1407" HPOS="821"/>
							<String ID="string_407" HPOS="838" VPOS="1406" WIDTH="48" HEIGHT="21" WC="0.93" CONTENT="med"/><SP WIDTH="15" VPOS="1406" HPOS="886"/>
							<String ID="string_408" HPOS="901" VPOS="1412" WIDTH="37" HEIGHT="14" WC="0.91" CONTENT="an-"/>
						</TextLine>
						<TextLine ID="line_45" HPOS="121" VPOS="1434" WIDTH="817" HEIGHT="27">
							<String ID="string_409" HPOS="121" VPOS="1434" WIDTH="86" HEIGHT="26" WC="0.96" CONTENT="ledning"/><SP WIDTH="11" VPOS="1434" HPOS="207"/>
							<String ID="string_410" HPOS="218" VPOS="1434" WIDTH="23" HEIGHT="21" WC="0.97" CONTENT="af"/><SP WIDTH="10" VPOS="1434" HPOS="241"/>
							<String ID="string_411" HPOS="251" VPOS="1434" WIDTH="105" HEIGHT="21" WC="0.96" CONTENT="särskilda"/><SP WIDTH="10" VPOS="1434" HPOS="356"/>
							<String ID="string_412" HPOS="366" VPOS="1434" WIDTH="55" HEIGHT="20" WC="0.93" CONTENT="inom"/><SP WIDTH="12" VPOS="1434" HPOS="421"/>
							<String ID="string_413" HPOS="433" VPOS="1436" WIDTH="89" HEIGHT="24" WC="0.92" CONTENT="preste-,"/><SP WIDTH="12" VPOS="1436" HPOS="522"/>
							<String ID="string_414" HPOS="534" VPOS="1434" WIDTH="99" HEIGHT="27" WC="0.91" CONTENT="borgare-"/><SP WIDTH="12" VPOS="1434" HPOS="633"/>
							<String ID="string_415" HPOS="645" VPOS="1434" WIDTH="38" HEIGHT="21" WC="0.93" CONTENT="och"/><SP WIDTH="11" VPOS="1434" HPOS="683"/>
							<String ID="string_416" HPOS="694" VPOS="1434" WIDTH="157" HEIGHT="22" WC="0.92" CONTENT="bondeständen"/><SP WIDTH="11" VPOS="1434" HPOS="851"/>
							<String ID="string_417" HPOS="862" VPOS="1434" WIDTH="76" HEIGHT="20" WC="0.92" CONTENT="väckta"/>
						</TextLine>
						<TextLine ID="line_46" HPOS="121" VPOS="1462" WIDTH="817" HEIGHT="29">
							<String ID="string_418" HPOS="121" VPOS="1462" WIDTH="113" HEIGHT="29" WC="0.84" CONTENT="petitioner"/><SP WIDTH="21" VPOS="1462" HPOS="234"/>
							<String ID="string_419" HPOS="255" VPOS="1463" WIDTH="91" HEIGHT="21" WC="0.96" CONTENT="rörande"/><SP WIDTH="22" VPOS="1463" HPOS="346"/>
							<String ID="string_420" HPOS="368" VPOS="1462" WIDTH="84" HEIGHT="20" WC="0.92" CONTENT="landets"/><SP WIDTH="20" VPOS="1462" HPOS="452"/>
							<String ID="string_421" HPOS="472" VPOS="1462" WIDTH="223" HEIGHT="22" WC="0.90" CONTENT="elementarläroverk."/><SP WIDTH="30" VPOS="1462" HPOS="695"/>
							<String ID="string_422" HPOS="725" VPOS="1462" WIDTH="160" HEIGHT="22" WC="0.91" CONTENT="Presteständet"/><SP WIDTH="15" VPOS="1462" HPOS="885"/>
							<String ID="string_423" HPOS="900" VPOS="1462" WIDTH="38" HEIGHT="20" WC="0.96" CONTENT="har"/>
						</TextLine>
						<TextLine ID="line_47" HPOS="121" VPOS="1490" WIDTH="817" HEIGHT="29">
							<String ID="string_424" HPOS="121" VPOS="1497" WIDTH="76" HEIGHT="22" WC="0.93" CONTENT="genom"/><SP WIDTH="21" VPOS="1497" HPOS="197"/>
							<String ID="string_425" HPOS="218" VPOS="1490" WIDTH="55" HEIGHT="22" WC="0.93" CONTENT="ifrån"/><SP WIDTH="18" VPOS="1490" HPOS="273"/>
							<String ID="string_426" HPOS="291" VPOS="1490" WIDTH="108" HEIGHT="26" WC="0.85" CONTENT="vällofliga"/><SP WIDTH="17" VPOS="1490" HPOS="399"/>
							<String ID="string_427" HPOS="416" VPOS="1490" WIDTH="180" HEIGHT="27" WC="0.91" CONTENT="borgareständet"/><SP WIDTH="17" VPOS="1490" HPOS="596"/>
							<String ID="string_428" HPOS="613" VPOS="1490" WIDTH="116" HEIGHT="22" WC="0.93" CONTENT="inkommet"/><SP WIDTH="14" VPOS="1490" HPOS="729"/>
							<String ID="string_429" HPOS="743" VPOS="1490" WIDTH="195" HEIGHT="28" WC="0.19" CONTENT="protokollsutdrag"/>
						</TextLine>
						<TextLine ID="line_48" HPOS="122" VPOS="1518" WIDTH="818" HEIGHT="28">
							<String ID="string_430" HPOS="122" VPOS="1520" WIDTH="75" HEIGHT="25" WC="0.92" CONTENT="funnit,"/><SP WIDTH="16" VPOS="1520" HPOS="197"/>
							<String ID="string_431" HPOS="213" VPOS="1521" WIDTH="32" HEIGHT="19" WC="0.93" CONTENT="att"/><SP WIDTH="20" VPOS="1521" HPOS="245"/>
							<String ID="string_432" HPOS="265" VPOS="1518" WIDTH="177" HEIGHT="28" WC="0.92" CONTENT="borgareständet"/><SP WIDTH="18" VPOS="1518" HPOS="442"/>
							<String ID="string_433" HPOS="460" VPOS="1518" WIDTH="109" HEIGHT="22" WC="0.92" CONTENT="sätillvida"/><SP WIDTH="19" VPOS="1518" HPOS="569"/>
							<String ID="string_434" HPOS="588" VPOS="1519" WIDTH="55" HEIGHT="21" WC="0.93" CONTENT="varit"/><SP WIDTH="15" VPOS="1519" HPOS="643"/>
							<String ID="string_435" HPOS="658" VPOS="1525" WIDTH="49" HEIGHT="15" WC="0.93" CONTENT="ense"/><SP WIDTH="14" VPOS="1525" HPOS="707"/>
							<String ID="string_436" HPOS="721" VPOS="1520" WIDTH="46" HEIGHT="20" WC="0.93" CONTENT="med"/><SP WIDTH="15" VPOS="1520" HPOS="767"/>
							<String ID="string_437" HPOS="782" VPOS="1518" WIDTH="158" HEIGHT="28" WC="0.92" CONTENT="presteständet"/>
						</TextLine>
					</TextBlock>
				</ComposedBlock>
			</PrintSpace>
		</Page>
	</Layout>
</alto>
