1092 1723
227 93 49 42 1084
495 109 94 26 Borgarest.
601 110 45 22 1885.
669 110 13 19 11
692 109 41 27 Maj.

204 175 44 22 låta
266 177 114 22 detsamma
397 177 61 22 besäs
476 178 47 22 från
541 179 42 21 den
601 179 24 22 sä
643 179 84 25 kallade
741 178 135 27 sidoskogen.
905 179 43 22 Det
962 179 70 22 torde-

204 204 55 22 dock
280 205 46 22 icke
344 211 62 21 passa
423 207 31 26 sig
472 207 33 21 för
522 207 43 27 mig
584 210 32 19 att
634 207 85 22 komma
736 208 55 21 fram
810 207 49 22 med
877 209 32 20 ett
923 207 100 26 särskildt

204 233 78 27 förslag
300 234 32 21 till
350 234 140 28 formulering,
506 235 86 23 hvarför
607 237 38 26 jag
664 237 75 20 endast
753 238 61 25 tager
828 236 43 27 mig
886 235 90 22 friheten
991 237 32 20 att

202 261 85 26 föreslä,
302 264 32 19 att
352 263 68 22 denna
434 264 100 26 paragraf
550 265 68 22 skulle
633 265 166 21 äterremitteras
814 264 33 21 för
863 266 31 19 att
909 264 113 27 omformu-

204 290 55 21 leras
276 291 7 20 i
302 291 35 21 det
352 291 59 27 syfte,
427 293 37 20 att
473 292 36 21 det
523 293 94 27 tydligen
633 293 67 24 skulle
714 293 83 27 framgå
812 294 33 20 att
859 293 36 21 det
909 293 54 27 syfte
977 299 46 15 som

204 325 49 42 i
267 319 48 21 med
330 319 58 22 detta
402 321 149 26 lagstadgande
566 322 62 25 afser,
640 322 61 21 äfven
716 328 78 21 genom
810 321 101 27 sidoskog
925 321 42 23 kan
980 321 43 22 till-

204 353 96 20 godoses.
628 359 7 8 .

272 375 54 22 Herr
343 376 137 28 Tallgvist:
504 378 69 21 Ocksä
589 379 37 27 jag
644 379 95 22 anhäller
754 380 33 19 att
801 378 22 21 fä
838 378 129 22 understöda
982 378 40 21 den

204 403 23 22 af
247 403 73 22 herrar
337 404 107 23 Fabritius
466 407 39 21 och
523 407 120 23 Nummelin
665 407 174 22 undertecknade
857 407 165 21 reservationen.

204 432 41 27 Jag
260 434 38 25 gör
313 433 36 21 det
363 433 27 28 pä
404 436 76 20 tvenne
494 435 53 22 skäl.
569 436 43 21 Det
627 442 39 15 ena
681 438 29 23 är,
721 437 32 20 att
769 435 36 22 det
819 435 107 21 förefaller
936 435 42 26 mig
989 435 33 21 sä-

202 467 48 15 som
272 467 25 15 en
318 463 77 26 ytterst
416 463 76 28 lindrig
512 464 153 27 inskränkning
683 465 7 20 i
709 464 41 22 den
769 464 84 27 privata
870 463 152 27 skogsegarens

204 489 124 27 eganderätt
346 492 32 20 att
395 491 74 28 älägga
487 492 77 21 honom
583 495 32 20 att
632 499 76 21 genom
727 492 164 27 gvarlemnande
907 491 22 22 af
940 491 82 22 fröträd

204 518 57 27 sörja
275 518 33 21 för
322 519 88 27 skogens
426 520 94 22 äterväxt
536 521 39 22 och
589 521 46 22 icke
650 521 33 22 för
698 521 31 27 sig
745 521 54 27 sjelf,
810 521 47 21 sina
871 522 106 20 närmaste
991 520 30 21 ef-

204 547 159 22 terkommande
382 548 39 21 och
435 549 48 22 hela
497 549 72 22 landet
583 549 92 22 förstöra
690 549 88 27 skogen.
807 549 43 21 Det
865 549 66 21 andra
945 549 75 26 skälet,

204 575 79 27 hvarpä
298 576 36 27 jag
351 577 71 20 stöder
438 578 44 21 min
500 578 61 27 &sigt,
576 579 24 20 är
619 579 42 26 det,
677 580 32 19 att
721 579 37 26 jag
776 578 40 21 har
834 583 52 21 egen
902 577 119 22 erfarenhet

204 603 65 26 deraf,
285 606 31 19 att
331 605 48 21 med
393 605 129 22 förbättrade
537 606 207 23 kommunikationer
758 607 8 20 i
781 606 74 21 landet
869 612 26 15 en
910 605 47 22 icke
971 606 50 22 obe-

203 632 67 27 tydlig
290 633 76 26 partiel
387 634 131 22 devastation
536 635 23 21 af
578 635 80 27 skogen
679 635 120 27 försiggätt.
829 635 42 21 Det
893 636 24 19 är
937 634 84 27 mycket

203 661 86 26 vanligt,
304 661 120 27 isynnerhet
441 663 57 21 invid
515 663 194 27 jernvägslinierna,
725 666 32 19 att
772 663 49 22 hela
836 663 128 27 skogslotter
977 663 43 21 för-

204 689 69 27 säljas.
302 690 34 21 Då
350 690 26 21 de
391 691 145 22 underlättade
549 691 236 23 kommunikationerna
800 693 53 25 göra
867 693 32 19 att
913 691 38 22 allt
961 691 59 22 virke

203 717 109 26 lätteligen
330 718 42 21 kan
390 719 150 28 tillgodogöras
558 723 55 19 samt
631 721 97 26 betingar
743 721 33 26 sig
791 721 52 26 godt
857 720 50 27 pris,
923 720 23 21 sä
960 719 60 22 fällas

203 745 47 22 frän
268 746 60 22 dessa
346 747 128 27 skogslotter
490 749 33 21 till
541 749 39 22 och
595 749 48 22 med
658 749 25 22 de
699 749 98 22 klenaste
812 749 55 26 träd,
882 748 79 22 sädana
975 754 46 17 som

203 776 37 20 äro
256 775 134 22 användbara
404 777 32 21 till
451 778 196 26 gärdsgärdsstörar
662 778 39 22 och
715 777 162 28 gärdselvidjor.
906 777 44 21 Allt
961 777 60 21 detta

204 802 48 22 sker
266 805 52 20 utan
333 806 32 20 att
378 811 50 15 man
442 806 28 27 pä
483 806 64 27 nägot
563 808 42 20 sätt
619 806 66 28 sörjer
700 806 33 22 för
748 808 33 20 att
796 806 81 21 fröträd
889 806 130 27 gvarlemnas

203 832 51 20 eller
271 833 56 20 ännu
345 833 80 21 mindre
443 834 37 26 går
497 835 7 21 i
522 834 124 28 författning
664 841 34 15 om
713 834 101 22 ätersädd
829 834 23 22 af
865 834 85 27 skogen.
978 834 42 26 Jag

202 860 93 21 biträder
310 860 69 29 derför
393 863 161 22 reservationen.

270 889 55 21 Herr
340 890 105 22 Öhman:
468 891 41 22 Vid
526 892 163 27 formuleringen
707 892 22 21 af
747 892 63 21 dessa
828 891 193 27 lagbestämningar

202 917 108 26 angäende
332 918 108 27 lägenhets
460 920 94 22 enskilda
571 921 124 26 skogsmark
713 921 40 20 har
770 921 45 26 lag-
831 920 40 21 och
889 919 131 22 ekonomiut-

203 945 80 22 skottet
301 947 69 26 utgått
388 947 46 22 från
454 948 45 26 den,
514 955 45 15 som
577 949 42 27 mig
639 955 66 21 synes,
721 949 154 26 allmängiltiga
890 948 129 27 rättsprinci-

202 979 47 22 pen,
265 976 32 19 att
313 975 176 28 inskränkningar
505 977 7 20 i
530 978 89 26 egande-
635 977 38 22 och
693 977 199 26 besittningsrätten
906 976 47 22 icke
966 977 54 21 böra

202 1004 69 25 göras,
286 1003 70 22 derest
373 1004 46 21 icke
438 1005 35 21 det
492 1005 115 22 allmännas
625 1006 34 21 väl
677 1006 142 26 ovilkorligen
837 1005 75 22 sådant
929 1005 92 22 fordrar.

203 1031 45 21 Och
268 1031 39 22 hos
324 1032 115 22 utskottets
456 1034 107 26 pluralitet
581 1035 40 20 har
639 1035 39 20 den
697 1034 83 27 åsigten
799 1033 56 28 gjort
869 1034 32 26 sig
910 1033 109 27 gällande,

202 1061 32 19 att
252 1059 33 22 för
303 1061 130 22 närvarande
450 1062 8 21 i
476 1062 46 21 vårt
539 1063 50 21 land
607 1065 67 19 större
692 1062 180 27 inskränkningar
889 1062 130 21 beträffande

201 1087 196 28 besittningsrätten
416 1090 32 21 till
466 1090 52 27 skog
535 1091 46 22 icke
596 1093 37 20 äro
648 1091 23 21 af
683 1091 104 22 behofvet
801 1091 118 26 påkallade.
948 1091 10 20 I
972 1091 47 21 vårt

201 1116 57 25 land,
269 1122 44 15 som
329 1119 23 18 är
368 1119 31 20 ett
413 1118 23 21 af
449 1119 25 21 de
489 1119 142 27 skogsrikaste
646 1120 80 26 länder,
736 1119 85 27 uppgår
831 1119 67 27 enligt
912 1119 110 22 verkstäld

200 1144 116 27 beräkning
335 1145 147 28 skogsarealen
500 1147 33 22 till
551 1148 96 27 omkring
665 1148 28 22 65
707 1147 26 25 %
753 1148 24 21 af
794 1147 83 22 landets
892 1147 49 22 hela
955 1147 66 27 areal,

201 1173 40 20 och
256 1173 22 21 af
292 1173 68 22 denna
374 1174 100 28 ofantliga
489 1176 119 27 skogsareal
622 1179 85 24 utgöres
722 1176 92 27 ungefär
829 1177 28 20 64
871 1175 26 27 ?/o
907 1176 23 21 af
942 1175 80 26 krono-

200 1201 83 26 skogar,
299 1201 71 22 hvilka
386 1203 24 26 ju
428 1204 7 21 i
454 1204 70 27 hvarje
544 1205 99 21 händelse
657 1205 48 21 icke
719 1205 89 21 komma
823 1206 32 21 att
869 1203 83 27 sköflas,
967 1206 52 19 utan

200 1231 92 20 tvärtom
314 1231 120 27 antagligen
455 1232 84 22 komma
560 1235 32 19 att
611 1233 72 22 ställas
702 1233 69 22 under
791 1232 38 22 allt
847 1233 70 21 bättre
934 1233 86 27 uppsigt

200 1257 40 22 och
254 1258 58 22 vård.
341 1259 46 22 Den
402 1260 66 27 årliga
482 1261 109 22 tillväxten
606 1262 23 22 af
641 1262 102 21 Finlands
759 1261 79 27 skogar
856 1263 24 19 är
899 1261 65 27 enligt
982 1261 37 22 be-

199 1285 91 28 räkning
308 1287 23 21 så
352 1290 51 24 stor,
418 1291 38 24 att,
472 1289 52 22 efter
542 1290 73 27 afdrag
633 1290 23 21 af
673 1290 18 27 ej
709 1290 85 22 mindre
810 1289 41 22 den
866 1295 87 17 enorma
966 1289 53 22 kon-

199 1315 98 26 sumtion,
310 1321 44 16 som
366 1316 104 23 härintills
485 1318 7 20 i
506 1318 72 21 landet
592 1318 132 26 förefunnits,
738 1320 28 19 än
782 1318 62 21 äfven
859 1317 58 22 såväl
932 1318 35 21 det
982 1318 36 22 be-

198 1342 56 27 lopp,
266 1343 80 22 hvilket
360 1347 136 25 exporterats,
508 1352 44 15 som
567 1347 36 20 det
617 1353 76 20 genom
707 1347 127 26 skogseldar
848 1346 106 22 förstörda
963 1349 57 21 samt

198 1377 75 20 genom
288 1373 127 26 svedjebruk
430 1374 39 21 och
484 1375 144 27 tjärbränning
642 1375 138 26 förbrukade,
791 1375 65 21 likväl
866 1375 41 21 den
920 1375 98 22 behållna

198 1399 68 27 årliga
280 1401 108 22 tillväxten
403 1402 81 28 uppgår
498 1404 32 20 till
552 1404 5 21 2
573 1403 12 22 å
599 1404 14 22 3
627 1404 98 27 miljoner
739 1403 174 22 normalfamnar.
942 1404 75 26 Någon

196 1428 88 22 fruktan
299 1430 32 22 för
346 1432 32 20 att
392 1430 116 28 skogsbrist
523 1432 54 21 skall
591 1432 65 22 blifva
669 1432 96 22 rådande
781 1432 7 21 i
804 1432 72 21 landet
890 1432 66 22 borde
971 1432 48 22 der-

196 1456 34 22 för
250 1458 18 26 ej
287 1458 121 23 förefinnas.
437 1460 41 22 Det
496 1462 23 19 är
537 1462 47 20 sant
603 1463 32 19 att
648 1461 28 27 på
690 1462 58 20 vissa
763 1460 77 22 ställen
855 1461 76 27 partiel
945 1460 73 28 skogs-

197 1484 54 22 brist
268 1486 46 22 icke
333 1488 42 21 kan
395 1488 109 26 bestridas,
524 1495 47 16 men
589 1490 41 20 den
647 1489 116 22 förefinnes
781 1489 56 21 dock
852 1490 7 20 i
873 1489 80 27 ganska
968 1488 49 22 obe-

196 1513 76 28 tydligt
285 1515 91 28 omfång.
396 1516 56 28 Lag-
463 1517 39 22 och
516 1517 203 23 ekonomiutskottet
733 1518 42 22 har
790 1517 49 27 hyst
854 1518 41 21 den
909 1518 60 26 åsigt,
985 1520 32 20 att
