1092 1725
213 103 56 34 1868
482 110 93 23 Borguregt.
587 110 46 20 1805.
650 106 32 35 31;
687 106 45 35 Maj.

198 178 214 22 darhusdirektionen
431 180 31 21 att.
476 179 54 23 med
548 179 279 27 ständerhusdelegationen
838 178 183 25 öfverenskomma.

198 214 34 15 om
252 207 95 21 vilkoren
363 207 33 22 för
411 207 172 22 öfverlemnande
599 208 34 21 för
647 208 128 27 ifrågasatta
789 206 98 24 ändamål
903 207 23 21 af
939 207 84 21 riddar-

196 236 70 22 huset.
275 231 12 37 .
296 235 41 28 Jag
355 236 75 22 tänker
448 238 33 20 att
498 243 27 15 en
542 236 67 22 sådan
627 236 128 22 hemställan
771 235 48 22 från
833 235 189 28 borgareständets

198 265 46 21 sida
259 264 55 22 skall
328 266 53 20 röna
396 265 190 27 tillmötesgående.
845 293 2 2 |

268 296 56 24 Herr
341 298 148 23 Rönnbäck:
512 299 75 22 Ehuru
603 300 38 26 jag
660 301 24 19 är
703 299 23 22 af
743 304 82 16 samma
839 298 57 28 :åsigt
911 305 44 15 som
971 298 52 22 herr

200 327 119 27 Wasenius,
330 329 32 19 att
376 328 36 21 det
426 328 105 27 nemligen
546 334 51 16 vore
613 328 95 27 önskligt
722 330 32 19 att
769 333 25 15 en
806 327 218 22 öfverenskommelse

199 356 11 21 i
225 356 45 21 det:
279 356 23 21 af
322 356 76 21 honom
416 357 93 27 antydda
532 356 65 28 syftet
614 355 79 23 skulle:
709 356 63 22 kunna
791 355 80 27 träftas,
889 355 26 23 så
933 362 34 15 ser
983 356 38 26 jag

200 384 54 22 dock
276 385 47 21 icke
340 384 55 22 huru
415 386 58 20 detta
492 385 54 21 skall
565 385 72 21 kunna
655 385 85 21 förenas
759 385 49 21 med
827 385 40 21 den
886 384 136 26 instruktion,

200 416 49 19 som:
268 413 33 21 för
324 414 275 27 ständerhusdelegationen
619 416 24 19 är
661 414 107 21 faststäld.
797 413 153 27 Delegationen
970 419 51 20 eger

199 442 107 27 nemligen
321 444 43 19 rätt
379 443 31 20 att
424 442 84 22 besluta
523 442 39 22 och
573 442 122 22 bestämma
710 442 59 22 såväl
785 448 34 15 om
829 442 90 27 platsen,
931 448 44 15 som
986 447 36 15 om

199 470 56 22 hvad
278 473 64 19 -annat
364 470 33 22 till
420 471 140 27 uppförandet
579 471 23 21 af
619 471 151 21 ständerhuset
787 470 46 22 hör.
863 470 77 22 Derför
959 476 62 16 anser

196 499 38 27 jag
253 498 33 22 för
304 499 42 21 min
366 500 34 20 del
419 500 175 27 borgareständet
609 506 51 15 vara
675 500 121 21 nödsakadt
810 501 40 19 att
856 497 115 23 inskränka
989 499 35 26 sig

200 527 80 22 till-att
291 528 37 21 för
342 528 47 21 sina
404 528 127 28 delegerade
545 529 69 21 uttala
629 535 26 15 en
671 528 80 22 önskan
767 528 7 21 i
790 528 37 22 det
841 528 56 27 syfte
911 528 50 21 herr
971 527 50 21 Wa-

199 556 72 22 senius'
286 557 80 27 antydt.

270 591 56 25 Herr
344 591 138 28 Clouberg:
505 591 50 28 Jag
564 598 63 15 anser
646 592 33 21 för
695 592 42 21 min
753 591 35 22 del
804 591 6 22 i
826 591 68 22 likhet
909 591 47 22 med
971 591 53 22 herr

200 619 113 24 Wasenius
328 622 32 19 att
375 621 39 20 den
430 621 54 21 enda
499 621 118 27 möjlighet,
627 626 44 16 som
688 623 56 19 ännu
760 620 41 21 kan
817 619 115 22 förefinnas
947 620 33 21 för
990 621 34 20 att

200 644 130 31 förverkliga
345 649 40 21 den
401 649 87 27 önskan,
499 655 44 22 som
560 649 177 27 borgareständet
752 649 59 22 förut
821 648 39 22 har
869 649 84 25 uttalat,
964 655 61 15 nem-

200 677 58 27 ligen
273 679 31 19 att
318 683 75 20 genom
410 667 193 38 sämmanbyggnad
619 678 48 21 med
681 677 139 22 riddarhuset
835 677 22 22 få
870 677 34 22 till
919 665 61 33 stånd
991 679 31 20 ett

200 705 122 28 fyraständs
340 706 46 26 hus,
402 712 49 16 vore
470 711 34 17 öm
523 706 148 27 ridderskapet
689 707 39 21 och
743 705 64 22 adeln
822 706 65 21 redan
903 706 34 21 vid
953 706 73 21 denna.

201 734 102 33 landtdag
325 735 69 21 kunde
417 735 57 27 gifva
492 735 38 22 sitt
547 735 169 28 bemyndigande
735 735 22 21 ät
774 734 247 22 riddarhusdirektionen

201 764 38 25 att,
255 763 7 20 i
281 763 101 28 händelse
402 763 275 28 ständerhusdelegationen
697 770 64 15 anser
780 763 59 22 detta
857 763 92 27 förslag
955 763 68 32 lämp-

200 779 47 43 ligt,
263 787 47 26 med
327 792 69 27 denna
410 792 119 27 delegation
545 792 184 21 öfverenskomma
744 793 80 20 derom.
851 792 42 21 Det
901 791 68 22 finnes
981 792 41 21 vis-

202 816 92 33 serligen
314 816 79 31 ganska
413 821 51 21 liten
483 821 66 26 utsigt
565 821 36 21 för
615 823 32 19 att
661 821 22 21 få
699 822 59 21 detta
774 820 81 27 förslag
869 820 89 27 igenom,
974 826 48 15 men

202 849 50 20 utan
272 850 31 19 ett
320 847 76 23 sådant
414 849 167 34 bemyndigande
600 849 22 22 åt
640 849 249 23 riddarhusdirektionen
907 849 60 21 torde
986 849 38 21 det

195 875 54 23 'alls'
260 876 46 22 icke
325 877 71 22 kunna
414 878 85 22 komma
513 879 8 37 i
535 873 67 38 fräga.
631 878 42 39 Jag
687 877 96 23 biträder
799 878 73 21 derför
885 878 50 21 herr
948 878 77 21 Wase-

199 905 54 22 nius'
268 905 104 35 förslag.
363 901 12 43 .

270 936 60 26 Herr
340 932 146 30 Wasenius:
505 941 41 27 Jag
564 942 39 21 ber
621 941 22 21 få
657 940 114 22 framhålla
787 942 32 20 att
834 947 48 15 man
896 940 46 22 icke
957 947 68 20 gerna

200 968 42 23 kan
264 969 78 27 begära
358 971 32 20 att
404 970 148 26 ridderskapet
567 970 39 21 och
621 970 62 22 adeln
698 972 52 19 utan
766 969 70 27 nägon
851 970 57 26 slags
923 969 102 22 hemstäl-

200 997 36 26 lan
254 997 56 22 ifrån.
329 998 65 26 något
411 998 24 21 af
452 999 26 21 de
497 998 78 22 ofrälse
595 998 88 22 stånden
699 998 54 22 skall
771 1000 94 25 upptaga
879 998 69 21 denna
962 998 63 26 fråga

201 1032 34 16 om
258 1026 172 26 öfverlemnande
448 1026 24 22 af
487 1027 142 26 riddarhuset,
645 1027 38 21 och
703 1027 69 21 ehuru
789 1026 37 27 jag
845 1026 38 21 här
901 1026 36 21 vill
955 1025 70 23 uttala

200 1055 33 21 ätt
245 1054 38 28 jag
298 1054 52 28 sjelf
361 1054 63 28 hyser
439 1053 81 29 ganska
536 1058 58 18 stora
608 1055 129 21 tvifvelsmäl
753 1061 34 15 om
805 1055 136 33 möjligheten
955 1055 23 21 af
991 1058 33 18 att

201 1082 41 22 den
265 1083 77 21 tanken
366 1083 54 21 skall
442 1084 71 21 kunna
532 1084 147 32 förverkligas,
698 1090 45 15 som
764 1083 115 21 'innefattas
897 1084 9 22 i
923 1084 102 26 borgare-

201 1111 97 25 ständets
316 1112 91 26 tidigare
426 1112 76 26 beslut,
518 1112 24 22 sä
557 1119 63 19 anser
632 1113 37 27 jag
685 1113 36 21 det
737 1112 56 22 dock
807 1112 33 21 för
855 1108 75 31 sjelfva
945 1112 80 21 sakens

201 1139 57 22 skull.
280 1146 51 15 vara
350 1140 27 22 af
397 1141 45 27 vigt
460 1143 32 20 att
510 1141 46 22 icke
575 1140 86 23 afskära
679 1141 30 22 all
728 1140 113 28 möjlighet
858 1140 32 22 till
910 1147 25 15 en
955 1140 67 25 öfver-

200 1168 156 25 enskommelse
376 1170 91 31 emellan
486 1170 276 27 ständerhusdelegationen
782 1169 41 32 och
840 1169 186 22 riddarhusdirek-

196 1197 80 22 tionen.

264 1231 61 22 Herr
340 1231 190 28 Schybergson:
549 1233 29 20 Af
591 1239 81 20 samma
687 1233 56 26 äsigt
759 1238 47 16 som
822 1232 74 22 herrar
910 1231 115 22 Wasenius

200 1260 40 24 och
250 1259 107 28 Clouberg
372 1267 63 15 anser:
447 1261 37 27 jag
500 1261 34 22 för
548 1261 65 27 öfrigt
628 1262 7 20 i
651 1263 88 20 motsats
755 1261 34 21 till
806 1261 49 21 herr
865 1260 115 21 Rönnbäck
991 1262 33 19 att

200 1288 67 27 något
285 1289 87 24 formelt
387 1289 75 22 hinder
476 1289 47 22 icke
538 1291 68 22 möter
621 1291 31 20 ett
667 1289 76 22 sådant
758 1289 89 33 förslag,
863 1295 44 15 som
923 1289 38 27 det
974 1289 50 24 -herr

199 1317 114 25 Wasenius
331 1317 113 26 framstält.
473 1318 186 27 :Borgareståndet
673 1318 68 21 skulle
755 1318 26 27 ju
796 1317 47 21 icke
856 1323 77 21 genom
949 1323 26 21 en
989 1317 35 22 så-

200 1345 42 28 dan
261 1345 125 28 inbjudning
404 1347 85 26 anhälla
504 1353 34 14 om
553 1347 65 26 pägot
633 1346 104 22 definitivt
752 1346 73 21 beslut
839 1345 48 23 frän
902 1342 121 25 ridderska-

199 1370 37 31 pet
252 1374 39 21 och
306 1375 74 20 adelns
395 1375 53 26 sida,
458 1371 47 30 icke
520 1381 37 15 ens
571 1375 47 21 frän
633 1373 262 23 riddarhusdirektionens
907 1374 53 26 sida,
972 1377 53 18 utan.

200 1398 178 35 borgareständet
392 1388 70 45 skulle
477 1399 75 26 endast
567 1403 85 22 anhälla
667 1410 32 15 om
717 1406 30 19 ett
763 1403 170 26 bemyndigande
948 1391 22 32 ät
980 1403 45 21 rid-

200 1431 222 28 darhusdirektionen-
436 1434 38 23 att,
493 1432 7 21 i
518 1432 101 21 händelse
638 1432 36 21 det
691 1432 42 21 blir
751 1431 63 27 fråga
833 1437 33 20 om
884 1433 33 19 att
934 1431 91 27 uppföra

200 1459 151 24 ständerhuset
364 1460 8 21 i
387 1460 102 25 samband
508 1461 48 21 med
571 1460 142 27 riddarhuset,
728 1460 63 22 träda
807 1459 8 21 i
830 1459 195 28 underhandlingar

200 1489 49 23 med
264 1488 281 27 ständerhusdelegationen.
575 1489 42 26 Jag
631 1489 41 21 kan
687 1489 46 22 icke
749 1489 60 21 finna
823 1490 33 19 att
871 1488 59 28 detta
944 1487 28 28 pä
986 1487 38 22 nä-

198 1518 38 25 got
251 1519 44 19 sätt
308 1517 69 22 skulle
392 1517 28 27 gä
434 1518 160 27 delegationens
609 1519 42 20 rätt
665 1517 34 22 för
713 1520 61 19 nära.
