1092 1725
433 105 14 19 11
459 106 49 22 April.
792 108 71 16 XXVI.

62 176 46 22 med
125 176 25 20 de
169 176 112 26 principer,
301 182 44 15 som
364 176 8 20 i
391 175 69 27 öfriga
479 175 62 21 ständ
560 175 57 27 gjort
636 176 32 26 sig
687 175 105 27 gällande,
807 176 24 19 är
844 174 36 26 jag

64 210 22 22 af
100 210 40 21 den
156 210 88 26 äsigten,
261 212 31 18 att
304 210 46 27 just
365 210 69 20 denna
452 210 119 26 graderade
590 209 106 21 röstskala
712 210 6 20 i
734 208 147 28 borgarestän-

62 246 36 20 det
113 244 44 21 stär
172 244 7 21 i
194 244 39 21 full
249 244 222 22 öfverensstämmelse
487 244 47 21 med
550 244 108 26 principen
670 243 33 21 för
714 244 77 20 valrätt
801 243 31 21 till
844 242 37 21 vär

63 279 167 27 representation
246 279 7 20 i
269 276 121 24 allmänhet.
421 278 48 21 Man
485 278 69 21 mäste
567 278 24 27 ju
607 278 53 21 dock
680 278 106 27 medgifva
800 279 32 19 att
847 277 33 21 vid

62 313 171 22 bestämmandet
251 313 23 21 af
290 313 105 21 valrätten
415 313 32 20 till
467 313 52 21 vära
541 313 99 26 samtliga
658 313 62 20 ständ
743 311 138 22 öfverhufvud

62 348 39 21 den
118 348 81 26 princip
214 348 56 26 gjort
285 347 32 27 sig
333 347 105 27 gällande,
454 349 31 19 att
500 353 49 15 man
568 347 27 27 pä
611 347 57 21 olika
683 348 43 19 sätt
741 347 47 20 sökt
802 346 80 27 utvälja

64 383 71 20 ibland
150 382 67 21 folket
232 383 57 20 vissa
304 388 92 21 grupper
412 381 23 22 af
448 388 108 20 personer,
572 382 39 21 hos
627 381 73 21 hvilka
719 387 47 15 man
782 382 53 19 trott
850 381 32 26 sig

63 417 70 21 kunna
148 417 113 21 förutsätta
280 418 31 19 ett
329 416 64 27 nägot
412 416 65 27 högre
497 417 54 20 mätt
570 416 22 21 af
609 415 87 28 politisk
716 416 64 26 insigt
798 415 37 21 och
851 415 31 20 in-

62 454 74 19 tresse.
166 451 66 22 Detta
247 451 70 21 säsom
333 451 62 26 sagdt
410 451 28 26 pä
453 451 56 21 olika
525 453 43 19 sätt
583 451 7 20 i
606 451 57 21 olika
678 450 68 21 ständ.
768 450 42 27 Jag
825 450 57 21 med-

63 486 68 26 gifver
150 485 124 27 obetingadt
292 487 31 19 att
341 492 25 14 en
385 485 106 27 graderad
510 485 108 21 röstskala
636 485 18 26 ej
678 487 23 18 är
720 484 162 21 öfverensstäm-

66 521 76 20 mande
158 521 47 20 med
221 520 94 27 grunden
331 519 33 21 för
380 519 86 27 politisk
481 520 79 21 valrätt
576 520 5 20 i
598 519 66 21 andra
680 519 79 25 länder,
773 518 37 27 jag
825 517 57 22 med-

64 554 68 28 gifver
148 554 124 27 obetingadt
286 556 31 19 att
333 554 40 21 den
388 553 47 21 frän
454 554 104 21 teoretisk
577 554 53 21 eller
648 553 110 27 principiel
778 552 104 28 synpunkt

64 589 41 21 kan
120 589 111 21 betraktas
246 594 44 16 som
307 595 25 14 en
348 588 134 22 abnormitet.
512 588 50 22 Men
580 588 37 27 jag
636 588 82 21 fruktar
737 589 31 19 att
782 587 48 21 hela
845 586 37 22 vär

64 624 167 26 representation
247 624 48 20 med
311 623 45 21 sina
371 622 47 28 fyra
433 623 86 21 kamrar
535 623 47 21 frän
598 622 104 22 teoretisk
717 622 37 21 och
773 621 109 27 principiel

64 658 106 26 synpunkt
185 658 38 21 och
239 658 7 20 i
259 657 122 27 jemförelse
397 658 48 20 med
457 657 165 22 förhällandena
638 658 5 20 i
655 657 67 21 andra
732 656 73 21 länder
816 656 66 20 mäste

65 692 7 20 i
94 692 76 21 sådant
191 692 38 21 fall
253 692 107 21 betraktas
380 692 70 20 såsom
470 698 25 15 en
515 692 134 20 abnormitet.
683 691 42 21 Det
744 690 86 22 oaktadt
845 690 38 20 har

65 726 41 22 den
126 727 54 21 dock
199 727 58 20 vuxit
275 733 42 20 upp
336 726 27 27 pä
381 726 102 21 historisk
502 726 75 26 grund,
596 726 49 21 hela
664 726 69 20 denna
751 726 132 26 representa-

64 760 51 27 tion,
132 761 38 21 och
186 761 48 21 med
249 761 43 21 alla
307 761 48 21 dess
370 760 47 21 frän
437 760 104 22 teoretisk
561 760 106 27 synpunkt
686 760 100 20 abnorma
804 758 80 22 förhäl-

65 794 77 22 landen
158 797 39 25 gör
212 796 40 20 den
269 795 53 21 dock
337 795 33 21 väl
387 795 65 26 tjenst
467 795 68 21 under
550 794 51 22 vära
615 794 154 21 förhällanden.

133 829 48 21 Kan
197 836 48 14 man
260 830 33 20 väl
309 829 46 21 frän
371 829 104 21 teoretisk
494 829 106 27 synpunkt
618 828 57 22 finna
694 828 63 27 nägot
775 833 59 15 mera
848 827 36 21 ab-

66 865 70 19 normt
151 865 26 20 än
194 863 206 28 sjelfskrifvenheten
417 863 54 22 eller
487 865 30 19 att
533 870 25 15 en
574 863 104 27 fjerdedel
690 862 22 21 af
721 862 82 21 landets
814 868 71 21 repre-

66 898 106 21 sentation
189 899 54 20 skall
259 900 164 19 sammansättas
438 897 23 22 af
474 904 110 21 personer,
600 898 72 21 hvilka
682 897 75 21 endast
767 902 75 21 genom
854 896 31 21 sin

66 933 54 20 börd
135 939 40 20 ega
190 932 237 27 representationsrätt?
451 932 49 21 Men
516 932 145 21 förhållandet
675 932 39 21 hos
730 937 34 15 oss
779 931 38 20 har
832 930 54 21 dock

66 967 55 20 varit
143 967 82 26 sädant,
248 968 31 19 att
298 967 58 20 detta
375 966 123 27 utväljande
517 966 23 21 af
556 967 58 20 vissa
632 972 92 21 grupper
742 965 23 21 af
785 971 102 21 personer

66 1007 76 20 genom
158 1001 186 26 sjelfskrifvenhet,
360 1001 39 20 har
414 1001 46 21 ledt
474 1001 33 20 till
519 1001 37 20 det
566 1001 96 25 resultat,
674 1002 32 19 att
715 1000 90 26 ständet,
816 999 70 21 säsom

67 1037 97 25 nogsamt
182 1037 23 19 är
223 1035 84 26 bekant,
326 1035 27 27 pä
372 1037 31 19 ett
418 1035 128 27 insigtsfullt
562 1035 39 20 och
620 1034 138 21 öfverhufvud
775 1033 112 22 frisinnadt

68 1071 43 20 sätt
125 1069 39 22 har
179 1070 87 27 ingripit
281 1070 7 21 i
303 1070 37 21 vär
354 1069 103 28 politiska
468 1070 39 21 och
523 1069 79 22 sociala
616 1069 128 26 utveckling.
774 1069 61 21 Hvad
851 1068 37 21 det

67 1104 131 27 högvördiga
212 1104 157 27 presteständet
388 1104 108 26 beträffar,
515 1104 41 21 kan
576 1110 48 15 man
644 1103 33 21 väl
696 1103 64 21 tänka
776 1104 32 25 sig
823 1102 65 27 nägot

65 1138 48 22 från
133 1139 102 21 teoretisk
253 1139 106 27 synpunkt
377 1145 58 15 mera
455 1139 105 25 abnormt,
580 1140 25 19 än
625 1139 32 20 att
676 1144 48 14 man
745 1137 72 22 ibland
839 1137 49 21 hela

67 1173 83 21 landets
167 1173 122 27 befolkning
303 1173 91 27 utväljer
411 1179 25 14 en
452 1179 68 21 grupp
536 1172 23 21 af
573 1172 64 26 nägot
652 1172 59 21 öfver
725 1174 61 19 tusen
797 1171 90 27 valmän,

67 1208 41 20 och
122 1208 95 21 tilldelar
235 1208 59 20 detta
312 1207 51 21 fätal
383 1213 25 15 en
432 1206 105 28 fjerdedel
556 1206 23 22 af
596 1206 49 22 hela
663 1206 39 21 den
722 1206 166 26 representativa

68 1242 84 20 rätten?
168 1242 65 21 Detta
248 1242 93 26 grundar
356 1242 33 26 sig
404 1242 137 26 naturligtvis
557 1241 65 27 derpä
638 1242 31 20 att
684 1247 47 15 man
746 1241 48 21 med
805 1239 83 27 mycket

68 1275 47 21 skäl
131 1278 69 19 ansett
216 1276 32 26 sig
263 1275 64 21 hafva
345 1276 108 26 garantier
472 1276 34 20 för
525 1282 27 14 en
571 1276 66 26 högre
655 1275 65 26 insigt
738 1274 26 27 pä
782 1274 69 28 grund
866 1273 25 22 af

66 1309 42 21 den
123 1310 160 27 vetenskapliga
302 1310 102 26 bildning,
423 1316 45 14 som
489 1310 59 21 detta
566 1310 62 20 ständ
648 1309 102 21 särskildt
764 1309 38 21 bör
818 1314 70 20 repre-

67 1345 92 20 sentera.
190 1338 101 33 Återigen
306 1344 7 21 i
328 1344 163 26 bondeståndet,
510 1344 86 21 hvilken
616 1344 151 26 inskränkning
786 1343 39 21 har
840 1349 48 14 man

66 1377 47 22 icke
128 1378 38 22 der
182 1378 57 27 gjort
253 1379 33 21 för
301 1380 31 20 att
347 1378 80 27 utvälja
443 1385 25 15 en
484 1384 69 21 grupp
569 1378 22 21 af
600 1384 100 21 personer
711 1384 25 14 ur
747 1376 141 22 landtbefolk-

69 1412 85 27 ningen,
170 1418 44 15 som
231 1413 68 21 skulle
315 1414 149 25 representera
480 1413 40 21 den
536 1412 101 27 politiska
655 1412 128 21 stabiliteten
804 1411 39 21 och
858 1411 31 21 in-

67 1447 84 26 sigten?
167 1447 50 21 Med
227 1448 135 21 uteslutande
377 1447 23 21 af
414 1447 43 21 alla
473 1448 66 20 andra
550 1453 107 21 personer,
669 1453 44 15 som
724 1447 86 20 tillhöra
820 1445 69 21 landt-

67 1481 158 27 befolkningen,
241 1481 63 22 hafva
319 1482 76 21 endast
409 1488 65 20 egare
490 1482 23 21 af
526 1482 7 21 i
549 1481 79 22 mantal
644 1483 42 19 satt
698 1481 49 26 jord
762 1482 42 19 rätt
814 1481 32 19 att
856 1481 33 19 ut-

69 1515 49 22 öfva
134 1517 95 25 rösträtt,
245 1516 39 21 och
299 1516 26 21 de
341 1517 52 25 göra
409 1516 36 21 det
459 1516 54 26 icke,
530 1516 70 21 såsom
616 1515 49 21 herr
680 1515 71 21 Taube
760 1513 91 28 yttrade,
863 1519 26 15 en
