1092 1725
217 103 52 37 1844
484 102 47 40 ry
533 102 51 40 atdat.
589 106 48 25 VÄG.
656 109 31 22 "28
691 109 45 26 VR.

195 180 133 28 briksegare,
346 176 319 60 jurnvägsbygghatsstyrelser
675 182 58 22 eller
747 186 70 17 annan
830 179 191 30 fackmyntighet*,

195 207 30 24 dä
240 210 36 21 det
292 209 61 23 torde
368 216 51 16 vara
430 210 82 22 bekant
522 211 32 21 att
563 210 64 22 dessa
637 209 162 23 vederbörande
805 209 96 28 basjälas
912 210 23 22 af
939 210 83 22 samma

197 238 66 22 motiv
278 243 46 17 som
339 240 167 25 reservaniterne,
518 238 106 28 nemfigen
635 241 32 19 att
675 239 36 21 till
718 244 29 16 en
758 237 95 28 aflägsen
868 238 87 22 framtid
967 244 55 21 upp-

194 265 76 29 skjuta
282 267 45 21 alla
342 266 158 28 önskningsmäl
514 268 8 20 i
538 266 64 23 dessa
617 267 121 27 afseenden,
755 266 24 22 sä
789 268 33 20 att
831 267 71 27 någon
911 267 111 27 möjlighet

194 295 35 21 till
245 295 63 22 deras
323 295 168 27 tillgodoseende
506 295 47 23 icke
569 298 24 19 är
609 298 32 20 att
654 296 105 22 förvänta.

266 323 61 22 Hvad
349 324 65 22 sedan
436 324 76 28 sjelfva
530 324 66 22 saken
615 324 107 27 beträffar,
741 324 24 22 sä
783 324 90 21 förneka
890 324 49 22 icke
954 324 67 22 heller

195 354 163 20 reservanterne
378 353 35 21 det
431 353 134 27 berättigade
584 353 70 22 deruti
669 355 37 24 att,
722 354 39 20 när
776 353 6 21 i
818 353 27 21 Åbo
861 352 40 22 den
917 353 7 21 i
939 353 81 21 framti-

194 380 43 23 den
255 380 103 28 pätänkta
376 382 166 21 industriskolan
561 382 96 26 inrättas,
677 381 63 22 äfven
757 380 72 23 finska
846 381 88 21 talande
949 382 71 21 elever

196 410 53 21 böra
266 410 22 21 få
306 409 86 23 tillfälle
410 412 31 20 att
459 410 38 22 der
515 410 82 27 åtnjuta
616 410 159 27 undervisning,
794 415 48 17 men
861 410 27 21 de
906 410 89 21 hänvisa
1012 410 7 21 i

194 438 62 22 detta
270 437 101 23 afseende
386 439 33 21 till
433 439 138 27 regeringens
586 439 91 27 försorg.
706 439 66 21 Detta
787 440 25 20 är
827 444 26 16 en
869 438 67 22 under
951 438 68 22 denna

195 466 103 28 landtäag
313 467 45 21 ofta
373 468 78 21 anlitad
467 469 65 26 utväg
547 469 32 20 att
593 467 56 22 afslä
663 468 116 27 petitioner
794 467 33 21 till
838 467 83 21 förmån
935 466 34 22 för
983 467 36 21 det

194 494 71 23 finska
283 496 93 27 språket.
406 496 50 22 Man
474 496 39 28 har
530 496 57 22 visat
605 496 33 28 sig
656 496 117 28 synnerligt
789 496 96 27 benägen
900 497 31 20 att
947 490 75 38 hvarje

195 524 57 27 gäng
270 524 72 28 dylika
361 525 157 27 önskningsmäl
538 525 130 21 framställas
683 524 116 28 hänskjuta
814 524 48 22 dem
877 524 33 22 till
926 524 93 27 regerin-

195 558 48 22 gen.
267 552 41 29 Jag
323 555 24 19 är
362 554 118 21 emellertid
495 553 125 28 öfvertygad
636 554 72 21 derom
723 555 38 25 att,
772 554 7 20 i
789 553 102 21 händelse
903 553 46 21 åter
957 553 62 21 dessa

195 582 159 27 Önskningsmä!
377 582 69 22 skulle
469 583 38 21 hos
530 583 125 26 regeringen
678 582 139 27 framställas,
841 582 26 21 de
889 582 39 21 hos
951 582 68 21 denna

193 610 73 22 skulle
288 613 52 19 röna
362 610 49 28 föga
432 611 92 27 benäget
541 611 137 27 mottagande
696 613 57 19 samt
771 612 33 19 att
818 611 125 26 regeringen
959 610 13 21 å
986 611 32 20 sin

193 638 49 22 sida
264 639 122 28 antagligen
405 639 68 22 skulle
493 640 70 21 säsom
582 639 46 22 skäl
642 639 35 22 för
691 639 94 27 afslaget
800 639 80 26 anföra,
897 641 31 19 att
943 639 75 27 frägan

193 668 58 21 varit
269 667 46 22 före
334 668 56 21 inom
407 669 204 26 representationen,
625 674 49 16 men
689 668 48 22 icke
753 668 39 21 der
806 668 75 21 vunnit
895 667 123 22 understöd.

194 695 39 22 Ett
248 697 76 20 sådant
338 697 154 27 hänskjutande
506 697 34 21 till
556 697 125 26 regeringen
697 698 26 20 är
737 696 92 22 sälunda
844 696 76 22 endast
929 698 32 19 ett
971 701 48 22 syn-

193 725 98 27 nerligen
306 725 100 27 begvämt
420 727 43 20 sätt
477 727 32 20 att
524 725 69 28 slippa
607 725 48 22 från
671 725 72 22 saken.

263 753 61 22 Hvad
341 753 47 22 åter
402 754 147 27 polytekniska
564 754 107 21 institutet
684 753 111 27 beträffar,
810 753 25 22 sä
849 753 37 21 vill
900 753 37 28 jag
947 753 33 22 till
991 759 26 16 en

192 781 77 28 början
290 781 122 28 framhälla,
435 784 31 19 att
487 783 106 21 utskottet
611 783 47 21 icke
677 789 37 15 ens
729 782 113 27 föreslagit
860 782 121 21 inrättande
996 781 23 22 af

192 811 182 26 parallelklasser,
394 813 44 19 mot
451 811 75 21 hvilka
541 811 50 21 herr
607 811 128 22 Gummerus
750 811 96 21 uttalade
862 811 38 26 sig,
916 812 50 19 utan
982 816 35 15 en-

195 839 49 21 dast
261 839 79 21 uttalat
358 839 41 21 den
418 839 86 27 önskan,
524 841 31 20 att
570 840 71 21 elever
656 840 47 20 med
719 839 84 21 finskan
818 839 33 21 till
867 839 128 21 modersmål
1010 839 7 21 i

190 866 115 28 jembredd
321 868 48 21 med
384 868 26 21 de
426 868 90 21 svenska
531 868 100 21 eleverna
645 868 70 21 skulle
730 868 23 21 få
768 868 83 26 åtnjuta
866 867 152 27 undervisning

194 895 28 27 pä
237 896 38 21 sitt
290 896 134 22 modersmål.
453 897 65 21 Detta
532 896 42 22 kan
587 896 86 28 mycket
687 896 35 22 väl
741 896 39 22 ske
798 898 52 19 utan
865 898 32 19 att
912 896 105 21 särskilda

192 924 227 28 parallelafdelningar
436 925 96 21 inrättas.
561 925 11 21 I
591 925 38 21 sitt
642 924 81 28 försök,
739 926 32 20 att
785 924 58 22 finna
858 924 65 21 motiv
937 924 34 21 för
986 926 31 19 att

193 954 103 20 motsätta
318 953 32 27 sig
373 953 58 22 detta
452 954 116 21 utskottets
591 954 116 26 uttalande,
727 953 64 22 hafva
809 954 162 20 reservanterne
986 953 32 21 in-

193 981 81 21 nästlat
288 982 33 26 sig
339 982 3 21 i
358 982 145 27 motsägelser.
533 982 32 22 De
580 982 54 21 söka
647 982 34 22 till
697 988 27 16 en
739 982 77 26 början
831 981 132 27 ädagalägga
977 981 40 21 hu-

193 1016 73 15 rusom
283 1010 67 22 redan
367 1010 35 21 för
420 1011 132 21 närvarande
569 1010 111 28 möjlighet
694 1010 33 22 till
743 1010 140 22 bedrifvande
899 1010 24 21 af
936 1010 81 21 studier

191 1038 64 22 äfven
274 1038 34 22 för
326 1039 54 26 dem,
400 1044 45 16 som
464 1039 89 21 kommit
570 1039 46 21 frän
634 1039 70 21 finska
726 1038 107 26 läroverk,
851 1038 116 22 förefinnes
985 1038 31 22 uti

190 1067 152 27 polytekniska
356 1068 112 26 institutet,
484 1074 48 15 men
547 1068 74 21 anföra
636 1068 6 20 i
658 1068 66 21 slutet
733 1067 24 21 af
767 1068 32 20 sin
811 1067 131 21 reservation
952 1067 65 21 huru-

192 1101 46 15 som
262 1096 117 27 synnerligt
401 1098 58 20 stora
480 1096 133 27 svärigheter
634 1096 70 22 skalle
727 1096 85 27 uppstä,
834 1095 47 21 ifall
899 1102 47 14 man
965 1095 50 21 ville

192 1124 104 21 realisera
315 1131 25 15 en
359 1124 65 22 sädan
444 1125 115 27 möjlighet,
579 1125 36 21 det
633 1124 36 22 vill
689 1126 52 26 säga
760 1126 53 25 göra
829 1124 35 21 det
878 1124 33 21 till
928 1124 41 27 lag,
985 1125 32 20 att

191 1152 28 21 de
233 1152 70 22 finska
317 1153 87 22 talande
418 1153 90 22 likasom
524 1153 27 22 de
566 1153 91 22 svenska
672 1154 87 21 talande
775 1153 56 26 finge
847 1153 82 26 ätnjuta
938 1153 78 21 under-

192 1181 85 27 visning
291 1181 7 22 i
314 1182 36 21 det
365 1182 147 27 polytekniska
526 1182 113 21 institutet.
667 1181 76 22 Denna
757 1181 130 27 motsägelse
903 1181 115 27 ädagaläg--

190 1215 40 21 ger
244 1215 47 16 mer
304 1212 27 19 än
347 1210 41 26 väl,
402 1211 56 21 huru
472 1211 49 21 sökt
536 1212 172 20 reservanternes
724 1210 129 26 motivering
867 1211 25 19 är
907 1209 38 22 och
960 1209 55 22 huru

191 1237 51 28 föga
261 1239 48 20 stöd
329 1239 40 21 den
387 1239 61 21 hari
464 1239 153 27 verkligheten.
647 1239 106 27 Slutligen
768 1238 43 21 kan
824 1238 38 27 jag
875 1238 48 21 icke
939 1238 76 21 under-

191 1266 45 21 låta
251 1268 32 20 att
297 1267 68 21 uttala
380 1268 42 20 min
438 1267 112 27 förvåning
565 1267 104 27 deröfver,
681 1269 32 20 att
723 1272 83 17 samma
815 1272 110 22 personer,
936 1266 78 27 hvilka,

190 1294 29 21 dä
238 1295 37 21 det
292 1295 62 27 gälde
373 1295 75 28 frägan
467 1302 33 15 om
520 1296 120 21 inrättande
658 1296 23 21 af
698 1295 166 22 handelsskolor
881 1295 49 21 med
951 1294 65 22 finskt

190 1323 236 28 undervisningsspräk,
449 1326 100 19 motsatte
568 1325 33 26 sig
619 1330 25 16 en
663 1324 91 27 petition
774 1324 74 21 derom
867 1323 23 22 af
907 1323 36 22 det
961 1323 54 27 skäl,

188 1352 35 21 att
241 1352 42 21 den
302 1352 65 27 högre
385 1352 205 27 bandelsafdelning,
609 1358 46 16 som
673 1353 7 21 i
695 1353 116 21 framtiden
826 1352 97 21 kommer
938 1353 32 20 att
984 1352 31 21 in-

190 1381 68 20 rättas
278 1381 6 21 i
303 1375 53 32 Äbo,
375 1381 120 27 antagligen
514 1381 69 22 skulle
599 1381 134 27 organiseras
750 1381 31 26 sä,
797 1381 32 20 att
844 1381 40 20 den
899 1379 116 28 finsksprä-

187 1408 54 28 kiga
259 1409 163 28 befolkningens
441 1410 91 21 intresse
550 1409 61 22 äfven
631 1410 70 21 skulle
719 1410 106 26 tillgoses,
841 1410 38 25 att,
895 1411 62 24 säger
970 1409 44 27 jag,

190 1442 82 17 samma
294 1444 108 21 personer,
424 1438 73 21 hvilka
518 1438 87 27 afslagit
623 1438 116 27 petitionen
756 1442 35 17 om
807 1437 165 22 handelsskolan
987 1437 28 27 pä

189 1465 71 22 denna
278 1466 75 28 grund,
372 1466 73 28 sedan,
464 1467 28 21 dä
510 1467 37 21 det
564 1467 69 27 gäller
651 1472 26 16 en
692 1466 101 22 anhällan
810 1472 34 15 om
860 1468 31 19 att
905 1465 36 22 vid
956 1465 59 28 poly-

187 1494 102 23 tekniska
306 1496 108 21 institutet
432 1495 85 22 tillfälle
532 1495 33 21 till
579 1494 152 28 undervisning
762 1495 13 21 pä
789 1494 70 22 finska
873 1494 66 22 måtte
954 1494 61 21 bere-

186 1521 48 28 das,
251 1524 47 21 icke
314 1530 22 15 se
352 1524 32 27 sig
399 1523 137 22 förhindrade
552 1526 31 19 att
597 1523 55 22 afslä
666 1524 62 21 äfven
760 1529 56 16 denna
830 1523 96 28 petition.
949 1523 66 21 Detta
