1092 1961
210 96 50 34 1256
472 98 98 34 Bergarest.
582 98 50 34 1885.
644 98 22 34 18
677 102 40 24 Maj.

188 173 14 22 å
220 173 38 22 rad
272 173 68 22 under
354 173 58 22 förra.
425 173 81 22 hälften
522 173 24 22 af
559 173 122 27 september
695 171 84 22 månad.
804 169 68 22 Dessa
887 168 119 27 värneplig-

188 201 44 28 tige
253 201 71 22 kunna
343 201 83 23 således
440 202 47 21 icke
502 201 47 22 före
565 202 69 21 denna
648 201 43 21 tids
706 199 79 28 utgång
801 199 77 26 antaga
893 197 65 27 tjenst
971 196 35 22 för

189 230 126 22 kommande
330 230 73 27 legoår
417 231 38 21 och
469 230 69 22 blifva
550 230 122 27 derigenom
688 229 102 27 möjligen
805 229 50 20 utan
871 226 105 27 årstjenst.

258 259 120 22 Utskottets
398 259 209 27 resolutionsförslag
629 258 46 21 blef
694 257 53 22 härå
773 255 23 22 af
817 255 84 22 ståndet
923 253 85 23 oförän-

190 287 64 22 dradt
268 287 114 27 godkändt.

261 361 119 27 Föredrogs
396 361 37 22 och
449 355 124 39 godkändes
586 359 52 23 utan
654 359 132 23 diskussion:

263 390 39 21 1:0.
317 390 54 26 Lag-
394 390 37 22 och
453 389 214 26 ekonomiutskottets
688 388 135 28 betänkande
838 392 33 16 n:o
887 386 12 22 8
914 386 7 21 i
937 386 73 21 anled-

194 418 51 27 ning
267 418 23 21 af
311 419 31 20 ett
362 418 34 22 till
416 417 162 26 bondeståndet.
593 418 88 28 ingifvet
699 415 183 30 petitionsförslag
901 414 110 28 angående

194 446 148 27 medgifvande
357 446 23 22 af
393 448 42 20 rätt
448 447 33 21 till
497 445 83 29 ökande
595 446 23 22 af
631 446 158 27 ängsskiftenas
805 444 60 22 antal
878 443 35 21 vid
923 443 87 27 anlägg-

194 475 52 27 ning
261 475 23 21 af
296 475 215 27 nybyggeshemman;
801 493 2 3 e
840 480 14 9 &

264 504 40 21 2:0.
319 503 54 22 Lag-
387 503 39 24 och
441 503 214 23 ekonomiutskottets
669 502 136 22 betänkande
813 507 34 15 n:o
857 501 13 21 9
881 501 7 20 i
897 500 114 27 anledning

196 531 23 22 af
240 533 77 21 tvenne
338 532 33 21 till
393 532 154 22 bondeståndet
569 531 118 22 inlemnade
702 529 185 29 petitionsförslag
902 528 110 27 angående

196 561 158 26 skattläggning
369 560 39 22 och
422 560 185 28 mantalssättning
622 560 23 21 af
657 560 128 26 kronotorp;
802 560 55 20 samt

265 589 39 22 3:0.
325 589 53 27 Lag-
393 589 38 22 och
449 589 213 22 ekonomiutskottets
677 587 135 23 betänkande
827 592 34 15 n:o
878 587 26 20 13
918 586 8 21 i
940 585 73 22 anled-

197 618 51 27 ning
270 617 24 22 af
314 619 30 20 ett
359 618 33 21 till
406 618 154 21 bondeständet
574 617 116 22 inlemnadt
704 615 185 29 petitionsförslag
903 614 108 27 angäende

196 646 111 21 införande
328 646 24 29 af
372 645 75 23 sädant
468 647 75 26 tillägg
565 646 33 21 till
621 644 186 27 kammarkollegii
830 643 125 27 kungörelse
971 643 42 21 den

198 675 54 21 1:sta
273 674 93 22 februari
386 673 60 28 1808,
461 676 31 20 att
507 674 159 22 vederbörande
681 674 132 27 tjenstemän
825 672 38 21 och
879 670 134 23 embetsverk

197 702 73 28 borde,
293 703 35 21 vid
349 703 126 21 utfärdande
497 702 24 22 af
541 703 151 27 expeditioner,
715 702 74 22 hvilka
810 702 51 20 röra
881 700 131 25 kommuner,

197 731 101 27 derjemte
320 731 97 22 tillställa
438 732 125 27 fullständig
581 730 85 23 afskrift
684 730 23 23 af
721 731 111 21 desamma
847 728 22 22 ät
883 728 129 22 kommunal-

196 762 115 19 stämmans
327 759 131 23 ordförande.

265 828 120 27 Föredrogs
403 828 107 22 allmänna
527 828 204 22 besvärsutskottets
750 827 83 26 förslag
855 826 32 21 till
909 831 104 15 samman-

195 856 109 28 jemkning
323 856 23 22 af
362 857 99 21 ständens
482 856 123 28 skiljaktiga
626 856 71 22 beslut
715 856 7 21 i
741 856 62 26 fråga
822 859 34 17 om
876 854 50 22 dess
941 854 73 21 betän-

197 885 70 21 kande
281 891 35 15 n:o
332 886 26 20 16
372 885 49 22 med
435 886 114 26 anledning
564 886 23 21 af
600 887 31 20 ett
644 884 57 22 inom
717 883 180 28 borgareständet
906 882 61 22 väckt
977 888 38 21 pe-

197 913 155 27 titionsförslag
366 914 108 27 angående
489 914 101 27 rättighet
604 913 33 22 för
652 914 70 21 lärare
738 913 40 21 och
794 911 120 22 lärarinnor
923 910 35 22 vid
972 910 42 27 pri-

199 944 50 20 vata
256 942 98 21 läroverk
362 944 32 20 att
400 942 156 27 tillgodoräkna
563 942 103 27 tjensteär
673 942 34 21 för
717 940 126 23 erhållande
853 940 23 21 af
885 939 93 27 pension.

266 970 81 21 Härvid
362 971 82 27 yttrade
460 972 32 25 sig
506 971 93 26 följande
614 971 77 20 talare:

266 999 56 21 Herr
333 998 102 22 Heikel:
445 999 42 27 Jag
497 999 80 22 tilläter
587 999 42 26 mig
641 999 79 21 föreslä
731 1000 33 19 att
775 996 183 27 borgareständet,
966 995 50 22 med

199 1027 99 22 afseende
314 1027 52 22 derä
379 1029 32 20 att
425 1027 7 22 i
444 1027 72 22 landet
529 1027 68 22 finnas
610 1027 83 27 privata
703 1026 107 25 läroverk,
821 1024 128 27 exempelvis
964 1023 51 22 han-

200 1055 125 27 delsskolor,
341 1056 73 21 hvilka
427 1056 46 21 icke
488 1056 34 21 stä
536 1057 67 20 under
619 1055 178 28 öfverstyrelsens
815 1053 34 22 för
866 1052 149 22 skolväsendet

199 1084 107 27 inseende,
322 1090 47 15 men
383 1085 34 20 för
431 1084 83 21 hvilkas
528 1084 107 22 förkofran
651 1085 36 20 det
702 1089 52 16 vore
769 1083 25 21 af
807 1083 46 26 vigt
867 1083 32 20 att
917 1081 26 22 de
961 1081 57 20 lära-

200 1119 30 19 re,
253 1119 44 14 som
320 1112 98 28 fullgjort
434 1113 221 27 kompetensvilkoren
673 1113 33 21 för
724 1111 139 27 läraretjenst
881 1110 35 21 vid
935 1111 81 20 statens

201 1141 79 26 skolor,
295 1140 54 27 finge
364 1141 110 22 enahanda
488 1141 82 22 förmän
589 1141 6 21 i
614 1141 101 22 afseende
733 1141 14 21 &
761 1139 117 28 tjensteärs
893 1137 126 27 beräkning,

200 1175 45 16 som
262 1169 22 21 af
296 1169 105 22 utskottet
415 1170 121 27 föreslagits
555 1169 32 22 för
606 1170 69 21 lärare
693 1169 40 22 och
749 1168 122 22 lärarinnor
885 1167 35 21 vid
935 1166 82 27 privata

200 1198 222 27 elementarläroverk,
436 1198 50 21 ville
501 1198 86 27 inbjuda
598 1199 25 20 de
634 1198 69 27 öfriga
712 1197 92 22 ständen
815 1197 33 20 att
857 1195 74 22 förena
941 1195 32 26 sig
983 1200 35 15 om

200 1226 188 27 borgareständets
403 1227 75 26 beslut,
494 1229 32 19 att
539 1227 8 20 i
562 1227 114 21 utskottets
694 1227 58 20 kläm
768 1225 77 27 utbyta
859 1224 66 21 orden
940 1223 78 27 ,under

200 1255 100 21 inseende
316 1255 22 21 af
352 1255 164 27 öfverstyrelsen
530 1255 33 21 för
581 1255 161 22 skolväsendet"
760 1255 47 20 mot
825 1252 79 28 under
918 1251 100 22 inseende

200 1283 23 22 af
236 1283 95 27 offentlig
346 1283 138 27 myndighet".

268 1311 81 21 Herrar
363 1311 68 22 Lille
446 1312 38 21 och
504 1311 129 27 Tallgvist
648 1310 146 22 understödde
810 1310 51 21 herr
874 1308 84 22 Heikel.

269 1340 56 21 Herr
338 1340 126 21 Neovius:
478 1340 50 27 Jag
547 1340 33 21 för
597 1340 43 21 min
659 1340 34 21 del
712 1339 59 21 inser
787 1337 132 27 fullkomligt
933 1336 36 22 det
983 1336 38 22 be-

201 1368 106 27 rättigade
322 1368 31 21 uti
368 1368 50 22 herr
431 1368 88 22 Heikels
534 1368 80 27 förslag
629 1368 39 21 och
682 1367 69 23 finner
766 1367 39 21 det
819 1366 28 28 pä
862 1366 39 21 allt
919 1367 42 19 sätt
975 1370 44 16 mo-

201 1396 93 22 tiveradt
308 1396 7 22 i
330 1396 80 28 sakligt
423 1396 126 27 hänseende,
565 1403 47 15 men
625 1396 38 27 jag
680 1399 45 19 tror
744 1395 58 22 dock
820 1396 33 20 att
867 1400 26 16 en
908 1394 64 21 sädan
987 1394 33 20 in-

201 1424 103 28 bjudning
318 1425 101 27 möjligen
431 1425 70 22 kunde
516 1426 48 21 leda
579 1424 78 22 derhän
667 1426 32 20 att
709 1424 50 22 hela
769 1424 69 21 saken
849 1422 68 22 skulle
927 1422 94 22 förfalla.

201 1453 43 22 Det
264 1456 25 19 är
310 1454 48 21 med
380 1456 46 19 stor
444 1454 113 27 svärighet,
576 1460 44 15 som
639 1453 106 21 härintills
763 1452 85 21 kunnat
863 1451 157 21 ästadkommas

200 1483 78 21 tvenne
293 1482 73 22 ständs
382 1482 107 28 samtycke
504 1482 32 22 till
555 1482 58 22 detta
631 1480 307 28 sammanjemkningsförslag.
968 1476 52 23 Pre-

201 1510 119 22 steständet
334 1512 100 20 motsatte
450 1511 32 27 sig
500 1511 36 21 det
553 1510 150 28 ursprungliga
717 1508 248 25 utskottsbetänkandet,
981 1506 39 22 och
