1092 1723
227 96 48 33 1060
504 102 90 23 Borgarest.
607 103 43 20 1885.
672 102 13 20 9
697 103 39 23 Maj.

202 170 70 21 skulle
287 170 27 27 på
328 171 58 22 detta
402 173 42 20 sätt
458 172 66 21 blifva
539 172 24 23 så
578 173 51 27 godt
645 179 44 16 som
705 175 94 25 tvungna
813 174 32 20 att
856 173 50 26 ingå
917 173 28 26 på
956 173 65 21 inrät-

202 199 65 21 tande
284 199 23 21 af
320 199 207 28 kommunalskogar.
556 201 50 22 Men
621 201 59 22 detta
694 202 39 21 har
748 201 105 22 utskottet
871 201 19 27 ej
909 201 56 22 velat
979 201 42 22 för-

203 227 59 22 orda.
292 228 42 27 Jag
349 228 37 22 ber
402 229 70 22 derför
486 229 22 21 få
527 229 80 22 föreslå
625 232 32 19 att
674 230 115 22 utskottets
807 229 134 22 betänkande
956 230 65 21 måtte

201 256 74 27 läggas
290 257 32 20 till
338 257 67 28 grund
420 257 33 22 för
468 257 154 23 diskussionen.

272 285 55 21 Herr
351 285 104 22 Öhman:
478 286 73 22 Ehuru
574 287 159 22 statsutskottet
754 287 31 21 uti
803 287 50 21 dess
871 287 33 21 till
923 287 98 27 samtliga

202 313 64 21 stånd
282 313 39 22 den
340 315 26 20 14
384 320 56 15 mars
458 314 80 27 afgifna
556 315 111 22 skrifvelse
687 316 78 21 uttalat
783 315 33 27 sig
834 315 87 26 derhän,
941 317 30 20 att
986 315 36 22 det

202 343 72 20 ansett
288 341 73 28 frågan
378 349 32 15 om
429 343 212 28 kommunalskogars
659 344 120 21 inrättande
797 343 14 22 å
828 343 193 28 donationsgodsen

202 376 52 15 vara
271 369 23 22 af
308 371 39 20 den
367 371 114 28 betydelse,
496 374 32 19 att
543 373 122 21 densamma
680 373 19 26 ej
717 373 68 21 borde
803 373 81 20 lemnas
903 374 50 19 utan
967 373 54 21 afse-

204 399 60 25 ende,
281 401 54 19 samt
350 400 48 21 med
412 401 114 26 anledning
544 401 63 21 deraf
622 401 90 21 anhållit
729 403 33 20 att
777 401 114 21 ständerna
905 401 50 21 ville
969 407 52 21 upp-

204 427 68 26 draga
294 427 22 21 åt
334 428 44 27 lag-
398 429 37 20 och
455 429 202 22 ekonomiutskottet
675 431 33 20 att
725 429 7 22 i
753 429 112 26 skrifvelse
882 429 34 21 till
934 431 87 20 statsut-

205 455 81 22 skottet
307 456 79 27 afgifva
407 458 97 26 yttrande
524 458 6 21 i
549 458 81 27 frågan,
649 464 62 21 synes
729 458 44 27 mig
792 457 53 22 dock
863 458 158 21 statsutskottet

205 484 35 21 vid
270 485 195 27 slutbehandlingen
492 486 23 21 af
538 486 145 27 föreliggande
708 487 79 26 nådiga
811 486 131 27 proposition
968 487 53 26 tagit

207 513 25 20 så
250 513 51 26 godt
323 519 44 16 som
385 514 63 27 ingen
466 515 79 27 hänsyn
564 515 33 22 till
616 515 110 27 lösningen
745 515 24 21 af
786 515 75 26 denna,
879 515 24 21 af
918 515 103 21 utskottet

205 541 59 22 förut
279 542 68 21 såsom
363 543 147 27 betydelsefull
525 543 119 22 benämnda
659 543 66 28 fråga.
751 543 37 22 Uti
799 545 31 20 ett
839 543 28 27 på
881 544 23 21 10
911 543 70 22 rader
991 543 30 22 af-

206 569 79 22 fattadt
299 571 107 22 utlåtande
421 572 6 21 i
442 571 73 28 frågan
531 572 79 21 uttalar
624 572 104 22 utskottet
742 572 126 27 visserligen
883 573 31 20 att
924 572 36 21 det
970 578 50 15 vore

205 598 84 27 mycket
311 599 92 27 önskligt
424 600 38 21 och
481 601 78 27 nyttigt
575 603 32 19 att
625 601 202 26 kommunalskogar
847 601 117 21 inrättades
982 600 39 22 och

206 629 62 25 säger
283 627 68 22 tillika
366 630 31 19 att
414 629 119 21 inrättande
552 629 23 21 af
593 629 79 22 sådana
691 629 78 27 skogar
784 629 19 27 ej
819 629 66 21 borde
904 629 116 27 uppställas

204 655 70 22 såsom
290 656 69 21 vilkor
373 657 33 21 för
420 657 146 27 medgifvande
582 657 23 22 af
619 658 107 21 lättnader
741 658 23 21 åt
777 657 166 22 landbönderna.
971 657 50 22 Men

205 684 59 21 detta
279 686 23 19 är
317 685 64 21 också
395 685 39 22 allt
445 686 55 21 hvad
514 687 105 21 utskottet
633 688 66 26 yttrat
713 687 6 21 i
735 686 50 22 hela
799 686 69 21 denna
883 686 66 27 fråga.
973 686 47 21 Den

204 715 86 18 senaste
305 713 87 26 talaren,
407 714 49 21 herr
472 713 81 28 Heikel,
568 715 73 27 tyckes
656 721 50 15 anse
721 717 32 19 att
769 715 26 21 de
811 714 88 27 förslag,
911 720 44 16 som
965 714 55 21 före-

204 741 68 21 finnas
288 741 6 21 i
310 742 44 27 lag-
369 742 37 22 och
422 743 213 22 ekonomiutskottets
651 743 32 22 till
699 743 159 22 statsutskottet
869 743 80 27 afgifna
959 742 62 22 skrif-

204 770 66 26 velse,
286 770 68 22 skulle
370 771 70 22 blifvit
454 772 23 21 af
492 772 159 22 statsutskottet
666 773 5 20 i
691 772 65 28 öfrigt
774 771 122 27 föreslagna
914 772 33 21 till
962 773 58 20 anta-

204 799 75 26 gande.
301 799 64 21 Detta
382 800 40 21 kan
436 800 36 27 jag
487 800 19 27 ej
521 800 57 22 finna
593 807 50 15 vara
659 800 66 22 fallet.
752 800 165 22 Statsutskottet
930 800 90 21 föreslår

203 826 48 22 icke
266 828 128 26 antagandet
408 828 23 21 af
444 829 44 27 lag-
503 829 38 21 och
553 829 214 22 ekonomiutskottets
779 828 82 27 förslag
871 828 94 22 hvarken
976 828 45 22 del-

203 855 32 22 vis
251 855 53 22 eller
321 856 45 22 helt
384 857 38 22 och
441 857 71 22 hållet.
541 858 62 21 Hade
621 858 160 21 statsutskottet
799 857 47 22 haft
865 857 59 22 detta
943 856 32 22 för
989 856 31 22 af-

204 884 48 27 sigt,
268 884 24 21 så
308 885 53 22 hade
376 886 33 21 väl
425 887 103 22 utskottet
543 887 63 20 bordt
624 886 116 22 formulera
758 886 82 27 förslag
858 886 33 21 till
910 886 27 21 de
954 885 66 22 kläm-

203 919 47 14 mar
271 913 129 22 beträffande
419 915 211 26 kommunalskogars
651 915 128 26 inrättande,
799 920 45 15 som
863 914 66 21 borde
947 914 48 27 ingå
1013 915 8 20 i

203 941 125 22 ständernas
347 948 48 15 svar
413 943 27 26 på
460 943 39 21 den
518 943 77 27 nådiga
617 943 165 27 propositionen.
813 943 30 27 Ty
862 943 71 21 såsom
955 943 65 21 saken

202 975 30 15 nu
247 970 45 21 står
307 971 94 21 kommer
415 971 34 22 väl
465 972 59 21 detta
538 972 44 27 lag-
597 972 39 21 och
648 971 216 22 ekonomiutskottets
875 971 98 27 yttrande
985 977 35 15 en-

201 998 50 21 dast
266 1000 32 20 att
313 999 73 27 läggas
401 1000 32 21 till
449 1000 150 27 handlingarne
615 1000 38 21 och
668 1001 46 21 icke
729 1000 112 21 föranleda
859 999 33 22 till
907 999 68 27 någon
990 999 31 22 vi-

202 1027 52 20 dare
270 1027 82 27 åtgärd.
381 1028 55 27 Lag-
450 1029 38 21 och
504 1029 203 21 ekonomiutskottet
721 1029 40 21 har
776 1028 47 21 icke
838 1028 7 21 i
861 1028 32 21 sin
909 1027 111 22 skrifvelse

201 1054 112 29 föreslagit
335 1058 31 19 att
388 1057 124 27 regeringen
535 1057 65 22 borde
623 1057 139 27 ovilkorligen
781 1059 54 24 göra
853 1056 128 27 beviljandet
999 1056 23 22 af

201 1083 100 27 samtliga
316 1085 120 26 föreslagna
454 1085 105 22 lättnader
578 1085 105 22 beroende
701 1085 23 22 af
741 1085 233 22 donationsböndernas
989 1085 31 21 bi-

200 1111 39 22 fall
254 1112 33 21 till
302 1113 119 22 inrättande
440 1113 24 22 af
480 1114 255 27 gemensamhetsskogar,
754 1116 51 19 utan
825 1115 91 20 tvärtom
931 1113 90 28 påyrkat

202 1141 32 20 att
249 1140 80 22 sådana
343 1141 65 22 måtte
424 1142 37 21 ske
480 1143 75 20 endast
568 1143 7 20 i
594 1143 25 21 de
635 1143 44 25 fall,
699 1143 26 20 då
740 1142 129 27 regeringen
884 1147 63 16 anser
963 1142 57 21 detta

200 1169 86 26 görligt.
316 1169 77 22 Vidare
412 1170 39 22 har
469 1171 44 26 lag-
532 1171 37 21 och
588 1171 204 22 ekonomiutskottet
809 1170 64 27 yrkat
887 1172 32 19 att
933 1171 86 20 senaten

200 1197 66 22 måtte
289 1198 136 27 bemyndigas
448 1201 32 19 att
501 1199 35 21 vid
558 1199 99 22 framtida
679 1199 64 28 inköp
765 1199 24 21 af
809 1198 212 27 donationslägenhet

200 1226 107 26 uppställa
322 1226 111 27 förbehåll,
453 1233 45 16 som
516 1228 147 27 möjliggjorde
682 1227 132 22 inrättandet
832 1227 23 21 af
871 1227 80 21 sådana
965 1233 55 15 sam-

199 1253 195 29 fällighetsskogar.
423 1255 128 28 Ytterligare
566 1256 39 21 har
624 1257 43 26 lag-
686 1256 38 21 och
740 1254 205 23 ekonomiutskottet
959 1255 61 27 yrkat

201 1284 33 19 att
249 1283 114 22 ständerna
378 1283 69 22 skulle
462 1285 67 20 uttala
544 1285 32 26 sig
595 1285 79 20 derhän
690 1286 32 20 att
737 1284 134 27 regeringen,
887 1283 91 22 förutom
995 1283 25 22 de

200 1311 108 22 lättnader
330 1312 34 21 för
385 1312 225 27 donationsbönderne,
629 1319 44 15 som
694 1313 71 21 blifvit
784 1312 23 22 af
824 1312 123 21 densamma
964 1311 55 22 före-

200 1339 75 27 slagna
291 1340 38 21 och
344 1341 72 21 hvilka
430 1341 157 22 statsutskottet
601 1341 109 28 tillstyrkt,
726 1341 67 22 måtte
809 1341 53 21 söka
874 1340 145 22 åstadkomma

200 1367 111 23 bildandet
326 1369 23 22 af
362 1369 232 28 samfällighetsskogar
611 1376 76 21 genom
707 1372 32 19 att
753 1369 109 27 medgifva
877 1369 79 21 sådana
971 1369 48 21 lätt-

200 1397 67 21 nader
286 1397 38 22 och
348 1397 125 28 eftergifter,
492 1400 31 20 att
540 1398 169 22 landtbönderna
726 1398 57 27 finge
803 1397 83 27 åtnjuta
904 1397 115 22 afkastnin-

200 1431 40 21 gen
257 1425 23 22 af
294 1426 78 28 skogen
393 1426 64 22 redan
476 1427 67 21 under
559 1427 181 27 inlösningstiden,
760 1426 110 22 äfvensom
889 1428 32 19 att
938 1426 81 21 kronan

200 1454 69 21 under
279 1454 57 22 vissa
346 1454 70 22 vilkor
427 1455 69 22 skulle
507 1455 129 22 öfverlemna
647 1456 26 21 de
684 1455 23 21 af
717 1456 69 21 henne
799 1454 136 28 undantagna
947 1454 72 27 skogs-

199 1482 114 22 markerna
328 1484 22 21 åt
364 1483 164 23 landbönderne.
557 1484 114 26 Angående
685 1484 102 26 samtliga
805 1483 63 21 dessa
887 1483 80 27 förslag
980 1482 39 22 bar

199 1511 159 23 statsutskottet
373 1511 46 22 icke
434 1512 40 22 alls
489 1512 76 22 uttalat
583 1513 38 26 sig.
650 1512 41 28 Jag
709 1512 69 22 finner
797 1512 59 21 detta
875 1517 52 16 vara
941 1517 25 15 en
982 1517 37 21 up-
