1089 1709
358 107 92 25 Burjarést.
461 108 45 21 1005.
525 103 27 36 20
565 103 42 36 Maj.
823 108 44 19 1351

137 180 56 21 Herr
215 179 152 23 Rönnbäck:
389 179 51 26 Jag
452 178 40 22 ber
514 178 76 22 endast
612 180 32 20 att
659 178 23 21 fä
696 177 130 23 understöda
841 177 51 22 herr

65 208 158 28 Schybergson.

138 236 70 22 Sedan
230 236 149 22 diskussionen
400 235 115 22 förklarats
538 235 101 27 afslutad,
658 234 114 29 uppstälde
787 234 49 22 herr
850 234 41 22 tal-

67 272 94 17 mannen
176 265 93 26 följande
284 264 285 27 omröstningsproposition:

137 293 40 27 De,
200 291 69 24 hvilka
289 293 51 28 vilja
357 295 75 25 antaga
447 292 164 27 presteständets
625 291 165 28 ifrågavarande
804 290 86 30 inbjud-

69 323 58 26 ning,
142 329 62 14 svara
215 322 36 27 ja;
267 322 30 26 de,
313 322 34 21 det
361 321 44 22 icke
419 321 57 27 vilja,
492 327 62 16 svara
569 320 47 28 nej;

138 351 73 21 vinner
233 350 39 27 nej,
291 350 40 21 har
344 350 84 22 ståndet
442 349 83 22 beslutit
540 349 71 28 afböja
625 349 153 28 inbjudningen
792 348 36 22 och
844 348 46 22 vid-

65 379 63 22 hålla
142 381 37 20 sitt
193 379 60 27 förut
267 379 8 20 i
289 379 63 22 saken
367 379 79 26 fattade
462 378 70 22 beslut.

139 409 33 21 Då
187 409 69 21 denna
269 408 132 27 proposition
416 407 129 22 besvarades
560 407 49 22 med
623 407 29 22 25
665 407 34 27 nej
711 407 39 21 och
760 407 28 22 22
796 407 29 27 ja,
836 406 54 28 hade

65 437 91 22 -ständet
177 437 84 22 således
283 436 89 23 beslutit
386 438 32 19 att
432 435 73 28 afböja
519 435 170 28 presteständets
705 435 140 22 omförmälda
860 435 31 21 in-

69 466 105 27 bjudning
189 467 56 20 samt
259 465 94 22 vidhålla
368 465 37 21 sitt
419 465 93 26 tidigare
527 465 7 21 i
549 464 89 22 ärendet
653 464 81 21 fattade
749 464 77 22 beslut.

139 581 121 26 Föredrogs
282 582 31 21 ett
331 580 48 22 från
393 579 157 22 bondeståndet
564 579 117 22 inkommet
696 578 195 29 protokollsutdrag

65 609 30 22 af
109 609 92 28 följande
217 609 91 28 lydelse:

141 655 94 28 jUtdrag
257 655 22 21 af
299 654 171 22 Bondeständets
492 655 114 27 protokoll,
629 649 87 26 fördt
707 645 15 42 &
730 653 161 27 Landtdagen
879 645 14 42 i

71 683 136 27 Helsingfors
223 684 39 21 den
279 683 26 22 18
320 683 44 27 Maj
382 683 60 22 1885.

140 723 120 27 Föredrogs
282 723 57 27 Lag-
361 723 36 21 och
411 722 215 22 Ekonomiutskottets
640 723 34 22 till
689 723 70 21 denna
774 723 40 26 dag
828 721 63 22 bord-

71 752 65 27 lagda
154 752 134 22 betänkande
302 758 34 16 n:o
351 752 14 22 5
380 752 7 21 i
402 751 115 28 anledning
532 751 24 22 af
568 752 60 22 Hans
643 751 122 31 Kejserliga
779 751 112 27 Majestäts

67 781 82 27 nådiga
171 781 131 27 proposition
323 787 34 15 n:o
381 781 26 21 19
426 781 110 27 angående
551 781 123 27 grunderna
688 780 34 22 för
736 780 106 27 reglering
857 779 34 21 för

66 805 175 58 FPresterskapets
264 809 92 27 aflöning
378 810 7 20 i
406 809 104 22 Finlands
533 809 246 27 evangelisk-lutherska
801 808 89 25 försam-

69 844 78 21 lingar.

140 867 122 22 Utskottets
284 866 220 27 författningsförslag
520 867 131 26 granskades
666 865 103 28 paragraf
782 866 33 21 för
830 871 61 22 para-

66 895 59 28 graf,
141 895 39 22 och
195 896 102 21 stannade
313 895 161 22 Bondeständet
489 895 74 22 dervid
578 895 7 21 i
600 895 94 27 följande
709 895 79 22 beslut:

155 924 10 27 8
190 925 18 25 1,
231 925 20 26 2,
266 925 20 24 3,
301 924 20 26 4,
337 924 20 26 5,
373 925 19 25 6,
408 925 20 25 7,
443 924 20 26 8,
480 924 20 26 9,
517 924 33 26 10,
567 924 32 26 15,
616 924 33 26 16,
667 924 32 26 17,
717 924 32 26 18,
766 924 32 27 19,
814 923 34 26 20,
860 923 30 22 21

66 952 46 21 och
133 953 28 21 22
184 954 87 25 antogos
290 952 67 27 enligt
371 953 117 21 utskottets
503 952 87 27 förslag,
606 952 54 22 dock
675 953 66 20 borde
756 953 68 21 nedan
839 958 53 21 upp-

73 981 92 21 räknade
181 981 93 27 språkfel
290 981 7 21 i
313 981 39 21 den
363 981 70 21 finska
444 983 72 20 texten
527 983 67 19 rättas
604 981 117 27 nemligen:
736 981 6 21 i
762 981 4 22 3
777 981 115 21 momentet

73 1009 12 22 1
108 1009 11 28 $
141 1009 70 22 skulle
233 1010 65 21 orden
316 1005 94 57 phdsssä
431 1009 56 22 tekee
505 1009 121 22 kirkollisen
639 1009 153 28 yhteiskunnan
806 1009 86 27 utbytas

69 1041 48 18 mot
132 1039 46 20 ovat
191 1038 78 27 yhtenä
283 1037 132 22 kirkollisena
429 1037 172 28 yhteiskuntana;

140 1067 7 21 i
170 1067 11 21 1
204 1068 116 20 momentet
335 1067 13 21 3
363 1067 12 27 8
390 1067 66 21 orden
470 1066 81 29 jyrinä,
568 1066 88 27 rahana,
671 1065 109 28 kauroina,
795 1065 61 22 voina
866 1065 26 28 ja

68 1094 80 22 kalana
162 1095 33 21 till
206 1095 89 28 jyvissä,
310 1095 94 26 rahassa,
419 1095 119 26 kauroissa,
554 1095 68 22 voissa
632 1095 27 27 ja
674 1094 92 27 kalassa;
888 1097 1 3 |

140 1124 6 21 i
162 1124 13 21 6
191 1123 11 28 &
218 1124 65 21 orden
298 1130 77 15 maana
389 1123 44 22 tahi
447 1124 82 21 rahana
540 1124 32 21 till
582 1130 84 15 maassa
676 1123 45 22 tahi
730 1123 97 26 rahassa;
838 1124 56 20 samt

141 1153 5 20 i
169 1152 14 21 8
206 1151 11 28 $
237 1153 66 21 orden
317 1152 73 21 muina
404 1152 194 22 luonnontuotteina
614 1152 27 28 pä
655 1153 15 21 4
685 1153 65 21 raden
766 1153 33 20 till
814 1151 80 22 muissa

65 1180 206 22 -luonnontuotteissa.
293 1181 38 22 och
353 1181 67 21 orden
440 1181 83 21 rahana
542 1180 45 22 tahi
601 1181 15 20 3
630 1181 62 28 $:ssä
706 1181 101 21 lueltuina
818 1187 75 20 parse-

66 1209 61 22 -leina
142 1209 33 22 till
191 1209 88 21 rahassa
293 1209 44 22 tahi
351 1211 14 19 3
380 1209 62 29 $:ssä
456 1209 129 22 lueteltuissa
598 1209 138 27 parseleissa;

142 1238 24 21 11
183 1237 11 28 8
210 1238 123 27 godkändes
348 1239 47 20 med
410 1238 26 21 sä
450 1238 93 28 lydande
558 1239 83 26 tillägg:

141 1265 75 28 Lösen,
231 1273 45 15 som
291 1266 64 28 enligt
368 1267 68 21 denna
452 1269 51 19 taxa
517 1267 113 27 uppbäres,
645 1266 54 22 skall
714 1265 133 29 ovilkorligen
862 1265 33 21 till

65 1294 99 28 -beloppet
178 1295 15 21 å
207 1295 40 21 den
261 1295 116 27 utfärdade
391 1296 145 26 expeditionen
552 1295 121 26 antecknas;

141 1324 27 21 12
191 1324 11 27 8
225 1326 76 25 antogs
323 1324 49 21 med
393 1324 27 22 38
439 1326 73 20 röster
526 1326 44 20 mot
587 1325 26 21 12
628 1324 67 22 sådan
711 1330 44 16 som
772 1323 122 27 landtdags-

67 1357 95 44 MAKEN
183 1352 87 22 Hoikka
292 1353 6 21 i
320 1353 49 21 dess
391 1353 33 21 till
439 1353 147 21 betänkandet
600 1353 76 27 fogade
692 1352 131 22 reservation
839 1352 55 22 före-

65 1381 80 26 slagit;
890 1382 2 2 :

141 1409 26 21 13
190 1410 11 27 &
224 1410 66 21 borde
306 1410 96 26 undergä
416 1410 42 22 den
475 1410 182 27 omformulering,
673 1416 45 15 som
734 1416 51 16 vore
801 1415 26 15 en
842 1408 53 27 följd

65 1437 30 21 af
109 1437 100 22 Ständets
224 1438 71 22 beslut
309 1438 131 22 beträffande
458 1439 28 21 12
501 1438 22 28 8;

141 1466 27 21 14
184 1466 11 28 &
211 1466 123 28 godkändes
348 1467 48 21 med
412 1469 31 19 ett
459 1467 208 27 tilläggsstadgande
683 1467 7 21 i
704 1467 77 21 sådant
791 1465 56 27 syfte
857 1466 39 25 att,

70 1494 9 21 i
102 1494 37 22 fall
162 1494 72 22 lands-
250 1496 39 20 och
305 1494 188 28 stadsförsamling
508 1496 142 20 tillsammans
664 1497 77 25 utgöra
756 1496 32 21 ett
802 1493 95 28 kyrkligt

65 1522 116 27 samhälle,
205 1524 41 21 den
269 1524 23 20 af
313 1524 63 21 dessa
394 1523 160 28 församlingar,
569 1530 45 15 som
630 1524 77 21 sådant
722 1524 84 25 önskar,
821 1524 25 20 är
860 1522 37 22 be-
