1089 1720
365 112 92 23 Borgarest.
468 113 44 19 1885.
536 113 12 19 11
560 113 39 23 Maj.
829 112 44 19 1083

77 182 63 21 ordet
154 181 179 27 rättskränkning.
362 181 50 21 Man
427 181 103 22 behöfver
544 181 55 22 blott
614 182 70 21 erinra
699 182 33 26 sig
746 181 148 26 förordningen

80 216 33 15 om
129 210 129 25 vattenverk,
274 210 45 22 deri
332 210 114 27 jordegare
461 211 88 26 älägges
564 213 32 18 att
610 210 71 21 tilläta
696 216 68 15 annan
780 209 115 22 verkställa

77 238 90 27 dikning
178 238 59 22 öfver
248 238 33 22 sin
292 239 66 21 mark.
381 238 31 21 Pä
423 245 82 15 samma
516 241 43 18 sätt
570 238 103 21 förhäller
688 238 36 21 det
739 239 31 26 sig
785 238 47 21 med
848 237 47 22 sko-

80 273 46 20 gen.
155 267 43 21 Det
215 269 24 19 är
256 267 45 22 icke
316 267 33 21 för
364 273 120 20 grannarna
500 267 102 26 likgiltigt
616 267 55 21 huru
687 273 26 14 en
726 266 112 27 jordegare
853 265 42 22 för-

79 295 33 21 far
131 295 47 22 med
198 295 31 21 sin
249 295 58 26 skog.
338 295 69 22 Ocksä
424 295 69 22 finnes
512 296 36 21 det
562 295 62 27 ingen
636 295 45 27 lag,
694 301 45 16 som
755 295 45 21 icke
815 295 8 20 i
837 294 59 21 detta

81 323 100 22 afseende
199 324 68 21 skulle
287 324 75 26 älägga
377 324 41 21 den
433 324 97 21 enskilde
544 324 82 27 ganska
641 327 58 18 stora
713 323 181 27 inskränkningar.

80 352 10 21 I
100 351 106 28 Tyskland
221 352 33 21 får
267 359 49 14 man
331 352 46 21 icke
393 352 89 22 afverka
497 353 32 20 sin
544 352 60 27 skog,
615 355 51 18 utan
682 354 32 19 att
728 352 36 21 det
778 352 69 21 blifvit
858 357 37 15 un-

81 380 86 22 dersökt
185 381 54 21 huru
257 381 150 26 afverkningen
427 381 41 21 kan
488 381 37 21 ske
544 384 51 24 utan
614 381 66 20 skada
698 380 34 21 för
750 380 145 27 angränsande

79 409 81 22 trakter
182 409 39 22 och
239 409 34 22 för
290 409 91 26 skogens
400 409 103 22 äterväxt.
533 409 11 21 I
562 409 109 21 Österrike
690 411 24 18 är
733 409 123 26 afverkning
874 407 23 22 af

81 437 79 27 skogen
174 438 47 21 icke
236 438 67 21 heller
317 437 83 21 tilläten
416 438 127 21 annorledes
558 439 27 19 än
600 437 92 27 skogens
705 437 98 21 äterväxt
813 439 23 19 är
847 436 49 22 full-

77 461 91 37 komligt
180 461 130 37 säkerstäld,
325 466 7 20 i
350 466 82 21 hvilket
450 466 101 21 afseende
569 466 33 20 till
621 466 39 20 och
679 466 48 20 med
742 465 153 27 omplantering

80 494 41 22 kan
137 494 125 22 verkställas
277 495 28 26 pä
319 494 137 22 afverkarens
472 494 124 22 bekostnad.
619 494 34 21 Då
668 494 36 21 det
718 494 46 21 icke
778 494 41 21 kan
831 493 64 21 nekas

81 525 32 19 att
130 523 79 26 skogen
227 524 24 20 är
269 522 22 22 af
309 522 98 27 ofantligt
426 526 46 18 stor
490 523 110 27 betydelse
615 522 33 22 för
663 522 155 25 landtmannen,
834 528 61 20 synes

81 551 42 27 mig
142 557 45 15 som
207 557 33 15 om
259 551 58 21 detta
335 551 107 21 allmänna
456 552 92 21 intresse
564 551 140 27 ovilkorligen
719 551 64 21 borde
798 552 51 24 göra
864 550 32 26 sig

81 580 104 26 gällande,
201 580 27 20 dä
247 586 46 14 man
313 580 106 26 lagstiftar
434 586 34 15 om
485 580 129 21 densamma.
644 579 129 26 Visserligen
789 581 60 25 säger
864 581 32 18 ut-

80 608 80 21 skottet
174 610 32 19 att
216 608 68 26 någon
295 608 119 26 skogsbrist
427 608 120 22 tillsvidare
557 608 47 22 icke
614 608 80 21 kunnat
704 608 140 25 konstateras,
856 606 39 22 och

81 639 32 18 att
127 636 36 22 det
178 636 89 22 sålunda
278 637 57 27 ,icke
349 636 67 22 finnes
431 637 67 27 något
512 637 46 21 skäl
570 639 31 19 att
610 636 115 22 inskränka
735 636 95 21 enskilda
838 635 58 27 jord-

81 671 74 20 egares
171 667 42 19 rätt
228 666 6 20 i
249 664 100 22 afseende
360 665 17 21 &
391 666 101 26 skogen".
518 666 48 21 Men
583 665 32 21 för
630 665 36 21 det
681 664 67 22 första
763 665 37 21 har
815 664 81 21 utskot-

80 696 33 18 tet
134 693 63 22 också
219 696 42 18 sett
283 694 31 26 sig
337 694 109 21 nödsakad
469 697 33 18 att
523 694 79 21 föreslå
621 694 57 20 vissa
695 693 175 26 inskränkningar
888 692 8 21 i

79 722 61 21 detta
157 722 105 26 afseende,
278 722 39 21 och
335 722 33 21 för
387 722 36 21 det
443 722 68 21 andra
526 722 61 21 torde
602 722 36 21 det
652 722 68 21 måsta
735 721 115 27 medgifvas
865 724 31 18 att

78 750 121 26 skogsbrist
214 750 108 26 existerar,
338 751 126 25 visserligen
480 751 46 21 icke
542 751 6 21 i
564 751 41 21 den
620 751 90 25 mening,
722 753 31 18 att
768 750 71 21 landet
849 749 47 21 icke

79 778 71 22 skulle
168 778 63 22 hafva
249 779 77 27 skogar
343 779 135 27 tillräckligt,
494 786 48 14 men
560 779 64 21 likväl
640 779 30 25 så,
686 781 31 19 att
732 778 75 27 partiel
822 778 74 26 skogs-

81 807 54 21 brist
149 809 24 19 är
191 807 130 27 obestridlig.
351 807 31 21 På
396 807 52 21 flere
464 811 58 18 orter
537 810 23 18 är
575 808 80 26 skogen
670 807 128 26 fullkomligt
811 806 84 26 förödd;

81 841 48 15 man
147 836 102 20 behöfver
267 836 74 21 endast
356 838 52 24 göra
422 842 27 15 en
465 842 49 15 resa
529 836 33 21 till
577 836 36 21 det
627 836 45 21 inre
687 835 71 21 landet
772 836 34 20 för
820 837 31 19 att
866 834 30 21 öf-

81 866 87 24 vertyga
183 864 33 26 sig
231 864 78 21 härom.
332 864 40 21 Vid
388 864 78 21 sådant
481 864 133 21 förhållande
629 870 61 21 synes
706 864 42 26 mig
762 862 133 28 lagstiftaren

79 891 138 28 ovilkorligen
239 893 51 20 böra
311 892 53 21 söka
385 893 63 26 lägga
470 895 33 19 ett
524 892 108 22 verksamt
652 892 75 21 hinder
748 892 8 21 i
776 894 66 24 vägen
864 891 32 21 för

81 920 194 27 skogssköflingen;
298 921 39 21 och
355 921 69 21 skulle
440 921 38 27 jag
496 921 34 21 för
548 921 43 21 min
608 921 34 21 del
663 921 65 21 hellre
747 920 49 27 vilja
814 919 82 22 ansluta

79 949 44 26 mig
144 949 33 21 till
197 949 88 22 friherre
305 949 87 22 Wredes
410 950 139 26 reservation,
566 955 49 16 men
632 949 28 22 då
678 949 64 27 utsigt
761 949 46 21 icke
830 947 66 22 finnes

79 979 34 20 att
131 977 40 22 den
185 977 54 22 skall
256 978 26 27 gå
299 978 90 27 igenom,
405 978 23 21 så
447 978 39 21 ber
502 979 36 26 jag
556 981 32 18 att
602 978 22 21 få
638 978 85 21 förorda
737 977 72 22 herrar
823 976 73 21 Fabri-

80 1005 48 22 tius'
144 1006 39 21 och
197 1006 129 21 Nummelins
341 1007 138 21 reservation.

148 1034 55 21 Herr
218 1035 142 21 Wasenius:
375 1035 11 21 I
400 1035 124 21 hufvudsak
538 1035 37 22 ber
588 1035 36 27 jag
639 1037 31 19 att
686 1035 21 20 få
721 1034 82 21 ansluta
812 1033 42 26 mig
864 1032 33 21 till

79 1062 42 21 den
139 1063 23 21 af
178 1063 74 21 herrar
265 1063 106 22 Fabritius
387 1063 40 22 och
442 1064 122 21 Nummelin
579 1063 79 27 afgifna
672 1063 161 24 reservationen,
848 1067 48 15 men

80 1092 60 25 tager
157 1091 44 27 mig
215 1091 54 22 dock
282 1092 91 21 friheten
388 1092 91 27 påpeka,
496 1095 32 18 att
542 1092 164 26 formuleringen
721 1091 52 21 efter
786 1090 44 21 min
844 1096 52 20 upp-

79 1119 92 28 fattning
185 1120 66 21 borde
265 1126 50 15 vara
330 1126 26 15 en
371 1127 77 20 annan,
460 1121 90 21 emedan
564 1121 59 21 detta
638 1122 24 19 är
673 1126 26 15 en
710 1119 128 26 författning,
851 1124 45 15 som

80 1148 54 22 skall
149 1149 26 26 gå
189 1151 25 19 ut
228 1149 7 20 i
249 1149 48 21 vida
311 1149 80 27 bygder
409 1149 41 21 och
470 1149 34 22 till
522 1155 26 15 en
566 1149 128 26 befolkning,
710 1155 44 14 som
772 1147 46 22 icke
837 1146 60 22 alltid

80 1179 25 19 är
117 1175 9 23 i
139 1177 83 22 tillfälle
237 1180 32 18 att
282 1177 63 22 hafva
359 1183 27 16 en
398 1177 66 28 jurist
479 1178 52 21 eller
544 1177 146 22 forstmästare
703 1177 33 21 till
746 1176 67 21 hands
823 1175 33 22 för
865 1177 32 19 att

80 1205 59 22 tolka
153 1206 68 26 lagen.
242 1206 42 21 För
299 1206 46 26 den,
357 1212 45 15 som
416 1206 50 21 icke
481 1208 25 19 är
520 1206 126 27 någondera,
657 1205 61 22 torde
733 1205 35 21 det
778 1210 52 15 vara
840 1203 57 22 svårt

80 1236 33 20 att
122 1234 66 21 förstå
199 1236 32 19 att
242 1235 69 20 denna
321 1234 149 27 formulering:
487 1235 67 26 ,tillse
569 1237 33 19 att
615 1235 15 20 4
644 1233 90 26 marken,
745 1233 67 21 såvidt
827 1233 41 20 den
878 1231 18 27 ej

80 1263 79 21 brukas
173 1263 32 21 till
219 1263 106 26 trädgård,
336 1263 51 21 åker
402 1263 52 21 eller
469 1265 43 24 äng
526 1263 106 21 användes
647 1263 33 21 till
694 1261 162 28 byggnadstomt
869 1260 28 21 el-

80 1291 31 21 ler
129 1293 64 19 annat
211 1291 67 27 dylikt
296 1291 103 26 ändamål,
415 1291 86 21 fröträd
518 1291 34 21 till
566 1293 31 19 ett
612 1291 57 21 antal
684 1290 22 22 af
719 1290 63 21 minst
796 1289 58 27 tjugo
870 1288 27 26 på

79 1319 126 21 tunnlandet
227 1319 136 27 gvarlemnas,
383 1320 52 20 eller
458 1320 42 21 ock
520 1326 70 15 annan
607 1319 148 21 motsvarande
773 1317 75 27 åtgärd
864 1316 34 22 för

79 1347 141 22 befordrande
235 1348 22 21 af
269 1348 90 26 skogens
375 1348 98 21 återväxt
488 1348 114 27 vidtages*,
613 1348 42 20 kan
669 1348 101 20 innebära
784 1346 65 26 något
861 1351 36 15 an-

79 1378 38 19 nat
131 1378 26 18 än
172 1378 38 24 att,
222 1383 34 15 om
270 1376 46 22 icke
326 1376 82 22 fröträd
418 1377 142 26 qvarlemnas,
571 1376 23 22 så
604 1376 54 21 skall
668 1376 60 21 fältet
738 1375 67 21 besås.
828 1374 69 21 Emel-

79 1404 63 22 lertid
163 1405 70 26 spelar
251 1405 40 21 den
309 1404 109 22 såkallade
436 1405 136 27 sidoskogen,
588 1405 27 27 på
630 1406 42 20 sätt
687 1404 61 21 äfven
762 1404 135 21 reservanten

78 1433 89 21 friherre
177 1433 76 21 Wrede
267 1433 121 25 framhållit,
399 1439 26 15 en
441 1436 48 18 stor
504 1434 40 20 roll
558 1434 35 20 vid
603 1432 230 28 skogshushållningen.
855 1430 43 20 En-

79 1462 39 26 ligt
132 1462 40 21 den
187 1462 120 21 erfarenhet
319 1462 36 27 jag
370 1462 39 20 har
423 1462 8 20 i
447 1462 62 21 detta
523 1462 105 26 afseende,
639 1462 52 20 böra
705 1461 8 21 i
728 1459 113 23 allmänhet
855 1458 43 21 frö-

78 1490 49 21 träd
141 1490 46 21 icke
202 1490 137 27 qvarlemnas,
354 1492 58 24 utan,
423 1492 41 19 när
479 1490 137 27 trakthygget
630 1490 38 26 går
682 1489 53 21 fram
750 1489 7 21 i
768 1486 130 30 jemförelse-

77 1518 33 22 vis
127 1519 68 21 smala
212 1524 86 20 remsor,
317 1521 25 19 är
361 1519 36 21 det
414 1518 169 27 fördelaktigare
602 1521 31 19 att
651 1520 51 24 göra
719 1518 59 21 fältet
796 1517 48 20 rent
859 1515 40 22 och
