1089 1961
240 104 48 32 1164
505 110 96 23 Borgarest.
609 111 90 19 1885.::-18:
709 106 38 33 Maj.

286 177 69 23 Sedan
370 179 84 22 ståndet
466 179 80 27 jemväl
561 181 51 20 utan
627 180 139 25 anmärkning
777 178 95 27 godkänt
886 178 98 23 rubriken
994 179 39 22 och

217 206 107 27 ingressen
346 207 32 22 till
403 208 114 21 utskottets
542 208 163 27 ifrågavarande
731 206 222 29 författningsförslag,
978 208 56 21 hade

217 235 85 50 a
319 235 87 23 härmed
424 236 159 22 slutbehandlat
597 237 172 22 bankutskottets
784 235 161 28 ifrågavarande
961 237 73 22 betän-

232 264 60 21 ande.

286 350 112 27 Upplästes
410 352 38 20 och
459 351 123 27 godkändes
594 353 31 20 ett
635 352 76 26 utdrag
727 357 24 15 ur
767 340 99 32 ståndets
878 351 105 27 protokoll
998 350 36 22 för

217 378 108 27 pågående
340 380 161 22 sammanträde.

284 464 56 22 Herr
355 465 119 22 talmannen
493 466 73 21 afbröt
584 466 95 22 härefter
697 465 167 23 sammanträdet
882 464 27 28 på
928 472 24 14 en
972 466 63 26 qvart

216 493 79 22 timme.

286 579 68 22 Sedan
370 580 93 22 ståndets
474 581 137 22 medlemmar
627 581 53 28 ånyo
695 581 77 26 intagit
788 580 46 21 sina
844 580 86 27 platser,
942 582 91 25 upptogs

216 608 33 21 till
268 608 127 27 behandling
411 609 171 28 bondeståndets,
597 610 68 21 under
683 610 80 27 dagens
782 609 156 21 sammanträde
956 615 76 20 genom

216 637 123 26 deputation
358 637 115 22 framförda
490 639 131 26 inbjudning,
637 640 32 20 att
683 637 184 27 borgareståndet,
882 638 48 20 med
947 637 86 27 frångå-

216 666 53 20 ende
287 665 23 21 af
328 666 37 20 sitt
382 666 8 20 i
408 666 65 22 saken
490 667 91 26 tidigare
599 667 82 21 fattade
699 667 78 25 beslut,
793 666 50 21 ville
862 665 74 22 förena
951 666 31 26 sig
997 672 35 15 om

215 693 165 22 bondeståndets
396 694 75 27 beslut,
482 697 31 19 att
527 695 113 27 godkänna
655 695 171 21 statsutskottets
841 694 81 26 förslag
933 694 33 21 till
977 700 55 16 sam-

215 722 156 27 manjemkning
386 723 22 21 af
426 724 124 21 ständernas
566 724 123 26 skiljaktiga
703 724 72 21 beslut
790 723 91 21 rörande
896 723 137 21 statsutskot-

215 752 42 20 tets
275 750 133 22 betänkande
425 758 33 15 n:o
475 753 18 26 7,
510 753 6 20 i
535 752 113 27 anledning
667 752 23 21 af
703 753 40 21 den
760 752 35 21 vid
812 751 54 22 1882
881 751 34 21 års
931 752 101 26 landtdag

215 779 98 21 nedsatta
328 780 285 28 ständerhusdelegationens
628 781 125 25 berättelse;
770 780 39 22 och
825 780 96 26 uppläste
933 780 49 21 herr
992 780 39 21 tal-

215 814 89 15 mannen
320 808 6 20 i
342 808 76 22 sådant
432 809 99 21 afseende
547 810 36 21 det
595 809 205 27 protokollsutdrag,
812 814 44 16 som
867 808 165 22 bondeståndets

215 836 123 26 deputation
357 836 138 23 öfverlemnat
512 838 33 22 till
563 838 186 27 borgareståndet;
773 837 40 22 och
830 843 38 15 var
884 837 58 21 detta
956 836 23 22 af
992 836 40 22 föl-

212 864 64 27 jande
292 865 89 27 lydelse:

283 893 92 27 "Utdrag
397 894 23 21 af
439 895 165 21 bondeståndets
626 895 113 27 protokoll,
759 894 59 22 fördt
840 894 12 21 å
874 894 127 27 landtdagen
1024 894 8 21 i

214 921 134 27 Helsingfors
363 922 39 22 den
419 924 25 20 12
460 924 39 26 maj
517 924 61 21 1885.

282 950 120 27 Föredrogs
416 951 157 22 statsutskottets
588 952 32 22 till
636 953 69 20 denna
720 952 42 26 dag
778 951 118 27 bordlagda
910 951 79 26 förslag
998 951 33 21 till

215 979 201 27 sammanjemkning
438 980 23 21 af
482 980 99 21 ståndens
604 981 123 26 skiljaktiga
745 980 73 21 beslut
836 980 90 20 rörande
946 981 87 19 statsut-

214 1007 92 21 skottets
325 1007 132 22 betänkande
473 1015 32 15 n:o
521 1009 12 22 7
549 1009 6 20 i
571 1009 113 26 anledning
700 1009 23 21 af
737 1009 40 20 den
793 1008 36 21 vid
845 1008 54 21 1882
914 1007 34 22 års
964 1007 70 22 landt-

214 1035 41 27 dag
270 1035 97 22 nedsatta
382 1037 285 27 ständerhusdelegationens
683 1037 123 22 berättelse.

282 1064 147 23 Förevarande
451 1065 79 28 förslag
553 1066 122 26 godkändes
695 1066 22 22 af
733 1065 164 26 bondeståndet,
916 1064 118 28 hvarjemte

214 1092 86 22 ståndet
317 1092 70 22 beslöt
406 1096 30 19 att
455 1101 74 20 genom
547 1101 25 15 en
589 1095 122 27 deputation
726 1094 90 26 inbjuda
831 1093 147 27 ridderskapet
993 1093 39 21 och

214 1121 63 21 adeln
292 1124 55 18 samt
362 1122 174 27 borgareståndet
550 1125 31 19 att
595 1124 74 21 förena
684 1124 32 26 sig
733 1129 33 15 om
784 1122 59 21 detta
858 1122 79 26 beslut;
953 1122 38 21 och
1000 1122 33 21 in-

213 1149 73 21 valdes
304 1150 7 20 i
330 1150 151 27 deputationen
498 1152 203 27 landtdagsmännen
717 1151 99 25 Avellan,
831 1150 73 27 Pöysti
920 1150 38 22 och
972 1149 62 22 Holl-

213 1184 77 15 merus.
314 1175 31 35 År
366 1179 37 21 och
420 1180 40 26 dag
476 1186 43 15 som
533 1180 70 22 ofvan.

797 1212 21 18 In
831 1211 63 19 fidem:

755 1247 23 22 J.
798 1246 26 22 G.
840 1246 119 22 Sohlman*.

280 1292 10 20 I
306 1292 112 27 anledning
433 1294 61 21 häraf
507 1294 91 27 uppstod
614 1294 94 27 följande
724 1293 134 22 diskussion:

282 1320 56 21 Herr
356 1320 147 23 Rönnbäck:
526 1323 34 20 Då
575 1322 38 27 jag
627 1324 24 19 är
666 1322 133 26 fullkomligt
814 1321 123 27 öfvertygad
952 1327 34 15 om
1000 1322 35 20 att

212 1348 137 27 pluraliteten
368 1349 56 22 inom
443 1351 84 20 ståndet
545 1350 38 21 har
601 1351 64 21 fattat
679 1351 36 21 det
730 1350 79 24 beslut,
824 1350 65 21 hvars
903 1349 130 27 frångående

212 1376 155 23 bondeståndet
384 1384 28 15 nu
431 1379 82 26 önskar,
530 1379 47 21 med
596 1379 41 21 den
655 1379 60 26 fulla,
730 1379 59 22 fasta
807 1378 39 21 och
865 1378 27 27 på
911 1384 74 21 mogen
1000 1377 32 22 öf-

212 1405 138 28 verläggning
372 1407 108 26 grundade
503 1407 162 28 öfvertygelsen,
684 1409 31 20 att
737 1409 33 20 ett
789 1407 76 21 slöseri
884 1407 47 21 med
950 1408 83 20 statens

213 1434 76 26 medel,
305 1434 75 22 sådant
399 1441 44 15 som
462 1435 60 22 äfven
542 1436 41 21 den
601 1442 28 15 nu
644 1435 123 28 föreslagna
783 1435 66 26 något
863 1435 98 21 nedsatta
976 1440 55 15 sum-

211 1468 49 15 man
280 1463 93 26 innebär,
392 1462 94 23 hvarken
506 1465 38 20 bör
563 1465 52 21 eller
629 1464 41 21 kan
686 1465 134 26 godkännas,
836 1463 22 22 så
874 1470 62 15 anser
948 1463 37 26 jag
1000 1463 32 21 att

211 1490 37 21 det
266 1491 46 21 icke
331 1498 37 15 ens
387 1498 50 15 vore
457 1493 84 21 ståndet
558 1493 90 26 värdigt,
664 1495 31 19 att
714 1493 79 22 endast
808 1492 27 26 på
849 1493 69 26 grund
932 1491 24 22 af
969 1497 25 15 en
1010 1490 24 22 af

211 1518 157 23 bondeståndet
385 1526 75 21 genom
480 1521 121 28 deputation
619 1521 83 22 uttalad
722 1521 84 22 önskan
825 1520 75 27 frångå
918 1520 37 21 sitt
974 1519 60 22 förut
