1089 1725
219 112 49 31 1896
490 117 92 23 Borgarest.
594 116 45 20 1885.
651 128 1 2 .
663 116 20 19 22
695 116 39 23 Maj.

268 191 120 27 Föredrogs
404 198 25 15 en
439 192 47 21 frän
497 192 140 26 lagutskottet
647 191 125 21 ankommen
784 188 111 22 skrifvelse
906 188 33 22 för
950 188 68 22 denna

201 220 41 26 dag
257 220 23 20 af
293 220 93 27 följande
402 220 90 28 lydelse:

381 278 61 26 yTill
459 278 146 26 Vällofliga
620 276 224 28 Borgareständet

731 322 47 22 frän
793 321 155 27 Lagutskottet.

269 362 58 22 Enär
341 363 35 21 vid
392 363 153 27 behandlingen
562 363 23 21 af
599 362 150 28 lagutskottets
765 361 132 22 betänkande
913 367 33 15 n:o
963 361 32 25 14,
1010 360 8 21 i

202 390 114 28 anledning
330 391 23 21 af
366 393 32 20 ett
412 392 56 21 inom
484 392 148 26 ridderskapet
642 392 39 20 och
691 391 63 21 adeln
764 391 62 20 väckt
836 389 182 28 petitionsförslag

201 420 110 26 angäende
326 420 147 27 upphäfvande
488 420 23 22 af
520 427 28 14 nu
559 420 98 27 gällande
668 419 177 27 inskränkningar
855 419 6 20 i
873 418 145 27 dispositions-

201 450 71 19 rätten
292 448 58 22 öfver
368 449 106 27 arfvejord
493 449 39 21 och
547 449 106 27 bördköpt
668 448 53 27 jord,
737 448 108 21 äfvensom
861 446 87 22 dermed
963 452 55 14 sam-

201 476 161 28 manhängande
377 478 157 26 bestämningar
549 484 33 14 om
598 477 55 21 hvad
669 478 6 20 i
690 478 127 20 testamente
832 475 68 27 gifvas
916 474 34 22 mä
964 476 55 20 samt

202 511 35 15 om
255 505 63 27 gäfva
336 506 23 21 af
376 506 43 21 fast
437 507 108 26 egendom,
565 506 148 26 ridderskapet
728 505 39 21 och
786 504 62 22 adein
866 506 56 19 samt
941 503 77 21 bonde-

202 534 90 26 ständet,
312 534 48 22 med
378 534 136 22 förkastande
533 534 23 22 af
572 535 115 21 utskottets
710 533 139 25 betänkande,
871 532 98 22 omfattat
987 533 31 20 ett

202 562 124 22 detsamma:
341 564 173 21 reservationsvis
532 563 96 27 bifogadt
645 562 91 28 förslag:
759 564 32 19 att
806 561 82 22 landets
904 560 114 27 höglofliga

202 591 87 22 ständer
307 592 49 21 ville
376 592 37 22 hos
428 592 59 21 Haus
505 592 121 27 Kejserliga
647 592 102 27 Majestät
771 591 7 21 i
796 589 169 27 underdänighet
982 595 36 15 an-

202 620 58 21 hälla
282 622 31 19 att
330 620 63 27 nädig
415 621 129 26 proposition
567 621 70 21 kunde
660 619 246 22 nästsammanträdande
933 617 86 22 ständer

201 648 121 27 föreläggas
338 649 6 21 i
360 649 36 21 det
410 649 61 28 syfte,
487 652 31 18 att
533 649 18 27 ej
568 649 81 22 mindre
665 649 39 20 allt
718 648 56 21 hvad
793 648 34 26 lag
845 647 53 22 eller
913 646 106 21 särskilda

202 677 150 27 författningar
370 678 75 26 stadga
464 678 107 27 angäende
591 680 43 19 rätt
651 679 32 20 att
697 677 8 21 i
720 677 53 21 börd
789 676 45 21 lösa
849 675 53 26 säld,
918 674 101 22 bortskif-

202 706 44 26 tad,
260 708 96 25 pantsatt
370 707 54 20 eller
437 713 75 20 genom
527 706 64 27 gäfva
604 706 53 21 eller
670 707 127 20 testamente
813 704 117 27 bortgifven
946 703 74 26 fastig-

202 734 37 21 het
257 734 13 21 &
287 735 73 21 landet
377 735 33 21 till
429 735 57 21 kraft
503 735 40 21 och
561 735 78 21 verkan
659 734 125 27 upphäfdes,
803 735 51 19 utan
869 733 39 21 ock
927 732 25 21 de
967 733 53 20 nära

202 763 102 21 samband
324 763 86 22 dermed
428 764 81 27 egande
523 764 7 21 i
545 763 108 22 allmänna
668 763 62 26 lagen
745 764 81 19 utsatta
843 761 177 26 inskränkningar

202 791 31 21 uti
248 791 127 27 rättigheten
391 794 32 19 att
440 799 76 19 genom
535 791 62 28 gäfva
611 792 53 21 eller
677 793 128 20 testamente
823 789 83 27 förfoga
925 795 33 15 om
977 789 43 20 arf-

202 820 74 27 vejord
295 820 38 21 och
351 827 68 14 annan
435 821 66 21 sädan
516 821 42 20 fast
577 821 109 26 egendom,
705 826 45 15 som
770 825 29 15 nu
820 820 24 19 är
866 818 53 21 börd
941 818 77 21 under-

201 848 84 26 kastad,
308 848 70 22 blefve
398 849 133 27 undanröjda
549 849 39 21 och
607 849 6 20 i
632 849 73 21 stället
723 847 72 22 derför
813 853 67 15 annan
900 847 67 25 grund
986 846 34 20 för

201 876 157 27 begränsandet
376 877 24 21 af
416 878 142 26 nyssnämnda
576 877 102 27 rättighet
696 876 104 26 bestämd,
816 876 110 20 hvaremot
939 876 81 25 preste-

202 904 86 22 ständet
302 906 82 26 antagit
398 906 114 21 utskottets
529 905 134 22 betänkande
678 904 145 22 oförändradt.

270 933 34 21 Då
321 935 143 26 nyssnämnda
481 934 87 27 förslag,
587 940 44 15 som
651 934 89 20 sålunda
755 933 24 21 af
791 934 76 20 tvenne
882 931 62 21 stånd
959 933 61 19 anta-

202 962 48 26 gits,
270 962 73 26 skiljer
361 963 33 27 sig
412 963 46 21 från
474 963 115 21 utskottets
604 962 134 22 betänkande
755 962 75 21 endast
845 960 128 26 derigenom,
989 961 32 19 att

202 990 46 22 deri
271 990 95 22 anhålles
386 991 79 27 jemväl
488 997 34 15 om
544 991 147 27 upphäfvande
710 990 23 22 af
749 989 99 27 gällande
863 988 157 26 bestämningar

202 1019 91 21 rörande
307 1019 142 27 bördsrätten,
458 1020 38 21 och
512 1020 25 21 de
553 1020 23 21 af
589 1019 105 21 utskottet
708 1018 91 22 anförda
813 1018 47 20 skäl
875 1016 34 22 för
923 1017 97 21 densam-

202 1053 46 15 mas
263 1047 150 22 bibehållande
427 1048 90 22 förlorat
530 1048 7 21 i
553 1048 116 27 betydelse,
678 1048 27 20 då
720 1048 26 20 de
762 1046 68 26 stånd,
840 1046 76 26 frågan
927 1046 94 20 närmast

201 1077 43 25 rör,
260 1076 78 21 uttalat
352 1076 33 27 sig
399 1076 34 27 för
448 1077 132 21 densammas
595 1076 154 27 upphäfvande,
766 1075 33 21 får
809 1074 140 27 lagutskottet
959 1073 61 21 vörd-

202 1106 56 19 samt
272 1104 87 28 inbjuda
373 1104 108 28 vällofliga
495 1105 176 26 borgareståndet
685 1106 38 24 att,
739 1104 49 21 med
803 1102 129 27 frångående
948 1101 22 22 af
984 1101 38 21 sitt

201 1132 8 22 i
232 1132 66 22 saken
320 1132 82 23 fattade
424 1134 75 26 beslut,
522 1133 74 22 förena
618 1134 33 26 sig
669 1139 33 15 om
721 1133 38 21 det
776 1132 24 21 af
815 1131 149 26 ridderskapet
981 1129 40 22 och

202 1161 64 22 adeln
281 1163 55 20 samt
350 1162 155 22 bondeståndet
519 1164 93 25 antagna
625 1162 81 26 förslag
721 1161 34 22 till
770 1161 88 27 petition
873 1160 7 21 i
895 1159 89 21 ämnet."

270 1190 81 21 Härvid
367 1191 91 26 uppstod
473 1191 93 27 följande
582 1191 131 20 diskussion:

271 1218 57 21 Herr
344 1219 113 27 Nyberg:
475 1219 74 22 Ehuru
564 1219 176 26 borgareståndet
755 1217 48 22 med
818 1217 80 27 ganska
913 1217 45 20 stor
972 1215 48 28 plu-

202 1246 74 22 ralitet
290 1247 44 21 helt
348 1247 40 22 och
403 1247 67 22 hållet
484 1247 105 22 förkastat
603 1247 70 22 denna
687 1247 97 26 petition,
800 1246 24 21 så
838 1245 69 21 skulle
919 1244 37 27 jag
966 1243 55 22 dock

202 1275 55 27 våga
271 1275 86 27 föreslå,
372 1278 33 19 att
419 1276 176 27 borgareståndet
609 1282 28 15 nu
651 1275 50 22 ville
716 1277 95 25 upptaga
825 1274 123 21 densamma
962 1273 6 20 i
980 1273 41 21 den

202 1303 56 22 form
277 1304 41 21 den
336 1304 71 21 blifvit
425 1307 90 24 antagen
534 1304 23 21 af
573 1304 148 27 ridderskapet
739 1303 41 22 och
795 1303 62 20 adeln
873 1303 55 20 samt
942 1301 80 22 bonde-

202 1331 92 22 ståndet.
319 1332 105 27 Orsaken,
439 1333 87 21 hvarför
539 1333 47 21 icke
601 1333 104 20 utskottet
719 1331 113 28 godkände
846 1330 116 27 petitionen
977 1329 45 22 helt

202 1360 41 22 och
257 1361 73 26 hållet,
345 1363 52 19 utan
412 1361 66 27 ansåg
492 1363 32 20 att
539 1361 134 21 bördsrätten
688 1362 56 19 ännu
759 1359 71 22 kunde
845 1358 123 27 bibehållas,
984 1364 38 15 var

202 1389 122 26 egentligen
339 1389 49 27 den,
403 1391 33 20 att
449 1389 166 22 bondeståndets
625 1389 139 22 medlemmar
774 1389 7 20 i
791 1387 104 22 utskottet
904 1393 51 15 voro
966 1388 56 20 emot

202 1419 33 20 att
248 1417 137 22 bördsrätten
400 1418 70 22 skulle
486 1417 123 28 upphäfvas.
638 1417 111 22 Utskottet
765 1416 65 27 ansåg
845 1415 73 22 derför
932 1417 32 20 att
973 1419 50 17 mar

202 1446 20 27 ej
242 1446 29 27 på
289 1452 26 15 en
332 1446 64 27 gång,
411 1449 51 19 utan
477 1447 131 26 småningom
624 1446 68 21 skulle
707 1445 71 22 införa
792 1444 146 27 ifrågakomna
953 1443 70 22 förän-

202 1475 94 26 dringar,
315 1474 70 22 såsom
404 1475 65 22 också
487 1475 56 21 skett
563 1475 7 21 i
585 1475 94 26 Sverige,
695 1475 37 21 der
748 1473 111 22 enahanda
874 1472 149 21 förhållanden

203 1508 46 16 som
268 1503 39 21 hos
326 1509 35 15 oss
379 1503 8 21 i
406 1503 59 22 detta
482 1503 101 22 afseende
601 1509 40 21 ega
659 1509 53 15 rum.
741 1503 45 20 Det
803 1501 71 26 motiv,
889 1507 45 15 som
948 1499 75 28 gjorde

202 1532 33 20 att
252 1531 179 27 borgareståndet
448 1532 69 27 afslog
535 1531 123 28 petitionen,
679 1537 38 16 var
734 1529 186 27 hufvudsakligen,
939 1529 25 21 så
977 1527 47 22 vidt
