1084 1720
345 106 90 23 Borgarest.
447 106 44 19 1885.
514 107 17 18 12
544 107 39 22 Maj.
807 106 43 18 1141

59 178 71 20 tanten
144 176 33 21 för
191 176 166 22 Villmanstrand
371 175 101 23 affärdats
487 176 44 21 helt
546 176 48 21 kort
608 176 46 21 med
670 177 31 19 att
716 176 36 21 det
762 176 37 20 der
808 174 65 28 följda

60 207 100 25 systemet
178 205 53 21 skall
249 205 27 21 ha
293 205 56 21 visat
367 204 33 26 sig
418 204 63 22 hafva
499 204 47 21 haft
563 204 77 27 många
658 204 88 27 olyckor
763 204 33 21 till
813 203 59 27 följd.

60 233 49 21 Men
124 234 35 20 det
173 235 24 19 är
211 233 45 21 icke
271 234 24 21 så
309 233 78 25 säkert,
399 235 32 19 att
445 234 27 20 de
487 232 93 28 olyckor,
592 239 46 15 som
654 235 36 25 egt
700 239 46 15 rum
756 232 67 22 under
833 232 40 21 den

60 262 62 26 långa
136 262 37 26 tid,
189 268 44 14 som
249 262 38 21 den
302 262 41 21 fria
358 262 247 26 sedelutgifningsrätten
620 262 101 20 existerat
734 261 7 21 i
756 260 116 26 Skottland,

60 290 36 21 det
109 290 37 21 vill
161 292 51 25 säga
226 291 55 20 ända
295 290 32 22 till
343 290 48 21 dess
402 290 63 22 Peels
480 290 93 26 banklag
584 292 81 25 strypte
676 290 128 25 densamma,
814 288 60 22 verk-

60 318 55 27 ligen
130 324 50 16 vore
194 325 25 15 en
234 319 51 27 följd
301 318 22 22 af
337 319 68 21 denna
420 318 75 26 frihet;
511 318 39 22 och
566 320 38 19 när
618 318 37 22 det
670 318 110 27 åberopas,
796 320 30 19 att
836 324 37 14 un-

60 347 38 21 der
117 347 57 21 detta
196 350 77 25 system
295 347 76 27 många
393 347 87 27 olyckor
502 346 141 26 förekommit,
667 347 24 21 så
712 347 53 21 böra
786 347 20 21 vi
827 346 46 22 icke

61 376 96 26 glömma,
179 378 32 19 att
228 376 61 21 äfven
308 376 67 21 under
393 376 175 23 statsbankernes
588 376 78 26 system
686 375 71 27 dylika
775 374 97 24 inträffat,

61 404 45 21 Har
120 404 46 22 icke
180 405 48 21 hela
242 405 84 26 Europa
341 404 67 22 under
426 404 59 21 detta
504 410 75 15 senare
598 406 78 25 system
692 404 56 20 varit
761 405 67 20 utsatt
841 403 34 21 för

61 434 32 19 att
114 433 79 26 nödgas
215 433 86 26 öfvergå
318 433 33 20 till
373 432 120 27 sedelmynt
510 432 39 21 och
568 432 128 26 sedermera,
715 432 27 21 då
760 433 115 20 detsamma

61 461 69 21 blifvit
144 461 151 28 deprecieradt,
310 461 40 21 fått
365 461 31 21 lof
410 463 31 18 att
456 461 131 21 underkasta
602 461 32 26 sig
650 461 124 27 långvariga
784 461 38 20 och
832 461 43 20 mö-

62 489 107 22 dosamma
183 489 174 27 ansträngningar
372 489 33 22 för
420 491 32 20 att
467 489 85 22 komma
568 489 99 21 derifrän.
697 489 68 21 Afven
780 489 20 20 vi
814 489 63 20 hafva

62 519 120 26 genomgätt
197 525 25 14 en
238 518 98 21 liknande
351 518 51 21 kris.
431 518 27 21 Vi
474 518 63 21 hafva
553 518 84 21 arbetat
652 523 34 16 oss
702 524 42 20 upp
760 517 53 22 efter
829 517 46 21 den.

61 547 91 20 Hvarför
168 547 60 20 skola
242 547 19 20 vi
277 547 27 21 dä
318 547 87 20 försöka
419 548 32 19 att
470 546 116 22 återinföra
605 553 25 14 en
651 546 158 21 centralisation
823 545 6 21 i
845 545 31 21 af-

62 575 77 22 seende
154 575 12 21 &
184 575 169 27 sedelutgifning,
372 581 51 20 som,
443 581 34 15 om
497 576 40 21 den
556 575 124 26 visserligen
700 575 64 21 ocksä
782 574 51 26 icke,
853 573 24 22 sä

62 603 62 28 länge
138 603 37 21 vär
190 604 129 21 närvarande
334 603 94 28 myntlag
443 603 75 27 finnes,
533 603 42 22 kan
591 603 146 22 ästadkomma
752 603 63 27 nägot
826 602 51 21 ondt

63 632 23 21 af
98 633 36 20 det
149 633 51 26 slag,
213 632 37 27 jag
264 639 49 21 nyss
328 632 97 27 päpekat,
445 633 37 20 det
497 633 37 20 vill
550 634 52 24 säga
620 632 120 21 införandet
758 631 22 22 af
793 631 83 26 tvängs-

62 660 58 27 kurs,
139 661 53 21 dock
210 661 119 21 föranleder
344 661 99 21 frestelse
463 661 78 21 dertill.
572 661 41 20 Det
632 661 64 20 ärade
716 661 84 20 ståndet
815 659 61 22 torde

63 689 98 27 möjligen
176 689 97 27 päminna
288 690 39 26 sig,
343 691 31 20 att
388 691 39 19 när
445 689 21 21 vi
487 689 135 22 diskuterade
638 689 72 26 frägan
727 695 33 15 om
775 688 100 21 Finlands

63 717 67 22 banks
147 718 133 27 reglemente,
297 718 24 21 sä
335 718 53 21 hade
401 718 38 27 jag
458 720 53 19 äran
525 718 83 27 päpeka
624 718 36 21 det
675 718 66 26 enligt
756 717 41 21 min
812 716 64 22 tanke

64 746 90 21 absurda
169 747 29 20 uti
215 747 25 20 de
256 747 36 20 ord
307 747 8 20 i
330 747 67 20 första
415 746 127 27 paragrafen
562 746 66 26 deraf,
648 746 59 21 hvari
722 745 106 28 uttryckes
843 745 33 21 sä-

64 781 44 15 som
123 775 99 21 Finlands
238 775 65 21 banks
318 775 90 26 uppgift,
423 777 32 19 att
470 775 40 21 den
526 775 54 21 skall
595 775 143 26 upprätthälla
753 775 74 26 stadga
837 773 39 22 och

64 803 98 22 säkerhet
176 803 6 21 i
197 804 211 26 penningeväsendet.
437 804 43 26 Jag
495 806 40 23 vet,
552 805 32 19 att
596 803 85 21 ständet
691 803 65 27 ansäg
767 803 61 21 dessa
838 801 39 22 ord

64 837 51 16 vara
129 832 95 27 ofarliga.
265 832 38 21 Men
315 832 38 27 jag
368 832 38 21 ber
421 838 29 20 er,
466 832 57 21 mine
541 832 81 26 herrar,
641 832 59 21 läsen
719 832 82 26 igenom
816 830 61 21 moti-

64 860 98 27 veringen
177 860 33 21 till
226 860 134 27 regeringens
375 866 28 15 nu
421 860 147 27 föreliggande
587 860 81 26 förslag
682 866 33 15 om
731 859 146 27 upphäfvande

64 888 23 21 af
101 888 216 27 sedelutgifningsrätt
332 888 33 22 för
383 889 153 26 privatbanker
552 900 26 4 —
594 891 22 25 ty
633 888 69 22 denna
720 890 44 19 rätt
783 888 38 20 har
835 887 43 21 exi-

64 919 66 19 sterat
148 917 38 21 och
205 918 102 20 existerar
325 919 55 19 ännu
399 917 7 21 i
424 918 83 26 princip
526 917 39 21 och
584 918 35 20 det
638 917 68 27 gäller
723 919 31 19 att
771 915 108 27 upphäfva

65 946 46 20 den.
128 957 25 3 —
168 946 61 20 Hvad
243 946 68 21 finnen
327 946 10 21 I
353 946 41 21 dä?
415 946 34 26 Jo,
466 946 39 21 der
520 946 78 26 spökar
612 946 46 20 äter
674 946 59 20 detta
748 950 79 16 samma
841 944 37 21 be-

64 980 76 21 grepp:
155 974 109 26 ,säkerhet
282 974 39 22 och
340 974 76 27 stadga
434 974 7 21 i
460 974 178 27 myntväsendet*.
669 974 42 21 För
729 976 31 19 att
777 972 101 22 Finlands

64 1002 55 21 bank
138 1002 53 21 skall
210 1002 69 22 kunna
298 1002 91 28 fullgöra
407 1003 70 21 denna
495 1003 94 21 chimära
610 1002 89 27 uppgift,
721 1002 37 21 vill
780 1008 47 15 man
849 1007 29 15 nu

64 1032 32 20 att
114 1031 40 21 den
172 1030 55 22 skall
246 1031 22 21 fä
285 1032 96 26 monopol
402 1031 27 27 pä
449 1031 201 27 sedelutgifningen.
678 1031 42 27 Jag
738 1030 90 25 befarar,
847 1031 32 19 att

64 1065 48 15 man
127 1059 92 21 derifrän
234 1060 38 26 går
287 1062 31 19 ett
332 1060 73 27 stycke
420 1060 75 26 längre
514 1060 39 21 och
573 1060 6 21 i
598 1060 90 21 kritiska
702 1060 38 20 fall
755 1061 71 24 säger:
841 1058 38 27 ,Vi

64 1087 60 21 skola
138 1088 26 26 gä
179 1088 59 21 öfver
252 1088 31 21 till
299 1089 135 27 sedelmynt*.
457 1088 42 27 Jag
514 1088 39 21 har
568 1089 47 21 med
626 1094 26 15 en
663 1088 133 26 egendomlig
806 1086 73 22 känsla

64 1116 42 21 läst
120 1122 25 15 en
160 1116 84 27 mening
258 1117 6 21 i
280 1117 171 21 bankutskottets
467 1116 141 27 betänkande,
623 1117 85 21 hvilken
722 1122 62 22 synes
794 1116 42 26 mig
847 1114 33 22 sä-

65 1150 44 16 som
125 1150 25 16 en
166 1144 49 22 länk
230 1146 88 20 emellan
334 1146 27 20 de
376 1146 36 20 två
425 1145 38 27 jag
478 1152 50 20 nyss
544 1145 97 27 påpekat.
670 1146 11 20 I
696 1146 39 20 den
751 1147 61 24 säges
822 1149 57 16 nem-

64 1173 63 26 ligen,
142 1175 32 19 att
188 1180 37 20 ,en
244 1174 181 26 sedelutgifvande
445 1174 145 25 centralbank,
610 1174 6 20 i
635 1174 113 27 synnerhet
766 1174 6 20 i
790 1172 90 22 kritiska

64 1201 62 26 tider,
141 1201 89 22 bereder
244 1204 58 19 stora
320 1201 94 22 fördelar
433 1202 23 21 ät
474 1202 166 27 uppehällandet
658 1202 23 21 af
698 1202 113 21 krediten".
840 1199 40 22 Ut-

65 1229 79 22 skottet
157 1229 39 22 har
214 1230 45 21 icke
277 1230 78 27 anfört,
374 1231 39 20 och
430 1231 39 26 jag
488 1231 39 21 har
546 1230 18 27 ej
585 1231 67 21 heller
670 1231 101 26 nägonsin
787 1229 93 22 hvarken

64 1260 42 19 sett
120 1258 52 21 eller
186 1258 49 21 hört
250 1259 66 26 nägon
332 1259 84 27 uppgift
431 1265 42 20 om,
489 1259 73 21 hvilka
576 1259 62 22 dessa
648 1261 58 19 stora
716 1259 94 21 fördelar
822 1263 57 20 vore,

64 1292 45 15 som
125 1292 25 15 en
165 1287 136 21 centralbank
315 1288 48 20 med
378 1287 101 27 monopol
495 1288 27 26 pä
532 1287 164 27 sedelutgifning
706 1287 69 21 skulle
786 1285 94 22 medföra

64 1314 35 21 vid
117 1316 57 20 stora
188 1315 80 21 krisers
282 1315 133 22 inträffande.
431 1315 101 22 Tvärtom
548 1316 39 21 har
599 1316 37 26 jag
651 1318 48 24 sett,
715 1317 31 19 att
761 1320 47 16 man
822 1313 58 21 män-

64 1343 112 26 genstädes
192 1344 46 26 just
255 1344 40 21 fått
312 1344 32 21 lof
361 1345 32 20 att
407 1344 98 27 tillgripa
519 1344 46 22 helt
580 1344 66 21 andra
660 1344 104 27 åtgärder,
780 1341 102 23 särskildt

64 1372 37 24 att,
116 1370 87 22 framför
221 1372 39 21 allt
277 1372 66 21 under
358 1372 92 22 kritiska
465 1374 64 25 tider,
545 1373 129 27 suspendera
690 1373 44 26 just
749 1371 132 22 de'bestäm-

64 1400 80 26 ningar,
162 1405 48 16 man
228 1400 55 22 inför
297 1400 32 22 till
349 1400 101 22 säkerhet
465 1401 35 21 för
515 1402 63 20 dessa
595 1401 80 21 banker
693 1401 47 21 med
760 1398 121 27 sedelutgif-

64 1428 165 26 ningsmonopol.
258 1429 48 21 Men
320 1429 38 27 jag
373 1429 87 21 befarar
475 1432 33 19 att
523 1430 33 21 till
571 1430 25 21 de
606 1430 100 26 fördelar,
718 1435 44 15 som
778 1433 47 16 man
835 1428 46 19 tän-

63 1456 39 22 ker
127 1456 37 27 sig,
186 1456 40 22 hör
250 1458 45 20 helt
316 1457 73 22 enkelt
411 1458 40 21 den
477 1458 189 27 omständigheten,
689 1459 31 20 att
742 1462 47 16 man
811 1455 71 21 kunde

64 1490 51 16 anse
130 1485 32 27 sig
176 1484 53 22 böra
242 1485 88 27 besluta,
347 1486 52 21 eller
415 1488 83 20 rättare
513 1487 63 26 sagdt
590 1486 68 22 förmå
672 1486 114 21 ständerna
800 1485 32 20 att
845 1483 37 22 be-
