1081 1723
335 106 93 27 Borgatest.
434 105 50 24 '1885.
500 109 24 19 18
536 106 39 26 :Mif:
797 105 44 22 1951

48 187 51 22 gare
118 180 69 26 också,
206 180 72 21 derest
291 178 145 28 löngifvarene
452 179 78 21 derom.
540 179 32 26 sig
588 177 81 27 förena,
684 177 42 22 kan
742 178 49 27 sjelf
804 179 60 20 verk-

49 209 63 22 ställa
130 209 31 21 sin
180 209 103 26 uppbörd,
300 208 25 21 sä
339 207 39 22 har
392 207 107 22 utskottet
514 207 111 26 medgifvit
639 208 32 19 att
686 207 178 26 uppbörden'kan

49 238 37 22 ske
101 237 60 22 äfven
176 237 28 27 på
218 239 64 18 anmat
296 238 43 20 sätt
353 237 27 20 än
396 236 41 21 den
452 236 108 21 allmänna
570 235 72 26 regeln
653 235 144 21 föreskrifver.
821 235 44 22 Der

50 269 30 20 ett
94 267 52 26 godt
160 265 131 22 förhållande
306 265 78 21 mellan
399 264 118 27 löntagare:
530 263 35 22 och
571 263 128 27 löngifvare
709 268 51 22 eger
770 270 45 15 rum
826 265 43 21 och

49 295 55 21 bäda
122 295 53 21 eller
193 293 122 27 nägondera
333 293 78 22 önskar
428 295 33 19 att
479 292 124 27 uppbörden
622 292 55 21 skall
697 292 37 21 ske
752 293 27 26 pä
796 293 70 26 gamla

50 325 70 24 sättet,
139 322 54 21 skall
212 322 60 21 alltid
291 323 72 20 derom
380 321 73 22 kunna
476 321 201 21 öfverenskommas.
710 321 44 21 När
769 321 98 22 deremot

50 353 31 20 ett
102 353 87 19 motsatt
210 350 132 22 förhållande
365 350 104 21 existerar
490 349 39 22 och
548 349 163 26 församlingens
730 350 137 21 medlemmar

51 380 68 21 skulle
138 379 65 22 önska
221 380 32 20 att
271 379 75 26 sjelfva
356 379 122 20 verkställa
492 378 132 27 uppbörden,
638 377 35 22 för
688 379 32 20 att
733 379 92 20 undvika
840 379 26 20 de

51 408 130 27 svärigheter
194 407 40 22 och
249 407 87 27 obehag,
347 412 45 17 som
406 407 27 21 de
448 407 58 21 förut
516 406 75 21 erfarit
600 406 36 21 vid
646 406 129 27 densamma,
785 407 24 22 sä
818 407 49 26 kan;

51 443 33 15 om
99 437 157 21 reservationen
271 438 93 25 äntages,
379 434 153 28 församlingen
548 435 46 21 icke
609 435 96 26 tillgripa
720 436 67 21 denna
797 438 70 25 utväg;

51 467 49 20 utan
116 467 85 25 presten
216 464 68 21 mäste
299 464 140 26 ovilkorligen
455 464 22 21 fä
492 464 32 21 sin
540 463 50 27 vilja
600 463 55 21 fram
665 463 40 22 och
715 463 70 22 kunna
795 464 73 21 fordra

51 495 32 20 att
97 494 50 27 sjelf
159 494 22 21 få
195 493 115 21 verkställa
324 492 132 28 uppbörden.
478 493 42 26 Jag
536 498 62 15 anser
613 492 90 21 sålunda
713 494 31 19 att
754 493 114 21 utskottets

52 522 79 27 förslag
150 522 87 21 innebär
255 521 42 22 alla
314 521 27 21 de
360 521 102 26 fördelar,
478 527 46 15 som
540 521 166 26 reservationen,
722 527 47 15 men
784 521 39 21 har
838 523 31 19 ett

52 553 54 19 stort
127 550 106 22 företräde
255 549 88 22 framför
363 550 162 21 reservationen
548 550 76 25 deruti,
646 551 33 19 att
698 549 37 22 det
753 550 66 26 enligt
833 550 36 21 det

52 579 145 22 förstnämnda
211 580 24 19 är
249 578 213 26 församlingen,som
478 579 6 20 i
500 578 53 21 sista
568 577 55 22 hand
638 577 62 27 afgör
715 578 54 21 huru
778 578 90 27 uppbör-

54 608 39 21 den
111 608 55 21 skall
185 607 43 25 ske,
246 607 27 21 dä
292 607 36 21 det
346 607 96 20 deremot
461 607 67 26 enligt
546 606 158 21 reservationen
723 607 40 20 blir
777 608 91 25 presten,

53 642 44 15 som
112 637 7 20 i
134 636 53 21 sista
200 635 56 21 hand
267 635 43 21 har
325 635 195 26 afgöranderätten.
549 635 41 26 Jag
604 635 65 26 yrkar
684 635 71 21 derför
769 635 28 27 pä
811 637 59 19 anta-

54 665 67 26 gande
136 665 28 21 af
172 664 114 22 utskottets
301 663 86 28 förslag.
474 671 2 5 :

111 693 70 22 »-Herr
191 693 145 21 Wasenius:
351 692 41 26 Jag
407 692 40 21 har
462 692 77 27 begärt
554 692 61 21 ordet
630 693 75 20 endast
720 692 33 21 för
768 694 31 19 att
809 692 7 21 i
827 692 42 21 allo

54 720 129 23 understöda
203 721 50 21 herr
273 721 127 20 Rönnbäcks
423 721 102 26 yrkande,
548 722 32 20 att
602 721 68 21 denna
688 721 101 26 paragraf
805 721 66 21 måtte

55 750 127 22 oförändrad
197 749 22 22 af
233 749 84 22 ståndet
331 749 131 27 godkännas.

122 778 57 22 Herr
196 778 123 26 Högman:
339 777 70 22 Också
422 778 38 26 jag
475 778 39 21 ber
528 780 33 19 att
576 778 22 21 få
611 778 130 21 understöda
755 778 116 22 utskottets

55 807 86 27 förslag.
163 802 59 36 Till.
231 807 24 21 de
275 806 52 26 skäl,
343 812 44 15 som
403 806 51 22 herr:
469 806 117 22 Rönnbäck
600 806 77 26 anfört,
693 806 38 22 ber
742 807 37 26 jag
793 806 22 22 få
829 807 42 21 till-

54 836 70 27 lägga,
143 837 31 20 att
192 841 25 16 en
236 834 102 28 uppbörd,
354 834 66 22 sådan
436 840 46 16 som
498 835 104 21 utskottet
616 834 118 27 föreslagit,
749 837 24 19 är
787 841 85 21 synner-

55 865 56 26 ligen
126 866 32 19 att
172 864 111 26 föredraga
297 864 7 20 i
320 864 25 21 de
361 863 44 26 fall,
422 863 28 22 då
460 864 36 21 vid
506 866 98 25 prestens
618 863 98 22 frånfälle
730 864 142 21 inkomsterna

56 893 105 27 uppbäras
177 892 23 21 af
213 892 126 26 sterbhuset,
355 892 127 21 arrendator
496 893 54 20 eller
565 893 72 20 andra.

122 921 57 22 Herr
195 921 102 21 Heikel:
312 920 55 21 Herr
377 921 119 21 Rönnbäck
506 921 39 21 har
555 921 99 21 anmärkt
664 923 31 19 att
705 921 37 22 det
752 921 120 22 nuvarande

56 950 173 27 uppbördssättet
250 951 23 19 är
295 949 70 21 odiöst
386 949 40 21 och
449 949 123 22 föranleder
594 949 100 27 afvoghet
716 950 38 21 och
773 949 101 22 bitterhet

56 979 78 21 mellan
152 979 84 26 presten
255 977 38 22 och
311 977 53 22 hans
383 977 135 28 församling.
547 978 39 21 Att
603 977 130 22 beträffande
751 978 122 27 uppbörden

57 1007 44 21 ofta
115 1013 42 20 nog
172 1005 177 28 misshälligheter
363 1006 65 21 hafva
437 1006 98 27 uppstått
545 1006 90 21 emellan
646 1009 110 24 presterna
766 1007 38 21 och
813 1007 61 21 deras

56 1035 149 26 församlingar
219 1037 24 18 är
258 1041 41 20 nog
314 1036 69 25 sannt,
397 1041 51 14 men
461 1035 40 26 jag
515 1036 46 19 tror
576 1037 31 18 att
622 1035 48 21 herr
685 1035 115 22 Rönnbäck
814 1035 60 21 miss-

57 1066 60 25 tager
134 1063 34 27 sig
186 1063 107 27 angående
311 1063 91 21 orsaken
420 1063 34 21 till
478 1063 70 22 denna
570 1063 104 27 oenighet.
707 1063 46 22 Den
771 1064 40 21 har
828 1063 47 22 icke

56 1092 96 27 uppstått
167 1091 71 22 derför
253 1093 31 20 att
298 1093 86 25 presten
400 1091 52 27 sjelf
466 1092 84 27 uppbär
564 1092 46 21 sina
624 1091 123 27 inkomster,
763 1094 49 19 utan
828 1092 47 21 der-

57 1121 34 21 för
109 1122 32 19 att
159 1120 26 21 de
197 1120 104 27 -grunder,
319 1119 54 22 efter
392 1120 73 21 hvilka
484 1120 41 21 han
544 1120 39 21 har
602 1122 42 19 rätt
662 1122 32 19 att
712 1121 94 26 uppbära
821 1121 54 26 dem,

57 1149 63 22 hafva
138 1149 55 21 varit
212 1149 24 21 så
253 1150 76 25 ytterst
347 1148 133 22 obestämda.
510 1149 42 21 Det
570 1151 24 19 är
612 1149 91 21 rörande
722 1149 153 26 lönebeloppet,

58 1184 45 15 som:
118 1177 178 27 misshälligheter
311 1177 140 27 uppkommit,
468 1183 48 15 men
531 1177 47 22 icke
593 1177 27 27 på
634 1178 69 26 grund
718 1177 61 22 deraf
787 1179 32 20 att
829 1183 47 21 pre-

59 1208 71 19 sterna
149 1205 75 27 sjelfva
241 1205 100 27 uppburit
359 1205 37 21 sitt
410 1205 206 27 tillgodohafvande.
646 1205 99 22 Tvärtom
761 1208 24 19 är
799 1207 37 20 det
850 1212 26 15 en

58 1234 24 21 af
98 1235 26 21 de
142 1236 55 19 mest
214 1233 164 28 patriarkaliska
395 1239 83 21 scener,
495 1240 45 15 som
555 1233 68 22 finnas
641 1235 7 20 i
663 1234 47 21 vårt
725 1235 55 26 land,
796 1240 80 20 scener,

59 1269 46 15 som
119 1262 70 21 blifvit
202 1262 117 27 besjungnä
333 1262 23 21 af
370 1262 52 21 våra
437 1262 89 22 skalder
541 1263 40 21 och
595 1263 122 26 förevigade
732 1263 23 21 af
768 1263 51 21 våra
833 1262 44 21 må-

59 1291 51 26 lare,
133 1291 27 21 då
182 1291 151 27 bondgummor
355 1291 38 20 och
416 1291 86 27 gubbar
519 1291 85 21 komma
622 1291 32 21 till
669 1293 84 25 presten
769 1291 48 22 med
831 1291 47 21 sina

59 1319 80 27 kappar
154 1319 38 22 och
208 1320 37 21 sitt
259 1321 57 20 smör
335 1319 39 21 och
391 1319 24 21 af
428 1322 110 23 prestmor
552 1319 117 27 undfägnas
685 1320 48 21 med
747 1320 61 26 kaffe,
823 1319 55 21 både

59 1347 49 22 med:
122 1347 39 22 och
173 1349 54 20 utan
242 1347 112 28 doppning.
369 1359 28 3 —
415 1347 59 22 Herr
493 1348 116 21 Rönnbäck
624 1349 50 20 sade
689 1348 79 27 vidare,
783 1350 32 19 att
830 1353 48 16 man

59 1381 79 23 genom:
149 1377 118 26 antagande
281 1376 23 21 af
317 1375 116 22 utskottets
449 1376 136 21 betänkande
600 1377 68 20 skulle
682 1377 63 20 vinna
755 1377 124 25 detsamma,

60 1410 45 16 som
124 1404 57 21 afses
199 1405 7 21 i
216 1405 170 21 reservationen.
400 1400 10 36 '
416 1404 69 22 Detta
504 1407 46 19 tror
565 1405 37 27 jag
618 1405 53 21 dock
685 1405 46 21 icke
747 1411 50 15 vara
811 1404 67 26 fallet,

60 1436 23 25 ty
97 1433 66 26 enligt
171 1432 149 23 betänkandet
335 1432 82 27 åligger
432 1433 38 27 det
480 1433 153 21 kommunerna
644 1435 30 19 att
684 1433 114 21 verkställa
810 1433 70 21 denna

60 1461 102 28 uppbörd,
181 1460 55 23 ifall.
249 1461 105 27 nemligen
372 1463 114 24 presterna
505 1462 47 21 icke
570 1462 111 26 godvilligt
699 1462 50 26 vilja
767 1462 62 25 ätaga
847 1461 33 26 sig

61 1490 128 22 densamma.
218 1489 42 21 Det
277 1490 64 21 beror
359 1488 85 22 således
463 1490 29 26 pä:
511 1490 69 26 dessa,
599 1490 104 21 huruvida
721 1490 26 21 de
761 1489 58 28 vilja
827 1491 57 25 göra

61 1519 36 21 det
112 1518 52 22 eller:
179 1517 52 27 icke,:och-
247 1516 205 28 församlingen
467 1518 43 21 kan
527 1518 69 27 aldrig
610 1519 71 26 tvinga
696 1518 94 21 dem:att
804 1517 76 27 sjelfva
