1089 1720
351 108 92 23 Borgarest.
455 108 44 19 1885.
523 108 17 19 15
552 108 40 23 Maj.
817 109 46 18 1209

127 177 73 20 vinner
214 177 41 27 nej,
271 177 39 21 har
325 176 172 27 borgareständet
511 176 83 21 beslutit
609 177 30 20 att
653 176 74 26 förena
741 176 33 27 sig
789 183 33 14 om
837 175 51 22 herr

58 205 135 22 Nummelins
207 204 184 27 petitionsförslag.

127 234 76 21 Denna
217 234 134 31 proposition
365 233 130 22 besvarades
511 233 48 21 med
575 233 158 26 öfvervägande
746 233 29 27 ja.

127 263 41 20 2:0.
199 261 40 26 De,
255 261 69 21 hvilka
341 261 10 21 i
369 261 68 22 denna
455 261 34 21 del
506 261 114 34 godkänna
635 261 107 21 utskottets
758 260 130 22 betänkande

59 290 148 31 oförändradt,
223 291 58 20 rösta
291 290 37 26 ja;
344 289 31 26 de,
391 290 34 21 det
440 289 43 26 icke
497 291 59 25 göra,
572 291 57 20 rösta
643 290 47 27 nej;

128 318 74 21 vinner
216 318 41 27 nej,
273 317 39 22 har
327 311 171 34 borgareståndet
513 317 84 22 beslutit
611 319 30 20 att
655 318 75 25 förena
744 317 32 27 sig
791 324 33 14 om
838 317 49 21 herr

59 346 90 21 Ervasts
160 346 183 27 petitionsförslag
357 347 108 26 angående
480 346 135 27 utvidgandet
630 346 24 26 af
664 346 86 27 Kajana
761 345 126 27 tvåklassiga

59 374 169 22 elementarskola
243 374 32 21 till
289 374 120 27 fyrklassig.

127 403 77 21 Denna
219 403 133 27 proposition
367 403 130 21 besvarades
513 403 48 21 med
577 403 28 21 29
618 403 24 26 ja
657 403 39 21 och
711 403 29 21 20
754 403 41 26 nej.

129 432 40 20 3:0.
199 431 40 26 De,
259 431 68 21 hvilka
343 431 114 26 godkänna
475 431 108 21 utskottets
604 431 129 21 betänkande
747 431 9 20 i
771 409 68 43 nä
854 429 34 21 del

60 460 147 32 oförändradt,
223 460 57 20 rösta
290 460 37 26 ja;
343 459 31 26 de,
390 460 34 20 det
438 459 45 21 icke
496 461 59 25 göra,
570 460 58 20 rösta
643 459 46 27 nej;

129 488 74 20 vinner
218 488 41 28 nej,
275 487 39 21 har
329 488 173 26 borgareständet
517 488 83 21 beslutit
615 489 29 19 att
659 488 74 26 förena
747 487 33 27 sig
795 494 33 14 om
838 487 50 21 herr

60 516 75 21 Lunds
147 516 182 26 petitionsförslag
344 516 107 26 angående
466 516 150 26 utvidgningen
626 516 24 26 af
661 516 124 26 tväklassiga
799 516 88 20 elemen-

61 544 107 22 tarskolan
197 544 9 20 i
221 544 145 21 Kristinestad
381 544 32 21 till
427 544 120 27 fyrklassig.

129 574 76 20 Denna
220 573 132 27 proposition
368 573 129 21 besvarades
513 574 48 20 med
577 573 158 26 öfvervägande
747 573 29 27 ja.

129 602 41 20 4:0.
200 600 41 26 De,
263 601 70 21 hvilka
354 600 113 28 godkänna
486 601 108 21 utskottets
612 600 81 27 förslag
713 600 31 22 till
762 600 75 28 lydelse
852 600 36 32 för

61 630 64 21 2:dra
141 618 105 32 klämmen
261 630 146 25 oförändradt,
424 631 58 19 rösta
495 630 36 26 ja;
548 630 31 26 de,
596 630 33 20 det
644 628 43 22 icke
701 630 58 26 göra,
773 630 58 20 rösta
840 628 46 26 nej;

129 658 74 20 vinner
221 658 40 26 nej,
280 658 39 20 har
338 658 171 26 borgareständet
525 658 94 27 godkänt
637 657 50 21 herr
697 642 131 47 Rönnbäcks
843 656 45 27 för-

61 686 45 28 slag
121 686 33 21 till
168 686 140 27 formulering
323 686 23 26 af
361 686 127 21 densamma.

129 714 34 21 Dä
185 714 62 22 äfven
269 715 69 21 denna
361 715 134 26 proposition
515 715 129 21 besvarades
664 715 48 21 med
731 714 158 26 öfvervägande

59 744 30 26 ja,
105 743 54 21 hade
176 743 85 21 ständet
279 743 90 21 sälunda
387 743 90 21 beslutit
496 743 114 27 godkänna
625 743 115 21 utskottets
759 742 81 26 förslag
854 742 34 20 till

61 772 141 26 formulering
227 771 24 21 af
271 772 60 20 2:dra
350 771 107 21 klämmen
476 772 137 25 oförändrad,
633 772 39 20 och
691 771 86 21 härmed
795 777 39 15 var
849 770 40 20 all-

62 802 77 19 männa
154 800 205 20 besvärsutskottets
375 800 135 21 betänkande
525 800 24 20 af
563 800 86 20 ständet
663 799 182 21 slutbehandladt.

130 828 57 21 Herr
202 828 123 21 talmannen
340 828 73 21 afbröt
427 828 54 20 härä
497 830 66 19 mötet
578 828 28 26 på
618 834 29 15 en
663 830 62 24 gvart
739 829 79 19 timme.

132 901 70 21 Sedan
222 901 95 21 ständets
337 901 139 21 medlemmar
497 902 53 26 änyo
569 901 78 26 intagit
667 901 46 21 sina
731 901 87 26 platser,
837 906 54 20 upp-

63 931 48 26 togs
129 929 32 21 till
177 929 130 27 behandling
322 929 108 21 allmänna
445 929 207 22 besvärsutskottets
668 929 133 22 betänkande
812 934 34 15 n:o
863 928 27 21 23

63 958 49 21 med
127 958 115 26 anledning
258 958 23 21 af
295 958 41 21 den
351 958 125 26 berättelse,
493 964 45 15 som
554 958 95 26 afgifvits
665 958 22 21 af
701 958 40 21 den
753 958 22 21 af
785 957 55 21 1882
856 956 35 21 ärs

64 986 93 26 ständer,
173 985 34 22 för
223 986 165 21 förberedandet
403 986 24 21 af
441 993 26 14 en
487 987 86 20 ärestod
592 987 32 20 till
647 986 115 21 äminnelse
778 985 23 21 af
814 984 78 27 Kejsa-

64 1021 37 15 ren
118 1003 134 32 Storfursten
267 1015 121 20 Alexander
403 1015 22 20 II
441 1015 92 21 tillsatta
549 1014 156 27 delegationen.

132 1042 123 21 Utskottets
268 1043 81 26 förslag
364 1044 33 19 att
412 1045 147 19 monumentet
573 1043 70 21 skulle
658 1048 103 21 uppresas
771 1041 28 27 pä
809 1043 83 20 senats-

64 1072 71 25 torget
150 1071 7 20 i
173 1071 136 26 Helsingfors
325 1071 48 21 stad
388 1071 46 20 blef
448 1071 23 21 af
486 1071 86 21 ständet
587 1071 105 26 enhälligt
706 1070 115 27 godkändt.

133 1099 123 21 Utskottets
271 1099 82 26 förslag
368 1099 133 22 beträffande
513 1101 65 20 sättet
588 1099 33 21 för
632 1099 108 21 eskissens
750 1098 142 21 utarbetande

65 1127 38 22 och
119 1127 77 27 sjelfva
211 1129 156 20 monumentets
383 1127 115 22 utförande
513 1128 38 26 gaf
565 1128 115 26 anledning
696 1128 32 20 till
743 1127 95 27 följamde
849 1126 43 21 dis-

63 1156 98 21 kussion:

133 1184 57 21 Herr
198 1184 123 21 Neovius:
333 1184 34 21 Då
374 1185 81 20 redan
447 1178 10 38 i
466 1186 79 19 tvenne
552 1184 62 21 stånd
626 1184 115 21 utskottets
751 1182 143 23 förevarande

65 1214 94 20 moment
178 1212 39 21 har
235 1213 116 26 undergått
369 1219 26 14 en
414 1213 126 26 förändring
559 1213 6 20 i
585 1213 36 20 det
640 1212 62 27 syfte,
721 1214 32 19 att
771 1211 123 22 samarbete

66 1241 69 21 skulle
151 1240 82 21 utföras
249 1241 76 21 endast
337 1241 78 20 mellan
427 1241 170 26 bildhuggarene
609 1241 115 32 Runeberg
735 1241 38 20 och
785 1240 107 24 Takanen,

66 1269 24 21 så
105 1269 50 20 ville
169 1269 38 25 jag
226 1269 80 21 föreslå
325 1271 32 19 att
375 1269 86 21 ståndet
481 1269 69 21 skulle
570 1269 74 21 förena
660 1269 32 26 sig
711 1275 32 14 om
760 1274 81 15 samma
856 1269 37 18 än-

66 1297 68 26 dring,
150 1297 28 26 på
193 1298 37 20 det
248 1299 32 19 att
299 1298 88 20 ärendet
406 1297 91 21 sålunda
517 1297 70 21 blefve
605 1296 100 27 afgjordt,
724 1296 27 21 då
769 1296 124 26 derigenom

65 1327 33 19 tre
117 1324 74 22 stånds
211 1326 180 20 samstämmande
407 1326 72 20 beslut
494 1325 85 21 komme
595 1325 33 21 till
649 1325 68 21 stånd.
747 1325 10 20 I
772 1324 74 21 stället
860 1322 35 22 för

66 1353 66 21 orden
148 1353 61 26 ,vårt
224 1353 62 21 lands
302 1355 55 19 mest
371 1353 146 22 framstående
533 1353 151 27 bildhuggare"
703 1353 90 21 föreslår
806 1352 38 27 jag
861 1351 35 21 sä-

66 1381 59 22 ledes
133 1369 33 32 att
177 1381 86 21 ståndet
274 1382 49 20 ville
332 1383 77 25 antaga
420 1382 67 21 orden
499 1382 86 26 ,herrar
596 1382 115 26 Runeberg
721 1381 39 21 och
773 1380 123 31 Takanen*.

135 1407 57 23 Herr
207 1410 105 20 Heikel:
331 1410 41 26 Jag
388 1410 94 26 begärde
499 1398 62 33 ordet
579 1410 76 20 endast
670 1409 33 21 för
719 1411 31 19 att
765 1408 68 22 uttala
852 1407 43 26 mig

66 1438 8 20 i
85 1443 80 16 samma
176 1437 56 26 syfte
245 1444 44 15 som
302 1438 49 20 herr
363 1438 101 26 Neovius,
477 1438 40 22 och
529 1438 38 21 ber
579 1438 22 21 få
611 1438 75 21 förena
698 1438 43 26 mig
753 1438 47 20 med
809 1436 87 20 honom.

137 1465 71 21 Sedan
223 1465 53 21 härå
291 1461 151 26 diskussionen
457 1455 133 33 beträffande
605 1468 116 19 momentet
735 1466 13 21 2
761 1466 7 20 i
778 1464 118 22 utskottets

67 1494 57 20 kläm
141 1493 116 21 förklarats
277 1494 100 26 afslutad,
396 1495 115 26 nppstälde
530 1495 50 21 herr
599 1494 121 22 talmannen
738 1492 94 28 följande
851 1497 46 15 om-

67 1522 252 26 röstningsproposition:
