1109 2339
242 403 50 33 1292
506 410 92 24 Borgarest.
610 410 44 20 1085.
674 410 21 19 19
701 411 43 23 Maj:

220 477 76 27 tagligt
311 480 31 20 att
356 478 58 22 detta
428 478 131 22 förhållande
574 480 6 20 i
596 482 56 19 ännu
667 486 58 15 mera
740 478 71 23 direkt
824 478 47 22 män
882 479 55 21 skall
948 479 90 26 inverka

220 506 27 27 pä
268 506 38 22 vär
327 507 83 27 import.
442 507 219 22 Bomullsfabrikerna
683 509 81 26 nödgas
786 507 28 21 dä
836 507 52 22 söka
910 508 33 27 sig
965 510 69 19 större

220 534 102 22 marknad
336 536 56 21 inom
408 538 48 24 eget
470 536 50 21 land
530 537 39 21 och
575 538 104 25 uttränga
688 536 114 22 utländska
812 536 117 21 fabrikater
939 537 6 20 i
954 542 80 16 samma

220 563 55 26 män,
295 564 6 20 i
320 564 52 26 följd
390 564 75 21 hvaraf
481 565 144 21 inkomsterna
644 564 46 22 från
708 564 124 22 tullmedlen
850 564 68 22 måste
933 564 101 21 minskas.

221 591 84 22 Samma
323 593 24 20 är
364 592 141 22 förhållandet
523 593 47 21 med
588 593 104 27 åtskilligt
706 595 71 23 annat,
792 594 22 25 ty
829 593 67 21 kändt
912 595 23 19 är
950 594 31 20 att
995 593 39 21 im-

219 622 87 25 portens
324 621 80 21 storlek
422 621 7 21 i
446 621 103 27 väsentlig
568 622 52 27 grad
636 622 97 27 betingas
748 621 23 22 af
784 623 120 25 exportens.
933 622 41 27 Jag
988 623 47 20 tror

220 648 82 21 således
317 651 32 19 att
362 649 103 22 utskottet
479 650 46 21 icke
540 650 88 21 handlat
642 650 41 21 vist
697 650 31 21 uti
744 651 32 20 att
786 649 49 27 höja
845 649 144 28 beräkningen
999 649 35 22 för

220 683 25 15 en
261 677 98 26 inkomst,
374 683 44 16 som
437 679 65 26 enligt
521 679 41 20 min
578 681 34 19 tro
628 679 64 21 redan
707 679 7 20 i
730 678 78 27 nådiga
822 678 156 27 propositionen
994 679 40 20 har

220 705 69 21 blifvit
304 707 62 25 tagen
380 706 66 27 högre
460 709 26 18 än
502 707 47 21 med
560 707 92 26 behöflig
661 707 135 26 försigtighet
806 713 50 15 vore
866 707 106 26 förenligt.
992 707 42 27 Jag

219 733 85 22 förenar
319 735 43 26 mig
376 734 33 21 för
424 735 63 27 öfrigt
501 735 47 22 med
564 735 50 22 herr
628 736 104 26 Eneberg.

287 762 56 22 Herr
357 763 101 22 Heikel:
473 763 32 22 De
520 764 36 21 två
570 766 85 20 senaste
674 765 83 21 talarne
772 763 63 22 hafva
850 763 56 28 gjort
921 763 57 27 flere,
993 763 39 22 och

220 790 36 22 det
277 791 81 27 ganska
379 793 129 26 graverande
530 793 169 27 anmärkningar,
722 794 44 20 mot
792 792 115 22 utskottets
928 792 103 28 kalkyler.

219 819 125 27 Uppenbart
359 822 24 19 är
398 822 36 25 att,
450 821 28 21 då
492 822 36 20 det
545 822 69 26 gäller
632 824 32 19 att
681 822 108 27 uppställa
804 827 25 15 en
844 820 141 28 finanskalkyl
1000 820 34 22 för

220 848 12 21 3
248 848 24 21 år
286 848 84 27 framåt,
385 850 67 20 denna
467 849 82 27 uppgift
564 851 24 19 är
603 850 80 27 ganska
698 850 55 26 svår,
769 850 39 21 och
824 851 31 20 att
870 850 164 26 anmärkningar

220 878 44 20 mot
282 877 122 22 densamma
421 878 59 21 alltid
499 878 71 21 kunna
588 880 70 25 göras.
688 878 42 22 Det
749 880 63 20 beror
830 878 73 21 dervid
923 878 61 21 äfven
999 878 34 26 på,

219 905 48 21 med
282 905 72 21 hvilka
369 908 53 24 ögon
442 913 46 15 man
508 913 34 15 ser
560 906 114 22 framtiden
692 907 32 21 till
740 909 75 23 mötes,
831 912 33 16 om
880 912 48 16 man
942 908 44 20 tror
1002 908 32 19 att

219 933 160 23 förhållandena
394 935 60 21 skola
468 935 130 21 fortfarande
613 936 27 26 gå
655 935 77 22 framåt
746 936 54 21 eller
815 937 31 19 att
859 935 62 21 svåra
931 935 55 21 tider
995 941 39 15 un-

220 962 38 21 der
272 962 27 22 de
313 962 139 22 instundande
468 964 49 21 åren
532 963 86 22 förestå.
652 964 110 22 Utskottet
780 964 39 21 har
838 963 66 27 enligt
924 964 41 20 min
981 969 53 21 upp-

219 990 91 27 fattning
328 991 102 22 beräknat
448 992 200 27 öfverhufvudtaget
666 992 82 28 mycket
766 992 114 27 försigtigt.
913 992 30 21 Af
960 992 74 21 herrar

219 1019 99 27 Eneberg
333 1020 39 20 och
387 1020 93 26 Ignatius
496 1020 40 22 han
552 1022 108 20 anmärkts
675 1021 79 26 derom,
770 1022 32 20 att
816 1020 104 22 utskottet
930 1020 44 28 höjt
984 1020 50 21 tull-

219 1047 122 22 intraderna
356 1049 47 21 med
418 1049 91 26 300,000
524 1049 59 21 mark
600 1049 83 22 utöfver
698 1050 54 21 hvad
772 1049 126 27 regeringen
916 1048 117 28 föreslagit,

220 1076 39 21 och
274 1076 87 22 anförde
375 1077 49 21 herr
438 1078 104 26 Eneberg,
558 1080 32 19 att
604 1078 104 21 utskottet
725 1078 47 21 utaf
789 1078 26 21 de
830 1078 91 26 tidigare
936 1077 50 21 åren
1001 1079 32 19 ta-

219 1104 32 27 git
272 1105 123 21 medeltalet
413 1105 23 22 af
452 1106 54 26 dem,
524 1112 46 15 som
588 1106 106 22 befunnits
713 1106 33 22 för
762 1106 115 22 utskottets
892 1106 141 26 beräkningar

218 1132 128 28 lämpligast.
375 1133 32 21 En
426 1134 64 22 sådan
508 1134 134 28 beskyllning
661 1135 37 21 ber
717 1135 38 27 jag
776 1134 23 22 få
820 1134 142 21 tillbakavisa.
990 1134 43 22 Det

219 1160 39 22 har
281 1162 68 26 aldrig
371 1162 57 22 förut
449 1163 55 21 varit
525 1164 79 26 vanligt
623 1165 31 19 att
673 1170 47 14 man
740 1163 34 21 vid
790 1162 244 28 medeltalberäkningar

219 1190 47 26 gått
280 1190 72 26 längre
367 1190 88 22 tillbaka
473 1193 26 19 än
517 1192 31 20 till
568 1192 27 20 de
610 1193 32 20 tre
658 1191 140 22 sistförflutna
812 1191 57 21 åren.
899 1191 133 27 Regeringen

218 1218 56 22 hade
288 1218 39 21 här
342 1219 117 21 emellertid
474 1220 53 26 tagit
545 1226 26 15 en
592 1220 220 26 medeltalberäkning
830 1219 34 21 för
882 1220 26 20 de
922 1220 14 21 6
951 1219 83 21 sistför-

218 1246 67 22 flutna
300 1247 56 25 åren,
372 1248 164 27 uppenbarligen
551 1249 7 20 i
574 1248 64 27 afsigt
656 1250 31 20 att
705 1248 90 22 sålunda
810 1248 6 21 i
831 1248 46 21 sina
891 1248 143 26 beräkningar

219 1274 21 21 få
251 1275 20 20 in
283 1275 23 20 år
318 1276 60 25 1879,
394 1281 45 16 som
454 1283 37 14 var
506 1277 43 20 helt
564 1277 38 21 och
618 1277 66 21 hållet
698 1276 149 27 exceptionelt,
862 1276 39 21 och
912 1276 120 26 derigenom

219 1303 22 21 få
256 1303 122 22 medeltalet
392 1305 65 26 något
472 1305 63 26 lägre.
557 1305 110 21 Utskottet
681 1305 55 21 hade
751 1305 88 21 handlat
854 1306 83 25 rättast,
952 1310 33 15 om
997 1305 36 20 det

218 1331 55 22 hade
288 1331 54 28 tagit
356 1333 122 21 medeltalet
492 1333 32 21 för
540 1333 25 22 de
580 1335 34 20 tre
624 1335 83 20 senaste
718 1334 58 25 åren,
787 1339 47 15 men
846 1333 103 21 utskottet
958 1332 74 27 gjorde

220 1360 36 21 det
273 1360 53 27 icke,
345 1361 88 21 emedan
451 1361 98 28 kalkylen
568 1362 28 21 då
614 1362 54 21 hade
686 1362 60 21 ställt
765 1361 33 27 sig
816 1361 73 21 alltför
903 1361 129 27 förmånligt.

218 1388 70 21 Fallet
304 1395 37 14 var
355 1390 106 26 nemligen
476 1392 30 19 att
521 1391 163 20 tullintraderna
699 1391 67 20 under
777 1390 24 21 år
812 1389 55 22 1884
877 1390 47 21 med
936 1389 96 27 omkring

220 1417 46 25 1'/2
276 1417 73 26 miljon
360 1417 118 28 öfverstego
489 1419 99 26 beloppet
598 1419 33 20 för
646 1419 24 20 år
681 1419 61 21 1883.
760 1419 62 20 Hade
830 1424 48 15 man
890 1418 54 27 tagit
954 1418 78 21 medel-

218 1445 54 21 talet
286 1445 34 21 för
334 1446 26 20 de
379 1447 32 20 tre
430 1449 84 19 senaste
532 1447 56 26 åren,
608 1447 54 22 hade
681 1447 72 21 derför
772 1447 59 20 detta
849 1446 70 21 blifvit
936 1446 98 27 omkring

218 1473 94 26 400,000
329 1474 60 21 mark
410 1475 64 27 högre
493 1477 25 19 än
541 1475 105 22 utskottet
662 1482 29 15 nu
712 1474 105 23 beräknat
838 1475 123 21 detsamma.
990 1474 44 21 Det

218 1507 38 15 var
272 1502 74 21 endast
361 1503 39 20 och
415 1503 90 22 allenast
520 1503 32 22 för
568 1505 32 20 att
614 1504 57 21 hålla
685 1504 32 27 sig
732 1504 33 21 till
782 1505 33 20 tre
830 1503 30 26 år,
875 1503 72 21 hvilka
960 1503 44 21 kun

218 1535 63 16 anses
296 1530 64 27 något
378 1531 24 21 så
420 1533 38 20 när
476 1533 101 25 normala,
593 1538 45 15 som
652 1533 106 20 utskottet
772 1531 98 22 uteslutit
884 1531 25 21 år
924 1531 55 22 1884
994 1531 39 21 och

218 1557 62 23 hållit
295 1559 32 27 sig
341 1559 33 21 till
390 1559 49 22 åren
456 1561 145 21 1881—1883.
630 1561 74 27 Någon
720 1560 96 27 antaglig
829 1560 68 27 grund
908 1559 33 22 för
956 1562 30 19 att
1000 1559 33 21 in-

218 1586 121 22 komsterna
361 1588 68 22 under
454 1589 40 21 den
515 1589 93 27 följande
630 1589 172 27 treårsperioden
822 1588 69 22 skulle
910 1588 123 27 understiga

218 1615 48 22 dem
278 1616 66 21 under
360 1616 26 22 de
401 1616 127 28 föregående
543 1618 51 21 åren
608 1618 113 21 förefinnes
736 1618 44 26 mig
795 1617 116 26 veterligen
925 1616 53 27 icke,
994 1616 38 22 och

218 1644 66 27 ansåg
298 1645 104 21 utskottet
416 1646 71 21 derför
501 1646 46 22 icke
562 1646 78 27 skäligt
655 1648 31 20 att
695 1646 96 22 beräkna
801 1645 162 21 tullintraderna
972 1645 61 27 lägre

218 1674 26 19 än
260 1678 45 16 som
321 1673 63 21 skett.
506 1680 2 3 a

286 1701 29 21 Af
328 1701 49 21 herr
391 1702 99 27 Eneberg
504 1703 85 26 gjordes
604 1703 72 21 vidare
691 1709 25 15 en
731 1703 37 21 hel
782 1702 77 27 mängd
870 1702 164 26 anmärkningar

218 1731 44 19 mot
277 1730 25 20 de
318 1730 96 27 kalkyler
430 1729 58 23 öfver
502 1731 144 21 statsfondens
660 1731 122 27 tillgångar,
794 1737 44 15 som
848 1730 68 21 finnas
926 1732 107 25 upptagna

216 1757 28 27 pä
259 1764 47 21 pag.
323 1759 33 26 13,
372 1759 40 21 och
424 1759 37 27 jag
476 1760 36 20 vill
527 1761 64 25 öppet
606 1760 99 26 erkänna,
721 1762 33 19 att
768 1759 105 21 utskottet
888 1759 6 21 i
910 1758 99 22 afseende
1020 1758 13 21 &

216 1786 44 21 alla
275 1786 63 22 dessa
352 1787 70 21 siffror
437 1788 46 21 icke
497 1788 80 21 kunnat
592 1788 82 21 komma
689 1788 33 21 till
737 1788 40 21 full
794 1787 105 21 säkerhet.
921 1786 61 22 Hvad
996 1786 36 21 be-

216 1814 74 22 träffar
308 1818 74 24 posten
402 1816 110 26 1,414,000
530 1816 66 27 mark,
616 1817 116 26 utgörande
756 1814 276 24 öfverskottsstatsmedels-
