1086 1781
222 107 44 19 1174
485 109 93 23 Borgarest.
590 109 44 19 1885.
657 109 17 19 15
686 109 39 23 Maj.

266 176 112 28 Upplästes
393 178 33 21 till
438 178 106 28 justering
559 178 40 22 och
613 178 124 27 godkändes
752 177 67 27 några
834 177 76 27 utdrag
920 183 25 15 ur
956 176 57 22 stån-

200 206 47 21 dets
262 206 104 26 protokoll
380 206 46 22 från
442 209 83 19 senaste
541 208 164 20 sammanträde.

266 291 55 21 Från
344 292 135 22 medstånden
501 293 55 21 hade
578 293 117 26 inkommit,
711 292 125 27 föredrogos
852 292 39 21 och
906 292 58 21 lades
979 291 34 22 till

200 319 152 27 handlingarna
366 321 104 21 särskilda
484 322 202 26 protokollsutdrag,
703 321 116 27 nemligen:

269 349 32 21 1:0
316 348 46 22 från
377 349 146 28 ridderskapet
538 350 38 21 och
592 350 64 21 adeln
671 350 47 21 med
734 350 115 21 förmälan:

269 379 30 19 att
321 377 83 22 ståndet
422 378 31 21 till
468 378 141 28 lagutskottet
624 379 119 21 remitterat
758 378 60 21 Hans
833 378 120 26 Kejserliga
967 377 46 22 Ma-

198 405 76 27 jestäts
300 406 76 27 nådiga
397 408 128 26 proposition
548 407 109 27 angående
680 407 160 21 bestämmande
862 406 24 21 af
905 406 56 21 vissa
983 406 30 21 äl-

200 434 136 27 dersgränser
357 435 33 21 för
412 435 119 22 officerares
553 436 34 21 vid
603 435 68 22 finska
686 436 107 21 militären
809 435 77 27 afgång
901 441 25 15 ur
945 434 68 28 krigs-

201 462 103 27 tjensten
295 458 12 35 ;

269 493 30 19 att
321 492 89 27 ståndet,
429 493 33 21 vid
478 493 155 27 behandlingen
649 494 23 21 af
685 493 45 27 lag-
746 493 40 21 och
802 492 211 22 ekonomiutskottets

201 519 131 22 betänkande
350 521 7 20 i
377 522 110 27 anledning
502 522 23 21 af
538 522 59 22 Hans
612 522 120 27 Kejserliga
748 522 112 26 Majestäts
875 521 76 27 nådiga
965 527 48 21 pro-

201 549 92 26 position
314 555 34 16 n:o
372 550 32 26 16,
427 556 32 15 om
478 551 118 26 antagande
612 551 23 21 af
649 551 100 26 skogslag
765 550 34 21 för
813 550 96 26 Finland,
926 549 37 22 och
979 555 34 16 n:o

201 577 34 26 37,
257 578 47 21 med
326 578 121 22 alternativt
468 579 80 27 förslag
570 580 32 20 till
624 579 81 28 lydelse
721 579 33 21 för
770 579 106 21 särskilda
890 578 123 27 paragrafer

200 605 7 21 i
230 607 89 20 nämnda
341 607 79 27 förslag
440 607 32 21 till
488 608 106 27 skogslag,
611 608 87 21 beslutit
712 610 31 19 att
758 607 33 22 till
807 607 69 27 grund
890 607 33 21 för
939 607 74 26 detalj-

200 634 153 27 granskningen
376 636 62 27 lägga
452 636 239 27 författningsförslaget
705 637 69 21 under
789 635 135 22 alternativet
938 635 28 28 a),
977 635 36 22 be-

200 662 103 22 träffande
317 663 80 22 hvilket
411 664 79 27 förslag
505 665 84 21 ståndet
604 667 86 19 stannat
704 666 6 20 i
726 665 95 27 följande
836 665 79 20 beslut:
931 664 24 28 $$
972 665 41 20 1—

201 691 26 21 12
249 693 92 25 antogos,
358 693 65 26 enligt
443 694 115 21 utskottets
580 693 90 27 förslag;
685 694 25 27 $$
728 693 84 22 13—15
827 693 132 21 förkastades
974 693 39 21 och

200 719 65 22 borde
287 721 6 20 i
317 721 61 21 deras
400 722 61 21 ställe
483 723 6 20 i
509 722 101 27 förslaget
625 723 79 20 införas
720 725 78 18 tvenne
814 728 40 21 nya
868 721 123 28 paragrafer
1005 722 7 20 i

200 747 205 24 öfverenstämmelse
420 751 47 20 med
483 751 40 21 den
539 751 22 20 af
574 751 74 21 herrar
662 751 108 21 Fabritius
787 751 38 20 och
840 750 119 21 Nummelin
975 756 37 15 un-

200 776 140 23 dertecknade
362 779 163 26 reservationen,
547 779 107 22 äfvensom
677 779 165 27 paragrafernas
864 778 148 27 nummerföljd

198 805 39 21 och
251 805 175 28 hänvisningarna
441 808 31 20 till
488 808 66 21 andra
568 808 123 27 paragrafer
706 809 7 20 i
729 808 96 27 enlighet
839 807 86 22 härmed
936 809 75 24 rättas;

212 833 11 28 $
247 835 81 20 16-—21
351 835 132 26 godkändes;
505 836 33 21 för
553 837 11 26 8
580 837 27 21 22
622 839 75 24 antogs
713 837 40 20 den
779 836 85 27 lydelse,
885 836 39 21 den
940 836 72 21 betän-

197 862 79 21 kandet
297 863 111 27 vidfogade
426 865 55 26 3:dje
498 865 157 21 reservationen
670 865 129 26 innehåller;
816 865 23 27 $$
855 865 84 20 23—24
953 867 59 18 anto-

198 897 37 20 gos
251 891 149 27 oförändrade;
416 893 41 21 6:te
473 893 47 27 kap.
537 893 193 22 återremitterades
746 893 35 22 till
804 893 103 22 utskottet
929 893 33 21 för
981 895 31 19 att

197 919 119 22 omarbetas
337 921 7 20 i
367 921 74 21 sådant
463 921 59 27 syfte,
546 924 31 19 att
599 922 165 27 skogsåverkan,
781 922 38 21 der
840 922 36 20 det
898 921 113 22 afverkade

196 949 47 26 steg
264 949 33 20 till
319 950 30 19 ett
370 949 64 21 värde
456 950 23 21 af
500 951 28 20 20
546 951 59 20 mark
629 951 52 20 eller
704 957 66 20 mera,
794 950 68 21 skulle
884 950 67 21 kallas
974 950 38 21 och

196 976 84 21 straffas
296 977 68 21 såsom
380 978 65 26 stöld;
462 978 24 27 $$
501 979 83 21 46—48
600 979 133 26 godkändes;
750 979 8 27 $
773 979 24 21 49
812 978 45 21 blef
866 979 31 20 till
907 978 105 22 utskottet

195 1005 176 27 återremitterad,
387 1006 33 21 för
442 1007 39 21 den
496 1007 100 22 händelse
612 1009 32 19 att
658 1007 162 27 ridderskapets
836 1007 38 21 och
889 1007 72 21 adelns
977 1007 34 21 be-

196 1033 50 26 slut,
262 1036 31 19 att
307 1034 156 27 skogsåverkan
481 1036 7 20 i
503 1035 56 22 vissa
574 1035 38 22 fall
627 1042 50 15 vore
692 1038 32 19 att
739 1035 111 22 betraktas
865 1035 69 22 såsom
949 1036 62 26 stöld,

194 1061 69 22 skulle
285 1062 109 22 föranleda
416 1064 32 20 till
470 1063 139 28 borttagande
633 1064 23 21 af
677 1065 26 20 de
719 1065 6 20 i
740 1063 132 28 paragrafen
888 1065 123 20 omnämnde

195 1089 137 27 tjenstemäns
354 1092 101 26 rättighet
476 1094 31 19 att
529 1093 75 26 sjelfve
619 1093 67 21 vittna
702 1093 29 21 uti
748 1093 24 20 af
787 1093 47 20 dem
850 1092 85 27 angifna
953 1093 58 21 åver-

194 1117 63 22 kans-
279 1119 52 21 eller
355 1119 209 28 skogstjufnadsmäl;
588 1121 11 28 &
614 1122 28 21 50
657 1121 198 22 återremitterades
870 1121 33 21 för
918 1121 26 22 de
966 1121 45 22 deri

194 1146 86 27 intagna
302 1148 255 27 straffoestämningarnas
572 1149 116 27 bringande
703 1150 7 21 i
726 1149 222 22 öfverensstämmelse
963 1149 48 22 med

194 1175 106 22 allmänna
322 1176 72 27 lagens
410 1177 130 27 stadganden
556 1184 33 15 om
605 1178 61 21 straff
679 1178 33 21 för
727 1178 135 26 delaktighet
877 1178 7 21 i
905 1178 64 26 stöld;
986 1177 25 28 $$

193 1203 34 26 51,
250 1204 33 25 52,
306 1205 27 21 54
356 1205 38 21 och
416 1206 27 21 55
461 1206 193 22 äterremitterades
674 1207 33 20 för
722 1209 33 19 att
770 1207 96 26 undergä
882 1206 64 21 sädan
968 1212 43 15 om-

192 1231 145 28 formulering,
352 1233 86 22 hvartill
453 1235 147 26 ridderskapet
615 1235 38 21 och
669 1235 74 21 adelns
759 1235 73 21 beslut
846 1235 108 26 angäende
969 1235 42 22 6:te

193 1260 48 27 kap.
263 1261 129 27 föranledde,
412 1262 107 22 hvaremot
539 1263 24 27 $$
578 1264 34 25 53,
628 1264 33 25 56,
677 1264 27 21 57
721 1263 39 22 och
776 1263 28 22 58
820 1263 128 27 godkändes,
963 1264 47 21 sist-

193 1289 92 21 nämnda
306 1290 101 27 paragraf
427 1291 64 21 likväl
514 1292 48 21 med
576 1292 146 27 anmärkning,
738 1294 34 19 att
786 1292 112 26 misstaget
913 1292 34 21 vid
962 1292 49 21 &be-

193 1318 103 26 ropandet
318 1318 23 21 af
362 1319 10 27 $
392 1319 33 27 34,
448 1320 69 21 sävidt
539 1321 116 21 detsamma
676 1321 48 21 med
748 1321 116 26 anledning
886 1320 23 21 af
929 1321 81 21 ridder-

193 1346 76 26 skapet
291 1347 39 21 och
352 1348 72 21 adelns
447 1348 62 22 ofvan
528 1349 90 21 berörda
633 1349 70 21 beslut
718 1349 56 27 egde
790 1349 139 27 tillämpning,
945 1349 65 22 borde

193 1376 79 25 rättas
269 1372 13 38 ;
287 1376 160 21 vidkommande
463 1377 65 21 sedan
543 1377 133 22 alternativet
691 1378 30 27 b),
737 1378 57 21 hade
810 1377 146 28 ridderskapet
971 1378 39 21 och

192 1403 63 21 adeln
278 1404 86 21 beslutit
386 1406 31 19 att
432 1405 43 21 låta
489 1406 48 20 med
552 1406 154 26 granskningen
722 1406 24 22 af
760 1407 119 20 detsamma
893 1406 57 26 bero,
966 1406 44 21 tills

192 1432 80 21 visshet
294 1433 90 26 vunnits,
400 1433 103 22 huruvida
518 1434 140 26 lagutskottet
672 1435 70 21 hunne
758 1434 83 28 afgifva
856 1434 131 22 betänkande
1003 1434 7 20 i

191 1460 114 28 anledning
323 1461 22 21 af
359 1461 77 27 nådiga
450 1463 157 26 propositionen
622 1469 34 15 om
672 1463 123 27 antagande
810 1462 24 22 af
847 1463 78 21 allmän
941 1462 69 22 straff-

190 1488 35 26 lag
240 1489 33 21 för
288 1490 89 20 Finland
393 1496 26 15 m.
436 1496 26 16 m.
478 1492 61 25 samt,
555 1491 7 21 i
577 1491 65 21 sädan
657 1491 111 27 händelse,
786 1497 34 15 om
836 1492 90 21 nämnda
937 1491 72 21 betän-

189 1516 70 22 kande
281 1518 70 21 kunde
374 1520 56 20 ännu
452 1520 34 20 vid
508 1520 142 21 innevarande
669 1520 105 26 landtdag
790 1520 170 25 slutbehandlas;
977 1521 33 19 ut-
