1086 1720
364 104 92 22 Borgarest.
468 104 45 20 1885.
534 105 16 18 11
562 104 39 23 Maj.
830 104 44 18 1101

142 173 61 20 Hvad
219 172 95 27 återigen
331 172 36 21 det
382 171 100 23 förnäma.
494 172 85 21 utfallet
593 173 46 20 mot
654 171 245 27 Hushållningssällska-

73 203 38 24 pet
129 200 108 26 beträffar,
257 201 24 20 så
299 200 37 22 vill
353 200 38 27 jag
408 200 56 22 först
482 202 77 19 nämna
573 202 33 19 att
618 200 38 27 jag
671 200 47 21 icke
733 200 71 21 anfört
818 200 80 21 Finska

73 229 286 26 Hushällningssällskapets
374 229 111 21 utlåtande
500 228 132 21 beträffande
650 228 104 27 förslaget
772 229 32 21 till
824 228 75 26 skogs-

73 257 42 26 lag,
131 257 6 21 i
153 257 66 26 afsigt
234 258 32 19 att
280 257 94 26 åberopa
394 257 118 26 detsamma
529 257 71 20 såsom
620 257 70 26 någon
706 257 121 21 auktoritet.
857 256 42 27 Jag

73 285 45 26 har,
134 285 70 21 såsom
220 285 50 22 herr
284 285 78 26 Elving
377 287 43 19 rätt
433 285 114 26 förmodat,
567 284 72 21 anfört
654 285 127 26 sällskapets
799 285 100 27 yttrande

73 314 71 21 såsom
161 313 58 26 citat,
235 313 72 21 derför
322 315 32 19 att
366 313 38 27 jag
418 313 52 26 sjelf
484 315 43 19 satt
540 319 43 20 upp
599 313 71 21 denna
685 313 62 20 skrift
757 313 39 21 och
803 313 38 27 jag
851 313 48 21 icke

73 341 59 22 velat
143 342 48 21 med
202 342 67 21 andra
284 341 38 21 ord
338 341 117 22 omskrifva
470 348 26 15 en
513 341 44 26 sak,
573 347 46 15 som.
633 341 38 27 jag.
686 342 66 20 redan
763 341 82 27 engång
855 341 44 21 for-

74 370 92 21 mulerat
180 370 29 26 på
223 371 32 20 ett
270 371 49 24 sätt,
335 375 45 16 som
394 372 26 18 är
435 369 233 22 öfverensstämmande
684 370 47 20 med
747 370 57 21 mina
819 370 80 25 åsigter

73 398 41 21 och
125 404 44 15 som
180 398 75 21 vunnit
260 397 154 28 godkännande
424 398 24 21 af
456 398 81 21 Finska
546 398 278 27 Hushållningssällskapet.
843 398 56 21 Herr

75 426 96 22 Grönvik
188 427 40 20 har
247 426 99 26 slutligen
362 426 99 21 anmärkt
476 428 32 18 att
521 426 81 21 Finska
617 426 282 27 Hushållningssällskapets

74 454 73 22 beslut
164 454 47 22 icke
230 454 75 21 fattats
323 454 110 26 enhälligt,
452 454 40 21 och
510 454 39 20 har
567 454 76 21 dervid
662 454 74 26 antydt
754 456 32 19 att
804 455 32 25 de,
853 460 45 15 som

74 482 102 27 tillhörde
190 482 144 26 minoriteten;
349 482 56 21 varit
418 482 46 26 just
479 483 33 23 de,
528 488 45 15 som
593 482 55 21 hade
668 488 45 16 mer
731 482 61 22 tänkt
807 482 33 27 sig
855 482 20 21 in
891 482 7 21 i

73 511 74 26 saken,
167 513 26 18 än
213 511 27 20 de
258 516 46 15 som
322 510 67 22 hörde
408 510 41 21 tilll
468 510 142 27 majoriteten.
645 511 73 21 Redan
735 511 61 21 deraf
810 511 38 20 har
863 510 37 22 det

73 540 66 23 ärade
155 539 86 21 ståndet
255 539 108 21 sannolikt
376 539 82 21 kunnat
468 539 67 26 draga
545 540 40 20 den
596 539 123 26 slutsatsen,
730 540 31 20 att
771 539 50 21 herr
831 538 68 21 Grön-

73 568 38 20 vik
127 567 51 26 sjelf
191 567 102 21 tillhörde
308 567 92 21 nämnda
415 567 115 26 minoritet,
547 567 39 21 och
597 567 42 21 kan
650 567 89 21 sålunda
749 567 87 21 tillfullo
847 573 52 20 upp-

72 596 75 21 skatta
161 595 114 22 värdet
250 591 25 36 af
289 597 31 19 ett
335 595 51 21 slikt
401 597 119 25 argument.

143 624 136 21 Beträffande
293 623 68 27 några
375 624 131 26 föregående
520 625 113 26 yttranden
645 624 36 21 vill
690 624 37 27 jag
738 625 75 20 endast
823 625 77 20 nämna

73 654 34 19 att
119 652 38 27 jag
173 652 18 27 ej
208 652 69 21 skulle
293 652 63 21 hafva
371 652 65 27 något
452 652 119 27 synnerligt
585 654 64 24 emot,
665 658 33 15 om
714 653 39 20 den
774 653 23 20 af
811 652 45 26 mig
868 651 31 22 fö-

75 681 101 26 reslagna
197 680 126 26 förändring
345 681 7 20 i
375 681 55 26 syfte
452 682 33 19 att
504 681 95 20 likställa
622 681 221 26 ansvarspåföljderna
866 680 33 21 för

73 709 95 21 åverkan
184 709 39 21 och
239 709 56 20 stöld
314 708 70 21 skulle
402 708 81 21 införas
502 709 6 20 i
528 709 152 26 sammanhang
699 709 46 21 med
765 708 134 27 strafflagens

75 737 127 26 antagande,
218 737 7 21 i
240 737 38 20 fall
291 737 38 26 jag
344 737 54 20 blott
413 743 51 15 vore
480 737 63 21 säker
558 737 29 26 på
601 739 33 18 att
649 737 76 20 sådant
738 737 70 21 kunde
818 737 41 21 ske
866 743 33 14 re-

76 765 40 21 dan
132 765 35 21 vid
182 767 63 19 nästa
259 765 110 26 landtdag.
399 765 48 21 Men
466 771 33 15 om
516 765 64 21 också
599 765 124 27 strafflagen
742 765 27 21 då
784 765 41 21 blir
840 766 59 19 anta-

75 799 40 21 gen
132 793 23 21 af
169 793 122 26 ständerna,
311 793 24 21 så
353 793 39 21 har
410 799 56 20 man,
486 793 70 21 såsom
576 793 23 21 af
617 799 25 16 en
662 799 69 15 annan
750 793 67 21 talare
832 793 67 21 redan

74 822 94 27 antydts,
183 821 48 22 icke
246 821 69 26 någon
331 821 101 22 säkerhet
450 821 35 22 för
504 823 32 19 att
553 821 47 22 icke
620 822 113 20 ständerna
748 822 6 20 i
770 822 62 25 lagen
848 823 53 24 göra

75 850 82 21 sådana
171 850 157 26 förändringar,
348 851 32 19 att
398 850 40 20 den
457 850 47 20 icke
524 849 22 21 af
562 850 126 26 regeringen
708 850 122 26 godkännes
845 849 56 21 efter

76 880 63 19 nästa
153 878 38 21 och
208 878 81 20 kanske
304 878 47 20 icke
367 884 38 14 ens
420 878 56 20 efter
492 878 66 26 derpå
572 878 95 26 följande
677 878 107 26 landtdag.
803 878 41 25 Jag
855 879 46 19 tror

75 906 109 21 dessutom
201 908 32 18 att
247 912 34 15 om
296 906 75 26 frågan
387 912 33 15 om
437 906 69 21 stölds
522 906 39 21 och
576 906 169 26 skogsåverkans
762 905 138 21 likställande

75 940 29 15 nu
119 934 104 26 förfaller,
239 934 55 21 skall
310 940 48 15 man
373 934 36 21 vid
424 936 62 19 nästa
501 934 102 26 landtdag
613 934 36 21 vid
660 934 133 27 strafflagens
806 933 94 21 behand-

76 963 45 26 ling
139 962 86 21 komma
244 964 31 19 att
293 962 99 27 åberopa,
412 964 32 19 att
463 963 116 20 ständerna
597 962 36 21 vid
655 964 94 19 närmast
771 962 129 26 föregående

76 991 103 26 landtdag
194 990 106 21 förkastat
318 990 104 26 förslaget
440 990 40 21 och
499 992 32 20 att
549 997 49 15 man
617 990 84 22 derföre
716 991 46 21 icke
777 991 39 20 bör
830 989 70 21 införa

74 1025 27 15 en
117 1019 125 26 förändring
258 1025 44 15 som
319 1019 24 21 så
358 1025 50 21 nyss
423 1018 87 27 afböjts.
538 1019 94 21 Sålunda
646 1019 71 21 kunde
733 1019 36 21 det
783 1018 71 21 hända
869 1019 32 20 att

76 1047 40 21 den
135 1047 110 27 verkligen
267 1047 200 21 himmelsskriande
490 1048 110 25 orättvisa,
620 1053 44 15 som
687 1048 38 20 här
746 1046 51 22 flere
819 1046 81 26 gånger

75 1075 129 22 framhållits
227 1076 39 20 och
289 1081 46 15 som
353 1076 73 26 ligger|
440 1076 47 20 deri
506 1077 32 19 att
557 1082 25 14 en
601 1082 84 20 person,
704 1075 91 26 hvilken,
815 1074 62 21 stadd
893 1074 6 21 i

75 1104 83 25 hunger
173 1104 39 20 och
228 1104 49 25 nöd,
292 1104 107 26 tillgriper
414 1105 109 19 matvaror
541 1104 54 20 eller
612 1104 67 26 några
696 1104 85 26 huggna
799 1102 101 22 vedklab-

75 1132 46 26 bar,
145 1132 102 26 stämplas
271 1132 47 20 med
341 1132 46 20 helt
408 1138 70 14 annan
498 1131 96 27 vanfrejd
614 1134 27 18 än
660 1132 47 26 den,
727 1138 44 14 som
788 1131 66 26 begår
869 1132 32 20 ett

76 1160 65 26 brott,
156 1160 49 20 vida
221 1162 69 19 större
306 1162 26 18 än
348 1160 66 26 något
428 1160 24 20 af
466 1160 70 26 dessa,
553 1162 30 19 ett
598 1160 64 25 brott,
678 1166 45 15 som
733 1159 122 27 principielt
869 1160 32 20 ta-

74 1190 38 25 get
123 1200 26 3 —
161 1188 82 21 hvilket
254 1188 61 21 äfven
327 1188 43 21 alla
379 1188 33 25 de,
421 1194 45 15 som
478 1188 79 21 uttalat
567 1188 32 26 sig
609 1188 7 21 i
630 1188 72 26 saken,
714 1188 75 21 erkänt
797 1199 27 3 —
834 1187 67 21 borde

76 1216 102 27 beläggas
192 1216 50 21 med
257 1222 81 15 samma
354 1216 66 21 straff.
450 1216 44 21 Det
509 1218 24 19 är
547 1216 48 21 med
611 1216 108 27 synnerlig
737 1216 71 26 glädje
820 1215 37 27 jag
872 1221 29 15 nu

75 1244 42 22 kan
133 1245 63 25 sluta,
212 1246 51 19 utan
279 1247 32 18 att
325 1244 69 21 uttala
413 1244 44 26 mig
476 1244 83 26 vidare,
576 1244 27 21 då
616 1245 38 26 jag
668 1244 42 21 fått
724 1244 24 21 så
762 1244 76 26 många
855 1245 46 19 vär-

76 1272 81 21 defulla
171 1273 116 20 understöd
303 1272 34 21 för
353 1273 39 20 den
404 1272 23 21 af
441 1272 44 26 mig
501 1272 112 26 vidfogade
628 1272 165 21 reservationen.
816 1271 41 26 Jag
867 1271 34 20 får

76 1301 85 20 således
177 1301 84 20 ansluta
276 1301 43 26 mig
334 1301 32 20 till
383 1301 54 26 dem,
454 1306 47 15 som
516 1300 90 27 påyrkat
621 1301 49 20 dess
686 1301 124 26 antagande.

144 1328 56 21 Herr
217 1329 192 26 Schybergson:
424 1328 64 21 Efter
504 1329 40 20 den
559 1328 114 21 förefallna
688 1329 62 26 långa
765 1328 38 21 och
815 1327 86 28 ,värde-

74 1356 65 22 fulla"
156 1357 155 23 diskussionen
334 1357 92 21 rörande
444 1357 39 21 det
502 1363 69 20 namn,
590 1357 162 26 ifrågavarande
771 1357 56 21 brott
845 1355 56 21 skall

76 1384 29 27 få,
120 1384 41 22 kan
177 1385 38 21 det
229 1385 106 21 måhända
350 1391 63 21 synas
429 1385 143 21 omotiveradt
587 1387 32 19 att
634 1386 70 20 såsom
715 1385 31 21 sin
758 1383 55 28 åsigt
825 1383 76 26 uttala,

75 1414 33 20 att
126 1413 37 20 det
180 1412 75 22 härvid
273 1413 48 21 icke
339 1413 70 26 ligger
427 1413 24 21 så
470 1413 89 27 mycken
578 1414 46 26 vigt
641 1413 27 27 på
687 1415 90 24 namnet,
793 1418 45 15 som
854 1411 47 21 icke

75 1447 60 15 mera
149 1440 28 27 pä
191 1440 170 28 bötesbeloppet.
394 1441 42 27 Jag
454 1441 34 21 för
508 1442 42 20 min
569 1442 35 20 del
624 1441 130 27 vedervågar
773 1440 53 22 dock
842 1439 60 21 detta

75 1468 117 22 uttalande.
223 1468 41 27 Jag
279 1471 46 19 tror
341 1471 31 19 att
388 1470 36 21 det
440 1469 48 27 just
507 1471 24 19 är
549 1470 36 20 det
602 1471 78 25 ytterst
695 1469 120 27 obetydliga
831 1467 71 21 bötes-

75 1497 102 27 beloppet
190 1497 7 21 i
213 1503 29 15 nu
257 1498 100 26 gällande
372 1498 42 26 lag,
430 1503 47 15 som
492 1498 7 21 i
520 1497 76 27 mänga
614 1498 37 20 fall
670 1497 107 21 föranledt
795 1497 31 20 att
841 1496 60 21 äver-
