1086 1961
225 101 44 33 1142
486 109 92 22 Borgarest.
590 108 44 19 1885.
656 109 20 18 12
685 108 39 23 Maj.

203 175 62 28 sluta,
280 179 31 19 att
326 177 124 27 tvångskurs
465 177 55 22 skall
535 177 85 27 påföras
636 177 101 22 Finlands
756 175 67 22 banks
839 175 79 26 sedlar;
928 175 88 22 emedan

202 205 58 21 tiden
275 207 23 19 är
312 205 83 22 kritisk.

272 233 64 22 Detta
350 236 23 19 är
388 235 38 21 allt
440 235 137 26 olägenheter
595 241 45 14 som
659 234 53 27 följa
729 234 54 21 eller
801 233 126 22 åtminstone
946 233 70 21 kunna

204 261 58 28 följa,
277 264 38 19 när
329 269 47 14 man
392 269 24 15 en
431 263 55 27 gång
501 263 78 22 inlåter
594 263 32 26 sig
640 263 28 26 på
683 264 68 20 denna
766 263 46 25 väg.

271 291 48 20 Men
334 297 74 21 genom
423 293 31 20 att
469 291 66 22 tänka
548 292 28 27 på
589 291 115 22 historiska
718 291 96 26 exempel
829 291 39 21 och
883 290 27 27 på
923 289 93 22 erfaren-

202 319 74 21 hetens
291 319 38 21 har
344 320 61 20 äfven
417 320 36 27 jag
468 320 43 21 fört
525 321 37 21 det
576 321 64 20 ärade
655 319 84 22 ståndet
754 319 33 21 för
802 319 59 26 långt
871 319 46 21 från
927 318 88 21 hufvud-

202 346 73 28 frågan
292 348 38 20 och
346 348 65 22 måste
425 348 64 27 bedja
503 355 34 15 om
552 349 75 21 ursäkt
642 348 77 22 derför.
749 348 131 26 Näppeligen
890 346 42 22 kan
942 347 72 26 heller,

202 381 75 21 genom
296 382 26 14 en
340 376 53 22 huru
411 378 144 20 uttömmande
574 377 120 21 diskussion
714 382 45 15 som
778 376 62 26 helst,
858 375 65 27 något
941 375 75 21 sådant

203 404 39 20 här
256 404 68 26 ernås,
340 411 43 15 som
399 408 30 18 att
444 406 110 27 öfvertyga
568 406 47 26 den,
634 412 44 15 som
697 404 46 22 icke
759 410 76 21 genom
850 404 128 21 betraktelse
994 404 22 21 af

201 432 144 28 verkligheten
369 434 51 21 eller
441 440 75 21 genom
540 435 92 21 studium
653 434 65 21 redan
741 434 86 26 stadgat
848 433 46 21 sina
912 432 78 26 åsigter
1008 432 6 21 i

200 460 75 28 frågan
294 468 32 14 om
345 462 27 21 fri
391 462 224 28 sedelutgifningsrätt.
644 463 42 26 Jag
703 462 39 21 har
760 462 56 21 blott
833 461 57 22 velat
908 461 106 26 anmärka,

202 491 31 19 att
248 490 26 22 de
288 493 115 24 argument,
419 498 44 14 som
479 491 81 22 anförts
575 494 58 19 emot
651 492 69 20 denna
739 492 49 24 rätt,
804 496 69 21 synas,
889 490 125 21 åtminstone

200 519 50 26 mig,
264 520 77 26 ytterst
355 525 69 21 svaga.

268 548 42 21 För
325 548 62 26 öfrigt
401 554 62 16 anser
475 549 38 27 jag
527 548 75 27 frågan
617 549 39 21 här
671 548 76 22 endast
761 548 64 26 gälla,
837 549 32 19 att
883 553 28 15 nu
925 547 38 21 hos
979 552 35 16 oss

201 576 113 26 uppehålla
328 576 125 22 åtminstone
469 577 137 27 möjligheten
622 577 23 21 af
658 576 221 27 sedelutgifningsrätt
893 576 33 20 för
937 576 25 20 de
972 575 42 27 pri-

200 606 49 20 vata
264 605 106 22 bankerna
388 606 38 21 och
445 608 31 19 att
494 606 145 27 upprätthålla
654 608 55 19 samt
727 605 131 26 småningom
874 604 38 22 hos
926 604 88 20 allmän-

200 633 62 22 heten
278 634 74 26 stadga
368 635 39 20 den
422 635 61 26 åsigt,
498 637 33 19 att
544 635 98 21 sedlarne
657 635 47 21 icke
718 637 38 18 äro
772 635 65 25 mynt,
850 635 54 25 utan
911 633 54 21 blott
976 632 37 21 och

198 661 50 21 bart
262 662 201 26 bankförbindelser,
483 664 48 20 med
549 665 31 19 ett
598 663 49 21 ord:
662 665 32 19 att
712 662 68 22 skaffa
799 662 48 21 bort
865 662 40 20 den
924 661 89 24 nimbus,

200 696 44 15 som
260 690 66 22 finnes
341 692 96 26 omkring
455 692 54 21 dem.
539 691 44 22 Och
602 692 6 20 i
624 692 69 21 denna
712 692 39 20 sist
766 691 93 27 antydda
875 690 90 26 rigtning
980 695 33 15 ar-

199 718 50 22 beta
264 719 26 26 vi,
306 725 32 15 om
354 720 19 20 vi
389 720 85 21 försöka
492 720 107 21 bibehålla
617 720 53 21 eller
688 720 89 26 utvidga
795 718 219 27 sedelutgifningsrät-

199 748 37 20 ten
254 747 33 21 för
306 748 181 26 privatbankerna.
517 749 26 21 Vi
561 748 22 22 få
602 749 38 21 den
660 748 125 27 visserligen
808 748 69 26 aldrig
895 753 28 15 nu
942 746 23 22 så
979 746 34 26 fri,

199 781 45 16 som
260 776 39 21 den
314 776 65 22 borde
394 783 59 20 vara;
469 784 46 14 men
535 778 65 20 redan
620 777 42 26 det,
678 779 31 19 att
723 777 20 21 vi
759 776 64 21 hafva
842 782 25 15 en
883 776 64 21 sådan
962 776 49 25 rätt,

199 806 25 18 är
238 806 31 20 ett
282 805 51 26 godt
348 807 46 25 steg
408 805 83 22 framåt.
513 806 55 21 Låta
582 806 20 20 vi
618 806 40 20 den
674 806 97 21 deremot
785 811 29 15 nu
829 804 27 27 gå
871 810 35 15 oss
920 804 44 20 helt
975 803 38 21 och

199 832 67 22 hållet
283 840 25 14 ur
326 833 113 27 händerna,
459 834 23 21 så
500 836 25 19 är
544 835 58 20 detta
620 834 119 21 detsamma
758 840 46 14 som
823 835 31 19 att
871 832 142 27 upprätthålla

199 861 43 21 alla
256 862 91 26 origtiga
361 862 171 27 föreställningar
546 863 7 21 i
569 863 58 21 detta
642 862 107 22 afseende.
780 862 41 26 Jag
841 862 38 20 ber
897 860 70 22 derför
982 862 32 19 att

198 889 23 21 få
234 890 74 21 förena
322 890 41 27 mig
379 897 32 15 om
431 892 36 20 det
485 891 22 21 af
520 893 174 25 representanten
711 891 34 21 för
759 890 165 22 Fredrikshamn
939 888 75 27 gjorda

198 918 110 26 yrkandet,
324 920 31 20 att
368 919 73 27 frågan
456 920 7 20 i
481 920 68 21 denna
564 920 34 21 del
616 920 66 21 måtte
701 919 169 21 återremitteras
885 918 31 20 till
933 917 80 21 utskot-

197 948 38 25 tet,
251 953 45 15 som
311 947 65 21 borde
391 948 108 21 omarbeta
515 948 36 21 sitt
566 948 80 26 förslag
661 948 7 21 i
684 948 55 27 syfte
754 949 33 19 att
797 946 218 27 sedelutgifningsrätt

197 975 66 21 måtte
278 976 7 20 i
300 982 25 14 en
341 976 52 21 eller
408 982 68 15 annan
491 976 53 21 form
560 977 66 20 blifva
640 976 130 26 nuvarande,
781 975 108 22 äfvensom
901 974 113 21 framdeles

197 1004 137 26 uppstående,
350 1005 148 26 privatbanker
513 1005 151 21 tillförsäkrad.

264 1033 55 20 Herr
334 1033 102 27 Elving:
455 1033 11 21 I
484 1033 67 22 likhet
570 1034 47 20 med
635 1033 50 21 herr
703 1033 101 26 Eneberg
823 1037 62 16 anser
903 1031 61 21 äfven
977 1031 37 26 jag

197 1062 31 19 att
244 1061 36 20 det
294 1067 49 15 vore
359 1063 55 19 orätt
429 1063 32 20 att
475 1062 39 21 här
529 1062 62 21 ställa
606 1062 32 26 sig
653 1061 27 27 på
694 1061 105 22 teoretisk
809 1060 69 27 grund
889 1060 38 21 och
938 1060 76 21 liksom

196 1089 50 21 herr
261 1089 118 27 Chydenius
399 1090 67 21 håller
481 1091 37 26 jag
537 1090 45 21 före
600 1092 32 19 att
647 1096 47 15 man
713 1090 47 21 icke
780 1089 130 26 nödvändigt
923 1090 24 19 är
961 1089 53 20 bun-

197 1117 41 21 den
253 1117 23 21 af
289 1118 66 21 andra
370 1119 84 20 länders
470 1119 101 26 exempel.
600 1119 42 21 Det
658 1121 24 18 är
697 1119 48 21 med
762 1118 26 21 de
803 1117 211 22 national-ekonomi-

198 1145 40 22 ska
252 1147 111 25 teorierna,
379 1147 70 21 såsom
465 1153 25 15 en
505 1147 55 21 känd
575 1147 112 21 författare
702 1148 74 26 yttrat,
792 1148 32 19 att
837 1145 54 28 ,lika
902 1145 57 21 svårt
969 1151 45 15 som

197 1175 37 21 det
248 1176 24 19 är
286 1177 32 19 att
332 1175 115 27 förfärdiga
463 1182 24 15 en
503 1176 57 26 rock,
579 1182 44 15 som
643 1176 61 21 sitter
722 1176 45 21 lika
786 1175 34 21 väl
835 1174 27 27 på
877 1174 43 21 alla
934 1174 80 20 menni-

197 1203 56 26 skor,
272 1204 43 20 lika
334 1204 57 20 svårt
409 1206 24 19 är
451 1205 37 20 det
506 1206 30 19 att
554 1204 106 27 uppställa
678 1202 234 23 nationalekonomiska
930 1202 83 26 teorier,

198 1237 45 15 som
259 1234 49 18 utan
324 1232 143 22 modifikation
483 1233 42 21 låta
540 1233 32 26 sig
587 1233 107 26 tillämpas
708 1232 29 27 på
752 1232 45 21 alla
810 1232 85 20 länders
906 1230 56 22 olika
972 1230 42 21 för-

197 1260 131 21 hällanden*.
358 1260 28 21 Af
399 1262 84 26 teorier,
503 1268 34 14 om
555 1267 48 15 man
622 1262 41 20 kan
682 1261 59 21 kalla
755 1260 38 21 det
808 1260 30 26 sä,
854 1260 39 20 bör
907 1265 50 15 vara
972 1259 42 21 till-

197 1288 91 27 räckligt
303 1291 31 18 att
348 1289 39 20 här
401 1289 92 27 äberopa
508 1290 53 20 hvad
581 1290 49 20 herr
648 1289 122 27 Chydenius
790 1289 65 20 redan
871 1290 71 24 yttrat,
957 1294 57 14 nem-

198 1317 57 26 ligen
270 1319 32 19 att
316 1323 26 15 en
357 1317 58 22 sedel
431 1318 46 21 icke
491 1319 25 20 är
530 1320 64 25 mynt,
612 1320 51 19 utan
678 1318 46 21 helt
743 1317 74 21 enkelt
832 1323 25 14 en
873 1315 141 22 skuldförbin-

197 1345 66 22 delse.
292 1345 88 22 Tillåter
401 1352 48 15 man
468 1353 25 14 en
512 1346 56 27 gång
586 1353 25 14 en
630 1346 56 21 bank
704 1348 33 19 att
755 1345 135 27 uppkomma,
908 1351 44 14 som
970 1344 45 27 just

198 1373 79 22 drifver
292 1370 81 25 Törelse
388 1375 47 20 med
450 1375 117 26 penningar
581 1375 39 21 och
634 1375 155 26 värdepapper,
805 1373 115 22 förmedlar
931 1373 33 21 län
976 1372 38 21 och

196 1403 104 26 upplänar
315 1403 75 25 medel,
406 1403 24 21 sä
444 1403 102 22 behöfver
561 1409 47 15 man
623 1403 47 21 icke
685 1403 68 27 nägra
768 1402 79 21 teorier
863 1401 32 22 för
905 1404 31 19 att
946 1401 69 22 tilläta

196 1431 175 27 sedelutgifning;
386 1433 90 20 tvärtom
491 1431 101 22 behöfver
606 1438 48 15 man
669 1432 81 21 teorier
765 1431 35 20 för
810 1432 32 19 att
852 1430 113 22 inskränka
976 1429 38 21 och

197 1459 98 27 förbjuda
310 1466 25 15 en
351 1459 72 22 sädan.
453 1460 43 21 Gär
509 1461 37 26 jag
560 1460 28 21 dä
602 1460 32 21 till
650 1461 37 20 det
702 1466 55 21 egna
773 1459 84 21 landets
867 1457 147 23 förhällanden

195 1487 39 20 och
250 1488 63 21 söker
331 1488 64 21 tänka
413 1489 43 26 mig
471 1495 33 14 om
524 1489 36 20 det
578 1489 32 20 för
628 1489 72 21 landet
718 1491 25 18 är
763 1487 79 27 nyttigt
861 1489 31 20 att
909 1485 105 28 medgifva

195 1515 178 26 privatbankerna
388 1517 224 27 sedelutgifningsrätt,
629 1517 53 21 eller
701 1519 32 19 att
752 1516 101 27 förbjuda
870 1517 46 20 dem
932 1515 80 26 sädant,
