1142 1773
232 131 55 20 1310
435 137 179 21 Borgareständet
629 138 56 17 1894.
710 139 23 16 21
746 139 47 20 maj.

202 217 102 21 utskottet
318 218 71 20 stöder
404 218 32 20 sin
452 218 181 26 förkastelsedom,
649 220 36 18 äro
701 218 33 20 väl
749 219 54 26 jämt
819 225 41 20 upp
874 218 25 21 de
911 218 117 27 torftigaste

202 252 49 14 man
275 246 81 21 kunnat
379 247 51 21 hitta
452 247 32 27 pä.
515 246 96 21 Emedan
628 248 79 19 statens
722 247 137 27 femklassiga
874 247 155 21 fruntimmers-

202 274 70 22 skolor
294 275 7 20 i
323 276 98 20 medeltal
443 276 61 20 kosta
520 276 75 26 31,000
611 276 66 25 mark,
693 276 64 20 borde
774 278 69 18 staten
858 276 46 20 icke
920 276 108 26 öfvertaga

203 304 65 25 några
283 304 81 26 privata
379 304 222 20 fruntimmersskolor.
633 304 76 26 31,000
725 304 59 20 mark
801 306 23 18 är
839 304 82 21 således
936 304 35 21 det
984 311 43 14 ma-

202 332 88 26 ximum,
313 332 82 21 utöfver
416 333 80 20 hvilket
518 333 107 20 allmänna
649 333 189 21 besvärsutskottet
853 339 61 14 anser
929 336 29 18 att
975 333 53 20 bud-

202 363 61 24 geten
287 361 32 21 för
341 368 26 14 en
387 362 206 20 fruntimmersskola
616 361 46 21 icke
685 361 33 21 fär
737 362 59 26 stiga.
829 362 58 20 Hvar
902 364 23 18 är
940 368 28 14 nu
985 362 40 20 den

201 389 111 27 jämlikhet
327 390 90 20 emellan
434 396 58 21 goss-
508 391 38 19 och
562 390 181 26 tlickbildningen,
759 397 46 14 som
822 390 101 21 utskottet
938 391 37 20 har
985 390 42 20 för-

201 421 70 17 svarat
292 418 68 21 under
380 419 70 20 denna
471 419 114 26 landtdag?
608 419 11 20 I
639 423 98 23 parentes
759 419 43 20 kan
825 419 34 27 jag
882 421 77 19 nämna
975 419 51 20 att
1013 414 17 36 i

200 446 140 22 Tammerfors
362 447 68 21 finnes
446 454 25 15 en
488 448 21 20 af
524 450 67 18 staten
609 447 137 21 underhållen
763 448 114 27 fyrklassig
892 448 76 21 svensk
985 447 41 21 ele-

201 476 147 25 mentarskola,
364 477 61 20 hvars
441 477 79 26 budget
536 476 37 27 går
588 483 42 20 upp
646 476 32 21 till
693 476 59 21 öfver
767 477 78 26 25,000
860 477 57 20 mark
929 483 32 14 om
976 477 50 26 året,

200 511 48 14 men
272 505 61 20 hvars
349 505 70 21 elever
434 506 70 26 uppgå
522 505 31 20 till
569 505 6 20 i
591 505 99 20 medeltal
707 505 42 21 åtta
764 512 38 20 per
817 505 62 20 klass.
909 505 40 21 Det
965 507 22 18 är
1001 505 24 27 ju

200 533 62 27 ingen
287 534 120 27 proportion
430 534 90 21 emellan
542 534 121 27 utgifterna,
685 541 34 13 om
741 536 67 19 staten
833 534 46 21 icke
900 534 40 21 kan
957 534 68 20 betala

201 562 75 21 31,000
300 563 58 20 mark
380 563 31 20 för
432 569 26 14 en
475 563 206 20 fruntimmersskola
697 563 47 20 med
761 563 35 20 det
812 563 119 20 sexdubbla
947 562 79 21 antalet

200 590 75 21 elever.
298 591 41 27 Jag
355 591 35 21 vill
407 591 123 27 visserligen
546 591 45 20 icke
607 591 59 27 pästä
681 594 30 17 att
726 591 79 21 sådana
817 591 70 21 skolor
897 592 46 20 icke
956 591 68 21 skulle

200 619 73 20 kunna
295 619 75 28 finnas,
392 622 28 19 att
444 620 74 24 31,000
540 620 71 20 marks
632 620 79 26 budget
731 620 32 20 för
779 620 48 21 dem
844 620 68 21 skulle
928 627 49 13 vara
992 620 34 20 för

200 647 91 27 mycket,
306 655 50 14 men
371 651 29 18 ett
415 649 75 20 sådant
505 649 95 26 generelt
615 648 120 27 påstående,
751 647 46 22 som
813 649 106 20 allmänna
931 649 94 20 besvärs-

201 676 100 21 utskottet
317 677 37 20 har
369 677 43 24 fält,
428 677 68 21 skulle
512 678 35 26 jag
562 677 45 20 icke
623 677 63 20 hafva
702 677 62 27 vågat
780 677 71 21 uttala.
882 677 9 20 I
904 677 72 27 hvarje
987 677 38 21 fall

199 705 67 20 måste
289 705 33 20 väl
345 705 70 21 denna
432 706 156 27 omständighet
603 706 84 27 pröfvas
702 706 22 20 in
740 712 57 14 casu.
828 706 43 20 Vår
887 706 86 27 mening
988 713 37 13 var

199 733 47 21 icke
261 734 67 21 häller
342 737 30 18 att
387 735 89 26 erbjuda
490 735 141 20 Tammerfors
647 735 80 26 privata
747 735 206 20 fruntimmersskola
964 735 61 20 hvar-

199 762 40 21 ken
262 762 21 21 åt
304 763 101 22 utskottet
428 763 52 21 eller
502 765 67 19 staten
591 763 69 20 såsom
676 764 70 25 grisen
762 763 7 20 i
785 763 90 26 säcken;
892 763 19 20 vi
927 763 97 20 fruktade

198 791 46 20 icke
260 791 33 20 för
308 794 30 18 att
353 791 41 21 låta
410 792 70 20 denna
495 792 58 27 fråga
575 792 84 20 komma
675 792 68 20 under
758 792 136 27 ompröfning
909 792 39 20 och
963 798 62 21 gran-

200 819 48 20 skas
264 820 45 20 från
325 820 41 21 alla
382 821 62 24 sidor,
460 821 39 20 och
515 821 20 20 vi
551 827 50 14 voro
617 821 46 20 icke
679 821 66 20 rädda
759 821 34 20 för
808 823 30 18 att
853 821 70 20 denna
938 821 87 26 gransk-

198 848 52 27 ning
271 849 46 20 icke
340 849 68 20 skulle
424 849 74 21 utfalla
514 849 31 21 till
561 849 86 20 skolans
662 849 72 21 fördel.
765 849 124 21 Emellertid
906 849 76 20 saknas
997 855 26 14 en

198 876 65 21 sådan
280 877 113 27 utredning
408 878 43 20 helt
467 878 39 20 och
522 878 64 20 hållet
600 878 6 20 i
624 878 111 20 utskottets
750 877 140 21 betänkande.
918 877 107 21 Utskottet

198 905 42 21 kan
264 906 33 20 väl
312 906 104 28 knappast
430 907 70 26 skylla
515 907 25 27 på
557 906 107 21 bristande
680 906 36 26 tid,
732 909 30 18 att
778 907 63 20 döma
856 907 21 20 af
892 906 26 21 de
934 906 90 21 uttalan-

198 934 47 25 den,
269 940 44 15 som
334 935 21 20 af
378 935 138 21 medlemmar
535 936 7 19 i
558 935 188 21 besvärsutskottet
761 936 7 19 i
785 936 58 20 detta
858 935 60 21 stånd
935 935 89 27 gjordes,

198 962 26 21 då
248 962 36 21 det
305 970 37 14 var
364 964 58 27 fråga
445 971 34 13 om
498 964 138 20 tillsättandet
651 964 22 20 af
687 967 30 17 ett
732 964 99 20 särskildt
848 964 79 20 utskott
941 964 32 20 för
988 964 37 20 be-

197 991 128 27 handlingen
348 992 22 20 af
391 992 25 21 de
437 992 121 21 inlämnade
581 992 200 27 motionsförslagen
800 999 34 14 om
850 992 174 27 folkskoletvång.

197 1019 67 21 Dessa
286 1020 65 21 talare
374 1021 82 26 yttrade
481 1021 105 26 nämligen
611 1021 26 20 då
661 1023 29 18 att
708 1021 108 21 allmänna
836 1021 189 21 besvärsutskottet

196 1054 43 21 nog
254 1048 69 22 skulle
340 1050 64 20 hinna
420 1050 148 20 slutbehandla
584 1050 41 20 alla
641 1050 31 20 till
689 1050 117 20 detsamma
819 1050 134 20 remitterade
964 1051 60 19 ären-

198 1076 46 21 den.
276 1077 44 21 Och
342 1078 35 20 det
392 1078 54 20 hade
462 1078 39 21 ock
518 1079 6 19 i
540 1078 75 27 själfva
634 1078 73 20 värket
723 1078 54 21 varit
792 1078 87 26 mycket
891 1078 38 21 lätt
944 1078 32 20 för
991 1080 33 18 ut-

197 1105 79 21 skottet
291 1108 29 18 att
336 1106 142 27 åvägabringa
493 1107 120 27 utredning,
630 1106 127 21 åtminstone
766 1107 55 20 hvad
832 1106 141 21 Tammerfors
982 1106 42 27 pri-

197 1136 48 19 vata
266 1134 206 22 fruntimmersskola
494 1136 103 20 beträffar.
627 1135 42 21 Det
682 1136 54 20 hade
752 1136 55 20 varit
822 1135 38 21 lätt
875 1136 32 20 för
923 1135 101 21 utskottet

197 1164 30 19 att
242 1163 111 27 öfvertyga
368 1164 32 27 sig
416 1171 34 13 om
466 1166 30 19 att
511 1164 69 20 denna
595 1164 60 20 skola
672 1164 107 26 värkligen
793 1164 64 26 fyller
867 1166 30 18 ett
908 1164 116 26 bildnings-

196 1190 70 27 behof,
282 1192 46 20 icke
344 1192 75 21 endast
435 1193 25 27 på
476 1195 66 21 orten,
562 1195 49 18 utan
629 1193 5 19 i
651 1199 27 13 en
694 1192 121 25 vidsträckt,
831 1192 77 21 folkrik
924 1192 99 26 landsort,

196 1219 82 21 hvilket
298 1220 62 21 äfven
381 1221 93 27 framgår
496 1221 21 21 af
532 1221 35 21 det
581 1221 82 20 faktum
680 1223 29 19 att
725 1221 41 21 alla
783 1221 126 21 kommuner
924 1221 7 20 i
947 1220 25 21 de
988 1220 36 20 hä-

196 1248 43 23 rad,
263 1248 71 21 hvilka
356 1251 75 25 gränsa
453 1250 30 20 till
506 1250 146 26 Tammerfors,
671 1250 101 26 enhälligt
788 1250 63 20 hafva
867 1250 60 26 gifvit
942 1249 21 21 åt
977 1249 46 20 sina

195 1280 171 24 representanter
387 1278 7 20 i
417 1278 154 21 bondeståndet
594 1278 35 20 vid
652 1278 70 20 denna
743 1278 102 26 landtdag
859 1278 8 20 i
883 1278 95 27 uppdrag
993 1280 30 18 att

196 1305 68 21 såvidt
287 1306 82 27 möjligt
384 1306 23 21 så
422 1307 54 27 begå
492 1309 29 19 att
536 1307 71 20 denna
622 1306 59 21 skola
696 1307 64 20 måtte
777 1307 119 26 öfvertagas
912 1306 21 21 af
949 1308 73 18 staten.

195 1333 41 21 Det
252 1334 55 21 hade
323 1335 53 20 varit
388 1335 38 21 lätt
441 1336 33 20 för
488 1336 102 20 utskottet
605 1338 30 18 att
650 1335 122 21 konstatera
788 1338 30 18 att
831 1335 140 21 Tammerfors
982 1335 41 27 pri-

195 1365 48 18 vata
258 1362 69 22 finska
342 1364 205 20 fruntimmersskola
562 1364 38 20 har
615 1366 30 18 ett
660 1364 111 26 elevantal,
787 1364 64 26 högre
867 1366 27 18 än
905 1364 70 26 någon
987 1370 36 13 an-

195 1397 41 14 nan
258 1392 68 26 privat
347 1392 211 27 fruntimmersskola,
582 1399 49 14 vare
655 1393 31 26 sig
709 1392 78 21 svensk
810 1392 52 21 eller
877 1392 61 26 finsk,
953 1392 6 20 i
975 1392 48 20 hela

194 1419 79 21 landet.
296 1420 42 20 Det
353 1420 53 21 hade
423 1421 53 20 varit
492 1421 37 20 lätt
544 1421 32 20 för
592 1421 101 21 utskottet
707 1423 30 19 att
752 1425 48 23 taga
816 1421 51 20 reda
882 1420 26 28 på
923 1422 30 19 att
963 1420 60 20 Tam-

194 1448 97 27 merfors,
306 1448 83 22 landets
404 1450 68 26 tredje
487 1450 52 26 stad,
555 1456 26 14 en
597 1450 46 20 stad
660 1450 48 20 med
724 1450 60 20 öfver
799 1450 76 26 23,000
888 1448 135 27 innevånare,

194 1476 79 20 saknar
295 1477 73 27 hvarje
390 1484 45 14 som
457 1478 55 20 hälst
530 1478 21 20 af
566 1480 68 18 staten
650 1478 139 21 underhållen
805 1477 216 26 fruntimmersskola;

195 1505 35 20 det
245 1505 55 21 hade
316 1506 54 20 varit
385 1506 37 21 lätt
437 1506 33 21 för
485 1507 100 20 utskottet
601 1509 29 18 att
645 1506 21 20 få
681 1507 51 21 reda
747 1507 26 27 på
791 1509 30 18 att
837 1507 47 20 hela
894 1506 129 20 Tavastehus

194 1533 34 21 län
246 1535 23 19 är
284 1534 7 20 i
306 1534 80 21 saknad
403 1535 21 21 af
439 1542 26 14 en
481 1535 21 21 af
517 1537 68 19 staten
600 1536 91 20 inrättad
710 1535 213 26 fruntimmersskola,
939 1535 38 21 och
993 1536 30 20 att
