1142 1773
235 127 55 21 1102
437 134 179 21 Borgareståndet
628 134 58 17 1894.
700 146 2 2 .
712 134 22 17 16
746 134 47 20 maj.

203 213 103 21 utskottet
331 214 35 20 vid
382 214 70 21 denna
467 214 102 28 landtdag
584 214 31 21 till
631 214 39 21 och
686 214 48 21 med
751 214 124 26 alvarligare
899 215 25 19 än
940 214 91 26 tidigare

203 242 69 21 skulle
294 242 63 21 hafva
380 242 114 22 behandlat
515 243 70 21 denna
605 243 46 21 sida
666 243 21 21 af
702 243 46 21 sina
763 242 80 28 viktiga
859 242 98 26 göromål.
988 242 43 22 Det

202 270 39 21 har
261 271 63 21 också
347 272 53 20 varit
417 272 29 20 alt
466 272 45 20 skäl
526 272 32 20 för
573 271 155 22 statsutskottet
743 273 29 19 att
787 271 24 20 så
825 271 83 21 förfara.
937 271 31 27 Ty
983 270 47 22 vårt

202 299 135 27 järnvägsnät
352 302 23 18 är
389 300 65 21 redan
470 300 23 21 så
508 307 48 21 pass
572 302 52 19 stort
639 300 39 21 och
694 300 31 20 uti
741 300 116 20 detsamma
867 300 23 20 så
903 302 56 18 stora
971 306 57 14 sum-

202 334 48 14 mor
275 328 103 27 nedlagda
400 331 29 19 att
444 329 36 21 det
495 331 63 25 utgör
571 329 84 21 landets
671 329 123 26 dyrbaraste
810 328 109 27 egendom.
948 328 42 21 Det
1005 330 25 18 är

204 356 70 21 därför
299 357 21 20 af
334 359 76 19 största
424 358 46 20 vikt
490 360 30 18 att
535 358 70 20 denna
621 358 102 26 egendom
740 357 76 21 anlitas
831 357 40 20 och
886 356 99 21 förvaltas
1000 356 28 28 på

202 386 30 20 ett
246 385 49 21 fullt
310 385 194 22 tillfredsställande
520 388 46 26 sätt,
581 386 24 21 så
619 388 30 19 att
665 386 58 20 däraf
738 386 41 20 kan
796 386 75 26 dragas
886 387 75 19 största
974 386 54 26 möj-

200 413 43 27 liga
261 416 65 24 nytta.
356 414 41 21 Det
412 417 23 18 är
450 415 108 21 dessutom
574 417 29 19 ett
617 414 105 21 lifsvilkor
744 415 32 20 för
791 414 82 20 landets
889 414 137 21 ekonomiska

201 442 123 28 utveckling
348 445 30 19 att
399 443 56 22 detta
470 444 136 27 järnvägsnät
620 443 122 28 ytterligare
758 443 122 21 utsträckes.
911 442 40 28 Jag
967 444 58 19 anta-

200 477 37 21 ger
258 473 30 19 att
312 472 36 21 det
362 474 23 19 är
401 473 61 20 dessa
477 473 71 26 motiv,
564 479 46 14 som
625 472 63 21 hafva
703 472 106 21 föranledt
824 471 153 21 statsutskottet
992 471 32 20 till

200 499 48 22 dess
273 500 135 28 synnerligen
434 501 120 27 sorgfälliga
580 501 72 21 arbete
675 501 35 20 vid
734 501 69 20 denna
818 500 101 27 landtdag
934 499 90 22 rörande

199 528 301 23 kommunikationsväsendet.
530 529 92 28 Specielt
636 531 24 19 är
673 530 36 27 jag
725 529 101 21 utskottet
841 529 92 20 tacksam
948 529 33 20 för
994 530 30 19 att

199 557 101 22 utskottet
316 558 52 27 tagit
382 558 90 21 initiativ
487 558 32 21 till
534 559 27 20 de
576 558 146 25 resolutioner,
737 565 45 14 som
798 557 50 28 ingä
864 557 25 28 pä
900 557 85 21 sidorna
995 557 28 20 38

200 586 39 20 och
262 587 27 20 39
304 586 7 21 i
327 587 47 20 dess
390 587 132 21 betänkande
537 594 35 14 n:o
588 588 13 19 3
623 587 40 20 och
677 587 72 20 hvilka
764 586 65 21 redan
846 586 69 21 blifvit
930 585 93 22 behand-

197 613 48 22 lade
263 615 8 20 i
286 615 57 21 detta
358 615 39 21 och
412 616 7 20 i
435 616 26 20 de
476 615 66 22 andra
558 615 90 21 ständen
663 615 40 21 och
719 615 20 20 af
755 615 41 20 alla
811 615 110 26 godkänts,
938 614 18 21 d.
972 621 18 14 v.
1006 621 16 14 s.

199 645 43 19 vatt
266 643 68 21 skilda
355 644 73 27 anslag
442 645 32 21 till
489 644 156 27 nybyggnader
659 644 35 20 vid
710 644 26 21 de
751 643 66 21 redan
832 643 81 26 färdiga
928 643 95 20 banorna

197 671 39 21 och
252 672 106 27 ökningen
374 673 22 20 af
411 673 40 21 den
468 673 76 27 rörliga
559 673 123 20 materielen
698 673 33 20 för
745 673 73 26 hvarje
833 671 142 28 finansperiod
986 671 36 21 be-

197 700 77 21 räknas
290 701 38 20 och
343 701 7 20 i
366 701 107 28 budgeten
488 701 120 28 uppföres»,
624 703 55 19 samt
695 703 42 18 »att
747 701 93 20 ärenden
853 700 20 21 af
885 702 65 19 större
961 700 62 27 bety-

196 728 58 22 delse
279 729 33 21 för
330 730 149 27 järnvägarnas
494 730 100 21 ekonomi
609 730 38 21 och
664 729 99 22 särskildt
777 729 85 27 sädana,
877 736 45 14 som
938 731 84 18 väsent-

195 757 57 28 ligen
268 757 74 22 beröra
358 759 40 20 den
413 759 141 21 trafikerande
569 759 154 20 allmänhetens
738 759 111 26 intressen,
865 757 75 27 blefve,
954 757 66 20 innan

196 785 82 28 slutligt
300 787 113 26 afgörande
436 794 49 21 eger
507 794 53 19 rum,
575 787 7 21 i
597 787 204 27 järnvägsstyrelsen
817 786 120 27 handlagda
952 786 69 20 under

194 815 112 20 samrädan
328 815 49 21 med
396 818 170 25 representanter
587 816 33 21 för
639 815 156 27 affärsvärlden,
810 815 70 20 härtill
895 815 89 20 utsedda
999 815 22 20 af

195 844 126 27 regeringen
343 844 33 21 för
397 844 73 27 längre
486 845 52 20 eller
552 845 83 20 kortare
651 844 50 21 tid».
731 843 132 28 Härigenom
877 843 144 21 förekommes

194 871 66 29 enligt
282 873 44 20 min
349 873 135 27 uppfattning
499 873 56 21 vissa
569 873 205 26 missförhällanden,
790 879 45 14 som
851 872 56 21 förut
922 873 35 26 egt
971 878 48 14 rum

193 900 35 21 vid
244 902 202 27 statsjärnvägarnas
461 902 134 27 förvaltning.
625 901 76 22 Denna
716 901 129 27 förvaltning
860 901 37 21 har
912 900 106 27 nämligen

192 929 47 21 icke
255 930 177 28 alltidädagalagt
442 930 41 22 den
490 930 172 27 förtänksamhet,
670 936 45 15 som
724 930 73 21 därvid
806 930 53 20 hade
870 930 47 20 bort
927 931 50 25 göra
987 929 33 27 sig

192 958 106 26 gällande,
320 959 86 27 specielt
428 959 69 21 sävidt
519 959 36 21 det
576 961 35 19 rör
627 959 80 21 sådana
722 958 155 28 nybyggnader
891 957 12 21 å
919 958 26 20 de
960 958 59 20 äldre

192 986 96 22 banorna
303 988 39 20 och
357 987 61 21 dessa
433 988 58 20 äldre
505 988 77 20 banors
597 987 112 21 förseende
724 987 49 21 med
789 994 26 14 en
831 986 54 22 ökad
900 986 64 28 rörlig
974 993 45 14 ma-

192 1015 66 27 teriel,
274 1022 45 14 som
335 1016 65 21 blifva
415 1016 105 28 behöfliga
536 1016 31 21 till
583 1016 52 27 följd
651 1016 21 20 af
687 1022 42 20 nya
745 1016 76 20 banors
837 1015 107 21 tillkomst.
966 1014 51 21 Man

192 1043 54 21 hade
269 1044 67 27 enligt
358 1045 44 20 min
424 1045 87 27 mening
533 1044 52 27 bort,
601 1044 27 21 dä
643 1051 27 15 en
686 1051 29 20 ny
731 1044 55 21 bana
801 1044 136 27 päbegyntes,
953 1043 64 21 ocksä

190 1075 76 24 genast
284 1073 64 21 tänka
362 1073 27 27 pä
404 1075 30 19 att
448 1073 27 27 pä
487 1074 26 20 de
528 1073 58 21 äldre
597 1073 94 21 banorna
699 1073 68 21 utföra
775 1072 42 21 alla
825 1072 26 21 de
858 1072 160 27 nybyggnader,

191 1106 46 15 som
259 1101 95 27 päkallas
375 1102 21 20 af
411 1101 41 21 den
468 1108 77 21 genom
561 1102 41 21 den
618 1108 43 20 nya
676 1102 70 20 banan
761 1101 112 21 tillkomna
887 1100 106 27 ökningen
1009 1100 7 20 i

190 1128 96 28 trafiken,
308 1130 109 21 äfvensom
437 1132 31 19 att
488 1130 94 21 anskaffa
602 1130 65 27 rörlig
687 1130 102 26 materiel,
812 1130 23 20 sä
861 1131 29 19 att
905 1129 42 21 den
961 1129 56 21 hade

190 1158 54 20 varit
266 1158 69 27 färdig
356 1158 8 21 i
385 1159 39 21 och
444 1159 48 21 med
516 1159 117 21 detsamma
653 1159 41 21 den
717 1165 43 20 nya
776 1158 70 21 banan
861 1157 108 28 öppnades
983 1157 34 21 för

188 1186 151 27 exploatation.
369 1186 129 28 Därigenom
521 1188 54 20 hade
598 1194 27 14 en
643 1187 112 27 stockning
771 1187 7 20 i
793 1186 96 26 trafiken,
904 1186 113 20 hvaröfver

187 1215 101 21 stundom
309 1216 47 20 icke
372 1216 143 27 oberättigade
531 1216 106 27 klagomål
652 1216 70 20 blifvit
737 1215 94 27 anförda,
845 1214 115 26 undvikits,
976 1214 39 21 och

186 1242 124 28 därigenom
333 1244 55 21 hade
410 1244 64 21 äfven
497 1244 160 21 åstadkommits
685 1246 30 19 att
730 1244 71 20 medel
816 1244 47 20 icke
878 1243 86 21 saknats
979 1243 35 20 vid

186 1271 168 28 banbyggnader
376 1273 38 20 och
431 1275 30 19 att
476 1273 124 27 kalkylerna
615 1273 90 20 rörande
721 1272 74 28 anslag
810 1272 32 20 för
852 1278 43 21 nya
905 1272 110 26 banbygg-

185 1300 67 21 nader
279 1301 54 21 hade
348 1302 54 20 varit
417 1302 131 27 tillräckliga.
578 1301 42 21 Det
635 1303 23 19 är
672 1301 47 21 icke
735 1302 7 19 i
757 1308 27 14 en
799 1300 145 27 kontinuerlig
955 1300 60 26 serie,

185 1335 46 14 som
247 1330 151 27 utvecklingen
414 1330 21 21 af
450 1330 27 21 de
492 1330 58 21 äldre
566 1330 95 20 banorna
676 1330 39 20 har
729 1329 50 28 gått,
794 1331 52 19 utan
857 1329 90 26 ryckvis.
962 1328 51 20 Man

185 1357 39 21 har
239 1358 69 20 under
323 1359 55 20 vissa
394 1359 98 27 perioder
508 1358 105 28 åtskilliga
629 1358 23 21 år
666 1358 126 21 försummat
803 1358 57 20 detta
870 1357 144 27 nybyggande

184 1386 39 20 och
234 1386 70 21 denna
316 1387 125 27 utvidgning
456 1388 22 20 af
492 1387 77 27 rörliga
581 1387 124 21 materielen
721 1387 39 20 och
776 1386 66 21 sedan
857 1386 8 20 i
881 1388 28 18 ett
920 1392 29 14 nu
961 1385 52 21 nöd-

184 1416 46 25 gats
252 1415 102 27 godtgöra
378 1416 36 20 det
435 1416 150 20 försummade.
614 1415 50 21 Just
685 1415 23 21 så
731 1417 22 19 är
774 1415 59 21 fallet
848 1414 69 21 under
931 1420 30 14 nu
977 1414 36 27 på-

184 1442 82 28 gående
289 1443 148 27 finansperiod.
468 1444 11 20 I
500 1444 52 27 följd
575 1444 22 20 af
612 1446 30 18 att
657 1444 31 20 till
704 1444 26 20 de
746 1444 58 20 äldre
820 1444 105 20 banornas
940 1442 73 21 vidare

184 1472 126 26 utrustning
325 1472 43 26 gått
383 1473 154 26 jämförelsevis
553 1475 55 18 stora
624 1478 95 15 summor
739 1472 63 21 hafva
817 1472 70 20 medel
902 1471 47 21 icke
964 1470 49 21 fun-

183 1500 43 20 nits
250 1502 31 18 att
302 1501 69 20 utföra
394 1501 25 21 de
443 1508 42 20 nya
500 1501 95 21 banorna
610 1501 53 21 efter
679 1501 39 21 den
735 1501 32 20 för
783 1501 47 20 dem
846 1500 109 20 faststälda
969 1499 44 27 pla-

184 1534 50 21 nen,
258 1531 51 18 utan
333 1530 61 20 deras
416 1530 113 27 byggande
552 1530 37 20 har
610 1530 69 20 blifvit
701 1529 104 27 betydligt
820 1528 113 22 försenadt.
963 1528 49 21 Men
