<?xml version="1.0" encoding="UTF-8"?>
<alto xmlns="http://www.loc.gov/standards/alto/ns-v3#" xmlns:xlink="http://www.w3.org/1999/xlink" xmlns:xsi="http://www.w3.org/2001/XMLSchema-instance" xsi:schemaLocation="http://www.loc.gov/standards/alto/ns-v3# http://www.loc.gov/alto/v3/alto-3-0.xsd">
	<Description>
		<MeasurementUnit>pixel</MeasurementUnit>
		<sourceImageInformation>
			<fileName>/tmp/tess_z6flu98p_input.PNG</fileName>
		</sourceImageInformation>
		<OCRProcessing ID="OCR_0">
			<ocrProcessingStep>
				<processingSoftware>
					<softwareName>tesseract 5.3.4</softwareName>
				</processingSoftware>
			</ocrProcessingStep>
		</OCRProcessing>
	</Description>
	<Layout>
		<Page WIDTH="1142" HEIGHT="1773" PHYSICAL_IMG_NR="0" ID="page_0">
			<PrintSpace HPOS="0" VPOS="0" WIDTH="1142" HEIGHT="1773">
				<ComposedBlock ID="cblock_0" HPOS="238" VPOS="125" WIDTH="558" HEIGHT="28">
					<TextBlock ID="block_0" HPOS="238" VPOS="125" WIDTH="558" HEIGHT="28">
						<TextLine ID="line_0" HPOS="238" VPOS="125" WIDTH="558" HEIGHT="28">
							<String ID="string_0" HPOS="238" VPOS="125" WIDTH="41" HEIGHT="20" WC="0.96" CONTENT="940"/><SP WIDTH="170" VPOS="125" HPOS="279"/>
							<String ID="string_1" HPOS="449" VPOS="131" WIDTH="180" HEIGHT="22" WC="0.92" CONTENT="Borgareständet"/><SP WIDTH="12" VPOS="131" HPOS="629"/>
							<String ID="string_2" HPOS="641" VPOS="132" WIDTH="57" HEIGHT="17" WC="0.84" CONTENT="1894."/><SP WIDTH="24" VPOS="132" HPOS="698"/>
							<String ID="string_3" HPOS="722" VPOS="132" WIDTH="14" HEIGHT="16" WC="0.96" CONTENT="4"/><SP WIDTH="12" VPOS="132" HPOS="736"/>
							<String ID="string_4" HPOS="748" VPOS="132" WIDTH="48" HEIGHT="20" WC="0.95" CONTENT="maj."/>
						</TextLine>
					</TextBlock>
				</ComposedBlock>
				<GraphicalElement ID="cblock_1" HPOS="209" VPOS="160" WIDTH="827" HEIGHT="12"></GraphicalElement >
				<ComposedBlock ID="cblock_2" HPOS="200" VPOS="210" WIDTH="837" HEIGHT="1344">
					<TextBlock ID="block_1" HPOS="200" VPOS="210" WIDTH="837" HEIGHT="1314">
						<TextLine ID="line_1" HPOS="209" VPOS="210" WIDTH="827" HEIGHT="29">
							<String ID="string_5" HPOS="209" VPOS="210" WIDTH="40" HEIGHT="22" WC="0.96" CONTENT="Om"/><SP WIDTH="16" VPOS="210" HPOS="249"/>
							<String ID="string_6" HPOS="265" VPOS="210" WIDTH="22" HEIGHT="22" WC="0.92" CONTENT="så"/><SP WIDTH="16" VPOS="210" HPOS="287"/>
							<String ID="string_7" HPOS="303" VPOS="211" WIDTH="94" HEIGHT="24" WC="0.91" CONTENT="förfares,"/><SP WIDTH="16" VPOS="211" HPOS="397"/>
							<String ID="string_8" HPOS="413" VPOS="212" WIDTH="85" HEIGHT="20" WC="0.90" CONTENT="förfelas"/><SP WIDTH="16" VPOS="212" HPOS="498"/>
							<String ID="string_9" HPOS="514" VPOS="212" WIDTH="22" HEIGHT="27" WC="0.96" CONTENT="ju"/><SP WIDTH="16" VPOS="212" HPOS="536"/>
							<String ID="string_10" HPOS="552" VPOS="212" WIDTH="61" HEIGHT="20" WC="0.93" CONTENT="totalt"/><SP WIDTH="15" VPOS="212" HPOS="613"/>
							<String ID="string_11" HPOS="628" VPOS="212" WIDTH="89" HEIGHT="20" WC="0.91" CONTENT="afsikten"/><SP WIDTH="17" VPOS="212" HPOS="717"/>
							<String ID="string_12" HPOS="734" VPOS="212" WIDTH="49" HEIGHT="20" WC="0.92" CONTENT="med"/><SP WIDTH="17" VPOS="212" HPOS="783"/>
							<String ID="string_13" HPOS="800" VPOS="211" WIDTH="236" HEIGHT="27" WC="0.91" CONTENT="antalsbestämningen,"/>
						</TextLine>
						<TextLine ID="line_2" HPOS="208" VPOS="239" WIDTH="828" HEIGHT="29">
							<String ID="string_14" HPOS="208" VPOS="240" WIDTH="39" HEIGHT="20" WC="0.95" CONTENT="och"/><SP WIDTH="26" VPOS="240" HPOS="247"/>
							<String ID="string_15" HPOS="273" VPOS="240" WIDTH="157" HEIGHT="21" WC="0.95" CONTENT="vederbörande"/><SP WIDTH="23" VPOS="240" HPOS="430"/>
							<String ID="string_16" HPOS="453" VPOS="240" WIDTH="128" HEIGHT="21" WC="0.96" CONTENT="kommuner"/><SP WIDTH="14" VPOS="240" HPOS="581"/>
							<String ID="string_17" HPOS="595" VPOS="247" WIDTH="50" HEIGHT="14" WC="0.95" CONTENT="vore"/><SP WIDTH="16" VPOS="247" HPOS="645"/>
							<String ID="string_18" HPOS="661" VPOS="241" WIDTH="23" HEIGHT="27" WC="0.95" CONTENT="ju"/><SP WIDTH="15" VPOS="241" HPOS="684"/>
							<String ID="string_19" HPOS="699" VPOS="240" WIDTH="88" HEIGHT="21" WC="0.93" CONTENT="alldeles"/><SP WIDTH="17" VPOS="240" HPOS="787"/>
							<String ID="string_20" HPOS="804" VPOS="240" WIDTH="139" HEIGHT="26" WC="0.91" CONTENT="vanmäktiga,"/><SP WIDTH="16" VPOS="240" HPOS="943"/>
							<String ID="string_21" HPOS="959" VPOS="246" WIDTH="34" HEIGHT="14" WC="0.96" CONTENT="om"/><SP WIDTH="17" VPOS="246" HPOS="993"/>
							<String ID="string_22" HPOS="1010" VPOS="239" WIDTH="26" HEIGHT="21" WC="0.96" CONTENT="de"/>
						</TextLine>
						<TextLine ID="line_3" HPOS="208" VPOS="268" WIDTH="829" HEIGHT="28">
							<String ID="string_23" HPOS="208" VPOS="268" WIDTH="50" HEIGHT="21" WC="0.96" CONTENT="ville"/><SP WIDTH="25" VPOS="268" HPOS="258"/>
							<String ID="string_24" HPOS="283" VPOS="268" WIDTH="114" HEIGHT="21" WC="0.93" CONTENT="inskränka"/><SP WIDTH="26" VPOS="268" HPOS="397"/>
							<String ID="string_25" HPOS="423" VPOS="269" WIDTH="293" HEIGHT="27" WC="0.80" CONTENT="försäljningsrättigheterna."/><SP WIDTH="43" VPOS="269" HPOS="716"/>
							<String ID="string_26" HPOS="759" VPOS="268" WIDTH="44" HEIGHT="22" WC="0.88" CONTENT="Och"/><SP WIDTH="26" VPOS="268" HPOS="803"/>
							<String ID="string_27" HPOS="829" VPOS="268" WIDTH="60" HEIGHT="21" WC="0.96" CONTENT="dessa"/><SP WIDTH="26" VPOS="268" HPOS="889"/>
							<String ID="string_28" HPOS="915" VPOS="268" WIDTH="122" HEIGHT="26" WC="0.96" CONTENT="rättigheter"/>
						</TextLine>
						<TextLine ID="line_4" HPOS="209" VPOS="296" WIDTH="827" HEIGHT="29">
							<String ID="string_29" HPOS="209" VPOS="296" WIDTH="69" HEIGHT="22" WC="0.91" CONTENT="blefve"/><SP WIDTH="16" VPOS="296" HPOS="278"/>
							<String ID="string_30" HPOS="294" VPOS="297" WIDTH="133" HEIGHT="27" WC="0.96" CONTENT="sannerligen"/><SP WIDTH="16" VPOS="297" HPOS="427"/>
							<String ID="string_31" HPOS="443" VPOS="298" WIDTH="111" HEIGHT="26" WC="0.96" CONTENT="ingenting"/><SP WIDTH="15" VPOS="298" HPOS="554"/>
							<String ID="string_32" HPOS="569" VPOS="300" WIDTH="66" HEIGHT="18" WC="0.96" CONTENT="annat"/><SP WIDTH="15" VPOS="300" HPOS="635"/>
							<String ID="string_33" HPOS="650" VPOS="300" WIDTH="26" HEIGHT="18" WC="0.96" CONTENT="än"/><SP WIDTH="17" VPOS="300" HPOS="676"/>
							<String ID="string_34" HPOS="693" VPOS="300" WIDTH="30" HEIGHT="18" WC="0.96" CONTENT="ett"/><SP WIDTH="14" VPOS="300" HPOS="723"/>
							<String ID="string_35" HPOS="737" VPOS="298" WIDTH="141" HEIGHT="27" WC="0.96" CONTENT="privilegium,"/><SP WIDTH="11" VPOS="298" HPOS="878"/>
							<String ID="string_36" HPOS="889" VPOS="296" WIDTH="87" HEIGHT="22" WC="0.93" CONTENT="snarlikt"/><SP WIDTH="10" VPOS="296" HPOS="976"/>
							<String ID="string_37" HPOS="986" VPOS="303" WIDTH="50" HEIGHT="21" WC="0.92" CONTENT="apo-"/>
						</TextLine>
						<TextLine ID="line_5" HPOS="209" VPOS="325" WIDTH="826" HEIGHT="28">
							<String ID="string_38" HPOS="209" VPOS="326" WIDTH="203" HEIGHT="27" WC="0.89" CONTENT="teksrättigheterna."/><SP WIDTH="30" VPOS="326" HPOS="412"/>
							<String ID="string_39" HPOS="442" VPOS="326" WIDTH="133" HEIGHT="21" WC="0.91" CONTENT="Bestämmer"/><SP WIDTH="15" VPOS="326" HPOS="575"/>
							<String ID="string_40" HPOS="590" VPOS="333" WIDTH="49" HEIGHT="14" WC="0.96" CONTENT="man"/><SP WIDTH="16" VPOS="333" HPOS="639"/>
							<String ID="string_41" HPOS="655" VPOS="326" WIDTH="32" HEIGHT="27" WC="0.96" CONTENT="sig"/><SP WIDTH="16" VPOS="326" HPOS="687"/>
							<String ID="string_42" HPOS="703" VPOS="326" WIDTH="96" HEIGHT="22" WC="0.96" CONTENT="däremot"/><SP WIDTH="14" VPOS="326" HPOS="799"/>
							<String ID="string_43" HPOS="813" VPOS="326" WIDTH="33" HEIGHT="20" WC="0.96" CONTENT="för"/><SP WIDTH="15" VPOS="326" HPOS="846"/>
							<String ID="string_44" HPOS="861" VPOS="332" WIDTH="26" HEIGHT="14" WC="0.92" CONTENT="en"/><SP WIDTH="9" VPOS="332" HPOS="887"/>
							<String ID="string_45" HPOS="896" VPOS="332" WIDTH="72" HEIGHT="20" WC="0.91" CONTENT="rayon,"/><SP WIDTH="9" VPOS="332" HPOS="968"/>
							<String ID="string_46" HPOS="977" VPOS="325" WIDTH="58" HEIGHT="21" WC="0.96" CONTENT="inom"/>
						</TextLine>
						<TextLine ID="line_6" HPOS="208" VPOS="353" WIDTH="829" HEIGHT="29">
							<String ID="string_47" HPOS="208" VPOS="354" WIDTH="84" HEIGHT="21" WC="0.92" CONTENT="hvilken"/><SP WIDTH="25" VPOS="354" HPOS="292"/>
							<String ID="string_48" HPOS="317" VPOS="354" WIDTH="60" HEIGHT="21" WC="0.95" CONTENT="dessa"/><SP WIDTH="23" VPOS="354" HPOS="377"/>
							<String ID="string_49" HPOS="400" VPOS="355" WIDTH="122" HEIGHT="27" WC="0.93" CONTENT="rättigheter"/><SP WIDTH="22" VPOS="355" HPOS="522"/>
							<String ID="string_50" HPOS="544" VPOS="355" WIDTH="92" HEIGHT="25" WC="0.93" CONTENT="utgifvas"/><SP WIDTH="23" VPOS="355" HPOS="636"/>
							<String ID="string_51" HPOS="659" VPOS="358" WIDTH="50" HEIGHT="18" WC="0.96" CONTENT="utan"/><SP WIDTH="17" VPOS="358" HPOS="709"/>
							<String ID="string_52" HPOS="726" VPOS="355" WIDTH="29" HEIGHT="21" WC="0.93" CONTENT="alt"/><SP WIDTH="15" VPOS="355" HPOS="755"/>
							<String ID="string_53" HPOS="770" VPOS="354" WIDTH="100" HEIGHT="22" WC="0.92" CONTENT="afseende"/><SP WIDTH="16" VPOS="354" HPOS="870"/>
							<String ID="string_54" HPOS="886" VPOS="354" WIDTH="11" HEIGHT="21" WC="0.89" CONTENT="ä"/><SP WIDTH="16" VPOS="354" HPOS="897"/>
							<String ID="string_55" HPOS="913" VPOS="354" WIDTH="84" HEIGHT="24" WC="0.96" CONTENT="antalet,"/><SP WIDTH="16" VPOS="354" HPOS="997"/>
							<String ID="string_56" HPOS="1013" VPOS="353" WIDTH="24" HEIGHT="21" WC="0.96" CONTENT="sä"/>
						</TextLine>
						<TextLine ID="line_7" HPOS="208" VPOS="382" WIDTH="826" HEIGHT="28">
							<String ID="string_57" HPOS="208" VPOS="383" WIDTH="125" HEIGHT="27" WC="0.91" CONTENT="omöjliggör"/><SP WIDTH="21" VPOS="383" HPOS="333"/>
							<String ID="string_58" HPOS="354" VPOS="390" WIDTH="49" HEIGHT="14" WC="0.96" CONTENT="man"/><SP WIDTH="24" VPOS="390" HPOS="403"/>
							<String ID="string_59" HPOS="427" VPOS="386" WIDTH="29" HEIGHT="18" WC="0.93" CONTENT="att"/><SP WIDTH="23" VPOS="386" HPOS="456"/>
							<String ID="string_60" HPOS="479" VPOS="384" WIDTH="235" HEIGHT="26" WC="0.91" CONTENT="stadsmyndigheterna"/><SP WIDTH="23" VPOS="384" HPOS="714"/>
							<String ID="string_61" HPOS="737" VPOS="384" WIDTH="73" HEIGHT="20" WC="0.97" CONTENT="kunna"/><SP WIDTH="21" VPOS="384" HPOS="810"/>
							<String ID="string_62" HPOS="831" VPOS="385" WIDTH="50" HEIGHT="25" WC="0.97" CONTENT="göra"/><SP WIDTH="15" VPOS="385" HPOS="881"/>
							<String ID="string_63" HPOS="896" VPOS="383" WIDTH="32" HEIGHT="27" WC="0.95" CONTENT="sig"/><SP WIDTH="15" VPOS="383" HPOS="928"/>
							<String ID="string_64" HPOS="943" VPOS="383" WIDTH="7" HEIGHT="20" WC="0.93" CONTENT="i"/><SP WIDTH="15" VPOS="383" HPOS="950"/>
							<String ID="string_65" HPOS="965" VPOS="382" WIDTH="69" HEIGHT="27" WC="0.93" CONTENT="nägon"/>
						</TextLine>
						<TextLine ID="line_8" HPOS="207" VPOS="411" WIDTH="828" HEIGHT="28">
							<String ID="string_66" HPOS="207" VPOS="412" WIDTH="49" HEIGHT="20" WC="0.93" CONTENT="män"/><SP WIDTH="20" VPOS="412" HPOS="256"/>
							<String ID="string_67" HPOS="276" VPOS="412" WIDTH="98" HEIGHT="26" WC="0.92" CONTENT="skyldiga"/><SP WIDTH="14" VPOS="412" HPOS="374"/>
							<String ID="string_68" HPOS="388" VPOS="412" WIDTH="32" HEIGHT="20" WC="0.93" CONTENT="till"/><SP WIDTH="14" VPOS="412" HPOS="420"/>
							<String ID="string_69" HPOS="434" VPOS="412" WIDTH="134" HEIGHT="20" WC="0.87" CONTENT="mannamän."/><SP WIDTH="31" VPOS="412" HPOS="568"/>
							<String ID="string_70" HPOS="599" VPOS="412" WIDTH="61" HEIGHT="21" WC="0.87" CONTENT="Inom"/><SP WIDTH="17" VPOS="412" HPOS="660"/>
							<String ID="string_71" HPOS="677" VPOS="412" WIDTH="69" HEIGHT="21" WC="0.93" CONTENT="denna"/><SP WIDTH="16" VPOS="412" HPOS="746"/>
							<String ID="string_72" HPOS="762" VPOS="418" WIDTH="66" HEIGHT="21" WC="0.92" CONTENT="rayon"/><SP WIDTH="16" VPOS="418" HPOS="828"/>
							<String ID="string_73" HPOS="844" VPOS="412" WIDTH="41" HEIGHT="20" WC="0.93" CONTENT="kan"/><SP WIDTH="16" VPOS="412" HPOS="885"/>
							<String ID="string_74" HPOS="901" VPOS="412" WIDTH="80" HEIGHT="20" WC="0.92" CONTENT="enhvar"/><SP WIDTH="15" VPOS="412" HPOS="981"/>
							<String ID="string_75" HPOS="996" VPOS="411" WIDTH="39" HEIGHT="20" WC="0.96" CONTENT="och"/>
						</TextLine>
						<TextLine ID="line_9" HPOS="208" VPOS="439" WIDTH="827" HEIGHT="29">
							<String ID="string_76" HPOS="208" VPOS="440" WIDTH="54" HEIGHT="21" WC="0.86" CONTENT="huru"/><SP WIDTH="24" VPOS="440" HPOS="262"/>
							<String ID="string_77" HPOS="286" VPOS="440" WIDTH="76" HEIGHT="27" WC="0.96" CONTENT="många"/><SP WIDTH="23" VPOS="440" HPOS="362"/>
							<String ID="string_78" HPOS="385" VPOS="447" WIDTH="44" HEIGHT="14" WC="0.92" CONTENT="som"/><SP WIDTH="25" VPOS="447" HPOS="429"/>
							<String ID="string_79" HPOS="454" VPOS="440" WIDTH="54" HEIGHT="22" WC="0.92" CONTENT="hälst"/><SP WIDTH="20" VPOS="440" HPOS="508"/>
							<String ID="string_80" HPOS="528" VPOS="440" WIDTH="79" HEIGHT="21" WC="0.96" CONTENT="ansöka"/><SP WIDTH="24" VPOS="440" HPOS="607"/>
							<String ID="string_81" HPOS="631" VPOS="441" WIDTH="39" HEIGHT="21" WC="0.93" CONTENT="och"/><SP WIDTH="23" VPOS="441" HPOS="670"/>
							<String ID="string_82" HPOS="693" VPOS="441" WIDTH="80" HEIGHT="21" WC="0.88" CONTENT="erhålla"/><SP WIDTH="28" VPOS="441" HPOS="773"/>
							<String ID="string_83" HPOS="801" VPOS="439" WIDTH="234" HEIGHT="29" WC="0.89" CONTENT="försäljningsrättighet"/>
						</TextLine>
						<TextLine ID="line_10" HPOS="208" VPOS="469" WIDTH="827" HEIGHT="28">
							<String ID="string_84" HPOS="208" VPOS="469" WIDTH="45" HEIGHT="23" WC="0.91" CONTENT="och,"/><SP WIDTH="25" VPOS="469" HPOS="253"/>
							<String ID="string_85" HPOS="278" VPOS="469" WIDTH="71" HEIGHT="20" WC="0.96" CONTENT="såvida"/><SP WIDTH="28" VPOS="469" HPOS="349"/>
							<String ID="string_86" HPOS="377" VPOS="469" WIDTH="25" HEIGHT="21" WC="0.93" CONTENT="de"/><SP WIDTH="26" VPOS="469" HPOS="402"/>
							<String ID="string_87" HPOS="428" VPOS="469" WIDTH="52" HEIGHT="27" WC="0.96" CONTENT="fylla"/><SP WIDTH="25" VPOS="469" HPOS="480"/>
							<String ID="string_88" HPOS="505" VPOS="469" WIDTH="26" HEIGHT="22" WC="0.93" CONTENT="de"/><SP WIDTH="22" VPOS="469" HPOS="531"/>
							<String ID="string_89" HPOS="553" VPOS="469" WIDTH="47" HEIGHT="21" WC="0.93" CONTENT="kraf"/><SP WIDTH="15" VPOS="469" HPOS="600"/>
							<String ID="string_90" HPOS="615" VPOS="476" WIDTH="49" HEIGHT="14" WC="0.96" CONTENT="man"/><SP WIDTH="16" VPOS="476" HPOS="664"/>
							<String ID="string_91" HPOS="680" VPOS="470" WIDTH="38" HEIGHT="20" WC="0.93" CONTENT="har"/><SP WIDTH="15" VPOS="470" HPOS="718"/>
							<String ID="string_92" HPOS="733" VPOS="470" WIDTH="98" HEIGHT="27" WC="0.95" CONTENT="rättighet"/><SP WIDTH="16" VPOS="470" HPOS="831"/>
							<String ID="string_93" HPOS="847" VPOS="472" WIDTH="30" HEIGHT="19" WC="0.93" CONTENT="att"/><SP WIDTH="14" VPOS="472" HPOS="877"/>
							<String ID="string_94" HPOS="891" VPOS="469" WIDTH="60" HEIGHT="21" WC="0.96" CONTENT="ställa"/><SP WIDTH="15" VPOS="469" HPOS="951"/>
							<String ID="string_95" HPOS="966" VPOS="469" WIDTH="27" HEIGHT="26" WC="0.97" CONTENT="pä"/><SP WIDTH="15" VPOS="469" HPOS="993"/>
							<String ID="string_96" HPOS="1008" VPOS="474" WIDTH="27" HEIGHT="14" WC="0.97" CONTENT="en"/>
						</TextLine>
						<TextLine ID="line_11" HPOS="208" VPOS="497" WIDTH="826" HEIGHT="28">
							<String ID="string_97" HPOS="208" VPOS="497" WIDTH="65" HEIGHT="21" WC="0.92" CONTENT="sädan"/><SP WIDTH="25" VPOS="497" HPOS="273"/>
							<String ID="string_98" HPOS="298" VPOS="498" WIDTH="125" HEIGHT="25" WC="0.88" CONTENT="handlande,"/><SP WIDTH="25" VPOS="498" HPOS="423"/>
							<String ID="string_99" HPOS="448" VPOS="498" WIDTH="22" HEIGHT="21" WC="0.93" CONTENT="fä"/><SP WIDTH="24" VPOS="498" HPOS="470"/>
							<String ID="string_100" HPOS="494" VPOS="498" WIDTH="26" HEIGHT="21" WC="0.92" CONTENT="de"/><SP WIDTH="26" VPOS="498" HPOS="520"/>
							<String ID="string_101" HPOS="546" VPOS="499" WIDTH="179" HEIGHT="26" WC="0.92" CONTENT="fortsättningsvis"/><SP WIDTH="22" VPOS="499" HPOS="725"/>
							<String ID="string_102" HPOS="747" VPOS="498" WIDTH="83" HEIGHT="21" WC="0.91" CONTENT="behälla"/><SP WIDTH="16" VPOS="498" HPOS="830"/>
							<String ID="string_103" HPOS="846" VPOS="499" WIDTH="46" HEIGHT="20" WC="0.96" CONTENT="sina"/><SP WIDTH="15" VPOS="499" HPOS="892"/>
							<String ID="string_104" HPOS="907" VPOS="497" WIDTH="127" HEIGHT="27" WC="0.96" CONTENT="rättigheter."/>
						</TextLine>
						<TextLine ID="line_12" HPOS="208" VPOS="525" WIDTH="826" HEIGHT="29">
							<String ID="string_105" HPOS="208" VPOS="526" WIDTH="49" HEIGHT="21" WC="0.96" CONTENT="Men"/><SP WIDTH="17" VPOS="526" HPOS="257"/>
							<String ID="string_106" HPOS="274" VPOS="526" WIDTH="62" HEIGHT="21" WC="0.96" CONTENT="dessa"/><SP WIDTH="14" VPOS="526" HPOS="336"/>
							<String ID="string_107" HPOS="350" VPOS="527" WIDTH="122" HEIGHT="26" WC="0.92" CONTENT="rättigheter"/><SP WIDTH="15" VPOS="527" HPOS="472"/>
							<String ID="string_108" HPOS="487" VPOS="527" WIDTH="83" HEIGHT="20" WC="0.96" CONTENT="tillhöra"/><SP WIDTH="15" VPOS="527" HPOS="570"/>
							<String ID="string_109" HPOS="585" VPOS="527" WIDTH="47" HEIGHT="21" WC="0.96" CONTENT="icke"/><SP WIDTH="17" VPOS="527" HPOS="632"/>
							<String ID="string_110" HPOS="649" VPOS="527" WIDTH="25" HEIGHT="21" WC="0.93" CONTENT="dä"/><SP WIDTH="16" VPOS="527" HPOS="674"/>
							<String ID="string_111" HPOS="690" VPOS="527" WIDTH="66" HEIGHT="27" WC="0.96" CONTENT="några"/><SP WIDTH="15" VPOS="527" HPOS="756"/>
							<String ID="string_112" HPOS="771" VPOS="527" WIDTH="21" HEIGHT="20" WC="0.96" CONTENT="få"/><SP WIDTH="16" VPOS="527" HPOS="792"/>
							<String ID="string_113" HPOS="808" VPOS="526" WIDTH="165" HEIGHT="28" WC="0.94" CONTENT="privilegierade."/><SP WIDTH="20" VPOS="526" HPOS="973"/>
							<String ID="string_114" HPOS="993" VPOS="525" WIDTH="41" HEIGHT="21" WC="0.96" CONTENT="Om"/>
						</TextLine>
						<TextLine ID="line_13" HPOS="208" VPOS="554" WIDTH="826" HEIGHT="29">
							<String ID="string_115" HPOS="208" VPOS="555" WIDTH="72" HEIGHT="21" WC="0.96" CONTENT="vidare"/><SP WIDTH="26" VPOS="555" HPOS="280"/>
							<String ID="string_116" HPOS="306" VPOS="555" WIDTH="26" HEIGHT="21" WC="0.92" CONTENT="de"/><SP WIDTH="25" VPOS="555" HPOS="332"/>
							<String ID="string_117" HPOS="357" VPOS="555" WIDTH="147" HEIGHT="28" WC="0.90" CONTENT="strömningar,"/><SP WIDTH="26" VPOS="555" HPOS="504"/>
							<String ID="string_118" HPOS="530" VPOS="555" WIDTH="71" HEIGHT="21" WC="0.92" CONTENT="hvilka"/><SP WIDTH="22" VPOS="555" HPOS="601"/>
							<String ID="string_119" HPOS="623" VPOS="556" WIDTH="33" HEIGHT="20" WC="0.97" CONTENT="för"/><SP WIDTH="15" VPOS="556" HPOS="656"/>
							<String ID="string_120" HPOS="671" VPOS="556" WIDTH="132" HEIGHT="21" WC="0.96" CONTENT="närvarande"/><SP WIDTH="15" VPOS="556" HPOS="803"/>
							<String ID="string_121" HPOS="818" VPOS="557" WIDTH="51" HEIGHT="26" WC="0.96" CONTENT="göra"/><SP WIDTH="15" VPOS="557" HPOS="869"/>
							<String ID="string_122" HPOS="884" VPOS="555" WIDTH="31" HEIGHT="27" WC="0.97" CONTENT="sig"/><SP WIDTH="15" VPOS="555" HPOS="915"/>
							<String ID="string_123" HPOS="930" VPOS="554" WIDTH="104" HEIGHT="28" WC="0.96" CONTENT="gällande,"/>
						</TextLine>
						<TextLine ID="line_14" HPOS="208" VPOS="583" WIDTH="826" HEIGHT="28">
							<String ID="string_124" HPOS="208" VPOS="583" WIDTH="178" HEIGHT="28" WC="0.92" CONTENT="fortsättningsvis"/><SP WIDTH="18" VPOS="583" HPOS="386"/>
							<String ID="string_125" HPOS="404" VPOS="584" WIDTH="63" HEIGHT="21" WC="0.93" CONTENT="äfven"/><SP WIDTH="16" VPOS="584" HPOS="467"/>
							<String ID="string_126" HPOS="483" VPOS="584" WIDTH="65" HEIGHT="21" WC="0.91" CONTENT="blifva"/><SP WIDTH="15" VPOS="584" HPOS="548"/>
							<String ID="string_127" HPOS="563" VPOS="584" WIDTH="41" HEIGHT="26" WC="0.96" CONTENT="det,"/><SP WIDTH="16" VPOS="584" HPOS="604"/>
							<String ID="string_128" HPOS="620" VPOS="585" WIDTH="23" HEIGHT="20" WC="0.93" CONTENT="sä"/><SP WIDTH="16" VPOS="585" HPOS="643"/>
							<String ID="string_129" HPOS="659" VPOS="587" WIDTH="87" HEIGHT="24" WC="0.93" CONTENT="antager"/><SP WIDTH="15" VPOS="587" HPOS="746"/>
							<String ID="string_130" HPOS="761" VPOS="585" WIDTH="35" HEIGHT="26" WC="0.96" CONTENT="jag"/><SP WIDTH="15" VPOS="585" HPOS="796"/>
							<String ID="string_131" HPOS="811" VPOS="587" WIDTH="36" HEIGHT="24" WC="0.96" CONTENT="att,"/><SP WIDTH="16" VPOS="587" HPOS="847"/>
							<String ID="string_132" HPOS="863" VPOS="586" WIDTH="38" HEIGHT="18" WC="0.97" CONTENT="när"/><SP WIDTH="14" VPOS="586" HPOS="901"/>
							<String ID="string_133" HPOS="915" VPOS="583" WIDTH="62" HEIGHT="28" WC="0.93" CONTENT="lagen"/><SP WIDTH="16" VPOS="583" HPOS="977"/>
							<String ID="string_134" HPOS="993" VPOS="585" WIDTH="41" HEIGHT="19" WC="0.92" CONTENT="trä-"/>
						</TextLine>
						<TextLine ID="line_15" HPOS="208" VPOS="611" WIDTH="827" HEIGHT="28">
							<String ID="string_135" HPOS="208" VPOS="612" WIDTH="37" HEIGHT="21" WC="0.95" CONTENT="der"/><SP WIDTH="21" VPOS="612" HPOS="245"/>
							<String ID="string_136" HPOS="266" VPOS="613" WIDTH="6" HEIGHT="20" WC="0.95" CONTENT="i"/><SP WIDTH="24" VPOS="613" HPOS="272"/>
							<String ID="string_137" HPOS="296" VPOS="612" WIDTH="60" HEIGHT="25" WC="0.93" CONTENT="kraft,"/><SP WIDTH="23" VPOS="612" HPOS="356"/>
							<String ID="string_138" HPOS="379" VPOS="619" WIDTH="48" HEIGHT="14" WC="0.95" CONTENT="man"/><SP WIDTH="15" VPOS="619" HPOS="427"/>
							<String ID="string_139" HPOS="442" VPOS="613" WIDTH="59" HEIGHT="20" WC="0.95" CONTENT="inom"/><SP WIDTH="16" VPOS="613" HPOS="501"/>
							<String ID="string_140" HPOS="517" VPOS="613" WIDTH="25" HEIGHT="20" WC="0.96" CONTENT="de"/><SP WIDTH="16" VPOS="613" HPOS="542"/>
							<String ID="string_141" HPOS="558" VPOS="613" WIDTH="103" HEIGHT="20" WC="0.96" CONTENT="särskilda"/><SP WIDTH="16" VPOS="613" HPOS="661"/>
							<String ID="string_142" HPOS="677" VPOS="613" WIDTH="155" HEIGHT="21" WC="0.93" CONTENT="kommunerna"/><SP WIDTH="15" VPOS="613" HPOS="832"/>
							<String ID="string_143" HPOS="847" VPOS="613" WIDTH="93" HEIGHT="20" WC="0.96" CONTENT="besluter"/><SP WIDTH="15" VPOS="613" HPOS="940"/>
							<String ID="string_144" HPOS="955" VPOS="612" WIDTH="32" HEIGHT="27" WC="0.96" CONTENT="sig"/><SP WIDTH="15" VPOS="612" HPOS="987"/>
							<String ID="string_145" HPOS="1002" VPOS="611" WIDTH="33" HEIGHT="21" WC="0.96" CONTENT="för"/>
						</TextLine>
						<TextLine ID="line_16" HPOS="207" VPOS="640" WIDTH="828" HEIGHT="28">
							<String ID="string_146" HPOS="207" VPOS="643" WIDTH="29" HEIGHT="18" WC="0.91" CONTENT="ett"/><SP WIDTH="23" VPOS="643" HPOS="236"/>
							<String ID="string_147" HPOS="259" VPOS="641" WIDTH="51" HEIGHT="21" WC="0.93" CONTENT="visst"/><SP WIDTH="15" VPOS="641" HPOS="310"/>
							<String ID="string_148" HPOS="325" VPOS="641" WIDTH="110" HEIGHT="21" WC="0.92" CONTENT="inskränkt"/><SP WIDTH="15" VPOS="641" HPOS="435"/>
							<String ID="string_149" HPOS="450" VPOS="641" WIDTH="62" HEIGHT="24" WC="0.93" CONTENT="antal,"/><SP WIDTH="16" VPOS="641" HPOS="512"/>
							<String ID="string_150" HPOS="528" VPOS="644" WIDTH="13" HEIGHT="18" WC="0.92" CONTENT="t."/><SP WIDTH="17" VPOS="644" HPOS="541"/>
							<String ID="string_151" HPOS="558" VPOS="648" WIDTH="32" HEIGHT="14" WC="0.95" CONTENT="ex."/><SP WIDTH="17" VPOS="648" HPOS="590"/>
							<String ID="string_152" HPOS="607" VPOS="642" WIDTH="32" HEIGHT="26" WC="0.96" CONTENT="20,"/><SP WIDTH="18" VPOS="642" HPOS="639"/>
							<String ID="string_153" HPOS="657" VPOS="642" WIDTH="26" HEIGHT="21" WC="0.96" CONTENT="30"/><SP WIDTH="17" VPOS="642" HPOS="683"/>
							<String ID="string_154" HPOS="700" VPOS="642" WIDTH="52" HEIGHT="21" WC="0.95" CONTENT="eller"/><SP WIDTH="14" VPOS="642" HPOS="752"/>
							<String ID="string_155" HPOS="766" VPOS="642" WIDTH="28" HEIGHT="21" WC="0.96" CONTENT="40"/><SP WIDTH="16" VPOS="642" HPOS="794"/>
							<String ID="string_156" HPOS="810" VPOS="641" WIDTH="127" HEIGHT="26" WC="0.96" CONTENT="rättigheter,"/><SP WIDTH="16" VPOS="641" HPOS="937"/>
							<String ID="string_157" HPOS="953" VPOS="641" WIDTH="39" HEIGHT="20" WC="0.96" CONTENT="och"/><SP WIDTH="15" VPOS="641" HPOS="992"/>
							<String ID="string_158" HPOS="1007" VPOS="640" WIDTH="28" HEIGHT="21" WC="0.96" CONTENT="dä"/>
						</TextLine>
						<TextLine ID="line_17" HPOS="208" VPOS="669" WIDTH="826" HEIGHT="28">
							<String ID="string_159" HPOS="208" VPOS="669" WIDTH="34" HEIGHT="20" WC="0.96" CONTENT="två"/><SP WIDTH="26" VPOS="669" HPOS="242"/>
							<String ID="string_160" HPOS="268" VPOS="669" WIDTH="24" HEIGHT="21" WC="0.95" CONTENT="år"/><SP WIDTH="25" VPOS="669" HPOS="292"/>
							<String ID="string_161" HPOS="317" VPOS="670" WIDTH="63" HEIGHT="21" WC="0.96" CONTENT="hafva"/><SP WIDTH="22" VPOS="670" HPOS="380"/>
							<String ID="string_162" HPOS="402" VPOS="670" WIDTH="44" HEIGHT="27" WC="0.95" CONTENT="gått"/><SP WIDTH="16" VPOS="670" HPOS="446"/>
							<String ID="string_163" HPOS="462" VPOS="670" WIDTH="59" HEIGHT="22" WC="0.92" CONTENT="förbi,"/><SP WIDTH="16" VPOS="670" HPOS="521"/>
							<String ID="string_164" HPOS="537" VPOS="670" WIDTH="62" HEIGHT="21" WC="0.93" CONTENT="hafva"/><SP WIDTH="16" VPOS="670" HPOS="599"/>
							<String ID="string_165" HPOS="615" VPOS="671" WIDTH="61" HEIGHT="20" WC="0.93" CONTENT="dessa"/><SP WIDTH="15" VPOS="671" HPOS="676"/>
							<String ID="string_166" HPOS="691" VPOS="671" WIDTH="134" HEIGHT="26" WC="0.92" CONTENT="rättigheters"/><SP WIDTH="15" VPOS="671" HPOS="825"/>
							<String ID="string_167" HPOS="840" VPOS="670" WIDTH="137" HEIGHT="21" WC="0.92" CONTENT="innehafvare"/><SP WIDTH="16" VPOS="670" HPOS="977"/>
							<String ID="string_168" HPOS="993" VPOS="669" WIDTH="41" HEIGHT="21" WC="0.96" CONTENT="alla"/>
						</TextLine>
						<TextLine ID="line_18" HPOS="206" VPOS="698" WIDTH="827" HEIGHT="27">
							<String ID="string_169" HPOS="206" VPOS="698" WIDTH="95" HEIGHT="27" WC="0.96" CONTENT="fullgjort"/><SP WIDTH="21" VPOS="698" HPOS="301"/>
							<String ID="string_170" HPOS="322" VPOS="698" WIDTH="29" HEIGHT="21" WC="0.96" CONTENT="alt"/><SP WIDTH="15" VPOS="698" HPOS="351"/>
							<String ID="string_171" HPOS="366" VPOS="699" WIDTH="54" HEIGHT="20" WC="0.95" CONTENT="hvad"/><SP WIDTH="17" VPOS="699" HPOS="420"/>
							<String ID="string_172" HPOS="437" VPOS="705" WIDTH="48" HEIGHT="14" WC="0.96" CONTENT="man"/><SP WIDTH="17" VPOS="705" HPOS="485"/>
							<String ID="string_173" HPOS="502" VPOS="699" WIDTH="21" HEIGHT="20" WC="0.96" CONTENT="af"/><SP WIDTH="15" VPOS="699" HPOS="523"/>
							<String ID="string_174" HPOS="538" VPOS="699" WIDTH="47" HEIGHT="20" WC="0.91" CONTENT="dem"/><SP WIDTH="18" VPOS="699" HPOS="585"/>
							<String ID="string_175" HPOS="603" VPOS="699" WIDTH="129" HEIGHT="26" WC="0.91" CONTENT="rättvisligen"/><SP WIDTH="18" VPOS="699" HPOS="732"/>
							<String ID="string_176" HPOS="750" VPOS="699" WIDTH="42" HEIGHT="21" WC="0.96" CONTENT="kan"/><SP WIDTH="15" VPOS="699" HPOS="792"/>
							<String ID="string_177" HPOS="807" VPOS="699" WIDTH="71" HEIGHT="20" WC="0.96" CONTENT="fordra"/><SP WIDTH="23" VPOS="699" HPOS="878"/>
							<String ID="string_178" HPOS="901" VPOS="699" WIDTH="40" HEIGHT="20" WC="0.96" CONTENT="och"/><SP WIDTH="15" VPOS="699" HPOS="941"/>
							<String ID="string_179" HPOS="956" VPOS="698" WIDTH="26" HEIGHT="20" WC="0.96" CONTENT="då"/><SP WIDTH="15" VPOS="698" HPOS="982"/>
							<String ID="string_180" HPOS="997" VPOS="700" WIDTH="36" HEIGHT="19" WC="0.96" CONTENT="äro"/>
						</TextLine>
						<TextLine ID="line_19" HPOS="207" VPOS="726" WIDTH="826" HEIGHT="29">
							<String ID="string_181" HPOS="207" VPOS="726" WIDTH="25" HEIGHT="21" WC="0.96" CONTENT="de"/><SP WIDTH="17" VPOS="726" HPOS="232"/>
							<String ID="string_182" HPOS="249" VPOS="727" WIDTH="129" HEIGHT="27" WC="0.96" CONTENT="berättigade"/><SP WIDTH="16" VPOS="727" HPOS="378"/>
							<String ID="string_183" HPOS="394" VPOS="730" WIDTH="29" HEIGHT="18" WC="0.97" CONTENT="att"/><SP WIDTH="15" VPOS="730" HPOS="423"/>
							<String ID="string_184" HPOS="438" VPOS="728" WIDTH="178" HEIGHT="27" WC="0.96" CONTENT="fortsättningsvis"/><SP WIDTH="16" VPOS="728" HPOS="616"/>
							<String ID="string_185" HPOS="632" VPOS="728" WIDTH="21" HEIGHT="20" WC="0.96" CONTENT="få"/><SP WIDTH="15" VPOS="728" HPOS="653"/>
							<String ID="string_186" HPOS="668" VPOS="727" WIDTH="84" HEIGHT="22" WC="0.96" CONTENT="behålla"/><SP WIDTH="15" VPOS="727" HPOS="752"/>
							<String ID="string_187" HPOS="767" VPOS="728" WIDTH="46" HEIGHT="20" WC="0.96" CONTENT="sina"/><SP WIDTH="8" VPOS="728" HPOS="813"/>
							<String ID="string_188" HPOS="821" VPOS="727" WIDTH="127" HEIGHT="27" WC="0.96" CONTENT="rättigheter,"/><SP WIDTH="9" VPOS="727" HPOS="948"/>
							<String ID="string_189" HPOS="957" VPOS="727" WIDTH="76" HEIGHT="20" WC="0.96" CONTENT="medan"/>
						</TextLine>
						<TextLine ID="line_20" HPOS="206" VPOS="755" WIDTH="828" HEIGHT="28">
							<String ID="string_190" HPOS="206" VPOS="755" WIDTH="64" HEIGHT="27" WC="0.96" CONTENT="ingen"/><SP WIDTH="26" VPOS="755" HPOS="270"/>
							<String ID="string_191" HPOS="296" VPOS="762" WIDTH="69" HEIGHT="14" WC="0.95" CONTENT="annan"/><SP WIDTH="26" VPOS="762" HPOS="365"/>
							<String ID="string_192" HPOS="391" VPOS="756" WIDTH="40" HEIGHT="20" WC="0.96" CONTENT="kan"/><SP WIDTH="25" VPOS="756" HPOS="431"/>
							<String ID="string_193" HPOS="456" VPOS="756" WIDTH="79" HEIGHT="21" WC="0.96" CONTENT="erhålla"/><SP WIDTH="23" VPOS="756" HPOS="535"/>
							<String ID="string_194" HPOS="558" VPOS="756" WIDTH="77" HEIGHT="27" WC="0.92" CONTENT="dylika."/><SP WIDTH="30" VPOS="756" HPOS="635"/>
							<String ID="string_195" HPOS="665" VPOS="757" WIDTH="96" HEIGHT="26" WC="0.91" CONTENT="Antager"/><SP WIDTH="22" VPOS="757" HPOS="761"/>
							<String ID="string_196" HPOS="783" VPOS="763" WIDTH="48" HEIGHT="14" WC="0.96" CONTENT="man"/><SP WIDTH="16" VPOS="763" HPOS="831"/>
							<String ID="string_197" HPOS="847" VPOS="756" WIDTH="95" HEIGHT="21" WC="0.93" CONTENT="däremot"/><SP WIDTH="15" VPOS="756" HPOS="942"/>
							<String ID="string_198" HPOS="957" VPOS="761" WIDTH="77" HEIGHT="21" WC="0.89" CONTENT="rayon-"/>
						</TextLine>
						<TextLine ID="line_21" HPOS="206" VPOS="783" WIDTH="829" HEIGHT="28">
							<String ID="string_199" HPOS="206" VPOS="786" WIDTH="107" HEIGHT="24" WC="0.96" CONTENT="systemet,"/><SP WIDTH="15" VPOS="786" HPOS="313"/>
							<String ID="string_200" HPOS="328" VPOS="784" WIDTH="24" HEIGHT="21" WC="0.96" CONTENT="så"/><SP WIDTH="15" VPOS="784" HPOS="352"/>
							<String ID="string_201" HPOS="367" VPOS="785" WIDTH="42" HEIGHT="20" WC="0.96" CONTENT="står"/><SP WIDTH="15" VPOS="785" HPOS="409"/>
							<String ID="string_202" HPOS="424" VPOS="785" WIDTH="36" HEIGHT="20" WC="0.96" CONTENT="det"/><SP WIDTH="15" VPOS="785" HPOS="460"/>
							<String ID="string_203" HPOS="475" VPOS="785" WIDTH="43" HEIGHT="20" WC="0.96" CONTENT="fritt"/><SP WIDTH="15" VPOS="785" HPOS="518"/>
							<String ID="string_204" HPOS="533" VPOS="785" WIDTH="33" HEIGHT="20" WC="0.93" CONTENT="för"/><SP WIDTH="15" VPOS="785" HPOS="566"/>
							<String ID="string_205" HPOS="581" VPOS="785" WIDTH="80" HEIGHT="20" WC="0.91" CONTENT="enhvar"/><SP WIDTH="16" VPOS="785" HPOS="661"/>
							<String ID="string_206" HPOS="677" VPOS="791" WIDTH="28" HEIGHT="19" WC="0.96" CONTENT="ny"/><SP WIDTH="16" VPOS="791" HPOS="705"/>
							<String ID="string_207" HPOS="721" VPOS="785" WIDTH="140" HEIGHT="26" WC="0.95" CONTENT="tillkommen,"/><SP WIDTH="12" VPOS="785" HPOS="861"/>
							<String ID="string_208" HPOS="873" VPOS="791" WIDTH="45" HEIGHT="14" WC="0.96" CONTENT="som"/><SP WIDTH="10" VPOS="791" HPOS="918"/>
							<String ID="string_209" HPOS="928" VPOS="783" WIDTH="107" HEIGHT="28" WC="0.96" CONTENT="uppfyller"/>
						</TextLine>
						<TextLine ID="line_22" HPOS="206" VPOS="812" WIDTH="827" HEIGHT="29">
							<String ID="string_210" HPOS="206" VPOS="812" WIDTH="26" HEIGHT="21" WC="0.96" CONTENT="de"/><SP WIDTH="23" VPOS="812" HPOS="232"/>
							<String ID="string_211" HPOS="255" VPOS="813" WIDTH="63" HEIGHT="20" WC="0.96" CONTENT="enkla"/><SP WIDTH="22" VPOS="813" HPOS="318"/>
							<String ID="string_212" HPOS="340" VPOS="813" WIDTH="125" HEIGHT="27" WC="0.96" CONTENT="fordringar,"/><SP WIDTH="24" VPOS="813" HPOS="465"/>
							<String ID="string_213" HPOS="489" VPOS="813" WIDTH="69" HEIGHT="21" WC="0.96" CONTENT="hvilka"/><SP WIDTH="20" VPOS="813" HPOS="558"/>
							<String ID="string_214" HPOS="578" VPOS="813" WIDTH="153" HEIGHT="27" WC="0.92" CONTENT="författningen"/><SP WIDTH="16" VPOS="813" HPOS="731"/>
							<String ID="string_215" HPOS="747" VPOS="813" WIDTH="120" HEIGHT="28" WC="0.92" CONTENT="uppställer,"/><SP WIDTH="16" VPOS="813" HPOS="867"/>
							<String ID="string_216" HPOS="883" VPOS="816" WIDTH="29" HEIGHT="18" WC="0.96" CONTENT="att"/><SP WIDTH="15" VPOS="816" HPOS="912"/>
							<String ID="string_217" HPOS="927" VPOS="813" WIDTH="51" HEIGHT="20" WC="0.96" CONTENT="söka"/><SP WIDTH="15" VPOS="813" HPOS="978"/>
							<String ID="string_218" HPOS="993" VPOS="813" WIDTH="40" HEIGHT="20" WC="0.96" CONTENT="och"/>
						</TextLine>
						<TextLine ID="line_23" HPOS="206" VPOS="841" WIDTH="827" HEIGHT="28">
							<String ID="string_219" HPOS="206" VPOS="841" WIDTH="78" HEIGHT="20" WC="0.92" CONTENT="erhålla"/><SP WIDTH="24" VPOS="841" HPOS="284"/>
							<String ID="string_220" HPOS="308" VPOS="841" WIDTH="238" HEIGHT="28" WC="0.89" CONTENT="försäljningsrättighet."/><SP WIDTH="74" VPOS="841" HPOS="546"/>
							<String ID="string_221" HPOS="620" VPOS="842" WIDTH="65" HEIGHT="21" WC="0.96" CONTENT="andra"/><SP WIDTH="20" VPOS="842" HPOS="685"/>
							<String ID="string_222" HPOS="705" VPOS="842" WIDTH="61" HEIGHT="21" WC="0.96" CONTENT="sidan"/><SP WIDTH="24" VPOS="842" HPOS="766"/>
							<String ID="string_223" HPOS="790" VPOS="844" WIDTH="23" HEIGHT="19" WC="0.96" CONTENT="är"/><SP WIDTH="16" VPOS="844" HPOS="813"/>
							<String ID="string_224" HPOS="829" VPOS="842" WIDTH="40" HEIGHT="26" WC="0.96" CONTENT="det,"/><SP WIDTH="16" VPOS="842" HPOS="869"/>
							<String ID="string_225" HPOS="885" VPOS="841" WIDTH="69" HEIGHT="21" WC="0.96" CONTENT="såsom"/><SP WIDTH="16" VPOS="841" HPOS="954"/>
							<String ID="string_226" HPOS="970" VPOS="841" WIDTH="63" HEIGHT="21" WC="0.96" CONTENT="också"/>
						</TextLine>
						<TextLine ID="line_24" HPOS="205" VPOS="869" WIDTH="828" HEIGHT="29">
							<String ID="string_227" HPOS="205" VPOS="869" WIDTH="6" HEIGHT="21" WC="0.96" CONTENT="i"/><SP WIDTH="24" VPOS="869" HPOS="211"/>
							<String ID="string_228" HPOS="235" VPOS="869" WIDTH="143" HEIGHT="22" WC="0.96" CONTENT="betänkandet"/><SP WIDTH="22" VPOS="869" HPOS="378"/>
							<String ID="string_229" HPOS="400" VPOS="871" WIDTH="88" HEIGHT="27" WC="0.95" CONTENT="påvisas,"/><SP WIDTH="23" VPOS="871" HPOS="488"/>
							<String ID="string_230" HPOS="511" VPOS="871" WIDTH="85" HEIGHT="27" WC="0.96" CONTENT="mycket"/><SP WIDTH="22" VPOS="871" HPOS="596"/>
							<String ID="string_231" HPOS="618" VPOS="877" WIDTH="45" HEIGHT="15" WC="0.93" CONTENT="mer"/><SP WIDTH="15" VPOS="877" HPOS="663"/>
							<String ID="string_232" HPOS="678" VPOS="871" WIDTH="116" HEIGHT="27" WC="0.90" CONTENT="hinderligt"/><SP WIDTH="15" VPOS="871" HPOS="794"/>
							<String ID="string_233" HPOS="809" VPOS="871" WIDTH="35" HEIGHT="20" WC="0.93" CONTENT="vid"/><SP WIDTH="16" VPOS="871" HPOS="844"/>
							<String ID="string_234" HPOS="860" VPOS="869" WIDTH="129" HEIGHT="22" WC="0.90" CONTENT="vinhandeln"/><SP WIDTH="16" VPOS="869" HPOS="989"/>
							<String ID="string_235" HPOS="1005" VPOS="871" WIDTH="28" HEIGHT="19" WC="0.96" CONTENT="än"/>
						</TextLine>
						<TextLine ID="line_25" HPOS="206" VPOS="898" WIDTH="827" HEIGHT="29">
							<String ID="string_236" HPOS="206" VPOS="898" WIDTH="34" HEIGHT="20" WC="0.92" CONTENT="vid"/><SP WIDTH="24" VPOS="898" HPOS="240"/>
							<String ID="string_237" HPOS="264" VPOS="898" WIDTH="259" HEIGHT="28" WC="0.90" CONTENT="bränvinsförsäljningen,"/><SP WIDTH="23" VPOS="898" HPOS="523"/>
							<String ID="string_238" HPOS="546" VPOS="906" WIDTH="33" HEIGHT="14" WC="0.96" CONTENT="om"/><SP WIDTH="24" VPOS="906" HPOS="579"/>
							<String ID="string_239" HPOS="603" VPOS="900" WIDTH="123" HEIGHT="27" WC="0.91" CONTENT="försäljaren"/><SP WIDTH="19" VPOS="900" HPOS="726"/>
							<String ID="string_240" HPOS="745" VPOS="900" WIDTH="47" HEIGHT="21" WC="0.96" CONTENT="icke"/><SP WIDTH="16" VPOS="900" HPOS="792"/>
							<String ID="string_241" HPOS="808" VPOS="900" WIDTH="41" HEIGHT="20" WC="0.96" CONTENT="kan"/><SP WIDTH="17" VPOS="900" HPOS="849"/>
							<String ID="string_242" HPOS="866" VPOS="906" WIDTH="50" HEIGHT="14" WC="0.96" CONTENT="vara"/><SP WIDTH="15" VPOS="906" HPOS="916"/>
							<String ID="string_243" HPOS="931" VPOS="898" WIDTH="60" HEIGHT="22" WC="0.96" CONTENT="säker"/><SP WIDTH="15" VPOS="898" HPOS="991"/>
							<String ID="string_244" HPOS="1006" VPOS="898" WIDTH="27" HEIGHT="28" WC="0.96" CONTENT="på"/>
						</TextLine>
						<TextLine ID="line_26" HPOS="205" VPOS="927" WIDTH="828" HEIGHT="28">
							<String ID="string_245" HPOS="205" VPOS="929" WIDTH="30" HEIGHT="18" WC="0.96" CONTENT="att"/><SP WIDTH="21" VPOS="929" HPOS="235"/>
							<String ID="string_246" HPOS="256" VPOS="927" WIDTH="22" HEIGHT="21" WC="0.96" CONTENT="få"/><SP WIDTH="23" VPOS="927" HPOS="278"/>
							<String ID="string_247" HPOS="301" VPOS="927" WIDTH="83" HEIGHT="21" WC="0.96" CONTENT="behålla"/><SP WIDTH="22" VPOS="927" HPOS="384"/>
							<String ID="string_248" HPOS="406" VPOS="928" WIDTH="32" HEIGHT="20" WC="0.96" CONTENT="sin"/><SP WIDTH="24" VPOS="928" HPOS="438"/>
							<String ID="string_249" HPOS="462" VPOS="928" WIDTH="98" HEIGHT="27" WC="0.96" CONTENT="rättighet"/><SP WIDTH="19" VPOS="928" HPOS="560"/>
							<String ID="string_250" HPOS="579" VPOS="934" WIDTH="45" HEIGHT="15" WC="0.96" CONTENT="mer"/><SP WIDTH="15" VPOS="934" HPOS="624"/>
							<String ID="string_251" HPOS="639" VPOS="930" WIDTH="26" HEIGHT="19" WC="0.96" CONTENT="än"/><SP WIDTH="16" VPOS="930" HPOS="665"/>
							<String ID="string_252" HPOS="681" VPOS="928" WIDTH="35" HEIGHT="21" WC="0.96" CONTENT="två"/><SP WIDTH="16" VPOS="928" HPOS="716"/>
							<String ID="string_253" HPOS="732" VPOS="928" WIDTH="28" HEIGHT="21" WC="0.96" CONTENT="år."/><SP WIDTH="31" VPOS="928" HPOS="760"/>
							<String ID="string_254" HPOS="791" VPOS="928" WIDTH="40" HEIGHT="21" WC="0.96" CONTENT="Om"/><SP WIDTH="16" VPOS="928" HPOS="831"/>
							<String ID="string_255" HPOS="847" VPOS="934" WIDTH="48" HEIGHT="14" WC="0.93" CONTENT="man"/><SP WIDTH="16" VPOS="934" HPOS="895"/>
							<String ID="string_256" HPOS="911" VPOS="928" WIDTH="56" HEIGHT="20" WC="0.91" CONTENT="afser"/><SP WIDTH="15" VPOS="928" HPOS="967"/>
							<String ID="string_257" HPOS="982" VPOS="929" WIDTH="29" HEIGHT="19" WC="0.96" CONTENT="att"/><SP WIDTH="15" VPOS="929" HPOS="1011"/>
							<String ID="string_258" HPOS="1026" VPOS="928" WIDTH="7" HEIGHT="19" WC="0.96" CONTENT="i"/>
						</TextLine>
						<TextLine ID="line_27" HPOS="205" VPOS="956" WIDTH="828" HEIGHT="28">
							<String ID="string_259" HPOS="205" VPOS="962" WIDTH="26" HEIGHT="14" WC="0.93" CONTENT="en"/><SP WIDTH="28" VPOS="962" HPOS="231"/>
							<String ID="string_260" HPOS="259" VPOS="956" WIDTH="112" HEIGHT="21" WC="0.91" CONTENT="vinhandel"/><SP WIDTH="27" VPOS="956" HPOS="371"/>
							<String ID="string_261" HPOS="398" VPOS="956" WIDTH="108" HEIGHT="28" WC="0.96" CONTENT="värkligen"/><SP WIDTH="26" VPOS="956" HPOS="506"/>
							<String ID="string_262" HPOS="532" VPOS="956" WIDTH="52" HEIGHT="21" WC="0.96" CONTENT="skall"/><SP WIDTH="24" VPOS="956" HPOS="584"/>
							<String ID="string_263" HPOS="608" VPOS="957" WIDTH="63" HEIGHT="27" WC="0.94" CONTENT="säljas"/><SP WIDTH="16" VPOS="957" HPOS="671"/>
							<String ID="string_264" HPOS="687" VPOS="957" WIDTH="41" HEIGHT="27" WC="0.96" CONTENT="vin,"/><SP WIDTH="16" VPOS="957" HPOS="728"/>
							<String ID="string_265" HPOS="744" VPOS="957" WIDTH="23" HEIGHT="21" WC="0.96" CONTENT="så"/><SP WIDTH="15" VPOS="957" HPOS="767"/>
							<String ID="string_266" HPOS="782" VPOS="957" WIDTH="67" HEIGHT="21" WC="0.96" CONTENT="måste"/><SP WIDTH="16" VPOS="957" HPOS="849"/>
							<String ID="string_267" HPOS="865" VPOS="956" WIDTH="32" HEIGHT="26" WC="0.95" CONTENT="de,"/><SP WIDTH="15" VPOS="956" HPOS="897"/>
							<String ID="string_268" HPOS="912" VPOS="962" WIDTH="45" HEIGHT="15" WC="0.96" CONTENT="som"/><SP WIDTH="16" VPOS="962" HPOS="957"/>
							<String ID="string_269" HPOS="973" VPOS="956" WIDTH="60" HEIGHT="20" WC="0.96" CONTENT="skola"/>
						</TextLine>
						<TextLine ID="line_28" HPOS="205" VPOS="984" WIDTH="828" HEIGHT="29">
							<String ID="string_270" HPOS="205" VPOS="990" WIDTH="53" HEIGHT="21" WC="0.95" CONTENT="egna"/><SP WIDTH="24" VPOS="990" HPOS="258"/>
							<String ID="string_271" HPOS="282" VPOS="984" WIDTH="32" HEIGHT="27" WC="0.93" CONTENT="sig"/><SP WIDTH="24" VPOS="984" HPOS="314"/>
							<String ID="string_272" HPOS="338" VPOS="984" WIDTH="65" HEIGHT="27" WC="0.87" CONTENT="däråt,"/><SP WIDTH="16" VPOS="984" HPOS="403"/>
							<String ID="string_273" HPOS="419" VPOS="992" WIDTH="49" HEIGHT="14" WC="0.96" CONTENT="vara"/><SP WIDTH="16" VPOS="992" HPOS="468"/>
							<String ID="string_274" HPOS="484" VPOS="985" WIDTH="121" HEIGHT="21" WC="0.96" CONTENT="försäkrade"/><SP WIDTH="16" VPOS="985" HPOS="605"/>
							<String ID="string_275" HPOS="621" VPOS="992" WIDTH="32" HEIGHT="14" WC="0.96" CONTENT="om"/><SP WIDTH="18" VPOS="992" HPOS="653"/>
							<String ID="string_276" HPOS="671" VPOS="985" WIDTH="49" HEIGHT="21" WC="0.96" CONTENT="vida"/><SP WIDTH="15" VPOS="985" HPOS="720"/>
							<String ID="string_277" HPOS="735" VPOS="985" WIDTH="74" HEIGHT="28" WC="0.96" CONTENT="längre"/><SP WIDTH="16" VPOS="985" HPOS="809"/>
							<String ID="string_278" HPOS="825" VPOS="985" WIDTH="41" HEIGHT="21" WC="0.96" CONTENT="tids"/><SP WIDTH="15" VPOS="985" HPOS="866"/>
							<String ID="string_279" HPOS="881" VPOS="985" WIDTH="99" HEIGHT="27" WC="0.96" CONTENT="rättighet"/><SP WIDTH="20" VPOS="985" HPOS="980"/>
							<String ID="string_280" HPOS="1000" VPOS="984" WIDTH="33" HEIGHT="21" WC="0.96" CONTENT="för"/>
						</TextLine>
						<TextLine ID="line_29" HPOS="205" VPOS="1012" WIDTH="828" HEIGHT="28">
							<String ID="string_281" HPOS="205" VPOS="1015" WIDTH="29" HEIGHT="18" WC="0.95" CONTENT="att"/><SP WIDTH="25" VPOS="1015" HPOS="234"/>
							<String ID="string_282" HPOS="259" VPOS="1012" WIDTH="73" HEIGHT="22" WC="0.96" CONTENT="kunna"/><SP WIDTH="27" VPOS="1012" HPOS="332"/>
							<String ID="string_283" HPOS="359" VPOS="1013" WIDTH="159" HEIGHT="21" WC="0.94" CONTENT="tillhandahålla"/><SP WIDTH="25" VPOS="1013" HPOS="518"/>
							<String ID="string_284" HPOS="543" VPOS="1013" WIDTH="142" HEIGHT="21" WC="0.96" CONTENT="allmänheten"/><SP WIDTH="24" VPOS="1013" HPOS="685"/>
							<String ID="string_285" HPOS="709" VPOS="1020" WIDTH="27" HEIGHT="14" WC="0.95" CONTENT="en"/><SP WIDTH="17" VPOS="1020" HPOS="736"/>
							<String ID="string_286" HPOS="753" VPOS="1021" WIDTH="56" HEIGHT="19" WC="0.95" CONTENT="vara,"/><SP WIDTH="15" VPOS="1021" HPOS="809"/>
							<String ID="string_287" HPOS="824" VPOS="1020" WIDTH="45" HEIGHT="14" WC="0.96" CONTENT="som"/><SP WIDTH="17" VPOS="1020" HPOS="869"/>
							<String ID="string_288" HPOS="886" VPOS="1013" WIDTH="108" HEIGHT="27" WC="0.96" CONTENT="värkligen"/><SP WIDTH="16" VPOS="1013" HPOS="994"/>
							<String ID="string_289" HPOS="1010" VPOS="1015" WIDTH="23" HEIGHT="19" WC="0.96" CONTENT="är"/>
						</TextLine>
						<TextLine ID="line_30" HPOS="205" VPOS="1041" WIDTH="828" HEIGHT="29">
							<String ID="string_290" HPOS="205" VPOS="1041" WIDTH="35" HEIGHT="20" WC="0.96" CONTENT="vin"/><SP WIDTH="26" VPOS="1041" HPOS="240"/>
							<String ID="string_291" HPOS="266" VPOS="1042" WIDTH="39" HEIGHT="20" WC="0.96" CONTENT="och"/><SP WIDTH="25" VPOS="1042" HPOS="305"/>
							<String ID="string_292" HPOS="330" VPOS="1042" WIDTH="47" HEIGHT="20" WC="0.95" CONTENT="icke"/><SP WIDTH="28" VPOS="1042" HPOS="377"/>
							<String ID="string_293" HPOS="405" VPOS="1042" WIDTH="52" HEIGHT="21" WC="0.95" CONTENT="blott"/><SP WIDTH="25" VPOS="1042" HPOS="457"/>
							<String ID="string_294" HPOS="482" VPOS="1048" WIDTH="26" HEIGHT="15" WC="0.93" CONTENT="en"/><SP WIDTH="16" VPOS="1048" HPOS="508"/>
							<String ID="string_295" HPOS="524" VPOS="1042" WIDTH="177" HEIGHT="28" WC="0.91" CONTENT="fabriksprodukt."/><SP WIDTH="17" VPOS="1042" HPOS="701"/>
							<String ID="string_296" HPOS="718" VPOS="1056" WIDTH="27" HEIGHT="2" WC="0.93" CONTENT="—"/><SP WIDTH="16" VPOS="1056" HPOS="745"/>
							<String ID="string_297" HPOS="761" VPOS="1042" WIDTH="70" HEIGHT="21" WC="0.96" CONTENT="Jämte"/><SP WIDTH="17" VPOS="1042" HPOS="831"/>
							<String ID="string_298" HPOS="848" VPOS="1042" WIDTH="35" HEIGHT="21" WC="0.96" CONTENT="det"/><SP WIDTH="14" VPOS="1042" HPOS="883"/>
							<String ID="string_299" HPOS="897" VPOS="1042" WIDTH="36" HEIGHT="27" WC="0.96" CONTENT="jag"/><SP WIDTH="14" VPOS="1042" HPOS="933"/>
							<String ID="string_300" HPOS="947" VPOS="1042" WIDTH="7" HEIGHT="20" WC="0.96" CONTENT="i"/><SP WIDTH="16" VPOS="1042" HPOS="954"/>
							<String ID="string_301" HPOS="970" VPOS="1042" WIDTH="63" HEIGHT="26" WC="0.96" CONTENT="öfrigt"/>
						</TextLine>
						<TextLine ID="line_31" HPOS="204" VPOS="1070" WIDTH="829" HEIGHT="28">
							<String ID="string_302" HPOS="204" VPOS="1070" WIDTH="62" HEIGHT="20" WC="0.96" CONTENT="äfven"/><SP WIDTH="27" VPOS="1070" HPOS="266"/>
							<String ID="string_303" HPOS="293" VPOS="1070" WIDTH="53" HEIGHT="21" WC="0.96" CONTENT="hvad"/><SP WIDTH="27" VPOS="1070" HPOS="346"/>
							<String ID="string_304" HPOS="373" VPOS="1070" WIDTH="99" HEIGHT="21" WC="0.96" CONTENT="beträffar"/><SP WIDTH="25" VPOS="1070" HPOS="472"/>
							<String ID="string_305" HPOS="497" VPOS="1070" WIDTH="129" HEIGHT="22" WC="0.95" CONTENT="kvantiteten"/><SP WIDTH="25" VPOS="1070" HPOS="626"/>
							<String ID="string_306" HPOS="651" VPOS="1071" WIDTH="38" HEIGHT="21" WC="0.96" CONTENT="och"/><SP WIDTH="16" VPOS="1071" HPOS="689"/>
							<String ID="string_307" HPOS="705" VPOS="1071" WIDTH="68" HEIGHT="27" WC="0.96" CONTENT="öfriga"/><SP WIDTH="16" VPOS="1071" HPOS="773"/>
							<String ID="string_308" HPOS="789" VPOS="1071" WIDTH="158" HEIGHT="26" WC="0.96" CONTENT="bestämningar"/><SP WIDTH="14" VPOS="1071" HPOS="947"/>
							<String ID="string_309" HPOS="961" VPOS="1070" WIDTH="72" HEIGHT="21" WC="0.96" CONTENT="ställer"/>
						</TextLine>
						<TextLine ID="line_32" HPOS="205" VPOS="1098" WIDTH="828" HEIGHT="28">
							<String ID="string_310" HPOS="205" VPOS="1098" WIDTH="43" HEIGHT="27" WC="0.96" CONTENT="mig"/><SP WIDTH="23" VPOS="1098" HPOS="248"/>
							<String ID="string_311" HPOS="271" VPOS="1098" WIDTH="44" HEIGHT="21" WC="0.96" CONTENT="helt"/><SP WIDTH="23" VPOS="1098" HPOS="315"/>
							<String ID="string_312" HPOS="338" VPOS="1099" WIDTH="39" HEIGHT="21" WC="0.93" CONTENT="och"/><SP WIDTH="22" VPOS="1099" HPOS="377"/>
							<String ID="string_313" HPOS="399" VPOS="1099" WIDTH="65" HEIGHT="21" WC="0.93" CONTENT="hållet"/><SP WIDTH="15" VPOS="1099" HPOS="464"/>
							<String ID="string_314" HPOS="479" VPOS="1099" WIDTH="26" HEIGHT="27" WC="0.96" CONTENT="på"/><SP WIDTH="15" VPOS="1099" HPOS="505"/>
							<String ID="string_315" HPOS="520" VPOS="1099" WIDTH="41" HEIGHT="21" WC="0.96" CONTENT="den"/><SP WIDTH="16" VPOS="1099" HPOS="561"/>
							<String ID="string_316" HPOS="577" VPOS="1100" WIDTH="66" HEIGHT="20" WC="0.93" CONTENT="andra"/><SP WIDTH="16" VPOS="1100" HPOS="643"/>
							<String ID="string_317" HPOS="659" VPOS="1100" WIDTH="169" HEIGHT="20" WC="0.91" CONTENT="reservationens"/><SP WIDTH="15" VPOS="1100" HPOS="828"/>
							<String ID="string_318" HPOS="843" VPOS="1099" WIDTH="136" HEIGHT="27" WC="0.96" CONTENT="ståndpunkt,"/><SP WIDTH="16" VPOS="1099" HPOS="979"/>
							<String ID="string_319" HPOS="995" VPOS="1098" WIDTH="38" HEIGHT="21" WC="0.96" CONTENT="ber"/>
						</TextLine>
						<TextLine ID="line_33" HPOS="203" VPOS="1126" WIDTH="830" HEIGHT="28">
							<String ID="string_320" HPOS="203" VPOS="1126" WIDTH="35" HEIGHT="27" WC="0.96" CONTENT="jag"/><SP WIDTH="8" VPOS="1126" HPOS="238"/>
							<String ID="string_321" HPOS="246" VPOS="1129" WIDTH="30" HEIGHT="19" WC="0.96" CONTENT="att"/><SP WIDTH="8" VPOS="1129" HPOS="276"/>
							<String ID="string_322" HPOS="284" VPOS="1127" WIDTH="30" HEIGHT="21" WC="0.96" CONTENT="uti"/><SP WIDTH="8" VPOS="1127" HPOS="314"/>
							<String ID="string_323" HPOS="322" VPOS="1134" WIDTH="25" HEIGHT="14" WC="0.96" CONTENT="en"/><SP WIDTH="9" VPOS="1134" HPOS="347"/>
							<String ID="string_324" HPOS="356" VPOS="1128" WIDTH="73" HEIGHT="26" WC="0.96" CONTENT="punkt,"/><SP WIDTH="8" VPOS="1128" HPOS="429"/>
							<String ID="string_325" HPOS="437" VPOS="1128" WIDTH="129" HEIGHT="20" WC="0.96" CONTENT="beträffande"/><SP WIDTH="9" VPOS="1128" HPOS="566"/>
							<String ID="string_326" HPOS="575" VPOS="1129" WIDTH="12" HEIGHT="19" WC="0.92" CONTENT="5"/><SP WIDTH="16" VPOS="1129" HPOS="587"/>
							<String ID="string_327" HPOS="603" VPOS="1128" WIDTH="12" HEIGHT="26" WC="0.92" CONTENT="$"/><SP WIDTH="16" VPOS="1128" HPOS="615"/>
							<String ID="string_328" HPOS="631" VPOS="1128" WIDTH="7" HEIGHT="20" WC="0.96" CONTENT="i"/><SP WIDTH="15" VPOS="1128" HPOS="638"/>
							<String ID="string_329" HPOS="653" VPOS="1128" WIDTH="113" HEIGHT="21" WC="0.93" CONTENT="utskottets"/><SP WIDTH="15" VPOS="1128" HPOS="766"/>
							<String ID="string_330" HPOS="781" VPOS="1127" WIDTH="219" HEIGHT="27" WC="0.91" CONTENT="författningsförslag,"/><SP WIDTH="11" VPOS="1127" HPOS="1000"/>
							<String ID="string_331" HPOS="1011" VPOS="1127" WIDTH="22" HEIGHT="21" WC="0.96" CONTENT="få"/>
						</TextLine>
						<TextLine ID="line_34" HPOS="203" VPOS="1155" WIDTH="829" HEIGHT="29">
							<String ID="string_332" HPOS="203" VPOS="1155" WIDTH="73" HEIGHT="21" WC="0.96" CONTENT="förena"/><SP WIDTH="16" VPOS="1155" HPOS="276"/>
							<String ID="string_333" HPOS="292" VPOS="1156" WIDTH="43" HEIGHT="27" WC="0.96" CONTENT="mig"/><SP WIDTH="15" VPOS="1156" HPOS="335"/>
							<String ID="string_334" HPOS="350" VPOS="1162" WIDTH="34" HEIGHT="14" WC="0.96" CONTENT="om"/><SP WIDTH="16" VPOS="1162" HPOS="384"/>
							<String ID="string_335" HPOS="400" VPOS="1156" WIDTH="24" HEIGHT="20" WC="0.96" CONTENT="hr"/><SP WIDTH="16" VPOS="1156" HPOS="424"/>
							<String ID="string_336" HPOS="440" VPOS="1156" WIDTH="127" HEIGHT="28" WC="0.96" CONTENT="Holmbergs"/><SP WIDTH="15" VPOS="1156" HPOS="567"/>
							<String ID="string_337" HPOS="582" VPOS="1157" WIDTH="129" HEIGHT="20" WC="0.96" CONTENT="reservation"/><SP WIDTH="16" VPOS="1157" HPOS="711"/>
							<String ID="string_338" HPOS="727" VPOS="1159" WIDTH="36" HEIGHT="25" WC="0.95" CONTENT="att,"/><SP WIDTH="16" VPOS="1159" HPOS="763"/>
							<String ID="string_339" HPOS="779" VPOS="1156" WIDTH="26" HEIGHT="21" WC="0.96" CONTENT="då"/><SP WIDTH="10" VPOS="1156" HPOS="805"/>
							<String ID="string_340" HPOS="815" VPOS="1156" WIDTH="94" HEIGHT="21" WC="0.96" CONTENT="ärenden"/><SP WIDTH="13" VPOS="1156" HPOS="909"/>
							<String ID="string_341" HPOS="922" VPOS="1156" WIDTH="110" HEIGHT="25" WC="0.96" CONTENT="angående"/>
						</TextLine>
						<TextLine ID="line_35" HPOS="203" VPOS="1183" WIDTH="830" HEIGHT="29">
							<String ID="string_342" HPOS="203" VPOS="1183" WIDTH="125" HEIGHT="28" WC="0.96" CONTENT="försäljning"/><SP WIDTH="25" VPOS="1183" HPOS="328"/>
							<String ID="string_343" HPOS="353" VPOS="1185" WIDTH="21" HEIGHT="20" WC="0.95" CONTENT="af"/><SP WIDTH="26" VPOS="1185" HPOS="374"/>
							<String ID="string_344" HPOS="400" VPOS="1185" WIDTH="60" HEIGHT="21" WC="0.95" CONTENT="viner"/><SP WIDTH="24" VPOS="1185" HPOS="460"/>
							<String ID="string_345" HPOS="484" VPOS="1185" WIDTH="38" HEIGHT="20" WC="0.96" CONTENT="och"/><SP WIDTH="16" VPOS="1185" HPOS="522"/>
							<String ID="string_346" HPOS="538" VPOS="1185" WIDTH="66" HEIGHT="21" WC="0.96" CONTENT="andra"/><SP WIDTH="15" VPOS="1185" HPOS="604"/>
							<String ID="string_347" HPOS="619" VPOS="1191" WIDTH="88" HEIGHT="21" WC="0.92" CONTENT="svagare"/><SP WIDTH="15" VPOS="1191" HPOS="707"/>
							<String ID="string_348" HPOS="722" VPOS="1185" WIDTH="129" HEIGHT="27" WC="0.92" CONTENT="rusdrycker"/><SP WIDTH="15" VPOS="1185" HPOS="851"/>
							<String ID="string_349" HPOS="866" VPOS="1184" WIDTH="129" HEIGHT="28" WC="0.95" CONTENT="handläggas"/><SP WIDTH="16" VPOS="1184" HPOS="995"/>
							<String ID="string_350" HPOS="1011" VPOS="1184" WIDTH="22" HEIGHT="21" WC="0.96" CONTENT="af"/>
						</TextLine>
						<TextLine ID="line_36" HPOS="203" VPOS="1212" WIDTH="829" HEIGHT="28">
							<String ID="string_351" HPOS="203" VPOS="1212" WIDTH="191" HEIGHT="28" WC="0.96" CONTENT="stadsfullmäktige"/><SP WIDTH="16" VPOS="1212" HPOS="394"/>
							<String ID="string_352" HPOS="410" VPOS="1213" WIDTH="52" HEIGHT="21" WC="0.93" CONTENT="eller"/><SP WIDTH="15" VPOS="1213" HPOS="462"/>
							<String ID="string_353" HPOS="477" VPOS="1213" WIDTH="174" HEIGHT="27" WC="0.91" CONTENT="rådhusstämma,"/><SP WIDTH="16" VPOS="1213" HPOS="651"/>
							<String ID="string_354" HPOS="667" VPOS="1214" WIDTH="109" HEIGHT="26" WC="0.96" CONTENT="försäljare"/><SP WIDTH="16" VPOS="1214" HPOS="776"/>
							<String ID="string_355" HPOS="792" VPOS="1214" WIDTH="21" HEIGHT="20" WC="0.95" CONTENT="af"/><SP WIDTH="16" VPOS="1214" HPOS="813"/>
							<String ID="string_356" HPOS="829" VPOS="1214" WIDTH="60" HEIGHT="20" WC="0.95" CONTENT="viner"/><SP WIDTH="15" VPOS="1214" HPOS="889"/>
							<String ID="string_357" HPOS="904" VPOS="1213" WIDTH="52" HEIGHT="21" WC="0.93" CONTENT="eller"/><SP WIDTH="15" VPOS="1213" HPOS="956"/>
							<String ID="string_358" HPOS="971" VPOS="1213" WIDTH="61" HEIGHT="27" WC="0.92" CONTENT="sprit-"/>
						</TextLine>
						<TextLine ID="line_37" HPOS="203" VPOS="1240" WIDTH="829" HEIGHT="29">
							<String ID="string_359" HPOS="203" VPOS="1240" WIDTH="91" HEIGHT="26" WC="0.96" CONTENT="drycker"/><SP WIDTH="24" VPOS="1240" HPOS="294"/>
							<String ID="string_360" HPOS="318" VPOS="1242" WIDTH="109" HEIGHT="20" WC="0.93" CONTENT="äfvensom"/><SP WIDTH="25" VPOS="1242" HPOS="427"/>
							<String ID="string_361" HPOS="452" VPOS="1242" WIDTH="137" HEIGHT="21" WC="0.91" CONTENT="innehafvare"/><SP WIDTH="26" VPOS="1242" HPOS="589"/>
							<String ID="string_362" HPOS="615" VPOS="1242" WIDTH="21" HEIGHT="20" WC="0.93" CONTENT="af"/><SP WIDTH="24" VPOS="1242" HPOS="636"/>
							<String ID="string_363" HPOS="660" VPOS="1242" WIDTH="46" HEIGHT="20" WC="0.92" CONTENT="vin-"/><SP WIDTH="25" VPOS="1242" HPOS="706"/>
							<String ID="string_364" HPOS="731" VPOS="1242" WIDTH="52" HEIGHT="21" WC="0.93" CONTENT="eller"/><SP WIDTH="22" VPOS="1242" HPOS="783"/>
							<String ID="string_365" HPOS="805" VPOS="1242" WIDTH="122" HEIGHT="27" WC="0.92" CONTENT="spritfabrik"/><SP WIDTH="14" VPOS="1242" HPOS="927"/>
							<String ID="string_366" HPOS="941" VPOS="1242" WIDTH="8" HEIGHT="20" WC="0.93" CONTENT="i"/><SP WIDTH="15" VPOS="1242" HPOS="949"/>
							<String ID="string_367" HPOS="964" VPOS="1242" WIDTH="68" HEIGHT="20" WC="0.91" CONTENT="öfver-"/>
						</TextLine>
						<TextLine ID="line_38" HPOS="202" VPOS="1268" WIDTH="830" HEIGHT="30">
							<String ID="string_368" HPOS="202" VPOS="1268" WIDTH="102" HEIGHT="28" WC="0.96" CONTENT="läggning"/><SP WIDTH="21" VPOS="1268" HPOS="304"/>
							<String ID="string_369" HPOS="325" VPOS="1276" WIDTH="50" HEIGHT="15" WC="0.96" CONTENT="men"/><SP WIDTH="15" VPOS="1276" HPOS="375"/>
							<String ID="string_370" HPOS="390" VPOS="1270" WIDTH="47" HEIGHT="21" WC="0.96" CONTENT="icke"/><SP WIDTH="16" VPOS="1270" HPOS="437"/>
							<String ID="string_371" HPOS="453" VPOS="1270" WIDTH="7" HEIGHT="20" WC="0.96" CONTENT="i"/><SP WIDTH="15" VPOS="1270" HPOS="460"/>
							<String ID="string_372" HPOS="475" VPOS="1270" WIDTH="69" HEIGHT="21" WC="0.96" CONTENT="beslut"/><SP WIDTH="20" VPOS="1270" HPOS="544"/>
							<String ID="string_373" HPOS="564" VPOS="1270" WIDTH="34" HEIGHT="21" WC="0.95" CONTENT="må"/><SP WIDTH="15" VPOS="1270" HPOS="598"/>
							<String ID="string_374" HPOS="613" VPOS="1270" WIDTH="89" HEIGHT="28" WC="0.95" CONTENT="deltaga."/><SP WIDTH="31" VPOS="1270" HPOS="702"/>
							<String ID="string_375" HPOS="733" VPOS="1270" WIDTH="64" HEIGHT="22" WC="0.95" CONTENT="Detta"/><SP WIDTH="15" VPOS="1270" HPOS="797"/>
							<String ID="string_376" HPOS="812" VPOS="1277" WIDTH="62" HEIGHT="14" WC="0.96" CONTENT="anser"/><SP WIDTH="15" VPOS="1277" HPOS="874"/>
							<String ID="string_377" HPOS="889" VPOS="1270" WIDTH="35" HEIGHT="27" WC="0.96" CONTENT="jag"/><SP WIDTH="15" VPOS="1270" HPOS="924"/>
							<String ID="string_378" HPOS="939" VPOS="1276" WIDTH="50" HEIGHT="14" WC="0.96" CONTENT="vara"/><SP WIDTH="16" VPOS="1276" HPOS="989"/>
							<String ID="string_379" HPOS="1005" VPOS="1276" WIDTH="27" HEIGHT="14" WC="0.96" CONTENT="en"/>
						</TextLine>
						<TextLine ID="line_39" HPOS="202" VPOS="1297" WIDTH="831" HEIGHT="29">
							<String ID="string_380" HPOS="202" VPOS="1297" WIDTH="64" HEIGHT="27" WC="0.95" CONTENT="riktig"/><SP WIDTH="15" VPOS="1297" HPOS="266"/>
							<String ID="string_381" HPOS="281" VPOS="1298" WIDTH="139" HEIGHT="28" WC="0.94" CONTENT="bestämning."/><SP WIDTH="31" VPOS="1298" HPOS="420"/>
							<String ID="string_382" HPOS="451" VPOS="1299" WIDTH="30" HEIGHT="26" WC="0.96" CONTENT="Ty"/><SP WIDTH="16" VPOS="1299" HPOS="481"/>
							<String ID="string_383" HPOS="497" VPOS="1301" WIDTH="30" HEIGHT="18" WC="0.96" CONTENT="att"/><SP WIDTH="15" VPOS="1301" HPOS="527"/>
							<String ID="string_384" HPOS="542" VPOS="1299" WIDTH="61" HEIGHT="21" WC="0.96" CONTENT="dessa"/><SP WIDTH="16" VPOS="1299" HPOS="603"/>
							<String ID="string_385" HPOS="619" VPOS="1306" WIDTH="101" HEIGHT="20" WC="0.93" CONTENT="personer"/><SP WIDTH="15" VPOS="1306" HPOS="720"/>
							<String ID="string_386" HPOS="735" VPOS="1299" WIDTH="70" HEIGHT="21" WC="0.93" CONTENT="blefve"/><SP WIDTH="17" VPOS="1299" HPOS="805"/>
							<String ID="string_387" HPOS="822" VPOS="1299" WIDTH="106" HEIGHT="21" WC="0.96" CONTENT="uteslutna"/><SP WIDTH="15" VPOS="1299" HPOS="928"/>
							<String ID="string_388" HPOS="943" VPOS="1298" WIDTH="46" HEIGHT="21" WC="0.96" CONTENT="från"/><SP WIDTH="14" VPOS="1298" HPOS="989"/>
							<String ID="string_389" HPOS="1003" VPOS="1298" WIDTH="30" HEIGHT="21" WC="0.96" CONTENT="alt"/>
						</TextLine>
						<TextLine ID="line_40" HPOS="202" VPOS="1326" WIDTH="830" HEIGHT="28">
							<String ID="string_390" HPOS="202" VPOS="1326" WIDTH="127" HEIGHT="27" WC="0.95" CONTENT="deltagande"/><SP WIDTH="23" VPOS="1326" HPOS="329"/>
							<String ID="string_391" HPOS="352" VPOS="1327" WIDTH="53" HEIGHT="21" WC="0.95" CONTENT="både"/><SP WIDTH="19" VPOS="1327" HPOS="405"/>
							<String ID="string_392" HPOS="424" VPOS="1328" WIDTH="6" HEIGHT="20" WC="0.93" CONTENT="i"/><SP WIDTH="16" VPOS="1328" HPOS="430"/>
							<String ID="string_393" HPOS="446" VPOS="1327" WIDTH="214" HEIGHT="27" WC="0.89" CONTENT="öfverläggningarna"/><SP WIDTH="16" VPOS="1327" HPOS="660"/>
							<String ID="string_394" HPOS="676" VPOS="1328" WIDTH="39" HEIGHT="20" WC="0.96" CONTENT="och"/><SP WIDTH="17" VPOS="1328" HPOS="715"/>
							<String ID="string_395" HPOS="732" VPOS="1328" WIDTH="96" HEIGHT="21" WC="0.96" CONTENT="besluten"/><SP WIDTH="17" VPOS="1328" HPOS="828"/>
							<String ID="string_396" HPOS="845" VPOS="1327" WIDTH="72" HEIGHT="21" WC="0.96" CONTENT="kunde"/><SP WIDTH="15" VPOS="1327" HPOS="917"/>
							<String ID="string_397" HPOS="932" VPOS="1327" WIDTH="47" HEIGHT="21" WC="0.93" CONTENT="icke"/><SP WIDTH="16" VPOS="1327" HPOS="979"/>
							<String ID="string_398" HPOS="995" VPOS="1333" WIDTH="37" HEIGHT="15" WC="0.92" CONTENT="an-"/>
						</TextLine>
						<TextLine ID="line_41" HPOS="203" VPOS="1355" WIDTH="829" HEIGHT="28">
							<String ID="string_399" HPOS="203" VPOS="1358" WIDTH="35" HEIGHT="17" WC="0.96" CONTENT="nat"/><SP WIDTH="15" VPOS="1358" HPOS="238"/>
							<String ID="string_400" HPOS="253" VPOS="1356" WIDTH="27" HEIGHT="19" WC="0.93" CONTENT="än"/><SP WIDTH="20" VPOS="1356" HPOS="280"/>
							<String ID="string_401" HPOS="300" VPOS="1355" WIDTH="106" HEIGHT="27" WC="0.91" CONTENT="beklagas,"/><SP WIDTH="16" VPOS="1355" HPOS="406"/>
							<String ID="string_402" HPOS="422" VPOS="1355" WIDTH="27" HEIGHT="21" WC="0.96" CONTENT="då"/><SP WIDTH="15" VPOS="1355" HPOS="449"/>
							<String ID="string_403" HPOS="464" VPOS="1356" WIDTH="76" HEIGHT="26" WC="0.95" CONTENT="många"/><SP WIDTH="16" VPOS="1356" HPOS="540"/>
							<String ID="string_404" HPOS="556" VPOS="1356" WIDTH="21" HEIGHT="20" WC="0.96" CONTENT="af"/><SP WIDTH="15" VPOS="1356" HPOS="577"/>
							<String ID="string_405" HPOS="592" VPOS="1356" WIDTH="48" HEIGHT="21" WC="0.96" CONTENT="dem"/><SP WIDTH="16" VPOS="1356" HPOS="640"/>
							<String ID="string_406" HPOS="656" VPOS="1362" WIDTH="77" HEIGHT="21" WC="0.96" CONTENT="genom"/><SP WIDTH="15" VPOS="1362" HPOS="733"/>
							<String ID="string_407" HPOS="748" VPOS="1356" WIDTH="33" HEIGHT="20" WC="0.93" CONTENT="sin"/><SP WIDTH="16" VPOS="1356" HPOS="781"/>
							<String ID="string_408" HPOS="797" VPOS="1356" WIDTH="146" HEIGHT="26" WC="0.92" CONTENT="fackkunskap"/><SP WIDTH="16" VPOS="1356" HPOS="943"/>
							<String ID="string_409" HPOS="959" VPOS="1356" WIDTH="73" HEIGHT="20" WC="0.96" CONTENT="kunna"/>
						</TextLine>
						<TextLine ID="line_42" HPOS="201" VPOS="1383" WIDTH="830" HEIGHT="29">
							<String ID="string_410" HPOS="201" VPOS="1383" WIDTH="78" HEIGHT="21" WC="0.95" CONTENT="tillföra"/><SP WIDTH="23" VPOS="1383" HPOS="279"/>
							<String ID="string_411" HPOS="302" VPOS="1384" WIDTH="149" HEIGHT="21" WC="0.90" CONTENT="diskussionen"/><SP WIDTH="16" VPOS="1384" HPOS="451"/>
							<String ID="string_412" HPOS="467" VPOS="1384" WIDTH="116" HEIGHT="21" WC="0.95" CONTENT="värdefulla"/><SP WIDTH="16" VPOS="1384" HPOS="583"/>
							<String ID="string_413" HPOS="599" VPOS="1384" WIDTH="160" HEIGHT="28" WC="0.96" CONTENT="upplysningar,"/><SP WIDTH="16" VPOS="1384" HPOS="759"/>
							<String ID="string_414" HPOS="775" VPOS="1385" WIDTH="38" HEIGHT="20" WC="0.96" CONTENT="och"/><SP WIDTH="17" VPOS="1385" HPOS="813"/>
							<String ID="string_415" HPOS="830" VPOS="1384" WIDTH="123" HEIGHT="27" WC="0.95" CONTENT="därigenom"/><SP WIDTH="16" VPOS="1384" HPOS="953"/>
							<String ID="string_416" HPOS="969" VPOS="1384" WIDTH="62" HEIGHT="20" WC="0.96" CONTENT="äfven"/>
						</TextLine>
						<TextLine ID="line_43" HPOS="201" VPOS="1411" WIDTH="830" HEIGHT="29">
							<String ID="string_417" HPOS="201" VPOS="1411" WIDTH="41" HEIGHT="21" WC="0.96" CONTENT="kan"/><SP WIDTH="21" VPOS="1411" HPOS="242"/>
							<String ID="string_418" HPOS="263" VPOS="1412" WIDTH="120" HEIGHT="21" WC="0.95" CONTENT="förhindras"/><SP WIDTH="22" VPOS="1412" HPOS="383"/>
							<String ID="string_419" HPOS="405" VPOS="1415" WIDTH="31" HEIGHT="19" WC="0.96" CONTENT="att"/><SP WIDTH="22" VPOS="1415" HPOS="436"/>
							<String ID="string_420" HPOS="458" VPOS="1413" WIDTH="94" HEIGHT="27" WC="0.96" CONTENT="ensidiga"/><SP WIDTH="22" VPOS="1413" HPOS="552"/>
							<String ID="string_421" HPOS="574" VPOS="1413" WIDTH="124" HEIGHT="21" WC="0.96" CONTENT="uttalanden"/><SP WIDTH="15" VPOS="1413" HPOS="698"/>
							<String ID="string_422" HPOS="713" VPOS="1415" WIDTH="51" HEIGHT="25" WC="0.96" CONTENT="göra"/><SP WIDTH="16" VPOS="1415" HPOS="764"/>
							<String ID="string_423" HPOS="780" VPOS="1414" WIDTH="32" HEIGHT="26" WC="0.96" CONTENT="sig"/><SP WIDTH="15" VPOS="1414" HPOS="812"/>
							<String ID="string_424" HPOS="827" VPOS="1412" WIDTH="98" HEIGHT="28" WC="0.96" CONTENT="gällande"/><SP WIDTH="16" VPOS="1412" HPOS="925"/>
							<String ID="string_425" HPOS="941" VPOS="1412" WIDTH="39" HEIGHT="21" WC="0.93" CONTENT="och"/><SP WIDTH="15" VPOS="1412" HPOS="980"/>
							<String ID="string_426" HPOS="995" VPOS="1412" WIDTH="36" HEIGHT="22" WC="0.91" CONTENT="be-"/>
						</TextLine>
						<TextLine ID="line_44" HPOS="201" VPOS="1439" WIDTH="830" HEIGHT="29">
							<String ID="string_427" HPOS="201" VPOS="1439" WIDTH="133" HEIGHT="28" WC="0.92" CONTENT="skyllningar"/><SP WIDTH="14" VPOS="1439" HPOS="334"/>
							<String ID="string_428" HPOS="348" VPOS="1441" WIDTH="134" HEIGHT="27" WC="0.96" CONTENT="framställas,"/><SP WIDTH="15" VPOS="1441" HPOS="482"/>
							<String ID="string_429" HPOS="497" VPOS="1441" WIDTH="70" HEIGHT="21" WC="0.96" CONTENT="hvilka"/><SP WIDTH="15" VPOS="1441" HPOS="567"/>
							<String ID="string_430" HPOS="582" VPOS="1442" WIDTH="47" HEIGHT="20" WC="0.96" CONTENT="icke"/><SP WIDTH="16" VPOS="1442" HPOS="629"/>
							<String ID="string_431" HPOS="645" VPOS="1442" WIDTH="73" HEIGHT="20" WC="0.96" CONTENT="kunna"/><SP WIDTH="16" VPOS="1442" HPOS="718"/>
							<String ID="string_432" HPOS="734" VPOS="1444" WIDTH="103" HEIGHT="24" WC="0.96" CONTENT="upptagas"/><SP WIDTH="16" VPOS="1444" HPOS="837"/>
							<String ID="string_433" HPOS="853" VPOS="1442" WIDTH="32" HEIGHT="20" WC="0.93" CONTENT="till"/><SP WIDTH="9" VPOS="1442" HPOS="885"/>
							<String ID="string_434" HPOS="894" VPOS="1440" WIDTH="137" HEIGHT="22" WC="0.91" CONTENT="besvarande."/>
						</TextLine>
						<TextLine ID="line_45" HPOS="200" VPOS="1467" WIDTH="831" HEIGHT="30">
							<String ID="string_435" HPOS="200" VPOS="1467" WIDTH="102" HEIGHT="22" WC="0.95" CONTENT="Däremot"/><SP WIDTH="22" VPOS="1467" HPOS="302"/>
							<String ID="string_436" HPOS="324" VPOS="1476" WIDTH="63" HEIGHT="14" WC="0.95" CONTENT="anser"/><SP WIDTH="14" VPOS="1476" HPOS="387"/>
							<String ID="string_437" HPOS="401" VPOS="1470" WIDTH="36" HEIGHT="26" WC="0.96" CONTENT="jag"/><SP WIDTH="15" VPOS="1470" HPOS="437"/>
							<String ID="string_438" HPOS="452" VPOS="1470" WIDTH="35" HEIGHT="20" WC="0.96" CONTENT="det"/><SP WIDTH="15" VPOS="1470" HPOS="487"/>
							<String ID="string_439" HPOS="502" VPOS="1470" WIDTH="71" HEIGHT="27" WC="0.96" CONTENT="riktigt"/><SP WIDTH="16" VPOS="1470" HPOS="573"/>
							<String ID="string_440" HPOS="589" VPOS="1472" WIDTH="30" HEIGHT="19" WC="0.96" CONTENT="att"/><SP WIDTH="15" VPOS="1472" HPOS="619"/>
							<String ID="string_441" HPOS="634" VPOS="1470" WIDTH="60" HEIGHT="21" WC="0.96" CONTENT="dessa"/><SP WIDTH="16" VPOS="1470" HPOS="694"/>
							<String ID="string_442" HPOS="710" VPOS="1476" WIDTH="102" HEIGHT="21" WC="0.96" CONTENT="personer"/><SP WIDTH="14" VPOS="1476" HPOS="812"/>
							<String ID="string_443" HPOS="826" VPOS="1470" WIDTH="47" HEIGHT="21" WC="0.96" CONTENT="icke"/><SP WIDTH="16" VPOS="1470" HPOS="873"/>
							<String ID="string_444" HPOS="889" VPOS="1469" WIDTH="35" HEIGHT="21" WC="0.96" CONTENT="må"/><SP WIDTH="14" VPOS="1469" HPOS="924"/>
							<String ID="string_445" HPOS="938" VPOS="1470" WIDTH="7" HEIGHT="20" WC="0.93" CONTENT="i"/><SP WIDTH="17" VPOS="1470" HPOS="945"/>
							<String ID="string_446" HPOS="962" VPOS="1469" WIDTH="69" HEIGHT="21" WC="0.90" CONTENT="beslu-"/>
						</TextLine>
						<TextLine ID="line_46" HPOS="200" VPOS="1497" WIDTH="134" HEIGHT="27">
							<String ID="string_447" HPOS="200" VPOS="1499" WIDTH="30" HEIGHT="19" WC="0.96" CONTENT="tet"/><SP WIDTH="15" VPOS="1499" HPOS="230"/>
							<String ID="string_448" HPOS="245" VPOS="1497" WIDTH="89" HEIGHT="27" WC="0.96" CONTENT="deltaga."/>
						</TextLine>
					</TextBlock>
					<TextBlock ID="block_2" HPOS="269" VPOS="1525" WIDTH="762" HEIGHT="29">
						<TextLine ID="line_47" HPOS="269" VPOS="1525" WIDTH="762" HEIGHT="29">
							<String ID="string_449" HPOS="269" VPOS="1525" WIDTH="41" HEIGHT="27" WC="0.96" CONTENT="Jag"/><SP WIDTH="19" VPOS="1525" HPOS="310"/>
							<String ID="string_450" HPOS="329" VPOS="1526" WIDTH="69" HEIGHT="21" WC="0.96" CONTENT="skulle"/><SP WIDTH="16" VPOS="1526" HPOS="398"/>
							<String ID="string_451" HPOS="414" VPOS="1526" WIDTH="26" HEIGHT="28" WC="0.96" CONTENT="på"/><SP WIDTH="16" VPOS="1526" HPOS="440"/>
							<String ID="string_452" HPOS="456" VPOS="1526" WIDTH="68" HEIGHT="28" WC="0.96" CONTENT="grund"/><SP WIDTH="17" VPOS="1526" HPOS="524"/>
							<String ID="string_453" HPOS="541" VPOS="1527" WIDTH="21" HEIGHT="20" WC="0.96" CONTENT="af"/><SP WIDTH="14" VPOS="1527" HPOS="562"/>
							<String ID="string_454" HPOS="576" VPOS="1527" WIDTH="55" HEIGHT="20" WC="0.96" CONTENT="hvad"/><SP WIDTH="16" VPOS="1527" HPOS="631"/>
							<String ID="string_455" HPOS="647" VPOS="1527" WIDTH="36" HEIGHT="27" WC="0.96" CONTENT="jag"/><SP WIDTH="14" VPOS="1527" HPOS="683"/>
							<String ID="string_456" HPOS="697" VPOS="1526" WIDTH="116" HEIGHT="22" WC="0.96" CONTENT="framhållit"/><SP WIDTH="15" VPOS="1526" HPOS="813"/>
							<String ID="string_457" HPOS="828" VPOS="1527" WIDTH="53" HEIGHT="27" WC="0.96" CONTENT="yrka"/><SP WIDTH="16" VPOS="1527" HPOS="881"/>
							<String ID="string_458" HPOS="897" VPOS="1526" WIDTH="26" HEIGHT="28" WC="0.96" CONTENT="på"/><SP WIDTH="16" VPOS="1526" HPOS="923"/>
							<String ID="string_459" HPOS="939" VPOS="1528" WIDTH="30" HEIGHT="19" WC="0.96" CONTENT="att"/><SP WIDTH="14" VPOS="1528" HPOS="969"/>
							<String ID="string_460" HPOS="983" VPOS="1526" WIDTH="48" HEIGHT="22" WC="0.96" CONTENT="hela"/>
						</TextLine>
					</TextBlock>
				</ComposedBlock>
			</PrintSpace>
		</Page>
	</Layout>
</alto>
