1142 1773
361 130 179 21 Borgareständet
552 131 57 16 1894.
633 131 26 17 26
671 131 48 21 maj.
867 125 51 21 1437

120 212 58 19 emot
197 210 42 21 kan
262 216 49 14 man
341 216 73 21 hoppas
436 212 30 18 att
487 210 164 26 vederbörande,
667 211 68 20 ehuru
751 210 63 21 också
829 210 120 20 lämnade
937 206 16 36 i

120 239 33 21 sin
173 239 53 21 fulla
249 238 38 20 och
309 238 75 27 farliga
405 239 69 26 frihet,
491 238 132 28 småningom
640 239 29 21 alt
684 239 131 20 allmännare
831 238 58 21 skola
905 238 44 21 lära

120 268 33 26 sig
180 270 29 18 att
234 266 97 21 hushålla
356 267 59 21 klokt
439 267 58 21 såväl
522 268 48 20 med
593 268 31 20 sin
641 268 52 26 skog
709 274 44 14 som
770 268 47 20 med
835 267 31 21 sin
883 267 66 27 öfriga

120 296 112 26 egendom,
248 302 35 14 om
306 296 52 20 blott
382 296 21 20 åt
418 296 71 20 denna
504 296 33 20 del
554 296 20 20 af
590 296 181 27 undervisningen
788 302 65 20 egnas
868 302 80 14 samma

120 330 91 21 omsorg,
227 330 45 14 som
291 324 21 20 åt
331 324 181 26 undervisningen
528 325 27 26 på
570 325 65 20 andra
651 325 107 26 omräden,
773 325 40 20 och
829 324 64 20 sedan
909 324 39 20 fria

120 352 123 27 föreningar
258 352 62 21 äfven
351 353 11 20 på
378 353 57 21 detta
450 353 58 27 gebit
524 353 38 21 fått
577 353 72 21 utöfva
660 354 35 20 sitt
705 352 243 28 välsignelsebringande

120 381 124 27 inflytande.
274 381 79 21 Fiende
376 382 32 20 till
431 381 28 21 all
482 382 214 27 tvångslagstiftning,
716 385 57 17 utom
791 382 26 20 då
833 382 35 20 det
883 381 66 27 gäller

121 410 89 20 allmänt
235 410 33 20 väl
294 410 39 20 och
357 410 47 21 icke
429 410 41 20 kan
486 410 111 26 undvikas,
612 410 67 21 slutar
693 411 35 26 jag
744 410 48 21 med
808 416 79 14 samma
904 410 43 25 ord,

121 438 101 21 hvarmed
239 438 162 28 petitionärerna
416 439 70 27 börja:
512 439 243 27 »Skogshushållningen
771 441 24 18 är
810 441 49 18 utan
875 438 73 21 tvifvel

122 473 25 14 en
174 467 21 20 af
220 467 26 21 de
272 467 110 24 viktigaste
402 469 44 25 och,
462 470 41 18 rätt
518 468 114 27 anordnad,
649 468 61 21 äfven
727 474 25 14 en
770 468 21 20 af
807 468 25 20 de
848 470 54 18 mest
917 467 31 20 in-

122 495 117 28 bringande
266 496 99 25 näringar
389 497 7 19 i
421 497 47 20 vårt
493 497 69 20 land».
593 497 51 20 Bort
659 497 70 20 därför
744 497 48 20 med
809 496 139 26 tvångslagar,

122 530 46 14 som
190 525 46 20 icke
260 525 108 26 uppfostra
390 525 72 27 folket,
478 525 39 20 och
534 525 33 20 lär
581 525 35 20 det
630 525 9 20 i
654 525 73 20 stället
741 524 207 28 skogshushållning

121 555 55 18 samt
198 553 72 27 vidtag
295 553 96 27 åtgärder
415 554 33 20 för
474 555 30 19 att
531 554 96 27 gällande
651 554 130 27 stadganden
797 553 32 21 till
845 553 103 20 förekom-

122 581 78 21 mande
223 582 21 20 af
266 582 154 27 skogssköfling
443 582 35 21 må
493 582 129 21 efterlefvas!
653 583 41 26 Jag
710 583 37 20 ber
762 585 30 18 att
807 583 32 20 för
854 582 42 20 min
914 581 34 21 del

122 610 6 19 i
145 610 40 21 allo
201 610 21 21 få
238 610 104 27 tillstyrka
357 611 112 21 utskottets
486 611 137 21 betänkande.

191 667 33 20 Hr
239 667 138 21 Neovius:
408 668 41 26 Jag
465 670 22 18 är
503 668 49 21 fullt
567 675 49 14 ense
632 668 48 21 med
697 668 41 21 den
754 668 127 27 föregående
897 667 50 21 tala-

122 702 37 14 ren
177 696 73 20 därom
273 699 29 18 att
318 698 29 19 ett
369 697 135 26 öfverflödigt
526 697 195 26 reglementerande
737 697 39 20 och
791 696 134 26 lagstiftande
941 696 7 19 i

122 724 116 21 allmänhet
253 725 46 20 icke
314 725 60 21 leder
388 725 31 20 till
435 727 30 19 ett
480 725 51 27 godt
546 725 92 21 resultat.
668 725 48 21 Den
731 725 40 20 fria
787 725 160 20 värksamheten

123 753 38 20 bör
176 753 82 20 lämnas
274 753 23 20 så
312 755 44 19 stor
370 753 111 27 möjlighet
493 754 31 20 till
536 754 127 27 utveckling,
679 760 45 14 som
741 754 206 27 omständigheterna

123 781 35 21 det
173 781 72 21 tilläta.
268 781 42 21 Det
325 784 23 19 är
362 782 47 21 icke
425 783 67 20 häller
503 783 31 20 för
545 784 29 19 att
584 783 130 20 understöda
724 785 171 18 reservanternas
907 781 41 21 för-

122 810 46 27 slag
182 811 36 26 jag
240 810 88 21 anhällit
350 817 34 14 om
408 811 64 25 ordet,
496 817 49 14 men
566 811 35 27 jag
624 817 62 14 anser
701 813 30 18 att
746 811 40 20 den
804 810 143 27 föreliggande

123 838 73 27 frägan
213 841 23 18 är
251 839 21 20 af
287 839 23 20 sä
325 841 43 18 stor
384 839 87 20 bärvidd
493 840 33 20 för
541 839 45 21 värt
606 839 61 21 lands
684 839 84 21 framtid
785 842 28 18 att
829 846 48 13 man
894 839 54 20 dock

122 867 47 21 icke
192 867 88 21 alldeles
303 867 64 21 borde
390 868 71 20 lämna
479 868 73 27 frågan
569 868 109 21 obeaktad.
708 867 48 22 Den
771 868 177 26 sammanhänger

122 896 34 20 för
170 896 63 27 öfrigt
255 896 27 27 pä
297 896 35 21 det
355 896 51 21 allra
430 899 105 19 närmaste
556 897 48 21 med
627 897 72 27 frägan
717 904 34 13 om
767 897 78 21 värden
862 897 21 20 af
899 896 48 20 vära

123 924 149 27 kronoskogar.
302 924 41 22 Det
366 928 23 18 är
411 926 26 26 pä
460 926 71 20 denna
549 926 68 26 grund
632 926 36 26 jag
683 926 54 20 hälst
753 926 68 20 skulle
837 926 66 20 önska
919 927 29 18 att

124 953 83 21 ständet
222 953 46 21 icke
284 960 30 14 nu
330 954 49 20 ville
395 954 51 20 fatta
464 954 69 20 beslut
548 954 6 20 i
570 954 71 25 saken,
664 957 51 18 utan
731 954 114 27 uppskjuta
861 953 86 21 därmed

123 982 33 20 till
171 982 47 20 dess
234 982 36 20 det
285 982 69 21 blefve
371 983 82 26 möjligt
468 985 30 18 att
514 983 103 20 behandla
633 983 72 26 frägan
717 983 5 19 i
735 983 152 26 sammanhang
899 981 49 21 med

124 1010 40 20 den
180 1010 87 27 petition
284 1017 33 14 om
334 1011 79 21 värden
430 1012 20 20 af
466 1012 171 26 kronoskogarna
656 1012 35 26 jag
706 1012 45 20 haft
766 1014 50 18 äran
831 1012 94 19 inlämna
940 1010 7 20 i

124 1039 56 20 detta
196 1039 67 20 ständ.
294 1039 81 27 Frägan
392 1040 109 26 angäende
523 1040 176 26 kronojordarnas
716 1040 123 26 disposition
855 1040 92 20 förbere-

123 1067 37 21 des
176 1068 6 19 i
198 1068 154 20 statsutskottet
368 1069 38 20 och
423 1068 142 21 betänkandet
579 1071 23 17 är
617 1069 64 20 redan
698 1068 68 21 under
776 1069 119 25 tryckning;
913 1068 34 20 det

123 1098 23 18 är
162 1098 29 18 att
212 1096 80 21 förutse
316 1099 29 18 att
368 1097 56 21 detta
447 1097 132 21 betänkande
602 1098 68 20 under
693 1098 25 20 de
735 1099 104 19 närmaste
856 1097 91 25 dagarna

123 1124 96 20 kommer
241 1127 31 18 att
294 1125 82 21 utdelas
391 1126 7 20 i
414 1126 94 20 stånden.
540 1125 72 21 Skulle
635 1126 54 20 dock
705 1126 57 20 tiden
778 1126 47 20 icke
841 1125 106 26 medgifva

124 1159 26 14 en
166 1153 129 27 behandling
318 1154 21 20 af
354 1154 36 20 det
412 1154 116 21 sistnämda
548 1154 147 26 betänkandet,
712 1154 64 20 borde
791 1154 7 20 i
814 1154 40 21 alla
870 1153 37 21 fall
923 1160 25 14 ur

123 1181 26 21 de
161 1182 111 26 uppgifter,
280 1188 44 14 som
336 1182 35 20 det
381 1183 123 26 innehåller,
514 1183 99 27 åtskilligt
624 1183 71 20 kunna
707 1183 150 27 tillgodogöras
866 1182 34 20 vid
913 1182 34 20 be-

124 1210 128 27 handlingen
269 1211 21 20 af
305 1211 40 20 den
362 1218 29 13 nu
407 1211 145 27 föreliggande
567 1212 80 26 frägan,
667 1212 38 20 och
721 1212 35 26 jag
772 1214 42 18 tror
829 1214 30 18 att
873 1211 73 27 frägan

123 1238 75 21 endast
212 1239 69 21 skulle
298 1240 64 20 vinna
378 1240 63 26 därpä
456 1243 30 18 att
502 1240 41 20 den
560 1240 141 20 behandlades
717 1240 7 20 i
736 1240 152 26 sammanhang
899 1239 48 21 med

122 1267 73 27 frågan
220 1274 33 14 om
277 1268 151 26 dispositionen
452 1268 21 20 af
496 1268 171 27 kronojordarna.
702 1268 118 21 Utskottets
843 1268 104 26 majoritet

122 1297 60 24 säger
198 1296 26 26 på
240 1296 59 20 sidan
324 1297 26 19 14
366 1297 6 19 i
388 1296 145 22 betänkandet
557 1299 42 19 »att
621 1297 151 27 skogsmarken
788 1297 7 20 i
810 1296 90 21 Finland
916 1296 31 20 för

123 1324 131 21 närvarande
270 1326 62 26 utgör
348 1326 26 20 57
392 1325 26 27 %,
434 1326 52 20 eller
502 1332 26 14 en
551 1326 165 26 proportionsvis
732 1326 48 20 vida
795 1328 66 18 större
877 1324 34 21 del
927 1325 21 20 af

122 1352 82 21 landets
220 1355 42 24 yta,
278 1355 26 19 än
320 1353 56 21 hvad
391 1354 59 20 fallet
473 1356 23 18 är
511 1354 7 20 i
534 1354 63 27 något
612 1357 65 17 annat
692 1354 49 20 land
757 1355 7 19 i
779 1354 90 27 Europa.
900 1352 47 22 Den

123 1381 183 27 omständigheten
330 1384 30 18 att
381 1382 69 20 finska
473 1385 69 18 staten
566 1389 48 20 eger
637 1382 89 28 ungefär
749 1383 28 19 44
792 1383 27 25 9/,
835 1383 20 20 af
878 1381 70 21 denna

122 1410 62 26 areal,
200 1410 74 20 hvaraf
285 1410 47 26 fyra
342 1411 138 26 sjundedelar
490 1413 36 19 äro
538 1411 162 27 skogsbärande,
711 1411 38 20 bör
760 1411 66 27 enligt
837 1410 111 21 utskottets

122 1438 54 20 åsikt
191 1440 75 25 utgöra
282 1445 26 14 en
324 1440 82 26 garanti
422 1440 32 20 för
470 1442 29 18 att
514 1440 175 26 skogsbeständet
709 1440 12 20 ä
736 1446 27 14 en
779 1440 60 26 högst
854 1439 95 27 betydlig

122 1466 34 20 del
172 1466 21 20 af
203 1466 83 22 landets
296 1467 124 27 skogsmark
431 1468 78 26 jämväl
520 1468 33 20 för
564 1468 111 20 framtiden
691 1470 36 18 äro
744 1468 130 27 betryggadt.
899 1467 49 21 Med

122 1495 82 26 hänsyn
219 1496 71 20 härtill
305 1502 65 20 synes
386 1496 127 21 ätminstone
530 1497 32 20 för
577 1496 131 21 närvarande
720 1496 69 27 nägon
801 1497 44 20 fara
856 1496 7 20 i
875 1496 74 20 klima-

122 1523 99 27 tologiskt
236 1524 120 21 hänseende
372 1524 46 21 icke
435 1532 50 13 vara
506 1525 34 20 för
555 1525 89 27 handen,
663 1525 40 20 och
725 1525 38 21 bör
779 1531 26 15 en
821 1525 66 20 sådan
902 1524 47 21 icke
