1142 1773
366 126 178 22 Borgareständet
556 127 57 17 1894.
639 127 22 16 15
673 126 48 22 maj.
873 120 54 20 1077

129 207 69 21 såsom
214 208 49 20 fritt.
292 208 39 20 Att
345 207 58 21 såväl
418 207 193 27 boupptecknings-
625 213 45 15 som
681 206 238 26 arfskiftesinstrument,
930 204 27 22 dä

129 236 27 21 de
178 236 33 20 för
233 236 63 26 nägot
312 236 97 20 ändamäl
423 236 107 20 inlämnas
544 236 32 20 till
591 235 97 27 domstol,
703 235 60 21 skola
778 235 95 21 karteras
887 234 68 20 säsom

130 265 81 27 bilagor
227 264 99 21 behöfver
340 264 46 21 icke
402 266 61 25 sägas
479 264 42 27 här,
536 266 22 25 ty
575 264 36 21 det
625 264 61 21 faller
701 264 22 20 af
737 264 33 26 sig
785 263 62 27 själft.

199 326 69 22 Sedan
284 327 148 21 diskussionen
448 327 85 21 härmed
550 327 102 27 afslutats,
667 326 122 21 framstälde
800 326 25 20 hr
835 326 122 20 talmannen

130 351 42 25 till
184 356 53 20 först
259 355 48 21 med
330 356 115 27 anledning
460 356 22 20 af
496 356 25 20 hr
536 339 116 48 Wegelius'
667 355 80 27 förslag
761 354 93 28 följande
870 356 87 19 omröst-

129 384 201 28 ningsproposition
323 380 9 36 :

199 446 39 28 De,
258 446 74 22 hvilka
354 447 56 28 vilja
432 447 131 21 omedelbart
585 446 88 33 öfvergä
693 446 36 21 till
743 446 120 28 afgörande
879 445 28 28 af
918 448 37 19 ut-

131 475 89 22 skottets
235 475 83 28 förslag
332 477 71 20 under
417 476 132 21 rubrikerna
566 483 146 20 vanvisnings
731 475 38 21 och
783 474 173 33 vassuransbref,

132 504 121 33 -förnyelse
273 505 38 20 och
328 505 124 26 -kvittens»,
467 507 60 18 rösta
536 505 43 27 ja;
602 505 30 25 de,
647 505 36 20 det
697 504 45 21 icke
756 504 62 27 vilja,
833 505 59 19 rösta
907 503 49 27 nej;

199 533 80 21 vinner
293 533 43 28 nej,
352 533 41 21 har
408 517 176 48 borgareständet
599 533 89 21 beslutit
697 533 120 27 uppskjuta
827 532 131 27 afgörandet

130 561 26 28 af
171 561 90 28 tariffen
276 562 10 20 i
300 562 72 21 denna
387 562 34 21 del
437 562 35 21 till
486 562 48 21 dess
548 562 131 21 rubrikerna
696 560 209 29 »försäkringsbref>
919 560 38 21 och

133 591 86 20 »värel»
237 590 75 27 blifvit
326 590 139 22 behandlade.

199 659 161 27 Propositionen
388 659 127 22 besvarades
538 659 47 21 med
609 659 155 28 öfvervägande
787 659 41 27 nej,
851 658 32 21 till
905 657 51 27 följd

130 687 74 21 hvaraf
236 688 47 21 med
313 688 123 27 afgörandet
466 689 21 20 af
516 688 124 21 rubrikerna
672 688 137 27 »anvisning»
841 687 39 21 och
912 693 45 14 »as-

130 716 129 27 suransbref,
274 717 115 26 -förnyelse
405 717 39 20 och
459 717 114 20 -kvittens»
590 717 128 27 uppskjutits
731 716 31 21 till
773 716 48 21 dess
831 715 126 22 rubrikerna

133 744 199 28 »försäkringsbref»
350 746 38 20 och
406 745 87 21 »växel»
512 745 69 21 blifvit
595 745 101 28 afgjorda.

200 808 10 21 I
233 808 115 28 anledning
370 809 21 20 af
406 809 25 20 hr
445 808 102 21 Jusölius'
563 809 78 26 förslag
656 808 122 21 framstälde
794 808 25 20 hr
833 807 122 21 talmannen

131 837 158 21 nedanstäende
304 837 283 28 omröstningsproposition
577 833 12 36 :

200 900 40 27 De,
256 900 74 21 hvilka
344 900 117 32 godkänna
475 900 113 21 utskottets
603 900 83 34 förslag
698 900 71 21 under
777 899 105 21 rubriken
894 898 61 28 sarf-

131 913 231 52 skiftesinstrumenta,
378 931 59 19 rösta
446 936 40 20 ja;
502 930 32 26 de,
550 930 34 20 det
598 929 45 21 icke
657 931 60 25 göra,
733 930 59 20 rösta
807 928 48 27 nej;

200 958 79 20 vinner
301 958 41 27 nej,
366 958 42 20 har
422 958 176 27 borgareständet
613 958 88 20 beslutit
715 957 160 21 äterremittera
888 962 69 26 para-

129 986 81 27 grafen
231 986 10 20 i
262 986 73 21 denna
356 986 34 21 del
412 986 36 28 för
469 988 34 19 att
524 986 132 28 förtydligas
671 986 10 20 i
695 986 35 21 det
744 986 57 28 syfte
817 986 27 20 hr
858 984 99 22 Juselius

130 1014 120 28 föreslagit.

200 1077 161 27 Propositionen
376 1078 127 20 besvarades
513 1078 49 20 med
573 1077 156 27 öfvervägande
742 1078 40 26 nej.
805 1077 88 21 Ståndet
903 1076 54 20 hade

131 1105 82 21 således
228 1106 86 22 beslutit
330 1106 150 21 återremittera
492 1106 112 21 utskottets
615 1106 77 27 förslag
704 1106 128 21 beträffande
843 1105 114 21 arfskiftes-

130 1134 128 21 instrument
280 1135 32 21 för
328 1137 29 19 att
372 1135 162 21 omformuleras
550 1135 78 21 därhän
639 1137 30 19 att
679 1135 36 21 det
725 1135 103 27 tydligare
839 1134 118 26 framginge

130 1163 106 21 huruvida
258 1164 149 20 instrumentet
429 1163 64 21 borde
516 1164 131 20 omedelbart
663 1163 34 21 vid
713 1163 135 21 utfärdandet
863 1163 94 20 karteras

130 1191 52 21 eller
197 1192 113 27 stämpling
326 1198 38 21 ega
379 1199 47 13 rum
442 1192 52 21 först
509 1192 27 21 då
552 1192 116 21 detsamma
679 1192 31 20 till
721 1192 90 20 domstol
823 1192 52 20 eller
887 1197 69 14 annan

130 1220 125 27 myndighet
269 1220 137 22 inlämnades.

199 1282 10 21 I
231 1283 67 27 öfriga
320 1283 59 21 delar
400 1284 123 26 godkändes
546 1284 95 20 däremot
663 1284 112 20 utskottets
796 1284 78 27 förslag
889 1283 69 20 under

129 1311 125 21 rubrikerna
270 1312 101 27 börjande
387 1312 47 21 med
451 1312 124 21 bokstafven
592 1313 25 20 A.

198 1374 134 21 Beträffande
348 1374 124 22 rubrikerna
487 1374 69 22 under
571 1375 124 21 bokstafven
711 1374 17 22 B
745 1374 101 28 begärdes
862 1374 60 21 ordet
937 1374 21 20 af

198 1436 25 21 hr
244 1436 158 28 Wegelius,
424 1444 46 14 som
492 1437 93 27 yttrade:
615 1437 11 21 I
642 1437 100 21 afseende
757 1437 12 21 å
784 1436 172 28 stämpelskatten

128 1465 33 20 för
176 1464 310 28 bouppteckningsinstrument
502 1472 64 20 synes
581 1466 44 27 mig
637 1472 80 14 samma
730 1466 171 26 anmärkningar,
911 1472 46 14 som

128 1494 65 20 redan
217 1494 73 20 kunna
312 1496 61 24 göras
397 1496 43 18 mot
456 1494 41 21 den
512 1494 129 26 nugällande
657 1494 167 28 bestämningen,
840 1494 117 27 påkallade,

129 1522 39 20 och
184 1522 35 20 det
234 1522 7 20 i
256 1524 56 18 ännu
330 1522 63 27 högre
408 1522 51 28 grad
482 1522 130 22 beträffande
628 1522 57 22 detta
699 1522 83 28 förslag.
812 1522 33 21 Hr
860 1522 98 22 Stenroth
