1142 1773
222 124 55 20 1216
424 130 179 21 Borgareståndet
615 131 57 17 1894.
698 132 22 16 18
732 132 47 20 maj.

192 210 56 20 dana
265 210 147 22 förhållanden
428 218 50 14 vore
494 211 35 21 det
545 211 34 20 väl
594 212 47 20 icke
657 212 107 26 underligt
780 218 33 13 om
830 211 40 21 den
887 210 75 22 vackra
974 210 46 20 bör-

189 239 45 27 jan,
251 245 44 14 som
313 240 95 20 härintils
424 242 22 18 är
462 240 66 26 gjord,
544 240 69 20 skulle
627 240 97 20 afstanna
746 240 39 20 och
802 240 98 26 möjligen
917 240 44 20 visa
977 240 42 19 tec-

192 267 41 21 ken
252 268 32 20 till
300 270 29 18 ett
344 268 176 27 tillbakagående.
544 269 37 20 Att
596 269 37 20 här
648 269 6 19 i
671 268 63 28 detalj
751 271 115 24 yttermera
881 268 139 27 komplettera

192 296 55 20 hvad
272 296 24 20 hr
319 296 74 21 Idman
417 297 65 20 redan
506 297 34 20 vid
564 299 84 19 senaste
670 297 87 27 plenum
780 297 115 20 framhållit
910 303 61 14 anser
985 296 35 27 jag

192 324 140 28 öfverflödigt.
362 325 41 27 Jag
418 326 50 20 ville
484 326 26 26 på
526 326 26 20 de
575 326 93 26 grunder
683 326 41 20 han
747 326 99 20 framhöll
862 326 38 20 och
916 325 61 21 äfven
994 324 26 27 på

191 353 71 26 grund
279 354 21 20 af
316 354 52 20 hvad
384 354 35 27 jag
434 354 5 20 i
452 354 41 26 dag
508 356 59 19 nämt
582 354 77 21 föreslå
675 356 29 19 att
720 354 83 20 ståndet
819 354 49 20 ville
881 354 93 20 förkasta
985 353 35 21 det

192 388 30 14 nu
237 382 145 27 föreliggande
397 383 100 27 förslaget
512 383 7 20 i
535 383 47 21 dess
599 383 75 21 helhet.
705 382 73 22 Skulle
794 382 95 21 däremot
905 382 56 21 detta
972 382 48 20 mitt

191 410 81 27 förslag
292 411 46 20 icke
354 412 20 19 af
395 412 95 20 ståndets
504 412 108 27 pluralitet
633 412 104 21 omfattas,
761 411 22 21 så
800 411 61 21 utber
875 412 35 26 jag
925 411 44 26 mig
984 410 35 21 vid

193 438 156 29 behandlingen
366 440 21 20 af
402 440 26 21 de
444 440 67 21 skilda
534 440 148 27 paragraferna
698 442 29 19 att
750 440 21 21 få
787 442 50 24 göra
853 440 26 21 de
894 440 79 27 förslag
987 439 32 21 till

192 467 122 26 ändringar,
330 475 44 14 som
390 469 35 26 jag
440 469 69 20 finner
530 476 49 13 vara
596 469 115 27 påkallade.
742 469 41 20 Det
799 471 23 18 är
837 469 82 26 möjligt
934 470 35 25 att,
985 475 34 14 om

192 496 58 21 detta
266 497 114 27 lagförslag
395 498 68 20 skulle
481 498 110 20 framträdt
606 498 30 20 till
653 497 130 27 behandling
801 498 58 19 inom
875 497 88 20 stånden
981 503 38 14 un-

192 525 39 20 der
246 532 26 13 en
288 525 87 27 tidigare
391 526 99 27 tidpunkt
504 526 21 21 af
541 526 134 27 landtdagen,
687 533 48 14 man
746 533 76 20 genom
835 526 118 20 återremiss
965 525 53 21 hade

192 553 83 21 kunnat
290 554 20 20 få
326 555 31 20 till
379 555 61 20 stånd
456 561 26 14 en
506 555 93 26 antaglig
614 555 39 26 lag.
684 555 94 20 Numera
801 557 23 18 är
839 555 35 20 det
889 554 23 21 så
927 558 47 17 sent
989 555 30 19 att

191 583 38 26 jag
245 589 62 14 anser
322 585 30 18 att
366 583 26 27 på
408 590 26 14 en
450 583 65 21 sådan
532 586 38 24 väg
587 585 103 26 knappast
710 583 64 27 något
789 583 96 27 lämpligt
900 583 38 20 och
955 582 64 21 ända-

192 611 122 27 målsenligt
329 618 57 14 mera
402 612 41 21 kan
460 612 32 21 fås
507 612 31 21 till
554 612 67 21 stånd.

262 668 33 21 Hr
310 669 153 21 Borenius:
494 669 10 20 I
520 672 87 18 motsats
623 669 31 21 till
677 669 58 21 såväl
751 670 40 20 den
809 669 62 20 ärade
887 669 131 20 ståndsmed-

192 697 49 26 lem,
250 703 46 14 som
313 698 63 20 redan
393 698 5 20 i
414 698 38 27 går
467 698 44 21 före
528 698 181 27 bordläggningen
725 698 21 21 af
762 698 57 21 detta
834 698 78 20 ärende
926 697 92 21 uttalade

192 725 38 27 sig,
246 731 46 15 som
308 726 61 21 äfven
386 727 31 20 till
437 727 25 20 hr
477 727 94 20 Neovius
592 729 23 18 är
629 727 35 26 jag
680 727 32 21 för
734 727 44 20 min
794 727 61 26 ringa
870 726 34 21 del
919 726 100 20 fullkom-

193 753 38 27 ligt
246 754 144 21 tillfredsstäld
407 755 47 21 med
476 755 57 21 detta
548 755 114 27 lagförslag
683 756 38 19 och
739 755 25 21 de
780 755 110 27 principer,
906 755 26 27 på
948 755 71 20 hvilka

192 782 118 21 detsamma
334 785 22 18 är
378 783 102 21 baseradt.
511 783 49 21 Man
584 785 37 19 har
644 787 46 24 sagt
705 787 36 21 att,
758 784 26 20 då
800 783 219 28 sparbanksväsendet

193 811 69 20 under
277 812 38 19 full
332 812 62 21 frihet
410 813 67 20 ernått
492 813 41 20 den
549 813 115 26 glädjande
678 813 122 26 utveckling
815 813 35 20 det
865 813 7 19 i
887 812 74 27 själfva
973 814 46 18 vär-

192 839 36 21 ket
244 840 38 20 hos
298 847 34 13 oss
348 841 43 26 fått,
408 841 34 20 det
458 841 26 20 då
499 841 65 20 borde
579 841 103 20 innebära
698 847 25 14 en
741 842 86 25 maning
843 843 30 18 att
888 841 93 20 fortsätta
992 840 27 27 på

192 874 83 15 samma
291 871 40 25 väg
346 876 39 14 och
400 869 128 21 fortfarande
544 869 42 21 låta
601 870 70 20 denna
687 870 63 20 frihet
765 869 50 21 råda
827 869 39 21 och
877 871 34 23 att,
924 875 33 15 om
969 875 49 14 man

193 897 140 27 ovilkorligen
349 898 36 20 vill
402 898 158 27 reglementera,
575 905 49 14 man
641 898 26 21 då
682 898 127 21 åtminstone
825 898 69 20 skulle
905 898 113 20 inskränka

192 925 33 27 sig
241 926 32 20 till
289 926 25 21 de
330 926 139 22 allmännaste
485 927 142 27 grundsatser,
643 934 45 14 som
705 927 34 20 vid
751 927 128 20 inrättandet
890 926 21 21 af
923 933 26 14 en
961 932 57 21 spar-

192 954 58 20 bank
266 954 73 21 kunna
362 956 84 20 komma
462 956 6 20 i
484 956 63 26 fråga.
578 956 49 20 Men
643 956 70 26 frågas
729 956 76 26 billigt:
830 955 54 20 hvad
900 955 118 21 innehåller

193 982 57 21 detta
266 983 114 27 lagförslag
395 984 6 20 i
417 984 75 27 själfva
503 984 72 21 värket
585 984 83 21 utöfver
677 985 44 26 just
731 984 80 20 sådana
822 984 106 20 allmänna
939 984 79 26 grund-

192 1012 82 20 satser?
305 1012 73 20 Sävidt
398 1013 36 26 jag
456 1013 41 20 kan
522 1013 65 20 förstå
609 1013 114 27 ingenting.
753 1012 68 21 Dessa
836 1012 131 20 föreskrifter
982 1014 35 18 äro

192 1040 110 27 värkligen
318 1041 24 20 så
357 1041 87 21 allmänt
460 1041 76 26 hållna,
552 1041 22 21 så
589 1041 108 27 generella
712 1041 39 21 och
767 1041 124 27 sedvanliga
907 1043 29 18 att
947 1040 26 21 de
985 1040 33 21 för

192 1068 27 20 de
235 1069 96 21 enskilda
354 1069 66 21 fallen
442 1070 44 20 helt
509 1070 51 20 visst
583 1070 88 27 erbjuda
691 1070 39 20 full
746 1070 63 20 frihet
825 1071 30 19 att
869 1071 47 19 röra
931 1069 32 27 sig
979 1069 39 21 och

192 1097 96 21 anordna
311 1098 32 27 sig
358 1098 54 21 efter
433 1098 93 21 rådande
542 1100 52 19 orts-
610 1099 39 20 och
669 1098 194 21 tidsförhållanden.
893 1097 72 27 Lagen
981 1098 37 20 har

192 1125 76 21 endast
284 1126 60 26 gifvit
359 1127 147 21 institutionen
522 1127 26 21 de
563 1127 162 21 hufvudformer
741 1127 124 21 densamma
879 1126 65 21 redan
961 1126 56 20 dess-

191 1153 100 29 förinnan
307 1154 27 28 pä
346 1155 26 21 de
387 1155 61 21 flesta
463 1156 75 20 ställen
556 1156 37 20 hos
609 1162 34 14 oss
653 1156 120 27 naturligen
785 1155 39 21 och
835 1154 107 28 själfmant
951 1154 67 21 iklädt

191 1182 39 27 sig.
261 1179 83 25 Önskar
359 1190 49 14 man
424 1190 29 14 nu
470 1184 64 20 bland
549 1184 61 20 dessa
626 1184 158 27 bestämningar
799 1186 51 25 göra
865 1190 27 14 en
907 1185 66 19 större
987 1185 32 19 ut-

190 1210 99 28 gallring,
312 1212 23 20 sä
351 1215 34 18 vet
406 1213 35 26 jag
463 1213 136 27 sannerligen
622 1213 46 20 icke
690 1213 54 20 hvad
767 1219 46 13 som
829 1212 53 20 skall
898 1212 82 26 äterstä,
996 1213 23 25 ty

192 1238 118 28 nägonting
332 1240 20 21 af
375 1241 109 27 betydelse
508 1241 37 21 bör
564 1242 23 26 ju
609 1241 55 21 dock
679 1248 26 14 en
721 1241 122 28 ständerlag
865 1240 107 21 innehälla
987 1240 33 20 för

191 1269 31 19 att
236 1268 48 21 icke
307 1269 119 27 nedsjunka
449 1270 31 20 till
496 1276 26 14 en
546 1270 87 26 ovärdig
649 1270 88 20 nullitet.
769 1269 162 27 Ofvertygelsen
947 1270 30 19 att
992 1274 27 15 en

190 1296 135 28 lagstiftning
348 1298 26 26 pä
397 1298 57 20 detta
477 1298 85 20 omräde
582 1305 49 14 vore
647 1298 122 27 nödvändig
785 1298 38 20 har
837 1298 23 26 ju
875 1297 66 21 redan
956 1297 63 27 länge

190 1324 40 21 hos
246 1332 34 14 oss
297 1326 53 20 varit
373 1326 99 21 rådande.
502 1326 36 21 Ett
560 1327 85 26 uttryck
667 1327 33 20 för
723 1327 70 20 denna
814 1326 54 20 åsikt
884 1326 134 20 återfinnes
1009 1320 13 38 i

190 1352 121 29 banklagen
326 1354 21 20 af
358 1354 23 21 är
392 1355 60 24 1886,
464 1355 37 21 där
511 1355 35 21 det
556 1357 61 25 säges
628 1357 29 19 att
668 1362 35 14 om
713 1355 158 27 sparbankerna
881 1354 66 27 gäller
957 1354 55 20 hvad

192 1388 36 13 om
244 1382 49 20 dem
309 1383 99 21 särskildt
422 1383 70 21 finnes
507 1384 102 26 stadgadt.
639 1384 50 20 Men
705 1384 27 20 dä
748 1390 30 14 nu
794 1389 33 15 om
844 1383 48 21 dem
908 1383 111 27 ingenting

191 1410 101 21 särskildt
306 1411 70 21 finnes
391 1412 103 26 stadgadt,
509 1412 89 21 innebär
612 1413 24 26 ju
651 1412 70 21 denna
737 1412 134 26 ordalydelse
887 1411 63 21 redan
962 1411 7 20 i
980 1411 38 21 och

191 1438 34 20 för
240 1439 33 27 sig
288 1441 30 19 ett
341 1440 137 21 erkännande
494 1441 21 20 af
538 1443 29 18 att
583 1447 26 14 en
632 1441 133 27 lagstiftning
781 1440 26 27 pä
823 1440 57 20 detta
895 1440 86 20 omräde
997 1442 23 18 är

191 1467 86 27 önsklig
292 1468 39 20 och
343 1468 127 28 nödvändig.
485 1468 33 22 Då
528 1469 89 27 petition
632 1470 6 19 i
655 1469 56 22 detta
727 1471 62 19 ämne
806 1468 34 21 vid
857 1470 83 19 senaste
951 1468 68 20 landt-

191 1495 42 27 dag
248 1496 134 22 inlämnades
397 1498 7 20 i
420 1498 57 20 detta
492 1498 68 26 ständ,
575 1498 145 21 remitterades
737 1498 124 20 densamma
873 1498 50 19 utan
937 1496 82 21 diskus-

191 1524 47 20 sion
255 1525 31 20 till
303 1525 85 21 utskott.
418 1525 214 28 Ekonomiutskottet,
654 1533 46 14 som
723 1526 106 20 handlade
853 1525 86 21 ärendet
958 1524 62 22 och
1003 1520 20 38 i
