1142 1773
356 152 180 21 Borgareståndet
550 153 57 17 1894.
633 154 22 16 19
670 153 47 21 maj.
869 148 54 21 1287

126 232 68 28 dagen
219 233 21 21 af
254 233 73 27 hvarje
343 233 77 21 månad
436 239 106 21 engagera
559 240 26 14 en
601 233 35 21 hel
651 234 58 20 armé
724 233 21 21 af
760 233 192 27 tjänstförrättande

125 262 139 26 stadsfogdar,
279 262 39 20 och
334 262 65 26 enligt
414 264 30 18 ett
459 262 65 20 redan
540 262 107 26 godkändt
662 262 90 26 lagrum,
769 262 12 20 5
797 262 12 26 $
824 262 7 20 i
842 262 64 20 första
917 262 36 20 ka-

127 289 64 28 pitlet,
215 296 50 14 vore
287 290 22 26 ju
332 291 136 26 magistraten
484 290 136 20 oförhindrad
635 290 76 27 därtill,
726 296 50 15 men
792 292 29 19 att
837 290 60 21 dessa
912 290 41 20 till-

126 318 72 27 fälliga
220 318 132 28 stadsfogdar
376 318 68 21 skulle
461 318 73 21 kunna
549 318 31 21 till
595 318 122 21 belätenhet
732 319 69 20 utföra
817 319 35 20 sitt
866 319 86 27 kinkiga

126 347 174 27 tjänsteuppdrag
322 347 64 27 vägar
400 348 36 26 jag
451 347 91 21 betvifla.
572 347 70 21 Jämte
659 347 35 21 det
709 348 35 26 jag
759 347 90 21 sälunda
864 350 23 18 är
902 353 50 15 ense

126 382 36 14 om
185 376 167 20 reservationens
375 376 105 26 syftemäl,
503 376 37 20 ber
562 376 35 27 jag
618 376 54 20 dock
688 378 30 18 att
733 376 22 20 få
769 378 51 24 göra
835 378 30 18 ett
879 376 73 27 tillägg

127 404 33 20 till
176 404 127 20 densamma.
333 404 73 27 Enligt
420 404 44 20 min
481 404 134 28 uppfattning
631 406 23 18 är
669 404 36 21 det
716 404 117 27 ingalunda
844 405 47 20 med
902 406 50 19 rätt-

128 432 46 21 visa
197 432 229 22 öOfverensstämmande
448 434 30 20 att
500 433 41 21 den
559 433 176 27 fordringsegare,
750 440 45 14 som
811 433 52 21 först
878 432 75 22 hunnit

128 462 65 20 vinna
215 461 93 27 införsel,
329 461 53 21 skall
404 462 7 20 i
434 462 70 21 denna
526 461 81 21 förmän
628 468 73 14 ensam
717 462 116 21 bibehällas
849 463 54 20 ända
918 461 35 22 tils

128 490 48 21 hela
198 489 53 22 hans
273 490 85 21 fordran
381 490 69 21 blifvit
472 490 85 27 gulden.
586 490 99 21 Tvärtom
700 497 63 14 anser
777 491 35 26 jag
827 491 36 20 det
877 491 77 26 skäligt

128 519 40 20 och
185 518 67 27 billigt
267 521 30 18 att
312 519 61 20 äfven
390 519 67 26 öfriga
472 519 175 27 fordringsegare,
663 525 45 14 som
724 519 50 20 söka
791 519 39 20 och
846 519 64 20 vinna
921 519 32 20 in-

127 547 71 27 försel,
220 547 50 21 böra
292 547 26 27 få,
341 547 7 20 i
370 547 132 21 förhållande
525 547 32 21 till
575 547 216 28 fordringsbeloppets
807 547 83 27 storlek,
906 549 48 25 taga

128 575 36 22 del
178 576 8 20 i
202 576 61 21 lönen
280 576 52 21 eller
346 577 122 26 pensionen.
499 576 33 21 En
548 576 65 21 sådan
629 576 134 27 bestämning
777 576 61 27 ingår
850 576 61 21 äfven
924 576 30 20 ät-

129 605 107 20 minstone
250 605 8 20 i
274 606 29 19 ett
318 606 64 19 annat
397 605 61 20 lands
473 605 138 26 lagstiftning.
633 605 42 26 Jag
690 605 68 20 skulle
774 605 26 26 på
815 605 69 26 grund
895 604 59 21 häraf

129 635 49 24 taga
200 633 44 26 mig
266 633 89 20 friheten
378 633 77 21 föreslå
470 636 30 18 att
515 633 135 28 lagförslaget
665 633 64 21 måtte
745 633 162 21 återremitteras
922 632 32 21 till

128 661 138 26 lagutskottet
288 662 32 20 för
342 663 30 19 att
394 662 160 21 omformuleras
577 662 7 20 i
601 662 76 20 sådant
692 662 55 26 syfte
769 664 30 19 att
820 664 41 19 rätt
875 661 32 21 till
922 661 32 20 in-

130 690 63 20 försel
210 690 6 20 i
232 690 110 27 gäldenärs
357 690 36 21 lön
409 690 51 21 eller
476 691 88 26 pension
582 690 70 21 blefve
663 690 62 21 äfven
736 690 113 21 framdeles
862 689 93 22 bibehål-

130 718 42 27 len,
188 719 53 20 dock
256 719 89 20 sålunda
361 721 30 18 att
406 719 74 20 endast
496 725 26 14 en
538 719 101 27 tredjedel
657 719 21 20 af
693 719 62 20 lönen
772 719 52 20 eller
839 719 116 27 pensionen

131 747 35 21 må
187 749 59 25 tagas
268 748 8 19 i
294 747 90 28 anspråk
400 747 31 21 till
446 747 60 27 gälds
522 747 108 27 betalning
646 747 39 20 och
701 749 30 19 att
745 747 160 26 ifrågavarande
921 747 34 20 del

130 775 23 20 af
166 775 65 21 lönen
246 776 52 20 eller
313 776 116 27 pensionen
440 776 91 21 fördelas
542 776 90 21 emellan
649 776 97 26 samtliga
762 776 132 27 borgenärer,
909 782 46 14 som

130 804 76 20 vunnit
228 804 92 27 införsel,
343 805 7 20 i
372 805 132 20 förhållande
523 805 30 20 till
569 805 158 26 fordringarnas
742 805 82 26 belopp.
840 817 27 4 —
881 804 76 21 Tillika

131 832 38 21 ber
192 833 36 26 jag
250 835 30 18 att
302 833 22 20 få
345 833 74 21 förena
440 833 44 27 mig
507 840 34 13 om
564 834 25 19 hr
610 833 102 20 Jusölius'
735 833 129 20 reservation
879 832 78 21 beträf-

130 861 65 21 fande
211 862 12 19 5
239 861 18 27 $.

199 918 33 21 Hr
256 919 183 21 Andersson
462 919 143 21 understödde
627 919 67 21 likaså
716 919 25 20 hr
765 918 100 22 Jusölius'
891 925 67 15 reser-

132 947 77 20 vation.

200 1004 33 20 Hr
255 1004 189 21 Stenström:
474 1000 70 25 Äfven
567 1005 36 26 jag
623 1004 69 21 skulle
707 1004 26 21 be
749 1006 30 19 att
794 1004 21 21 få
830 1004 128 21 understöda

131 1033 158 20 reservationen
312 1032 129 22 beträffande
465 1034 12 19 5
500 1033 19 27 $.
549 1032 107 28 Därjämte
680 1033 37 21 ber
739 1034 36 26 jag
793 1035 30 19 att
838 1033 21 20 få
874 1032 84 21 ansluta

131 1061 44 27 mig
190 1061 32 21 till
238 1061 35 21 det
288 1061 21 21 af
324 1062 24 20 hr
364 1061 87 21 Castrén
466 1062 75 26 gjorda
556 1062 118 21 uttalandet
689 1062 110 26 angående
814 1061 93 27 införsel,
923 1068 35 14 om

131 1090 63 20 hvars
217 1090 129 20 afskaffande
368 1090 36 27 jag
425 1090 47 20 icke
495 1090 42 20 kan
560 1090 73 20 förena
655 1090 50 27 mig,
723 1090 54 21 hälst
791 1091 36 26 jag
842 1089 116 27 ingalunda

132 1118 82 21 känner
235 1118 44 27 mig
301 1118 125 27 öfvertygad
449 1118 21 21 af
492 1119 26 20 de
534 1118 51 27 skäl,
600 1125 46 14 som
662 1119 21 20 af
699 1119 101 20 utskottet
816 1119 6 19 i
838 1119 75 20 sädant
927 1118 31 20 af-

130 1147 80 20 seende
234 1146 68 22 blifvit
319 1147 132 21 framhällna.
480 1147 12 21 I
508 1147 66 21 likhet
589 1147 48 21 med
652 1147 26 21 hr
693 1147 88 21 Castrén
795 1149 24 19 är
833 1148 36 26 jag
884 1146 74 21 förvis-

130 1175 39 21 sad
185 1182 35 14 om
235 1177 30 19 att
280 1175 70 21 denna
365 1176 12 20 6
394 1176 18 26 &,
428 1176 87 20 hvilken
531 1182 48 14 man
595 1176 100 26 erbjuder
710 1182 46 14 som
771 1176 100 26 vederlag
882 1175 32 21 för
926 1175 33 20 in-

132 1204 70 26 försel,
224 1204 47 20 icke
294 1204 84 20 komme
401 1206 30 18 att
454 1204 66 20 blifva
538 1204 21 20 af
573 1204 69 26 någon
659 1210 46 14 som
719 1204 55 20 hälst
789 1204 93 27 praktisk
899 1204 58 26 bety-

131 1232 65 21 delse.
220 1244 27 3 —
269 1232 172 21 Vidkommande
464 1232 101 28 slutligen
588 1233 42 20 den
647 1232 22 21 af
684 1233 25 20 hr
723 1232 94 21 Neovius
833 1232 73 27 gjorda
921 1238 37 14 an-

132 1260 140 28 märkningen
296 1261 71 21 därom
386 1263 30 19 att
438 1262 72 26 hvarje
526 1261 116 27 stadgande
657 1261 7 20 i
679 1261 136 27 lagförslaget
830 1261 77 20 saknas
922 1267 37 14 an-

129 1289 83 27 gäende
228 1290 56 20 huru
298 1290 89 20 förfaras
402 1290 54 20 skall
472 1290 130 20 beträffande
617 1290 58 20 förut
690 1290 111 20 meddelad
818 1289 92 26 införsel,
921 1288 39 21 ber

128 1318 37 27 jag
180 1320 30 18 att
225 1318 21 20 fä
261 1318 69 20 erinra
346 1320 30 19 att
392 1318 148 21 bestämmelse
556 1318 73 20 härom
644 1318 61 27 ingär
720 1318 6 20 i
743 1318 41 20 den
800 1324 15 14 s.
831 1318 18 20 k.
865 1317 94 28 promul-

128 1346 250 27 gationsförordningens
399 1347 13 20 8
436 1347 18 26 8.
484 1346 42 21 Det
546 1347 59 20 heter
620 1346 108 26 nämligen
743 1346 7 20 i
766 1346 70 21 denna
851 1345 108 29 paragrafs

128 1375 53 20 sista
196 1375 98 27 mening:
312 1375 40 20 »dä
366 1381 44 20 nya
424 1375 62 27 lagen
502 1375 71 21 träder
587 1375 7 20 i
610 1375 61 26 kraft,
686 1375 83 21 förfalle
779 1375 56 21 förut
845 1373 112 22 meddelad

133 1403 94 27 införsel,
243 1403 87 21 såframt
345 1404 18 26 ej
381 1403 186 27 värkställigheten
583 1404 66 20 redan
664 1403 100 27 begynt».

196 1460 32 20 Hr
243 1460 140 21 Jusölius:
414 1460 42 28 Jag
471 1460 38 21 ber
524 1462 30 20 att
567 1460 22 21 få
604 1460 57 28 gifva
681 1460 102 21 tillkänna
798 1462 30 19 att
842 1460 35 27 jag
895 1459 59 21 inom

128 1488 137 28 lagutskottet
291 1488 83 22 röstade
401 1491 45 19 mot
472 1489 203 21 införselinstitutets
702 1488 155 28 upphäfvande.
893 1487 64 21 Detta

128 1517 74 27 gjorde
217 1518 36 26 jag
274 1517 47 21 icke
343 1517 32 21 till
398 1517 52 27 följd
474 1518 59 20 däraf
548 1519 29 19 att
591 1518 36 26 jag
643 1518 63 26 hyser
721 1517 70 27 någon
806 1516 91 22 särskild
913 1516 43 20 för-

127 1545 74 21 kärlek
216 1546 33 20 för
264 1546 105 20 institutet
384 1545 70 21 säsom
469 1546 81 27 sädant,
566 1548 51 18 utan
632 1546 185 26 hufvudsakligast
831 1546 21 20 af
863 1545 35 21 det
907 1544 50 21 skäl
