1142 1773
232 119 55 21 1550
434 124 179 22 Borgareståndet
626 126 57 16 1894.
709 126 27 16 30
749 125 47 21 maj.

202 216 26 15 en
256 210 94 28 följande
374 211 102 27 landtdag
500 211 52 21 fatta
575 213 29 19 ett
619 211 44 21 helt
678 212 39 20 och
733 211 65 21 hållet
813 212 47 26 nytt
874 210 75 22 beslut.
978 210 50 22 Men

202 240 30 20 att
247 241 30 19 ett
292 240 76 21 fattadt
384 240 69 21 beslut
468 240 54 20 skall
537 240 73 20 kunna
626 240 79 21 rubbas
720 240 91 20 sålunda
826 241 29 20 att
866 239 34 21 två
911 239 60 21 stånd
984 246 45 14 om-

201 268 52 20 fatta
276 270 30 19 ett
327 270 64 19 annat
415 270 23 19 är
460 268 108 21 stridande
585 271 43 18 mot
643 268 28 21 all
686 268 63 28 logik.
780 268 43 21 När
837 268 95 21 inträffar
946 268 26 20 då
987 268 41 20 den

202 296 105 28 tidpunkt,
334 297 27 20 då
386 299 29 19 ett
439 297 60 21 stånd
515 297 47 21 icke
577 303 58 15 mera
651 300 52 18 utan
718 297 72 21 vidare
806 297 54 20 skall
875 297 73 21 kunna
963 296 66 21 ändra

202 325 35 21 sitt
260 332 26 14 en
302 325 56 27 gång
372 326 79 20 fattade
467 326 75 20 beslut.
573 325 73 21 Skulle
662 326 35 20 det
712 328 13 18 t.
741 332 33 14 ex.
791 325 49 21 stått
856 325 173 27 borgareständet

202 356 63 25 öppet
291 356 35 25 att,
342 361 34 14 om
398 354 122 28 expedition
543 354 7 20 i
565 354 74 27 frågan
661 354 65 21 redan
742 354 54 21 hade
812 354 71 26 afgått,
899 354 65 20 ändra
979 354 48 27 sig?

201 382 74 21 Skulle
302 389 49 14 man
373 384 7 19 i
403 383 65 21 sådan
492 383 100 21 händelse
608 383 27 27 på
650 383 70 27 grund
736 383 59 20 däraf
811 384 30 20 att
856 383 35 20 två
905 382 61 22 stånd
982 389 44 14 om-

201 411 61 21 fattat
284 417 27 15 en
332 418 70 14 annan
422 412 54 20 åsikt
492 414 26 18 än
534 412 47 26 den,
597 418 46 14 som
658 412 89 27 tidigare
763 412 80 26 utgjort
857 414 32 18 tre
903 411 73 21 stånds
992 411 35 21 be-

202 439 47 27 slut,
273 439 41 22 låta
330 446 25 15 en
371 440 98 22 anmälan
485 440 47 27 afgä
548 440 31 21 till
595 440 26 21 H.
638 440 27 21 M.
681 447 34 14 om
731 442 30 19 att
777 440 110 27 rätteligen
903 440 74 21 endast
991 440 36 20 två

201 468 73 21 stånds
297 469 69 21 beslut
386 469 112 28 föreligger
514 469 38 21 och
569 471 30 19 att
613 469 74 27 frågan
703 469 56 27 förty
773 468 94 21 förfallit.
897 469 72 26 Enligt
983 468 44 21 min

201 497 64 21 tanke
292 500 23 18 är
340 498 69 21 beslut
430 498 7 20 i
452 498 138 21 förevarande
606 498 59 27 fråga
681 498 81 27 fattadt,
778 498 40 20 och
833 497 32 21 för
880 499 30 19 att
925 497 35 21 det
975 497 53 20 skall

201 526 74 20 kunna
298 527 65 20 rifvas
388 533 48 21 upp,
460 527 54 20 skall
533 527 65 20 sådan
614 527 106 26 majoritet
735 527 33 20 för
783 528 30 19 ett
827 527 48 26 nytt
889 526 70 21 beslut
974 526 54 20 före-

201 555 63 26 ligga,
284 561 45 14 som
345 555 200 27 öfverhufvudtaget
560 555 81 21 fordras
657 555 32 21 för
705 557 28 19 ett
749 555 114 26 afgörande
879 555 7 20 i
902 555 71 26 dylika
988 555 41 20 frå-

202 590 42 20 gor.
274 583 41 28 Jag
338 584 63 26 hyser
423 584 71 21 därför
508 584 63 27 ingen
588 584 77 21 tvekan
681 591 34 14 om
731 586 30 19 att
777 583 158 21 bankutskottet
949 583 7 20 i
972 583 56 21 detta

202 612 99 21 afseende
326 613 81 20 förfarit
422 612 146 28 fullkomligen
584 613 77 26 riktigt.
691 613 42 27 Jag
747 613 118 25 medgifver
880 614 30 19 att
925 613 34 20 det
974 612 54 20 hade

202 641 54 20 varit
271 643 141 25 angenämare
427 642 33 20 för
474 641 165 26 bankutskottet,
655 641 45 21 ifall
716 641 101 21 utskottet
832 641 54 20 hade
897 641 82 20 kunnat
989 641 39 20 hos

201 669 173 27 borgareständet
388 670 84 21 anhälla
488 677 33 14 om
537 670 155 27 godkännande
707 670 21 20 af
744 670 70 20 denna
830 669 138 27 uppfattning,
978 675 49 14 men

201 698 7 20 i
232 698 54 21 slika
312 698 36 21 fall
372 698 80 27 åligger
476 699 106 25 utskottet,
608 699 32 20 för
660 701 29 18 att
705 699 96 26 begagna
817 700 29 19 ett
862 698 112 27 bevingadt
989 697 38 21 ord

200 726 47 21 frän
264 727 73 26 början
354 727 20 20 af
390 727 69 21 denna
474 727 107 27 landtdag,
597 727 40 21 den
654 729 65 25 tunga
735 727 79 27 plikten
830 728 29 19 att
875 728 81 19 ensamt
971 726 57 21 tolka

201 755 55 20 hvad
273 761 45 15 som
334 757 22 19 är
372 756 123 21 ständernas
512 756 73 21 beslut.

271 812 31 21 Hr
318 812 126 21 Genetz:
475 813 10 20 I
508 813 66 20 likhet
597 813 48 21 med
662 813 23 20 hr
701 813 147 26 Schybergson
865 813 38 20 och
918 813 7 20 i
941 814 87 19 motsats

201 840 31 21 till
256 841 25 20 br
295 841 110 27 Wegelius
420 848 62 14 anser
496 841 62 21 äfven
573 842 35 27 jag
624 844 30 18 att
670 841 169 21 bankutskottets
855 841 119 20 förfarande
989 841 39 20 har

201 869 55 21 varit
271 869 35 21 det
322 871 54 19 enda
390 871 82 26 riktiga.
494 870 73 21 Redan
584 871 27 20 dä
625 870 74 28 frågan
715 872 84 19 senaste
815 870 55 27 gång
885 869 143 21 behandlades

200 898 58 20 inom
276 898 56 21 detta
348 899 62 21 ärade
425 899 67 24 stånd,
503 899 80 27 vågade
598 900 35 26 jag
649 899 76 21 föreslå
740 902 30 18 att
785 898 24 21 R.
821 906 17 13 o.
850 899 37 20 A:s
900 898 128 27 inbjudning

201 926 65 21 måtte
281 927 81 21 lämnas
378 930 50 18 utan
444 928 105 26 afseende,
565 928 39 20 och
620 928 35 20 det
671 934 36 14 var
722 928 132 26 principiella
864 927 51 26 skäl,
925 933 45 15 som
982 927 46 20 här-

201 955 72 27 vidlag
295 962 50 14 voro
368 956 32 21 för
415 956 43 27 mig
475 956 163 21 bestämmande.
668 956 42 27 Jag
725 956 54 21 hade
795 958 58 18 ännu
868 956 81 20 kunnat
965 955 64 21 tänka

200 984 44 26 mig
268 986 29 19 att
319 984 159 22 bankutskottet
492 985 46 21 haft
553 985 116 27 anledning
684 987 30 18 att
729 987 48 25 taga
793 985 32 26 sig
840 984 65 21 saken
921 990 33 14 om
971 984 56 20 hand

200 1012 33 20 för
256 1012 42 21 den
320 1013 100 21 händelse
443 1015 29 19 att
488 1014 173 26 borgareståndet
676 1014 109 26 värkligen
802 1013 86 21 beslutit
903 1012 73 27 frångå
991 1012 36 20 sitt

200 1041 90 27 tidigare
312 1042 79 20 fattade
406 1042 70 20 beslut
490 1042 32 20 för
538 1044 29 18 att
581 1042 74 20 förena
670 1042 32 26 sig
718 1048 34 14 om
768 1042 24 20 R.
809 1048 17 14 o.
841 1042 38 20 A:s
895 1041 133 27 inbjudning.

200 1069 50 21 Men
276 1070 24 20 sä
324 1070 78 21 skedde
428 1070 116 21 emellertid
569 1071 52 26 icke,
638 1072 50 19 utan
703 1070 80 27 inslogs
799 1070 38 20 här
849 1070 40 26 det,
905 1070 65 26 enligt
984 1070 45 20 min

200 1098 70 26 tanke,
286 1098 129 28 fullkomligt
429 1099 167 21 inkonsekventa
613 1099 129 21 förfarandet
757 1101 30 18 att
798 1098 172 27 borgareständet
979 1098 50 20 med

200 1126 130 27 frängäende
346 1128 21 20 af
382 1128 35 20 sitt
432 1128 70 20 beslut
517 1128 45 26 och,
578 1130 50 18 utan
645 1130 30 18 att
690 1130 77 24 antaga
777 1127 161 27 inbjudningen,
950 1126 79 21 fattade

200 1157 30 18 ett
255 1156 31 20 till
311 1156 33 20 sin
368 1156 102 20 innebörd
495 1158 47 24 nytt
557 1156 75 20 beslut.
662 1156 41 20 För
718 1156 160 20 bankutskottet
893 1162 37 14 var
945 1156 34 20 det
995 1155 34 20 väl

200 1184 96 26 omöjligt
312 1186 29 19 att
356 1184 94 28 äterigen
465 1187 92 25 upptaga
572 1185 74 27 frägan
661 1185 31 20 till
708 1184 100 28 pröfning
823 1184 47 20 frän
880 1184 65 20 första
955 1184 73 26 början

200 1212 40 20 och
256 1212 72 21 arbeta
342 1212 27 28 pä
384 1213 105 21 ernäende
505 1214 21 20 af
541 1220 26 14 en
583 1214 197 26 ständermajoritet,
797 1213 86 20 baserad
895 1212 26 27 pä
932 1212 97 27 borgare-

199 1240 95 21 ständets
310 1241 74 27 beslut,
400 1248 45 14 som
461 1242 60 20 blifvit
544 1242 77 21 fattadt
636 1242 53 20 efter
704 1242 35 20 det
754 1242 66 27 laglig
835 1240 194 28 ständerpluralitet

200 1270 93 20 vunnits.
323 1270 41 26 Jag
380 1270 138 21 understöder
534 1270 169 21 bankutskottets
719 1270 73 27 ätgärd
808 1270 6 20 i
830 1270 41 20 alla
887 1269 142 21 hänseenden.

270 1326 33 21 Hr
319 1334 41 13 von
375 1327 116 21 Pfaler:
520 1328 40 20 För
575 1328 44 20 min
636 1328 34 20 del
685 1330 23 18 är
722 1328 35 26 jag
773 1327 22 21 af
809 1334 81 13 samma
905 1326 62 21 tanke
983 1332 46 14 som

199 1354 25 20 hr
240 1354 109 28 Wegelius
365 1356 19 20 d.
400 1363 18 13 v.
434 1362 15 14 s.
465 1358 35 24 att,
515 1356 27 20 dä
557 1356 172 26 borgareständet
745 1362 77 20 genom
838 1354 154 28 godkännande
1008 1354 21 20 af

199 1382 23 21 R.
247 1390 18 14 o.
288 1384 38 20 A:s
349 1384 127 28 inbjudning
492 1386 5 19 i
514 1385 42 20 viss
571 1385 49 20 män
635 1384 92 27 frängätt
743 1385 36 20 sitt
794 1384 89 26 tidigare
899 1383 77 21 fattade
993 1382 35 20 be-

200 1411 42 21 slut
267 1412 7 20 i
299 1413 72 25 saken,
397 1413 69 27 nägon
481 1413 92 27 lagenlig
589 1414 194 26 ständerpluralitet
798 1413 46 20 icke
860 1412 113 21 förefinnes
989 1412 39 19 och

200 1442 30 18 att
246 1440 159 22 bankutskottet
420 1442 89 20 sälunda
524 1442 46 20 icke
585 1442 39 20 har
639 1442 81 20 kunnat
731 1442 131 20 öfverlämna
874 1440 155 27 handlingarna

199 1468 7 20 i
234 1468 57 22 detta
316 1472 62 18 ämne
403 1470 32 21 till
460 1470 236 27 expeditionsutskottet
723 1470 48 20 med
788 1470 83 26 uppgift
886 1472 29 18 att
930 1469 23 20 sä
968 1468 60 26 skett,

199 1499 53 19 utan
268 1500 30 18 att
313 1498 80 21 riskera
409 1499 35 20 det
460 1499 235 27 expeditionsutskottet
711 1498 105 21 mähända
832 1498 53 20 efter
900 1497 128 25 landtdagen

200 1525 69 22 skulle
292 1527 92 21 förklara
406 1529 30 19 att
451 1528 6 20 i
473 1528 69 20 denna
557 1527 59 27 fråga
632 1527 64 27 något
711 1527 156 21 ständerbeslut
883 1526 46 21 icke
944 1524 85 22 förefin-
