1142 1773
236 129 41 20 858
434 135 179 21 Borgareståndet
625 137 59 17 1894.
708 137 26 16 26
747 136 59 22 april.

202 214 123 28 skyldighet
347 217 29 19 att
391 215 75 21 endast
481 216 166 26 sammanjämka
664 216 26 21 de
706 216 57 21 olika
779 216 74 27 beslut,
868 216 7 21 i
890 216 71 21 hvilka
977 215 56 21 stån-

203 244 43 20 den
262 246 89 18 stannat.
378 243 63 21 Hvad
456 244 65 21 sedan
538 244 99 21 beträffar
652 247 35 25 ett,
703 246 68 20 ehuru
781 245 87 21 alldeles
879 245 7 20 i
896 244 137 27 förbigående

202 272 120 22 framstäldt
345 272 88 21 klander
448 274 57 19 emot
521 273 112 21 utskottets
649 274 64 21 första
729 274 213 26 sammanjämkning,
957 274 24 20 så
995 272 38 22 ber

200 301 38 27 jag
253 300 22 21 få
290 303 78 18 nämna
383 303 29 19 att
427 302 25 20 hr
467 302 99 20 Stenroth
581 302 47 20 icke
644 303 55 21 hade
714 302 115 27 anledning
845 302 31 21 till
891 302 36 20 det
935 301 97 21 klander-

206 331 72 19 votum
302 330 41 20 han
366 330 38 20 här
418 330 80 20 uttalat.
528 330 63 21 Hvad
607 330 100 28 slutligen
723 330 98 22 beträffar
836 331 100 27 förslaget
951 332 29 19 att
995 337 37 14 an-

203 360 49 23 taga
274 364 26 14 en
320 358 137 21 kombinerad
474 360 63 26 gräns
552 359 33 20 för
598 360 171 26 jorddelningen,
785 359 22 21 så
823 361 22 19 är
859 360 36 26 jag
911 359 40 21 den
967 359 64 21 förste

201 388 33 20 att
248 386 68 26 villigt
332 386 92 21 erkänna
440 389 29 19 att
484 387 36 21 det
534 388 53 20 hade
603 388 54 21 varit
672 388 86 27 mycket
773 390 141 25 angenämare
930 394 33 14 om
982 394 49 14 man

202 415 82 21 kunnat
299 415 21 21 få
335 415 85 27 igenom
436 418 29 18 ett
480 416 119 27 lagförslag,
615 416 106 27 grundadt
737 416 26 28 på
779 416 40 21 den
828 416 39 21 fria
875 416 156 28 jorddelnings-

201 444 117 27 principen,
340 444 85 21 hvilken
448 444 35 27 jag
498 444 62 21 äfven
577 445 43 21 haft
636 448 51 19 äran
702 446 7 20 i
726 445 57 22 detta
798 452 46 13 rum
860 445 99 21 försvara.
989 444 41 21 Det

203 473 40 20 har
268 473 117 20 emellertid
412 479 29 14 nu
467 474 54 20 visat
542 474 33 27 sig
590 481 50 14 vara
656 474 101 27 omöjligt.
787 473 60 22 Dock
862 474 74 27 tycker
950 474 35 27 jag
1001 475 30 19 att

201 507 57 19 man,
280 507 34 15 om
339 508 49 14 man
412 502 108 27 värkligen
541 502 80 27 åsyftar
637 503 197 21 ästadkommandet
849 503 21 20 af
885 503 26 20 de
926 502 105 21 lättnader

199 530 42 20 och
256 530 100 27 framsteg
372 530 56 21 detta
448 531 297 28 sammanjämkningsförslag
760 532 7 19 i
783 531 74 27 själfva
873 531 72 21 värket
960 531 69 20 skulle

201 557 84 28 bereda,
307 559 46 20 icke
374 559 40 20 kan
430 559 60 21 ställa
506 560 32 25 sig
553 559 26 28 på
594 560 41 21 den
651 560 132 27 ståndpunkt
805 562 30 19 att
849 567 48 14 man
915 560 36 20 vill
966 559 62 21 hafva

199 587 103 27 antingen
325 587 29 21 alt
372 587 51 21 eller
438 588 116 27 ingenting.
585 589 25 20 Vi
628 589 67 20 måste
711 589 84 20 komma
811 589 48 26 ihåg
875 591 29 18 att
919 595 26 14 en
961 588 67 27 parla-

200 616 116 20 mentarisk
342 616 128 27 församling,
496 617 65 20 sådan
587 623 44 15 som
658 617 42 27 vår,
716 624 44 14 som
778 617 79 27 nödgas
873 617 72 21 arbeta
959 617 8 20 i
981 617 48 26 fyra

198 643 72 22 skilda
290 645 132 26 afdelningar
437 645 38 20 och
491 645 27 27 på
532 645 47 27 fyra
595 646 68 21 skilda
678 653 54 20 rum,
747 646 73 26 måste,
835 646 32 21 för
883 648 29 19 att
927 646 21 20 få
963 645 65 21 refor-

199 679 47 14 mer
268 673 64 26 åstad,
354 673 86 21 beträda
456 674 202 27 kompromissernas
675 677 45 25 väg.
751 674 61 21 Såväl
827 675 27 26 pä
869 675 57 21 detta
941 674 86 21 område

198 707 47 14 som
268 701 7 20 i
297 701 40 21 alla
360 702 66 21 andra
448 702 71 27 frågor
533 705 23 18 är
572 703 57 20 detta
645 703 40 21 den
702 703 55 21 enda
773 705 46 24 väg,
834 703 25 27 på
876 703 85 20 hvilken
977 709 50 14 man

199 729 42 21 kan
265 730 21 20 få
308 730 53 21 fram
382 731 41 20 den
446 731 44 26 sak,
512 731 33 20 för
559 731 86 21 hvilken
661 739 50 13 man
727 732 92 27 kämpar.
848 731 42 21 Det
905 733 23 19 är
941 732 23 27 ju
979 734 48 18 sant

198 760 37 23 att,
258 765 34 14 om
315 759 63 20 också
400 759 84 21 ståndet
507 767 28 13 nu
551 760 69 21 skulle
636 761 83 20 besluta
735 761 32 26 sig
782 761 32 20 för
829 762 30 19 att
874 760 102 21 vidblifva
991 760 36 21 sitt

196 787 90 26 tidigare
302 787 6 20 i
324 787 65 21 saken
405 788 78 21 fattade
499 788 75 26 beslut,
590 789 57 21 detta
663 789 103 27 knappast
781 789 68 20 skulle
857 789 96 20 medföra
961 788 65 28 några

197 815 107 27 praktiska
324 816 76 27 följder
416 819 28 24 ty,
460 817 69 20 såvidt
543 818 35 26 jag
593 817 38 21 har
646 818 53 26 hört,
715 817 59 21 torde
790 817 57 21 detta
862 817 163 27 sammanjämk-

197 844 143 27 ningsförslag
363 845 64 20 redan
452 852 49 14 vara
523 846 109 26 godkändt
647 847 22 20 af
683 848 31 19 tre
730 846 67 21 stånd.
827 845 60 22 Dock
903 846 74 26 tycker
991 846 35 27 jag

195 874 33 19 att
250 872 35 22 det
308 879 49 15 vore
376 873 91 22 ledsamt
488 881 35 14 om
539 875 173 27 borgareståndet
726 875 33 21 för
774 875 31 20 sin
823 875 33 21 del
872 875 21 20 af
908 876 46 19 rent
969 875 57 27 prin-

195 901 86 27 cipiella
304 902 45 21 skäl
364 902 69 21 skulle
448 903 130 21 fortfarande
594 904 56 20 hålla
666 904 26 26 på
707 904 36 20 sitt
758 903 127 26 föregående
901 903 69 21 beslut
986 903 39 21 och

195 929 48 21 icke
260 930 93 21 erkänna
371 931 258 27 kompromiss-systemet,
644 938 46 14 som
706 932 7 20 i
729 932 41 20 alla
785 932 37 20 fall
838 932 65 20 måste
920 931 105 21 betraktas

195 958 71 20 såsom
288 959 35 21 det
338 959 60 27 enda,
414 960 26 27 på
456 960 68 27 grund
541 960 21 20 af
576 960 81 21 hvilket
672 961 103 26 framsteg
790 960 67 21 under
872 960 152 26 förhållanden,

194 986 82 22 sådana
291 994 45 14 som
352 988 55 25 våra,
423 990 35 18 äro
474 988 92 28 möjliga.
591 989 42 26 Jag
649 989 37 21 ber
701 989 72 21 därför
787 991 30 19 att
831 989 21 21 få
867 988 84 21 förorda
967 991 58 18 anta-

194 1015 80 26 gandet
296 1016 22 20 af
340 1016 57 21 detta
419 1018 302 27 sammanjämkningsförslag,
744 1018 86 20 oaktadt
844 1018 36 26 jag
895 1017 21 21 af
931 1017 38 27 själ
985 1017 39 21 och

195 1043 68 27 hjärta
288 1044 54 21 hade
369 1045 87 21 anslutit
480 1046 44 26 mig
542 1046 31 20 till
589 1046 40 21 och
644 1046 129 21 fortfarande
789 1046 124 28 godkänner
928 1046 41 20 den
984 1046 40 20 fria

192 1072 258 29 jorddelningsprincipen
466 1074 69 21 såsom
552 1074 40 22 den
609 1074 54 21 enda
679 1075 81 27 riktiga.

264 1129 33 21 Hr
312 1130 94 21 Lille:
437 1130 45 21 Här
505 1131 37 21 har
564 1132 7 20 i
587 1132 58 20 afton
661 1132 39 20 och
716 1132 62 20 äfven
795 1131 88 27 tidigare
898 1130 125 22 framhållits

194 1156 95 22 vådorna
312 1159 20 20 af
351 1159 175 26 genomförandet
542 1160 21 20 af
578 1160 41 20 den
635 1160 40 20 fria
689 1160 263 27 jorddelningsprincipen.
982 1159 41 27 Jag

194 1185 38 21 vill
255 1186 27 21 då
297 1187 111 21 framhålla
424 1190 34 24 att,
474 1194 34 14 om
524 1188 46 21 icke
586 1188 41 21 den
643 1188 65 21 första
723 1188 137 21 statsmakten
877 1188 68 20 skulle
961 1188 62 20 hafva

194 1214 44 27 lagt
254 1215 35 21 sitt
304 1215 65 27 tvång
384 1216 26 27 på
425 1217 206 26 representationens
648 1217 69 21 beslut
733 1217 35 20 vid
781 1216 127 28 föregående
916 1216 107 28 landtdag,

193 1242 22 20 vi
230 1243 121 28 antagligen
367 1250 29 15 nu
412 1244 87 22 faktiskt
514 1245 67 21 skulle
597 1246 57 20 lefva
669 1246 69 20 under
753 1252 26 14 en
795 1246 25 20 fri
836 1244 186 28 jorddelningslag.

192 1270 43 22 Det
258 1274 23 18 är
300 1272 44 27 just
367 1273 47 20 med
438 1273 100 21 afseende
554 1274 11 20 å
581 1274 41 20 den
638 1274 101 27 ställning
754 1274 126 26 regeringen
896 1274 37 20 har
948 1273 75 27 intagit

191 1299 34 21 till
248 1301 202 27 representationen,
472 1308 44 14 som
538 1302 36 27 jag
592 1302 47 20 från
656 1303 43 20 min
715 1302 110 28 synpunkt
840 1302 67 21 håller
922 1302 56 27 uppå
993 1303 30 19 att

192 1327 37 21 det
254 1335 50 15 vore
330 1329 88 28 lyckligt
443 1337 33 14 om
499 1330 128 22 åtminstone
650 1331 69 27 någon
735 1331 35 21 del
786 1331 21 20 af
821 1330 202 28 representationen,

191 1362 80 21 genom
294 1360 30 18 att
346 1358 92 21 vidhålla
461 1359 32 20 sin
510 1359 132 27 principiella
657 1359 138 27 ståndpunkt,
810 1359 69 21 skulle
894 1359 85 27 inlägga
995 1365 27 14 en

191 1387 82 24 protest
295 1389 44 18 mot
362 1386 35 21 det
412 1387 70 27 tvång,
498 1394 44 14 som
559 1388 38 20 har
612 1388 93 20 utöfvats
719 1388 27 27 på
761 1387 206 27 representationens
982 1387 39 20 fria

192 1412 167 24 beslutanderätt
384 1415 6 20 i
416 1416 70 21 denna
510 1416 58 27 fråga
593 1416 46 23 och,
664 1416 69 21 såsom
753 1416 21 20 vi
789 1416 42 20 alla
846 1418 54 24 veta,
914 1416 8 20 i
937 1422 26 14 en
979 1417 44 19 stor

191 1442 79 27 mängd
296 1443 66 21 andra
387 1444 42 20 lika
456 1444 78 27 viktiga
560 1444 244 28 lagstiftningsärenden.
834 1444 42 21 Det
899 1446 23 18 är
936 1444 86 27 mycket

191 1470 79 27 riktigt,
293 1478 45 14 som
361 1472 25 20 hr
408 1472 58 27 Berg
480 1473 56 26 sade,
552 1475 29 19 att
597 1473 36 21 det
648 1473 75 21 endast
739 1475 23 19 är
777 1473 26 27 på
818 1472 203 28 kompromissernas

190 1500 42 26 väg
254 1506 27 14 en
304 1499 134 28 lagstiftande
454 1501 129 27 församling,
599 1502 65 20 sådan
680 1508 46 14 som
742 1502 43 25 vår,
801 1501 62 21 delad
878 1502 7 20 i
901 1501 46 26 fyra
963 1500 58 21 kam-

190 1533 40 21 rar,
258 1528 41 20 kan
325 1528 85 22 komma
434 1529 65 27 några
524 1530 117 27 väsentliga
663 1532 46 25 steg
724 1530 77 21 framåt
816 1530 25 27 på
857 1530 42 20 den
914 1529 107 28 praktiska
