1142 1773
358 120 178 22 Borgareståndet
549 122 56 16 1894.
629 122 12 16 2
653 121 48 21 maj.
881 114 40 21 919

191 201 56 21 Utan.
264 202 140 26 anmärkning
420 203 88 25 antogos
523 202 101 20 därefter:

190 247 107 21 klämmen
313 246 12 21 å
340 247 76 27 pagina
428 247 25 20 11
466 247 89 21 rörande
566 247 73 27 anslag
650 247 33 20 för
693 246 137 21 anskaffande
843 246 22 21 af
875 246 74 20 biblio-

120 275 36 21 tek
172 276 33 20 för
219 275 160 21 folkskollärare
395 276 38 20 och
450 275 117 21 lärarinnor
582 276 7 20 i
605 275 227 26 landskommunerna;

190 321 107 21 klämmen
314 321 12 21 å
340 322 77 26 pagina
435 322 25 20 12
476 321 109 27 angående
601 321 73 27 anslag
687 321 33 21 för
730 320 222 28 fortsättningskurser

120 350 34 20 till
169 350 130 26 folkskolan;

192 395 106 21 klämmen
319 395 12 21 ä
346 396 77 26 pagina
441 396 25 20 13
480 396 89 20 rörande
586 395 73 27 bidrag
675 395 31 21 till
722 395 112 21 aflönande
850 395 21 20 af
886 394 65 21 hand-

121 424 189 21 arbetslärarinnor
333 424 33 20 vid
390 424 80 20 sådana
490 424 32 20 för
545 430 72 21 gossar
640 424 39 20 och
699 424 74 20 flickor
793 430 158 20 gemensamma

120 451 74 22 skolor
209 453 25 27 på
250 452 78 27 landet,
344 459 44 14 som
404 452 89 21 förestås
508 453 21 20 af
544 452 93 28 manliga
653 452 77 27 lärare;
747 452 109 21 äfvensom

191 498 106 21 klämmen
314 497 12 22 å
341 504 81 15 samma
437 498 45 21 sida
498 498 129 21 beträffande
643 498 237 27 slöjdundervisningen
897 498 6 19 i
919 497 32 21 så-

120 527 57 21 dana
194 527 116 20 folkskolor
326 527 26 27 på
367 527 77 26 landet,
460 533 45 14 som
520 527 89 20 förestås
625 527 20 20 af
660 527 123 20 lärarinnor.

192 589 10 20 I
218 589 59 26 fråga
292 595 34 14 om
343 589 112 20 utskottets
471 589 107 20 uttalande
594 589 26 27 på
635 589 45 20 sida
697 589 26 20 14
738 589 7 20 i
761 589 141 20 betänkandet
916 595 35 14 an-

122 617 82 28 gående
215 618 26 20 de
252 617 184 27 omständigheter,
449 624 45 14 som
506 618 34 20 vid
551 618 98 27 pröfning
659 618 21 20 af
691 617 143 27 ansökningar
845 624 35 14 om
891 619 61 19 stats-

124 647 74 26 bidrag
216 646 32 21 för
263 646 116 21 folkskolor
391 646 65 21 borde
469 646 84 21 komma
566 647 6 19 i
583 646 145 27 betraktande,
744 646 101 27 begärdes
857 646 59 21 ordet
931 646 21 21 af

193 709 25 21 hr
240 709 160 27 Stenroth,
424 716 45 14 som
492 709 92 28 föreslog
607 712 29 19 att
657 709 90 27 ståndet,
762 709 26 28 på
804 710 26 21 de
845 709 45 21 skäl
906 715 45 15 som

122 737 70 22 finnas
208 738 86 27 angifna
317 738 6 20 i
347 738 40 21 den
411 738 67 27 tredje
493 738 31 21 till
540 738 143 21 betänkandet
697 738 76 27 fogade
789 739 162 25 reservationen,

123 766 65 21 måtte
205 773 26 14 ur
246 767 142 20 betänkandet
404 766 92 21 utesluta
512 767 159 26 ifrågavarande
688 767 113 20 uttalande.

192 829 33 21 Hr
243 829 7 21 I
280 836 41 14 dman
359 829 93 26 yttrade:
478 829 46 22 Den
540 830 184 27 omständigheten
747 832 30 19 att
787 830 73 27 högsta
871 830 80 20 instans

123 858 35 21 vid
180 858 98 27 pröfning
300 858 20 21 af
336 858 100 25 anslagen
453 858 33 21 för
501 858 206 21 folkskoleväsendet
721 859 7 20 i
744 858 63 27 något
823 858 42 27 fall,
881 858 70 21 såsom

124 887 102 21 utskottet
241 887 115 21 framhållit
372 887 39 21 och
426 887 62 21 äfven
505 887 183 21 undertecknarne
704 887 21 21 af
740 887 41 21 den
794 887 32 21 till
837 887 115 21 betänkan-

124 916 36 20 det
183 916 76 26 fogade
282 916 66 26 tredje
372 916 158 20 reservationen
552 916 113 27 medgifva,
688 916 69 20 skulle
772 916 63 20 hafva
851 914 102 22 utsträckt

124 944 71 21 denna
210 944 99 27 pröfning
324 944 72 27 längre
412 946 25 18 än
454 944 54 20 hvad
524 944 255 27 folkskoleförordningen
795 944 22 21 af
828 944 54 21 1866
894 944 58 20 med-

126 973 67 27 gifvit,
208 979 63 14 anser
285 973 35 27 jag
335 972 47 21 icke
398 979 49 14 vara
464 972 64 28 något
543 973 121 27 tillräckligt
678 972 46 21 skäl
739 973 32 20 för
781 975 30 19 att
821 973 27 27 på
858 973 35 21 det
906 974 45 24 sätt,

123 1008 47 14 som
199 1001 102 21 utskottet
326 1001 38 21 har
386 1001 113 27 föreslagit,
522 1002 71 26 pricka
616 1002 291 26 ecklesiastikexpeditionen,
929 1000 23 22 så

124 1030 86 26 mycket
233 1030 81 20 mindre
337 1036 45 14 som
403 1030 101 20 utskottet
518 1030 47 21 icke
580 1032 96 19 närmare
692 1030 89 27 redogör
795 1030 33 20 för
843 1030 26 20 de
885 1029 68 21 skilda

124 1058 66 21 fallen
207 1058 38 21 och
262 1058 40 21 den
319 1060 64 24 utväg
398 1058 33 21 för
446 1058 39 21 den
502 1058 141 21 förfördelade
658 1060 30 19 att
703 1058 78 21 erhålla
796 1058 91 27 rättelse,
900 1058 52 20 hvil-

126 1087 41 20 ken
191 1089 160 19 reservanterna
374 1087 62 20 hafva
458 1087 96 27 påpekat,
577 1087 58 21 alltid
657 1087 44 21 står
721 1089 73 25 öppen.
825 1087 41 21 För
880 1089 30 18 att
925 1093 27 14 en

123 1115 67 21 sådan
213 1115 117 27 prickning,
352 1122 44 14 som
412 1116 38 20 här
465 1117 24 19 är
503 1116 7 20 i
524 1116 65 27 fråga,
605 1116 53 20 skall
674 1116 73 20 kunna
762 1122 39 21 ega
815 1122 47 14 rum
885 1114 67 22 måste

125 1150 49 14 man
182 1144 111 20 förutsätta
302 1146 29 18 att
340 1144 283 27 ecklesiastikexpeditionen
633 1144 86 21 handlat
736 1144 21 20 in
773 1144 55 21 mala
842 1144 47 20 fide.
912 1143 40 21 Om

124 1172 36 21 det
183 1178 50 21 eger
254 1172 32 21 sin
310 1172 104 28 riktighet,
434 1172 70 21 såsom
520 1175 159 19 reservanterna
694 1172 86 28 påpeka,
796 1176 29 17 att
841 1172 112 21 utskottets

126 1200 79 28 förslag
227 1201 95 27 grundar
344 1202 31 26 sig
398 1201 25 27 på
446 1208 26 14 en
496 1201 151 27 förutsättning
662 1202 21 20 af
698 1201 115 27 partiskhet
829 1202 37 20 hos
881 1201 72 21 denna

124 1230 130 26 expedition,
276 1230 23 20 så
321 1230 54 20 hade
397 1230 35 20 det
456 1230 66 26 enligt
544 1230 47 21 mitt
613 1230 138 20 förmenande
772 1230 53 20 varit
840 1230 112 20 utskottets

124 1258 122 27 skyldighet
270 1260 29 18 att
322 1260 96 19 närmare
440 1258 103 27 redogöra
566 1258 33 21 för
622 1258 45 21 sina
682 1259 66 20 motiv
763 1258 7 20 i
786 1258 69 21 stället
870 1258 33 20 för
918 1260 35 24 att,

124 1286 70 21 såsom
216 1286 36 21 det
267 1287 60 27 gjort,
342 1289 51 18 utan
410 1286 72 22 vidare
498 1287 83 21 anhålla
597 1293 34 14 om
647 1287 124 21 ständernas
787 1287 76 20 blanko
880 1288 73 25 accept

124 1316 28 26 på
167 1315 46 21 sina
228 1315 179 27 förutsättningar.
438 1315 42 21 För
494 1316 44 20 min
554 1315 34 21 del
604 1315 140 21 understöder
758 1316 35 26 jag
808 1316 67 26 tredje
886 1321 66 15 reser-

124 1344 106 20 vationen.

194 1400 33 20 Hr
241 1400 125 27 Elving:
396 1400 11 20 I
429 1400 67 21 likhet
519 1400 47 21 med
587 1400 26 21 hr
634 1400 76 21 Idman
732 1401 38 20 har
785 1400 62 22 äfven
861 1401 36 26 jag
912 1400 41 20 fäst

124 1428 44 27 mig
191 1429 35 20 vid
250 1429 25 21 de
294 1429 38 20 ord
347 1429 7 20 i
369 1428 67 28 tredje
452 1429 165 26 reservationen,
632 1428 71 21 hvilka
719 1429 72 27 tyckas
806 1429 103 21 innebära
923 1430 30 19 ett

124 1456 138 22 erkännande
285 1457 60 21 däraf
367 1460 29 18 att
415 1464 48 14 man
479 1457 35 21 vid
530 1457 59 27 fråga
604 1464 34 14 om
654 1457 121 27 beviljande
790 1458 21 20 af
826 1456 127 27 statsbidrag

122 1485 24 21 åt
168 1485 116 21 folkskolor
306 1486 38 20 har
366 1486 78 20 sträckt
467 1486 33 20 sin
523 1486 99 27 pröfning
637 1485 73 28 längre
725 1488 27 18 än
768 1486 55 20 hvad
837 1485 115 21 folkskole-
