<?xml version="1.0" encoding="UTF-8"?>
<alto xmlns="http://www.loc.gov/standards/alto/ns-v3#" xmlns:xlink="http://www.w3.org/1999/xlink" xmlns:xsi="http://www.w3.org/2001/XMLSchema-instance" xsi:schemaLocation="http://www.loc.gov/standards/alto/ns-v3# http://www.loc.gov/alto/v3/alto-3-0.xsd">
	<Description>
		<MeasurementUnit>pixel</MeasurementUnit>
		<sourceImageInformation>
			<fileName>/tmp/tess_4e_skk7h_input.PNG</fileName>
		</sourceImageInformation>
		<OCRProcessing ID="OCR_0">
			<ocrProcessingStep>
				<processingSoftware>
					<softwareName>tesseract 5.3.4</softwareName>
				</processingSoftware>
			</ocrProcessingStep>
		</OCRProcessing>
	</Description>
	<Layout>
		<Page WIDTH="1142" HEIGHT="1773" PHYSICAL_IMG_NR="0" ID="page_0">
			<PrintSpace HPOS="0" VPOS="0" WIDTH="1142" HEIGHT="1773">
				<GraphicalElement ID="cblock_0" HPOS="0" VPOS="344" WIDTH="8" HEIGHT="553"></GraphicalElement >
				<ComposedBlock ID="cblock_1" HPOS="232" VPOS="134" WIDTH="567" HEIGHT="29">
					<TextBlock ID="block_0" HPOS="232" VPOS="134" WIDTH="567" HEIGHT="29">
						<TextLine ID="line_0" HPOS="232" VPOS="134" WIDTH="567" HEIGHT="29">
							<String ID="string_0" HPOS="232" VPOS="134" WIDTH="42" HEIGHT="21" WC="0.95" CONTENT="746"/><SP WIDTH="154" VPOS="134" HPOS="274"/>
							<String ID="string_1" HPOS="428" VPOS="141" WIDTH="179" HEIGHT="21" WC="0.90" CONTENT="Borgareståndet"/><SP WIDTH="14" VPOS="141" HPOS="607"/>
							<String ID="string_2" HPOS="621" VPOS="141" WIDTH="57" HEIGHT="18" WC="0.95" CONTENT="1894."/><SP WIDTH="25" VPOS="141" HPOS="678"/>
							<String ID="string_3" HPOS="703" VPOS="142" WIDTH="24" HEIGHT="17" WC="0.95" CONTENT="19"/><SP WIDTH="12" VPOS="142" HPOS="727"/>
							<String ID="string_4" HPOS="739" VPOS="141" WIDTH="60" HEIGHT="22" WC="0.89" CONTENT="april"/>
						</TextLine>
					</TextBlock>
				</ComposedBlock>
				<GraphicalElement ID="cblock_2" HPOS="202" VPOS="167" WIDTH="829" HEIGHT="19"></GraphicalElement >
				<ComposedBlock ID="cblock_3" HPOS="197" VPOS="220" WIDTH="833" HEIGHT="479">
					<TextBlock ID="block_1" HPOS="197" VPOS="220" WIDTH="833" HEIGHT="479">
						<TextLine ID="line_1" HPOS="201" VPOS="220" WIDTH="829" HEIGHT="29">
							<String ID="string_5" HPOS="201" VPOS="220" WIDTH="71" HEIGHT="21" WC="0.95" CONTENT="skulle"/><SP WIDTH="16" VPOS="220" HPOS="272"/>
							<String ID="string_6" HPOS="288" VPOS="228" WIDTH="49" HEIGHT="13" WC="0.96" CONTENT="vara"/><SP WIDTH="15" VPOS="228" HPOS="337"/>
							<String ID="string_7" HPOS="352" VPOS="221" WIDTH="32" HEIGHT="21" WC="0.96" CONTENT="för"/><SP WIDTH="15" VPOS="221" HPOS="384"/>
							<String ID="string_8" HPOS="399" VPOS="228" WIDTH="27" HEIGHT="14" WC="0.96" CONTENT="en"/><SP WIDTH="15" VPOS="228" HPOS="426"/>
							<String ID="string_9" HPOS="441" VPOS="221" WIDTH="138" HEIGHT="28" WC="0.96" CONTENT="reservering,"/><SP WIDTH="16" VPOS="221" HPOS="579"/>
							<String ID="string_10" HPOS="595" VPOS="222" WIDTH="72" HEIGHT="20" WC="0.96" CONTENT="därför"/><SP WIDTH="14" VPOS="222" HPOS="667"/>
							<String ID="string_11" HPOS="681" VPOS="222" WIDTH="59" HEIGHT="20" WC="0.96" CONTENT="torde"/><SP WIDTH="15" VPOS="222" HPOS="740"/>
							<String ID="string_12" HPOS="755" VPOS="221" WIDTH="68" HEIGHT="21" WC="0.95" CONTENT="finnas"/><SP WIDTH="16" VPOS="221" HPOS="823"/>
							<String ID="string_13" HPOS="839" VPOS="221" WIDTH="50" HEIGHT="21" WC="0.91" CONTENT="skäl."/><SP WIDTH="30" VPOS="221" HPOS="889"/>
							<String ID="string_14" HPOS="919" VPOS="221" WIDTH="42" HEIGHT="21" WC="0.96" CONTENT="Det"/><SP WIDTH="12" VPOS="221" HPOS="961"/>
							<String ID="string_15" HPOS="973" VPOS="223" WIDTH="22" HEIGHT="19" WC="0.96" CONTENT="är"/><SP WIDTH="12" VPOS="223" HPOS="995"/>
							<String ID="string_16" HPOS="1007" VPOS="221" WIDTH="23" HEIGHT="27" WC="0.96" CONTENT="ju"/>
						</TextLine>
						<TextLine ID="line_2" HPOS="202" VPOS="249" WIDTH="827" HEIGHT="29">
							<String ID="string_17" HPOS="202" VPOS="249" WIDTH="47" HEIGHT="21" WC="0.96" CONTENT="icke"/><SP WIDTH="16" VPOS="249" HPOS="249"/>
							<String ID="string_18" HPOS="265" VPOS="255" WIDTH="26" HEIGHT="15" WC="0.96" CONTENT="en"/><SP WIDTH="15" VPOS="255" HPOS="291"/>
							<String ID="string_19" HPOS="306" VPOS="250" WIDTH="70" HEIGHT="27" WC="0.96" CONTENT="knapp"/><SP WIDTH="15" VPOS="250" HPOS="376"/>
							<String ID="string_20" HPOS="391" VPOS="250" WIDTH="111" HEIGHT="27" WC="0.96" CONTENT="majoritet,"/><SP WIDTH="16" VPOS="250" HPOS="502"/>
							<String ID="string_21" HPOS="518" VPOS="252" WIDTH="51" HEIGHT="19" WC="0.94" CONTENT="utan"/><SP WIDTH="16" VPOS="252" HPOS="569"/>
							<String ID="string_22" HPOS="585" VPOS="256" WIDTH="26" HEIGHT="15" WC="0.96" CONTENT="en"/><SP WIDTH="16" VPOS="256" HPOS="611"/>
							<String ID="string_23" HPOS="627" VPOS="250" WIDTH="81" HEIGHT="28" WC="0.96" CONTENT="ganska"/><SP WIDTH="14" VPOS="250" HPOS="708"/>
							<String ID="string_24" HPOS="722" VPOS="250" WIDTH="101" HEIGHT="27" WC="0.96" CONTENT="kompakt"/><SP WIDTH="15" VPOS="250" HPOS="823"/>
							<String ID="string_25" HPOS="838" VPOS="250" WIDTH="71" HEIGHT="21" WC="0.96" CONTENT="sådan."/><SP WIDTH="16" VPOS="250" HPOS="909"/>
							<String ID="string_26" HPOS="925" VPOS="250" WIDTH="40" HEIGHT="27" WC="0.96" CONTENT="Jag"/><SP WIDTH="10" VPOS="250" HPOS="965"/>
							<String ID="string_27" HPOS="975" VPOS="250" WIDTH="54" HEIGHT="20" WC="0.96" CONTENT="hade"/>
						</TextLine>
						<TextLine ID="line_3" HPOS="202" VPOS="278" WIDTH="827" HEIGHT="28">
							<String ID="string_28" HPOS="202" VPOS="278" WIDTH="67" HEIGHT="20" WC="0.95" CONTENT="hällre"/><SP WIDTH="15" VPOS="278" HPOS="269"/>
							<String ID="string_29" HPOS="284" VPOS="278" WIDTH="54" HEIGHT="21" WC="0.94" CONTENT="varit"/><SP WIDTH="22" VPOS="278" HPOS="338"/>
							<String ID="string_30" HPOS="360" VPOS="278" WIDTH="48" HEIGHT="21" WC="0.96" CONTENT="med"/><SP WIDTH="19" VPOS="278" HPOS="408"/>
							<String ID="string_31" HPOS="427" VPOS="285" WIDTH="34" HEIGHT="14" WC="0.95" CONTENT="om"/><SP WIDTH="20" VPOS="285" HPOS="461"/>
							<String ID="string_32" HPOS="481" VPOS="285" WIDTH="26" HEIGHT="14" WC="0.95" CONTENT="en"/><SP WIDTH="16" VPOS="285" HPOS="507"/>
							<String ID="string_33" HPOS="523" VPOS="279" WIDTH="124" HEIGHT="27" WC="0.96" CONTENT="förändring"/><SP WIDTH="20" VPOS="279" HPOS="647"/>
							<String ID="string_34" HPOS="667" VPOS="278" WIDTH="79" HEIGHT="21" WC="0.96" CONTENT="därhän"/><SP WIDTH="17" VPOS="278" HPOS="746"/>
							<String ID="string_35" HPOS="763" VPOS="281" WIDTH="30" HEIGHT="18" WC="0.96" CONTENT="att"/><SP WIDTH="14" VPOS="281" HPOS="793"/>
							<String ID="string_36" HPOS="807" VPOS="278" WIDTH="66" HEIGHT="22" WC="0.93" CONTENT="orden"/><SP WIDTH="18" VPOS="278" HPOS="873"/>
							<String ID="string_37" HPOS="891" VPOS="278" WIDTH="81" HEIGHT="21" WC="0.91" CONTENT="»därest"/><SP WIDTH="15" VPOS="278" HPOS="972"/>
							<String ID="string_38" HPOS="987" VPOS="279" WIDTH="18" HEIGHT="27" WC="0.95" CONTENT="ej"/><SP WIDTH="17" VPOS="279" HPOS="1005"/>
							<String ID="string_39" HPOS="1022" VPOS="278" WIDTH="7" HEIGHT="21" WC="0.96" CONTENT="i"/>
						</TextLine>
						<TextLine ID="line_4" HPOS="202" VPOS="305" WIDTH="827" HEIGHT="29">
							<String ID="string_40" HPOS="202" VPOS="305" WIDTH="191" HEIGHT="29" WC="0.96" CONTENT="bolagsordningen"/><SP WIDTH="23" VPOS="305" HPOS="393"/>
							<String ID="string_41" HPOS="416" VPOS="309" WIDTH="23" HEIGHT="19" WC="0.96" CONTENT="är"/><SP WIDTH="21" VPOS="309" HPOS="439"/>
							<String ID="string_42" HPOS="460" VPOS="307" WIDTH="134" HEIGHT="21" WC="0.92" CONTENT="annorlunda"/><SP WIDTH="21" VPOS="307" HPOS="594"/>
							<String ID="string_43" HPOS="615" VPOS="307" WIDTH="146" HEIGHT="21" WC="0.86" CONTENT="föreskrifvet»"/><SP WIDTH="22" VPOS="307" HPOS="761"/>
							<String ID="string_44" HPOS="783" VPOS="307" WIDTH="68" HEIGHT="21" WC="0.96" CONTENT="skulle"/><SP WIDTH="16" VPOS="307" HPOS="851"/>
							<String ID="string_45" HPOS="867" VPOS="307" WIDTH="56" HEIGHT="27" WC="0.96" CONTENT="utgå,"/><SP WIDTH="16" VPOS="307" HPOS="923"/>
							<String ID="string_46" HPOS="939" VPOS="313" WIDTH="47" HEIGHT="15" WC="0.96" CONTENT="men"/><SP WIDTH="17" VPOS="313" HPOS="986"/>
							<String ID="string_47" HPOS="1003" VPOS="307" WIDTH="26" HEIGHT="21" WC="0.96" CONTENT="då"/>
						</TextLine>
						<TextLine ID="line_5" HPOS="201" VPOS="335" WIDTH="828" HEIGHT="27">
							<String ID="string_48" HPOS="201" VPOS="336" WIDTH="31" HEIGHT="19" WC="0.96" CONTENT="ett"/><SP WIDTH="15" VPOS="336" HPOS="232"/>
							<String ID="string_49" HPOS="247" VPOS="335" WIDTH="75" HEIGHT="21" WC="0.96" CONTENT="sådant"/><SP WIDTH="14" VPOS="335" HPOS="322"/>
							<String ID="string_50" HPOS="336" VPOS="336" WIDTH="95" HEIGHT="26" WC="0.96" CONTENT="yrkande"/><SP WIDTH="16" VPOS="336" HPOS="431"/>
							<String ID="string_51" HPOS="447" VPOS="336" WIDTH="64" HEIGHT="20" WC="0.96" CONTENT="redan"/><SP WIDTH="16" VPOS="336" HPOS="511"/>
							<String ID="string_52" HPOS="527" VPOS="336" WIDTH="54" HEIGHT="21" WC="0.96" CONTENT="hade"/><SP WIDTH="16" VPOS="336" HPOS="581"/>
							<String ID="string_53" HPOS="597" VPOS="336" WIDTH="47" HEIGHT="20" WC="0.95" CONTENT="bort"/><SP WIDTH="14" VPOS="336" HPOS="644"/>
							<String ID="string_54" HPOS="658" VPOS="336" WIDTH="127" HEIGHT="20" WC="0.96" CONTENT="framställas"/><SP WIDTH="15" VPOS="336" HPOS="785"/>
							<String ID="string_55" HPOS="800" VPOS="336" WIDTH="5" HEIGHT="20" WC="0.93" CONTENT="i"/><SP WIDTH="12" VPOS="336" HPOS="805"/>
							<String ID="string_56" HPOS="817" VPOS="336" WIDTH="153" HEIGHT="26" WC="0.96" CONTENT="sammanhang"/><SP WIDTH="10" VPOS="336" HPOS="970"/>
							<String ID="string_57" HPOS="980" VPOS="336" WIDTH="49" HEIGHT="21" WC="0.97" CONTENT="med"/>
						</TextLine>
						<TextLine ID="line_6" HPOS="202" VPOS="363" WIDTH="826" HEIGHT="29">
							<String ID="string_58" HPOS="202" VPOS="363" WIDTH="12" HEIGHT="27" WC="0.92" CONTENT="$"/><SP WIDTH="17" VPOS="363" HPOS="214"/>
							<String ID="string_59" HPOS="231" VPOS="364" WIDTH="19" HEIGHT="26" WC="0.96" CONTENT="3,"/><SP WIDTH="16" VPOS="364" HPOS="250"/>
							<String ID="string_60" HPOS="266" VPOS="363" WIDTH="65" HEIGHT="21" WC="0.95" CONTENT="andra"/><SP WIDTH="20" VPOS="363" HPOS="331"/>
							<String ID="string_61" HPOS="351" VPOS="366" WIDTH="121" HEIGHT="24" WC="0.96" CONTENT="momentet,"/><SP WIDTH="20" VPOS="366" HPOS="472"/>
							<String ID="string_62" HPOS="492" VPOS="364" WIDTH="39" HEIGHT="21" WC="0.96" CONTENT="och"/><SP WIDTH="16" VPOS="364" HPOS="531"/>
							<String ID="string_63" HPOS="547" VPOS="364" WIDTH="76" HEIGHT="21" WC="0.96" CONTENT="sådant"/><SP WIDTH="14" VPOS="364" HPOS="623"/>
							<String ID="string_64" HPOS="637" VPOS="364" WIDTH="47" HEIGHT="21" WC="0.96" CONTENT="icke"/><SP WIDTH="15" VPOS="364" HPOS="684"/>
							<String ID="string_65" HPOS="699" VPOS="364" WIDTH="60" HEIGHT="26" WC="0.93" CONTENT="skett,"/><SP WIDTH="17" VPOS="364" HPOS="759"/>
							<String ID="string_66" HPOS="776" VPOS="364" WIDTH="81" HEIGHT="27" WC="0.92" CONTENT="åtnöjer"/><SP WIDTH="14" VPOS="364" HPOS="857"/>
							<String ID="string_67" HPOS="871" VPOS="365" WIDTH="35" HEIGHT="27" WC="0.96" CONTENT="jag"/><SP WIDTH="16" VPOS="365" HPOS="906"/>
							<String ID="string_68" HPOS="922" VPOS="364" WIDTH="43" HEIGHT="27" WC="0.96" CONTENT="mig"/><SP WIDTH="15" VPOS="364" HPOS="965"/>
							<String ID="string_69" HPOS="980" VPOS="364" WIDTH="48" HEIGHT="22" WC="0.96" CONTENT="med"/>
						</TextLine>
						<TextLine ID="line_7" HPOS="200" VPOS="392" WIDTH="828" HEIGHT="28">
							<String ID="string_70" HPOS="200" VPOS="392" WIDTH="37" HEIGHT="20" WC="0.96" CONTENT="det"/><SP WIDTH="15" VPOS="392" HPOS="237"/>
							<String ID="string_71" HPOS="252" VPOS="392" WIDTH="38" HEIGHT="21" WC="0.96" CONTENT="här"/><SP WIDTH="15" VPOS="392" HPOS="290"/>
							<String ID="string_72" HPOS="305" VPOS="392" WIDTH="117" HEIGHT="28" WC="0.92" CONTENT="föreslagna"/><SP WIDTH="16" VPOS="392" HPOS="422"/>
							<String ID="string_73" HPOS="438" VPOS="393" WIDTH="131" HEIGHT="27" WC="0.91" CONTENT="stadgandet,"/><SP WIDTH="16" VPOS="393" HPOS="569"/>
							<String ID="string_74" HPOS="585" VPOS="400" WIDTH="50" HEIGHT="14" WC="0.96" CONTENT="men"/><SP WIDTH="15" VPOS="400" HPOS="635"/>
							<String ID="string_75" HPOS="650" VPOS="393" WIDTH="69" HEIGHT="21" WC="0.96" CONTENT="skulle"/><SP WIDTH="16" VPOS="393" HPOS="719"/>
							<String ID="string_76" HPOS="735" VPOS="393" WIDTH="27" HEIGHT="21" WC="0.96" CONTENT="då"/><SP WIDTH="15" VPOS="393" HPOS="762"/>
							<String ID="string_77" HPOS="777" VPOS="393" WIDTH="46" HEIGHT="21" WC="0.96" CONTENT="icke"/><SP WIDTH="11" VPOS="393" HPOS="823"/>
							<String ID="string_78" HPOS="834" VPOS="393" WIDTH="67" HEIGHT="21" WC="0.96" CONTENT="häller"/><SP WIDTH="10" VPOS="393" HPOS="901"/>
							<String ID="string_79" HPOS="911" VPOS="392" WIDTH="49" HEIGHT="28" WC="0.93" CONTENT="vilja"/><SP WIDTH="10" VPOS="392" HPOS="960"/>
							<String ID="string_80" HPOS="970" VPOS="393" WIDTH="58" HEIGHT="21" WC="0.92" CONTENT="med-"/>
						</TextLine>
						<TextLine ID="line_8" HPOS="200" VPOS="420" WIDTH="827" HEIGHT="28">
							<String ID="string_81" HPOS="200" VPOS="420" WIDTH="58" HEIGHT="27" WC="0.96" CONTENT="gifva"/><SP WIDTH="16" VPOS="420" HPOS="258"/>
							<String ID="string_82" HPOS="274" VPOS="420" WIDTH="116" HEIGHT="28" WC="0.93" CONTENT="någonting"/><SP WIDTH="18" VPOS="420" HPOS="390"/>
							<String ID="string_83" HPOS="408" VPOS="421" WIDTH="122" HEIGHT="21" WC="0.92" CONTENT="därutöfver"/><SP WIDTH="15" VPOS="421" HPOS="530"/>
							<String ID="string_84" HPOS="545" VPOS="422" WIDTH="7" HEIGHT="20" WC="0.96" CONTENT="i"/><SP WIDTH="19" VPOS="422" HPOS="552"/>
							<String ID="string_85" HPOS="571" VPOS="424" WIDTH="85" HEIGHT="18" WC="0.96" CONTENT="motsatt"/><SP WIDTH="21" VPOS="424" HPOS="656"/>
							<String ID="string_86" HPOS="677" VPOS="422" WIDTH="93" HEIGHT="26" WC="0.96" CONTENT="riktning"/><SP WIDTH="15" VPOS="422" HPOS="770"/>
							<String ID="string_87" HPOS="785" VPOS="422" WIDTH="39" HEIGHT="20" WC="0.96" CONTENT="och"/><SP WIDTH="16" VPOS="422" HPOS="824"/>
							<String ID="string_88" HPOS="840" VPOS="422" WIDTH="40" HEIGHT="20" WC="0.96" CONTENT="kan"/><SP WIDTH="17" VPOS="422" HPOS="880"/>
							<String ID="string_89" HPOS="897" VPOS="421" WIDTH="70" HEIGHT="21" WC="0.96" CONTENT="därför"/><SP WIDTH="14" VPOS="421" HPOS="967"/>
							<String ID="string_90" HPOS="981" VPOS="421" WIDTH="46" HEIGHT="21" WC="0.96" CONTENT="icke"/>
						</TextLine>
						<TextLine ID="line_9" HPOS="200" VPOS="449" WIDTH="827" HEIGHT="28">
							<String ID="string_91" HPOS="200" VPOS="449" WIDTH="68" HEIGHT="21" WC="0.93" CONTENT="häller"/><SP WIDTH="15" VPOS="449" HPOS="268"/>
							<String ID="string_92" HPOS="283" VPOS="450" WIDTH="113" HEIGHT="21" WC="0.91" CONTENT="medvärka"/><SP WIDTH="16" VPOS="450" HPOS="396"/>
							<String ID="string_93" HPOS="412" VPOS="450" WIDTH="31" HEIGHT="21" WC="0.95" CONTENT="till"/><SP WIDTH="16" VPOS="450" HPOS="443"/>
							<String ID="string_94" HPOS="459" VPOS="450" WIDTH="35" HEIGHT="21" WC="0.95" CONTENT="det"/><SP WIDTH="16" VPOS="450" HPOS="494"/>
							<String ID="string_95" HPOS="510" VPOS="450" WIDTH="21" HEIGHT="21" WC="0.96" CONTENT="af"/><SP WIDTH="15" VPOS="450" HPOS="531"/>
							<String ID="string_96" HPOS="546" VPOS="450" WIDTH="25" HEIGHT="21" WC="0.92" CONTENT="hr"/><SP WIDTH="15" VPOS="450" HPOS="571"/>
							<String ID="string_97" HPOS="586" VPOS="450" WIDTH="99" HEIGHT="21" WC="0.91" CONTENT="Stenroth"/><SP WIDTH="15" VPOS="450" HPOS="685"/>
							<String ID="string_98" HPOS="700" VPOS="450" WIDTH="74" HEIGHT="27" WC="0.96" CONTENT="gjorda"/><SP WIDTH="8" VPOS="450" HPOS="774"/>
							<String ID="string_99" HPOS="782" VPOS="450" WIDTH="105" HEIGHT="27" WC="0.96" CONTENT="förslaget."/><SP WIDTH="16" VPOS="450" HPOS="887"/>
							<String ID="string_100" HPOS="903" VPOS="449" WIDTH="42" HEIGHT="22" WC="0.96" CONTENT="Det"/><SP WIDTH="10" VPOS="449" HPOS="945"/>
							<String ID="string_101" HPOS="955" VPOS="450" WIDTH="72" HEIGHT="27" WC="0.96" CONTENT="tyckes"/>
						</TextLine>
						<TextLine ID="line_10" HPOS="199" VPOS="478" WIDTH="829" HEIGHT="28">
							<String ID="string_102" HPOS="199" VPOS="478" WIDTH="45" HEIGHT="27" WC="0.96" CONTENT="mig"/><SP WIDTH="23" VPOS="478" HPOS="244"/>
							<String ID="string_103" HPOS="267" VPOS="480" WIDTH="27" HEIGHT="19" WC="0.96" CONTENT="att"/><SP WIDTH="25" VPOS="480" HPOS="294"/>
							<String ID="string_104" HPOS="319" VPOS="478" WIDTH="35" HEIGHT="21" WC="0.96" CONTENT="det"/><SP WIDTH="20" VPOS="478" HPOS="354"/>
							<String ID="string_105" HPOS="374" VPOS="479" WIDTH="75" HEIGHT="24" WC="0.96" CONTENT="inkast,"/><SP WIDTH="16" VPOS="479" HPOS="449"/>
							<String ID="string_106" HPOS="465" VPOS="485" WIDTH="45" HEIGHT="15" WC="0.96" CONTENT="som"/><SP WIDTH="22" VPOS="485" HPOS="510"/>
							<String ID="string_107" HPOS="532" VPOS="479" WIDTH="26" HEIGHT="20" WC="0.90" CONTENT="hr"/><SP WIDTH="14" VPOS="479" HPOS="558"/>
							<String ID="string_108" HPOS="572" VPOS="479" WIDTH="99" HEIGHT="21" WC="0.90" CONTENT="Stenroth"/><SP WIDTH="15" VPOS="479" HPOS="671"/>
							<String ID="string_109" HPOS="686" VPOS="479" WIDTH="79" HEIGHT="26" WC="0.96" CONTENT="gjorde,"/><SP WIDTH="16" VPOS="479" HPOS="765"/>
							<String ID="string_110" HPOS="781" VPOS="481" WIDTH="23" HEIGHT="18" WC="0.96" CONTENT="är"/><SP WIDTH="15" VPOS="481" HPOS="804"/>
							<String ID="string_111" HPOS="819" VPOS="479" WIDTH="121" HEIGHT="27" WC="0.93" CONTENT="tillräckligt"/><SP WIDTH="14" VPOS="479" HPOS="940"/>
							<String ID="string_112" HPOS="954" VPOS="479" WIDTH="74" HEIGHT="20" WC="0.91" CONTENT="veder-"/>
						</TextLine>
						<TextLine ID="line_11" HPOS="198" VPOS="506" WIDTH="829" HEIGHT="29">
							<String ID="string_113" HPOS="198" VPOS="506" WIDTH="61" HEIGHT="27" WC="0.92" CONTENT="lagdt"/><SP WIDTH="15" VPOS="506" HPOS="259"/>
							<String ID="string_114" HPOS="274" VPOS="507" WIDTH="86" HEIGHT="21" WC="0.96" CONTENT="därmed"/><SP WIDTH="15" VPOS="507" HPOS="360"/>
							<String ID="string_115" HPOS="375" VPOS="509" WIDTH="30" HEIGHT="19" WC="0.96" CONTENT="att"/><SP WIDTH="15" VPOS="509" HPOS="405"/>
							<String ID="string_116" HPOS="420" VPOS="507" WIDTH="66" HEIGHT="22" WC="0.96" CONTENT="första"/><SP WIDTH="14" VPOS="507" HPOS="486"/>
							<String ID="string_117" HPOS="500" VPOS="510" WIDTH="117" HEIGHT="19" WC="0.96" CONTENT="momentet"/><SP WIDTH="15" VPOS="510" HPOS="617"/>
							<String ID="string_118" HPOS="632" VPOS="508" WIDTH="7" HEIGHT="20" WC="0.93" CONTENT="i"/><SP WIDTH="16" VPOS="508" HPOS="639"/>
							<String ID="string_119" HPOS="655" VPOS="508" WIDTH="12" HEIGHT="27" WC="0.44" CONTENT="$"/><SP WIDTH="12" VPOS="508" HPOS="667"/>
							<String ID="string_120" HPOS="679" VPOS="508" WIDTH="26" HEIGHT="20" WC="0.96" CONTENT="26"/><SP WIDTH="11" VPOS="508" HPOS="705"/>
							<String ID="string_121" HPOS="716" VPOS="510" WIDTH="61" HEIGHT="25" WC="0.96" CONTENT="säger"/><SP WIDTH="11" VPOS="510" HPOS="777"/>
							<String ID="string_122" HPOS="788" VPOS="509" WIDTH="29" HEIGHT="20" WC="0.96" CONTENT="att"/><SP WIDTH="10" VPOS="509" HPOS="817"/>
							<String ID="string_123" HPOS="827" VPOS="507" WIDTH="26" HEIGHT="28" WC="0.97" CONTENT="på"/><SP WIDTH="12" VPOS="507" HPOS="853"/>
							<String ID="string_124" HPOS="865" VPOS="507" WIDTH="162" HEIGHT="28" WC="0.96" CONTENT="bolagsstämma"/>
						</TextLine>
						<TextLine ID="line_12" HPOS="199" VPOS="535" WIDTH="828" HEIGHT="28">
							<String ID="string_125" HPOS="199" VPOS="535" WIDTH="125" HEIGHT="21" WC="0.91" CONTENT="ankommer"/><SP WIDTH="15" VPOS="535" HPOS="324"/>
							<String ID="string_126" HPOS="339" VPOS="538" WIDTH="29" HEIGHT="19" WC="0.93" CONTENT="att"/><SP WIDTH="15" VPOS="538" HPOS="368"/>
							<String ID="string_127" HPOS="383" VPOS="536" WIDTH="102" HEIGHT="21" WC="0.92" CONTENT="fastställa"/><SP WIDTH="17" VPOS="536" HPOS="485"/>
							<String ID="string_128" HPOS="502" VPOS="536" WIDTH="107" HEIGHT="21" WC="0.92" CONTENT="bokslutet"/><SP WIDTH="15" VPOS="536" HPOS="609"/>
							<String ID="string_129" HPOS="624" VPOS="537" WIDTH="33" HEIGHT="20" WC="0.93" CONTENT="för"/><SP WIDTH="11" VPOS="537" HPOS="657"/>
							<String ID="string_130" HPOS="668" VPOS="536" WIDTH="127" HEIGHT="27" WC="0.92" CONTENT="föregäende"/><SP WIDTH="11" VPOS="536" HPOS="795"/>
							<String ID="string_131" HPOS="806" VPOS="536" WIDTH="173" HEIGHT="21" WC="0.92" CONTENT="värksamhetsär."/><SP WIDTH="15" VPOS="536" HPOS="979"/>
							<String ID="string_132" HPOS="994" VPOS="535" WIDTH="33" HEIGHT="22" WC="0.93" CONTENT="Dä"/>
						</TextLine>
						<TextLine ID="line_13" HPOS="198" VPOS="563" WIDTH="829" HEIGHT="29">
							<String ID="string_133" HPOS="198" VPOS="563" WIDTH="178" HEIGHT="26" WC="0.96" CONTENT="bolagsstämman"/><SP WIDTH="25" VPOS="563" HPOS="376"/>
							<String ID="string_134" HPOS="401" VPOS="565" WIDTH="37" HEIGHT="20" WC="0.95" CONTENT="har"/><SP WIDTH="23" VPOS="565" HPOS="438"/>
							<String ID="string_135" HPOS="461" VPOS="565" WIDTH="70" HEIGHT="20" WC="0.91" CONTENT="denna"/><SP WIDTH="21" VPOS="565" HPOS="531"/>
							<String ID="string_136" HPOS="552" VPOS="565" WIDTH="58" HEIGHT="20" WC="0.96" CONTENT="makt"/><SP WIDTH="15" VPOS="565" HPOS="610"/>
							<String ID="string_137" HPOS="625" VPOS="565" WIDTH="7" HEIGHT="20" WC="0.95" CONTENT="i"/><SP WIDTH="15" VPOS="565" HPOS="632"/>
							<String ID="string_138" HPOS="647" VPOS="565" WIDTH="33" HEIGHT="20" WC="0.96" CONTENT="sin"/><SP WIDTH="22" VPOS="565" HPOS="680"/>
							<String ID="string_139" HPOS="702" VPOS="565" WIDTH="62" HEIGHT="26" WC="0.96" CONTENT="hand,"/><SP WIDTH="23" VPOS="565" HPOS="764"/>
							<String ID="string_140" HPOS="787" VPOS="565" WIDTH="22" HEIGHT="20" WC="0.93" CONTENT="sä"/><SP WIDTH="16" VPOS="565" HPOS="809"/>
							<String ID="string_141" HPOS="825" VPOS="565" WIDTH="66" HEIGHT="20" WC="0.96" CONTENT="måste"/><SP WIDTH="15" VPOS="565" HPOS="891"/>
							<String ID="string_142" HPOS="906" VPOS="565" WIDTH="23" HEIGHT="26" WC="0.93" CONTENT="ju"/><SP WIDTH="16" VPOS="565" HPOS="929"/>
							<String ID="string_143" HPOS="945" VPOS="565" WIDTH="82" HEIGHT="27" WC="0.91" CONTENT="bolags-"/>
						</TextLine>
						<TextLine ID="line_14" HPOS="198" VPOS="593" WIDTH="829" HEIGHT="28">
							<String ID="string_144" HPOS="198" VPOS="594" WIDTH="93" HEIGHT="19" WC="0.96" CONTENT="männen"/><SP WIDTH="23" VPOS="594" HPOS="291"/>
							<String ID="string_145" HPOS="314" VPOS="593" WIDTH="90" HEIGHT="21" WC="0.96" CONTENT="sålunda"/><SP WIDTH="22" VPOS="593" HPOS="404"/>
							<String ID="string_146" HPOS="426" VPOS="594" WIDTH="72" HEIGHT="20" WC="0.94" CONTENT="kunna"/><SP WIDTH="23" VPOS="594" HPOS="498"/>
							<String ID="string_147" HPOS="521" VPOS="593" WIDTH="109" HEIGHT="21" WC="0.94" CONTENT="förhindra"/><SP WIDTH="23" VPOS="593" HPOS="630"/>
							<String ID="string_148" HPOS="653" VPOS="595" WIDTH="30" HEIGHT="20" WC="0.96" CONTENT="att"/><SP WIDTH="23" VPOS="595" HPOS="683"/>
							<String ID="string_149" HPOS="706" VPOS="600" WIDTH="26" HEIGHT="14" WC="0.95" CONTENT="en"/><SP WIDTH="21" VPOS="600" HPOS="732"/>
							<String ID="string_150" HPOS="753" VPOS="593" WIDTH="110" HEIGHT="27" WC="0.95" CONTENT="direktion,"/><SP WIDTH="20" VPOS="593" HPOS="863"/>
							<String ID="string_151" HPOS="883" VPOS="599" WIDTH="76" HEIGHT="22" WC="0.93" CONTENT="genom"/><SP WIDTH="15" VPOS="599" HPOS="959"/>
							<String ID="string_152" HPOS="974" VPOS="599" WIDTH="53" HEIGHT="22" WC="0.91" CONTENT="upp-"/>
						</TextLine>
						<TextLine ID="line_15" HPOS="198" VPOS="621" WIDTH="828" HEIGHT="28">
							<String ID="string_153" HPOS="198" VPOS="621" WIDTH="94" HEIGHT="26" WC="0.91" CONTENT="görande"/><SP WIDTH="15" VPOS="621" HPOS="292"/>
							<String ID="string_154" HPOS="307" VPOS="621" WIDTH="22" HEIGHT="21" WC="0.96" CONTENT="af"/><SP WIDTH="15" VPOS="621" HPOS="329"/>
							<String ID="string_155" HPOS="344" VPOS="624" WIDTH="28" HEIGHT="19" WC="0.93" CONTENT="ett"/><SP WIDTH="16" VPOS="624" HPOS="372"/>
							<String ID="string_156" HPOS="388" VPOS="622" WIDTH="62" HEIGHT="21" WC="0.92" CONTENT="altför"/><SP WIDTH="15" VPOS="622" HPOS="450"/>
							<String ID="string_157" HPOS="465" VPOS="622" WIDTH="132" HEIGHT="27" WC="0.92" CONTENT="sangviniskt"/><SP WIDTH="16" VPOS="622" HPOS="597"/>
							<String ID="string_158" HPOS="613" VPOS="622" WIDTH="90" HEIGHT="25" WC="0.95" CONTENT="bokslut,"/><SP WIDTH="16" VPOS="622" HPOS="703"/>
							<String ID="string_159" HPOS="719" VPOS="622" WIDTH="120" HEIGHT="21" WC="0.95" CONTENT="föranleder"/><SP WIDTH="15" VPOS="622" HPOS="839"/>
							<String ID="string_160" HPOS="854" VPOS="622" WIDTH="32" HEIGHT="21" WC="0.93" CONTENT="till"/><SP WIDTH="16" VPOS="622" HPOS="886"/>
							<String ID="string_161" HPOS="902" VPOS="622" WIDTH="124" HEIGHT="21" WC="0.92" CONTENT="vinstutdel-"/>
						</TextLine>
						<TextLine ID="line_16" HPOS="198" VPOS="649" WIDTH="828" HEIGHT="29">
							<String ID="string_162" HPOS="198" VPOS="649" WIDTH="82" HEIGHT="28" WC="0.96" CONTENT="ningar,"/><SP WIDTH="23" VPOS="649" HPOS="280"/>
							<String ID="string_163" HPOS="303" VPOS="650" WIDTH="70" HEIGHT="21" WC="0.96" CONTENT="hvilka"/><SP WIDTH="23" VPOS="650" HPOS="373"/>
							<String ID="string_164" HPOS="396" VPOS="651" WIDTH="119" HEIGHT="27" WC="0.96" CONTENT="egentligen"/><SP WIDTH="24" VPOS="651" HPOS="515"/>
							<String ID="string_165" HPOS="539" VPOS="651" WIDTH="46" HEIGHT="20" WC="0.96" CONTENT="icke"/><SP WIDTH="23" VPOS="651" HPOS="585"/>
							<String ID="string_166" HPOS="608" VPOS="651" WIDTH="69" HEIGHT="21" WC="0.95" CONTENT="skulle"/><SP WIDTH="24" VPOS="651" HPOS="677"/>
							<String ID="string_167" HPOS="701" VPOS="651" WIDTH="112" HEIGHT="20" WC="0.95" CONTENT="motiveras"/><SP WIDTH="23" VPOS="651" HPOS="813"/>
							<String ID="string_168" HPOS="836" VPOS="651" WIDTH="21" HEIGHT="20" WC="0.96" CONTENT="af"/><SP WIDTH="22" VPOS="651" HPOS="857"/>
							<String ID="string_169" HPOS="879" VPOS="651" WIDTH="36" HEIGHT="20" WC="0.93" CONTENT="det"/><SP WIDTH="17" VPOS="651" HPOS="915"/>
							<String ID="string_170" HPOS="932" VPOS="650" WIDTH="94" HEIGHT="27" WC="0.89" CONTENT="värkliga"/>
						</TextLine>
						<TextLine ID="line_17" HPOS="197" VPOS="677" WIDTH="150" HEIGHT="22">
							<String ID="string_171" HPOS="197" VPOS="677" WIDTH="150" HEIGHT="22" WC="0.96" CONTENT="årsresultatet."/>
						</TextLine>
					</TextBlock>
				</ComposedBlock>
				<ComposedBlock ID="cblock_4" HPOS="266" VPOS="741" WIDTH="541" HEIGHT="28">
					<TextBlock ID="block_2" HPOS="266" VPOS="741" WIDTH="541" HEIGHT="28">
						<TextLine ID="line_18" HPOS="266" VPOS="741" WIDTH="541" HEIGHT="28">
							<String ID="string_172" HPOS="266" VPOS="741" WIDTH="33" HEIGHT="20" WC="0.96" CONTENT="Hr"/><SP WIDTH="14" VPOS="741" HPOS="299"/>
							<String ID="string_173" HPOS="313" VPOS="741" WIDTH="108" HEIGHT="21" WC="0.95" CONTENT="Kurtén"/><SP WIDTH="16" VPOS="741" HPOS="421"/>
							<String ID="string_174" HPOS="437" VPOS="742" WIDTH="100" HEIGHT="21" WC="0.95" CONTENT="förenade"/><SP WIDTH="15" VPOS="742" HPOS="537"/>
							<String ID="string_175" HPOS="552" VPOS="742" WIDTH="32" HEIGHT="27" WC="0.96" CONTENT="sig"/><SP WIDTH="15" VPOS="742" HPOS="584"/>
							<String ID="string_176" HPOS="599" VPOS="742" WIDTH="48" HEIGHT="21" WC="0.96" CONTENT="med"/><SP WIDTH="17" VPOS="742" HPOS="647"/>
							<String ID="string_177" HPOS="664" VPOS="742" WIDTH="24" HEIGHT="20" WC="0.93" CONTENT="hr"/><SP WIDTH="15" VPOS="742" HPOS="688"/>
							<String ID="string_178" HPOS="703" VPOS="742" WIDTH="104" HEIGHT="21" WC="0.91" CONTENT="Stenroth."/>
						</TextLine>
					</TextBlock>
				</ComposedBlock>
				<ComposedBlock ID="cblock_5" HPOS="194" VPOS="803" WIDTH="831" HEIGHT="58">
					<TextBlock ID="block_3" HPOS="194" VPOS="803" WIDTH="831" HEIGHT="58">
						<TextLine ID="line_19" HPOS="266" VPOS="803" WIDTH="759" HEIGHT="28">
							<String ID="string_179" HPOS="266" VPOS="803" WIDTH="32" HEIGHT="21" WC="0.96" CONTENT="Hr"/><SP WIDTH="22" VPOS="803" HPOS="298"/>
							<String ID="string_180" HPOS="320" VPOS="804" WIDTH="122" HEIGHT="21" WC="0.93" CONTENT="talmannen"/><SP WIDTH="23" VPOS="804" HPOS="442"/>
							<String ID="string_181" HPOS="465" VPOS="805" WIDTH="122" HEIGHT="21" WC="0.91" CONTENT="framstälde"/><SP WIDTH="21" VPOS="805" HPOS="587"/>
							<String ID="string_182" HPOS="608" VPOS="804" WIDTH="51" HEIGHT="21" WC="0.93" CONTENT="härå"/><SP WIDTH="20" VPOS="804" HPOS="659"/>
							<String ID="string_183" HPOS="679" VPOS="805" WIDTH="31" HEIGHT="20" WC="0.96" CONTENT="till"/><SP WIDTH="21" VPOS="805" HPOS="710"/>
							<String ID="string_184" HPOS="731" VPOS="805" WIDTH="52" HEIGHT="20" WC="0.96" CONTENT="först"/><SP WIDTH="22" VPOS="805" HPOS="783"/>
							<String ID="string_185" HPOS="805" VPOS="805" WIDTH="7" HEIGHT="20" WC="0.96" CONTENT="i"/><SP WIDTH="21" VPOS="805" HPOS="812"/>
							<String ID="string_186" HPOS="833" VPOS="804" WIDTH="116" HEIGHT="27" WC="0.96" CONTENT="anledning"/><SP WIDTH="14" VPOS="804" HPOS="949"/>
							<String ID="string_187" HPOS="963" VPOS="804" WIDTH="22" HEIGHT="21" WC="0.95" CONTENT="af"/><SP WIDTH="14" VPOS="804" HPOS="985"/>
							<String ID="string_188" HPOS="999" VPOS="804" WIDTH="26" HEIGHT="20" WC="0.96" CONTENT="hr"/>
						</TextLine>
						<TextLine ID="line_20" HPOS="194" VPOS="831" WIDTH="778" HEIGHT="30">
							<String ID="string_189" HPOS="194" VPOS="831" WIDTH="112" HEIGHT="22" WC="0.92" CONTENT="Stenroths"/><SP WIDTH="15" VPOS="831" HPOS="306"/>
							<String ID="string_190" HPOS="321" VPOS="833" WIDTH="181" HEIGHT="28" WC="0.90" CONTENT="ändringsförslag"/><SP WIDTH="15" VPOS="833" HPOS="502"/>
							<String ID="string_191" HPOS="517" VPOS="833" WIDTH="158" HEIGHT="21" WC="0.93" CONTENT="nedanstående"/><SP WIDTH="16" VPOS="833" HPOS="675"/>
							<String ID="string_192" HPOS="691" VPOS="833" WIDTH="281" HEIGHT="27" WC="0.91" CONTENT="omröstningsproposition:"/>
						</TextLine>
					</TextBlock>
				</ComposedBlock>
				<ComposedBlock ID="cblock_6" HPOS="192" VPOS="894" WIDTH="832" HEIGHT="144">
					<TextBlock ID="block_4" HPOS="192" VPOS="894" WIDTH="832" HEIGHT="86">
						<TextLine ID="line_21" HPOS="264" VPOS="894" WIDTH="760" HEIGHT="29">
							<String ID="string_193" HPOS="264" VPOS="894" WIDTH="40" HEIGHT="28" WC="0.96" CONTENT="De,"/><SP WIDTH="15" VPOS="894" HPOS="304"/>
							<String ID="string_194" HPOS="319" VPOS="895" WIDTH="74" HEIGHT="21" WC="0.96" CONTENT="hvilka"/><SP WIDTH="13" VPOS="895" HPOS="393"/>
							<String ID="string_195" HPOS="406" VPOS="896" WIDTH="118" HEIGHT="27" WC="0.96" CONTENT="godkänna"/><SP WIDTH="14" VPOS="896" HPOS="524"/>
							<String ID="string_196" HPOS="538" VPOS="896" WIDTH="113" HEIGHT="21" WC="0.96" CONTENT="utskottets"/><SP WIDTH="14" VPOS="896" HPOS="651"/>
							<String ID="string_197" HPOS="665" VPOS="896" WIDTH="84" HEIGHT="27" WC="0.96" CONTENT="förslag"/><SP WIDTH="16" VPOS="896" HPOS="749"/>
							<String ID="string_198" HPOS="765" VPOS="896" WIDTH="35" HEIGHT="20" WC="0.96" CONTENT="till"/><SP WIDTH="15" VPOS="896" HPOS="800"/>
							<String ID="string_199" HPOS="815" VPOS="896" WIDTH="79" HEIGHT="26" WC="0.96" CONTENT="lydelse"/><SP WIDTH="15" VPOS="896" HPOS="894"/>
							<String ID="string_200" HPOS="909" VPOS="895" WIDTH="36" HEIGHT="27" WC="0.93" CONTENT="för"/><SP WIDTH="16" VPOS="895" HPOS="945"/>
							<String ID="string_201" HPOS="961" VPOS="895" WIDTH="15" HEIGHT="27" WC="0.93" CONTENT="$"/><SP WIDTH="16" VPOS="895" HPOS="976"/>
							<String ID="string_202" HPOS="992" VPOS="896" WIDTH="32" HEIGHT="20" WC="0.96" CONTENT="22"/>
						</TextLine>
						<TextLine ID="line_22" HPOS="194" VPOS="923" WIDTH="829" HEIGHT="29">
							<String ID="string_203" HPOS="194" VPOS="923" WIDTH="10" HEIGHT="20" WC="0.83" CONTENT="i"/><SP WIDTH="14" VPOS="923" HPOS="204"/>
							<String ID="string_204" HPOS="218" VPOS="924" WIDTH="36" HEIGHT="20" WC="0.96" CONTENT="det"/><SP WIDTH="14" VPOS="924" HPOS="254"/>
							<String ID="string_205" HPOS="268" VPOS="923" WIDTH="29" HEIGHT="27" WC="0.96" CONTENT="af"/><SP WIDTH="11" VPOS="923" HPOS="297"/>
							<String ID="string_206" HPOS="308" VPOS="924" WIDTH="27" HEIGHT="20" WC="0.94" CONTENT="hr"/><SP WIDTH="20" VPOS="924" HPOS="335"/>
							<String ID="string_207" HPOS="355" VPOS="923" WIDTH="102" HEIGHT="22" WC="0.93" CONTENT="Stenroth"/><SP WIDTH="23" VPOS="923" HPOS="457"/>
							<String ID="string_208" HPOS="480" VPOS="925" WIDTH="117" HEIGHT="20" WC="0.92" CONTENT="anmärkta"/><SP WIDTH="23" VPOS="925" HPOS="597"/>
							<String ID="string_209" HPOS="620" VPOS="924" WIDTH="107" HEIGHT="28" WC="0.95" CONTENT="afseende,"/><SP WIDTH="20" VPOS="924" HPOS="727"/>
							<String ID="string_210" HPOS="747" VPOS="926" WIDTH="60" HEIGHT="19" WC="0.96" CONTENT="rösta"/><SP WIDTH="10" VPOS="926" HPOS="807"/>
							<String ID="string_211" HPOS="817" VPOS="924" WIDTH="42" HEIGHT="28" WC="0.95" CONTENT="ja;"/><SP WIDTH="24" VPOS="924" HPOS="859"/>
							<String ID="string_212" HPOS="883" VPOS="924" WIDTH="30" HEIGHT="26" WC="0.96" CONTENT="de,"/><SP WIDTH="16" VPOS="924" HPOS="913"/>
							<String ID="string_213" HPOS="929" VPOS="924" WIDTH="35" HEIGHT="20" WC="0.96" CONTENT="det"/><SP WIDTH="14" VPOS="924" HPOS="964"/>
							<String ID="string_214" HPOS="978" VPOS="923" WIDTH="45" HEIGHT="21" WC="0.96" CONTENT="icke"/>
						</TextLine>
						<TextLine ID="line_23" HPOS="192" VPOS="952" WIDTH="719" HEIGHT="28">
							<String ID="string_215" HPOS="192" VPOS="954" WIDTH="64" HEIGHT="25" WC="0.96" CONTENT="göra,"/><SP WIDTH="16" VPOS="954" HPOS="256"/>
							<String ID="string_216" HPOS="272" VPOS="954" WIDTH="59" HEIGHT="19" WC="0.96" CONTENT="rösta"/><SP WIDTH="15" VPOS="954" HPOS="331"/>
							<String ID="string_217" HPOS="346" VPOS="952" WIDTH="50" HEIGHT="28" WC="0.95" CONTENT="nej;"/><SP WIDTH="504" VPOS="952" HPOS="396"/>
							<String ID="string_218" HPOS="900" VPOS="955" WIDTH="11" HEIGHT="11" WC="0.61" CONTENT="&gt;"/>
						</TextLine>
					</TextBlock>
					<TextBlock ID="block_5" HPOS="192" VPOS="980" WIDTH="831" HEIGHT="58">
						<TextLine ID="line_24" HPOS="264" VPOS="980" WIDTH="759" HEIGHT="29">
							<String ID="string_219" HPOS="264" VPOS="980" WIDTH="79" HEIGHT="22" WC="0.92" CONTENT="vinner"/><SP WIDTH="15" VPOS="980" HPOS="343"/>
							<String ID="string_220" HPOS="358" VPOS="981" WIDTH="42" HEIGHT="27" WC="0.94" CONTENT="nej,"/><SP WIDTH="16" VPOS="981" HPOS="400"/>
							<String ID="string_221" HPOS="416" VPOS="981" WIDTH="42" HEIGHT="21" WC="0.93" CONTENT="har"/><SP WIDTH="15" VPOS="981" HPOS="458"/>
							<String ID="string_222" HPOS="473" VPOS="981" WIDTH="176" HEIGHT="27" WC="0.92" CONTENT="borgareständet"/><SP WIDTH="14" VPOS="981" HPOS="649"/>
							<String ID="string_223" HPOS="663" VPOS="983" WIDTH="36" HEIGHT="26" WC="0.96" CONTENT="för"/><SP WIDTH="15" VPOS="983" HPOS="699"/>
							<String ID="string_224" HPOS="714" VPOS="982" WIDTH="90" HEIGHT="20" WC="0.93" CONTENT="berörda"/><SP WIDTH="12" VPOS="982" HPOS="804"/>
							<String ID="string_225" HPOS="816" VPOS="980" WIDTH="115" HEIGHT="28" WC="0.92" CONTENT="paragraf"/><SP WIDTH="6" VPOS="980" HPOS="931"/>
							<String ID="string_226" HPOS="937" VPOS="980" WIDTH="86" HEIGHT="28" WC="0.92" CONTENT="antagit"/>
						</TextLine>
						<TextLine ID="line_25" HPOS="192" VPOS="1009" WIDTH="435" HEIGHT="29">
							<String ID="string_227" HPOS="192" VPOS="1009" WIDTH="44" HEIGHT="21" WC="0.93" CONTENT="den"/><SP WIDTH="16" VPOS="1009" HPOS="236"/>
							<String ID="string_228" HPOS="252" VPOS="1009" WIDTH="79" HEIGHT="27" WC="0.96" CONTENT="lydelse"/><SP WIDTH="15" VPOS="1009" HPOS="331"/>
							<String ID="string_229" HPOS="346" VPOS="1009" WIDTH="27" HEIGHT="21" WC="0.94" CONTENT="hr"/><SP WIDTH="17" VPOS="1009" HPOS="373"/>
							<String ID="string_230" HPOS="390" VPOS="1010" WIDTH="102" HEIGHT="21" WC="0.93" CONTENT="Stenroth"/><SP WIDTH="15" VPOS="1010" HPOS="492"/>
							<String ID="string_231" HPOS="507" VPOS="1010" WIDTH="120" HEIGHT="28" WC="0.96" CONTENT="föreslagit."/>
						</TextLine>
					</TextBlock>
				</ComposedBlock>
				<ComposedBlock ID="cblock_7" HPOS="192" VPOS="1071" WIDTH="831" HEIGHT="57">
					<TextBlock ID="block_6" HPOS="192" VPOS="1071" WIDTH="831" HEIGHT="57">
						<TextLine ID="line_26" HPOS="263" VPOS="1071" WIDTH="760" HEIGHT="29">
							<String ID="string_232" HPOS="263" VPOS="1072" WIDTH="161" HEIGHT="27" WC="0.92" CONTENT="Propositionen"/><SP WIDTH="16" VPOS="1072" HPOS="424"/>
							<String ID="string_233" HPOS="440" VPOS="1072" WIDTH="126" HEIGHT="22" WC="0.92" CONTENT="besvarades"/><SP WIDTH="15" VPOS="1072" HPOS="566"/>
							<String ID="string_234" HPOS="581" VPOS="1073" WIDTH="50" HEIGHT="21" WC="0.93" CONTENT="med"/><SP WIDTH="10" VPOS="1073" HPOS="631"/>
							<String ID="string_235" HPOS="641" VPOS="1072" WIDTH="156" HEIGHT="28" WC="0.92" CONTENT="öfvervägande"/><SP WIDTH="10" VPOS="1072" HPOS="797"/>
							<String ID="string_236" HPOS="807" VPOS="1072" WIDTH="26" HEIGHT="27" WC="0.96" CONTENT="ja,"/><SP WIDTH="9" VPOS="1072" HPOS="833"/>
							<String ID="string_237" HPOS="842" VPOS="1072" WIDTH="32" HEIGHT="21" WC="0.95" CONTENT="till"/><SP WIDTH="11" VPOS="1072" HPOS="874"/>
							<String ID="string_238" HPOS="885" VPOS="1072" WIDTH="52" HEIGHT="27" WC="0.88" CONTENT="följd"/><SP WIDTH="11" VPOS="1072" HPOS="937"/>
							<String ID="string_239" HPOS="948" VPOS="1071" WIDTH="75" HEIGHT="21" WC="0.93" CONTENT="hvaraf"/>
						</TextLine>
						<TextLine ID="line_27" HPOS="192" VPOS="1100" WIDTH="749" HEIGHT="28">
							<String ID="string_240" HPOS="192" VPOS="1100" WIDTH="12" HEIGHT="26" WC="0.86" CONTENT="8"/><SP WIDTH="20" VPOS="1100" HPOS="204"/>
							<String ID="string_241" HPOS="224" VPOS="1100" WIDTH="26" HEIGHT="20" WC="0.93" CONTENT="22"/><SP WIDTH="17" VPOS="1100" HPOS="250"/>
							<String ID="string_242" HPOS="267" VPOS="1100" WIDTH="69" HEIGHT="22" WC="0.95" CONTENT="blifvit"/><SP WIDTH="16" VPOS="1100" HPOS="336"/>
							<String ID="string_243" HPOS="352" VPOS="1101" WIDTH="29" HEIGHT="21" WC="0.96" CONTENT="uti"/><SP WIDTH="16" VPOS="1101" HPOS="381"/>
							<String ID="string_244" HPOS="397" VPOS="1101" WIDTH="160" HEIGHT="27" WC="0.96" CONTENT="ifrågavarande"/><SP WIDTH="15" VPOS="1101" HPOS="557"/>
							<String ID="string_245" HPOS="572" VPOS="1102" WIDTH="122" HEIGHT="20" WC="0.96" CONTENT="hänseende"/><SP WIDTH="15" VPOS="1102" HPOS="694"/>
							<String ID="string_246" HPOS="709" VPOS="1102" WIDTH="22" HEIGHT="20" WC="0.93" CONTENT="af"/><SP WIDTH="15" VPOS="1102" HPOS="731"/>
							<String ID="string_247" HPOS="746" VPOS="1101" WIDTH="83" HEIGHT="21" WC="0.96" CONTENT="ståndet"/><SP WIDTH="16" VPOS="1101" HPOS="829"/>
							<String ID="string_248" HPOS="845" VPOS="1103" WIDTH="96" HEIGHT="25" WC="0.96" CONTENT="antagen."/>
						</TextLine>
					</TextBlock>
				</ComposedBlock>
				<ComposedBlock ID="cblock_8" HPOS="191" VPOS="1162" WIDTH="830" HEIGHT="58">
					<TextBlock ID="block_7" HPOS="191" VPOS="1162" WIDTH="830" HEIGHT="58">
						<TextLine ID="line_28" HPOS="261" VPOS="1162" WIDTH="760" HEIGHT="30">
							<String ID="string_249" HPOS="261" VPOS="1163" WIDTH="135" HEIGHT="21" WC="0.96" CONTENT="Beträffande"/><SP WIDTH="16" VPOS="1163" HPOS="396"/>
							<String ID="string_250" HPOS="412" VPOS="1164" WIDTH="64" HEIGHT="21" WC="0.96" CONTENT="sedan"/><SP WIDTH="17" VPOS="1164" HPOS="476"/>
							<String ID="string_251" HPOS="493" VPOS="1164" WIDTH="25" HEIGHT="20" WC="0.92" CONTENT="hr"/><SP WIDTH="18" VPOS="1164" HPOS="518"/>
							<String ID="string_252" HPOS="536" VPOS="1164" WIDTH="101" HEIGHT="21" WC="0.81" CONTENT="Jusölius&#39;"/><SP WIDTH="20" VPOS="1164" HPOS="637"/>
							<String ID="string_253" HPOS="657" VPOS="1164" WIDTH="180" HEIGHT="28" WC="0.91" CONTENT="ändringsförslag"/><SP WIDTH="15" VPOS="1164" HPOS="837"/>
							<String ID="string_254" HPOS="852" VPOS="1163" WIDTH="132" HEIGHT="21" WC="0.93" CONTENT="framstäldes"/><SP WIDTH="16" VPOS="1163" HPOS="984"/>
							<String ID="string_255" HPOS="1000" VPOS="1162" WIDTH="21" HEIGHT="21" WC="0.97" CONTENT="af"/>
						</TextLine>
						<TextLine ID="line_29" HPOS="191" VPOS="1190" WIDTH="657" HEIGHT="30">
							<String ID="string_256" HPOS="191" VPOS="1190" WIDTH="25" HEIGHT="21" WC="0.92" CONTENT="hr"/><SP WIDTH="16" VPOS="1190" HPOS="216"/>
							<String ID="string_257" HPOS="232" VPOS="1191" WIDTH="123" HEIGHT="21" WC="0.92" CONTENT="talmannen"/><SP WIDTH="17" VPOS="1191" HPOS="355"/>
							<String ID="string_258" HPOS="372" VPOS="1198" WIDTH="27" HEIGHT="15" WC="0.91" CONTENT="en"/><SP WIDTH="25" VPOS="1198" HPOS="399"/>
							<String ID="string_259" HPOS="424" VPOS="1193" WIDTH="272" HEIGHT="27" WC="0.89" CONTENT="omröstningsproposition"/><SP WIDTH="23" VPOS="1193" HPOS="696"/>
							<String ID="string_260" HPOS="719" VPOS="1192" WIDTH="129" HEIGHT="27" WC="0.91" CONTENT="sälydande"/><SP WIDTH="-11" VPOS="1192" HPOS="848"/>
							<String ID="string_261" HPOS="837" VPOS="1186" WIDTH="13" HEIGHT="39" WC="0.92" CONTENT=":"/>
						</TextLine>
					</TextBlock>
				</ComposedBlock>
				<ComposedBlock ID="cblock_9" HPOS="188" VPOS="1248" WIDTH="833" HEIGHT="114">
					<TextBlock ID="block_8" HPOS="190" VPOS="1248" WIDTH="831" HEIGHT="57">
						<TextLine ID="line_30" HPOS="262" VPOS="1248" WIDTH="759" HEIGHT="28">
							<String ID="string_262" HPOS="262" VPOS="1248" WIDTH="39" HEIGHT="27" WC="0.93" CONTENT="De,"/><SP WIDTH="16" VPOS="1248" HPOS="301"/>
							<String ID="string_263" HPOS="317" VPOS="1248" WIDTH="75" HEIGHT="21" WC="0.91" CONTENT="hvilka"/><SP WIDTH="13" VPOS="1248" HPOS="392"/>
							<String ID="string_264" HPOS="405" VPOS="1250" WIDTH="117" HEIGHT="26" WC="0.93" CONTENT="godkänna"/><SP WIDTH="15" VPOS="1250" HPOS="522"/>
							<String ID="string_265" HPOS="537" VPOS="1250" WIDTH="112" HEIGHT="20" WC="0.89" CONTENT="utskottets"/><SP WIDTH="15" VPOS="1250" HPOS="649"/>
							<String ID="string_266" HPOS="664" VPOS="1250" WIDTH="83" HEIGHT="26" WC="0.96" CONTENT="förslag"/><SP WIDTH="16" VPOS="1250" HPOS="747"/>
							<String ID="string_267" HPOS="763" VPOS="1249" WIDTH="36" HEIGHT="21" WC="0.93" CONTENT="till"/><SP WIDTH="15" VPOS="1249" HPOS="799"/>
							<String ID="string_268" HPOS="814" VPOS="1249" WIDTH="79" HEIGHT="27" WC="0.91" CONTENT="lydelse"/><SP WIDTH="15" VPOS="1249" HPOS="893"/>
							<String ID="string_269" HPOS="908" VPOS="1248" WIDTH="36" HEIGHT="28" WC="0.91" CONTENT="för"/><SP WIDTH="13" VPOS="1248" HPOS="944"/>
							<String ID="string_270" HPOS="957" VPOS="1248" WIDTH="16" HEIGHT="27" WC="0.91" CONTENT="$"/><SP WIDTH="16" VPOS="1248" HPOS="973"/>
							<String ID="string_271" HPOS="989" VPOS="1248" WIDTH="32" HEIGHT="20" WC="0.96" CONTENT="22"/>
						</TextLine>
						<TextLine ID="line_31" HPOS="190" VPOS="1276" WIDTH="645" HEIGHT="29">
							<String ID="string_272" HPOS="190" VPOS="1276" WIDTH="152" HEIGHT="27" WC="0.74" CONTENT="oförändradi,"/><SP WIDTH="16" VPOS="1276" HPOS="342"/>
							<String ID="string_273" HPOS="358" VPOS="1280" WIDTH="59" HEIGHT="18" WC="0.96" CONTENT="rösta"/><SP WIDTH="10" VPOS="1280" HPOS="417"/>
							<String ID="string_274" HPOS="427" VPOS="1278" WIDTH="40" HEIGHT="27" WC="0.96" CONTENT="ja;"/><SP WIDTH="16" VPOS="1278" HPOS="467"/>
							<String ID="string_275" HPOS="483" VPOS="1278" WIDTH="31" HEIGHT="26" WC="0.96" CONTENT="de,"/><SP WIDTH="16" VPOS="1278" HPOS="514"/>
							<String ID="string_276" HPOS="530" VPOS="1278" WIDTH="35" HEIGHT="21" WC="0.93" CONTENT="det"/><SP WIDTH="14" VPOS="1278" HPOS="565"/>
							<String ID="string_277" HPOS="579" VPOS="1278" WIDTH="44" HEIGHT="21" WC="0.96" CONTENT="icke"/><SP WIDTH="13" VPOS="1278" HPOS="623"/>
							<String ID="string_278" HPOS="636" VPOS="1280" WIDTH="60" HEIGHT="25" WC="0.93" CONTENT="göra,"/><SP WIDTH="17" VPOS="1280" HPOS="696"/>
							<String ID="string_279" HPOS="713" VPOS="1280" WIDTH="58" HEIGHT="18" WC="0.96" CONTENT="rösta"/><SP WIDTH="18" VPOS="1280" HPOS="771"/>
							<String ID="string_280" HPOS="789" VPOS="1278" WIDTH="46" HEIGHT="26" WC="0.95" CONTENT="nej;"/>
						</TextLine>
					</TextBlock>
					<TextBlock ID="block_9" HPOS="188" VPOS="1304" WIDTH="832" HEIGHT="58">
						<TextLine ID="line_32" HPOS="260" VPOS="1304" WIDTH="760" HEIGHT="30">
							<String ID="string_281" HPOS="260" VPOS="1305" WIDTH="80" HEIGHT="21" WC="0.96" CONTENT="vinner"/><SP WIDTH="14" VPOS="1305" HPOS="340"/>
							<String ID="string_282" HPOS="354" VPOS="1306" WIDTH="43" HEIGHT="27" WC="0.95" CONTENT="nej,"/><SP WIDTH="16" VPOS="1306" HPOS="397"/>
							<String ID="string_283" HPOS="413" VPOS="1306" WIDTH="42" HEIGHT="21" WC="0.93" CONTENT="har"/><SP WIDTH="15" VPOS="1306" HPOS="455"/>
							<String ID="string_284" HPOS="470" VPOS="1306" WIDTH="176" HEIGHT="28" WC="0.86" CONTENT="borgareständet"/><SP WIDTH="21" VPOS="1306" HPOS="646"/>
							<String ID="string_285" HPOS="667" VPOS="1306" WIDTH="34" HEIGHT="21" WC="0.96" CONTENT="uti"/><SP WIDTH="14" VPOS="1306" HPOS="701"/>
							<String ID="string_286" HPOS="715" VPOS="1306" WIDTH="74" HEIGHT="21" WC="0.93" CONTENT="denna"/><SP WIDTH="12" VPOS="1306" HPOS="789"/>
							<String ID="string_287" HPOS="801" VPOS="1305" WIDTH="114" HEIGHT="28" WC="0.96" CONTENT="paragraf"/><SP WIDTH="11" VPOS="1305" HPOS="915"/>
							<String ID="string_288" HPOS="926" VPOS="1304" WIDTH="94" HEIGHT="27" WC="0.96" CONTENT="vidtagit"/>
						</TextLine>
						<TextLine ID="line_33" HPOS="188" VPOS="1333" WIDTH="448" HEIGHT="29">
							<String ID="string_289" HPOS="188" VPOS="1333" WIDTH="44" HEIGHT="21" WC="0.96" CONTENT="den"/><SP WIDTH="15" VPOS="1333" HPOS="232"/>
							<String ID="string_290" HPOS="247" VPOS="1334" WIDTH="97" HEIGHT="28" WC="0.96" CONTENT="ändring"/><SP WIDTH="16" VPOS="1334" HPOS="344"/>
							<String ID="string_291" HPOS="360" VPOS="1334" WIDTH="28" HEIGHT="21" WC="0.96" CONTENT="hr"/><SP WIDTH="14" VPOS="1334" HPOS="388"/>
							<String ID="string_292" HPOS="402" VPOS="1334" WIDTH="99" HEIGHT="22" WC="0.71" CONTENT="Juselius"/><SP WIDTH="14" VPOS="1334" HPOS="501"/>
							<String ID="string_293" HPOS="515" VPOS="1335" WIDTH="121" HEIGHT="27" WC="0.96" CONTENT="föreslagit."/>
						</TextLine>
					</TextBlock>
				</ComposedBlock>
				<ComposedBlock ID="cblock_10" HPOS="189" VPOS="1386" WIDTH="830" HEIGHT="61">
					<TextBlock ID="block_10" HPOS="189" VPOS="1386" WIDTH="830" HEIGHT="61">
						<TextLine ID="line_34" HPOS="259" VPOS="1386" WIDTH="760" HEIGHT="33">
							<String ID="string_294" HPOS="259" VPOS="1386" WIDTH="71" HEIGHT="26" WC="0.90" CONTENT="Äfven"/><SP WIDTH="16" VPOS="1386" HPOS="330"/>
							<String ID="string_295" HPOS="346" VPOS="1391" WIDTH="70" HEIGHT="21" WC="0.96" CONTENT="denna"/><SP WIDTH="15" VPOS="1391" HPOS="416"/>
							<String ID="string_296" HPOS="431" VPOS="1392" WIDTH="129" HEIGHT="27" WC="0.93" CONTENT="proposition"/><SP WIDTH="16" VPOS="1392" HPOS="560"/>
							<String ID="string_297" HPOS="576" VPOS="1392" WIDTH="127" HEIGHT="20" WC="0.91" CONTENT="besvarades"/><SP WIDTH="9" VPOS="1392" HPOS="703"/>
							<String ID="string_298" HPOS="712" VPOS="1392" WIDTH="47" HEIGHT="20" WC="0.93" CONTENT="med"/><SP WIDTH="14" VPOS="1392" HPOS="759"/>
							<String ID="string_299" HPOS="773" VPOS="1390" WIDTH="156" HEIGHT="28" WC="0.91" CONTENT="öfvervägande"/><SP WIDTH="10" VPOS="1390" HPOS="929"/>
							<String ID="string_300" HPOS="939" VPOS="1390" WIDTH="26" HEIGHT="27" WC="0.96" CONTENT="ja,"/><SP WIDTH="14" VPOS="1390" HPOS="965"/>
							<String ID="string_301" HPOS="979" VPOS="1390" WIDTH="40" HEIGHT="20" WC="0.96" CONTENT="och"/>
						</TextLine>
						<TextLine ID="line_35" HPOS="189" VPOS="1418" WIDTH="704" HEIGHT="29">
							<String ID="string_302" HPOS="189" VPOS="1425" WIDTH="39" HEIGHT="14" WC="0.93" CONTENT="var"/><SP WIDTH="14" VPOS="1425" HPOS="228"/>
							<String ID="string_303" HPOS="242" VPOS="1418" WIDTH="83" HEIGHT="22" WC="0.91" CONTENT="säledes"/><SP WIDTH="15" VPOS="1418" HPOS="325"/>
							<String ID="string_304" HPOS="340" VPOS="1420" WIDTH="125" HEIGHT="27" WC="0.92" CONTENT="paragrafen"/><SP WIDTH="16" VPOS="1420" HPOS="465"/>
							<String ID="string_305" HPOS="481" VPOS="1420" WIDTH="7" HEIGHT="20" WC="0.96" CONTENT="i"/><SP WIDTH="16" VPOS="1420" HPOS="488"/>
							<String ID="string_306" HPOS="504" VPOS="1420" WIDTH="48" HEIGHT="21" WC="0.93" CONTENT="dess"/><SP WIDTH="15" VPOS="1420" HPOS="552"/>
							<String ID="string_307" HPOS="567" VPOS="1420" WIDTH="71" HEIGHT="21" WC="0.92" CONTENT="helhet"/><SP WIDTH="15" VPOS="1420" HPOS="638"/>
							<String ID="string_308" HPOS="653" VPOS="1420" WIDTH="21" HEIGHT="21" WC="0.93" CONTENT="af"/><SP WIDTH="15" VPOS="1420" HPOS="674"/>
							<String ID="string_309" HPOS="689" VPOS="1420" WIDTH="84" HEIGHT="21" WC="0.92" CONTENT="ständet"/><SP WIDTH="15" VPOS="1420" HPOS="773"/>
							<String ID="string_310" HPOS="788" VPOS="1419" WIDTH="105" HEIGHT="28" WC="0.93" CONTENT="godkänd."/>
						</TextLine>
					</TextBlock>
				</ComposedBlock>
				<ComposedBlock ID="cblock_11" HPOS="260" VPOS="1476" WIDTH="578" HEIGHT="28">
					<TextBlock ID="block_11" HPOS="260" VPOS="1476" WIDTH="578" HEIGHT="28">
						<TextLine ID="line_36" HPOS="260" VPOS="1476" WIDTH="578" HEIGHT="28">
							<String ID="string_311" HPOS="260" VPOS="1476" WIDTH="27" HEIGHT="27" WC="0.66" CONTENT="$$"/><SP WIDTH="16" VPOS="1476" HPOS="287"/>
							<String ID="string_312" HPOS="303" VPOS="1477" WIDTH="84" HEIGHT="20" WC="0.89" CONTENT="23—30"/><SP WIDTH="17" VPOS="1477" HPOS="387"/>
							<String ID="string_313" HPOS="404" VPOS="1476" WIDTH="70" HEIGHT="22" WC="0.96" CONTENT="blefvo"/><SP WIDTH="14" VPOS="1476" HPOS="474"/>
							<String ID="string_314" HPOS="488" VPOS="1477" WIDTH="79" HEIGHT="27" WC="0.96" CONTENT="jämväl"/><SP WIDTH="15" VPOS="1477" HPOS="567"/>
							<String ID="string_315" HPOS="582" VPOS="1477" WIDTH="21" HEIGHT="21" WC="0.93" CONTENT="af"/><SP WIDTH="18" VPOS="1477" HPOS="603"/>
							<String ID="string_316" HPOS="621" VPOS="1477" WIDTH="82" HEIGHT="21" WC="0.96" CONTENT="ståndet"/><SP WIDTH="16" VPOS="1477" HPOS="703"/>
							<String ID="string_317" HPOS="719" VPOS="1476" WIDTH="119" HEIGHT="28" WC="0.95" CONTENT="godkända."/>
						</TextLine>
					</TextBlock>
				</ComposedBlock>
				<ComposedBlock ID="cblock_12" HPOS="258" VPOS="1532" WIDTH="352" HEIGHT="29">
					<TextBlock ID="block_12" HPOS="258" VPOS="1532" WIDTH="352" HEIGHT="29">
						<TextLine ID="line_37" HPOS="258" VPOS="1532" WIDTH="352" HEIGHT="29">
							<String ID="string_318" HPOS="258" VPOS="1532" WIDTH="11" HEIGHT="21" WC="0.95" CONTENT="I"/><SP WIDTH="15" VPOS="1532" HPOS="269"/>
							<String ID="string_319" HPOS="284" VPOS="1533" WIDTH="116" HEIGHT="28" WC="0.95" CONTENT="anledning"/><SP WIDTH="16" VPOS="1533" HPOS="400"/>
							<String ID="string_320" HPOS="416" VPOS="1534" WIDTH="21" HEIGHT="20" WC="0.93" CONTENT="af"/><SP WIDTH="15" VPOS="1534" HPOS="437"/>
							<String ID="string_321" HPOS="452" VPOS="1534" WIDTH="12" HEIGHT="26" WC="0.79" CONTENT="&amp;"/><SP WIDTH="17" VPOS="1534" HPOS="464"/>
							<String ID="string_322" HPOS="481" VPOS="1534" WIDTH="25" HEIGHT="20" WC="0.94" CONTENT="31"/><SP WIDTH="22" VPOS="1534" HPOS="506"/>
							<String ID="string_323" HPOS="528" VPOS="1534" WIDTH="82" HEIGHT="26" WC="0.96" CONTENT="yttrade"/>
						</TextLine>
					</TextBlock>
				</ComposedBlock>
			</PrintSpace>
		</Page>
	</Layout>
</alto>
