<?xml version="1.0" encoding="UTF-8"?>
<alto xmlns="http://www.loc.gov/standards/alto/ns-v3#" xmlns:xlink="http://www.w3.org/1999/xlink" xmlns:xsi="http://www.w3.org/2001/XMLSchema-instance" xsi:schemaLocation="http://www.loc.gov/standards/alto/ns-v3# http://www.loc.gov/alto/v3/alto-3-0.xsd">
	<Description>
		<MeasurementUnit>pixel</MeasurementUnit>
		<sourceImageInformation>
			<fileName>/tmp/tess_fdlk9n_k_input.PNG</fileName>
		</sourceImageInformation>
		<OCRProcessing ID="OCR_0">
			<ocrProcessingStep>
				<processingSoftware>
					<softwareName>tesseract 5.3.4</softwareName>
				</processingSoftware>
			</ocrProcessingStep>
		</OCRProcessing>
	</Description>
	<Layout>
		<Page WIDTH="1142" HEIGHT="1773" PHYSICAL_IMG_NR="0" ID="page_0">
			<PrintSpace HPOS="0" VPOS="0" WIDTH="1142" HEIGHT="1773">
				<GraphicalElement ID="cblock_0" HPOS="0" VPOS="532" WIDTH="6" HEIGHT="339"></GraphicalElement >
				<ComposedBlock ID="cblock_1" HPOS="223" VPOS="144" WIDTH="562" HEIGHT="26">
					<TextBlock ID="block_0" HPOS="223" VPOS="144" WIDTH="562" HEIGHT="26">
						<TextLine ID="line_0" HPOS="223" VPOS="144" WIDTH="562" HEIGHT="26">
							<String ID="string_0" HPOS="223" VPOS="144" WIDTH="55" HEIGHT="20" WC="0.96" CONTENT="1442"/><SP WIDTH="152" VPOS="144" HPOS="278"/>
							<String ID="string_1" HPOS="430" VPOS="150" WIDTH="177" HEIGHT="20" WC="0.91" CONTENT="Borgareståndet"/><SP WIDTH="12" VPOS="150" HPOS="607"/>
							<String ID="string_2" HPOS="619" VPOS="150" WIDTH="57" HEIGHT="17" WC="0.95" CONTENT="1894."/><SP WIDTH="23" VPOS="150" HPOS="676"/>
							<String ID="string_3" HPOS="699" VPOS="150" WIDTH="26" HEIGHT="17" WC="0.95" CONTENT="26"/><SP WIDTH="12" VPOS="150" HPOS="725"/>
							<String ID="string_4" HPOS="737" VPOS="151" WIDTH="48" HEIGHT="19" WC="0.94" CONTENT="maj."/>
						</TextLine>
					</TextBlock>
				</ComposedBlock>
				<GraphicalElement ID="cblock_2" HPOS="194" VPOS="179" WIDTH="826" HEIGHT="11"></GraphicalElement >
				<ComposedBlock ID="cblock_3" HPOS="193" VPOS="229" WIDTH="829" HEIGHT="488">
					<TextBlock ID="block_1" HPOS="193" VPOS="229" WIDTH="829" HEIGHT="488">
						<TextLine ID="line_1" HPOS="193" VPOS="229" WIDTH="829" HEIGHT="29">
							<String ID="string_5" HPOS="193" VPOS="229" WIDTH="51" HEIGHT="27" WC="0.95" CONTENT="ting,"/><SP WIDTH="23" VPOS="229" HPOS="244"/>
							<String ID="string_6" HPOS="267" VPOS="236" WIDTH="45" HEIGHT="14" WC="0.96" CONTENT="som"/><SP WIDTH="24" VPOS="236" HPOS="312"/>
							<String ID="string_7" HPOS="336" VPOS="236" WIDTH="49" HEIGHT="15" WC="0.94" CONTENT="vore"/><SP WIDTH="23" VPOS="236" HPOS="385"/>
							<String ID="string_8" HPOS="408" VPOS="230" WIDTH="135" HEIGHT="28" WC="0.94" CONTENT="acceptabelt,"/><SP WIDTH="23" VPOS="230" HPOS="543"/>
							<String ID="string_9" HPOS="566" VPOS="230" WIDTH="45" HEIGHT="21" WC="0.96" CONTENT="ifall"/><SP WIDTH="22" VPOS="230" HPOS="611"/>
							<String ID="string_10" HPOS="633" VPOS="236" WIDTH="28" HEIGHT="15" WC="0.92" CONTENT="en"/><SP WIDTH="24" VPOS="236" HPOS="661"/>
							<String ID="string_11" HPOS="685" VPOS="230" WIDTH="79" HEIGHT="21" WC="0.91" CONTENT="komité"/><SP WIDTH="15" VPOS="230" HPOS="764"/>
							<String ID="string_12" HPOS="779" VPOS="230" WIDTH="113" HEIGHT="20" WC="0.89" CONTENT="nedsattes."/><SP WIDTH="31" VPOS="230" HPOS="892"/>
							<String ID="string_13" HPOS="923" VPOS="230" WIDTH="40" HEIGHT="27" WC="0.96" CONTENT="Jag"/><SP WIDTH="16" VPOS="230" HPOS="963"/>
							<String ID="string_14" HPOS="979" VPOS="231" WIDTH="43" HEIGHT="19" WC="0.96" CONTENT="tror"/>
						</TextLine>
						<TextLine ID="line_2" HPOS="194" VPOS="258" WIDTH="827" HEIGHT="28">
							<String ID="string_15" HPOS="194" VPOS="258" WIDTH="54" HEIGHT="20" WC="0.96" CONTENT="dock"/><SP WIDTH="14" VPOS="258" HPOS="248"/>
							<String ID="string_16" HPOS="262" VPOS="258" WIDTH="8" HEIGHT="20" WC="0.96" CONTENT="i"/><SP WIDTH="15" VPOS="258" HPOS="270"/>
							<String ID="string_17" HPOS="285" VPOS="258" WIDTH="66" HEIGHT="21" WC="0.96" CONTENT="likhet"/><SP WIDTH="14" VPOS="258" HPOS="351"/>
							<String ID="string_18" HPOS="365" VPOS="258" WIDTH="48" HEIGHT="22" WC="0.96" CONTENT="med"/><SP WIDTH="16" VPOS="258" HPOS="413"/>
							<String ID="string_19" HPOS="429" VPOS="259" WIDTH="25" HEIGHT="20" WC="0.91" CONTENT="hr"/><SP WIDTH="14" VPOS="259" HPOS="454"/>
							<String ID="string_20" HPOS="468" VPOS="259" WIDTH="105" HEIGHT="21" WC="0.91" CONTENT="Borenius"/><SP WIDTH="24" VPOS="259" HPOS="573"/>
							<String ID="string_21" HPOS="597" VPOS="261" WIDTH="30" HEIGHT="19" WC="0.93" CONTENT="att"/><SP WIDTH="16" VPOS="261" HPOS="627"/>
							<String ID="string_22" HPOS="643" VPOS="259" WIDTH="130" HEIGHT="27" WC="0.92" CONTENT="skogspriset"/><SP WIDTH="14" VPOS="259" HPOS="773"/>
							<String ID="string_23" HPOS="787" VPOS="258" WIDTH="67" HEIGHT="21" WC="0.96" CONTENT="redan"/><SP WIDTH="13" VPOS="258" HPOS="854"/>
							<String ID="string_24" HPOS="867" VPOS="260" WIDTH="23" HEIGHT="19" WC="0.95" CONTENT="är"/><SP WIDTH="10" VPOS="260" HPOS="890"/>
							<String ID="string_25" HPOS="900" VPOS="258" WIDTH="121" HEIGHT="27" WC="0.95" CONTENT="tillräckligt"/>
						</TextLine>
						<TextLine ID="line_3" HPOS="194" VPOS="286" WIDTH="827" HEIGHT="28">
							<String ID="string_26" HPOS="194" VPOS="287" WIDTH="50" HEIGHT="27" WC="0.96" CONTENT="högt"/><SP WIDTH="22" VPOS="287" HPOS="244"/>
							<String ID="string_27" HPOS="266" VPOS="287" WIDTH="32" HEIGHT="21" WC="0.96" CONTENT="för"/><SP WIDTH="16" VPOS="287" HPOS="298"/>
							<String ID="string_28" HPOS="314" VPOS="289" WIDTH="29" HEIGHT="19" WC="0.96" CONTENT="att"/><SP WIDTH="15" VPOS="289" HPOS="343"/>
							<String ID="string_29" HPOS="358" VPOS="287" WIDTH="36" HEIGHT="21" WC="0.96" CONTENT="det"/><SP WIDTH="21" VPOS="287" HPOS="394"/>
							<String ID="string_30" HPOS="415" VPOS="288" WIDTH="82" HEIGHT="26" WC="0.96" CONTENT="privata"/><SP WIDTH="15" VPOS="288" HPOS="497"/>
							<String ID="string_31" HPOS="512" VPOS="288" WIDTH="99" HEIGHT="20" WC="0.96" CONTENT="intresset"/><SP WIDTH="23" VPOS="288" HPOS="611"/>
							<String ID="string_32" HPOS="634" VPOS="288" WIDTH="54" HEIGHT="20" WC="0.95" CONTENT="skall"/><SP WIDTH="16" VPOS="288" HPOS="688"/>
							<String ID="string_33" HPOS="704" VPOS="294" WIDTH="49" HEIGHT="14" WC="0.96" CONTENT="vara"/><SP WIDTH="16" VPOS="294" HPOS="753"/>
							<String ID="string_34" HPOS="769" VPOS="287" WIDTH="49" HEIGHT="21" WC="0.91" CONTENT="fullt"/><SP WIDTH="16" VPOS="287" HPOS="818"/>
							<String ID="string_35" HPOS="834" VPOS="287" WIDTH="112" HEIGHT="27" WC="0.91" CONTENT="värksamt,"/><SP WIDTH="16" VPOS="287" HPOS="946"/>
							<String ID="string_36" HPOS="962" VPOS="286" WIDTH="59" HEIGHT="25" WC="0.92" CONTENT="hälst,"/>
						</TextLine>
						<TextLine ID="line_4" HPOS="194" VPOS="315" WIDTH="827" HEIGHT="29">
							<String ID="string_37" HPOS="194" VPOS="315" WIDTH="69" HEIGHT="21" WC="0.92" CONTENT="såsom"/><SP WIDTH="16" VPOS="315" HPOS="263"/>
							<String ID="string_38" HPOS="279" VPOS="316" WIDTH="66" HEIGHT="27" WC="0.91" CONTENT="sagdt,"/><SP WIDTH="24" VPOS="316" HPOS="345"/>
							<String ID="string_39" HPOS="369" VPOS="322" WIDTH="27" HEIGHT="14" WC="0.92" CONTENT="en"/><SP WIDTH="22" VPOS="322" HPOS="396"/>
							<String ID="string_40" HPOS="418" VPOS="316" WIDTH="157" HEIGHT="28" WC="0.91" CONTENT="skogssköfling"/><SP WIDTH="22" VPOS="316" HPOS="575"/>
							<String ID="string_41" HPOS="597" VPOS="316" WIDTH="33" HEIGHT="21" WC="0.93" CONTENT="för"/><SP WIDTH="21" VPOS="316" HPOS="630"/>
							<String ID="string_42" HPOS="651" VPOS="316" WIDTH="68" HEIGHT="21" WC="0.92" CONTENT="afsalu"/><SP WIDTH="15" VPOS="316" HPOS="719"/>
							<String ID="string_43" HPOS="734" VPOS="316" WIDTH="7" HEIGHT="20" WC="0.96" CONTENT="i"/><SP WIDTH="16" VPOS="316" HPOS="741"/>
							<String ID="string_44" HPOS="757" VPOS="316" WIDTH="42" HEIGHT="21" WC="0.95" CONTENT="den"/><SP WIDTH="23" VPOS="316" HPOS="799"/>
							<String ID="string_45" HPOS="822" VPOS="316" WIDTH="21" HEIGHT="20" WC="0.92" CONTENT="af"/><SP WIDTH="16" VPOS="316" HPOS="843"/>
							<String ID="string_46" HPOS="859" VPOS="316" WIDTH="162" HEIGHT="27" WC="0.91" CONTENT="petitionärerna"/>
						</TextLine>
						<TextLine ID="line_5" HPOS="195" VPOS="344" WIDTH="826" HEIGHT="28">
							<String ID="string_47" HPOS="195" VPOS="344" WIDTH="112" HEIGHT="21" WC="0.89" CONTENT="omnämda"/><SP WIDTH="22" VPOS="344" HPOS="307"/>
							<String ID="string_48" HPOS="329" VPOS="345" WIDTH="172" HEIGHT="27" WC="0.79" CONTENT="utsträckningen"/><SP WIDTH="24" VPOS="345" HPOS="501"/>
							<String ID="string_49" HPOS="525" VPOS="345" WIDTH="47" HEIGHT="21" WC="0.96" CONTENT="icke"/><SP WIDTH="15" VPOS="345" HPOS="572"/>
							<String ID="string_50" HPOS="587" VPOS="351" WIDTH="38" HEIGHT="15" WC="0.96" CONTENT="ens"/><SP WIDTH="16" VPOS="351" HPOS="625"/>
							<String ID="string_51" HPOS="641" VPOS="346" WIDTH="24" HEIGHT="19" WC="0.96" CONTENT="är"/><SP WIDTH="19" VPOS="346" HPOS="665"/>
							<String ID="string_52" HPOS="684" VPOS="345" WIDTH="74" HEIGHT="27" WC="0.96" CONTENT="möjlig"/><SP WIDTH="15" VPOS="345" HPOS="758"/>
							<String ID="string_53" HPOS="773" VPOS="345" WIDTH="7" HEIGHT="20" WC="0.96" CONTENT="i"/><SP WIDTH="16" VPOS="345" HPOS="780"/>
							<String ID="string_54" HPOS="796" VPOS="344" WIDTH="46" HEIGHT="21" WC="0.96" CONTENT="vårt"/><SP WIDTH="15" VPOS="344" HPOS="842"/>
							<String ID="string_55" HPOS="857" VPOS="344" WIDTH="56" HEIGHT="21" WC="0.96" CONTENT="land."/><SP WIDTH="30" VPOS="344" HPOS="913"/>
							<String ID="string_56" HPOS="943" VPOS="344" WIDTH="41" HEIGHT="27" WC="0.96" CONTENT="Jag"/><SP WIDTH="15" VPOS="344" HPOS="984"/>
							<String ID="string_57" HPOS="999" VPOS="345" WIDTH="22" HEIGHT="18" WC="0.95" CONTENT="är"/>
						</TextLine>
						<TextLine ID="line_6" HPOS="194" VPOS="372" WIDTH="827" HEIGHT="28">
							<String ID="string_58" HPOS="194" VPOS="372" WIDTH="24" HEIGHT="21" WC="0.96" CONTENT="så"/><SP WIDTH="15" VPOS="372" HPOS="218"/>
							<String ID="string_59" HPOS="233" VPOS="373" WIDTH="85" HEIGHT="26" WC="0.96" CONTENT="mycket"/><SP WIDTH="15" VPOS="373" HPOS="318"/>
							<String ID="string_60" HPOS="333" VPOS="380" WIDTH="45" HEIGHT="14" WC="0.95" CONTENT="mer"/><SP WIDTH="22" VPOS="380" HPOS="378"/>
							<String ID="string_61" HPOS="400" VPOS="375" WIDTH="57" HEIGHT="19" WC="0.94" CONTENT="emot"/><SP WIDTH="15" VPOS="375" HPOS="457"/>
							<String ID="string_62" HPOS="472" VPOS="374" WIDTH="73" HEIGHT="26" WC="0.96" CONTENT="hvarje"/><SP WIDTH="24" VPOS="374" HPOS="545"/>
							<String ID="string_63" HPOS="569" VPOS="373" WIDTH="129" HEIGHT="21" WC="0.96" CONTENT="tillsättande"/><SP WIDTH="16" VPOS="373" HPOS="698"/>
							<String ID="string_64" HPOS="714" VPOS="374" WIDTH="21" HEIGHT="20" WC="0.93" CONTENT="af"/><SP WIDTH="15" VPOS="374" HPOS="735"/>
							<String ID="string_65" HPOS="750" VPOS="372" WIDTH="271" HEIGHT="28" WC="0.91" CONTENT="undersökningskommis-"/>
						</TextLine>
						<TextLine ID="line_7" HPOS="195" VPOS="401" WIDTH="826" HEIGHT="29">
							<String ID="string_66" HPOS="195" VPOS="401" WIDTH="76" HEIGHT="26" WC="0.91" CONTENT="sioner,"/><SP WIDTH="15" VPOS="401" HPOS="271"/>
							<String ID="string_67" HPOS="286" VPOS="408" WIDTH="46" HEIGHT="14" WC="0.96" CONTENT="som"/><SP WIDTH="14" VPOS="408" HPOS="332"/>
							<String ID="string_68" HPOS="346" VPOS="402" WIDTH="36" HEIGHT="27" WC="0.96" CONTENT="jag"/><SP WIDTH="15" VPOS="402" HPOS="382"/>
							<String ID="string_69" HPOS="397" VPOS="402" WIDTH="84" HEIGHT="21" WC="0.96" CONTENT="befarar"/><SP WIDTH="22" VPOS="402" HPOS="481"/>
							<String ID="string_70" HPOS="503" VPOS="404" WIDTH="30" HEIGHT="19" WC="0.96" CONTENT="att"/><SP WIDTH="14" VPOS="404" HPOS="533"/>
							<String ID="string_71" HPOS="547" VPOS="409" WIDTH="50" HEIGHT="14" WC="0.96" CONTENT="man"/><SP WIDTH="24" VPOS="409" HPOS="597"/>
							<String ID="string_72" HPOS="621" VPOS="408" WIDTH="76" HEIGHT="22" WC="0.96" CONTENT="genom"/><SP WIDTH="17" VPOS="408" HPOS="697"/>
							<String ID="string_73" HPOS="714" VPOS="402" WIDTH="61" HEIGHT="21" WC="0.96" CONTENT="dessa"/><SP WIDTH="15" VPOS="402" HPOS="775"/>
							<String ID="string_74" HPOS="790" VPOS="402" WIDTH="164" HEIGHT="20" WC="0.96" CONTENT="kommissioner"/><SP WIDTH="14" VPOS="402" HPOS="954"/>
							<String ID="string_75" HPOS="968" VPOS="401" WIDTH="53" HEIGHT="21" WC="0.96" CONTENT="blott"/>
						</TextLine>
						<TextLine ID="line_8" HPOS="196" VPOS="430" WIDTH="825" HEIGHT="29">
							<String ID="string_76" HPOS="196" VPOS="430" WIDTH="68" HEIGHT="20" WC="0.93" CONTENT="skulle"/><SP WIDTH="16" VPOS="430" HPOS="264"/>
							<String ID="string_77" HPOS="280" VPOS="430" WIDTH="68" HEIGHT="21" WC="0.91" CONTENT="drifva"/><SP WIDTH="22" VPOS="430" HPOS="348"/>
							<String ID="string_78" HPOS="370" VPOS="431" WIDTH="53" HEIGHT="20" WC="0.96" CONTENT="fram"/><SP WIDTH="23" VPOS="431" HPOS="423"/>
							<String ID="string_79" HPOS="446" VPOS="431" WIDTH="72" HEIGHT="21" WC="0.93" CONTENT="envisa"/><SP WIDTH="25" VPOS="431" HPOS="518"/>
							<String ID="string_80" HPOS="543" VPOS="431" WIDTH="112" HEIGHT="21" WC="0.92" CONTENT="förfäktare"/><SP WIDTH="16" VPOS="431" HPOS="655"/>
							<String ID="string_81" HPOS="671" VPOS="431" WIDTH="21" HEIGHT="21" WC="0.96" CONTENT="af"/><SP WIDTH="23" VPOS="431" HPOS="692"/>
							<String ID="string_82" HPOS="715" VPOS="430" WIDTH="126" HEIGHT="29" WC="0.96" CONTENT="opraktiska,"/><SP WIDTH="17" VPOS="430" HPOS="841"/>
							<String ID="string_83" HPOS="858" VPOS="430" WIDTH="112" HEIGHT="21" WC="0.93" CONTENT="teoretiska"/><SP WIDTH="15" VPOS="430" HPOS="970"/>
							<String ID="string_84" HPOS="985" VPOS="430" WIDTH="36" HEIGHT="20" WC="0.91" CONTENT="be-"/>
						</TextLine>
						<TextLine ID="line_9" HPOS="195" VPOS="458" WIDTH="826" HEIGHT="29">
							<String ID="string_85" HPOS="195" VPOS="459" WIDTH="142" HEIGHT="21" WC="0.91" CONTENT="traktelsesätt"/><SP WIDTH="23" VPOS="459" HPOS="337"/>
							<String ID="string_86" HPOS="360" VPOS="460" WIDTH="39" HEIGHT="20" WC="0.96" CONTENT="och"/><SP WIDTH="23" VPOS="460" HPOS="399"/>
							<String ID="string_87" HPOS="422" VPOS="460" WIDTH="89" HEIGHT="21" WC="0.95" CONTENT="sålunda"/><SP WIDTH="15" VPOS="460" HPOS="511"/>
							<String ID="string_88" HPOS="526" VPOS="460" WIDTH="7" HEIGHT="20" WC="0.96" CONTENT="i"/><SP WIDTH="16" VPOS="460" HPOS="533"/>
							<String ID="string_89" HPOS="549" VPOS="460" WIDTH="59" HEIGHT="21" WC="0.96" CONTENT="bästa"/><SP WIDTH="22" VPOS="460" HPOS="608"/>
							<String ID="string_90" HPOS="630" VPOS="460" WIDTH="37" HEIGHT="21" WC="0.96" CONTENT="fall"/><SP WIDTH="15" VPOS="460" HPOS="667"/>
							<String ID="string_91" HPOS="682" VPOS="460" WIDTH="47" HEIGHT="21" WC="0.96" CONTENT="icke"/><SP WIDTH="24" VPOS="460" HPOS="729"/>
							<String ID="string_92" HPOS="753" VPOS="460" WIDTH="65" HEIGHT="27" WC="0.96" CONTENT="skapa"/><SP WIDTH="23" VPOS="460" HPOS="818"/>
							<String ID="string_93" HPOS="841" VPOS="461" WIDTH="65" HEIGHT="19" WC="0.96" CONTENT="annat"/><SP WIDTH="23" VPOS="461" HPOS="906"/>
							<String ID="string_94" HPOS="929" VPOS="461" WIDTH="25" HEIGHT="18" WC="0.93" CONTENT="än"/><SP WIDTH="16" VPOS="461" HPOS="954"/>
							<String ID="string_95" HPOS="970" VPOS="458" WIDTH="51" HEIGHT="21" WC="0.89" CONTENT="tids-"/>
						</TextLine>
						<TextLine ID="line_10" HPOS="196" VPOS="487" WIDTH="825" HEIGHT="29">
							<String ID="string_96" HPOS="196" VPOS="487" WIDTH="84" HEIGHT="21" WC="0.92" CONTENT="ödande"/><SP WIDTH="15" VPOS="487" HPOS="280"/>
							<String ID="string_97" HPOS="295" VPOS="488" WIDTH="39" HEIGHT="21" WC="0.96" CONTENT="och"/><SP WIDTH="15" VPOS="488" HPOS="334"/>
							<String ID="string_98" HPOS="349" VPOS="488" WIDTH="75" HEIGHT="27" WC="0.96" CONTENT="farliga"/><SP WIDTH="15" VPOS="488" HPOS="424"/>
							<String ID="string_99" HPOS="439" VPOS="489" WIDTH="122" HEIGHT="27" WC="0.93" CONTENT="polemiker."/><SP WIDTH="30" VPOS="489" HPOS="561"/>
							<String ID="string_100" HPOS="591" VPOS="488" WIDTH="41" HEIGHT="21" WC="0.96" CONTENT="För"/><SP WIDTH="15" VPOS="488" HPOS="632"/>
							<String ID="string_101" HPOS="647" VPOS="489" WIDTH="116" HEIGHT="20" WC="0.96" CONTENT="trehundra"/><SP WIDTH="23" VPOS="489" HPOS="763"/>
							<String ID="string_102" HPOS="786" VPOS="489" WIDTH="23" HEIGHT="20" WC="0.95" CONTENT="år"/><SP WIDTH="15" VPOS="489" HPOS="809"/>
							<String ID="string_103" HPOS="824" VPOS="488" WIDTH="65" HEIGHT="21" WC="0.96" CONTENT="sedan"/><SP WIDTH="17" VPOS="488" HPOS="889"/>
							<String ID="string_104" HPOS="906" VPOS="487" WIDTH="115" HEIGHT="28" WC="0.95" CONTENT="beklagade"/>
						</TextLine>
						<TextLine ID="line_11" HPOS="197" VPOS="516" WIDTH="824" HEIGHT="29">
							<String ID="string_105" HPOS="197" VPOS="522" WIDTH="49" HEIGHT="14" WC="0.96" CONTENT="man"/><SP WIDTH="16" VPOS="522" HPOS="246"/>
							<String ID="string_106" HPOS="262" VPOS="516" WIDTH="32" HEIGHT="27" WC="0.95" CONTENT="sig"/><SP WIDTH="14" VPOS="516" HPOS="294"/>
							<String ID="string_107" HPOS="308" VPOS="517" WIDTH="8" HEIGHT="20" WC="0.95" CONTENT="i"/><SP WIDTH="14" VPOS="517" HPOS="316"/>
							<String ID="string_108" HPOS="330" VPOS="517" WIDTH="71" HEIGHT="27" WC="0.96" CONTENT="Norge"/><SP WIDTH="16" VPOS="517" HPOS="401"/>
							<String ID="string_109" HPOS="417" VPOS="517" WIDTH="60" HEIGHT="21" WC="0.93" CONTENT="öfver"/><SP WIDTH="21" VPOS="517" HPOS="477"/>
							<String ID="string_110" HPOS="498" VPOS="517" WIDTH="122" HEIGHT="28" WC="0.92" CONTENT="skogsbrist,"/><SP WIDTH="17" VPOS="517" HPOS="620"/>
							<String ID="string_111" HPOS="637" VPOS="524" WIDTH="54" HEIGHT="20" WC="0.96" CONTENT="men,"/><SP WIDTH="23" VPOS="524" HPOS="691"/>
							<String ID="string_112" HPOS="714" VPOS="517" WIDTH="69" HEIGHT="21" WC="0.95" CONTENT="såsom"/><SP WIDTH="16" VPOS="517" HPOS="783"/>
							<String ID="string_113" HPOS="799" VPOS="517" WIDTH="7" HEIGHT="20" WC="0.95" CONTENT="i"/><SP WIDTH="15" VPOS="517" HPOS="806"/>
							<String ID="string_114" HPOS="821" VPOS="517" WIDTH="113" HEIGHT="20" WC="0.93" CONTENT="utskottets"/><SP WIDTH="16" VPOS="517" HPOS="934"/>
							<String ID="string_115" HPOS="950" VPOS="516" WIDTH="71" HEIGHT="21" WC="0.92" CONTENT="betän-"/>
						</TextLine>
						<TextLine ID="line_12" HPOS="196" VPOS="545" WIDTH="826" HEIGHT="27">
							<String ID="string_116" HPOS="196" VPOS="545" WIDTH="70" HEIGHT="20" WC="0.93" CONTENT="kande"/><SP WIDTH="16" VPOS="545" HPOS="266"/>
							<String ID="string_117" HPOS="282" VPOS="545" WIDTH="100" HEIGHT="27" WC="0.92" CONTENT="angifves,"/><SP WIDTH="16" VPOS="545" HPOS="382"/>
							<String ID="string_118" HPOS="398" VPOS="546" WIDTH="72" HEIGHT="21" WC="0.96" CONTENT="kunde"/><SP WIDTH="15" VPOS="546" HPOS="470"/>
							<String ID="string_119" HPOS="485" VPOS="553" WIDTH="49" HEIGHT="14" WC="0.96" CONTENT="man"/><SP WIDTH="17" VPOS="553" HPOS="534"/>
							<String ID="string_120" HPOS="551" VPOS="546" WIDTH="54" HEIGHT="21" WC="0.96" CONTENT="dock"/><SP WIDTH="15" VPOS="546" HPOS="605"/>
							<String ID="string_121" HPOS="620" VPOS="546" WIDTH="66" HEIGHT="21" WC="0.96" CONTENT="redan"/><SP WIDTH="16" VPOS="546" HPOS="686"/>
							<String ID="string_122" HPOS="702" VPOS="546" WIDTH="32" HEIGHT="21" WC="0.96" CONTENT="för"/><SP WIDTH="18" VPOS="546" HPOS="734"/>
							<String ID="string_123" HPOS="752" VPOS="546" WIDTH="85" HEIGHT="21" WC="0.96" CONTENT="hundra"/><SP WIDTH="15" VPOS="546" HPOS="837"/>
							<String ID="string_124" HPOS="852" VPOS="545" WIDTH="23" HEIGHT="21" WC="0.96" CONTENT="år"/><SP WIDTH="14" VPOS="545" HPOS="875"/>
							<String ID="string_125" HPOS="889" VPOS="545" WIDTH="65" HEIGHT="21" WC="0.93" CONTENT="sedan"/><SP WIDTH="17" VPOS="545" HPOS="954"/>
							<String ID="string_126" HPOS="971" VPOS="551" WIDTH="51" HEIGHT="20" WC="0.92" CONTENT="upp-"/>
						</TextLine>
						<TextLine ID="line_13" HPOS="196" VPOS="573" WIDTH="826" HEIGHT="29">
							<String ID="string_127" HPOS="196" VPOS="573" WIDTH="64" HEIGHT="20" WC="0.91" CONTENT="häfva"/><SP WIDTH="15" VPOS="573" HPOS="260"/>
							<String ID="string_128" HPOS="275" VPOS="573" WIDTH="41" HEIGHT="21" WC="0.92" CONTENT="alla"/><SP WIDTH="22" VPOS="573" HPOS="316"/>
							<String ID="string_129" HPOS="338" VPOS="574" WIDTH="146" HEIGHT="27" WC="0.90" CONTENT="förbudslagar"/><SP WIDTH="21" VPOS="574" HPOS="484"/>
							<String ID="string_130" HPOS="505" VPOS="577" WIDTH="45" HEIGHT="18" WC="0.93" CONTENT="mot"/><SP WIDTH="22" VPOS="577" HPOS="550"/>
							<String ID="string_131" HPOS="572" VPOS="575" WIDTH="166" HEIGHT="27" WC="0.92" CONTENT="skogsafvärkan"/><SP WIDTH="15" VPOS="575" HPOS="738"/>
							<String ID="string_132" HPOS="753" VPOS="575" WIDTH="7" HEIGHT="20" WC="0.96" CONTENT="i"/><SP WIDTH="16" VPOS="575" HPOS="760"/>
							<String ID="string_133" HPOS="776" VPOS="575" WIDTH="58" HEIGHT="20" WC="0.96" CONTENT="detta"/><SP WIDTH="23" VPOS="575" HPOS="834"/>
							<String ID="string_134" HPOS="857" VPOS="574" WIDTH="56" HEIGHT="27" WC="0.96" CONTENT="land,"/><SP WIDTH="20" VPOS="574" HPOS="913"/>
							<String ID="string_135" HPOS="933" VPOS="574" WIDTH="39" HEIGHT="20" WC="0.96" CONTENT="och"/><SP WIDTH="15" VPOS="574" HPOS="972"/>
							<String ID="string_136" HPOS="987" VPOS="573" WIDTH="35" HEIGHT="27" WC="0.96" CONTENT="jag"/>
						</TextLine>
						<TextLine ID="line_14" HPOS="196" VPOS="602" WIDTH="825" HEIGHT="29">
							<String ID="string_137" HPOS="196" VPOS="603" WIDTH="44" HEIGHT="19" WC="0.96" CONTENT="tror"/><SP WIDTH="15" VPOS="603" HPOS="240"/>
							<String ID="string_138" HPOS="255" VPOS="603" WIDTH="30" HEIGHT="20" WC="0.96" CONTENT="att"/><SP WIDTH="14" VPOS="603" HPOS="285"/>
							<String ID="string_139" HPOS="299" VPOS="602" WIDTH="90" HEIGHT="21" WC="0.96" CONTENT="Finland"/><SP WIDTH="15" VPOS="602" HPOS="389"/>
							<String ID="string_140" HPOS="404" VPOS="603" WIDTH="72" HEIGHT="21" WC="0.96" CONTENT="kunde"/><SP WIDTH="16" VPOS="603" HPOS="476"/>
							<String ID="string_141" HPOS="492" VPOS="603" WIDTH="68" HEIGHT="21" WC="0.96" CONTENT="skatta"/><SP WIDTH="15" VPOS="603" HPOS="560"/>
							<String ID="string_142" HPOS="575" VPOS="603" WIDTH="32" HEIGHT="28" WC="0.95" CONTENT="sig"/><SP WIDTH="16" VPOS="603" HPOS="607"/>
							<String ID="string_143" HPOS="623" VPOS="603" WIDTH="94" HEIGHT="28" WC="0.96" CONTENT="lyckligt,"/><SP WIDTH="17" VPOS="603" HPOS="717"/>
							<String ID="string_144" HPOS="734" VPOS="610" WIDTH="34" HEIGHT="14" WC="0.96" CONTENT="om"/><SP WIDTH="17" VPOS="610" HPOS="768"/>
							<String ID="string_145" HPOS="785" VPOS="603" WIDTH="35" HEIGHT="21" WC="0.96" CONTENT="det"/><SP WIDTH="15" VPOS="603" HPOS="820"/>
							<String ID="string_146" HPOS="835" VPOS="609" WIDTH="30" HEIGHT="14" WC="0.96" CONTENT="nu"/><SP WIDTH="15" VPOS="609" HPOS="865"/>
							<String ID="string_147" HPOS="880" VPOS="603" WIDTH="54" HEIGHT="20" WC="0.96" CONTENT="hade"/><SP WIDTH="13" VPOS="603" HPOS="934"/>
							<String ID="string_148" HPOS="947" VPOS="604" WIDTH="29" HEIGHT="19" WC="0.92" CONTENT="att"/><SP WIDTH="10" VPOS="604" HPOS="976"/>
							<String ID="string_149" HPOS="986" VPOS="602" WIDTH="35" HEIGHT="27" WC="0.91" CONTENT="på-"/>
						</TextLine>
						<TextLine ID="line_15" HPOS="197" VPOS="630" WIDTH="824" HEIGHT="29">
							<String ID="string_150" HPOS="197" VPOS="631" WIDTH="66" HEIGHT="20" WC="0.96" CONTENT="räkna"/><SP WIDTH="16" VPOS="631" HPOS="263"/>
							<String ID="string_151" HPOS="279" VPOS="637" WIDTH="25" HEIGHT="14" WC="0.96" CONTENT="en"/><SP WIDTH="16" VPOS="637" HPOS="304"/>
							<String ID="string_152" HPOS="320" VPOS="631" WIDTH="66" HEIGHT="21" WC="0.96" CONTENT="sådan"/><SP WIDTH="16" VPOS="631" HPOS="386"/>
							<String ID="string_153" HPOS="402" VPOS="632" WIDTH="92" HEIGHT="21" WC="0.96" CONTENT="inkomst"/><SP WIDTH="15" VPOS="632" HPOS="494"/>
							<String ID="string_154" HPOS="509" VPOS="632" WIDTH="20" HEIGHT="21" WC="0.96" CONTENT="af"/><SP WIDTH="17" VPOS="632" HPOS="529"/>
							<String ID="string_155" HPOS="546" VPOS="633" WIDTH="45" HEIGHT="20" WC="0.96" CONTENT="sina"/><SP WIDTH="16" VPOS="633" HPOS="591"/>
							<String ID="string_156" HPOS="607" VPOS="633" WIDTH="82" HEIGHT="26" WC="0.96" CONTENT="skogar,"/><SP WIDTH="16" VPOS="633" HPOS="689"/>
							<String ID="string_157" HPOS="705" VPOS="639" WIDTH="45" HEIGHT="14" WC="0.96" CONTENT="som"/><SP WIDTH="16" VPOS="639" HPOS="750"/>
							<String ID="string_158" HPOS="766" VPOS="632" WIDTH="71" HEIGHT="27" WC="0.96" CONTENT="Norge"/><SP WIDTH="12" VPOS="632" HPOS="837"/>
							<String ID="string_159" HPOS="849" VPOS="632" WIDTH="32" HEIGHT="20" WC="0.96" CONTENT="för"/><SP WIDTH="10" VPOS="632" HPOS="881"/>
							<String ID="string_160" HPOS="891" VPOS="630" WIDTH="130" HEIGHT="21" WC="0.96" CONTENT="närvarande"/>
						</TextLine>
						<TextLine ID="line_16" HPOS="197" VPOS="659" WIDTH="825" HEIGHT="29">
							<String ID="string_161" HPOS="197" VPOS="665" WIDTH="50" HEIGHT="21" WC="0.94" CONTENT="eger"/><SP WIDTH="15" VPOS="665" HPOS="247"/>
							<String ID="string_162" HPOS="262" VPOS="659" WIDTH="39" HEIGHT="20" WC="0.96" CONTENT="och"/><SP WIDTH="15" VPOS="659" HPOS="301"/>
							<String ID="string_163" HPOS="316" VPOS="660" WIDTH="32" HEIGHT="20" WC="0.96" CONTENT="för"/><SP WIDTH="15" VPOS="660" HPOS="348"/>
							<String ID="string_164" HPOS="363" VPOS="667" WIDTH="27" HEIGHT="14" WC="0.96" CONTENT="en"/><SP WIDTH="15" VPOS="667" HPOS="390"/>
							<String ID="string_165" HPOS="405" VPOS="661" WIDTH="55" HEIGHT="26" WC="0.96" CONTENT="lång,"/><SP WIDTH="16" VPOS="661" HPOS="460"/>
							<String ID="string_166" HPOS="476" VPOS="661" WIDTH="90" HEIGHT="27" WC="0.96" CONTENT="troligen"/><SP WIDTH="16" VPOS="661" HPOS="566"/>
							<String ID="string_167" HPOS="582" VPOS="661" WIDTH="32" HEIGHT="20" WC="0.96" CONTENT="för"/><SP WIDTH="15" VPOS="661" HPOS="614"/>
							<String ID="string_168" HPOS="629" VPOS="661" WIDTH="28" HEIGHT="20" WC="0.96" CONTENT="all"/><SP WIDTH="16" VPOS="661" HPOS="657"/>
							<String ID="string_169" HPOS="673" VPOS="661" WIDTH="85" HEIGHT="20" WC="0.96" CONTENT="framtid"/><SP WIDTH="15" VPOS="661" HPOS="758"/>
							<String ID="string_170" HPOS="773" VPOS="661" WIDTH="39" HEIGHT="20" WC="0.96" CONTENT="har"/><SP WIDTH="15" VPOS="661" HPOS="812"/>
							<String ID="string_171" HPOS="827" VPOS="662" WIDTH="30" HEIGHT="19" WC="0.93" CONTENT="att"/><SP WIDTH="11" VPOS="662" HPOS="857"/>
							<String ID="string_172" HPOS="868" VPOS="659" WIDTH="97" HEIGHT="28" WC="0.92" CONTENT="påräkna."/><SP WIDTH="16" VPOS="659" HPOS="965"/>
							<String ID="string_173" HPOS="981" VPOS="659" WIDTH="41" HEIGHT="26" WC="0.96" CONTENT="Jag"/>
						</TextLine>
						<TextLine ID="line_17" HPOS="198" VPOS="687" WIDTH="488" HEIGHT="30">
							<String ID="string_174" HPOS="198" VPOS="687" WIDTH="37" HEIGHT="21" WC="0.96" CONTENT="ber"/><SP WIDTH="15" VPOS="687" HPOS="235"/>
							<String ID="string_175" HPOS="250" VPOS="689" WIDTH="30" HEIGHT="20" WC="0.96" CONTENT="att"/><SP WIDTH="15" VPOS="689" HPOS="280"/>
							<String ID="string_176" HPOS="295" VPOS="688" WIDTH="21" HEIGHT="21" WC="0.93" CONTENT="få"/><SP WIDTH="15" VPOS="688" HPOS="316"/>
							<String ID="string_177" HPOS="331" VPOS="689" WIDTH="129" HEIGHT="21" WC="0.92" CONTENT="understöda"/><SP WIDTH="16" VPOS="689" HPOS="460"/>
							<String ID="string_178" HPOS="476" VPOS="689" WIDTH="111" HEIGHT="22" WC="0.96" CONTENT="utskottets"/><SP WIDTH="15" VPOS="689" HPOS="587"/>
							<String ID="string_179" HPOS="602" VPOS="690" WIDTH="84" HEIGHT="27" WC="0.95" CONTENT="förslag."/>
						</TextLine>
					</TextBlock>
				</ComposedBlock>
				<ComposedBlock ID="cblock_4" HPOS="198" VPOS="745" WIDTH="831" HEIGHT="831">
					<TextBlock ID="block_2" HPOS="198" VPOS="745" WIDTH="831" HEIGHT="831">
						<TextLine ID="line_18" HPOS="266" VPOS="745" WIDTH="757" HEIGHT="29">
							<String ID="string_180" HPOS="266" VPOS="745" WIDTH="33" HEIGHT="21" WC="0.96" CONTENT="Hr"/><SP WIDTH="14" VPOS="745" HPOS="299"/>
							<String ID="string_181" HPOS="313" VPOS="746" WIDTH="167" HEIGHT="28" WC="0.96" CONTENT="Holmberg:"/><SP WIDTH="24" VPOS="746" HPOS="480"/>
							<String ID="string_182" HPOS="504" VPOS="747" WIDTH="60" HEIGHT="21" WC="0.84" CONTENT="Efter"/><SP WIDTH="15" VPOS="747" HPOS="564"/>
							<String ID="string_183" HPOS="579" VPOS="747" WIDTH="35" HEIGHT="21" WC="0.96" CONTENT="det"/><SP WIDTH="15" VPOS="747" HPOS="614"/>
							<String ID="string_184" HPOS="629" VPOS="748" WIDTH="90" HEIGHT="26" WC="0.96" CONTENT="kraftiga"/><SP WIDTH="16" VPOS="748" HPOS="719"/>
							<String ID="string_185" HPOS="735" VPOS="747" WIDTH="122" HEIGHT="25" WC="0.96" CONTENT="understöd,"/><SP WIDTH="16" VPOS="747" HPOS="857"/>
							<String ID="string_186" HPOS="873" VPOS="753" WIDTH="45" HEIGHT="14" WC="0.96" CONTENT="som"/><SP WIDTH="17" VPOS="753" HPOS="918"/>
							<String ID="string_187" HPOS="935" VPOS="746" WIDTH="34" HEIGHT="20" WC="0.93" CONTENT="hrr"/><SP WIDTH="14" VPOS="746" HPOS="969"/>
							<String ID="string_188" HPOS="983" VPOS="745" WIDTH="40" HEIGHT="20" WC="0.92" CONTENT="Bo-"/>
						</TextLine>
						<TextLine ID="line_19" HPOS="198" VPOS="773" WIDTH="825" HEIGHT="30">
							<String ID="string_189" HPOS="198" VPOS="774" WIDTH="72" HEIGHT="21" WC="0.89" CONTENT="renius"/><SP WIDTH="16" VPOS="774" HPOS="270"/>
							<String ID="string_190" HPOS="286" VPOS="775" WIDTH="38" HEIGHT="20" WC="0.93" CONTENT="och"/><SP WIDTH="15" VPOS="775" HPOS="324"/>
							<String ID="string_191" HPOS="339" VPOS="775" WIDTH="78" HEIGHT="28" WC="0.92" CONTENT="Elving"/><SP WIDTH="15" VPOS="775" HPOS="417"/>
							<String ID="string_192" HPOS="432" VPOS="775" WIDTH="80" HEIGHT="22" WC="0.96" CONTENT="lämnat"/><SP WIDTH="15" VPOS="775" HPOS="512"/>
							<String ID="string_193" HPOS="527" VPOS="776" WIDTH="114" HEIGHT="21" WC="0.96" CONTENT="utskottets"/><SP WIDTH="16" VPOS="776" HPOS="641"/>
							<String ID="string_194" HPOS="657" VPOS="776" WIDTH="138" HEIGHT="25" WC="0.96" CONTENT="betänkande,"/><SP WIDTH="11" VPOS="776" HPOS="795"/>
							<String ID="string_195" HPOS="806" VPOS="775" WIDTH="68" HEIGHT="21" WC="0.96" CONTENT="skulle"/><SP WIDTH="15" VPOS="775" HPOS="874"/>
							<String ID="string_196" HPOS="889" VPOS="775" WIDTH="35" HEIGHT="27" WC="0.96" CONTENT="jag"/><SP WIDTH="15" VPOS="775" HPOS="924"/>
							<String ID="string_197" HPOS="939" VPOS="775" WIDTH="22" HEIGHT="26" WC="0.96" CONTENT="ju"/><SP WIDTH="15" VPOS="775" HPOS="961"/>
							<String ID="string_198" HPOS="976" VPOS="773" WIDTH="47" HEIGHT="21" WC="0.96" CONTENT="icke"/>
						</TextLine>
						<TextLine ID="line_20" HPOS="198" VPOS="802" WIDTH="825" HEIGHT="30">
							<String ID="string_199" HPOS="198" VPOS="803" WIDTH="64" HEIGHT="20" WC="0.96" CONTENT="hafva"/><SP WIDTH="16" VPOS="803" HPOS="262"/>
							<String ID="string_200" HPOS="278" VPOS="803" WIDTH="115" HEIGHT="28" WC="0.96" CONTENT="någonting"/><SP WIDTH="15" VPOS="803" HPOS="393"/>
							<String ID="string_201" HPOS="408" VPOS="805" WIDTH="119" HEIGHT="26" WC="0.96" CONTENT="egentligen"/><SP WIDTH="17" VPOS="805" HPOS="527"/>
							<String ID="string_202" HPOS="544" VPOS="807" WIDTH="30" HEIGHT="18" WC="0.96" CONTENT="att"/><SP WIDTH="15" VPOS="807" HPOS="574"/>
							<String ID="string_203" HPOS="589" VPOS="805" WIDTH="91" HEIGHT="27" WC="0.96" CONTENT="tillägga,"/><SP WIDTH="24" VPOS="805" HPOS="680"/>
							<String ID="string_204" HPOS="704" VPOS="811" WIDTH="49" HEIGHT="14" WC="0.96" CONTENT="men"/><SP WIDTH="15" VPOS="811" HPOS="753"/>
							<String ID="string_205" HPOS="768" VPOS="804" WIDTH="49" HEIGHT="21" WC="0.95" CONTENT="med"/><SP WIDTH="17" VPOS="804" HPOS="817"/>
							<String ID="string_206" HPOS="834" VPOS="803" WIDTH="114" HEIGHT="26" WC="0.96" CONTENT="anledning"/><SP WIDTH="16" VPOS="803" HPOS="948"/>
							<String ID="string_207" HPOS="964" VPOS="802" WIDTH="20" HEIGHT="21" WC="0.96" CONTENT="af"/><SP WIDTH="15" VPOS="802" HPOS="984"/>
							<String ID="string_208" HPOS="999" VPOS="803" WIDTH="24" HEIGHT="19" WC="0.96" CONTENT="hr"/>
						</TextLine>
						<TextLine ID="line_21" HPOS="198" VPOS="831" WIDTH="826" HEIGHT="30">
							<String ID="string_209" HPOS="198" VPOS="831" WIDTH="102" HEIGHT="21" WC="0.60" CONTENT="Neovius”"/><SP WIDTH="16" VPOS="831" HPOS="300"/>
							<String ID="string_210" HPOS="316" VPOS="833" WIDTH="140" HEIGHT="27" WC="0.96" CONTENT="anmärkning"/><SP WIDTH="22" VPOS="833" HPOS="456"/>
							<String ID="string_211" HPOS="478" VPOS="835" WIDTH="30" HEIGHT="19" WC="0.96" CONTENT="att"/><SP WIDTH="20" VPOS="835" HPOS="508"/>
							<String ID="string_212" HPOS="528" VPOS="833" WIDTH="102" HEIGHT="21" WC="0.96" CONTENT="utskottet"/><SP WIDTH="21" VPOS="833" HPOS="630"/>
							<String ID="string_213" HPOS="651" VPOS="834" WIDTH="46" HEIGHT="20" WC="0.96" CONTENT="icke"/><SP WIDTH="16" VPOS="834" HPOS="697"/>
							<String ID="string_214" HPOS="713" VPOS="833" WIDTH="52" HEIGHT="28" WC="0.96" CONTENT="tagit"/><SP WIDTH="23" VPOS="833" HPOS="765"/>
							<String ID="string_215" HPOS="788" VPOS="833" WIDTH="7" HEIGHT="20" WC="0.96" CONTENT="i"/><SP WIDTH="15" VPOS="833" HPOS="795"/>
							<String ID="string_216" HPOS="810" VPOS="831" WIDTH="138" HEIGHT="22" WC="0.93" CONTENT="betraktande"/><SP WIDTH="16" VPOS="831" HPOS="948"/>
							<String ID="string_217" HPOS="964" VPOS="831" WIDTH="60" HEIGHT="20" WC="0.92" CONTENT="miss-"/>
						</TextLine>
						<TextLine ID="line_22" HPOS="199" VPOS="859" WIDTH="825" HEIGHT="31">
							<String ID="string_218" HPOS="199" VPOS="859" WIDTH="163" HEIGHT="29" WC="0.87" CONTENT="hushållningen"/><SP WIDTH="16" VPOS="859" HPOS="362"/>
							<String ID="string_219" HPOS="378" VPOS="862" WIDTH="7" HEIGHT="19" WC="0.96" CONTENT="i"/><SP WIDTH="15" VPOS="862" HPOS="385"/>
							<String ID="string_220" HPOS="400" VPOS="864" WIDTH="80" HEIGHT="19" WC="0.96" CONTENT="statens"/><SP WIDTH="14" VPOS="864" HPOS="480"/>
							<String ID="string_221" HPOS="494" VPOS="862" WIDTH="77" HEIGHT="27" WC="0.96" CONTENT="skogar"/><SP WIDTH="21" VPOS="862" HPOS="571"/>
							<String ID="string_222" HPOS="592" VPOS="862" WIDTH="36" HEIGHT="20" WC="0.96" CONTENT="vill"/><SP WIDTH="15" VPOS="862" HPOS="628"/>
							<String ID="string_223" HPOS="643" VPOS="863" WIDTH="35" HEIGHT="27" WC="0.95" CONTENT="jag"/><SP WIDTH="15" VPOS="863" HPOS="678"/>
							<String ID="string_224" HPOS="693" VPOS="861" WIDTH="117" HEIGHT="27" WC="0.96" CONTENT="framhålla,"/><SP WIDTH="11" VPOS="861" HPOS="810"/>
							<String ID="string_225" HPOS="821" VPOS="861" WIDTH="81" HEIGHT="20" WC="0.96" CONTENT="hvilket"/><SP WIDTH="10" VPOS="861" HPOS="902"/>
							<String ID="string_226" HPOS="912" VPOS="861" WIDTH="25" HEIGHT="20" WC="0.93" CONTENT="hr"/><SP WIDTH="10" VPOS="861" HPOS="937"/>
							<String ID="string_227" HPOS="947" VPOS="859" WIDTH="77" HEIGHT="27" WC="0.91" CONTENT="Elving"/>
						</TextLine>
						<TextLine ID="line_23" HPOS="199" VPOS="888" WIDTH="824" HEIGHT="30">
							<String ID="string_228" HPOS="199" VPOS="888" WIDTH="64" HEIGHT="21" WC="0.96" CONTENT="också"/><SP WIDTH="15" VPOS="888" HPOS="263"/>
							<String ID="string_229" HPOS="278" VPOS="890" WIDTH="64" HEIGHT="20" WC="0.96" CONTENT="redan"/><SP WIDTH="16" VPOS="890" HPOS="342"/>
							<String ID="string_230" HPOS="358" VPOS="890" WIDTH="39" HEIGHT="21" WC="0.96" CONTENT="har"/><SP WIDTH="15" VPOS="890" HPOS="397"/>
							<String ID="string_231" HPOS="412" VPOS="890" WIDTH="96" HEIGHT="28" WC="0.96" CONTENT="påpekat,"/><SP WIDTH="16" VPOS="890" HPOS="508"/>
							<String ID="string_232" HPOS="524" VPOS="893" WIDTH="30" HEIGHT="19" WC="0.93" CONTENT="att"/><SP WIDTH="15" VPOS="893" HPOS="554"/>
							<String ID="string_233" HPOS="569" VPOS="890" WIDTH="238" HEIGHT="28" WC="0.91" CONTENT="petitionsmemorialen"/><SP WIDTH="16" VPOS="890" HPOS="807"/>
							<String ID="string_234" HPOS="823" VPOS="890" WIDTH="46" HEIGHT="21" WC="0.93" CONTENT="icke"/><SP WIDTH="16" VPOS="890" HPOS="869"/>
							<String ID="string_235" HPOS="885" VPOS="890" WIDTH="44" HEIGHT="20" WC="0.92" CONTENT="afse"/><SP WIDTH="16" VPOS="890" HPOS="929"/>
							<String ID="string_236" HPOS="945" VPOS="888" WIDTH="78" HEIGHT="27" WC="0.92" CONTENT="någon-"/>
						</TextLine>
						<TextLine ID="line_24" HPOS="199" VPOS="916" WIDTH="825" HEIGHT="30">
							<String ID="string_237" HPOS="199" VPOS="917" WIDTH="45" HEIGHT="27" WC="0.96" CONTENT="ting"/><SP WIDTH="16" VPOS="917" HPOS="244"/>
							<String ID="string_238" HPOS="260" VPOS="920" WIDTH="64" HEIGHT="19" WC="0.96" CONTENT="annat"/><SP WIDTH="15" VPOS="920" HPOS="324"/>
							<String ID="string_239" HPOS="339" VPOS="920" WIDTH="27" HEIGHT="19" WC="0.96" CONTENT="än"/><SP WIDTH="16" VPOS="920" HPOS="366"/>
							<String ID="string_240" HPOS="382" VPOS="919" WIDTH="97" HEIGHT="27" WC="0.96" CONTENT="åtgärder"/><SP WIDTH="15" VPOS="919" HPOS="479"/>
							<String ID="string_241" HPOS="494" VPOS="921" WIDTH="44" HEIGHT="19" WC="0.96" CONTENT="mot"/><SP WIDTH="15" VPOS="921" HPOS="538"/>
							<String ID="string_242" HPOS="553" VPOS="920" WIDTH="26" HEIGHT="20" WC="0.96" CONTENT="de"/><SP WIDTH="16" VPOS="920" HPOS="579"/>
							<String ID="string_243" HPOS="595" VPOS="920" WIDTH="206" HEIGHT="25" WC="0.95" CONTENT="missförhållanden,"/><SP WIDTH="15" VPOS="920" HPOS="801"/>
							<String ID="string_244" HPOS="816" VPOS="925" WIDTH="46" HEIGHT="15" WC="0.96" CONTENT="som"/><SP WIDTH="16" VPOS="925" HPOS="862"/>
							<String ID="string_245" HPOS="878" VPOS="918" WIDTH="91" HEIGHT="21" WC="0.96" CONTENT="existera"/><SP WIDTH="12" VPOS="918" HPOS="969"/>
							<String ID="string_246" HPOS="981" VPOS="917" WIDTH="6" HEIGHT="20" WC="0.96" CONTENT="i"/><SP WIDTH="11" VPOS="917" HPOS="987"/>
							<String ID="string_247" HPOS="998" VPOS="916" WIDTH="26" HEIGHT="22" WC="0.96" CONTENT="do"/>
						</TextLine>
						<TextLine ID="line_25" HPOS="199" VPOS="946" WIDTH="825" HEIGHT="30">
							<String ID="string_248" HPOS="199" VPOS="946" WIDTH="82" HEIGHT="26" WC="0.93" CONTENT="privata"/><SP WIDTH="14" VPOS="946" HPOS="281"/>
							<String ID="string_249" HPOS="295" VPOS="947" WIDTH="149" HEIGHT="27" WC="0.92" CONTENT="jordegarenes"/><SP WIDTH="16" VPOS="947" HPOS="444"/>
							<String ID="string_250" HPOS="460" VPOS="948" WIDTH="206" HEIGHT="28" WC="0.91" CONTENT="skogshushållning,"/><SP WIDTH="16" VPOS="948" HPOS="666"/>
							<String ID="string_251" HPOS="682" VPOS="948" WIDTH="38" HEIGHT="21" WC="0.96" CONTENT="och"/><SP WIDTH="17" VPOS="948" HPOS="720"/>
							<String ID="string_252" HPOS="737" VPOS="950" WIDTH="30" HEIGHT="19" WC="0.96" CONTENT="att"/><SP WIDTH="15" VPOS="950" HPOS="767"/>
							<String ID="string_253" HPOS="782" VPOS="948" WIDTH="103" HEIGHT="20" WC="0.96" CONTENT="utskottet"/><SP WIDTH="14" VPOS="948" HPOS="885"/>
							<String ID="string_254" HPOS="899" VPOS="946" WIDTH="70" HEIGHT="21" WC="0.96" CONTENT="därför"/><SP WIDTH="8" VPOS="946" HPOS="969"/>
							<String ID="string_255" HPOS="977" VPOS="946" WIDTH="47" HEIGHT="20" WC="0.96" CONTENT="icke"/>
						</TextLine>
						<TextLine ID="line_26" HPOS="199" VPOS="974" WIDTH="826" HEIGHT="30">
							<String ID="string_256" HPOS="199" VPOS="974" WIDTH="39" HEIGHT="20" WC="0.96" CONTENT="har"/><SP WIDTH="14" VPOS="974" HPOS="238"/>
							<String ID="string_257" HPOS="252" VPOS="974" WIDTH="82" HEIGHT="22" WC="0.95" CONTENT="kunnat"/><SP WIDTH="22" VPOS="974" HPOS="334"/>
							<String ID="string_258" HPOS="356" VPOS="978" WIDTH="48" HEIGHT="25" WC="0.96" CONTENT="taga"/><SP WIDTH="16" VPOS="978" HPOS="404"/>
							<String ID="string_259" HPOS="420" VPOS="976" WIDTH="68" HEIGHT="21" WC="0.93" CONTENT="under"/><SP WIDTH="22" VPOS="976" HPOS="488"/>
							<String ID="string_260" HPOS="510" VPOS="977" WIDTH="135" HEIGHT="27" WC="0.92" CONTENT="ompröfning"/><SP WIDTH="15" VPOS="977" HPOS="645"/>
							<String ID="string_261" HPOS="660" VPOS="983" WIDTH="27" HEIGHT="15" WC="0.96" CONTENT="en"/><SP WIDTH="22" VPOS="983" HPOS="687"/>
							<String ID="string_262" HPOS="709" VPOS="977" WIDTH="74" HEIGHT="27" WC="0.93" CONTENT="möjlig"/><SP WIDTH="19" VPOS="977" HPOS="783"/>
							<String ID="string_263" HPOS="802" VPOS="974" WIDTH="186" HEIGHT="27" WC="0.89" CONTENT="misshushällning"/><SP WIDTH="15" VPOS="974" HPOS="988"/>
							<String ID="string_264" HPOS="1003" VPOS="974" WIDTH="22" HEIGHT="20" WC="0.96" CONTENT="af"/>
						</TextLine>
						<TextLine ID="line_27" HPOS="200" VPOS="1003" WIDTH="825" HEIGHT="29">
							<String ID="string_265" HPOS="200" VPOS="1003" WIDTH="140" HEIGHT="27" WC="0.92" CONTENT="skogsbruket"/><SP WIDTH="15" VPOS="1003" HPOS="340"/>
							<String ID="string_266" HPOS="355" VPOS="1004" WIDTH="7" HEIGHT="20" WC="0.96" CONTENT="i"/><SP WIDTH="14" VPOS="1004" HPOS="362"/>
							<String ID="string_267" HPOS="376" VPOS="1007" WIDTH="80" HEIGHT="19" WC="0.96" CONTENT="statens"/><SP WIDTH="15" VPOS="1007" HPOS="456"/>
							<String ID="string_268" HPOS="471" VPOS="1005" WIDTH="81" HEIGHT="27" WC="0.93" CONTENT="skogar."/><SP WIDTH="24" VPOS="1005" HPOS="552"/>
							<String ID="string_269" HPOS="576" VPOS="1006" WIDTH="108" HEIGHT="20" WC="0.93" CONTENT="Utskottet"/><SP WIDTH="15" VPOS="1006" HPOS="684"/>
							<String ID="string_270" HPOS="699" VPOS="1006" WIDTH="43" HEIGHT="26" WC="0.96" CONTENT="har,"/><SP WIDTH="16" VPOS="1006" HPOS="742"/>
							<String ID="string_271" HPOS="758" VPOS="1005" WIDTH="34" HEIGHT="21" WC="0.93" CONTENT="väl"/><SP WIDTH="13" VPOS="1005" HPOS="792"/>
							<String ID="string_272" HPOS="805" VPOS="1004" WIDTH="90" HEIGHT="21" WC="0.93" CONTENT="vetande"/><SP WIDTH="11" VPOS="1004" HPOS="895"/>
							<String ID="string_273" HPOS="906" VPOS="1005" WIDTH="30" HEIGHT="19" WC="0.96" CONTENT="att"/><SP WIDTH="10" VPOS="1005" HPOS="936"/>
							<String ID="string_274" HPOS="946" VPOS="1005" WIDTH="79" HEIGHT="18" WC="0.96" CONTENT="statens"/>
						</TextLine>
						<TextLine ID="line_28" HPOS="200" VPOS="1031" WIDTH="824" HEIGHT="30">
							<String ID="string_275" HPOS="200" VPOS="1031" WIDTH="77" HEIGHT="27" WC="0.93" CONTENT="skogar"/><SP WIDTH="22" VPOS="1031" HPOS="277"/>
							<String ID="string_276" HPOS="299" VPOS="1034" WIDTH="35" HEIGHT="19" WC="0.90" CONTENT="äro"/><SP WIDTH="23" VPOS="1034" HPOS="334"/>
							<String ID="string_277" HPOS="357" VPOS="1034" WIDTH="69" HEIGHT="20" WC="0.93" CONTENT="under"/><SP WIDTH="21" VPOS="1034" HPOS="426"/>
							<String ID="string_278" HPOS="447" VPOS="1034" WIDTH="122" HEIGHT="27" WC="0.92" CONTENT="forstnärlig"/><SP WIDTH="22" VPOS="1034" HPOS="569"/>
							<String ID="string_279" HPOS="591" VPOS="1034" WIDTH="58" HEIGHT="26" WC="0.92" CONTENT="värd,"/><SP WIDTH="22" VPOS="1034" HPOS="649"/>
							<String ID="string_280" HPOS="671" VPOS="1036" WIDTH="91" HEIGHT="19" WC="0.93" CONTENT="tvärtom"/><SP WIDTH="15" VPOS="1036" HPOS="762"/>
							<String ID="string_281" HPOS="777" VPOS="1034" WIDTH="81" HEIGHT="20" WC="0.92" CONTENT="lämnat"/><SP WIDTH="15" VPOS="1034" HPOS="858"/>
							<String ID="string_282" HPOS="873" VPOS="1032" WIDTH="49" HEIGHT="21" WC="0.96" CONTENT="dem"/><SP WIDTH="15" VPOS="1032" HPOS="922"/>
							<String ID="string_283" HPOS="937" VPOS="1031" WIDTH="87" HEIGHT="21" WC="0.96" CONTENT="alldeles"/>
						</TextLine>
						<TextLine ID="line_29" HPOS="200" VPOS="1060" WIDTH="825" HEIGHT="28">
							<String ID="string_284" HPOS="200" VPOS="1060" WIDTH="122" HEIGHT="22" WC="0.91" CONTENT="obeaktade."/><SP WIDTH="32" VPOS="1060" HPOS="322"/>
							<String ID="string_285" HPOS="354" VPOS="1062" WIDTH="106" HEIGHT="21" WC="0.91" CONTENT="Utskottet"/><SP WIDTH="15" VPOS="1062" HPOS="460"/>
							<String ID="string_286" HPOS="475" VPOS="1063" WIDTH="38" HEIGHT="20" WC="0.96" CONTENT="har"/><SP WIDTH="15" VPOS="1063" HPOS="513"/>
							<String ID="string_287" HPOS="528" VPOS="1062" WIDTH="75" HEIGHT="21" WC="0.96" CONTENT="endast"/><SP WIDTH="15" VPOS="1062" HPOS="603"/>
							<String ID="string_288" HPOS="618" VPOS="1062" WIDTH="32" HEIGHT="21" WC="0.96" CONTENT="till"/><SP WIDTH="19" VPOS="1062" HPOS="650"/>
							<String ID="string_289" HPOS="669" VPOS="1063" WIDTH="38" HEIGHT="20" WC="0.93" CONTENT="sist"/><SP WIDTH="15" VPOS="1063" HPOS="707"/>
							<String ID="string_290" HPOS="722" VPOS="1062" WIDTH="117" HEIGHT="21" WC="0.92" CONTENT="framhällit"/><SP WIDTH="14" VPOS="1062" HPOS="839"/>
							<String ID="string_291" HPOS="853" VPOS="1063" WIDTH="36" HEIGHT="25" WC="0.96" CONTENT="att,"/><SP WIDTH="16" VPOS="1063" HPOS="889"/>
							<String ID="string_292" HPOS="905" VPOS="1060" WIDTH="26" HEIGHT="21" WC="0.96" CONTENT="dä"/><SP WIDTH="15" VPOS="1060" HPOS="931"/>
							<String ID="string_293" HPOS="946" VPOS="1061" WIDTH="79" HEIGHT="19" WC="0.96" CONTENT="statens"/>
						</TextLine>
						<TextLine ID="line_30" HPOS="200" VPOS="1088" WIDTH="825" HEIGHT="30">
							<String ID="string_294" HPOS="200" VPOS="1089" WIDTH="77" HEIGHT="27" WC="0.93" CONTENT="skogar"/><SP WIDTH="17" VPOS="1089" HPOS="277"/>
							<String ID="string_295" HPOS="294" VPOS="1092" WIDTH="35" HEIGHT="18" WC="0.92" CONTENT="äro"/><SP WIDTH="16" VPOS="1092" HPOS="329"/>
							<String ID="string_296" HPOS="345" VPOS="1090" WIDTH="23" HEIGHT="20" WC="0.97" CONTENT="sä"/><SP WIDTH="16" VPOS="1090" HPOS="368"/>
							<String ID="string_297" HPOS="384" VPOS="1090" WIDTH="125" HEIGHT="28" WC="0.93" CONTENT="betydande,"/><SP WIDTH="16" VPOS="1090" HPOS="509"/>
							<String ID="string_298" HPOS="525" VPOS="1091" WIDTH="69" HEIGHT="27" WC="0.93" CONTENT="nägon"/><SP WIDTH="16" VPOS="1091" HPOS="594"/>
							<String ID="string_299" HPOS="610" VPOS="1091" WIDTH="45" HEIGHT="21" WC="0.93" CONTENT="fara"/><SP WIDTH="16" VPOS="1091" HPOS="655"/>
							<String ID="string_300" HPOS="671" VPOS="1091" WIDTH="130" HEIGHT="21" WC="0.96" CONTENT="beträffande"/><SP WIDTH="16" VPOS="1091" HPOS="801"/>
							<String ID="string_301" HPOS="817" VPOS="1097" WIDTH="27" HEIGHT="14" WC="0.93" CONTENT="en"/><SP WIDTH="19" VPOS="1097" HPOS="844"/>
							<String ID="string_302" HPOS="863" VPOS="1088" WIDTH="126" HEIGHT="27" WC="0.93" CONTENT="försämring"/><SP WIDTH="15" VPOS="1088" HPOS="989"/>
							<String ID="string_303" HPOS="1004" VPOS="1088" WIDTH="21" HEIGHT="20" WC="0.96" CONTENT="af"/>
						</TextLine>
						<TextLine ID="line_31" HPOS="200" VPOS="1117" WIDTH="825" HEIGHT="29">
							<String ID="string_304" HPOS="200" VPOS="1117" WIDTH="26" HEIGHT="21" WC="0.92" CONTENT="de"/><SP WIDTH="16" VPOS="1117" HPOS="226"/>
							<String ID="string_305" HPOS="242" VPOS="1118" WIDTH="170" HEIGHT="28" WC="0.89" CONTENT="klimatologiska"/><SP WIDTH="22" VPOS="1118" HPOS="412"/>
							<String ID="string_306" HPOS="434" VPOS="1119" WIDTH="161" HEIGHT="21" WC="0.89" CONTENT="förhällandena"/><SP WIDTH="21" VPOS="1119" HPOS="595"/>
							<String ID="string_307" HPOS="616" VPOS="1120" WIDTH="7" HEIGHT="20" WC="0.93" CONTENT="i"/><SP WIDTH="17" VPOS="1120" HPOS="623"/>
							<String ID="string_308" HPOS="640" VPOS="1120" WIDTH="46" HEIGHT="20" WC="0.89" CONTENT="värt"/><SP WIDTH="21" VPOS="1120" HPOS="686"/>
							<String ID="string_309" HPOS="707" VPOS="1120" WIDTH="49" HEIGHT="20" WC="0.93" CONTENT="land"/><SP WIDTH="24" VPOS="1120" HPOS="756"/>
							<String ID="string_310" HPOS="780" VPOS="1119" WIDTH="47" HEIGHT="21" WC="0.91" CONTENT="icke"/><SP WIDTH="22" VPOS="1119" HPOS="827"/>
							<String ID="string_311" HPOS="849" VPOS="1118" WIDTH="66" HEIGHT="21" WC="0.96" CONTENT="borde"/><SP WIDTH="16" VPOS="1118" HPOS="915"/>
							<String ID="string_312" HPOS="931" VPOS="1124" WIDTH="49" HEIGHT="14" WC="0.96" CONTENT="vara"/><SP WIDTH="15" VPOS="1124" HPOS="980"/>
							<String ID="string_313" HPOS="995" VPOS="1118" WIDTH="30" HEIGHT="19" WC="0.96" CONTENT="att"/>
						</TextLine>
						<TextLine ID="line_32" HPOS="200" VPOS="1146" WIDTH="825" HEIGHT="29">
							<String ID="string_314" HPOS="200" VPOS="1146" WIDTH="73" HEIGHT="21" WC="0.93" CONTENT="befara"/><SP WIDTH="15" VPOS="1146" HPOS="273"/>
							<String ID="string_315" HPOS="288" VPOS="1153" WIDTH="77" HEIGHT="21" WC="0.93" CONTENT="genom"/><SP WIDTH="15" VPOS="1153" HPOS="365"/>
							<String ID="string_316" HPOS="380" VPOS="1148" WIDTH="187" HEIGHT="27" WC="0.91" CONTENT="misshushällning"/><SP WIDTH="14" VPOS="1148" HPOS="567"/>
							<String ID="string_317" HPOS="581" VPOS="1149" WIDTH="8" HEIGHT="19" WC="0.96" CONTENT="i"/><SP WIDTH="15" VPOS="1149" HPOS="589"/>
							<String ID="string_318" HPOS="604" VPOS="1148" WIDTH="27" HEIGHT="21" WC="0.97" CONTENT="de"/><SP WIDTH="15" VPOS="1148" HPOS="631"/>
							<String ID="string_319" HPOS="646" VPOS="1149" WIDTH="81" HEIGHT="26" WC="0.93" CONTENT="privata"/><SP WIDTH="15" VPOS="1149" HPOS="727"/>
							<String ID="string_320" HPOS="742" VPOS="1148" WIDTH="112" HEIGHT="27" WC="0.92" CONTENT="skogarna."/><SP WIDTH="31" VPOS="1148" HPOS="854"/>
							<String ID="string_321" HPOS="885" VPOS="1146" WIDTH="32" HEIGHT="21" WC="0.96" CONTENT="Hr"/><SP WIDTH="14" VPOS="1146" HPOS="917"/>
							<String ID="string_322" HPOS="931" VPOS="1146" WIDTH="94" HEIGHT="21" WC="0.96" CONTENT="Neovius"/>
						</TextLine>
						<TextLine ID="line_33" HPOS="200" VPOS="1174" WIDTH="825" HEIGHT="29">
							<String ID="string_323" HPOS="200" VPOS="1176" WIDTH="39" HEIGHT="20" WC="0.92" CONTENT="har"/><SP WIDTH="15" VPOS="1176" HPOS="239"/>
							<String ID="string_324" HPOS="254" VPOS="1177" WIDTH="68" HEIGHT="19" WC="0.92" CONTENT="ansett"/><SP WIDTH="15" VPOS="1177" HPOS="322"/>
							<String ID="string_325" HPOS="337" VPOS="1176" WIDTH="27" HEIGHT="21" WC="0.93" CONTENT="de"/><SP WIDTH="15" VPOS="1176" HPOS="364"/>
							<String ID="string_326" HPOS="379" VPOS="1176" WIDTH="73" HEIGHT="27" WC="0.92" CONTENT="siffror,"/><SP WIDTH="16" VPOS="1176" HPOS="452"/>
							<String ID="string_327" HPOS="468" VPOS="1183" WIDTH="45" HEIGHT="14" WC="0.96" CONTENT="som"/><SP WIDTH="15" VPOS="1183" HPOS="513"/>
							<String ID="string_328" HPOS="528" VPOS="1176" WIDTH="69" HEIGHT="22" WC="0.96" CONTENT="finnas"/><SP WIDTH="15" VPOS="1176" HPOS="597"/>
							<String ID="string_329" HPOS="612" VPOS="1177" WIDTH="7" HEIGHT="20" WC="0.93" CONTENT="i"/><SP WIDTH="16" VPOS="1177" HPOS="619"/>
							<String ID="string_330" HPOS="635" VPOS="1177" WIDTH="112" HEIGHT="21" WC="0.92" CONTENT="utskottets"/><SP WIDTH="19" VPOS="1177" HPOS="747"/>
							<String ID="string_331" HPOS="766" VPOS="1175" WIDTH="134" HEIGHT="22" WC="0.92" CONTENT="betänkande"/><SP WIDTH="16" VPOS="1175" HPOS="900"/>
							<String ID="string_332" HPOS="916" VPOS="1174" WIDTH="109" HEIGHT="28" WC="0.92" CONTENT="angäende"/>
						</TextLine>
						<TextLine ID="line_34" HPOS="200" VPOS="1202" WIDTH="825" HEIGHT="30">
							<String ID="string_333" HPOS="200" VPOS="1203" WIDTH="80" HEIGHT="21" WC="0.93" CONTENT="vidden"/><SP WIDTH="15" VPOS="1203" HPOS="280"/>
							<String ID="string_334" HPOS="295" VPOS="1204" WIDTH="21" HEIGHT="20" WC="0.96" CONTENT="af"/><SP WIDTH="14" VPOS="1204" HPOS="316"/>
							<String ID="string_335" HPOS="330" VPOS="1206" WIDTH="80" HEIGHT="20" WC="0.96" CONTENT="statens"/><SP WIDTH="16" VPOS="1206" HPOS="410"/>
							<String ID="string_336" HPOS="426" VPOS="1206" WIDTH="81" HEIGHT="26" WC="0.93" CONTENT="skogar,"/><SP WIDTH="15" VPOS="1206" HPOS="507"/>
							<String ID="string_337" HPOS="522" VPOS="1206" WIDTH="47" HEIGHT="20" WC="0.92" CONTENT="icke"/><SP WIDTH="15" VPOS="1206" HPOS="569"/>
							<String ID="string_338" HPOS="584" VPOS="1205" WIDTH="81" HEIGHT="27" WC="0.90" CONTENT="riktiga."/><SP WIDTH="31" VPOS="1205" HPOS="665"/>
							<String ID="string_339" HPOS="696" VPOS="1204" WIDTH="125" HEIGHT="22" WC="0.89" CONTENT="Emellertid"/><SP WIDTH="16" VPOS="1204" HPOS="821"/>
							<String ID="string_340" HPOS="837" VPOS="1206" WIDTH="36" HEIGHT="19" WC="0.93" CONTENT="äro"/><SP WIDTH="16" VPOS="1206" HPOS="873"/>
							<String ID="string_341" HPOS="889" VPOS="1204" WIDTH="26" HEIGHT="20" WC="0.96" CONTENT="de"/><SP WIDTH="15" VPOS="1204" HPOS="915"/>
							<String ID="string_342" HPOS="930" VPOS="1203" WIDTH="23" HEIGHT="27" WC="0.93" CONTENT="ju"/><SP WIDTH="10" VPOS="1203" HPOS="953"/>
							<String ID="string_343" HPOS="963" VPOS="1202" WIDTH="62" HEIGHT="21" WC="0.92" CONTENT="äfven"/>
						</TextLine>
						<TextLine ID="line_35" HPOS="200" VPOS="1230" WIDTH="826" HEIGHT="28">
							<String ID="string_344" HPOS="200" VPOS="1232" WIDTH="99" HEIGHT="21" WC="0.96" CONTENT="hämtade"/><SP WIDTH="15" VPOS="1232" HPOS="299"/>
							<String ID="string_345" HPOS="314" VPOS="1232" WIDTH="55" HEIGHT="21" WC="0.96" CONTENT="ifrån"/><SP WIDTH="16" VPOS="1232" HPOS="369"/>
							<String ID="string_346" HPOS="385" VPOS="1234" WIDTH="97" HEIGHT="21" WC="0.96" CONTENT="officiella"/><SP WIDTH="16" VPOS="1234" HPOS="482"/>
							<String ID="string_347" HPOS="498" VPOS="1234" WIDTH="68" HEIGHT="21" WC="0.96" CONTENT="källor"/><SP WIDTH="20" VPOS="1234" HPOS="566"/>
							<String ID="string_348" HPOS="586" VPOS="1234" WIDTH="40" HEIGHT="21" WC="0.96" CONTENT="och"/><SP WIDTH="15" VPOS="1234" HPOS="626"/>
							<String ID="string_349" HPOS="641" VPOS="1234" WIDTH="26" HEIGHT="21" WC="0.96" CONTENT="de"/><SP WIDTH="17" VPOS="1234" HPOS="667"/>
							<String ID="string_350" HPOS="684" VPOS="1234" WIDTH="45" HEIGHT="20" WC="0.97" CONTENT="visa"/><SP WIDTH="15" VPOS="1234" HPOS="729"/>
							<String ID="string_351" HPOS="744" VPOS="1235" WIDTH="31" HEIGHT="19" WC="0.93" CONTENT="att"/><SP WIDTH="14" VPOS="1235" HPOS="775"/>
							<String ID="string_352" HPOS="789" VPOS="1233" WIDTH="128" HEIGHT="21" WC="0.96" CONTENT="åtminstone"/><SP WIDTH="12" VPOS="1233" HPOS="917"/>
							<String ID="string_353" HPOS="929" VPOS="1232" WIDTH="26" HEIGHT="20" WC="0.93" CONTENT="13"/><SP WIDTH="11" VPOS="1232" HPOS="955"/>
							<String ID="string_354" HPOS="966" VPOS="1231" WIDTH="27" HEIGHT="27" WC="0.61" CONTENT="”/,"/><SP WIDTH="11" VPOS="1231" HPOS="993"/>
							<String ID="string_355" HPOS="1004" VPOS="1230" WIDTH="22" HEIGHT="21" WC="0.96" CONTENT="af"/>
						</TextLine>
						<TextLine ID="line_36" HPOS="200" VPOS="1260" WIDTH="825" HEIGHT="30">
							<String ID="string_356" HPOS="200" VPOS="1260" WIDTH="102" HEIGHT="22" WC="0.96" CONTENT="Finlands"/><SP WIDTH="22" VPOS="1260" HPOS="302"/>
							<String ID="string_357" HPOS="324" VPOS="1262" WIDTH="58" HEIGHT="20" WC="0.93" CONTENT="areal"/><SP WIDTH="23" VPOS="1262" HPOS="382"/>
							<String ID="string_358" HPOS="405" VPOS="1264" WIDTH="84" HEIGHT="25" WC="0.92" CONTENT="utgöres"/><SP WIDTH="23" VPOS="1264" HPOS="489"/>
							<String ID="string_359" HPOS="512" VPOS="1262" WIDTH="22" HEIGHT="21" WC="0.93" CONTENT="af"/><SP WIDTH="14" VPOS="1262" HPOS="534"/>
							<String ID="string_360" HPOS="548" VPOS="1262" WIDTH="157" HEIGHT="28" WC="0.92" CONTENT="skogsbärande"/><SP WIDTH="15" VPOS="1262" HPOS="705"/>
							<String ID="string_361" HPOS="720" VPOS="1262" WIDTH="91" HEIGHT="26" WC="0.93" CONTENT="marker,"/><SP WIDTH="15" VPOS="1262" HPOS="811"/>
							<String ID="string_362" HPOS="826" VPOS="1268" WIDTH="45" HEIGHT="14" WC="0.96" CONTENT="som"/><SP WIDTH="16" VPOS="1268" HPOS="871"/>
							<String ID="string_363" HPOS="887" VPOS="1262" WIDTH="67" HEIGHT="19" WC="0.93" CONTENT="staten"/><SP WIDTH="17" VPOS="1262" HPOS="954"/>
							<String ID="string_364" HPOS="971" VPOS="1266" WIDTH="54" HEIGHT="20" WC="0.93" CONTENT="eger."/>
						</TextLine>
						<TextLine ID="line_37" HPOS="200" VPOS="1288" WIDTH="826" HEIGHT="30">
							<String ID="string_365" HPOS="200" VPOS="1289" WIDTH="34" HEIGHT="21" WC="0.92" CONTENT="Dä"/><SP WIDTH="15" VPOS="1289" HPOS="234"/>
							<String ID="string_366" HPOS="249" VPOS="1289" WIDTH="71" HEIGHT="21" WC="0.96" CONTENT="denna"/><SP WIDTH="14" VPOS="1289" HPOS="320"/>
							<String ID="string_367" HPOS="334" VPOS="1291" WIDTH="60" HEIGHT="20" WC="0.96" CONTENT="mark"/><SP WIDTH="23" VPOS="1291" HPOS="394"/>
							<String ID="string_368" HPOS="417" VPOS="1293" WIDTH="23" HEIGHT="19" WC="0.96" CONTENT="är"/><SP WIDTH="15" VPOS="1293" HPOS="440"/>
							<String ID="string_369" HPOS="455" VPOS="1291" WIDTH="69" HEIGHT="21" WC="0.93" CONTENT="under"/><SP WIDTH="21" VPOS="1291" HPOS="524"/>
							<String ID="string_370" HPOS="545" VPOS="1291" WIDTH="122" HEIGHT="27" WC="0.91" CONTENT="forstnärlig"/><SP WIDTH="21" VPOS="1291" HPOS="667"/>
							<String ID="string_371" HPOS="688" VPOS="1291" WIDTH="57" HEIGHT="27" WC="0.91" CONTENT="värd,"/><SP WIDTH="24" VPOS="1291" HPOS="745"/>
							<String ID="string_372" HPOS="769" VPOS="1290" WIDTH="24" HEIGHT="21" WC="0.93" CONTENT="sä"/><SP WIDTH="16" VPOS="1290" HPOS="793"/>
							<String ID="string_373" HPOS="809" VPOS="1290" WIDTH="66" HEIGHT="20" WC="0.92" CONTENT="mäste"/><SP WIDTH="14" VPOS="1290" HPOS="875"/>
							<String ID="string_374" HPOS="889" VPOS="1290" WIDTH="35" HEIGHT="26" WC="0.96" CONTENT="jag"/><SP WIDTH="14" VPOS="1290" HPOS="924"/>
							<String ID="string_375" HPOS="938" VPOS="1288" WIDTH="8" HEIGHT="20" WC="0.93" CONTENT="i"/><SP WIDTH="14" VPOS="1288" HPOS="946"/>
							<String ID="string_376" HPOS="960" VPOS="1288" WIDTH="66" HEIGHT="20" WC="0.92" CONTENT="likhet"/>
						</TextLine>
						<TextLine ID="line_38" HPOS="200" VPOS="1317" WIDTH="827" HEIGHT="27">
							<String ID="string_377" HPOS="200" VPOS="1318" WIDTH="49" HEIGHT="21" WC="0.93" CONTENT="med"/><SP WIDTH="15" VPOS="1318" HPOS="249"/>
							<String ID="string_378" HPOS="264" VPOS="1319" WIDTH="102" HEIGHT="21" WC="0.93" CONTENT="utskottet"/><SP WIDTH="14" VPOS="1319" HPOS="366"/>
							<String ID="string_379" HPOS="380" VPOS="1320" WIDTH="55" HEIGHT="20" WC="0.93" CONTENT="hälla"/><SP WIDTH="23" VPOS="1320" HPOS="435"/>
							<String ID="string_380" HPOS="458" VPOS="1320" WIDTH="44" HEIGHT="20" WC="0.96" CONTENT="före"/><SP WIDTH="16" VPOS="1320" HPOS="502"/>
							<String ID="string_381" HPOS="518" VPOS="1322" WIDTH="30" HEIGHT="18" WC="0.96" CONTENT="att"/><SP WIDTH="23" VPOS="1322" HPOS="548"/>
							<String ID="string_382" HPOS="571" VPOS="1320" WIDTH="57" HEIGHT="20" WC="0.96" CONTENT="detta"/><SP WIDTH="17" VPOS="1320" HPOS="628"/>
							<String ID="string_383" HPOS="645" VPOS="1320" WIDTH="36" HEIGHT="20" WC="0.96" CONTENT="bör"/><SP WIDTH="15" VPOS="1320" HPOS="681"/>
							<String ID="string_384" HPOS="696" VPOS="1326" WIDTH="51" HEIGHT="14" WC="0.93" CONTENT="vara"/><SP WIDTH="15" VPOS="1326" HPOS="747"/>
							<String ID="string_385" HPOS="762" VPOS="1319" WIDTH="128" HEIGHT="21" WC="0.92" CONTENT="ätminstone"/><SP WIDTH="16" VPOS="1319" HPOS="890"/>
							<String ID="string_386" HPOS="906" VPOS="1317" WIDTH="69" HEIGHT="27" WC="0.92" CONTENT="nägon"/><SP WIDTH="15" VPOS="1317" HPOS="975"/>
							<String ID="string_387" HPOS="990" VPOS="1323" WIDTH="37" HEIGHT="20" WC="0.92" CONTENT="ga-"/>
						</TextLine>
						<TextLine ID="line_39" HPOS="200" VPOS="1345" WIDTH="827" HEIGHT="30">
							<String ID="string_388" HPOS="200" VPOS="1347" WIDTH="56" HEIGHT="20" WC="0.93" CONTENT="ranti"/><SP WIDTH="15" VPOS="1347" HPOS="256"/>
							<String ID="string_389" HPOS="271" VPOS="1347" WIDTH="7" HEIGHT="20" WC="0.96" CONTENT="i"/><SP WIDTH="16" VPOS="1347" HPOS="278"/>
							<String ID="string_390" HPOS="294" VPOS="1347" WIDTH="35" HEIGHT="21" WC="0.96" CONTENT="det"/><SP WIDTH="15" VPOS="1347" HPOS="329"/>
							<String ID="string_391" HPOS="344" VPOS="1348" WIDTH="62" HEIGHT="26" WC="0.96" CONTENT="syfte,"/><SP WIDTH="15" VPOS="1348" HPOS="406"/>
							<String ID="string_392" HPOS="421" VPOS="1355" WIDTH="44" HEIGHT="14" WC="0.96" CONTENT="som"/><SP WIDTH="15" VPOS="1355" HPOS="465"/>
							<String ID="string_393" HPOS="480" VPOS="1348" WIDTH="37" HEIGHT="27" WC="0.96" CONTENT="jag"/><SP WIDTH="14" VPOS="1348" HPOS="517"/>
							<String ID="string_394" HPOS="531" VPOS="1348" WIDTH="54" HEIGHT="21" WC="0.93" CONTENT="hade"/><SP WIDTH="16" VPOS="1348" HPOS="585"/>
							<String ID="string_395" HPOS="601" VPOS="1350" WIDTH="50" HEIGHT="19" WC="0.92" CONTENT="äran"/><SP WIDTH="16" VPOS="1350" HPOS="651"/>
							<String ID="string_396" HPOS="667" VPOS="1350" WIDTH="84" HEIGHT="19" WC="0.91" CONTENT="nämna."/><SP WIDTH="30" VPOS="1350" HPOS="751"/>
							<String ID="string_397" HPOS="781" VPOS="1347" WIDTH="43" HEIGHT="21" WC="0.93" CONTENT="Det"/><SP WIDTH="18" VPOS="1347" HPOS="824"/>
							<String ID="string_398" HPOS="842" VPOS="1345" WIDTH="140" HEIGHT="22" WC="0.92" CONTENT="förhällandet"/><SP WIDTH="15" VPOS="1345" HPOS="982"/>
							<String ID="string_399" HPOS="997" VPOS="1347" WIDTH="30" HEIGHT="19" WC="0.97" CONTENT="att"/>
						</TextLine>
						<TextLine ID="line_40" HPOS="201" VPOS="1373" WIDTH="826" HEIGHT="31">
							<String ID="string_400" HPOS="201" VPOS="1376" WIDTH="71" HEIGHT="20" WC="0.96" CONTENT="denna"/><SP WIDTH="15" VPOS="1376" HPOS="272"/>
							<String ID="string_401" HPOS="287" VPOS="1378" WIDTH="80" HEIGHT="19" WC="0.92" CONTENT="statens"/><SP WIDTH="22" VPOS="1378" HPOS="367"/>
							<String ID="string_402" HPOS="389" VPOS="1376" WIDTH="146" HEIGHT="28" WC="0.92" CONTENT="skogbärande"/><SP WIDTH="22" VPOS="1376" HPOS="535"/>
							<String ID="string_403" HPOS="557" VPOS="1377" WIDTH="60" HEIGHT="21" WC="0.96" CONTENT="mark"/><SP WIDTH="16" VPOS="1377" HPOS="617"/>
							<String ID="string_404" HPOS="633" VPOS="1379" WIDTH="23" HEIGHT="19" WC="0.96" CONTENT="är"/><SP WIDTH="19" VPOS="1379" HPOS="656"/>
							<String ID="string_405" HPOS="675" VPOS="1377" WIDTH="56" HEIGHT="21" WC="0.93" CONTENT="olika"/><SP WIDTH="15" VPOS="1377" HPOS="731"/>
							<String ID="string_406" HPOS="746" VPOS="1376" WIDTH="96" HEIGHT="21" WC="0.93" CONTENT="fördelad"/><SP WIDTH="17" VPOS="1376" HPOS="842"/>
							<String ID="string_407" HPOS="859" VPOS="1375" WIDTH="60" HEIGHT="21" WC="0.96" CONTENT="öfver"/><SP WIDTH="18" VPOS="1375" HPOS="919"/>
							<String ID="string_408" HPOS="937" VPOS="1373" WIDTH="90" HEIGHT="21" WC="0.96" CONTENT="Finland"/>
						</TextLine>
						<TextLine ID="line_41" HPOS="201" VPOS="1402" WIDTH="826" HEIGHT="30">
							<String ID="string_409" HPOS="201" VPOS="1410" WIDTH="65" HEIGHT="20" WC="0.92" CONTENT="synes"/><SP WIDTH="16" VPOS="1410" HPOS="266"/>
							<String ID="string_410" HPOS="282" VPOS="1405" WIDTH="44" HEIGHT="27" WC="0.93" CONTENT="mig"/><SP WIDTH="14" VPOS="1405" HPOS="326"/>
							<String ID="string_411" HPOS="340" VPOS="1405" WIDTH="123" HEIGHT="27" WC="0.93" CONTENT="ingalunda,"/><SP WIDTH="10" VPOS="1405" HPOS="463"/>
							<String ID="string_412" HPOS="473" VPOS="1405" WIDTH="69" HEIGHT="21" WC="0.92" CONTENT="säsom"/><SP WIDTH="13" VPOS="1405" HPOS="542"/>
							<String ID="string_413" HPOS="555" VPOS="1406" WIDTH="25" HEIGHT="20" WC="0.96" CONTENT="hr"/><SP WIDTH="15" VPOS="1406" HPOS="580"/>
							<String ID="string_414" HPOS="595" VPOS="1405" WIDTH="95" HEIGHT="21" WC="0.96" CONTENT="Neovius"/><SP WIDTH="14" VPOS="1405" HPOS="690"/>
							<String ID="string_415" HPOS="704" VPOS="1406" WIDTH="39" HEIGHT="20" WC="0.93" CONTENT="har"/><SP WIDTH="15" VPOS="1406" HPOS="743"/>
							<String ID="string_416" HPOS="758" VPOS="1406" WIDTH="69" HEIGHT="20" WC="0.93" CONTENT="ansett"/><SP WIDTH="11" VPOS="1406" HPOS="827"/>
							<String ID="string_417" HPOS="838" VPOS="1404" WIDTH="41" HEIGHT="26" WC="0.93" CONTENT="det,"/><SP WIDTH="10" VPOS="1404" HPOS="879"/>
							<String ID="string_418" HPOS="889" VPOS="1402" WIDTH="102" HEIGHT="22" WC="0.92" CONTENT="innebära"/><SP WIDTH="8" VPOS="1402" HPOS="991"/>
							<String ID="string_419" HPOS="999" VPOS="1408" WIDTH="28" HEIGHT="14" WC="0.96" CONTENT="en"/>
						</TextLine>
						<TextLine ID="line_42" HPOS="201" VPOS="1432" WIDTH="827" HEIGHT="29">
							<String ID="string_420" HPOS="201" VPOS="1432" WIDTH="84" HEIGHT="22" WC="0.93" CONTENT="mindre"/><SP WIDTH="15" VPOS="1432" HPOS="285"/>
							<String ID="string_421" HPOS="300" VPOS="1434" WIDTH="89" HEIGHT="25" WC="0.89" CONTENT="garanti."/><SP WIDTH="29" VPOS="1434" HPOS="389"/>
							<String ID="string_422" HPOS="418" VPOS="1434" WIDTH="98" HEIGHT="21" WC="0.91" CONTENT="Tvärtom"/><SP WIDTH="22" VPOS="1434" HPOS="516"/>
							<String ID="string_423" HPOS="538" VPOS="1441" WIDTH="63" HEIGHT="15" WC="0.96" CONTENT="anser"/><SP WIDTH="21" VPOS="1441" HPOS="601"/>
							<String ID="string_424" HPOS="622" VPOS="1434" WIDTH="35" HEIGHT="27" WC="0.96" CONTENT="jag"/><SP WIDTH="16" VPOS="1434" HPOS="657"/>
							<String ID="string_425" HPOS="673" VPOS="1435" WIDTH="30" HEIGHT="20" WC="0.96" CONTENT="att"/><SP WIDTH="15" VPOS="1435" HPOS="703"/>
							<String ID="string_426" HPOS="718" VPOS="1434" WIDTH="36" HEIGHT="20" WC="0.97" CONTENT="det"/><SP WIDTH="15" VPOS="1434" HPOS="754"/>
							<String ID="string_427" HPOS="769" VPOS="1435" WIDTH="24" HEIGHT="19" WC="0.93" CONTENT="är"/><SP WIDTH="14" VPOS="1435" HPOS="793"/>
							<String ID="string_428" HPOS="807" VPOS="1432" WIDTH="89" HEIGHT="28" WC="0.92" CONTENT="lyckligt"/><SP WIDTH="21" VPOS="1432" HPOS="896"/>
							<String ID="string_429" HPOS="917" VPOS="1433" WIDTH="30" HEIGHT="19" WC="0.96" CONTENT="att"/><SP WIDTH="14" VPOS="1433" HPOS="947"/>
							<String ID="string_430" HPOS="961" VPOS="1432" WIDTH="67" HEIGHT="19" WC="0.96" CONTENT="större"/>
						</TextLine>
						<TextLine ID="line_43" HPOS="201" VPOS="1459" WIDTH="828" HEIGHT="31">
							<String ID="string_431" HPOS="201" VPOS="1462" WIDTH="63" HEIGHT="20" WC="0.92" CONTENT="delen"/><SP WIDTH="16" VPOS="1462" HPOS="264"/>
							<String ID="string_432" HPOS="280" VPOS="1462" WIDTH="21" HEIGHT="20" WC="0.96" CONTENT="af"/><SP WIDTH="15" VPOS="1462" HPOS="301"/>
							<String ID="string_433" HPOS="316" VPOS="1462" WIDTH="61" HEIGHT="21" WC="0.93" CONTENT="dessa"/><SP WIDTH="15" VPOS="1462" HPOS="377"/>
							<String ID="string_434" HPOS="392" VPOS="1463" WIDTH="84" HEIGHT="21" WC="0.92" CONTENT="marker"/><SP WIDTH="14" VPOS="1463" HPOS="476"/>
							<String ID="string_435" HPOS="490" VPOS="1463" WIDTH="69" HEIGHT="21" WC="0.96" CONTENT="finnas"/><SP WIDTH="14" VPOS="1463" HPOS="559"/>
							<String ID="string_436" HPOS="573" VPOS="1463" WIDTH="8" HEIGHT="20" WC="0.96" CONTENT="i"/><SP WIDTH="15" VPOS="1463" HPOS="581"/>
							<String ID="string_437" HPOS="596" VPOS="1463" WIDTH="26" HEIGHT="21" WC="0.96" CONTENT="de"/><SP WIDTH="20" VPOS="1463" HPOS="622"/>
							<String ID="string_438" HPOS="642" VPOS="1462" WIDTH="97" HEIGHT="28" WC="0.96" CONTENT="nordliga"/><SP WIDTH="16" VPOS="1462" HPOS="739"/>
							<String ID="string_439" HPOS="755" VPOS="1462" WIDTH="87" HEIGHT="20" WC="0.96" CONTENT="delarna"/><SP WIDTH="15" VPOS="1462" HPOS="842"/>
							<String ID="string_440" HPOS="857" VPOS="1460" WIDTH="21" HEIGHT="22" WC="0.97" CONTENT="af"/><SP WIDTH="19" VPOS="1460" HPOS="878"/>
							<String ID="string_441" HPOS="897" VPOS="1460" WIDTH="78" HEIGHT="26" WC="0.96" CONTENT="landet,"/><SP WIDTH="15" VPOS="1460" HPOS="975"/>
							<String ID="string_442" HPOS="990" VPOS="1459" WIDTH="39" HEIGHT="20" WC="0.96" CONTENT="där"/>
						</TextLine>
						<TextLine ID="line_44" HPOS="201" VPOS="1487" WIDTH="827" HEIGHT="33">
							<String ID="string_443" HPOS="201" VPOS="1492" WIDTH="94" HEIGHT="20" WC="0.93" CONTENT="insikten"/><SP WIDTH="15" VPOS="1492" HPOS="295"/>
							<String ID="string_444" HPOS="310" VPOS="1497" WIDTH="34" HEIGHT="15" WC="0.93" CONTENT="om"/><SP WIDTH="17" VPOS="1497" HPOS="344"/>
							<String ID="string_445" HPOS="361" VPOS="1492" WIDTH="144" HEIGHT="27" WC="0.93" CONTENT="skogsvärden"/><SP WIDTH="15" VPOS="1492" HPOS="505"/>
							<String ID="string_446" HPOS="520" VPOS="1494" WIDTH="23" HEIGHT="18" WC="0.97" CONTENT="är"/><SP WIDTH="14" VPOS="1494" HPOS="543"/>
							<String ID="string_447" HPOS="557" VPOS="1492" WIDTH="65" HEIGHT="20" WC="0.96" CONTENT="minst"/><SP WIDTH="15" VPOS="1492" HPOS="622"/>
							<String ID="string_448" HPOS="637" VPOS="1492" WIDTH="40" HEIGHT="20" WC="0.97" CONTENT="och"/><SP WIDTH="15" VPOS="1492" HPOS="677"/>
							<String ID="string_449" HPOS="692" VPOS="1491" WIDTH="37" HEIGHT="21" WC="0.93" CONTENT="där"/><SP WIDTH="15" VPOS="1491" HPOS="729"/>
							<String ID="string_450" HPOS="744" VPOS="1490" WIDTH="64" HEIGHT="21" WC="0.93" CONTENT="äfven"/><SP WIDTH="16" VPOS="1490" HPOS="808"/>
							<String ID="string_451" HPOS="824" VPOS="1490" WIDTH="91" HEIGHT="26" WC="0.96" CONTENT="skogens"/><SP WIDTH="16" VPOS="1490" HPOS="915"/>
							<String ID="string_452" HPOS="931" VPOS="1487" WIDTH="63" HEIGHT="33" WC="0.93" CONTENT="värde"/><SP WIDTH="10" VPOS="1487" HPOS="994"/>
							<String ID="string_453" HPOS="1004" VPOS="1489" WIDTH="24" HEIGHT="30" WC="0.93" CONTENT="är"/>
						</TextLine>
						<TextLine ID="line_45" HPOS="201" VPOS="1516" WIDTH="827" HEIGHT="25">
							<String ID="string_454" HPOS="201" VPOS="1520" WIDTH="71" HEIGHT="21" WC="0.96" CONTENT="minst."/><SP WIDTH="20" VPOS="1520" HPOS="272"/>
							<String ID="string_455" HPOS="292" VPOS="1520" WIDTH="12" HEIGHT="21" WC="0.96" CONTENT="I"/><SP WIDTH="15" VPOS="1520" HPOS="304"/>
							<String ID="string_456" HPOS="319" VPOS="1520" WIDTH="26" HEIGHT="21" WC="0.97" CONTENT="de"/><SP WIDTH="16" VPOS="1520" HPOS="345"/>
							<String ID="string_457" HPOS="361" VPOS="1520" WIDTH="63" HEIGHT="21" WC="0.97" CONTENT="södra"/><SP WIDTH="14" VPOS="1520" HPOS="424"/>
							<String ID="string_458" HPOS="438" VPOS="1520" WIDTH="87" HEIGHT="21" WC="0.96" CONTENT="delarna"/><SP WIDTH="15" VPOS="1520" HPOS="525"/>
							<String ID="string_459" HPOS="540" VPOS="1520" WIDTH="22" HEIGHT="20" WC="0.96" CONTENT="af"/><SP WIDTH="13" VPOS="1520" HPOS="562"/>
							<String ID="string_460" HPOS="575" VPOS="1520" WIDTH="73" HEIGHT="21" WC="0.97" CONTENT="landet"/><SP WIDTH="14" VPOS="1520" HPOS="648"/>
							<String ID="string_461" HPOS="662" VPOS="1520" WIDTH="39" HEIGHT="20" WC="0.96" CONTENT="har"/><SP WIDTH="14" VPOS="1520" HPOS="701"/>
							<String ID="string_462" HPOS="715" VPOS="1520" WIDTH="71" HEIGHT="20" WC="0.93" CONTENT="denna"/><SP WIDTH="16" VPOS="1520" HPOS="786"/>
							<String ID="string_463" HPOS="802" VPOS="1518" WIDTH="65" HEIGHT="21" WC="0.96" CONTENT="insikt"/><SP WIDTH="14" VPOS="1518" HPOS="867"/>
							<String ID="string_464" HPOS="881" VPOS="1517" WIDTH="65" HEIGHT="21" WC="0.93" CONTENT="redan"/><SP WIDTH="12" VPOS="1517" HPOS="946"/>
							<String ID="string_465" HPOS="958" VPOS="1516" WIDTH="70" HEIGHT="21" WC="0.96" CONTENT="blifvit"/>
						</TextLine>
						<TextLine ID="line_46" HPOS="202" VPOS="1546" WIDTH="826" HEIGHT="30">
							<String ID="string_466" HPOS="202" VPOS="1550" WIDTH="66" HEIGHT="20" WC="0.96" CONTENT="större"/><SP WIDTH="15" VPOS="1550" HPOS="268"/>
							<String ID="string_467" HPOS="283" VPOS="1550" WIDTH="44" HEIGHT="26" WC="0.96" CONTENT="just"/><SP WIDTH="14" VPOS="1550" HPOS="327"/>
							<String ID="string_468" HPOS="341" VPOS="1555" WIDTH="78" HEIGHT="21" WC="0.96" CONTENT="genom"/><SP WIDTH="16" VPOS="1555" HPOS="419"/>
							<String ID="string_469" HPOS="435" VPOS="1549" WIDTH="35" HEIGHT="21" WC="0.96" CONTENT="det"/><SP WIDTH="15" VPOS="1549" HPOS="470"/>
							<String ID="string_470" HPOS="485" VPOS="1550" WIDTH="67" HEIGHT="20" WC="0.96" CONTENT="större"/><SP WIDTH="16" VPOS="1550" HPOS="552"/>
							<String ID="string_471" HPOS="568" VPOS="1548" WIDTH="63" HEIGHT="22" WC="0.96" CONTENT="värde"/><SP WIDTH="16" VPOS="1548" HPOS="631"/>
							<String ID="string_472" HPOS="647" VPOS="1548" WIDTH="26" HEIGHT="21" WC="0.96" CONTENT="de"/><SP WIDTH="15" VPOS="1548" HPOS="673"/>
							<String ID="string_473" HPOS="688" VPOS="1548" WIDTH="83" HEIGHT="28" WC="0.93" CONTENT="privata"/><SP WIDTH="15" VPOS="1548" HPOS="771"/>
							<String ID="string_474" HPOS="786" VPOS="1547" WIDTH="105" HEIGHT="27" WC="0.91" CONTENT="skogarna"/><SP WIDTH="10" VPOS="1547" HPOS="891"/>
							<String ID="string_475" HPOS="901" VPOS="1546" WIDTH="62" HEIGHT="20" WC="0.92" CONTENT="hafva"/><SP WIDTH="11" VPOS="1546" HPOS="963"/>
							<String ID="string_476" HPOS="974" VPOS="1551" WIDTH="54" HEIGHT="14" WC="0.92" CONTENT="vun-"/>
						</TextLine>
					</TextBlock>
				</ComposedBlock>
			</PrintSpace>
		</Page>
	</Layout>
</alto>
