1142 1773
348 150 178 22 Borgareståndet
540 151 57 17 1894.
623 150 12 18 9
648 150 47 21 maj.
855 144 54 20 1009

109 230 57 22 hvad
180 230 8 20 i
203 230 67 21 andra
292 230 60 21 stånd
369 230 59 21 torde
450 230 64 21 hafva
529 230 60 22 skett,
610 230 43 21 låta
669 230 57 21 detta
741 230 110 27 aktstycke
867 230 50 26 följa
933 229 7 21 i

110 261 30 19 ett
155 259 84 27 bihang.
269 258 86 22 Kanske
371 258 69 21 skulle
456 258 58 22 detta
528 258 103 22 innebära
653 265 27 14 en
696 258 56 28 slags
767 258 91 28 ändring
874 258 21 21 af
911 259 30 20 ett

109 288 89 26 tidigare
214 287 76 26 beslut,
310 294 49 14 men
375 287 33 21 för
429 287 44 21 min
489 287 34 21 del
539 287 74 27 tycker
627 288 36 26 jag
679 289 29 19 att
724 287 35 21 det
774 287 46 21 icke
836 287 38 21 bör
890 293 50 14 vara

109 316 115 27 hinderligt
239 316 33 20 för
286 316 84 21 ståndet
385 318 29 18 att
430 316 22 20 så
468 316 120 27 procedera.

179 372 33 21 Hr
227 372 175 28 Appelberg:
433 372 11 21 I
466 373 139 21 förevarande
628 373 60 27 fråga
711 374 23 19 är
755 373 36 27 jag
806 372 21 22 af
842 379 26 15 en
885 372 56 22 olika

110 400 56 22 åsikt
181 400 49 22 med
246 401 41 21 den
306 401 129 27 föregående
456 401 87 21 talaren.
574 401 26 21 Vi
617 401 63 21 hafva
695 401 23 21 så
733 401 51 27 godt
799 408 46 14 som
861 402 80 20 enhvar

112 430 22 20 af
148 429 50 21 våra
214 430 84 20 valmän
315 430 83 21 erhållit
413 430 118 27 uppdraget
546 432 29 19 att
585 430 27 27 på
623 432 30 19 ett
663 430 86 27 kraftigt
760 430 39 20 och
811 430 130 21 oförskräckt

110 460 42 19 sätt
167 458 93 21 försvara
276 459 49 21 våra
340 459 130 27 grundlagar
484 459 41 21 och
541 459 36 20 vår
588 459 120 20 nationella
723 461 46 18 rätt.
784 458 42 21 Det
841 461 23 18 är
875 459 66 27 enligt

110 487 46 20 min
172 487 135 28 uppfattning
330 488 41 27 hög
386 487 29 21 tid
437 487 27 28 på
479 490 30 19 att
525 487 49 21 våra
590 487 86 21 valmän
691 487 21 21 få
727 494 22 14 se
765 487 8 20 i
787 487 84 21 hvilken
889 487 51 28 grad

111 516 22 20 vi
148 516 63 20 hafva
226 516 140 21 tillfredsstält
388 516 62 21 dessa
465 516 61 21 deras
550 516 129 27 berättigade
695 516 135 27 önskningar.
860 515 42 22 Det
917 518 24 19 är

112 544 68 27 enligt
194 545 44 20 min
262 545 134 27 uppfattning
418 545 41 27 hög
480 545 31 21 tid
533 545 27 27 på
575 548 31 17 att
621 545 20 20 vi
656 545 72 20 lämna
744 545 56 20 detta
816 545 124 27 hemlighål-

111 573 70 26 lande,
196 573 57 20 detta
269 573 32 21 för
323 573 88 21 känslan
428 573 152 28 motbjudande
601 573 139 26 fördöljande.
771 573 28 21 Vi
814 573 91 21 behöfva
920 573 19 27 ej

111 601 65 27 något
198 601 87 21 officielt
307 602 203 27 tillkännagifvande
532 602 106 21 huruvida
661 602 100 21 adressen
781 602 90 21 kommit
885 602 56 21 fram

112 629 52 22 eller
179 630 53 27 icke,
254 631 22 26 ja
290 631 35 27 jag
348 631 68 20 skulle
438 631 50 27 vilja
504 633 50 24 säga
569 633 30 19 att
614 631 49 20 dess
679 631 39 20 öde
734 632 23 19 är
771 631 33 20 för
819 631 38 20 vär
871 631 70 20 öfver-

112 658 102 28 läggning
235 659 7 20 i
258 659 57 20 kväll
337 659 21 21 af
379 659 154 27 jämförelsevis
554 659 61 28 ringa
638 659 115 27 betydelse.
784 659 39 21 Om
839 659 102 21 adressen

113 687 89 20 kommit
224 687 54 21 fram
301 688 39 21 och
362 689 18 26 ej
405 689 55 26 gjort
481 688 70 27 någon
568 688 86 26 värkan,
671 688 22 20 sä
709 687 65 22 borde
790 688 21 20 vi
826 694 21 15 se
863 688 32 21 till
911 690 30 19 att

115 715 48 21 dess
178 716 151 27 publicerande
344 717 69 20 skulle
429 717 36 20 ske
481 717 23 20 sä
520 719 58 18 snart
593 723 46 14 som
655 717 87 26 möjligt.
767 716 54 21 Dess
837 716 104 27 offentlig-

113 745 93 26 görande
222 745 72 20 kunde
310 751 28 14 nu
354 745 80 21 kanske
450 745 95 21 medföra
561 747 29 19 ett
605 745 68 21 bättre
689 745 88 20 resultat
792 747 27 18 än
834 745 55 21 hvad
901 745 40 20 hit-

114 772 34 21 tils
164 773 54 20 varit
232 773 65 21 fallet.
326 773 42 22 Det
383 776 23 18 är
420 774 109 27 nämligen
552 774 127 21 åtminstone
695 774 44 21 min
755 773 141 28 öfvertygelse
912 775 30 19 att

114 801 21 20 vi
150 801 130 28 fullkomligt
294 802 61 27 lugnt
377 803 73 20 kunna
465 803 130 20 underställa
617 802 186 21 ständeradressen
825 802 116 21 allmänhe-

115 831 47 19 tens
177 830 48 21 dom
242 831 58 20 såväl
315 831 6 20 i
338 833 47 25 eget
400 837 45 14 som
468 831 132 21 främmande
616 831 56 21 land.
702 831 49 20 Ifall
766 837 27 14 en
808 831 134 27 publikation

114 858 69 21 skulle
199 859 85 20 komma
305 859 7 20 i
327 859 58 28 fråga
406 859 21 21 af
442 859 50 21 våra
513 859 125 22 hithörande
654 859 110 28 protokoll,
780 859 23 21 sä
818 861 23 19 är
856 859 35 21 det
907 859 35 21 väl

114 887 103 27 antagligt
239 891 30 17 att
291 888 51 21 först
365 888 50 21 våra
437 889 109 27 tidningar
567 889 40 21 och
629 888 67 21 sedan
714 888 107 22 utlandets
836 888 7 20 i
859 888 32 21 sin
907 890 35 19 tur

116 916 68 20 skulle
208 916 146 28 offentliggöra
377 919 29 19 ett
428 917 95 27 politiskt
542 917 110 27 aktstyeke
668 917 22 21 af
705 917 70 21 denna
791 917 49 25 vikt,
855 924 50 14 men
921 917 22 21 af

115 944 41 21 den
173 945 98 27 upplysta
294 946 153 21 allmänhetens
469 946 89 27 mening
579 946 64 20 hafva
665 946 22 20 vi
702 946 7 20 i
725 946 90 27 sanning
830 946 112 27 ingenting

115 975 30 18 att
159 972 77 22 frukta.
266 973 41 21 Om
322 974 93 27 återigen
431 974 101 21 adressen
554 974 30 21 als
599 974 47 21 icke
662 974 89 21 kommit
766 974 60 27 fram,
841 974 21 27 ja
877 974 27 21 då
919 976 23 18 är

116 1001 35 21 det
166 1001 21 21 af
201 1004 59 18 ännu
275 1004 66 20 större
357 1003 44 20 vikt
416 1005 30 19 att
461 1003 41 21 den
518 1003 47 21 icke
579 1003 54 27 tiges
649 1003 51 27 ihjäl
715 1002 27 28 på
757 1002 75 22 sådant
845 1004 41 20 sätt
896 1009 46 15 som

114 1030 66 20 hittils
196 1031 38 20 har
248 1031 61 26 skett,
325 1033 51 19 utan
391 1034 30 18 att
435 1032 42 20 den
488 1032 127 20 åtminstone
627 1032 41 20 blir
679 1032 78 20 bekant
767 1031 23 21 så
800 1031 62 27 länge
873 1031 69 21 landt-

116 1058 68 28 dagen
199 1061 58 19 ännu
273 1061 23 19 är
311 1060 86 20 samlad.
420 1060 41 27 Jag
476 1060 43 21 kan
534 1060 75 21 endast
620 1060 96 21 betrakta
727 1060 35 20 det
772 1066 46 14 som
829 1066 26 15 en
867 1060 75 20 omoti-

115 1087 64 21 verad
202 1088 152 27 granlagenhet
376 1091 57 19 emot
455 1089 40 21 den
520 1089 82 21 sekreta
623 1088 113 28 politikens
751 1089 120 27 anhängare
887 1088 55 21 ifrån

115 1115 62 21 deras
199 1116 51 28 sida,
274 1123 45 14 som
341 1116 47 22 från
411 1117 73 27 början
501 1118 19 26 ej
538 1117 93 21 önskade
647 1117 70 21 denna
732 1116 209 28 hemlighetsfullhet,

115 1146 30 19 att
160 1146 27 19 än
202 1145 73 21 vidare
290 1145 68 28 fortgå
373 1146 27 26 på
415 1146 71 21 denna
501 1146 81 20 dunkla
597 1146 57 21 stråt.
675 1145 42 21 Det
731 1146 66 20 borde
813 1145 33 21 väl
861 1146 19 26 ej
892 1152 51 14 vara

114 1172 34 21 för
171 1173 61 27 tidigt
256 1176 30 18 att
301 1180 29 14 nu
346 1174 93 28 äntligen
454 1174 43 22 låta
513 1174 80 28 dagens
608 1174 42 28 ljus
666 1174 61 21 skina
742 1174 59 21 öfver
816 1174 50 21 våra
881 1174 62 20 sträf-

115 1201 85 21 vanden
215 1202 32 20 till
263 1202 124 27 skyddande
403 1203 21 20 af
439 1202 37 22 vår
491 1203 117 21 nationella
623 1203 129 27 utveckling,
775 1202 37 21 vår
827 1202 116 22 nationella

114 1230 84 21 tillvara
220 1231 40 21 och
276 1231 37 21 vår
334 1231 183 21 konstitutionella
532 1233 45 19 rätt.
607 1232 28 20 Vi
658 1232 63 20 hafva
736 1231 62 27 länge
813 1238 43 20 nog
871 1233 73 19 väntat

114 1258 28 28 på
156 1258 26 22 de
198 1259 86 27 gyllene
298 1260 88 27 frukter,
401 1266 46 14 som
458 1260 71 21 denna
539 1260 104 27 vandring
653 1260 8 20 i
671 1260 94 21 mörkret
775 1260 68 20 skulle
856 1260 87 26 skänka,

114 1287 33 20 för
162 1289 30 20 att
207 1288 21 20 vi
243 1294 30 14 nu
288 1288 134 28 småningom
437 1288 72 22 kunde
526 1296 49 14 vara
590 1288 131 28 berättigade
740 1288 32 21 till
787 1290 30 19 att
832 1288 66 22 önska
914 1290 30 19 ett

114 1315 196 28 offentliggörande.
339 1316 41 28 Jag
395 1317 67 21 måste
477 1323 87 15 snarare
579 1324 51 14 anse
646 1317 36 21 det
701 1317 111 27 högeligen
828 1316 115 28 ogranlaga

114 1346 30 18 att
158 1344 78 28 fordra,
246 1344 36 22 det
292 1345 33 27 de,
335 1345 71 21 hvilka
419 1346 75 20 endast
506 1346 69 21 under
585 1346 180 27 förutsättningen
776 1346 21 20 af
807 1352 38 21 par
855 1345 88 21 veckors

113 1372 187 28 hemlighållande,
322 1374 48 20 med
393 1374 96 27 motvilja
511 1374 64 28 gingo
599 1375 21 20 in
637 1374 71 28 därpå,
723 1380 30 14 nu
769 1374 28 21 alt
812 1373 131 22 fortfarande

113 1400 69 22 skulle
205 1402 87 21 därmed
315 1402 60 27 nöjas
390 1402 7 20 i
413 1402 133 28 obegränsad
561 1403 37 27 tid,
620 1402 33 22 för
676 1404 30 20 att
721 1402 99 28 slutligen
836 1402 107 27 adressen,

113 1429 70 21 såsom
198 1430 36 28 jag
248 1430 67 21 redan
330 1431 38 20 har
382 1432 70 26 yttrat,
468 1431 44 21 helt
528 1432 40 20 och
582 1431 66 21 hållet
663 1431 69 21 skulle
747 1431 54 27 tigas
815 1431 57 27 ihjäl.
895 1430 49 22 Den

113 1458 161 22 hittilsvarande
294 1459 84 27 gången
401 1459 21 21 af
437 1459 75 27 frågan
528 1460 38 20 har
581 1460 54 20 visat
651 1461 30 19 att
696 1460 132 20 sekretessen
843 1460 38 20 har
897 1459 47 21 lidit

113 1488 30 19 ett
158 1487 107 27 nederlag,
288 1488 70 20 säsom
378 1488 92 27 mången
493 1488 65 27 jämte
573 1488 45 27 mig
633 1488 66 27 ansåg
715 1490 29 18 att
760 1488 68 20 skulle
844 1488 43 26 ske,
904 1487 40 21 och

113 1514 35 22 det
172 1515 88 21 återstår
282 1522 29 14 nu
334 1518 30 18 att
386 1522 22 15 se
431 1523 35 14 om
488 1517 48 21 icke
560 1516 158 28 offentligheten
739 1516 41 21 kan
802 1516 57 28 gifva
875 1516 68 21 bättre

112 1544 94 21 resultat.

851 1584 23 17 64
