1142 1773
333 132 179 21 Borgareståndet
526 132 57 17 1894.
608 132 23 17 19
644 132 59 21 april.
863 127 38 21 767

104 212 61 20 dessa
181 211 126 21 vinstmedel
323 212 59 20 skola
397 212 31 20 till
444 212 151 20 reservfonden
613 212 122 25 öfverföras,
751 214 51 18 utan
819 212 35 21 det
864 212 68 20 skulle

104 240 113 20 ankomma
240 240 26 27 på
288 242 60 18 nästa
369 240 102 27 landtdag
494 243 29 18 att
545 240 52 21 fatta
612 240 69 21 beslut
704 240 105 21 huruvida
825 247 26 15 en
867 240 65 21 sådan

104 268 130 27 öfverföring
249 268 53 21 skall
318 275 38 21 ega
370 275 55 15 rum,
441 268 23 21 så
479 270 23 19 är
517 269 35 21 det
567 269 102 27 naturligt
680 271 30 18 att
718 268 213 28 bankförvaltningen

104 297 47 21 icke
175 297 41 20 kan
239 297 7 20 i
268 297 109 27 svnnerlig
399 297 49 21 mån
470 297 84 27 betjäna
569 298 32 26 sig
617 298 20 20 af
653 298 61 20 dessa
730 298 69 20 medel
816 298 69 20 såsom
900 299 32 19 rö-

104 325 140 27 relsekapital.
274 325 164 28 Förvaltningen
461 326 42 20 kan
526 326 47 20 icke
593 326 111 20 underlåta
720 328 30 18 att
765 328 48 25 taga
828 327 6 20 i
851 326 82 21 betrak-

105 354 63 21 tande
184 356 35 25 att,
235 360 34 14 om
286 354 34 20 vid
336 356 59 19 nästa
410 354 102 28 landtdag
527 354 128 21 situationen
671 354 70 21 skulle
757 361 50 14 vara
822 355 65 21 sådan
903 356 30 19 att

106 382 112 22 ständerna
233 382 67 21 funne
316 383 30 27 sig
362 383 121 21 nödsakade
499 385 29 19 att
544 383 64 21 anlita
624 383 48 21 dem
688 383 33 21 för
736 383 66 21 andra
817 383 116 21 statsbehof

106 412 39 20 och
167 414 71 25 uttaga
254 413 65 19 större
335 411 81 28 belopp,
432 412 75 20 sådant
522 412 72 20 kunde
609 412 96 20 medföra
721 418 26 14 en
763 414 44 18 stor
822 412 111 28 olägenhet

106 440 32 21 för
154 440 90 27 banken,
260 440 7 21 i
282 440 100 21 händelse
399 440 141 21 vinstmedlen
551 440 117 21 emellertid
685 440 70 21 blifvit
769 440 94 21 fastlästa
878 441 7 20 i
900 442 33 19 rö-

106 469 74 21 relsen.
210 469 70 20 Jämte
303 469 35 20 det
356 470 35 26 jag
412 469 82 21 således
509 469 70 21 finner
593 471 30 19 att
639 469 70 21 denna
724 469 65 21 första
804 469 128 21 reservation

106 499 23 19 är
151 497 156 21 inkonsekvent
322 497 126 21 därutinnan
464 500 30 19 att
509 498 105 27 yrkandet
628 498 47 21 icke
691 497 42 21 står
748 498 6 20 i
771 498 162 21 öfverensstäm-

108 526 66 21 melse
190 526 49 21 med
254 526 160 27 motiveringen,
430 526 38 21 ber
482 527 35 27 jag
532 529 30 18 att
577 526 130 21 beträffande
723 526 70 21 denna
808 527 127 26 motivering

106 555 22 20 få
143 555 85 26 tillägga
244 554 65 27 några
324 555 43 20 ord.
388 555 169 21 Reservanterna
572 557 49 25 säga
636 555 7 20 i
659 555 66 20 andra
741 555 92 26 stycket:
852 555 82 21 »Sedan

106 583 59 20 lånet
186 589 24 14 ur
226 583 130 21 statsfonden
372 583 22 21 af
408 583 24 21 år
448 584 61 27 1890,
524 584 43 21 fem
582 584 98 26 miljoner
696 583 65 27 mark,
778 590 88 15 numera
881 583 54 21 åter-

108 611 94 27 betalats,
218 612 68 21 skulle
304 612 93 21 bankens
413 619 54 20 egna
482 613 81 26 fonder,
578 612 36 21 lån
628 612 55 21 ifrån
700 613 127 20 statsvärket
842 613 38 20 och
897 613 37 19 hos

108 640 82 21 banken
214 640 138 21 innestående
372 641 127 20 vinstmedel
515 641 68 20 under
598 641 22 20 år
636 641 56 20 1894
707 641 69 26 nedgå
791 641 32 20 till
838 641 97 26 omkring

108 669 108 26 tjugufyra
239 669 97 27 miljoner
351 669 65 27 mark,
431 669 77 21 medan
524 669 77 21 nämda
616 669 71 21 medel
703 669 68 21 under
786 669 49 22 åren
852 669 83 21 1891—

109 697 55 21 1893
191 698 57 27 stigit
273 697 31 21 till
330 698 96 27 omkring
451 698 70 21 trettio
544 698 99 27 miljoner
657 698 81 21 mark».
768 697 33 22 Då
816 705 49 14 man
881 698 55 20 läser

109 726 62 26 detta,
187 726 69 21 skulle
274 733 50 14 man
346 733 50 14 vara
411 727 96 27 benägen
524 729 29 18 att
568 727 85 20 komma
669 727 32 20 till
717 726 40 21 den
773 727 163 27 uppfattningen

108 756 35 25 att,
159 761 35 14 om
209 757 170 19 reservanternas
394 755 79 27 förslag
483 757 94 26 antoges,
592 755 56 21 detta
659 755 132 21 förhållande
805 755 47 21 icke
868 755 68 20 skulle

107 783 88 20 inträda.
216 783 50 21 Men
282 783 24 21 så
321 784 47 20 sker
382 784 24 27 ju
420 784 8 20 i
444 784 112 21 hvartdera
571 784 64 20 fallet.
659 783 10 21 I
685 783 100 21 afseende
801 783 12 21 å
829 784 26 21 de
871 783 64 20 vinst-

108 811 76 27 medel,
205 818 46 15 som
267 812 26 21 de
316 812 92 27 följande
432 812 49 21 åren
498 812 71 21 kunde
585 813 97 26 intjänas,
699 812 39 21 och
753 812 137 27 möjligheten
906 814 29 18 att

109 840 139 27 tillgodogöra
271 841 41 20 den
335 841 32 20 för
389 841 95 21 bankens
507 841 78 21 rörelse
608 841 38 20 har
667 841 37 27 jag
726 841 66 20 redan
808 843 65 24 yttrat
887 841 48 26 mig.

108 868 170 22 Reservanterna
303 869 61 21 hafva
391 870 33 20 för
450 870 63 27 öfrigt
538 869 125 22 återhämtat
686 869 35 21 det
737 869 43 21 ofta
795 869 66 21 hörda
876 875 61 21 argu-

108 900 81 18 mentet
211 900 30 18 att
261 898 119 21 räntefoten
402 900 6 18 i
431 898 73 22 landet
519 905 50 15 vore
585 898 106 21 beroende
707 898 22 21 af
744 898 41 21 den
801 900 60 19 ränta
876 900 60 18 stats-

110 926 83 21 banken
218 929 89 19 noterar.
337 926 63 22 Detta
423 929 111 25 argument
556 927 39 21 har
609 928 23 26 ju
647 927 58 21 förut
719 927 38 20 här
772 926 113 27 framförts,
900 926 37 20 sist

109 955 35 20 vid
175 957 83 19 senaste
284 955 94 27 plenum,
406 956 39 20 och
469 955 27 21 då
518 956 91 21 bemötts
632 956 21 20 af
676 962 38 20 par
735 955 70 21 talare.
836 955 41 27 Jag
899 955 37 20 har

109 983 33 21 för
166 984 43 20 min
234 984 34 20 del
290 984 111 28 ingenting
423 984 72 21 vidare
516 986 30 19 att
561 984 85 28 tillägga
661 986 28 19 än
705 986 30 19 att
749 984 41 27 jag,
806 984 69 20 såsom
891 984 47 20 sist-

111 1012 88 20 berörda
214 1012 71 24 talare,
301 1013 45 21 icke
363 1013 41 21 kan
420 1013 47 21 dela
483 1013 40 21 den
540 1013 87 27 mening
642 1015 30 19 att
688 1012 84 21 banken
789 1012 68 21 skulle
865 1012 73 20 kunna

111 1040 117 22 bestämma
249 1041 68 27 någon
333 1048 70 14 annan
419 1042 92 20 räntefot
526 1044 26 18 än
569 1048 33 20 en,
617 1048 46 14 som
679 1043 23 19 är
717 1041 98 27 grundad
830 1041 26 27 på
871 1041 7 20 i
893 1040 45 21 lan-

110 1069 35 21 det
167 1069 114 28 förefintlig
304 1070 126 27 efterfrågan
454 1070 39 21 och
517 1070 88 27 tillgång
627 1070 27 27 på
669 1070 66 27 ledigt
751 1070 84 26 kapital.
865 1069 73 21 Skulle

110 1097 85 21 banken
218 1098 50 21 söka
284 1101 29 18 att
329 1098 139 28 upprätthålla
484 1105 26 15 en
526 1099 57 27 lägre
599 1100 103 19 räntesats
717 1098 40 21 och
771 1099 8 19 i
794 1098 75 21 sådant
884 1098 55 26 syfte

110 1128 114 25 anstränga
240 1127 46 21 sina
301 1133 99 21 resurser,
416 1128 69 20 skulle
501 1127 84 21 banken
601 1129 58 19 snart
673 1126 58 22 finna
747 1128 30 20 att
788 1127 48 21 dess
845 1126 94 27 förmåga

110 1155 7 19 i
143 1155 69 21 denna
239 1157 40 25 väg
294 1157 24 19 är
333 1156 123 27 begränsad,
471 1156 79 20 medan
565 1156 35 20 det
615 1156 117 20 emellertid
753 1156 74 26 gjorda
847 1154 92 22 försöket

111 1183 69 21 skulle
195 1184 95 21 medföra
306 1184 118 28 beklagliga
440 1184 109 28 påföljder.
564 1184 33 20 En
613 1184 128 21 illustration
756 1184 31 20 till
803 1184 69 20 denna
881 1183 58 27 fråga

111 1212 100 27 erbjuder
232 1212 36 22 det
286 1213 130 21 närvarande
432 1213 147 21 förhållandet.
609 1212 10 21 I
635 1216 83 18 senaste
735 1212 112 21 december
862 1212 77 20 månad

111 1240 81 21 beslöto
215 1241 190 28 bankfullmäktige
428 1248 27 14 en
478 1242 136 26 nedsättning
637 1242 21 20 af
673 1241 102 21 Finlands
790 1241 67 21 banks
873 1240 67 27 lägsta

111 1271 60 19 ränta
193 1270 32 20 till
248 1271 12 19 5
274 1271 33 26 9/,,
329 1270 149 21 motsvarande
501 1270 42 21 den
558 1272 65 24 ränta,
639 1276 46 14 som
701 1269 239 28 depositionsbankerna

110 1298 34 20 för
162 1298 132 22 närvarande
311 1298 68 22 betala
394 1298 27 28 pä
436 1299 148 27 depositioner.
614 1298 202 27 Bankfullmäktige,
832 1304 45 14 som
893 1298 46 20 här-

111 1326 35 20 vid
162 1326 105 22 handlade
282 1327 8 20 i
305 1327 51 21 strid
372 1328 48 20 med
436 1328 145 20 direktionens
597 1327 84 27 förslag,
697 1327 87 27 utgingo
800 1328 51 20 utan
867 1326 73 20 tvifvel

111 1355 35 20 vid
170 1355 58 21 detta
250 1356 70 20 beslut
340 1356 47 20 frän
410 1356 163 27 uppfattningen
596 1357 29 19 att
640 1356 117 20 tendensen
774 1355 33 21 för
821 1354 119 22 räntefoten

110 1384 8 20 i
139 1383 73 21 landet
232 1390 38 14 var
284 1384 146 27 nedätgäende
447 1385 39 20 och
502 1387 30 18 att
547 1385 38 20 hos
600 1384 177 28 privatbankerna
792 1384 59 27 röjde
866 1382 33 27 sig
914 1388 26 15 en

112 1412 93 20 sträfvan
228 1414 30 19 att
280 1413 70 27 nedgä
370 1413 48 21 med
444 1413 211 27 depositionsräntan.
686 1412 124 21 Emellertid
833 1411 63 21 hafva
910 1417 31 14 nu

112 1446 38 15 sex
165 1440 103 22 månader
283 1441 52 27 gått;
351 1442 91 20 ledsamt
456 1448 44 20 nog
515 1442 38 20 har
568 1441 162 27 nedsättningen
747 1441 21 20 af
782 1439 159 29 privatbanzer-

111 1475 39 15 nas
174 1469 190 27 depositionsränta
386 1472 57 18 ännu
464 1470 47 21 icke
534 1470 82 21 kunnat
638 1470 141 27 genomföras,
795 1470 39 20 och
848 1469 35 26 jag
899 1468 42 20 kan

110 1498 48 20 icke
182 1498 58 26 värja
262 1498 44 28 mig
327 1498 47 21 frän
398 1498 36 21 det
455 1498 85 27 intryck
564 1500 35 25 att,
614 1498 78 21 medan
708 1498 32 27 de,
756 1504 45 14 som
817 1498 7 20 i
839 1496 102 22 Finlands

111 1526 57 21 bank
184 1526 131 22 diskonterat
330 1527 60 21 korta
405 1527 144 27 affärsväxlar,
565 1527 38 21 där
617 1526 87 22 faktiskt
719 1526 64 21 hafva
798 1525 85 28 ätnjutit
899 1524 41 22 den
