1142 1773
220 137 40 21 952
428 144 179 22 Borgareståndet
621 145 58 16 1894.
703 145 12 16 4
733 144 47 21 maj.

259 223 161 27 Propositionen
443 224 126 21 besvarades
585 224 48 21 med
651 223 156 28 öfvervägande
823 223 41 27 nej,
879 223 138 27 hvarigenom

190 251 84 21 ståndet
294 252 86 21 beslutit
402 252 152 22 återremittera
571 253 79 27 jämväl
674 253 12 26 $
702 253 13 20 3
731 252 31 21 till
778 252 101 20 utskottet
894 252 32 20 för
941 252 77 20 omfor-

189 280 106 28 mulering
310 281 7 20 i
332 281 93 27 enlighet
440 282 48 20 med
504 282 24 20 hr
543 281 112 21 Renlunds
669 281 136 21 reservation.

260 337 11 27 $
288 338 13 20 4
316 338 122 27 godkändes
454 341 50 18 utan
520 338 96 28 förspord
633 338 146 28 anmärkning.

259 394 50 21 Med
324 395 116 27 anledning
454 395 22 21 af
491 395 12 27 $
520 396 12 20 5
548 395 143 21 återhämtade
707 395 25 21 hr
747 395 153 27 Hallberg
910 394 55 21 hvad
976 394 41 20 han

190 422 68 21 under
280 423 40 21 den
344 424 106 20 allmänna
465 424 147 20 diskussionen
623 426 65 24 yttrat
704 424 109 27 angående
829 423 70 21 denna
914 422 104 28 paragraf,

190 451 40 22 och
254 451 92 28 föreslog
374 452 119 22 återremiss
519 452 58 21 däraf
599 453 7 20 i
628 452 94 27 enlighet
742 452 49 21 med
815 452 41 21 den
872 452 64 21 första
951 458 67 15 reser-

191 480 104 21 vationen.

258 537 33 21 Hr
306 538 179 21 Andersson
512 539 95 26 yttrade:
646 539 91 26 Pyydän
759 538 64 21 saada
845 537 114 22 kannattaa
980 537 37 21 hra

189 565 142 28 Holmbergin
354 567 96 20 tekemää
473 567 154 21 vastalausetta.
657 567 63 21 Tosin
737 573 26 15 en
779 567 33 20 ole
829 567 39 20 sitä
883 566 77 27 mieltä,
976 568 43 19 että

190 595 100 20 asiallista
312 596 21 26 ja
355 596 155 27 perusteellista
532 595 109 28 selvitystä
657 596 110 27 puuttuisi,
783 596 32 27 jos
831 595 55 21 eivät
901 595 117 27 kysymyk-

190 625 57 19 sessä
263 623 70 22 olevat
347 625 81 26 myyjät
444 625 103 20 saisikaan
564 627 56 18 ottaa
636 625 153 20 keskusteluun
806 631 55 16 osaa,
879 630 53 14 vaan
943 624 74 20 katson

189 652 111 21 kuitenkin
324 653 122 20 kohtuuden
470 653 22 27 ja
507 653 184 21 kohteliaisuuden
708 653 105 26 vaativan,
829 653 49 20 ettei
894 652 64 21 heiltä
972 653 46 20 riis-

189 682 43 19 tetä
247 683 43 18 tätä
305 681 116 21 tilaisuutta
436 682 154 21 keskusteluun
606 682 81 20 asiasta.

259 737 69 22 Sedan
354 738 147 21 diskussionen
528 739 49 20 härä
604 739 112 20 förklarats
743 738 98 27 afslutad,
857 738 122 27 framstälde
993 738 26 20 hr

189 766 123 21 talmannen
328 767 93 27 följande
436 767 282 28 omröstningsproposition:

259 823 39 27 De,
322 823 75 22 hvilka
416 824 118 32 godkänna
548 824 115 21 utskottets
678 824 84 28 förslag
778 824 35 21 till
825 824 82 32 lydelse
922 823 36 28 för
973 825 14 24 $
1004 825 15 19 5

189 837 151 51 oförändradt,
356 855 60 18 rösta
426 853 40 27 ja;
482 853 31 26 de,
529 853 35 20 det
578 853 45 20 icke
637 855 62 25 göra,
715 855 59 19 rösta
791 853 49 27 nej;

258 881 80 21 vinner
358 881 42 28 nej,
422 881 41 21 har
479 870 176 39 borgareståndet
670 881 89 22 beslutit
773 881 160 21 äterremittera
946 888 70 20 para-

186 909 80 27 grafen
283 910 35 20 till
332 910 102 21 utskottet
448 910 36 27 för
499 910 154 28 omarbetning
667 911 10 20 i
693 911 35 21 det
741 910 58 28 syfte
815 910 27 21 hr
857 910 118 27 Holmberg
983 910 35 20 uti

188 938 36 20 sin
240 938 135 22 reservation
389 938 120 28 föreslagit.

258 995 50 21 Med
324 996 155 27 öfvervägande
494 996 34 27 nej
545 996 67 21 beslöt
627 996 84 21 ständet
726 996 153 21 äterremittera
893 995 125 28 paragrafen

188 1024 32 20 till
246 1024 103 21 utskottet
373 1025 32 20 för
432 1024 147 28 omarbetning
598 1025 7 20 i
621 1025 94 27 enlighet
730 1025 49 21 med
795 1024 142 21 ofvannämda
952 1030 67 15 reser-

187 1052 77 21 vation.

256 1109 135 21 Beträffande
408 1110 12 26 $
436 1110 12 20 6
464 1110 89 27 uppstod
569 1110 94 27 följande
679 1110 130 21 diskussion:

255 1166 33 20 Hr
302 1166 110 21 Malin:
442 1166 39 27 IS
502 1167 12 20 6
530 1168 69 26 säges:
618 1166 98 22 »Handel
726 1166 49 21 med
789 1166 124 21 förenämda
928 1166 91 27 drycker

186 1194 35 21 mä
245 1194 48 22 icke
319 1195 61 21 idkas
404 1195 8 20 i
436 1195 48 25 bod,
507 1202 45 14 som
573 1197 24 19 är
611 1195 101 27 upplåten
728 1195 32 21 till
776 1194 126 28 försäljning
917 1194 21 21 af
953 1194 66 22 andra

186 1229 62 14 varor
264 1225 27 18 än
307 1223 90 21 bränvin
413 1224 52 20 eller
480 1224 147 26 maltdrycker,
644 1224 40 20 och
699 1224 19 27 ej
735 1224 68 20 häller
817 1223 6 21 i
839 1223 63 27 lokal,
913 1229 45 15 som
969 1223 49 21 med

186 1251 65 21 sädan
275 1251 42 21 bod
340 1252 42 20 stär
402 1252 8 20 i
429 1252 122 21 omedelbar
565 1252 118 28 förening».
714 1252 41 28 Jag
771 1252 69 20 skulle
856 1258 51 14 anse
922 1254 30 18 att
967 1254 51 18 utan

185 1280 71 27 nägon
284 1280 57 27 slags
364 1280 44 21 risk
434 1281 34 20 för
491 1281 130 21 kontrollens
642 1280 165 22 handhafvande
823 1280 55 21 ifrän
893 1282 125 26 paragrafen

185 1308 73 21 kunde
281 1309 119 21 utelämnas
424 1309 64 21 orden
506 1309 65 21 eller
585 1309 7 21 i
608 1309 63 27 lokal,
687 1316 45 14 som
748 1309 50 21 med
815 1308 65 22 sådan
896 1308 42 21 bod
953 1308 44 22 står
1011 1309 7 20 i

186 1336 123 22 omedelbar
324 1338 118 27 förening».
472 1337 63 22 Detta
551 1344 50 15 vore
623 1338 34 20 för
671 1338 151 20 handlandene
838 1337 21 21 af
874 1339 44 19 stor
932 1337 45 21 vikt
991 1337 28 27 pä

185 1365 42 21 den
242 1366 71 26 grund
328 1366 109 28 nämligen
452 1368 30 19 att
497 1366 35 21 det
548 1366 127 21 ätminstone
690 1366 7 20 i
713 1366 84 21 mindre
813 1366 71 20 städer
891 1368 22 18 är
921 1366 98 20 förenadt

184 1394 50 21 med
250 1394 68 27 dryga
334 1394 120 28 kostnader,
476 1402 34 14 om
526 1395 107 21 vinboden
649 1395 60 21 alltid
723 1395 69 21 mäste
807 1394 64 21 hafva
886 1400 27 15 en
929 1394 89 21 särskild

184 1422 116 28 betjäning.
332 1422 39 22 Om
393 1423 62 21 dessa
470 1424 38 20 ord
523 1423 69 21 skulle
608 1423 50 21 falla
673 1423 53 27 bort,
742 1423 23 21 sä
781 1423 73 21 kunde
869 1424 78 20 tvänne
963 1422 55 21 buti-

184 1450 38 22 ker
238 1458 50 14 vara
304 1451 102 22 förenade
422 1458 76 21 genom
514 1452 131 20 mellandörr
665 1452 40 20 och
720 1452 91 21 sälunda
819 1458 82 14 samma
909 1451 110 27 betjäning

184 1479 74 21 kunna
282 1480 108 21 användas
412 1480 8 21 i
444 1480 65 28 bägge
532 1480 118 21 butikerna.
680 1480 42 28 Jag
740 1480 48 27 kan,
804 1480 70 20 säsom
889 1480 67 27 sagdt,
971 1479 46 21 icke

184 1514 51 14 anse
260 1510 30 19 att
305 1508 70 28 nägon
392 1508 53 22 brist
460 1509 6 20 i
483 1509 130 21 kontrollens
629 1508 164 22 handhafvande
810 1508 123 28 därigenom
949 1508 69 20 skulle

183 1536 83 28 uppstä.
