1142 1773
362 131 180 22 Borgareståndet
556 132 57 17 1894.
638 132 11 17 7
661 132 48 21 maj.
885 125 40 21 981

196 212 69 22 Bland
281 212 94 22 ståndets
390 212 140 21 medlemmar
544 212 55 21 hade
614 212 92 21 utdelats
722 212 40 20 och
777 211 112 21 bordlades

196 270 32 20 till
244 269 119 28 onsdagens
378 269 98 27 plenum:

197 326 147 27 lagutskottets
366 326 79 27 förslag
467 326 31 20 till
521 325 208 28 sammanjämkning
751 325 22 21 af
794 325 27 21 de
836 324 120 28 skiljaktiga

128 354 76 27 beslut,
219 355 7 20 i
241 355 71 21 hvilka
328 354 88 22 stånden
433 356 84 19 stannat
532 354 35 21 vid
584 354 157 27 behandlingen
758 354 21 20 af
793 354 112 21 utskottets
921 353 36 21 be-

128 383 106 21 tänkande
256 390 34 14 n:o
313 384 14 20 4
349 384 7 20 i
378 383 117 27 anledning
517 384 21 20 af
560 383 78 27 nådiga
653 383 158 27 propositionen
826 389 35 14 n:o
877 383 27 20 13
919 388 38 15 an-

128 412 82 28 gående
226 418 76 14 ansvar
316 412 33 20 för
364 412 166 27 uppenbarande
545 412 22 20 af
581 411 201 27 statshemligheter;

197 440 170 22 bankutskottets
381 440 79 28 förslag
475 440 32 21 till
522 440 208 27 sammanjämkning
748 440 21 21 af
784 439 99 22 ståndens
899 439 58 28 skilj-

128 469 71 28 aktiga
215 469 69 22 beslut
299 469 35 21 vid
349 469 157 27 behandlingen
522 469 21 21 af
559 469 112 21 utskottets
692 469 134 20 betänkande
841 475 34 14 n:v
892 469 12 20 2
920 475 37 14 an-

128 498 82 28 gående
226 500 47 25 nytt
287 498 130 27 reglemente
434 499 38 20 och
488 505 30 20 ny
533 500 41 19 stat
589 498 33 20 för
636 497 101 21 Finlands
753 497 66 26 bank;

198 533 80 14 samma
301 527 90 20 utskotts
415 527 133 20 betänkande
570 533 35 14 n:o
621 527 13 20 5
649 527 7 20 i
672 526 116 27 anledning
810 526 21 21 af
851 525 106 21 värkstäld

129 555 130 27 granskning
281 555 21 21 af
324 555 102 21 Finlands
449 555 67 21 banks
539 555 90 27 styrelse
652 555 39 21 och
714 555 94 20 tillstånd
823 554 69 21 under
907 554 50 21 åren

132 584 152 26 1891—1893;

199 619 81 14 samma
302 613 90 20 utskotts
414 612 134 21 betänkande
570 619 35 14 n:o
626 612 12 21 6
654 612 110 27 angående
786 611 172 28 bemyndigande

130 641 32 20 för
178 641 104 21 ordinarie
298 641 190 28 bankfullmäktige
504 643 30 19 att
549 643 94 26 uppgöra
658 641 79 26 förslag
752 641 31 20 till
798 640 123 21 besättande
937 639 22 21 af

129 669 71 28 lediga
214 669 103 28 juridiska
332 669 197 22 direktörsämbetet
543 670 8 20 i
566 669 101 22 Finlands
683 669 66 26 bank;
766 669 38 21 och

199 699 107 20 allmänna
321 697 201 23 besvärsutskottets
538 698 133 21 betänkande
687 705 35 14 n:o
739 698 25 20 17
781 698 5 20 i
803 697 115 27 anledning
937 697 22 20 af

130 729 30 19 ett
175 727 6 20 i
196 727 24 20 R.
237 733 17 14 o.
270 727 26 20 A.
308 727 63 20 väckt
392 727 181 28 petitionsförslag
587 733 34 14 om
638 727 74 27 anslag
727 733 26 14 ur
768 726 106 21 allmänna
889 725 70 22 medel

130 755 33 21 för
178 755 130 28 uppförande
323 755 21 21 af
360 757 29 19 ett
404 758 132 25 gemensamt
551 756 40 20 hus
606 755 33 21 för
654 755 159 27 vetenskapliga
825 755 38 20 och
875 755 84 20 literära

130 784 123 28 föreningar
267 784 7 21 i
289 784 145 27 Helsingfors;
451 786 55 19 samt

199 841 32 20 till
246 841 112 27 fredagens
373 841 98 27 plenum:

199 898 212 28 järnvägsutskottets
435 898 133 22 betänkande
591 905 35 18 n:o
650 899 12 20 3
686 898 48 21 med
751 898 114 27 anledning
881 898 21 20 af
917 899 43 19 sär-

132 927 67 21 skilda
215 927 31 21 till
262 927 26 21 de
304 927 112 27 höglofliga
432 926 90 22 stånden
542 927 121 21 inlämnade
679 927 180 27 petitionsförslag
873 933 35 14 om
924 926 36 21 ka-

131 956 214 27 naliseringsarbeten
360 956 7 20 i
383 956 57 20 olika
455 955 59 21 delar
529 956 21 20 af
566 956 77 20 landet.

200 1098 58 22 Ifrån
274 1099 107 21 allmänna
396 1099 190 21 besvärsutskottet
601 1099 54 21 hade
675 1098 116 22 ankommit
806 1101 78 19 tvänne
900 1098 61 21 skrif-

132 1127 74 27 velser,
221 1128 60 20 hvari
296 1128 136 20 meddelades
447 1129 30 19 att
492 1128 97 27 samtliga
605 1127 60 22 stånd
679 1127 139 21 oförändrade
833 1127 99 27 godkänt,

201 1184 113 21 utskottets
328 1184 79 28 förslag
422 1184 31 21 till
469 1184 208 27 sammanjämkning
693 1184 21 21 af
729 1184 100 22 ståndens
841 1184 121 27 skiljaktiga

133 1212 70 21 beslut
217 1212 7 21 i
240 1212 58 28 fråga
314 1219 34 15 om
364 1213 112 20 utskottets
492 1212 134 22 betänkande
641 1219 35 14 n:o
693 1213 27 20 14
735 1213 7 20 i
757 1213 116 27 anledning
885 1212 22 21 af
918 1214 44 19 sär-

133 1241 68 21 skilda
222 1241 7 20 i
248 1243 84 25 präste-,
347 1241 97 27 borgare-
462 1241 39 21 och
516 1241 161 21 bondestånden
693 1241 76 21 väckta
783 1241 180 28 petitionsförslag

133 1276 34 14 om
183 1270 128 26 vidtagande
327 1270 21 20 af
358 1270 56 20 vissa
426 1269 98 27 åtgärder
535 1270 130 20 beträffande
675 1270 126 27 zigenarene
812 1270 7 20 i
829 1270 82 25 landet;
922 1270 40 20 och

201 1298 113 21 utskottets
334 1298 133 21 betänkande
483 1304 35 15 n:o
536 1299 26 20 15
577 1298 8 21 i
601 1298 116 28 anledning
731 1298 22 21 af
768 1300 29 20 ett
811 1299 8 20 i
833 1298 130 21 bondestån-

133 1326 36 21 det
191 1327 63 21 väckt
274 1326 179 28 petitionsförslag
475 1332 35 16 om
526 1327 126 27 stipendiers
673 1327 120 21 inrättande
807 1327 33 21 för
862 1326 101 22 folkskol-

132 1355 96 21 lärarene
251 1356 39 20 och
306 1355 146 21 lärarinnorna
467 1355 27 27 på
508 1355 73 21 landet
596 1356 7 20 i
618 1356 39 20 och
673 1355 33 21 för
721 1356 61 20 deras
797 1356 72 20 vidare
885 1354 78 22 utbild-

132 1383 53 28 ning
199 1384 8 20 i
220 1384 70 20 kallet.
