1142 1773
241 127 40 21 798
442 134 181 21 Borgareståndet
636 136 57 16 1894.
717 136 23 16 21
754 134 58 22 april.

211 212 94 28 puolelta
326 214 159 27 ympäröidyksi
509 215 119 27 viljellyillä
650 215 72 21 mailla
743 216 21 26 ja
779 215 84 21 olisivat
879 215 52 21 siten
947 214 90 21 haitaksi

210 242 209 27 maanviljelykselle.
449 242 121 22 Sentähden
593 250 28 14 on
644 244 93 20 minusta
760 244 74 20 turhaa
847 243 132 26 toivoakaan,
995 244 42 19 että

210 270 75 21 metsiä
295 271 106 21 saataisiin
417 272 55 20 etelä
486 271 112 22 Suomesta
609 274 111 19 enemmän
731 272 51 21 kuin
795 272 64 20 tähän
872 272 39 21 asti
922 271 115 26 ostetuiksi,

210 299 43 20 tahi
275 299 94 27 yleisesti
392 302 41 18 että
455 302 152 20 metsän-ostoa
629 301 115 21 kruunulle
760 307 157 15 suuremmassa
932 302 105 19 määrässä

209 328 132 20 ruvettaisiin
362 328 167 28 harjoittamaan.
560 329 38 21 Jos
618 330 19 21 ei
659 329 158 21 virkamiehellä
833 329 33 21 ole
882 331 73 19 muuta
971 329 66 21 tehtä-

210 358 39 18 vää
264 356 51 20 kuin
331 356 88 22 katsella
431 358 143 21 olemattomia
586 358 81 27 metsiä,
678 358 44 20 niin
735 358 68 21 lienee
815 360 88 25 parasta,
915 360 41 19 että
966 358 71 20 hänen

210 384 99 22 virkansa
323 385 156 22 lakkautetaan.

278 453 32 22 Hr
331 454 159 27 Wegelius:
520 454 11 21 I
546 455 116 27 anledning
677 455 22 21 af
714 455 41 27 det,
770 461 45 15 som
831 455 25 20 hr
870 454 78 22 Heikel
963 457 73 18 senast

209 482 94 28 anförde,
319 483 36 20 vill
370 483 36 28 jag
420 485 78 19 nämna
514 486 35 24 att,
565 484 70 21 därest
650 484 26 21 de
693 483 105 22 donerade
814 484 103 21 fonderna
933 483 56 21 förut
1004 483 31 21 als

208 511 47 21 icke
271 512 53 21 varit
339 512 110 27 placerade
465 513 7 20 i
488 512 145 27 obligationer,
649 515 50 18 utan
715 512 36 21 det
765 519 29 14 nu
810 512 69 21 skulle
895 512 55 28 gälla
965 513 30 20 att
1007 512 28 27 på

209 546 25 15 en
258 540 56 27 gång
336 541 84 26 placera
442 541 42 20 alla
506 541 61 20 dessa
590 541 85 21 fonders
691 541 112 27 tillgångar
818 541 7 20 i
840 541 144 26 obligationer,
999 541 36 26 jag

208 568 46 21 icke
270 569 68 21 skulle
354 569 62 21 hafva
432 569 64 27 något
511 572 29 18 att
556 570 100 20 anmärka
672 572 43 18 mot
726 572 29 19 ett
765 569 75 22 sådant
850 569 125 24 förfarande,
989 575 45 14 som

208 597 26 20 hr
255 597 77 22 Heikel
355 598 7 20 i
386 598 100 21 afseende
509 598 12 21 å
536 598 61 21 dessa
613 598 96 21 enskilda
724 598 76 21 fonder
815 598 98 21 förordat.
943 598 48 21 Men
1008 597 29 21 då

207 625 62 21 dessa
291 626 75 21 fonder
389 633 28 14 nu
440 627 64 20 redan
529 633 26 14 en
571 627 56 27 gång
642 629 35 18 äro
693 627 110 27 placerade
819 627 7 20 i
841 627 140 27 obligationer
995 627 41 20 och

207 654 36 21 det
265 655 22 26 ju
311 655 41 20 kan
375 655 70 21 hända
467 657 30 19 att
518 655 22 21 af
555 655 61 21 dessa
632 655 106 21 donerade
753 655 76 21 fonder
844 655 70 27 någon
930 655 105 20 måhända

206 683 66 20 redan
288 683 32 21 för
334 683 62 28 länge
412 684 65 21 sedan
493 685 38 20 och
547 684 69 21 under
630 684 44 21 helt
689 684 65 21 andra
770 684 205 21 ränteförhållanden
987 683 49 21 blif-

207 712 30 20 vit
259 711 98 28 placerad
380 713 8 20 i
410 713 78 20 sådana
512 713 140 26 obligationer
674 715 30 18 att
722 713 26 20 de
764 713 81 20 afkasta
860 719 26 14 en
903 712 132 26 väsentligen

206 747 59 14 mera
289 741 119 26 betydande
432 743 59 19 ränta
514 743 25 19 än
559 748 46 14 som
620 741 69 21 skulle
705 741 73 21 kunna
793 741 61 21 ernås
870 741 69 21 såsom
955 741 81 20 medel-

206 771 62 18 ränta
290 769 21 20 af
333 769 61 21 dessa
416 769 86 22 fonders
524 770 159 27 sammanlagda
705 770 210 27 obligationsbelopp,
930 769 23 21 så
967 769 68 21 måste

206 797 36 28 jag
258 798 92 21 vidhålla
365 800 30 19 att
410 805 26 14 en
453 799 80 26 rättslig
548 799 145 26 betänklighet
707 799 114 27 föreligger
835 799 8 20 i
859 799 99 20 afseende
965 793 10 37 å
993 797 43 22 till-

207 826 122 27 lämpandet
344 827 22 20 af
380 827 57 20 detta
452 829 80 24 system
547 827 7 20 i
569 827 59 27 fråga
644 833 35 14 om
693 827 162 27 ifrågavarande
870 827 81 20 fonder.
981 826 10 21 I
1004 826 31 21 af-

207 855 78 20 seende
301 855 12 20 å
328 857 79 19 statens
422 862 54 21 egna
491 855 76 22 fonder
582 855 69 22 skulle
663 856 117 21 detsamma
795 855 94 22 däremot
900 857 51 19 utan
961 855 74 21 tvifvel

206 883 96 21 medföra
323 884 121 28 förenkling
465 885 38 20 och
519 884 80 21 lättnad
615 884 32 21 för
662 884 151 21 statskontoret
827 884 35 21 vid
877 884 157 27 förvaltningen

207 912 21 20 af
251 912 61 21 dessa
334 913 86 21 fonders
443 913 202 27 obligationsförråd.
675 913 63 21 Hvad
754 913 99 21 beträffar
867 913 36 21 det
918 913 65 21 första
998 912 38 21 all-

207 941 118 27 ternativet,
348 942 118 26 medgifver
487 942 35 27 jag
544 944 65 25 gärna
631 942 48 20 med
703 942 116 27 anledning
841 942 21 20 af
882 942 25 20 hr
921 941 115 27 Hallbergs

207 970 99 26 yttrande
322 972 30 19 att
366 970 35 27 jag
416 970 52 27 drog
483 970 161 21 konsekvensen
660 970 99 27 tämligen
776 970 59 27 långt
850 972 29 25 ut,
894 976 49 14 men
966 970 70 20 såsom

208 998 35 20 det
258 1000 24 18 är
296 998 144 28 formuleradt,
456 999 53 21 hade
524 999 36 27 jag
575 998 115 28 anledning
705 998 75 22 därtill.
806 998 11 21 I
832 999 73 27 hvarje
921 998 36 21 fall
971 1004 66 20 synes

207 1026 44 28 mig
272 1026 58 22 detta
349 1027 79 27 förslag
442 1028 46 20 icke
504 1034 50 14 vara
569 1028 78 26 egnadt
662 1029 30 19 att
707 1027 96 21 förenkla
819 1027 42 21 den
877 1033 77 15 annars
969 1026 66 22 redan

208 1055 157 27 komplicerade
380 1056 157 27 förvaltningen
554 1055 22 21 af
591 1056 108 20 fonderna.

277 1124 33 20 Hr
330 1124 152 28 Hallberg:
513 1124 39 21 Om
575 1124 36 21 det
634 1124 129 21 beträffande
779 1124 26 21 de
821 1124 97 21 enskilda
932 1124 104 20 fonderna

207 1152 7 20 i
237 1152 70 27 någon
330 1152 50 21 mån
402 1153 42 21 kan
467 1153 86 27 skingra
575 1153 24 20 hr
621 1152 117 28 Wegelius”
758 1159 36 14 oro
810 1152 33 21 för
857 1155 31 18 att
903 1152 48 21 dem
967 1152 69 21 skulle

208 1180 129 22 frånhändas
360 1181 65 21 sedan
448 1181 102 27 gammalt
564 1181 115 21 innehafda
695 1181 139 27 obligationer
849 1181 22 21 af
885 1181 65 27 högre
966 1180 71 27 värde,

207 1208 39 22 ber
267 1209 35 27 jag
324 1209 21 21 få
360 1212 79 18 nämna
454 1212 30 18 att
498 1210 47 20 från
560 1210 109 20 desamma
684 1216 29 14 nu
729 1211 76 25 senast,
821 1210 24 20 år
861 1210 62 26 1893,
938 1209 56 21 skett
1009 1215 27 15 en

206 1237 82 27 ganska
303 1238 53 27 liflig
364 1238 128 28 omsättning
507 1238 21 21 af
539 1238 144 28 obligationer,
695 1238 90 21 emedan
798 1238 126 21 statsvärket
934 1237 102 22 behöfver

206 1265 88 28 försälja
304 1266 78 27 dylika,
393 1267 39 21 och
443 1269 84 25 uttogos
542 1267 27 20 då
583 1267 47 20 från
646 1267 26 21 de
688 1266 97 22 enskilda
799 1266 104 21 fonderna
918 1266 55 27 goda
983 1266 55 21 obli-

206 1294 98 49 jam
325 1295 7 20 i
356 1295 74 27 utbyte
452 1298 45 18 mot
512 1295 83 21 mindre
610 1295 38 21 lätt
663 1295 91 28 säljbara
769 1295 46 21 frän
830 1295 137 21 statsvärkets
982 1300 55 22 egna

216 1329 73 15 'onder.

277 1386 69 21 Sedan
366 1386 149 21 diskussionen
530 1386 90 21 rörande
636 1386 155 22 ofvanberörda
806 1386 34 21 del
857 1386 21 21 af
893 1384 146 23 betänkandet

206 1414 51 20 härä
273 1414 111 22 förklarats
400 1415 97 27 afslutad,
512 1415 122 21 framstälde
649 1416 26 20 hr
690 1415 123 21 talmannen
829 1415 32 21 till
873 1414 58 27 först,
944 1414 7 20 i
963 1413 75 21 anJed-

205 1442 54 27 ning
274 1442 22 21 af
310 1443 25 20 hr
349 1442 74 22 Lilius?
433 1443 79 28 förslag
522 1450 34 14 om
572 1443 119 21 återremiss
707 1444 21 20 af
738 1443 143 21 betänkandet
893 1443 31 21 till
935 1442 104 22 utskottet

205 1471 50 21 med
272 1472 107 20 anmodan
394 1474 30 19 att
439 1472 69 21 därtill
523 1472 49 27 foga
587 1474 30 19 ett
632 1472 73 28 tillägg
719 1472 8 20 i
743 1472 35 20 det
793 1472 55 26 syfte
864 1473 30 19 att
908 1471 81 21 fonden
1004 1470 34 20 för

205 1500 84 21 inlösen
312 1500 21 20 af
356 1500 148 28 skogsmarker
518 1500 69 21 skulle
603 1500 115 22 öfverföras
733 1500 32 22 till
781 1500 108 21 allmänna
904 1498 133 23 statsfonden

206 1528 40 21 och
269 1530 30 20 att
321 1529 134 27 utgifvandet
477 1529 21 21 af
520 1529 112 21 ärsarvode
655 1529 22 21 ät
699 1536 26 14 en
741 1529 89 21 särskild
846 1528 143 28 skogsköpare
1004 1527 35 21 för
