1142 1773
214 128 54 20 1522
421 134 180 21 Borgareständet
613 134 57 17 1894.
695 134 26 17 29
735 134 47 20 maj.

183 214 100 20 kvarstad
300 213 12 21 å
327 214 41 22 fast
383 214 115 27 egendoms
514 214 105 20 afkomst?
641 214 43 20 Det
698 214 55 20 hade
768 213 55 21 varit
838 214 93 27 önskligt
945 216 30 18 att
989 214 26 20 hr

183 242 109 28 Nybergh,
312 242 26 21 dä
353 243 41 20 han
410 243 116 27 uppträdde
540 243 31 20 till
586 242 82 21 förmän
684 242 33 21 för
732 242 159 21 reservationen
913 242 39 21 och
967 242 46 21 där-

184 271 32 21 till
234 271 76 27 fogade
326 271 36 21 det
376 271 45 21 skäl
436 273 30 19 att
481 272 41 20 han
538 272 33 20 för
586 272 33 20 sin
634 271 35 21 del
684 271 47 21 icke
747 271 41 21 kan
805 270 72 22 bifalla
892 271 32 21 till
940 273 29 19 ett
981 271 32 20 sä-

185 300 51 20 dant
258 300 236 26 sysslomannainstitut,
513 306 46 14 som
574 306 50 14 man
640 306 62 14 anser
717 300 32 20 för
763 300 204 20 införselinstitutets
983 299 30 20 bi-

184 328 126 21 behällande
336 335 49 14 vara
410 328 132 28 oumbärligt,
564 328 64 21 ocksä
649 328 54 21 hade
727 328 106 27 förklarat,
857 328 85 21 hvarför
957 328 56 20 detta

185 357 231 26 sysslomannainstitut
442 357 46 21 icke
511 358 42 20 kan
576 358 21 20 af
619 358 78 20 honom
721 357 129 27 godkännas.
886 356 41 22 Det
949 362 64 20 synes

185 386 43 26 mig
250 392 46 14 som
319 392 34 14 om
375 386 35 20 det
432 386 77 20 bakom
524 386 130 20 motständet
669 387 44 19 mot
728 386 71 20 denna
814 386 87 20 införsel
916 386 7 20 i
939 385 74 27 själfva

185 414 73 20 värket
274 414 68 20 skulle
357 414 57 28 ligga
428 421 58 14 mera
502 415 37 20 ord
555 416 27 19 än
599 414 92 27 mening.
721 414 45 21 Och
781 414 67 20 innan
865 414 25 21 de
906 414 51 26 skäl,
967 420 46 14 som

185 442 107 21 förebäras
308 444 44 19 mot
366 443 100 28 förslaget
481 445 29 19 att
525 443 106 21 bibehälla
645 443 101 20 införseln
757 443 7 20 i
775 443 42 20 den
828 442 114 28 lindrigare
953 442 60 25 form,

186 477 44 15 som
253 478 29 13 nu
298 473 24 19 är
336 472 118 27 föreslagen
469 472 8 20 i
492 472 325 27 sammanjämkningsförslaget,
834 471 68 21 blifvit
917 473 96 19 närmare

186 500 39 21 och
247 500 83 21 klarare
352 501 148 26 tydliggjorda,
523 501 66 20 mäste
604 501 36 26 jag
656 500 105 21 bibehälla
777 501 41 20 den
835 500 129 27 ständpunkt
979 501 35 26 jag

185 529 89 26 tidigare
297 529 38 20 har
356 529 79 27 intagit.
466 529 41 27 Jag
529 529 66 21 mäste
618 529 67 21 önska
702 529 122 20 införandet
838 529 7 20 i
859 529 69 20 denna
943 529 34 27 lag
993 529 21 20 af

186 559 30 19 ett
237 557 75 27 medel,
329 564 45 14 som
396 558 78 21 tillåter
496 558 129 27 borgenärer
647 560 30 18 att
692 558 85 20 komma
793 557 32 21 till
841 558 31 20 sin
889 559 46 25 rätt,
950 557 63 21 också

186 586 37 20 där
244 586 36 21 det
302 586 66 27 gäller
388 593 26 14 en
437 593 76 20 person
536 587 7 20 i
566 589 79 18 statens
661 587 69 26 tjänst.
760 586 42 21 För
817 586 45 21 min
877 586 34 21 del
927 586 37 21 ber
978 586 36 27 jag

186 614 90 21 sälunda
298 615 20 20 fä
341 615 76 20 föreslä
439 617 30 19 att
491 615 174 28 borgareständet
687 615 7 20 i
710 615 70 20 denna
796 615 35 20 del
846 615 50 20 ville
912 615 102 20 vidblifva

186 643 36 20 sitt
236 643 90 27 tidigare
342 643 70 21 beslut
426 644 7 20 i
449 644 71 20 saken.

255 700 33 21 Hr
307 700 182 21 Stenström:
520 701 134 20 Anslutande
677 701 43 26 mig
741 701 7 20 i
767 700 41 21 allo
825 701 31 20 till
872 701 24 20 hr
910 700 104 21 Janssons

186 729 116 22 uttalande,
325 729 49 21 ville
396 730 34 26 jag
452 729 68 21 därtill
541 730 63 20 hafva
619 729 98 21 anmärkt
732 731 29 19 att
777 729 41 21 den
834 729 7 20 i
857 729 157 20 reservationen

186 757 49 21 med
259 757 72 21 kursiv
354 758 34 21 stil
408 758 126 21 framhällna
549 758 180 27 grundprincipen
745 759 30 19 att
791 757 74 21 endast
882 757 132 21 »förvärfvad

187 786 39 20 och
248 786 212 21 förhandenvarande
482 787 158 27 förmögenhet»
667 787 37 20 bör
719 793 50 14 vara
784 786 88 21 föremål
888 787 32 19 för
935 785 80 21 exeku-

187 815 45 20 tion
253 815 47 20 icke
322 821 63 20 synes
400 815 7 20 i
422 815 135 27 lagförslaget
579 815 7 20 i
601 815 63 27 öfrigt
680 815 69 20 blifvit
764 815 23 20 sä
803 817 80 24 strängt
898 814 117 21 fasthällen.

188 843 12 20 7
217 843 34 26 Sid
297 843 46 27 kap.
359 843 77 21 tillåter
451 844 107 27 nämligen
574 844 120 26 utmätning
709 844 22 20 af
745 843 91 24 lifränta,
852 843 26 20 dä
894 843 40 20 den
950 843 65 21 första

188 871 84 27 gången
295 872 93 21 förfaller
411 872 31 21 till
462 873 108 27 betalning
591 874 32 20 tre
643 873 23 20 är
681 872 54 21 efter
750 873 156 25 utmätningen;
923 878 49 14 men
988 877 27 15 en

188 900 59 27 dylik
270 900 84 22 lifränta
369 901 41 21 kan
427 901 33 21 väl
476 902 46 20 icke
538 904 64 24 gärna
618 901 98 21 hänföras
732 901 31 21 till
781 901 131 20 »förvärfvad
929 900 38 21 och
983 906 32 14 re-

188 929 42 20 dan
245 929 211 21 förhandenvarande
468 930 165 26 förmögenhet».
663 930 38 20 Alt
712 930 170 22 teoretiserande,
893 936 45 14 som
949 929 67 26 omöj-

188 957 68 27 liggör
272 958 41 20 den
329 958 105 27 praktiska
450 958 167 28 tillämpningen,
632 958 65 21 borde
713 958 32 20 för
761 958 64 27 öfrigt
840 958 81 20 lämnas
936 957 12 21 å
963 958 52 20 sido.

188 986 41 27 Jag
244 986 64 27 yrkar
323 986 56 27 förty
393 987 27 27 pä
434 987 329 27 sammanjämkningsförslagets
780 986 124 28 antagande.

258 1043 33 21 Hr
312 1043 109 21 Heikel:
452 1044 41 27 Jag
515 1043 36 21 vill
574 1044 47 20 icke
636 1046 56 24 yttra
707 1044 44 26 mig
766 1044 7 20 i
789 1043 43 27 sak,
848 1043 27 21 dä
890 1043 64 21 redan
971 1049 45 14 mer

188 1072 136 26 kompetenta
346 1078 100 21 personer
468 1074 26 18 än
516 1073 36 26 jag
573 1073 56 26 gjort
651 1072 40 21 det.
721 1072 51 21 Men
790 1072 36 26 jag
841 1072 41 20 kan
899 1072 52 20 dock
968 1071 47 21 icke

189 1100 112 21 underläta
326 1102 29 19 att
377 1101 46 20 frän
446 1101 112 21 utskottets
581 1101 133 21 betänkande
737 1100 89 28 uppläsa
841 1102 78 19 tvänne
935 1100 80 20 strofer.

187 1128 42 21 Det
252 1129 58 21 heter
330 1129 27 27 pä
372 1129 45 21 sida
432 1130 23 20 5:
488 1130 120 21 »Utskottet
623 1130 38 20 har
677 1130 32 20 för
725 1130 64 26 öfrigt
804 1129 47 21 icke
867 1130 68 19 ansett
951 1128 65 27 något

187 1157 121 27 principielt
330 1158 45 20 skäl
397 1158 113 20 förefinnas
526 1160 30 19 att
571 1158 47 20 frän
634 1158 120 26 utmätning
770 1158 21 20 af
806 1157 36 21 lön
859 1157 52 21 eller
926 1157 89 27 pension

187 1186 77 26 fritaga
287 1192 104 21 personer,
414 1192 45 15 som
482 1188 35 19 äro
537 1187 96 20 anstälda
648 1187 7 19 i
670 1186 83 21 enskild
769 1186 71 26 tjänst,
856 1187 51 19 enär
923 1185 40 21 den
979 1192 36 14 en-

188 1214 68 20 skilde
279 1215 94 26 tjänaren
396 1215 46 21 icke
466 1215 37 21 bör
526 1215 79 21 erhålla
628 1217 30 19 ett
681 1215 55 27 slags
751 1221 77 21 genom
845 1214 35 27 lag
897 1214 119 20 bekräftadt

187 1242 135 28 privilegium
346 1245 29 19 att
398 1244 18 26 ej
438 1244 74 20 kunna
534 1250 77 20 genom
634 1250 81 14 samma
737 1243 76 27 medel,
836 1249 46 14 som
903 1242 66 27 gäller
983 1242 32 20 för

188 1271 62 21 deras
273 1272 121 20 husbönder
417 1272 39 20 och
474 1272 66 20 andra
556 1272 143 27 medborgare,
716 1272 83 26 tvingas
815 1273 30 19 att
860 1271 102 27 godtgöra
978 1276 38 15 ens

188 1300 26 20 de
236 1302 56 18 mest
314 1300 118 27 rättmätiga
448 1300 51 21 kraf.
530 1301 38 20 Att
582 1301 62 27 lagen
661 1301 42 20 kan
720 1300 98 20 eluderas
834 1306 76 20 genom
926 1299 90 21 utbetal-

188 1328 51 27 ning
255 1328 21 21 af
291 1328 62 21 lönen
370 1328 52 21 eller
436 1330 117 26 pensionen
569 1329 26 27 pä
610 1329 90 21 förhand
716 1329 52 21 eller
783 1334 77 22 genom
876 1328 100 26 flyttning
991 1334 25 14 ur

187 1357 92 26 tjänsten
304 1359 22 18 är
341 1357 34 20 väl
390 1363 25 15 en
432 1358 106 26 beklaglig
554 1358 161 26 omständighet,
731 1363 47 15 som
794 1357 54 20 dock
864 1357 18 26 ej
898 1356 33 20 får
946 1356 70 27 skjuta

188 1385 21 21 ät
224 1385 61 21 sidan
300 1386 141 26 grundsatsen
457 1392 34 14 om
507 1386 52 21 allas
573 1386 112 27 jämlikhet
697 1386 56 20 inför
764 1386 84 26 lagen».
877 1384 70 21 Gäller
959 1384 57 21 detta

188 1413 41 21 den
254 1414 97 20 enskilde
372 1414 102 28 tjänaren,
494 1414 24 21 sä
532 1415 67 27 gäller
615 1415 35 20 det
668 1415 3 19 i
687 1415 23 20 sä
725 1414 87 26 mycket
827 1414 65 26 högre
907 1413 52 27 grad
975 1414 41 20 sta-

188 1444 46 18 tens
250 1442 134 26 tjänstemän.

257 1470 50 21 Men
322 1471 35 26 jag
373 1471 36 20 vill
425 1478 29 13 nu
470 1472 55 26 yttra
540 1473 30 19 ett
585 1478 38 20 par
638 1471 37 20 ord
691 1471 91 20 rörande
796 1470 41 21 den
848 1470 96 20 formella
955 1470 61 20 sidan

188 1499 21 20 af
231 1499 72 21 saken.
333 1499 41 27 Jag
389 1499 67 21 mäste
472 1506 50 14 anse
538 1501 29 19 att
583 1500 35 20 det
633 1499 84 27 förslag,
733 1506 47 14 som
796 1499 24 20 hr
835 1498 102 28 Nybergh
952 1498 64 20 fram-

188 1527 48 21 stält
260 1528 39 20 och
316 1534 46 14 som
388 1528 20 20 af
423 1528 66 20 andra
504 1528 70 20 blifvit
589 1528 130 27 understödt,
735 1530 23 18 är
773 1527 89 21 alldeles
877 1526 139 28 formvidrigt.
