<?xml version="1.0" encoding="UTF-8"?>
<alto xmlns="http://www.loc.gov/standards/alto/ns-v3#" xmlns:xlink="http://www.w3.org/1999/xlink" xmlns:xsi="http://www.w3.org/2001/XMLSchema-instance" xsi:schemaLocation="http://www.loc.gov/standards/alto/ns-v3# http://www.loc.gov/alto/v3/alto-3-0.xsd">
	<Description>
		<MeasurementUnit>pixel</MeasurementUnit>
		<sourceImageInformation>
			<fileName>/tmp/tess_86egasc0_input.PNG</fileName>
		</sourceImageInformation>
		<OCRProcessing ID="OCR_0">
			<ocrProcessingStep>
				<processingSoftware>
					<softwareName>tesseract 5.3.4</softwareName>
				</processingSoftware>
			</ocrProcessingStep>
		</OCRProcessing>
	</Description>
	<Layout>
		<Page WIDTH="1142" HEIGHT="1773" PHYSICAL_IMG_NR="0" ID="page_0">
			<PrintSpace HPOS="0" VPOS="0" WIDTH="1142" HEIGHT="1773">
				<ComposedBlock ID="cblock_0" HPOS="204" VPOS="123" WIDTH="557" HEIGHT="27">
					<TextBlock ID="block_0" HPOS="204" VPOS="123" WIDTH="557" HEIGHT="27">
						<TextLine ID="line_0" HPOS="204" VPOS="123" WIDTH="557" HEIGHT="27">
							<String ID="string_0" HPOS="204" VPOS="123" WIDTH="54" HEIGHT="21" WC="0.95" CONTENT="1528"/><SP WIDTH="141" VPOS="123" HPOS="258"/>
							<String ID="string_1" HPOS="399" VPOS="130" WIDTH="179" HEIGHT="20" WC="0.90" CONTENT="Borgareständet"/><SP WIDTH="17" VPOS="130" HPOS="578"/>
							<String ID="string_2" HPOS="595" VPOS="130" WIDTH="56" HEIGHT="16" WC="0.95" CONTENT="1894."/><SP WIDTH="24" VPOS="130" HPOS="651"/>
							<String ID="string_3" HPOS="675" VPOS="130" WIDTH="26" HEIGHT="16" WC="0.96" CONTENT="29"/><SP WIDTH="13" VPOS="130" HPOS="701"/>
							<String ID="string_4" HPOS="714" VPOS="130" WIDTH="47" HEIGHT="20" WC="0.96" CONTENT="maj."/>
						</TextLine>
					</TextBlock>
				</ComposedBlock>
				<GraphicalElement ID="cblock_1" HPOS="173" VPOS="164" WIDTH="827" HEIGHT="3"></GraphicalElement >
				<ComposedBlock ID="cblock_2" HPOS="174" VPOS="210" WIDTH="827" HEIGHT="257">
					<TextBlock ID="block_1" HPOS="174" VPOS="210" WIDTH="827" HEIGHT="257">
						<TextLine ID="line_1" HPOS="243" VPOS="210" WIDTH="757" HEIGHT="28">
							<String ID="string_5" HPOS="243" VPOS="210" WIDTH="117" HEIGHT="28" WC="0.95" CONTENT="Föredrogs"/><SP WIDTH="27" VPOS="210" HPOS="360"/>
							<String ID="string_6" HPOS="387" VPOS="210" WIDTH="107" HEIGHT="21" WC="0.93" CONTENT="allmänna"/><SP WIDTH="28" VPOS="210" HPOS="494"/>
							<String ID="string_7" HPOS="522" VPOS="210" WIDTH="199" HEIGHT="22" WC="0.87" CONTENT="besvärsutskottets"/><SP WIDTH="25" VPOS="210" HPOS="721"/>
							<String ID="string_8" HPOS="746" VPOS="210" WIDTH="35" HEIGHT="20" WC="0.95" CONTENT="vid"/><SP WIDTH="28" VPOS="210" HPOS="781"/>
							<String ID="string_9" HPOS="809" VPOS="212" WIDTH="83" HEIGHT="19" WC="0.95" CONTENT="senaste"/><SP WIDTH="22" VPOS="212" HPOS="892"/>
							<String ID="string_10" HPOS="914" VPOS="210" WIDTH="86" HEIGHT="27" WC="0.96" CONTENT="plenum"/>
						</TextLine>
						<TextLine ID="line_2" HPOS="174" VPOS="238" WIDTH="826" HEIGHT="28">
							<String ID="string_11" HPOS="174" VPOS="238" WIDTH="116" HEIGHT="28" WC="0.92" CONTENT="bordlagda"/><SP WIDTH="22" VPOS="238" HPOS="290"/>
							<String ID="string_12" HPOS="312" VPOS="239" WIDTH="78" HEIGHT="27" WC="0.95" CONTENT="förslag"/><SP WIDTH="16" VPOS="239" HPOS="390"/>
							<String ID="string_13" HPOS="406" VPOS="239" WIDTH="31" HEIGHT="21" WC="0.93" CONTENT="till"/><SP WIDTH="16" VPOS="239" HPOS="437"/>
							<String ID="string_14" HPOS="453" VPOS="240" WIDTH="208" HEIGHT="26" WC="0.90" CONTENT="sammanjämkning"/><SP WIDTH="15" VPOS="240" HPOS="661"/>
							<String ID="string_15" HPOS="676" VPOS="240" WIDTH="21" HEIGHT="20" WC="0.93" CONTENT="af"/><SP WIDTH="16" VPOS="240" HPOS="697"/>
							<String ID="string_16" HPOS="713" VPOS="239" WIDTH="100" HEIGHT="21" WC="0.92" CONTENT="ståndens"/><SP WIDTH="17" VPOS="239" HPOS="813"/>
							<String ID="string_17" HPOS="830" VPOS="239" WIDTH="121" HEIGHT="27" WC="0.93" CONTENT="skiljaktiga"/><SP WIDTH="15" VPOS="239" HPOS="951"/>
							<String ID="string_18" HPOS="966" VPOS="239" WIDTH="34" HEIGHT="20" WC="0.92" CONTENT="be-"/>
						</TextLine>
						<TextLine ID="line_3" HPOS="174" VPOS="267" WIDTH="827" HEIGHT="27">
							<String ID="string_19" HPOS="174" VPOS="267" WIDTH="43" HEIGHT="21" WC="0.96" CONTENT="slut"/><SP WIDTH="15" VPOS="267" HPOS="217"/>
							<String ID="string_20" HPOS="232" VPOS="267" WIDTH="6" HEIGHT="20" WC="0.96" CONTENT="i"/><SP WIDTH="16" VPOS="267" HPOS="238"/>
							<String ID="string_21" HPOS="254" VPOS="268" WIDTH="116" HEIGHT="26" WC="0.95" CONTENT="anledning"/><SP WIDTH="15" VPOS="268" HPOS="370"/>
							<String ID="string_22" HPOS="385" VPOS="268" WIDTH="21" HEIGHT="20" WC="0.96" CONTENT="af"/><SP WIDTH="15" VPOS="268" HPOS="406"/>
							<String ID="string_23" HPOS="421" VPOS="268" WIDTH="113" HEIGHT="20" WC="0.96" CONTENT="utskottets"/><SP WIDTH="17" VPOS="268" HPOS="534"/>
							<String ID="string_24" HPOS="551" VPOS="268" WIDTH="132" HEIGHT="20" WC="0.96" CONTENT="betänkande"/><SP WIDTH="17" VPOS="268" HPOS="683"/>
							<String ID="string_25" HPOS="700" VPOS="274" WIDTH="34" HEIGHT="14" WC="0.96" CONTENT="n:o"/><SP WIDTH="17" VPOS="274" HPOS="734"/>
							<String ID="string_26" HPOS="751" VPOS="268" WIDTH="26" HEIGHT="20" WC="0.96" CONTENT="19"/><SP WIDTH="16" VPOS="268" HPOS="777"/>
							<String ID="string_27" HPOS="793" VPOS="268" WIDTH="110" HEIGHT="26" WC="0.96" CONTENT="angående"/><SP WIDTH="16" VPOS="268" HPOS="903"/>
							<String ID="string_28" HPOS="919" VPOS="268" WIDTH="18" HEIGHT="26" WC="0.92" CONTENT="ej"/><SP WIDTH="10" VPOS="268" HPOS="937"/>
							<String ID="string_29" HPOS="947" VPOS="268" WIDTH="54" HEIGHT="19" WC="0.92" CONTENT="min-"/>
						</TextLine>
						<TextLine ID="line_4" HPOS="174" VPOS="296" WIDTH="827" HEIGHT="27">
							<String ID="string_30" HPOS="174" VPOS="296" WIDTH="37" HEIGHT="20" WC="0.96" CONTENT="dre"/><SP WIDTH="27" VPOS="296" HPOS="211"/>
							<String ID="string_31" HPOS="238" VPOS="296" WIDTH="78" HEIGHT="21" WC="0.96" CONTENT="vården"/><SP WIDTH="28" VPOS="296" HPOS="316"/>
							<String ID="string_32" HPOS="344" VPOS="296" WIDTH="21" HEIGHT="21" WC="0.96" CONTENT="af"/><SP WIDTH="23" VPOS="296" HPOS="365"/>
							<String ID="string_33" HPOS="388" VPOS="296" WIDTH="25" HEIGHT="21" WC="0.96" CONTENT="de"/><SP WIDTH="19" VPOS="296" HPOS="413"/>
							<String ID="string_34" HPOS="432" VPOS="303" WIDTH="76" HEIGHT="20" WC="0.96" CONTENT="genom"/><SP WIDTH="17" VPOS="303" HPOS="508"/>
							<String ID="string_35" HPOS="525" VPOS="298" WIDTH="125" HEIGHT="19" WC="0.96" CONTENT="testamente"/><SP WIDTH="16" VPOS="298" HPOS="650"/>
							<String ID="string_36" HPOS="666" VPOS="296" WIDTH="21" HEIGHT="20" WC="0.96" CONTENT="af"/><SP WIDTH="15" VPOS="296" HPOS="687"/>
							<String ID="string_37" HPOS="702" VPOS="296" WIDTH="113" HEIGHT="21" WC="0.93" CONTENT="framlidne"/><SP WIDTH="16" VPOS="296" HPOS="815"/>
							<String ID="string_38" HPOS="831" VPOS="296" WIDTH="170" HEIGHT="21" WC="0.91" CONTENT="medicinelicen-"/>
						</TextLine>
						<TextLine ID="line_5" HPOS="174" VPOS="324" WIDTH="827" HEIGHT="27">
							<String ID="string_39" HPOS="174" VPOS="324" WIDTH="64" HEIGHT="21" WC="0.92" CONTENT="tiaten"/><SP WIDTH="22" VPOS="324" HPOS="238"/>
							<String ID="string_40" HPOS="260" VPOS="324" WIDTH="94" HEIGHT="21" WC="0.95" CONTENT="Herman"/><SP WIDTH="18" VPOS="324" HPOS="354"/>
							<String ID="string_41" HPOS="372" VPOS="325" WIDTH="89" HEIGHT="21" WC="0.95" CONTENT="Frithiof"/><SP WIDTH="15" VPOS="325" HPOS="461"/>
							<String ID="string_42" HPOS="476" VPOS="325" WIDTH="74" HEIGHT="21" WC="0.96" CONTENT="Antell"/><SP WIDTH="15" VPOS="325" HPOS="550"/>
							<String ID="string_43" HPOS="565" VPOS="325" WIDTH="102" HEIGHT="21" WC="0.95" CONTENT="Finlands"/><SP WIDTH="15" VPOS="325" HPOS="667"/>
							<String ID="string_44" HPOS="682" VPOS="325" WIDTH="43" HEIGHT="21" WC="0.89" CONTENT="folk"/><SP WIDTH="18" VPOS="325" HPOS="725"/>
							<String ID="string_45" HPOS="743" VPOS="324" WIDTH="98" HEIGHT="21" WC="0.89" CONTENT="tillfallna"/><SP WIDTH="15" VPOS="324" HPOS="841"/>
							<String ID="string_46" HPOS="856" VPOS="327" WIDTH="77" HEIGHT="24" WC="0.92" CONTENT="mynt-,"/><SP WIDTH="16" VPOS="327" HPOS="933"/>
							<String ID="string_47" HPOS="949" VPOS="324" WIDTH="52" HEIGHT="21" WC="0.92" CONTENT="anti-"/>
						</TextLine>
						<TextLine ID="line_6" HPOS="174" VPOS="352" WIDTH="827" HEIGHT="28">
							<String ID="string_48" HPOS="174" VPOS="352" WIDTH="92" HEIGHT="27" WC="0.92" CONTENT="kvitets-,"/><SP WIDTH="16" VPOS="352" HPOS="266"/>
							<String ID="string_49" HPOS="282" VPOS="353" WIDTH="71" HEIGHT="21" WC="0.91" CONTENT="konst-"/><SP WIDTH="15" VPOS="353" HPOS="353"/>
							<String ID="string_50" HPOS="368" VPOS="360" WIDTH="26" HEIGHT="14" WC="0.97" CONTENT="m."/><SP WIDTH="16" VPOS="360" HPOS="394"/>
							<String ID="string_51" HPOS="410" VPOS="354" WIDTH="19" HEIGHT="20" WC="0.95" CONTENT="fl."/><SP WIDTH="17" VPOS="354" HPOS="429"/>
							<String ID="string_52" HPOS="446" VPOS="354" WIDTH="120" HEIGHT="26" WC="0.96" CONTENT="samlingar,"/><SP WIDTH="16" VPOS="354" HPOS="566"/>
							<String ID="string_53" HPOS="582" VPOS="356" WIDTH="27" HEIGHT="18" WC="0.96" CONTENT="än"/><SP WIDTH="16" VPOS="356" HPOS="609"/>
							<String ID="string_54" HPOS="625" VPOS="354" WIDTH="39" HEIGHT="20" WC="0.96" CONTENT="ock"/><SP WIDTH="16" VPOS="354" HPOS="664"/>
							<String ID="string_55" HPOS="680" VPOS="354" WIDTH="121" HEIGHT="20" WC="0.96" CONTENT="särskilda"/><SP WIDTH="-10" VPOS="354" HPOS="801"/>
							<String ID="string_56" HPOS="791" VPOS="348" WIDTH="9" HEIGHT="36" WC="0.96" CONTENT="i"/><SP WIDTH="16" VPOS="348" HPOS="800"/>
							<String ID="string_57" HPOS="816" VPOS="353" WIDTH="24" HEIGHT="21" WC="0.96" CONTENT="R."/><SP WIDTH="12" VPOS="353" HPOS="840"/>
							<String ID="string_58" HPOS="852" VPOS="360" WIDTH="17" HEIGHT="14" WC="0.93" CONTENT="o."/><SP WIDTH="11" VPOS="360" HPOS="869"/>
							<String ID="string_59" HPOS="880" VPOS="354" WIDTH="32" HEIGHT="26" WC="0.79" CONTENT="A.,"/><SP WIDTH="11" VPOS="354" HPOS="912"/>
							<String ID="string_60" HPOS="923" VPOS="355" WIDTH="78" HEIGHT="25" WC="0.93" CONTENT="präste-"/>
						</TextLine>
						<TextLine ID="line_7" HPOS="174" VPOS="381" WIDTH="827" HEIGHT="28">
							<String ID="string_61" HPOS="174" VPOS="384" WIDTH="54" HEIGHT="18" WC="0.93" CONTENT="samt"/><SP WIDTH="16" VPOS="384" HPOS="228"/>
							<String ID="string_62" HPOS="244" VPOS="381" WIDTH="176" HEIGHT="27" WC="0.91" CONTENT="borgareständen"/><SP WIDTH="18" VPOS="381" HPOS="420"/>
							<String ID="string_63" HPOS="438" VPOS="384" WIDTH="74" HEIGHT="19" WC="0.92" CONTENT="väckta"/><SP WIDTH="15" VPOS="384" HPOS="512"/>
							<String ID="string_64" HPOS="527" VPOS="382" WIDTH="179" HEIGHT="27" WC="0.91" CONTENT="petitionsförslag"/><SP WIDTH="15" VPOS="382" HPOS="706"/>
							<String ID="string_65" HPOS="721" VPOS="389" WIDTH="35" HEIGHT="13" WC="0.93" CONTENT="om"/><SP WIDTH="16" VPOS="389" HPOS="756"/>
							<String ID="string_66" HPOS="772" VPOS="382" WIDTH="131" HEIGHT="27" WC="0.95" CONTENT="uppförande"/><SP WIDTH="16" VPOS="382" HPOS="903"/>
							<String ID="string_67" HPOS="919" VPOS="382" WIDTH="21" HEIGHT="20" WC="0.93" CONTENT="af"/><SP WIDTH="15" VPOS="382" HPOS="940"/>
							<String ID="string_68" HPOS="955" VPOS="388" WIDTH="46" HEIGHT="14" WC="0.92" CONTENT="mu-"/>
						</TextLine>
						<TextLine ID="line_8" HPOS="174" VPOS="410" WIDTH="827" HEIGHT="28">
							<String ID="string_69" HPOS="174" VPOS="410" WIDTH="117" HEIGHT="27" WC="0.90" CONTENT="seibygnad"/><SP WIDTH="23" VPOS="410" HPOS="291"/>
							<String ID="string_70" HPOS="314" VPOS="410" WIDTH="57" HEIGHT="21" WC="0.90" CONTENT="säväl"/><SP WIDTH="20" VPOS="410" HPOS="371"/>
							<String ID="string_71" HPOS="391" VPOS="411" WIDTH="32" HEIGHT="21" WC="0.96" CONTENT="för"/><SP WIDTH="16" VPOS="411" HPOS="423"/>
							<String ID="string_72" HPOS="439" VPOS="411" WIDTH="25" HEIGHT="21" WC="0.93" CONTENT="de"/><SP WIDTH="16" VPOS="411" HPOS="464"/>
							<String ID="string_73" HPOS="480" VPOS="411" WIDTH="112" HEIGHT="21" WC="0.93" CONTENT="Antellska"/><SP WIDTH="16" VPOS="411" HPOS="592"/>
							<String ID="string_74" HPOS="608" VPOS="411" WIDTH="143" HEIGHT="27" WC="0.92" CONTENT="samlingarna"/><SP WIDTH="16" VPOS="411" HPOS="751"/>
							<String ID="string_75" HPOS="767" VPOS="417" WIDTH="45" HEIGHT="14" WC="0.96" CONTENT="som"/><SP WIDTH="16" VPOS="417" HPOS="812"/>
							<String ID="string_76" HPOS="828" VPOS="410" WIDTH="33" HEIGHT="21" WC="0.96" CONTENT="för"/><SP WIDTH="15" VPOS="410" HPOS="861"/>
							<String ID="string_77" HPOS="876" VPOS="413" WIDTH="78" HEIGHT="18" WC="0.93" CONTENT="statens"/><SP WIDTH="16" VPOS="413" HPOS="954"/>
							<String ID="string_78" HPOS="970" VPOS="417" WIDTH="31" HEIGHT="13" WC="0.93" CONTENT="ar-"/>
						</TextLine>
						<TextLine ID="line_9" HPOS="174" VPOS="438" WIDTH="603" HEIGHT="29">
							<String ID="string_79" HPOS="174" VPOS="438" WIDTH="128" HEIGHT="28" WC="0.92" CONTENT="keologiska,"/><SP WIDTH="16" VPOS="438" HPOS="302"/>
							<String ID="string_80" HPOS="318" VPOS="439" WIDTH="111" HEIGHT="22" WC="0.89" CONTENT="historiska"/><SP WIDTH="15" VPOS="439" HPOS="429"/>
							<String ID="string_81" HPOS="444" VPOS="440" WIDTH="39" HEIGHT="21" WC="0.93" CONTENT="och"/><SP WIDTH="17" VPOS="440" HPOS="483"/>
							<String ID="string_82" HPOS="500" VPOS="440" WIDTH="141" HEIGHT="27" WC="0.92" CONTENT="etnografiska"/><SP WIDTH="15" VPOS="440" HPOS="641"/>
							<String ID="string_83" HPOS="656" VPOS="440" WIDTH="121" HEIGHT="27" WC="0.96" CONTENT="samlingar."/>
						</TextLine>
					</TextBlock>
				</ComposedBlock>
				<ComposedBlock ID="cblock_3" HPOS="173" VPOS="496" WIDTH="828" HEIGHT="257">
					<TextBlock ID="block_2" HPOS="173" VPOS="496" WIDTH="828" HEIGHT="257">
						<TextLine ID="line_10" HPOS="244" VPOS="496" WIDTH="756" HEIGHT="28">
							<String ID="string_84" HPOS="244" VPOS="496" WIDTH="65" HEIGHT="21" WC="0.96" CONTENT="Ordet"/><SP WIDTH="15" VPOS="496" HPOS="309"/>
							<String ID="string_85" HPOS="324" VPOS="497" WIDTH="102" HEIGHT="27" WC="0.96" CONTENT="begärdes"/><SP WIDTH="16" VPOS="497" HPOS="426"/>
							<String ID="string_86" HPOS="442" VPOS="497" WIDTH="21" HEIGHT="21" WC="0.96" CONTENT="af"/><SP WIDTH="22" VPOS="497" HPOS="463"/>
							<String ID="string_87" HPOS="485" VPOS="504" WIDTH="17" HEIGHT="13" WC="0.93" CONTENT="hr"/><SP WIDTH="16" VPOS="504" HPOS="502"/>
							<String ID="string_88" HPOS="518" VPOS="497" WIDTH="156" HEIGHT="26" WC="0.90" CONTENT="Schvindt,"/><SP WIDTH="16" VPOS="497" HPOS="674"/>
							<String ID="string_89" HPOS="690" VPOS="504" WIDTH="45" HEIGHT="14" WC="0.92" CONTENT="som"/><SP WIDTH="16" VPOS="504" HPOS="735"/>
							<String ID="string_90" HPOS="751" VPOS="497" WIDTH="95" HEIGHT="27" WC="0.92" CONTENT="yttrade:"/><SP WIDTH="30" VPOS="497" HPOS="846"/>
							<String ID="string_91" HPOS="876" VPOS="497" WIDTH="62" HEIGHT="20" WC="0.96" CONTENT="Tosin"/><SP WIDTH="16" VPOS="497" HPOS="938"/>
							<String ID="string_92" HPOS="954" VPOS="497" WIDTH="46" HEIGHT="20" WC="0.97" CONTENT="olisi"/>
						</TextLine>
						<TextLine ID="line_11" HPOS="174" VPOS="525" WIDTH="827" HEIGHT="28">
							<String ID="string_93" HPOS="174" VPOS="525" WIDTH="175" HEIGHT="27" WC="0.95" CONTENT="porvarissäädyn"/><SP WIDTH="24" VPOS="525" HPOS="349"/>
							<String ID="string_94" HPOS="373" VPOS="526" WIDTH="147" HEIGHT="21" WC="0.91" CONTENT="muodostama"/><SP WIDTH="23" VPOS="526" HPOS="520"/>
							<String ID="string_95" HPOS="543" VPOS="533" WIDTH="85" HEIGHT="20" WC="0.91" CONTENT="ponnen"/><SP WIDTH="23" VPOS="533" HPOS="628"/>
							<String ID="string_96" HPOS="651" VPOS="526" WIDTH="154" HEIGHT="21" WC="0.96" CONTENT="ensimmäinen"/><SP WIDTH="17" VPOS="526" HPOS="805"/>
							<String ID="string_97" HPOS="822" VPOS="526" WIDTH="110" HEIGHT="20" WC="0.20" CONTENT="momentti"/><SP WIDTH="16" VPOS="526" HPOS="932"/>
							<String ID="string_98" HPOS="948" VPOS="525" WIDTH="53" HEIGHT="21" WC="0.96" CONTENT="ollut"/>
						</TextLine>
						<TextLine ID="line_12" HPOS="174" VPOS="553" WIDTH="826" HEIGHT="28">
							<String ID="string_99" HPOS="174" VPOS="553" WIDTH="200" HEIGHT="28" WC="0.91" CONTENT="asianmukaisempi"/><SP WIDTH="27" VPOS="553" HPOS="374"/>
							<String ID="string_100" HPOS="401" VPOS="555" WIDTH="52" HEIGHT="20" WC="0.94" CONTENT="kuin"/><SP WIDTH="28" VPOS="555" HPOS="453"/>
							<String ID="string_101" HPOS="481" VPOS="555" WIDTH="150" HEIGHT="25" WC="0.96" CONTENT="valiokunnan,"/><SP WIDTH="25" VPOS="555" HPOS="631"/>
							<String ID="string_102" HPOS="656" VPOS="561" WIDTH="53" HEIGHT="20" WC="0.96" CONTENT="vaan"/><SP WIDTH="24" VPOS="561" HPOS="709"/>
							<String ID="string_103" HPOS="733" VPOS="555" WIDTH="66" HEIGHT="20" WC="0.96" CONTENT="koska"/><SP WIDTH="15" VPOS="555" HPOS="799"/>
							<String ID="string_104" HPOS="814" VPOS="557" WIDTH="62" HEIGHT="18" WC="0.95" CONTENT="muut"/><SP WIDTH="15" VPOS="557" HPOS="876"/>
							<String ID="string_105" HPOS="891" VPOS="554" WIDTH="74" HEIGHT="27" WC="0.96" CONTENT="säädyt"/><SP WIDTH="14" VPOS="554" HPOS="965"/>
							<String ID="string_106" HPOS="979" VPOS="554" WIDTH="21" HEIGHT="27" WC="0.97" CONTENT="jo"/>
						</TextLine>
						<TextLine ID="line_13" HPOS="173" VPOS="582" WIDTH="828" HEIGHT="28">
							<String ID="string_107" HPOS="173" VPOS="582" WIDTH="93" HEIGHT="21" WC="0.96" CONTENT="lienevät"/><SP WIDTH="25" VPOS="582" HPOS="266"/>
							<String ID="string_108" HPOS="291" VPOS="585" WIDTH="68" HEIGHT="18" WC="0.93" CONTENT="tämän"/><SP WIDTH="19" VPOS="585" HPOS="359"/>
							<String ID="string_109" HPOS="378" VPOS="583" WIDTH="291" HEIGHT="26" WC="0.91" CONTENT="yhteensovitusehdotuksen"/><SP WIDTH="22" VPOS="583" HPOS="669"/>
							<String ID="string_110" HPOS="691" VPOS="583" WIDTH="147" HEIGHT="27" WC="0.96" CONTENT="hyväksyneet"/><SP WIDTH="14" VPOS="583" HPOS="838"/>
							<String ID="string_111" HPOS="852" VPOS="583" WIDTH="21" HEIGHT="27" WC="0.97" CONTENT="ja"/><SP WIDTH="16" VPOS="583" HPOS="873"/>
							<String ID="string_112" HPOS="889" VPOS="583" WIDTH="59" HEIGHT="20" WC="0.93" CONTENT="ensin"/><SP WIDTH="16" VPOS="583" HPOS="948"/>
							<String ID="string_113" HPOS="964" VPOS="583" WIDTH="37" HEIGHT="21" WC="0.92" CONTENT="ko-"/>
						</TextLine>
						<TextLine ID="line_14" HPOS="174" VPOS="611" WIDTH="827" HEIGHT="28">
							<String ID="string_114" HPOS="174" VPOS="611" WIDTH="132" HEIGHT="21" WC="0.89" CONTENT="koontuvilla"/><SP WIDTH="23" VPOS="611" HPOS="306"/>
							<String ID="string_115" HPOS="329" VPOS="612" WIDTH="101" HEIGHT="26" WC="0.86" CONTENT="säädyillä"/><SP WIDTH="15" VPOS="612" HPOS="430"/>
							<String ID="string_116" HPOS="445" VPOS="612" WIDTH="92" HEIGHT="21" WC="0.96" CONTENT="kaikissa"/><SP WIDTH="16" VPOS="612" HPOS="537"/>
							<String ID="string_117" HPOS="553" VPOS="612" WIDTH="131" HEIGHT="27" WC="0.96" CONTENT="tapauksissa"/><SP WIDTH="16" VPOS="612" HPOS="684"/>
							<String ID="string_118" HPOS="700" VPOS="612" WIDTH="56" HEIGHT="21" WC="0.96" CONTENT="tulee"/><SP WIDTH="16" VPOS="612" HPOS="756"/>
							<String ID="string_119" HPOS="772" VPOS="612" WIDTH="96" HEIGHT="20" WC="0.96" CONTENT="olemaan"/><SP WIDTH="17" VPOS="612" HPOS="868"/>
							<String ID="string_120" HPOS="885" VPOS="611" WIDTH="116" HEIGHT="21" WC="0.96" CONTENT="tilaisuutta"/>
						</TextLine>
						<TextLine ID="line_15" HPOS="173" VPOS="639" WIDTH="827" HEIGHT="28">
							<String ID="string_121" HPOS="173" VPOS="639" WIDTH="126" HEIGHT="22" WC="0.96" CONTENT="lausumaan"/><SP WIDTH="16" VPOS="639" HPOS="299"/>
							<String ID="string_122" HPOS="315" VPOS="641" WIDTH="153" HEIGHT="26" WC="0.93" CONTENT="mielipiteensä"/><SP WIDTH="15" VPOS="641" HPOS="468"/>
							<String ID="string_123" HPOS="483" VPOS="641" WIDTH="102" HEIGHT="20" WC="0.92" CONTENT="Antell&#39;in"/><SP WIDTH="18" VPOS="641" HPOS="585"/>
							<String ID="string_124" HPOS="603" VPOS="641" WIDTH="152" HEIGHT="20" WC="0.93" CONTENT="testamentista"/><SP WIDTH="16" VPOS="641" HPOS="755"/>
							<String ID="string_125" HPOS="771" VPOS="640" WIDTH="229" HEIGHT="26" WC="0.92" CONTENT="kokonaisuudessaan,"/>
						</TextLine>
						<TextLine ID="line_16" HPOS="174" VPOS="668" WIDTH="827" HEIGHT="27">
							<String ID="string_126" HPOS="174" VPOS="668" WIDTH="76" HEIGHT="21" WC="0.96" CONTENT="vaikka"/><SP WIDTH="24" VPOS="668" HPOS="250"/>
							<String ID="string_127" HPOS="274" VPOS="671" WIDTH="38" HEIGHT="24" WC="0.96" CONTENT="nyt"/><SP WIDTH="22" VPOS="671" HPOS="312"/>
							<String ID="string_128" HPOS="334" VPOS="669" WIDTH="98" HEIGHT="21" WC="0.96" CONTENT="valittava"/><SP WIDTH="22" VPOS="669" HPOS="432"/>
							<String ID="string_129" HPOS="454" VPOS="669" WIDTH="151" HEIGHT="21" WC="0.96" CONTENT="valtuuskunta"/><SP WIDTH="16" VPOS="669" HPOS="605"/>
							<String ID="string_130" HPOS="621" VPOS="670" WIDTH="19" HEIGHT="20" WC="0.97" CONTENT="ei"/><SP WIDTH="17" VPOS="670" HPOS="640"/>
							<String ID="string_131" HPOS="657" VPOS="669" WIDTH="115" HEIGHT="21" WC="0.96" CONTENT="tekisikään"/><SP WIDTH="17" VPOS="669" HPOS="772"/>
							<String ID="string_132" HPOS="789" VPOS="669" WIDTH="112" HEIGHT="20" WC="0.96" CONTENT="ehdotusta"/><SP WIDTH="16" VPOS="669" HPOS="901"/>
							<String ID="string_133" HPOS="917" VPOS="671" WIDTH="84" HEIGHT="18" WC="0.96" CONTENT="muusta"/>
						</TextLine>
						<TextLine ID="line_17" HPOS="173" VPOS="697" WIDTH="828" HEIGHT="28">
							<String ID="string_134" HPOS="173" VPOS="697" WIDTH="52" HEIGHT="20" WC="0.95" CONTENT="kuin"/><SP WIDTH="27" VPOS="697" HPOS="225"/>
							<String ID="string_135" HPOS="252" VPOS="697" WIDTH="68" HEIGHT="21" WC="0.93" CONTENT="hänen"/><SP WIDTH="27" VPOS="697" HPOS="320"/>
							<String ID="string_136" HPOS="347" VPOS="698" WIDTH="157" HEIGHT="21" WC="0.91" CONTENT="kokoelmiensa"/><SP WIDTH="22" VPOS="698" HPOS="504"/>
							<String ID="string_137" HPOS="526" VPOS="698" WIDTH="102" HEIGHT="25" WC="0.96" CONTENT="hoidosta,"/><SP WIDTH="16" VPOS="698" HPOS="628"/>
							<String ID="string_138" HPOS="644" VPOS="698" WIDTH="45" HEIGHT="20" WC="0.96" CONTENT="niin"/><SP WIDTH="16" VPOS="698" HPOS="689"/>
							<String ID="string_139" HPOS="705" VPOS="698" WIDTH="19" HEIGHT="21" WC="0.96" CONTENT="ei"/><SP WIDTH="17" VPOS="698" HPOS="724"/>
							<String ID="string_140" HPOS="741" VPOS="698" WIDTH="54" HEIGHT="20" WC="0.92" CONTENT="liene"/><SP WIDTH="17" VPOS="698" HPOS="795"/>
							<String ID="string_141" HPOS="812" VPOS="697" WIDTH="189" HEIGHT="28" WC="0.91" CONTENT="porvarissäädyllä"/>
						</TextLine>
						<TextLine ID="line_18" HPOS="174" VPOS="726" WIDTH="825" HEIGHT="27">
							<String ID="string_142" HPOS="174" VPOS="727" WIDTH="38" HEIGHT="24" WC="0.95" CONTENT="nyt"/><SP WIDTH="26" VPOS="727" HPOS="212"/>
							<String ID="string_143" HPOS="238" VPOS="728" WIDTH="54" HEIGHT="18" WC="0.95" CONTENT="enää"/><SP WIDTH="24" VPOS="728" HPOS="292"/>
							<String ID="string_144" HPOS="316" VPOS="729" WIDTH="74" HEIGHT="18" WC="0.95" CONTENT="muuta"/><SP WIDTH="25" VPOS="729" HPOS="390"/>
							<String ID="string_145" HPOS="415" VPOS="727" WIDTH="111" HEIGHT="20" WC="0.96" CONTENT="tehtävänä"/><SP WIDTH="26" VPOS="727" HPOS="526"/>
							<String ID="string_146" HPOS="552" VPOS="727" WIDTH="51" HEIGHT="20" WC="0.94" CONTENT="kuin"/><SP WIDTH="17" VPOS="727" HPOS="603"/>
							<String ID="string_147" HPOS="620" VPOS="727" WIDTH="109" HEIGHT="26" WC="0.93" CONTENT="hyväksyä"/><SP WIDTH="16" VPOS="727" HPOS="729"/>
							<String ID="string_148" HPOS="745" VPOS="726" WIDTH="254" HEIGHT="27" WC="0.92" CONTENT="yhteensovitusehdotus."/>
						</TextLine>
					</TextBlock>
				</ComposedBlock>
				<GraphicalElement ID="cblock_4" HPOS="481" VPOS="385" WIDTH="4" HEIGHT="304"></GraphicalElement >
				<ComposedBlock ID="cblock_5" HPOS="173" VPOS="782" WIDTH="828" HEIGHT="314">
					<TextBlock ID="block_3" HPOS="173" VPOS="782" WIDTH="828" HEIGHT="314">
						<TextLine ID="line_19" HPOS="243" VPOS="782" WIDTH="757" HEIGHT="28">
							<String ID="string_149" HPOS="243" VPOS="782" WIDTH="33" HEIGHT="21" WC="0.96" CONTENT="Hr"/><SP WIDTH="14" VPOS="782" HPOS="276"/>
							<String ID="string_150" HPOS="290" VPOS="783" WIDTH="121" HEIGHT="21" WC="0.93" CONTENT="Heikel:"/><SP WIDTH="21" VPOS="783" HPOS="411"/>
							<String ID="string_151" HPOS="432" VPOS="783" WIDTH="70" HEIGHT="21" WC="0.92" CONTENT="Jämte"/><SP WIDTH="16" VPOS="783" HPOS="502"/>
							<String ID="string_152" HPOS="518" VPOS="783" WIDTH="36" HEIGHT="21" WC="0.96" CONTENT="det"/><SP WIDTH="14" VPOS="783" HPOS="554"/>
							<String ID="string_153" HPOS="568" VPOS="783" WIDTH="35" HEIGHT="27" WC="0.96" CONTENT="jag"/><SP WIDTH="16" VPOS="783" HPOS="603"/>
							<String ID="string_154" HPOS="619" VPOS="783" WIDTH="36" HEIGHT="21" WC="0.96" CONTENT="ber"/><SP WIDTH="16" VPOS="783" HPOS="655"/>
							<String ID="string_155" HPOS="671" VPOS="785" WIDTH="30" HEIGHT="19" WC="0.92" CONTENT="att"/><SP WIDTH="14" VPOS="785" HPOS="701"/>
							<String ID="string_156" HPOS="715" VPOS="783" WIDTH="21" HEIGHT="20" WC="0.91" CONTENT="fä"/><SP WIDTH="16" VPOS="783" HPOS="736"/>
							<String ID="string_157" HPOS="752" VPOS="783" WIDTH="129" HEIGHT="20" WC="0.92" CONTENT="understöda"/><SP WIDTH="15" VPOS="783" HPOS="881"/>
							<String ID="string_158" HPOS="896" VPOS="789" WIDTH="104" HEIGHT="14" WC="0.91" CONTENT="samman-"/>
						</TextLine>
						<TextLine ID="line_20" HPOS="173" VPOS="811" WIDTH="827" HEIGHT="28">
							<String ID="string_159" HPOS="173" VPOS="811" WIDTH="228" HEIGHT="28" WC="0.84" CONTENT="jämkningsförslaget,"/><SP WIDTH="21" VPOS="811" HPOS="401"/>
							<String ID="string_160" HPOS="422" VPOS="812" WIDTH="37" HEIGHT="21" WC="0.96" CONTENT="ber"/><SP WIDTH="24" VPOS="812" HPOS="459"/>
							<String ID="string_161" HPOS="483" VPOS="813" WIDTH="35" HEIGHT="26" WC="0.93" CONTENT="jag"/><SP WIDTH="22" VPOS="813" HPOS="518"/>
							<String ID="string_162" HPOS="540" VPOS="812" WIDTH="67" HEIGHT="21" WC="0.96" CONTENT="tillika"/><SP WIDTH="22" VPOS="812" HPOS="607"/>
							<String ID="string_163" HPOS="629" VPOS="814" WIDTH="30" HEIGHT="18" WC="0.93" CONTENT="att"/><SP WIDTH="22" VPOS="814" HPOS="659"/>
							<String ID="string_164" HPOS="681" VPOS="812" WIDTH="21" HEIGHT="20" WC="0.96" CONTENT="få"/><SP WIDTH="15" VPOS="812" HPOS="702"/>
							<String ID="string_165" HPOS="717" VPOS="812" WIDTH="112" HEIGHT="20" WC="0.96" CONTENT="framhålla"/><SP WIDTH="16" VPOS="812" HPOS="829"/>
							<String ID="string_166" HPOS="845" VPOS="814" WIDTH="35" HEIGHT="23" WC="0.93" CONTENT="att,"/><SP WIDTH="16" VPOS="814" HPOS="880"/>
							<String ID="string_167" HPOS="896" VPOS="811" WIDTH="45" HEIGHT="21" WC="0.93" CONTENT="ifall"/><SP WIDTH="15" VPOS="811" HPOS="941"/>
							<String ID="string_168" HPOS="956" VPOS="811" WIDTH="44" HEIGHT="20" WC="0.90" CONTENT="det-"/>
						</TextLine>
						<TextLine ID="line_21" HPOS="174" VPOS="840" WIDTH="826" HEIGHT="27">
							<String ID="string_169" HPOS="174" VPOS="846" WIDTH="81" HEIGHT="14" WC="0.95" CONTENT="samma"/><SP WIDTH="21" VPOS="846" HPOS="255"/>
							<String ID="string_170" HPOS="276" VPOS="841" WIDTH="21" HEIGHT="19" WC="0.93" CONTENT="af"/><SP WIDTH="15" VPOS="841" HPOS="297"/>
							<String ID="string_171" HPOS="312" VPOS="840" WIDTH="84" HEIGHT="21" WC="0.92" CONTENT="ständet"/><SP WIDTH="14" VPOS="840" HPOS="396"/>
							<String ID="string_172" HPOS="410" VPOS="841" WIDTH="130" HEIGHT="26" WC="0.92" CONTENT="godkännes,"/><SP WIDTH="15" VPOS="841" HPOS="540"/>
							<String ID="string_173" HPOS="555" VPOS="841" WIDTH="154" HEIGHT="20" WC="0.92" CONTENT="underrättelse"/><SP WIDTH="16" VPOS="841" HPOS="709"/>
							<String ID="string_174" HPOS="725" VPOS="841" WIDTH="72" HEIGHT="20" WC="0.92" CONTENT="därom"/><SP WIDTH="18" VPOS="841" HPOS="797"/>
							<String ID="string_175" HPOS="815" VPOS="840" WIDTH="64" HEIGHT="20" WC="0.92" CONTENT="borde"/><SP WIDTH="14" VPOS="840" HPOS="879"/>
							<String ID="string_176" HPOS="893" VPOS="840" WIDTH="107" HEIGHT="20" WC="0.92" CONTENT="meddelas"/>
						</TextLine>
						<TextLine ID="line_22" HPOS="173" VPOS="869" WIDTH="827" HEIGHT="27">
							<String ID="string_177" HPOS="173" VPOS="869" WIDTH="155" HEIGHT="21" WC="0.91" CONTENT="statsutskottet"/><SP WIDTH="25" VPOS="869" HPOS="328"/>
							<String ID="string_178" HPOS="353" VPOS="869" WIDTH="47" HEIGHT="21" WC="0.90" CONTENT="med"/><SP WIDTH="28" VPOS="869" HPOS="400"/>
							<String ID="string_179" HPOS="428" VPOS="869" WIDTH="100" HEIGHT="21" WC="0.93" CONTENT="afseende"/><SP WIDTH="24" VPOS="869" HPOS="528"/>
							<String ID="string_180" HPOS="552" VPOS="869" WIDTH="11" HEIGHT="21" WC="0.90" CONTENT="å"/><SP WIDTH="24" VPOS="869" HPOS="563"/>
							<String ID="string_181" HPOS="587" VPOS="869" WIDTH="34" HEIGHT="21" WC="0.93" CONTENT="det"/><SP WIDTH="23" VPOS="869" HPOS="621"/>
							<String ID="string_182" HPOS="644" VPOS="869" WIDTH="79" HEIGHT="27" WC="0.82" CONTENT="anslag,"/><SP WIDTH="16" VPOS="869" HPOS="723"/>
							<String ID="string_183" HPOS="739" VPOS="875" WIDTH="44" HEIGHT="15" WC="0.95" CONTENT="som"/><SP WIDTH="17" VPOS="875" HPOS="783"/>
							<String ID="string_184" HPOS="800" VPOS="869" WIDTH="37" HEIGHT="20" WC="0.93" CONTENT="här"/><SP WIDTH="16" VPOS="869" HPOS="837"/>
							<String ID="string_185" HPOS="853" VPOS="869" WIDTH="92" HEIGHT="26" WC="0.96" CONTENT="föreslås,"/><SP WIDTH="16" VPOS="869" HPOS="945"/>
							<String ID="string_186" HPOS="961" VPOS="869" WIDTH="39" HEIGHT="20" WC="0.97" CONTENT="och"/>
						</TextLine>
						<TextLine ID="line_23" HPOS="174" VPOS="897" WIDTH="827" HEIGHT="28">
							<String ID="string_187" HPOS="174" VPOS="897" WIDTH="68" HEIGHT="21" WC="0.96" CONTENT="skulle"/><SP WIDTH="16" VPOS="897" HPOS="242"/>
							<String ID="string_188" HPOS="258" VPOS="898" WIDTH="36" HEIGHT="20" WC="0.93" CONTENT="det"/><SP WIDTH="15" VPOS="898" HPOS="294"/>
							<String ID="string_189" HPOS="309" VPOS="898" WIDTH="67" HEIGHT="20" WC="0.92" CONTENT="tillika"/><SP WIDTH="16" VPOS="898" HPOS="376"/>
							<String ID="string_190" HPOS="392" VPOS="905" WIDTH="48" HEIGHT="13" WC="0.97" CONTENT="vara"/><SP WIDTH="16" VPOS="905" HPOS="440"/>
							<String ID="string_191" HPOS="456" VPOS="898" WIDTH="95" HEIGHT="27" WC="0.96" CONTENT="lämpligt"/><SP WIDTH="15" VPOS="898" HPOS="551"/>
							<String ID="string_192" HPOS="566" VPOS="900" WIDTH="30" HEIGHT="19" WC="0.92" CONTENT="att"/><SP WIDTH="14" VPOS="900" HPOS="596"/>
							<String ID="string_193" HPOS="610" VPOS="898" WIDTH="55" HEIGHT="20" WC="0.92" CONTENT="ifrän"/><SP WIDTH="16" VPOS="898" HPOS="665"/>
							<String ID="string_194" HPOS="681" VPOS="898" WIDTH="66" HEIGHT="20" WC="0.93" CONTENT="andra"/><SP WIDTH="15" VPOS="898" HPOS="747"/>
							<String ID="string_195" HPOS="762" VPOS="898" WIDTH="107" HEIGHT="20" WC="0.92" CONTENT="klämmen"/><SP WIDTH="17" VPOS="898" HPOS="869"/>
							<String ID="string_196" HPOS="886" VPOS="897" WIDTH="63" HEIGHT="21" WC="0.92" CONTENT="orden"/><SP WIDTH="18" VPOS="897" HPOS="949"/>
							<String ID="string_197" HPOS="967" VPOS="898" WIDTH="34" HEIGHT="19" WC="0.89" CONTENT="»af"/>
						</TextLine>
						<TextLine ID="line_24" HPOS="173" VPOS="925" WIDTH="827" HEIGHT="29">
							<String ID="string_198" HPOS="173" VPOS="925" WIDTH="87" HEIGHT="21" WC="0.92" CONTENT="Finlads"/><SP WIDTH="22" VPOS="925" HPOS="260"/>
							<String ID="string_199" HPOS="282" VPOS="926" WIDTH="67" HEIGHT="21" WC="0.93" CONTENT="banks"/><SP WIDTH="16" VPOS="926" HPOS="349"/>
							<String ID="string_200" HPOS="365" VPOS="926" WIDTH="137" HEIGHT="21" WC="0.91" CONTENT="vinstmedel»"/><SP WIDTH="19" VPOS="926" HPOS="502"/>
							<String ID="string_201" HPOS="521" VPOS="927" WIDTH="68" HEIGHT="20" WC="0.93" CONTENT="skulle"/><SP WIDTH="16" VPOS="927" HPOS="589"/>
							<String ID="string_202" HPOS="605" VPOS="926" WIDTH="56" HEIGHT="28" WC="0.92" CONTENT="utgä,"/><SP WIDTH="17" VPOS="926" HPOS="661"/>
							<String ID="string_203" HPOS="678" VPOS="926" WIDTH="88" HEIGHT="21" WC="0.92" CONTENT="emedan"/><SP WIDTH="17" VPOS="926" HPOS="766"/>
							<String ID="string_204" HPOS="783" VPOS="926" WIDTH="84" HEIGHT="21" WC="0.93" CONTENT="ständet"/><SP WIDTH="14" VPOS="926" HPOS="867"/>
							<String ID="string_205" HPOS="881" VPOS="926" WIDTH="64" HEIGHT="20" WC="0.93" CONTENT="redan"/><SP WIDTH="16" VPOS="926" HPOS="945"/>
							<String ID="string_206" HPOS="961" VPOS="926" WIDTH="39" HEIGHT="20" WC="0.92" CONTENT="fat-"/>
						</TextLine>
						<TextLine ID="line_25" HPOS="173" VPOS="954" WIDTH="828" HEIGHT="28">
							<String ID="string_207" HPOS="173" VPOS="956" WIDTH="31" HEIGHT="20" WC="0.91" CONTENT="tat"/><SP WIDTH="22" VPOS="956" HPOS="204"/>
							<String ID="string_208" HPOS="226" VPOS="954" WIDTH="105" HEIGHT="21" WC="0.91" CONTENT="definitivt"/><SP WIDTH="21" VPOS="954" HPOS="331"/>
							<String ID="string_209" HPOS="352" VPOS="955" WIDTH="69" HEIGHT="21" WC="0.93" CONTENT="beslut"/><SP WIDTH="15" VPOS="955" HPOS="421"/>
							<String ID="string_210" HPOS="436" VPOS="955" WIDTH="90" HEIGHT="21" WC="0.91" CONTENT="rörande"/><SP WIDTH="16" VPOS="955" HPOS="526"/>
							<String ID="string_211" HPOS="542" VPOS="956" WIDTH="151" HEIGHT="26" WC="0.92" CONTENT="dispositionen"/><SP WIDTH="16" VPOS="956" HPOS="693"/>
							<String ID="string_212" HPOS="709" VPOS="955" WIDTH="21" HEIGHT="21" WC="0.96" CONTENT="af"/><SP WIDTH="15" VPOS="955" HPOS="730"/>
							<String ID="string_213" HPOS="745" VPOS="955" WIDTH="102" HEIGHT="21" WC="0.96" CONTENT="Finlands"/><SP WIDTH="16" VPOS="955" HPOS="847"/>
							<String ID="string_214" HPOS="863" VPOS="955" WIDTH="66" HEIGHT="20" WC="0.93" CONTENT="banks"/><SP WIDTH="16" VPOS="955" HPOS="929"/>
							<String ID="string_215" HPOS="945" VPOS="955" WIDTH="56" HEIGHT="19" WC="0.92" CONTENT="vinst"/>
						</TextLine>
						<TextLine ID="line_26" HPOS="174" VPOS="983" WIDTH="826" HEIGHT="27">
							<String ID="string_216" HPOS="174" VPOS="983" WIDTH="39" HEIGHT="21" WC="0.96" CONTENT="och"/><SP WIDTH="23" VPOS="983" HPOS="213"/>
							<String ID="string_217" HPOS="236" VPOS="983" WIDTH="36" HEIGHT="21" WC="0.92" CONTENT="det"/><SP WIDTH="15" VPOS="983" HPOS="272"/>
							<String ID="string_218" HPOS="287" VPOS="984" WIDTH="62" HEIGHT="20" WC="0.91" CONTENT="äfven"/><SP WIDTH="16" VPOS="984" HPOS="349"/>
							<String ID="string_219" HPOS="365" VPOS="984" WIDTH="69" HEIGHT="20" WC="0.93" CONTENT="blefve"/><SP WIDTH="15" VPOS="984" HPOS="434"/>
							<String ID="string_220" HPOS="449" VPOS="984" WIDTH="123" HEIGHT="26" WC="0.92" CONTENT="lämpligare"/><SP WIDTH="16" VPOS="984" HPOS="572"/>
							<String ID="string_221" HPOS="588" VPOS="986" WIDTH="29" HEIGHT="18" WC="0.96" CONTENT="att"/><SP WIDTH="15" VPOS="986" HPOS="617"/>
							<String ID="string_222" HPOS="632" VPOS="984" WIDTH="68" HEIGHT="20" WC="0.96" CONTENT="införa"/><SP WIDTH="15" VPOS="984" HPOS="700"/>
							<String ID="string_223" HPOS="715" VPOS="984" WIDTH="70" HEIGHT="21" WC="0.96" CONTENT="denna"/><SP WIDTH="16" VPOS="984" HPOS="785"/>
							<String ID="string_224" HPOS="801" VPOS="986" WIDTH="47" HEIGHT="24" WC="0.93" CONTENT="post"/><SP WIDTH="16" VPOS="986" HPOS="848"/>
							<String ID="string_225" HPOS="864" VPOS="984" WIDTH="52" HEIGHT="20" WC="0.93" CONTENT="blott"/><SP WIDTH="15" VPOS="984" HPOS="916"/>
							<String ID="string_226" HPOS="931" VPOS="983" WIDTH="69" HEIGHT="21" WC="0.92" CONTENT="säsom"/>
						</TextLine>
						<TextLine ID="line_27" HPOS="174" VPOS="1012" WIDTH="826" HEIGHT="27">
							<String ID="string_227" HPOS="174" VPOS="1018" WIDTH="25" HEIGHT="14" WC="0.92" CONTENT="en"/><SP WIDTH="24" VPOS="1018" HPOS="199"/>
							<String ID="string_228" HPOS="223" VPOS="1012" WIDTH="121" HEIGHT="27" WC="0.92" CONTENT="utgiftspost"/><SP WIDTH="22" VPOS="1012" HPOS="344"/>
							<String ID="string_229" HPOS="366" VPOS="1012" WIDTH="7" HEIGHT="20" WC="0.93" CONTENT="i"/><SP WIDTH="21" VPOS="1012" HPOS="373"/>
							<String ID="string_230" HPOS="394" VPOS="1012" WIDTH="213" HEIGHT="27" WC="0.91" CONTENT="bevillningsfonden."/><SP WIDTH="30" VPOS="1012" HPOS="607"/>
							<String ID="string_231" HPOS="637" VPOS="1012" WIDTH="63" HEIGHT="21" WC="0.93" CONTENT="Detta"/><SP WIDTH="15" VPOS="1012" HPOS="700"/>
							<String ID="string_232" HPOS="715" VPOS="1012" WIDTH="106" HEIGHT="21" WC="0.92" CONTENT="erfordrar"/><SP WIDTH="16" VPOS="1012" HPOS="821"/>
							<String ID="string_233" HPOS="837" VPOS="1012" WIDTH="105" HEIGHT="26" WC="0.96" CONTENT="nämligen"/><SP WIDTH="17" VPOS="1012" HPOS="942"/>
							<String ID="string_234" HPOS="959" VPOS="1012" WIDTH="41" HEIGHT="20" WC="0.94" CONTENT="den"/>
						</TextLine>
						<TextLine ID="line_28" HPOS="173" VPOS="1040" WIDTH="827" HEIGHT="28">
							<String ID="string_235" HPOS="173" VPOS="1040" WIDTH="78" HEIGHT="20" WC="0.91" CONTENT="minsta"/><SP WIDTH="26" VPOS="1040" HPOS="251"/>
							<String ID="string_236" HPOS="277" VPOS="1041" WIDTH="89" HEIGHT="27" WC="0.91" CONTENT="ändring"/><SP WIDTH="24" VPOS="1041" HPOS="366"/>
							<String ID="string_237" HPOS="390" VPOS="1042" WIDTH="7" HEIGHT="19" WC="0.93" CONTENT="i"/><SP WIDTH="24" VPOS="1042" HPOS="397"/>
							<String ID="string_238" HPOS="421" VPOS="1041" WIDTH="55" HEIGHT="20" WC="0.92" CONTENT="hvad"/><SP WIDTH="26" VPOS="1041" HPOS="476"/>
							<String ID="string_239" HPOS="502" VPOS="1041" WIDTH="84" HEIGHT="20" WC="0.91" CONTENT="ständet"/><SP WIDTH="16" VPOS="1041" HPOS="586"/>
							<String ID="string_240" HPOS="602" VPOS="1041" WIDTH="63" HEIGHT="21" WC="0.93" CONTENT="redan"/><SP WIDTH="18" VPOS="1041" HPOS="665"/>
							<String ID="string_241" HPOS="683" VPOS="1041" WIDTH="86" HEIGHT="21" WC="0.92" CONTENT="beslutit"/><SP WIDTH="15" VPOS="1041" HPOS="769"/>
							<String ID="string_242" HPOS="784" VPOS="1040" WIDTH="48" HEIGHT="21" WC="0.93" CONTENT="med"/><SP WIDTH="17" VPOS="1040" HPOS="832"/>
							<String ID="string_243" HPOS="849" VPOS="1040" WIDTH="114" HEIGHT="27" WC="0.92" CONTENT="anledning"/><SP WIDTH="16" VPOS="1040" HPOS="963"/>
							<String ID="string_244" HPOS="979" VPOS="1040" WIDTH="21" HEIGHT="20" WC="0.96" CONTENT="af"/>
						</TextLine>
						<TextLine ID="line_29" HPOS="173" VPOS="1069" WIDTH="526" HEIGHT="27">
							<String ID="string_245" HPOS="173" VPOS="1069" WIDTH="165" HEIGHT="21" WC="0.91" CONTENT="statsutskottets"/><SP WIDTH="16" VPOS="1069" HPOS="338"/>
							<String ID="string_246" HPOS="354" VPOS="1070" WIDTH="106" HEIGHT="20" WC="0.92" CONTENT="allmänna"/><SP WIDTH="15" VPOS="1070" HPOS="460"/>
							<String ID="string_247" HPOS="475" VPOS="1070" WIDTH="224" HEIGHT="26" WC="0.92" CONTENT="anslagsbetänkande."/>
						</TextLine>
					</TextBlock>
				</ComposedBlock>
				<ComposedBlock ID="cblock_6" HPOS="173" VPOS="1126" WIDTH="827" HEIGHT="84">
					<TextBlock ID="block_4" HPOS="173" VPOS="1126" WIDTH="827" HEIGHT="84">
						<TextLine ID="line_30" HPOS="243" VPOS="1126" WIDTH="757" HEIGHT="26">
							<String ID="string_248" HPOS="243" VPOS="1126" WIDTH="70" HEIGHT="20" WC="0.92" CONTENT="Sedan"/><SP WIDTH="25" VPOS="1126" HPOS="313"/>
							<String ID="string_249" HPOS="338" VPOS="1126" WIDTH="148" HEIGHT="20" WC="0.93" CONTENT="diskussionen"/><SP WIDTH="28" VPOS="1126" HPOS="486"/>
							<String ID="string_250" HPOS="514" VPOS="1126" WIDTH="51" HEIGHT="20" WC="0.90" CONTENT="härä"/><SP WIDTH="25" VPOS="1126" HPOS="565"/>
							<String ID="string_251" HPOS="590" VPOS="1126" WIDTH="111" HEIGHT="20" WC="0.93" CONTENT="förklarats"/><SP WIDTH="25" VPOS="1126" HPOS="701"/>
							<String ID="string_252" HPOS="726" VPOS="1126" WIDTH="97" HEIGHT="26" WC="0.92" CONTENT="afslutad,"/><SP WIDTH="16" VPOS="1126" HPOS="823"/>
							<String ID="string_253" HPOS="839" VPOS="1126" WIDTH="120" HEIGHT="20" WC="0.92" CONTENT="framstälde"/><SP WIDTH="17" VPOS="1126" HPOS="959"/>
							<String ID="string_254" HPOS="976" VPOS="1126" WIDTH="24" HEIGHT="20" WC="0.96" CONTENT="hr"/>
						</TextLine>
						<TextLine ID="line_31" HPOS="174" VPOS="1154" WIDTH="826" HEIGHT="28">
							<String ID="string_255" HPOS="174" VPOS="1154" WIDTH="122" HEIGHT="20" WC="0.92" CONTENT="talmannen"/><SP WIDTH="24" VPOS="1154" HPOS="296"/>
							<String ID="string_256" HPOS="320" VPOS="1154" WIDTH="48" HEIGHT="21" WC="0.93" CONTENT="med"/><SP WIDTH="16" VPOS="1154" HPOS="368"/>
							<String ID="string_257" HPOS="384" VPOS="1154" WIDTH="115" HEIGHT="28" WC="0.92" CONTENT="anledning"/><SP WIDTH="15" VPOS="1154" HPOS="499"/>
							<String ID="string_258" HPOS="514" VPOS="1154" WIDTH="21" HEIGHT="21" WC="0.96" CONTENT="af"/><SP WIDTH="15" VPOS="1154" HPOS="535"/>
							<String ID="string_259" HPOS="550" VPOS="1155" WIDTH="25" HEIGHT="19" WC="0.93" CONTENT="hr"/><SP WIDTH="14" VPOS="1155" HPOS="575"/>
							<String ID="string_260" HPOS="589" VPOS="1154" WIDTH="88" HEIGHT="21" WC="0.92" CONTENT="Heikels"/><SP WIDTH="16" VPOS="1154" HPOS="677"/>
							<String ID="string_261" HPOS="693" VPOS="1155" WIDTH="95" HEIGHT="26" WC="0.93" CONTENT="yrkande"/><SP WIDTH="15" VPOS="1155" HPOS="788"/>
							<String ID="string_262" HPOS="803" VPOS="1154" WIDTH="94" HEIGHT="27" WC="0.93" CONTENT="följande"/><SP WIDTH="16" VPOS="1154" HPOS="897"/>
							<String ID="string_263" HPOS="913" VPOS="1156" WIDTH="87" HEIGHT="18" WC="0.93" CONTENT="omröst-"/>
						</TextLine>
						<TextLine ID="line_32" HPOS="173" VPOS="1182" WIDTH="204" HEIGHT="28">
							<String ID="string_264" HPOS="173" VPOS="1182" WIDTH="193" HEIGHT="28" WC="0.91" CONTENT="ningsproposition"/><SP WIDTH="7" VPOS="1182" HPOS="366"/>
							<String ID="string_265" HPOS="373" VPOS="1190" WIDTH="4" HEIGHT="13" WC="0.91" CONTENT=":"/>
						</TextLine>
					</TextBlock>
				</ComposedBlock>
				<ComposedBlock ID="cblock_7" HPOS="168" VPOS="1239" WIDTH="831" HEIGHT="85">
					<TextBlock ID="block_5" HPOS="168" VPOS="1239" WIDTH="831" HEIGHT="85">
						<TextLine ID="line_33" HPOS="243" VPOS="1239" WIDTH="756" HEIGHT="28">
							<String ID="string_266" HPOS="243" VPOS="1239" WIDTH="40" HEIGHT="27" WC="0.93" CONTENT="De,"/><SP WIDTH="23" VPOS="1239" HPOS="283"/>
							<String ID="string_267" HPOS="306" VPOS="1240" WIDTH="74" HEIGHT="20" WC="0.90" CONTENT="hvilka"/><SP WIDTH="21" VPOS="1240" HPOS="380"/>
							<String ID="string_268" HPOS="401" VPOS="1240" WIDTH="117" HEIGHT="27" WC="0.91" CONTENT="godkänna"/><SP WIDTH="19" VPOS="1240" HPOS="518"/>
							<String ID="string_269" HPOS="537" VPOS="1240" WIDTH="117" HEIGHT="20" WC="0.93" CONTENT="allmänna"/><SP WIDTH="16" VPOS="1240" HPOS="654"/>
							<String ID="string_270" HPOS="670" VPOS="1239" WIDTH="199" HEIGHT="21" WC="0.92" CONTENT="besvärsutskottets"/><SP WIDTH="15" VPOS="1239" HPOS="869"/>
							<String ID="string_271" HPOS="884" VPOS="1245" WIDTH="115" HEIGHT="14" WC="0.92" CONTENT="samman-"/>
						</TextLine>
						<TextLine ID="line_34" HPOS="168" VPOS="1267" WIDTH="831" HEIGHT="29">
							<String ID="string_272" HPOS="168" VPOS="1268" WIDTH="216" HEIGHT="28" WC="0.82" CONTENT="jämkningsförslag"/><SP WIDTH="16" VPOS="1268" HPOS="384"/>
							<String ID="string_273" HPOS="400" VPOS="1269" WIDTH="8" HEIGHT="20" WC="0.82" CONTENT="i"/><SP WIDTH="10" VPOS="1269" HPOS="408"/>
							<String ID="string_274" HPOS="418" VPOS="1269" WIDTH="47" HEIGHT="20" WC="0.82" CONTENT="dess"/><SP WIDTH="10" VPOS="1269" HPOS="465"/>
							<String ID="string_275" HPOS="475" VPOS="1269" WIDTH="76" HEIGHT="26" WC="0.96" CONTENT="helhet,"/><SP WIDTH="11" VPOS="1269" HPOS="551"/>
							<String ID="string_276" HPOS="562" VPOS="1270" WIDTH="58" HEIGHT="19" WC="0.96" CONTENT="rösta"/><SP WIDTH="6" VPOS="1270" HPOS="620"/>
							<String ID="string_277" HPOS="626" VPOS="1268" WIDTH="40" HEIGHT="28" WC="0.93" CONTENT="ja;"/><SP WIDTH="12" VPOS="1268" HPOS="666"/>
							<String ID="string_278" HPOS="678" VPOS="1268" WIDTH="30" HEIGHT="27" WC="0.95" CONTENT="de,"/><SP WIDTH="12" VPOS="1268" HPOS="708"/>
							<String ID="string_279" HPOS="720" VPOS="1268" WIDTH="35" HEIGHT="20" WC="0.93" CONTENT="det"/><SP WIDTH="6" VPOS="1268" HPOS="755"/>
							<String ID="string_280" HPOS="761" VPOS="1268" WIDTH="46" HEIGHT="20" WC="0.95" CONTENT="icke"/><SP WIDTH="7" VPOS="1268" HPOS="807"/>
							<String ID="string_281" HPOS="814" VPOS="1270" WIDTH="60" HEIGHT="24" WC="0.93" CONTENT="göra,"/><SP WIDTH="9" VPOS="1270" HPOS="874"/>
							<String ID="string_282" HPOS="883" VPOS="1269" WIDTH="59" HEIGHT="19" WC="0.96" CONTENT="rösta"/><SP WIDTH="10" VPOS="1269" HPOS="942"/>
							<String ID="string_283" HPOS="952" VPOS="1267" WIDTH="47" HEIGHT="27" WC="0.91" CONTENT="nej;"/>
						</TextLine>
						<TextLine ID="line_35" HPOS="242" VPOS="1296" WIDTH="756" HEIGHT="28">
							<String ID="string_284" HPOS="242" VPOS="1296" WIDTH="81" HEIGHT="21" WC="0.95" CONTENT="vinner"/><SP WIDTH="22" VPOS="1296" HPOS="323"/>
							<String ID="string_285" HPOS="345" VPOS="1297" WIDTH="42" HEIGHT="27" WC="0.95" CONTENT="nej,"/><SP WIDTH="24" VPOS="1297" HPOS="387"/>
							<String ID="string_286" HPOS="411" VPOS="1297" WIDTH="42" HEIGHT="21" WC="0.93" CONTENT="har"/><SP WIDTH="15" VPOS="1297" HPOS="453"/>
							<String ID="string_287" HPOS="468" VPOS="1297" WIDTH="176" HEIGHT="27" WC="0.92" CONTENT="borgareständet"/><SP WIDTH="15" VPOS="1297" HPOS="644"/>
							<String ID="string_288" HPOS="659" VPOS="1297" WIDTH="87" HEIGHT="27" WC="0.28" CONTENT="antagit"/><SP WIDTH="15" VPOS="1297" HPOS="746"/>
							<String ID="string_289" HPOS="761" VPOS="1296" WIDTH="27" HEIGHT="21" WC="0.92" CONTENT="hr"/><SP WIDTH="15" VPOS="1296" HPOS="788"/>
							<String ID="string_290" HPOS="803" VPOS="1296" WIDTH="88" HEIGHT="20" WC="0.88" CONTENT="Heikels"/><SP WIDTH="12" VPOS="1296" HPOS="891"/>
							<String ID="string_291" HPOS="903" VPOS="1296" WIDTH="95" HEIGHT="26" WC="0.96" CONTENT="förslag."/>
						</TextLine>
					</TextBlock>
				</ComposedBlock>
				<ComposedBlock ID="cblock_8" HPOS="171" VPOS="1352" WIDTH="829" HEIGHT="200">
					<TextBlock ID="block_6" HPOS="171" VPOS="1352" WIDTH="829" HEIGHT="200">
						<TextLine ID="line_36" HPOS="242" VPOS="1352" WIDTH="757" HEIGHT="29">
							<String ID="string_292" HPOS="242" VPOS="1353" WIDTH="76" HEIGHT="21" WC="0.96" CONTENT="Denna"/><SP WIDTH="11" VPOS="1353" HPOS="318"/>
							<String ID="string_293" HPOS="329" VPOS="1354" WIDTH="129" HEIGHT="27" WC="0.93" CONTENT="proposition"/><SP WIDTH="12" VPOS="1354" HPOS="458"/>
							<String ID="string_294" HPOS="470" VPOS="1354" WIDTH="126" HEIGHT="21" WC="0.93" CONTENT="besvarades"/><SP WIDTH="10" VPOS="1354" HPOS="596"/>
							<String ID="string_295" HPOS="606" VPOS="1354" WIDTH="48" HEIGHT="20" WC="0.93" CONTENT="med"/><SP WIDTH="13" VPOS="1354" HPOS="654"/>
							<String ID="string_296" HPOS="667" VPOS="1354" WIDTH="156" HEIGHT="26" WC="0.92" CONTENT="öfvervägande"/><SP WIDTH="12" VPOS="1354" HPOS="823"/>
							<String ID="string_297" HPOS="835" VPOS="1354" WIDTH="40" HEIGHT="26" WC="0.96" CONTENT="nej,"/><SP WIDTH="16" VPOS="1354" HPOS="875"/>
							<String ID="string_298" HPOS="891" VPOS="1353" WIDTH="40" HEIGHT="21" WC="0.96" CONTENT="och"/><SP WIDTH="15" VPOS="1353" HPOS="931"/>
							<String ID="string_299" HPOS="946" VPOS="1352" WIDTH="53" HEIGHT="21" WC="0.96" CONTENT="hade"/>
						</TextLine>
						<TextLine ID="line_37" HPOS="173" VPOS="1381" WIDTH="827" HEIGHT="28">
							<String ID="string_300" HPOS="173" VPOS="1382" WIDTH="174" HEIGHT="26" WC="0.91" CONTENT="borgareständet"/><SP WIDTH="19" VPOS="1382" HPOS="347"/>
							<String ID="string_301" HPOS="366" VPOS="1382" WIDTH="53" HEIGHT="21" WC="0.92" CONTENT="altsä"/><SP WIDTH="18" VPOS="1382" HPOS="419"/>
							<String ID="string_302" HPOS="437" VPOS="1383" WIDTH="79" HEIGHT="26" WC="0.90" CONTENT="antagit"/><SP WIDTH="16" VPOS="1383" HPOS="516"/>
							<String ID="string_303" HPOS="532" VPOS="1382" WIDTH="319" HEIGHT="27" WC="0.90" CONTENT="sammanjämkningsförslaget"/><SP WIDTH="20" VPOS="1382" HPOS="851"/>
							<String ID="string_304" HPOS="871" VPOS="1384" WIDTH="58" HEIGHT="18" WC="0.93" CONTENT="utom"/><SP WIDTH="15" VPOS="1384" HPOS="929"/>
							<String ID="string_305" HPOS="944" VPOS="1381" WIDTH="56" HEIGHT="20" WC="0.92" CONTENT="hvad"/>
						</TextLine>
						<TextLine ID="line_38" HPOS="173" VPOS="1410" WIDTH="826" HEIGHT="27">
							<String ID="string_306" HPOS="173" VPOS="1410" WIDTH="100" HEIGHT="21" WC="0.95" CONTENT="beträffar"/><SP WIDTH="15" VPOS="1410" HPOS="273"/>
							<String ID="string_307" HPOS="288" VPOS="1411" WIDTH="65" HEIGHT="20" WC="0.93" CONTENT="andra"/><SP WIDTH="16" VPOS="1411" HPOS="353"/>
							<String ID="string_308" HPOS="369" VPOS="1411" WIDTH="107" HEIGHT="21" WC="0.92" CONTENT="klämmen"/><SP WIDTH="15" VPOS="1411" HPOS="476"/>
							<String ID="string_309" HPOS="491" VPOS="1412" WIDTH="12" HEIGHT="20" WC="0.92" CONTENT="ä"/><SP WIDTH="15" VPOS="1412" HPOS="503"/>
							<String ID="string_310" HPOS="518" VPOS="1411" WIDTH="38" HEIGHT="21" WC="0.96" CONTENT="sid."/><SP WIDTH="16" VPOS="1411" HPOS="556"/>
							<String ID="string_311" HPOS="572" VPOS="1412" WIDTH="19" HEIGHT="25" WC="0.93" CONTENT="4,"/><SP WIDTH="16" VPOS="1412" HPOS="591"/>
							<String ID="string_312" HPOS="607" VPOS="1412" WIDTH="78" HEIGHT="19" WC="0.92" CONTENT="hvarur"/><SP WIDTH="15" VPOS="1412" HPOS="685"/>
							<String ID="string_313" HPOS="700" VPOS="1411" WIDTH="66" HEIGHT="21" WC="0.90" CONTENT="orden"/><SP WIDTH="16" VPOS="1411" HPOS="766"/>
							<String ID="string_314" HPOS="782" VPOS="1411" WIDTH="33" HEIGHT="20" WC="0.90" CONTENT="»af"/><SP WIDTH="8" VPOS="1411" HPOS="815"/>
							<String ID="string_315" HPOS="823" VPOS="1410" WIDTH="101" HEIGHT="21" WC="0.97" CONTENT="Finlands"/><SP WIDTH="9" VPOS="1410" HPOS="924"/>
							<String ID="string_316" HPOS="933" VPOS="1410" WIDTH="66" HEIGHT="20" WC="0.96" CONTENT="banks"/>
						</TextLine>
						<TextLine ID="line_39" HPOS="173" VPOS="1438" WIDTH="826" HEIGHT="28">
							<String ID="string_317" HPOS="173" VPOS="1439" WIDTH="140" HEIGHT="21" WC="0.91" CONTENT="vinstmedel»"/><SP WIDTH="18" VPOS="1439" HPOS="313"/>
							<String ID="string_318" HPOS="331" VPOS="1440" WIDTH="105" HEIGHT="20" WC="0.96" CONTENT="uteslutits"/><SP WIDTH="16" VPOS="1440" HPOS="436"/>
							<String ID="string_319" HPOS="452" VPOS="1440" WIDTH="48" HEIGHT="20" WC="0.93" CONTENT="med"/><SP WIDTH="16" VPOS="1440" HPOS="500"/>
							<String ID="string_320" HPOS="516" VPOS="1440" WIDTH="100" HEIGHT="20" WC="0.91" CONTENT="afseende"/><SP WIDTH="16" VPOS="1440" HPOS="616"/>
							<String ID="string_321" HPOS="632" VPOS="1440" WIDTH="12" HEIGHT="20" WC="0.91" CONTENT="å"/><SP WIDTH="15" VPOS="1440" HPOS="644"/>
							<String ID="string_322" HPOS="659" VPOS="1440" WIDTH="54" HEIGHT="20" WC="0.96" CONTENT="hvad"/><SP WIDTH="17" VPOS="1440" HPOS="713"/>
							<String ID="string_323" HPOS="730" VPOS="1439" WIDTH="85" HEIGHT="21" WC="0.94" CONTENT="ståndet"/><SP WIDTH="15" VPOS="1439" HPOS="815"/>
							<String ID="string_324" HPOS="830" VPOS="1438" WIDTH="103" HEIGHT="28" WC="0.87" CONTENT="tidigare"/><SP WIDTH="-12" VPOS="1438" HPOS="933"/>
							<String ID="string_325" HPOS="921" VPOS="1434" WIDTH="13" HEIGHT="37" WC="0.82" CONTENT="i"/><SP WIDTH="9" VPOS="1434" HPOS="934"/>
							<String ID="string_326" HPOS="943" VPOS="1438" WIDTH="56" HEIGHT="26" WC="0.91" CONTENT="fråga"/>
						</TextLine>
						<TextLine ID="line_40" HPOS="173" VPOS="1467" WIDTH="826" HEIGHT="28">
							<String ID="string_327" HPOS="173" VPOS="1474" WIDTH="34" HEIGHT="14" WC="0.95" CONTENT="om"/><SP WIDTH="24" VPOS="1474" HPOS="207"/>
							<String ID="string_328" HPOS="231" VPOS="1468" WIDTH="62" HEIGHT="20" WC="0.96" CONTENT="dessa"/><SP WIDTH="21" VPOS="1468" HPOS="293"/>
							<String ID="string_329" HPOS="314" VPOS="1468" WIDTH="70" HEIGHT="20" WC="0.93" CONTENT="medel"/><SP WIDTH="23" VPOS="1468" HPOS="384"/>
							<String ID="string_330" HPOS="407" VPOS="1468" WIDTH="90" HEIGHT="27" WC="0.91" CONTENT="beslutit,"/><SP WIDTH="23" VPOS="1468" HPOS="497"/>
							<String ID="string_331" HPOS="520" VPOS="1468" WIDTH="90" HEIGHT="20" WC="0.91" CONTENT="hvarhos"/><SP WIDTH="19" VPOS="1468" HPOS="610"/>
							<String ID="string_332" HPOS="629" VPOS="1468" WIDTH="92" HEIGHT="26" WC="0.96" CONTENT="ärendet,"/><SP WIDTH="16" VPOS="1468" HPOS="721"/>
							<String ID="string_333" HPOS="737" VPOS="1468" WIDTH="32" HEIGHT="20" WC="0.96" CONTENT="för"/><SP WIDTH="16" VPOS="1468" HPOS="769"/>
							<String ID="string_334" HPOS="785" VPOS="1468" WIDTH="22" HEIGHT="20" WC="0.96" CONTENT="så"/><SP WIDTH="17" VPOS="1468" HPOS="807"/>
							<String ID="string_335" HPOS="824" VPOS="1467" WIDTH="44" HEIGHT="21" WC="0.96" CONTENT="vidt"/><SP WIDTH="15" VPOS="1467" HPOS="868"/>
							<String ID="string_336" HPOS="883" VPOS="1467" WIDTH="116" HEIGHT="21" WC="0.96" CONTENT="detsamma"/>
						</TextLine>
						<TextLine ID="line_41" HPOS="172" VPOS="1496" WIDTH="827" HEIGHT="28">
							<String ID="string_337" HPOS="172" VPOS="1496" WIDTH="76" HEIGHT="26" WC="0.90" CONTENT="angick"/><SP WIDTH="22" VPOS="1496" HPOS="248"/>
							<String ID="string_338" HPOS="270" VPOS="1496" WIDTH="35" HEIGHT="21" WC="0.96" CONTENT="det"/><SP WIDTH="22" VPOS="1496" HPOS="305"/>
							<String ID="string_339" HPOS="327" VPOS="1496" WIDTH="33" HEIGHT="21" WC="0.93" CONTENT="för"/><SP WIDTH="14" VPOS="1496" HPOS="360"/>
							<String ID="string_340" HPOS="374" VPOS="1497" WIDTH="120" HEIGHT="20" WC="0.96" CONTENT="ändamålet"/><SP WIDTH="17" VPOS="1497" HPOS="494"/>
							<String ID="string_341" HPOS="511" VPOS="1496" WIDTH="103" HEIGHT="28" WC="0.96" CONTENT="beviljade"/><SP WIDTH="17" VPOS="1496" HPOS="614"/>
							<String ID="string_342" HPOS="631" VPOS="1496" WIDTH="78" HEIGHT="27" WC="0.92" CONTENT="anslag,"/><SP WIDTH="16" VPOS="1496" HPOS="709"/>
							<String ID="string_343" HPOS="725" VPOS="1496" WIDTH="128" HEIGHT="27" WC="0.77" CONTENT="hänskjutits"/><SP WIDTH="13" VPOS="1496" HPOS="853"/>
							<String ID="string_344" HPOS="866" VPOS="1496" WIDTH="31" HEIGHT="20" WC="0.92" CONTENT="till"/><SP WIDTH="18" VPOS="1496" HPOS="897"/>
							<String ID="string_345" HPOS="915" VPOS="1497" WIDTH="84" HEIGHT="19" WC="0.92" CONTENT="statsut-"/>
						</TextLine>
						<TextLine ID="line_42" HPOS="171" VPOS="1524" WIDTH="239" HEIGHT="28">
							<String ID="string_346" HPOS="171" VPOS="1524" WIDTH="89" HEIGHT="21" WC="0.93" CONTENT="skottets"/><SP WIDTH="16" VPOS="1524" HPOS="260"/>
							<String ID="string_347" HPOS="276" VPOS="1525" WIDTH="134" HEIGHT="27" WC="0.96" CONTENT="behandling."/>
						</TextLine>
					</TextBlock>
				</ComposedBlock>
			</PrintSpace>
		</Page>
	</Layout>
</alto>
