<?xml version="1.0" encoding="UTF-8"?>
<alto xmlns="http://www.loc.gov/standards/alto/ns-v3#" xmlns:xlink="http://www.w3.org/1999/xlink" xmlns:xsi="http://www.w3.org/2001/XMLSchema-instance" xsi:schemaLocation="http://www.loc.gov/standards/alto/ns-v3# http://www.loc.gov/alto/v3/alto-3-0.xsd">
	<Description>
		<MeasurementUnit>pixel</MeasurementUnit>
		<sourceImageInformation>
			<fileName>/tmp/tess_8d02z3a2_input.PNG</fileName>
		</sourceImageInformation>
		<OCRProcessing ID="OCR_0">
			<ocrProcessingStep>
				<processingSoftware>
					<softwareName>tesseract 5.3.4</softwareName>
				</processingSoftware>
			</ocrProcessingStep>
		</OCRProcessing>
	</Description>
	<Layout>
		<Page WIDTH="1142" HEIGHT="1773" PHYSICAL_IMG_NR="0" ID="page_0">
			<PrintSpace HPOS="0" VPOS="0" WIDTH="1142" HEIGHT="1773">
				<GraphicalElement ID="cblock_0" HPOS="0" VPOS="46" WIDTH="7" HEIGHT="1144"></GraphicalElement >
				<ComposedBlock ID="cblock_1" HPOS="215" VPOS="136" WIDTH="556" HEIGHT="27">
					<TextBlock ID="block_0" HPOS="215" VPOS="136" WIDTH="556" HEIGHT="27">
						<TextLine ID="line_0" HPOS="215" VPOS="136" WIDTH="556" HEIGHT="27">
							<String ID="string_0" HPOS="215" VPOS="136" WIDTH="54" HEIGHT="20" WC="0.95" CONTENT="1612"/><SP WIDTH="153" VPOS="136" HPOS="269"/>
							<String ID="string_1" HPOS="422" VPOS="142" WIDTH="178" HEIGHT="21" WC="0.91" CONTENT="Borgareständet"/><SP WIDTH="19" VPOS="142" HPOS="600"/>
							<String ID="string_2" HPOS="619" VPOS="142" WIDTH="56" HEIGHT="16" WC="0.94" CONTENT="1894."/><SP WIDTH="26" VPOS="142" HPOS="675"/>
							<String ID="string_3" HPOS="701" VPOS="143" WIDTH="6" HEIGHT="15" WC="0.95" CONTENT="1"/><SP WIDTH="14" VPOS="143" HPOS="707"/>
							<String ID="string_4" HPOS="721" VPOS="142" WIDTH="50" HEIGHT="20" WC="0.95" CONTENT="juni."/>
						</TextLine>
					</TextBlock>
				</ComposedBlock>
				<GraphicalElement ID="cblock_2" HPOS="186" VPOS="170" WIDTH="827" HEIGHT="13"></GraphicalElement >
				<ComposedBlock ID="cblock_3" HPOS="183" VPOS="221" WIDTH="830" HEIGHT="486">
					<TextBlock ID="block_1" HPOS="183" VPOS="221" WIDTH="830" HEIGHT="486">
						<TextLine ID="line_1" HPOS="185" VPOS="221" WIDTH="826" HEIGHT="29">
							<String ID="string_5" HPOS="185" VPOS="224" WIDTH="92" HEIGHT="24" WC="0.92" CONTENT="upptaga"/><SP WIDTH="16" VPOS="224" HPOS="277"/>
							<String ID="string_6" HPOS="293" VPOS="222" WIDTH="46" HEIGHT="21" WC="0.96" CONTENT="med"/><SP WIDTH="17" VPOS="222" HPOS="339"/>
							<String ID="string_7" HPOS="356" VPOS="222" WIDTH="124" HEIGHT="21" WC="0.93" CONTENT="ständernas"/><SP WIDTH="15" VPOS="222" HPOS="480"/>
							<String ID="string_8" HPOS="495" VPOS="222" WIDTH="133" HEIGHT="28" WC="0.91" CONTENT="begifvande,"/><SP WIDTH="16" VPOS="222" HPOS="628"/>
							<String ID="string_9" HPOS="644" VPOS="224" WIDTH="22" HEIGHT="18" WC="0.96" CONTENT="är"/><SP WIDTH="15" VPOS="224" HPOS="666"/>
							<String ID="string_10" HPOS="681" VPOS="222" WIDTH="47" HEIGHT="21" WC="0.96" CONTENT="icke"/><SP WIDTH="16" VPOS="222" HPOS="728"/>
							<String ID="string_11" HPOS="744" VPOS="222" WIDTH="67" HEIGHT="20" WC="0.96" CONTENT="häller"/><SP WIDTH="15" VPOS="222" HPOS="811"/>
							<String ID="string_12" HPOS="826" VPOS="221" WIDTH="21" HEIGHT="21" WC="0.96" CONTENT="af"/><SP WIDTH="15" VPOS="221" HPOS="847"/>
							<String ID="string_13" HPOS="862" VPOS="221" WIDTH="41" HEIGHT="21" WC="0.92" CONTENT="den"/><SP WIDTH="9" VPOS="221" HPOS="903"/>
							<String ID="string_14" HPOS="912" VPOS="221" WIDTH="99" HEIGHT="27" WC="0.92" CONTENT="bagatell-"/>
						</TextLine>
						<TextLine ID="line_2" HPOS="185" VPOS="250" WIDTH="825" HEIGHT="26">
							<String ID="string_15" HPOS="185" VPOS="250" WIDTH="144" HEIGHT="22" WC="0.96" CONTENT="beskaffenhet"/><SP WIDTH="22" VPOS="250" HPOS="329"/>
							<String ID="string_16" HPOS="351" VPOS="254" WIDTH="29" HEIGHT="18" WC="0.96" CONTENT="att"/><SP WIDTH="22" VPOS="254" HPOS="380"/>
							<String ID="string_17" HPOS="402" VPOS="252" WIDTH="114" HEIGHT="20" WC="0.96" CONTENT="ständerna"/><SP WIDTH="15" VPOS="252" HPOS="516"/>
							<String ID="string_18" HPOS="531" VPOS="251" WIDTH="69" HEIGHT="21" WC="0.96" CONTENT="skulle"/><SP WIDTH="16" VPOS="251" HPOS="600"/>
							<String ID="string_19" HPOS="616" VPOS="251" WIDTH="73" HEIGHT="20" WC="0.91" CONTENT="kunna"/><SP WIDTH="16" VPOS="251" HPOS="689"/>
							<String ID="string_20" HPOS="705" VPOS="250" WIDTH="130" HEIGHT="21" WC="0.90" CONTENT="öfverlämna"/><SP WIDTH="16" VPOS="250" HPOS="835"/>
							<String ID="string_21" HPOS="851" VPOS="250" WIDTH="21" HEIGHT="20" WC="0.96" CONTENT="åt"/><SP WIDTH="15" VPOS="250" HPOS="872"/>
							<String ID="string_22" HPOS="887" VPOS="250" WIDTH="123" HEIGHT="26" WC="0.96" CONTENT="regeringen"/>
						</TextLine>
						<TextLine ID="line_3" HPOS="185" VPOS="279" WIDTH="826" HEIGHT="26">
							<String ID="string_23" HPOS="185" VPOS="285" WIDTH="72" HEIGHT="15" WC="0.95" CONTENT="ensam"/><SP WIDTH="24" VPOS="285" HPOS="257"/>
							<String ID="string_24" HPOS="281" VPOS="282" WIDTH="29" HEIGHT="18" WC="0.93" CONTENT="att"/><SP WIDTH="16" VPOS="282" HPOS="310"/>
							<String ID="string_25" HPOS="326" VPOS="280" WIDTH="96" HEIGHT="20" WC="0.92" CONTENT="däröfver"/><SP WIDTH="16" VPOS="280" HPOS="422"/>
							<String ID="string_26" HPOS="438" VPOS="280" WIDTH="115" HEIGHT="20" WC="0.95" CONTENT="bestämma"/><SP WIDTH="16" VPOS="280" HPOS="553"/>
							<String ID="string_27" HPOS="569" VPOS="280" WIDTH="39" HEIGHT="20" WC="0.94" CONTENT="och"/><SP WIDTH="17" VPOS="280" HPOS="608"/>
							<String ID="string_28" HPOS="625" VPOS="280" WIDTH="52" HEIGHT="20" WC="0.94" CONTENT="blott"/><SP WIDTH="16" VPOS="280" HPOS="677"/>
							<String ID="string_29" HPOS="693" VPOS="279" WIDTH="103" HEIGHT="21" WC="0.96" CONTENT="fastställa"/><SP WIDTH="15" VPOS="279" HPOS="796"/>
							<String ID="string_30" HPOS="811" VPOS="285" WIDTH="25" HEIGHT="14" WC="0.96" CONTENT="en"/><SP WIDTH="19" VPOS="285" HPOS="836"/>
							<String ID="string_31" HPOS="855" VPOS="279" WIDTH="73" HEIGHT="26" WC="0.96" CONTENT="högsta"/><SP WIDTH="15" VPOS="279" HPOS="928"/>
							<String ID="string_32" HPOS="943" VPOS="280" WIDTH="68" HEIGHT="24" WC="0.96" CONTENT="gräns."/>
						</TextLine>
						<TextLine ID="line_4" HPOS="184" VPOS="307" WIDTH="826" HEIGHT="28">
							<String ID="string_33" HPOS="184" VPOS="307" WIDTH="81" HEIGHT="27" WC="0.95" CONTENT="Frågan"/><SP WIDTH="17" VPOS="307" HPOS="265"/>
							<String ID="string_34" HPOS="282" VPOS="310" WIDTH="22" HEIGHT="18" WC="0.96" CONTENT="är"/><SP WIDTH="16" VPOS="310" HPOS="304"/>
							<String ID="string_35" HPOS="320" VPOS="309" WIDTH="20" HEIGHT="19" WC="0.96" CONTENT="af"/><SP WIDTH="16" VPOS="309" HPOS="340"/>
							<String ID="string_36" HPOS="356" VPOS="308" WIDTH="40" HEIGHT="21" WC="0.96" CONTENT="den"/><SP WIDTH="17" VPOS="308" HPOS="396"/>
							<String ID="string_37" HPOS="413" VPOS="309" WIDTH="43" HEIGHT="20" WC="0.96" CONTENT="vikt"/><SP WIDTH="16" VPOS="309" HPOS="456"/>
							<String ID="string_38" HPOS="472" VPOS="309" WIDTH="37" HEIGHT="20" WC="0.96" CONTENT="och"/><SP WIDTH="18" VPOS="309" HPOS="509"/>
							<String ID="string_39" HPOS="527" VPOS="308" WIDTH="109" HEIGHT="27" WC="0.96" CONTENT="betydelse"/><SP WIDTH="17" VPOS="308" HPOS="636"/>
							<String ID="string_40" HPOS="653" VPOS="311" WIDTH="29" HEIGHT="18" WC="0.96" CONTENT="att"/><SP WIDTH="15" VPOS="311" HPOS="682"/>
							<String ID="string_41" HPOS="697" VPOS="308" WIDTH="113" HEIGHT="20" WC="0.96" CONTENT="ständerna"/><SP WIDTH="17" VPOS="308" HPOS="810"/>
							<String ID="string_42" HPOS="827" VPOS="314" WIDTH="29" HEIGHT="13" WC="0.96" CONTENT="nu"/><SP WIDTH="15" VPOS="314" HPOS="856"/>
							<String ID="string_43" HPOS="871" VPOS="307" WIDTH="89" HEIGHT="20" WC="0.96" CONTENT="likasom"/><SP WIDTH="17" VPOS="307" HPOS="960"/>
							<String ID="string_44" HPOS="977" VPOS="307" WIDTH="33" HEIGHT="20" WC="0.96" CONTENT="vid"/>
						</TextLine>
						<TextLine ID="line_5" HPOS="192" VPOS="336" WIDTH="820" HEIGHT="28">
							<String ID="string_45" HPOS="192" VPOS="336" WIDTH="80" HEIGHT="27" WC="0.91" CONTENT="idigare"/><SP WIDTH="23" VPOS="336" HPOS="272"/>
							<String ID="string_46" HPOS="295" VPOS="337" WIDTH="124" HEIGHT="27" WC="0.92" CONTENT="landtdagar"/><SP WIDTH="15" VPOS="337" HPOS="419"/>
							<String ID="string_47" HPOS="434" VPOS="337" WIDTH="51" HEIGHT="21" WC="0.96" CONTENT="böra"/><SP WIDTH="14" VPOS="337" HPOS="485"/>
							<String ID="string_48" HPOS="499" VPOS="337" WIDTH="68" HEIGHT="21" WC="0.93" CONTENT="fixera"/><SP WIDTH="15" VPOS="337" HPOS="567"/>
							<String ID="string_49" HPOS="582" VPOS="337" WIDTH="153" HEIGHT="27" WC="0.91" CONTENT="lånebeloppet."/><SP WIDTH="30" VPOS="337" HPOS="735"/>
							<String ID="string_50" HPOS="765" VPOS="336" WIDTH="115" HEIGHT="21" WC="0.94" CONTENT="Dessutom"/><SP WIDTH="15" VPOS="336" HPOS="880"/>
							<String ID="string_51" HPOS="895" VPOS="336" WIDTH="67" HEIGHT="20" WC="0.96" CONTENT="måste"/><SP WIDTH="15" VPOS="336" HPOS="962"/>
							<String ID="string_52" HPOS="977" VPOS="336" WIDTH="35" HEIGHT="26" WC="0.96" CONTENT="jag"/>
						</TextLine>
						<TextLine ID="line_6" HPOS="184" VPOS="364" WIDTH="828" HEIGHT="28">
							<String ID="string_53" HPOS="184" VPOS="366" WIDTH="57" HEIGHT="19" WC="0.95" CONTENT="ännu"/><SP WIDTH="23" VPOS="366" HPOS="241"/>
							<String ID="string_54" HPOS="264" VPOS="365" WIDTH="110" HEIGHT="21" WC="0.95" CONTENT="framhålla"/><SP WIDTH="24" VPOS="365" HPOS="374"/>
							<String ID="string_55" HPOS="398" VPOS="372" WIDTH="24" HEIGHT="14" WC="0.96" CONTENT="en"/><SP WIDTH="24" VPOS="372" HPOS="422"/>
							<String ID="string_56" HPOS="446" VPOS="366" WIDTH="161" HEIGHT="26" WC="0.94" CONTENT="omständighet."/><SP WIDTH="32" VPOS="366" HPOS="607"/>
							<String ID="string_57" HPOS="639" VPOS="366" WIDTH="38" HEIGHT="20" WC="0.95" CONTENT="Om"/><SP WIDTH="23" VPOS="366" HPOS="677"/>
							<String ID="string_58" HPOS="700" VPOS="366" WIDTH="21" HEIGHT="19" WC="0.93" CONTENT="vi"/><SP WIDTH="15" VPOS="366" HPOS="721"/>
							<String ID="string_59" HPOS="736" VPOS="366" WIDTH="77" HEIGHT="20" WC="0.92" CONTENT="insätta"/><SP WIDTH="16" VPOS="366" HPOS="813"/>
							<String ID="string_60" HPOS="829" VPOS="365" WIDTH="57" HEIGHT="20" WC="0.96" CONTENT="detta"/><SP WIDTH="16" VPOS="365" HPOS="886"/>
							<String ID="string_61" HPOS="902" VPOS="364" WIDTH="110" HEIGHT="27" WC="0.96" CONTENT="oskyldiga"/>
						</TextLine>
						<TextLine ID="line_7" HPOS="184" VPOS="393" WIDTH="828" HEIGHT="28">
							<String ID="string_62" HPOS="184" VPOS="394" WIDTH="38" HEIGHT="20" WC="0.92" CONTENT="ord"/><SP WIDTH="17" VPOS="394" HPOS="222"/>
							<String ID="string_63" HPOS="239" VPOS="394" WIDTH="85" HEIGHT="27" WC="0.88" CONTENT="»högst»"/><SP WIDTH="18" VPOS="394" HPOS="324"/>
							<String ID="string_64" HPOS="342" VPOS="394" WIDTH="86" HEIGHT="21" WC="0.91" CONTENT="framför"/><SP WIDTH="18" VPOS="394" HPOS="428"/>
							<String ID="string_65" HPOS="446" VPOS="395" WIDTH="99" HEIGHT="20" WC="0.86" CONTENT="»aderton"/><SP WIDTH="19" VPOS="395" HPOS="545"/>
							<String ID="string_66" HPOS="564" VPOS="394" WIDTH="117" HEIGHT="27" WC="0.95" CONTENT="miljoner»,"/><SP WIDTH="16" VPOS="394" HPOS="681"/>
							<String ID="string_67" HPOS="697" VPOS="394" WIDTH="23" HEIGHT="20" WC="0.96" CONTENT="sä"/><SP WIDTH="17" VPOS="394" HPOS="720"/>
							<String ID="string_68" HPOS="737" VPOS="396" WIDTH="23" HEIGHT="18" WC="0.96" CONTENT="är"/><SP WIDTH="16" VPOS="396" HPOS="760"/>
							<String ID="string_69" HPOS="776" VPOS="394" WIDTH="36" HEIGHT="20" WC="0.96" CONTENT="det"/><SP WIDTH="13" VPOS="394" HPOS="812"/>
							<String ID="string_70" HPOS="825" VPOS="394" WIDTH="23" HEIGHT="26" WC="0.96" CONTENT="ju"/><SP WIDTH="17" VPOS="394" HPOS="848"/>
							<String ID="string_71" HPOS="865" VPOS="393" WIDTH="79" HEIGHT="27" WC="0.93" CONTENT="ganska"/><SP WIDTH="16" VPOS="393" HPOS="944"/>
							<String ID="string_72" HPOS="960" VPOS="393" WIDTH="52" HEIGHT="26" WC="0.92" CONTENT="möj-"/>
						</TextLine>
						<TextLine ID="line_8" HPOS="192" VPOS="421" WIDTH="819" HEIGHT="29">
							<String ID="string_73" HPOS="192" VPOS="422" WIDTH="31" HEIGHT="26" WC="0.96" CONTENT="igt"/><SP WIDTH="22" VPOS="422" HPOS="223"/>
							<String ID="string_74" HPOS="245" VPOS="425" WIDTH="30" HEIGHT="18" WC="0.96" CONTENT="att"/><SP WIDTH="22" VPOS="425" HPOS="275"/>
							<String ID="string_75" HPOS="297" VPOS="424" WIDTH="124" HEIGHT="26" WC="0.93" CONTENT="regeringen"/><SP WIDTH="25" VPOS="424" HPOS="421"/>
							<String ID="string_76" HPOS="446" VPOS="425" WIDTH="103" HEIGHT="25" WC="0.92" CONTENT="upptager"/><SP WIDTH="15" VPOS="425" HPOS="549"/>
							<String ID="string_77" HPOS="564" VPOS="426" WIDTH="29" HEIGHT="18" WC="0.95" CONTENT="ett"/><SP WIDTH="16" VPOS="426" HPOS="593"/>
							<String ID="string_78" HPOS="609" VPOS="423" WIDTH="48" HEIGHT="20" WC="0.96" CONTENT="vida"/><SP WIDTH="17" VPOS="423" HPOS="657"/>
							<String ID="string_79" HPOS="674" VPOS="423" WIDTH="81" HEIGHT="20" WC="0.96" CONTENT="mindre"/><SP WIDTH="17" VPOS="423" HPOS="755"/>
							<String ID="string_80" HPOS="772" VPOS="422" WIDTH="41" HEIGHT="26" WC="0.95" CONTENT="lån,"/><SP WIDTH="16" VPOS="422" HPOS="813"/>
							<String ID="string_81" HPOS="829" VPOS="422" WIDTH="39" HEIGHT="20" WC="0.96" CONTENT="och"/><SP WIDTH="17" VPOS="422" HPOS="868"/>
							<String ID="string_82" HPOS="885" VPOS="421" WIDTH="70" HEIGHT="21" WC="0.96" CONTENT="därtill"/><SP WIDTH="15" VPOS="421" HPOS="955"/>
							<String ID="string_83" HPOS="970" VPOS="421" WIDTH="41" HEIGHT="21" WC="0.96" CONTENT="kan"/>
						</TextLine>
						<TextLine ID="line_9" HPOS="184" VPOS="450" WIDTH="829" HEIGHT="29">
							<String ID="string_84" HPOS="184" VPOS="450" WIDTH="40" HEIGHT="21" WC="0.95" CONTENT="den"/><SP WIDTH="16" VPOS="450" HPOS="224"/>
							<String ID="string_85" HPOS="240" VPOS="450" WIDTH="58" HEIGHT="22" WC="0.95" CONTENT="finna"/><SP WIDTH="16" VPOS="450" HPOS="298"/>
							<String ID="string_86" HPOS="314" VPOS="452" WIDTH="31" HEIGHT="27" WC="0.96" CONTENT="sig"/><SP WIDTH="15" VPOS="452" HPOS="345"/>
							<String ID="string_87" HPOS="360" VPOS="452" WIDTH="62" HEIGHT="20" WC="0.96" CONTENT="hafva"/><SP WIDTH="16" VPOS="452" HPOS="422"/>
							<String ID="string_88" HPOS="438" VPOS="452" WIDTH="22" HEIGHT="21" WC="0.96" CONTENT="så"/><SP WIDTH="16" VPOS="452" HPOS="460"/>
							<String ID="string_89" HPOS="476" VPOS="452" WIDTH="85" HEIGHT="27" WC="0.96" CONTENT="mycket"/><SP WIDTH="15" VPOS="452" HPOS="561"/>
							<String ID="string_90" HPOS="576" VPOS="454" WIDTH="65" HEIGHT="18" WC="0.96" CONTENT="större"/><SP WIDTH="16" VPOS="454" HPOS="641"/>
							<String ID="string_91" HPOS="657" VPOS="452" WIDTH="121" HEIGHT="26" WC="0.96" CONTENT="anledning,"/><SP WIDTH="13" VPOS="452" HPOS="778"/>
							<String ID="string_92" HPOS="791" VPOS="457" WIDTH="45" HEIGHT="14" WC="0.96" CONTENT="som"/><SP WIDTH="17" VPOS="457" HPOS="836"/>
							<String ID="string_93" HPOS="853" VPOS="450" WIDTH="40" HEIGHT="21" WC="0.96" CONTENT="den"/><SP WIDTH="17" VPOS="450" HPOS="893"/>
							<String ID="string_94" HPOS="910" VPOS="450" WIDTH="103" HEIGHT="21" WC="0.96" CONTENT="måhända"/>
						</TextLine>
						<TextLine ID="line_10" HPOS="184" VPOS="479" WIDTH="827" HEIGHT="28">
							<String ID="string_95" HPOS="184" VPOS="480" WIDTH="61" HEIGHT="20" WC="0.96" CONTENT="äfven"/><SP WIDTH="18" VPOS="480" HPOS="245"/>
							<String ID="string_96" HPOS="263" VPOS="480" WIDTH="68" HEIGHT="21" WC="0.95" CONTENT="finner"/><SP WIDTH="15" VPOS="480" HPOS="331"/>
							<String ID="string_97" HPOS="346" VPOS="481" WIDTH="44" HEIGHT="20" WC="0.96" CONTENT="skäl"/><SP WIDTH="16" VPOS="481" HPOS="390"/>
							<String ID="string_98" HPOS="406" VPOS="483" WIDTH="29" HEIGHT="18" WC="0.96" CONTENT="att"/><SP WIDTH="15" VPOS="483" HPOS="435"/>
							<String ID="string_99" HPOS="450" VPOS="481" WIDTH="46" HEIGHT="21" WC="0.96" CONTENT="icke"/><SP WIDTH="18" VPOS="481" HPOS="496"/>
							<String ID="string_100" HPOS="514" VPOS="481" WIDTH="71" HEIGHT="20" WC="0.96" CONTENT="bifalla"/><SP WIDTH="15" VPOS="481" HPOS="585"/>
							<String ID="string_101" HPOS="600" VPOS="481" WIDTH="31" HEIGHT="20" WC="0.96" CONTENT="till"/><SP WIDTH="17" VPOS="481" HPOS="631"/>
							<String ID="string_102" HPOS="648" VPOS="481" WIDTH="121" HEIGHT="26" WC="0.96" CONTENT="byggandet"/><SP WIDTH="16" VPOS="481" HPOS="769"/>
							<String ID="string_103" HPOS="785" VPOS="480" WIDTH="20" HEIGHT="20" WC="0.96" CONTENT="af"/><SP WIDTH="16" VPOS="480" HPOS="805"/>
							<String ID="string_104" HPOS="821" VPOS="480" WIDTH="26" HEIGHT="20" WC="0.96" CONTENT="de"/><SP WIDTH="16" VPOS="480" HPOS="847"/>
							<String ID="string_105" HPOS="863" VPOS="479" WIDTH="66" HEIGHT="27" WC="0.96" CONTENT="bägge"/><SP WIDTH="12" VPOS="479" HPOS="929"/>
							<String ID="string_106" HPOS="941" VPOS="479" WIDTH="70" HEIGHT="26" WC="0.95" CONTENT="banor,"/>
						</TextLine>
						<TextLine ID="line_11" HPOS="184" VPOS="508" WIDTH="828" HEIGHT="28">
							<String ID="string_107" HPOS="184" VPOS="515" WIDTH="46" HEIGHT="13" WC="0.95" CONTENT="som"/><SP WIDTH="22" VPOS="515" HPOS="230"/>
							<String ID="string_108" HPOS="252" VPOS="509" WIDTH="113" HEIGHT="21" WC="0.95" CONTENT="ständerna"/><SP WIDTH="25" VPOS="509" HPOS="365"/>
							<String ID="string_109" HPOS="390" VPOS="516" WIDTH="28" HEIGHT="13" WC="0.92" CONTENT="nu"/><SP WIDTH="21" VPOS="516" HPOS="418"/>
							<String ID="string_110" HPOS="439" VPOS="510" WIDTH="61" HEIGHT="20" WC="0.93" CONTENT="hafva"/><SP WIDTH="16" VPOS="510" HPOS="500"/>
							<String ID="string_111" HPOS="516" VPOS="509" WIDTH="91" HEIGHT="21" WC="0.92" CONTENT="beslutit."/><SP WIDTH="32" VPOS="509" HPOS="607"/>
							<String ID="string_112" HPOS="639" VPOS="509" WIDTH="56" HEIGHT="27" WC="0.96" CONTENT="Vilja"/><SP WIDTH="17" VPOS="509" HPOS="695"/>
							<String ID="string_113" HPOS="712" VPOS="509" WIDTH="20" HEIGHT="20" WC="0.96" CONTENT="vi"/><SP WIDTH="16" VPOS="509" HPOS="732"/>
							<String ID="string_114" HPOS="748" VPOS="509" WIDTH="63" HEIGHT="20" WC="0.96" CONTENT="hafva"/><SP WIDTH="16" VPOS="509" HPOS="811"/>
							<String ID="string_115" HPOS="827" VPOS="508" WIDTH="61" HEIGHT="21" WC="0.96" CONTENT="säker"/><SP WIDTH="16" VPOS="508" HPOS="888"/>
							<String ID="string_116" HPOS="904" VPOS="508" WIDTH="63" HEIGHT="20" WC="0.96" CONTENT="utsikt"/><SP WIDTH="16" VPOS="508" HPOS="967"/>
							<String ID="string_117" HPOS="983" VPOS="510" WIDTH="29" HEIGHT="18" WC="0.97" CONTENT="att"/>
						</TextLine>
						<TextLine ID="line_12" HPOS="183" VPOS="536" WIDTH="829" HEIGHT="29">
							<String ID="string_118" HPOS="183" VPOS="537" WIDTH="21" HEIGHT="20" WC="0.96" CONTENT="få"/><SP WIDTH="27" VPOS="537" HPOS="204"/>
							<String ID="string_119" HPOS="231" VPOS="537" WIDTH="67" HEIGHT="27" WC="0.96" CONTENT="bägge"/><SP WIDTH="26" VPOS="537" HPOS="298"/>
							<String ID="string_120" HPOS="324" VPOS="538" WIDTH="60" HEIGHT="20" WC="0.93" CONTENT="dessa"/><SP WIDTH="27" VPOS="538" HPOS="384"/>
							<String ID="string_121" HPOS="411" VPOS="538" WIDTH="166" HEIGHT="27" WC="0.91" CONTENT="banbyggnader"/><SP WIDTH="20" VPOS="538" HPOS="577"/>
							<String ID="string_122" HPOS="597" VPOS="539" WIDTH="91" HEIGHT="26" WC="0.95" CONTENT="igenom,"/><SP WIDTH="25" VPOS="539" HPOS="688"/>
							<String ID="string_123" HPOS="713" VPOS="538" WIDTH="67" HEIGHT="20" WC="0.46" CONTENT="måste"/><SP WIDTH="16" VPOS="538" HPOS="780"/>
							<String ID="string_124" HPOS="796" VPOS="537" WIDTH="20" HEIGHT="20" WC="0.96" CONTENT="vi"/><SP WIDTH="17" VPOS="537" HPOS="816"/>
							<String ID="string_125" HPOS="833" VPOS="537" WIDTH="62" HEIGHT="20" WC="0.96" CONTENT="äfven"/><SP WIDTH="16" VPOS="537" HPOS="895"/>
							<String ID="string_126" HPOS="911" VPOS="536" WIDTH="101" HEIGHT="21" WC="0.96" CONTENT="fastställa"/>
						</TextLine>
						<TextLine ID="line_13" HPOS="192" VPOS="565" WIDTH="819" HEIGHT="28">
							<String ID="string_127" HPOS="192" VPOS="565" WIDTH="138" HEIGHT="28" WC="0.89" CONTENT="ånebeloppet"/><SP WIDTH="26" VPOS="565" HPOS="330"/>
							<String ID="string_128" HPOS="356" VPOS="567" WIDTH="38" HEIGHT="20" WC="0.96" CONTENT="och"/><SP WIDTH="26" VPOS="567" HPOS="394"/>
							<String ID="string_129" HPOS="420" VPOS="567" WIDTH="35" HEIGHT="20" WC="0.96" CONTENT="det"/><SP WIDTH="27" VPOS="567" HPOS="455"/>
							<String ID="string_130" HPOS="482" VPOS="567" WIDTH="23" HEIGHT="20" WC="0.96" CONTENT="så"/><SP WIDTH="23" VPOS="567" HPOS="505"/>
							<String ID="string_131" HPOS="528" VPOS="567" WIDTH="55" HEIGHT="26" WC="0.96" CONTENT="högt,"/><SP WIDTH="17" VPOS="567" HPOS="583"/>
							<String ID="string_132" HPOS="600" VPOS="569" WIDTH="29" HEIGHT="18" WC="0.96" CONTENT="att"/><SP WIDTH="16" VPOS="569" HPOS="629"/>
							<String ID="string_133" HPOS="645" VPOS="567" WIDTH="118" HEIGHT="26" WC="0.96" CONTENT="penningar"/><SP WIDTH="14" VPOS="567" HPOS="763"/>
							<String ID="string_134" HPOS="777" VPOS="566" WIDTH="70" HEIGHT="20" WC="0.96" CONTENT="finnas"/><SP WIDTH="15" VPOS="566" HPOS="847"/>
							<String ID="string_135" HPOS="862" VPOS="566" WIDTH="33" HEIGHT="19" WC="0.96" CONTENT="för"/><SP WIDTH="15" VPOS="566" HPOS="895"/>
							<String ID="string_136" HPOS="910" VPOS="565" WIDTH="101" HEIGHT="20" WC="0.96" CONTENT="hvardera"/>
						</TextLine>
						<TextLine ID="line_14" HPOS="183" VPOS="593" WIDTH="829" HEIGHT="29">
							<String ID="string_137" HPOS="183" VPOS="595" WIDTH="107" HEIGHT="26" WC="0.96" CONTENT="arbetena,"/><SP WIDTH="26" VPOS="595" HPOS="290"/>
							<String ID="string_138" HPOS="316" VPOS="596" WIDTH="37" HEIGHT="19" WC="0.96" CONTENT="och"/><SP WIDTH="27" VPOS="596" HPOS="353"/>
							<String ID="string_139" HPOS="380" VPOS="595" WIDTH="46" HEIGHT="21" WC="0.93" CONTENT="icke"/><SP WIDTH="28" VPOS="595" HPOS="426"/>
							<String ID="string_140" HPOS="454" VPOS="596" WIDTH="129" HEIGHT="20" WC="0.91" CONTENT="öfverlämna"/><SP WIDTH="24" VPOS="596" HPOS="583"/>
							<String ID="string_141" HPOS="607" VPOS="596" WIDTH="21" HEIGHT="20" WC="0.96" CONTENT="åt"/><SP WIDTH="15" VPOS="596" HPOS="628"/>
							<String ID="string_142" HPOS="643" VPOS="596" WIDTH="125" HEIGHT="26" WC="0.96" CONTENT="regeringen"/><SP WIDTH="17" VPOS="596" HPOS="768"/>
							<String ID="string_143" HPOS="785" VPOS="597" WIDTH="30" HEIGHT="18" WC="0.97" CONTENT="att"/><SP WIDTH="15" VPOS="597" HPOS="815"/>
							<String ID="string_144" HPOS="830" VPOS="597" WIDTH="48" HEIGHT="24" WC="0.96" CONTENT="taga"/><SP WIDTH="16" VPOS="597" HPOS="878"/>
							<String ID="string_145" HPOS="894" VPOS="596" WIDTH="29" HEIGHT="19" WC="0.96" CONTENT="ett"/><SP WIDTH="14" VPOS="596" HPOS="923"/>
							<String ID="string_146" HPOS="937" VPOS="593" WIDTH="75" HEIGHT="21" WC="0.95" CONTENT="sådant"/>
						</TextLine>
						<TextLine ID="line_15" HPOS="192" VPOS="622" WIDTH="819" HEIGHT="26">
							<String ID="string_147" HPOS="192" VPOS="623" WIDTH="32" HEIGHT="25" WC="0.96" CONTENT="ån,"/><SP WIDTH="22" VPOS="623" HPOS="224"/>
							<String ID="string_148" HPOS="246" VPOS="630" WIDTH="44" HEIGHT="13" WC="0.95" CONTENT="som"/><SP WIDTH="22" VPOS="630" HPOS="290"/>
							<String ID="string_149" HPOS="312" VPOS="624" WIDTH="73" HEIGHT="21" WC="0.96" CONTENT="räcker"/><SP WIDTH="15" VPOS="624" HPOS="385"/>
							<String ID="string_150" HPOS="400" VPOS="624" WIDTH="52" HEIGHT="21" WC="0.96" CONTENT="blott"/><SP WIDTH="16" VPOS="624" HPOS="452"/>
							<String ID="string_151" HPOS="468" VPOS="625" WIDTH="31" HEIGHT="20" WC="0.96" CONTENT="till"/><SP WIDTH="16" VPOS="625" HPOS="499"/>
							<String ID="string_152" HPOS="515" VPOS="625" WIDTH="40" HEIGHT="20" WC="0.96" CONTENT="den"/><SP WIDTH="17" VPOS="625" HPOS="555"/>
							<String ID="string_153" HPOS="572" VPOS="631" WIDTH="40" HEIGHT="14" WC="0.96" CONTENT="ena"/><SP WIDTH="17" VPOS="631" HPOS="612"/>
							<String ID="string_154" HPOS="629" VPOS="624" WIDTH="80" HEIGHT="21" WC="0.96" CONTENT="banans"/><SP WIDTH="16" VPOS="624" HPOS="709"/>
							<String ID="string_155" HPOS="725" VPOS="623" WIDTH="112" HEIGHT="21" WC="0.96" CONTENT="utförande"/><SP WIDTH="16" VPOS="623" HPOS="837"/>
							<String ID="string_156" HPOS="853" VPOS="629" WIDTH="49" HEIGHT="14" WC="0.96" CONTENT="men"/><SP WIDTH="15" VPOS="629" HPOS="902"/>
							<String ID="string_157" HPOS="917" VPOS="623" WIDTH="46" HEIGHT="20" WC="0.96" CONTENT="icke"/><SP WIDTH="16" VPOS="623" HPOS="963"/>
							<String ID="string_158" HPOS="979" VPOS="622" WIDTH="32" HEIGHT="20" WC="0.96" CONTENT="till"/>
						</TextLine>
						<TextLine ID="line_16" HPOS="185" VPOS="651" WIDTH="824" HEIGHT="29">
							<String ID="string_159" HPOS="185" VPOS="651" WIDTH="39" HEIGHT="21" WC="0.96" CONTENT="den"/><SP WIDTH="18" VPOS="651" HPOS="224"/>
							<String ID="string_160" HPOS="242" VPOS="652" WIDTH="82" HEIGHT="21" WC="0.95" CONTENT="andras."/><SP WIDTH="30" VPOS="652" HPOS="324"/>
							<String ID="string_161" HPOS="354" VPOS="653" WIDTH="41" HEIGHT="20" WC="0.95" CONTENT="Det"/><SP WIDTH="16" VPOS="653" HPOS="395"/>
							<String ID="string_162" HPOS="411" VPOS="655" WIDTH="23" HEIGHT="18" WC="0.95" CONTENT="är"/><SP WIDTH="14" VPOS="655" HPOS="434"/>
							<String ID="string_163" HPOS="448" VPOS="653" WIDTH="27" HEIGHT="27" WC="0.96" CONTENT="på"/><SP WIDTH="15" VPOS="653" HPOS="475"/>
							<String ID="string_164" HPOS="490" VPOS="653" WIDTH="61" HEIGHT="20" WC="0.96" CONTENT="dessa"/><SP WIDTH="16" VPOS="653" HPOS="551"/>
							<String ID="string_165" HPOS="567" VPOS="653" WIDTH="45" HEIGHT="20" WC="0.96" CONTENT="skäl"/><SP WIDTH="14" VPOS="653" HPOS="612"/>
							<String ID="string_166" HPOS="626" VPOS="653" WIDTH="36" HEIGHT="26" WC="0.95" CONTENT="jag"/><SP WIDTH="15" VPOS="653" HPOS="662"/>
							<String ID="string_167" HPOS="677" VPOS="653" WIDTH="33" HEIGHT="20" WC="0.96" CONTENT="för"/><SP WIDTH="16" VPOS="653" HPOS="710"/>
							<String ID="string_168" HPOS="726" VPOS="653" WIDTH="41" HEIGHT="20" WC="0.96" CONTENT="min"/><SP WIDTH="19" VPOS="653" HPOS="767"/>
							<String ID="string_169" HPOS="786" VPOS="652" WIDTH="34" HEIGHT="21" WC="0.96" CONTENT="del"/><SP WIDTH="16" VPOS="652" HPOS="820"/>
							<String ID="string_170" HPOS="836" VPOS="652" WIDTH="37" HEIGHT="20" WC="0.96" CONTENT="ber"/><SP WIDTH="16" VPOS="652" HPOS="873"/>
							<String ID="string_171" HPOS="889" VPOS="654" WIDTH="29" HEIGHT="18" WC="0.96" CONTENT="att"/><SP WIDTH="15" VPOS="654" HPOS="918"/>
							<String ID="string_172" HPOS="933" VPOS="651" WIDTH="21" HEIGHT="20" WC="0.93" CONTENT="få"/><SP WIDTH="15" VPOS="651" HPOS="954"/>
							<String ID="string_173" HPOS="969" VPOS="651" WIDTH="40" HEIGHT="20" WC="0.92" CONTENT="för-"/>
						</TextLine>
						<TextLine ID="line_17" HPOS="185" VPOS="680" WIDTH="744" HEIGHT="27">
							<String ID="string_174" HPOS="185" VPOS="680" WIDTH="50" HEIGHT="21" WC="0.96" CONTENT="orda"/><SP WIDTH="17" VPOS="680" HPOS="235"/>
							<String ID="string_175" HPOS="252" VPOS="681" WIDTH="154" HEIGHT="26" WC="0.96" CONTENT="godkännande"/><SP WIDTH="17" VPOS="681" HPOS="406"/>
							<String ID="string_176" HPOS="423" VPOS="682" WIDTH="21" HEIGHT="20" WC="0.93" CONTENT="af"/><SP WIDTH="14" VPOS="682" HPOS="444"/>
							<String ID="string_177" HPOS="458" VPOS="684" WIDTH="165" HEIGHT="19" WC="0.91" CONTENT="statsutskottets"/><SP WIDTH="17" VPOS="684" HPOS="623"/>
							<String ID="string_178" HPOS="640" VPOS="681" WIDTH="131" HEIGHT="21" WC="0.93" CONTENT="betänkande"/><SP WIDTH="17" VPOS="681" HPOS="771"/>
							<String ID="string_179" HPOS="788" VPOS="680" WIDTH="141" HEIGHT="21" WC="0.91" CONTENT="oförändradt."/>
						</TextLine>
					</TextBlock>
				</ComposedBlock>
				<GraphicalElement ID="cblock_4" HPOS="186" VPOS="338" WIDTH="4" HEIGHT="304"></GraphicalElement >
				<ComposedBlock ID="cblock_5" HPOS="183" VPOS="737" WIDTH="829" HEIGHT="343">
					<TextBlock ID="block_2" HPOS="183" VPOS="737" WIDTH="829" HEIGHT="343">
						<TextLine ID="line_18" HPOS="252" VPOS="737" WIDTH="760" HEIGHT="28">
							<String ID="string_180" HPOS="252" VPOS="737" WIDTH="33" HEIGHT="21" WC="0.87" CONTENT="Hr"/><SP WIDTH="14" VPOS="737" HPOS="285"/>
							<String ID="string_181" HPOS="299" VPOS="738" WIDTH="122" HEIGHT="27" WC="0.95" CONTENT="Nybom:"/><SP WIDTH="31" VPOS="738" HPOS="421"/>
							<String ID="string_182" HPOS="452" VPOS="739" WIDTH="36" HEIGHT="20" WC="0.96" CONTENT="Alt"/><SP WIDTH="26" VPOS="739" HPOS="488"/>
							<String ID="string_183" HPOS="514" VPOS="739" WIDTH="53" HEIGHT="20" WC="0.96" CONTENT="hvad"/><SP WIDTH="24" VPOS="739" HPOS="567"/>
							<String ID="string_184" HPOS="591" VPOS="739" WIDTH="24" HEIGHT="20" WC="0.93" CONTENT="hr"/><SP WIDTH="22" VPOS="739" HPOS="615"/>
							<String ID="string_185" HPOS="637" VPOS="738" WIDTH="77" HEIGHT="21" WC="0.91" CONTENT="Heikel"/><SP WIDTH="23" VPOS="738" HPOS="714"/>
							<String ID="string_186" HPOS="737" VPOS="745" WIDTH="30" HEIGHT="14" WC="0.96" CONTENT="nu"/><SP WIDTH="24" VPOS="745" HPOS="767"/>
							<String ID="string_187" HPOS="791" VPOS="739" WIDTH="38" HEIGHT="19" WC="0.93" CONTENT="har"/><SP WIDTH="16" VPOS="739" HPOS="829"/>
							<String ID="string_188" HPOS="845" VPOS="737" WIDTH="102" HEIGHT="20" WC="0.90" CONTENT="framstält"/><SP WIDTH="16" VPOS="737" HPOS="947"/>
							<String ID="string_189" HPOS="963" VPOS="743" WIDTH="49" HEIGHT="20" WC="0.96" CONTENT="eger"/>
						</TextLine>
						<TextLine ID="line_19" HPOS="184" VPOS="767" WIDTH="827" HEIGHT="27">
							<String ID="string_190" HPOS="184" VPOS="767" WIDTH="123" HEIGHT="27" WC="0.96" CONTENT="visserligen"/><SP WIDTH="18" VPOS="767" HPOS="307"/>
							<String ID="string_191" HPOS="325" VPOS="767" WIDTH="5" HEIGHT="20" WC="0.94" CONTENT="i"/><SP WIDTH="16" VPOS="767" HPOS="330"/>
							<String ID="string_192" HPOS="346" VPOS="767" WIDTH="32" HEIGHT="20" WC="0.96" CONTENT="sin"/><SP WIDTH="17" VPOS="767" HPOS="378"/>
							<String ID="string_193" HPOS="395" VPOS="768" WIDTH="47" HEIGHT="20" WC="0.96" CONTENT="mån"/><SP WIDTH="17" VPOS="768" HPOS="442"/>
							<String ID="string_194" HPOS="459" VPOS="768" WIDTH="32" HEIGHT="20" WC="0.96" CONTENT="sin"/><SP WIDTH="17" VPOS="768" HPOS="491"/>
							<String ID="string_195" HPOS="508" VPOS="768" WIDTH="104" HEIGHT="26" WC="0.96" CONTENT="riktighet,"/><SP WIDTH="17" VPOS="768" HPOS="612"/>
							<String ID="string_196" HPOS="629" VPOS="774" WIDTH="48" HEIGHT="14" WC="0.96" CONTENT="men"/><SP WIDTH="17" VPOS="774" HPOS="677"/>
							<String ID="string_197" HPOS="694" VPOS="768" WIDTH="35" HEIGHT="20" WC="0.96" CONTENT="det"/><SP WIDTH="16" VPOS="768" HPOS="729"/>
							<String ID="string_198" HPOS="745" VPOS="768" WIDTH="56" HEIGHT="19" WC="0.96" CONTENT="visar"/><SP WIDTH="16" VPOS="768" HPOS="801"/>
							<String ID="string_199" HPOS="817" VPOS="767" WIDTH="26" HEIGHT="26" WC="0.96" CONTENT="på"/><SP WIDTH="15" VPOS="767" HPOS="843"/>
							<String ID="string_200" HPOS="858" VPOS="767" WIDTH="53" HEIGHT="19" WC="0.96" CONTENT="intet"/><SP WIDTH="15" VPOS="767" HPOS="911"/>
							<String ID="string_201" HPOS="926" VPOS="767" WIDTH="40" HEIGHT="19" WC="0.96" CONTENT="sätt"/><SP WIDTH="15" VPOS="767" HPOS="966"/>
							<String ID="string_202" HPOS="981" VPOS="767" WIDTH="30" HEIGHT="18" WC="0.96" CONTENT="att"/>
						</TextLine>
						<TextLine ID="line_20" HPOS="184" VPOS="794" WIDTH="828" HEIGHT="28">
							<String ID="string_203" HPOS="184" VPOS="795" WIDTH="36" HEIGHT="20" WC="0.96" CONTENT="det"/><SP WIDTH="15" VPOS="795" HPOS="220"/>
							<String ID="string_204" HPOS="235" VPOS="795" WIDTH="47" HEIGHT="21" WC="0.96" CONTENT="icke"/><SP WIDTH="17" VPOS="795" HPOS="282"/>
							<String ID="string_205" HPOS="299" VPOS="802" WIDTH="49" HEIGHT="14" WC="0.96" CONTENT="vore"/><SP WIDTH="16" VPOS="802" HPOS="348"/>
							<String ID="string_206" HPOS="364" VPOS="796" WIDTH="132" HEIGHT="26" WC="0.96" CONTENT="försiktigare"/><SP WIDTH="16" VPOS="796" HPOS="496"/>
							<String ID="string_207" HPOS="512" VPOS="797" WIDTH="38" HEIGHT="20" WC="0.96" CONTENT="och"/><SP WIDTH="17" VPOS="797" HPOS="550"/>
							<String ID="string_208" HPOS="567" VPOS="796" WIDTH="86" HEIGHT="21" WC="0.95" CONTENT="klokare"/><SP WIDTH="16" VPOS="796" HPOS="653"/>
							<String ID="string_209" HPOS="669" VPOS="796" WIDTH="20" HEIGHT="21" WC="0.96" CONTENT="af"/><SP WIDTH="16" VPOS="796" HPOS="689"/>
							<String ID="string_210" HPOS="705" VPOS="796" WIDTH="83" HEIGHT="21" WC="0.96" CONTENT="ståndet"/><SP WIDTH="16" VPOS="796" HPOS="788"/>
							<String ID="string_211" HPOS="804" VPOS="797" WIDTH="29" HEIGHT="18" WC="0.96" CONTENT="att"/><SP WIDTH="16" VPOS="797" HPOS="833"/>
							<String ID="string_212" HPOS="849" VPOS="798" WIDTH="75" HEIGHT="23" WC="0.96" CONTENT="antaga"/><SP WIDTH="15" VPOS="798" HPOS="924"/>
							<String ID="string_213" HPOS="939" VPOS="794" WIDTH="40" HEIGHT="21" WC="0.96" CONTENT="den"/><SP WIDTH="12" VPOS="794" HPOS="979"/>
							<String ID="string_214" HPOS="991" VPOS="794" WIDTH="21" HEIGHT="20" WC="0.96" CONTENT="af"/>
						</TextLine>
						<TextLine ID="line_21" HPOS="184" VPOS="823" WIDTH="827" HEIGHT="28">
							<String ID="string_215" HPOS="184" VPOS="823" WIDTH="24" HEIGHT="20" WC="0.93" CONTENT="hr"/><SP WIDTH="16" VPOS="823" HPOS="208"/>
							<String ID="string_216" HPOS="224" VPOS="823" WIDTH="146" HEIGHT="28" WC="0.92" CONTENT="Schybergson"/><SP WIDTH="17" VPOS="823" HPOS="370"/>
							<String ID="string_217" HPOS="387" VPOS="825" WIDTH="118" HEIGHT="26" WC="0.96" CONTENT="föreslagna"/><SP WIDTH="15" VPOS="825" HPOS="505"/>
							<String ID="string_218" HPOS="520" VPOS="825" WIDTH="45" HEIGHT="20" WC="0.95" CONTENT="lilla"/><SP WIDTH="15" VPOS="825" HPOS="565"/>
							<String ID="string_219" HPOS="580" VPOS="825" WIDTH="123" HEIGHT="26" WC="0.95" CONTENT="ändringen."/><SP WIDTH="32" VPOS="825" HPOS="703"/>
							<String ID="string_220" HPOS="735" VPOS="825" WIDTH="26" HEIGHT="19" WC="0.90" CONTENT="Vi"/><SP WIDTH="16" VPOS="825" HPOS="761"/>
							<String ID="string_221" HPOS="777" VPOS="824" WIDTH="132" HEIGHT="21" WC="0.90" CONTENT="öfverlämna"/><SP WIDTH="15" VPOS="824" HPOS="909"/>
							<String ID="string_222" HPOS="924" VPOS="823" WIDTH="26" HEIGHT="20" WC="0.96" CONTENT="då"/><SP WIDTH="15" VPOS="823" HPOS="950"/>
							<String ID="string_223" HPOS="965" VPOS="823" WIDTH="46" HEIGHT="20" WC="0.96" CONTENT="icke"/>
						</TextLine>
						<TextLine ID="line_22" HPOS="184" VPOS="851" WIDTH="827" HEIGHT="29">
							<String ID="string_224" HPOS="184" VPOS="852" WIDTH="20" HEIGHT="21" WC="0.95" CONTENT="åt"/><SP WIDTH="16" VPOS="852" HPOS="204"/>
							<String ID="string_225" HPOS="220" VPOS="858" WIDTH="124" HEIGHT="21" WC="0.96" CONTENT="regeringen"/><SP WIDTH="16" VPOS="858" HPOS="344"/>
							<String ID="string_226" HPOS="360" VPOS="859" WIDTH="72" HEIGHT="14" WC="0.93" CONTENT="ensam"/><SP WIDTH="16" VPOS="859" HPOS="432"/>
							<String ID="string_227" HPOS="448" VPOS="854" WIDTH="129" HEIGHT="26" WC="0.91" CONTENT="afgörandet,"/><SP WIDTH="17" VPOS="854" HPOS="577"/>
							<String ID="string_228" HPOS="594" VPOS="857" WIDTH="22" HEIGHT="23" WC="0.93" CONTENT="tv"/><SP WIDTH="15" VPOS="857" HPOS="616"/>
							<String ID="string_229" HPOS="631" VPOS="854" WIDTH="113" HEIGHT="20" WC="0.96" CONTENT="ständerna"/><SP WIDTH="16" VPOS="854" HPOS="744"/>
							<String ID="string_230" HPOS="760" VPOS="853" WIDTH="73" HEIGHT="20" WC="0.96" CONTENT="kunna"/><SP WIDTH="16" VPOS="853" HPOS="833"/>
							<String ID="string_231" HPOS="849" VPOS="853" WIDTH="22" HEIGHT="26" WC="0.95" CONTENT="ju"/><SP WIDTH="13" VPOS="853" HPOS="871"/>
							<String ID="string_232" HPOS="884" VPOS="851" WIDTH="64" HEIGHT="21" WC="0.93" CONTENT="uttala"/><SP WIDTH="12" VPOS="851" HPOS="948"/>
							<String ID="string_233" HPOS="960" VPOS="851" WIDTH="51" HEIGHT="20" WC="0.91" CONTENT="hvil-"/>
						</TextLine>
						<TextLine ID="line_23" HPOS="184" VPOS="880" WIDTH="827" HEIGHT="29">
							<String ID="string_234" HPOS="184" VPOS="881" WIDTH="35" HEIGHT="21" WC="0.96" CONTENT="ket"/><SP WIDTH="20" VPOS="881" HPOS="219"/>
							<String ID="string_235" HPOS="239" VPOS="881" WIDTH="74" HEIGHT="27" WC="0.96" CONTENT="belopp"/><SP WIDTH="17" VPOS="881" HPOS="313"/>
							<String ID="string_236" HPOS="330" VPOS="882" WIDTH="25" HEIGHT="20" WC="0.96" CONTENT="de"/><SP WIDTH="16" VPOS="882" HPOS="355"/>
							<String ID="string_237" HPOS="371" VPOS="882" WIDTH="70" HEIGHT="26" WC="0.96" CONTENT="önska,"/><SP WIDTH="17" VPOS="882" HPOS="441"/>
							<String ID="string_238" HPOS="458" VPOS="883" WIDTH="38" HEIGHT="20" WC="0.96" CONTENT="och"/><SP WIDTH="16" VPOS="883" HPOS="496"/>
							<String ID="string_239" HPOS="512" VPOS="882" WIDTH="98" HEIGHT="21" WC="0.96" CONTENT="förutsatt"/><SP WIDTH="15" VPOS="882" HPOS="610"/>
							<String ID="string_240" HPOS="625" VPOS="884" WIDTH="30" HEIGHT="19" WC="0.96" CONTENT="att"/><SP WIDTH="15" VPOS="884" HPOS="655"/>
							<String ID="string_241" HPOS="670" VPOS="882" WIDTH="57" HEIGHT="21" WC="0.96" CONTENT="detta"/><SP WIDTH="17" VPOS="882" HPOS="727"/>
							<String ID="string_242" HPOS="744" VPOS="882" WIDTH="75" HEIGHT="27" WC="0.93" CONTENT="belopp"/><SP WIDTH="17" VPOS="882" HPOS="819"/>
							<String ID="string_243" HPOS="836" VPOS="881" WIDTH="70" HEIGHT="20" WC="0.91" CONTENT="blefve"/><SP WIDTH="17" VPOS="881" HPOS="906"/>
							<String ID="string_244" HPOS="923" VPOS="881" WIDTH="25" HEIGHT="20" WC="0.89" CONTENT="18"/><SP WIDTH="17" VPOS="881" HPOS="948"/>
							<String ID="string_245" HPOS="965" VPOS="880" WIDTH="46" HEIGHT="20" WC="0.89" CONTENT="mil-"/>
						</TextLine>
						<TextLine ID="line_24" HPOS="183" VPOS="909" WIDTH="829" HEIGHT="29">
							<String ID="string_246" HPOS="183" VPOS="910" WIDTH="66" HEIGHT="26" WC="0.91" CONTENT="joner,"/><SP WIDTH="26" VPOS="910" HPOS="249"/>
							<String ID="string_247" HPOS="275" VPOS="910" WIDTH="62" HEIGHT="21" WC="0.96" CONTENT="hafva"/><SP WIDTH="25" VPOS="910" HPOS="337"/>
							<String ID="string_248" HPOS="362" VPOS="911" WIDTH="21" HEIGHT="27" WC="0.96" CONTENT="ju"/><SP WIDTH="27" VPOS="911" HPOS="383"/>
							<String ID="string_249" HPOS="410" VPOS="912" WIDTH="112" HEIGHT="20" WC="0.96" CONTENT="ständerna"/><SP WIDTH="17" VPOS="912" HPOS="522"/>
							<String ID="string_250" HPOS="539" VPOS="911" WIDTH="74" HEIGHT="21" WC="0.96" CONTENT="uttalat"/><SP WIDTH="15" VPOS="911" HPOS="613"/>
							<String ID="string_251" HPOS="628" VPOS="912" WIDTH="31" HEIGHT="19" WC="0.96" CONTENT="sin"/><SP WIDTH="18" VPOS="912" HPOS="659"/>
							<String ID="string_252" HPOS="677" VPOS="911" WIDTH="86" HEIGHT="26" WC="0.96" CONTENT="mening"/><SP WIDTH="17" VPOS="911" HPOS="763"/>
							<String ID="string_253" HPOS="780" VPOS="914" WIDTH="37" HEIGHT="17" WC="0.36" CONTENT="oc)"/><SP WIDTH="18" VPOS="914" HPOS="817"/>
							<String ID="string_254" HPOS="835" VPOS="910" WIDTH="124" HEIGHT="26" WC="0.96" CONTENT="regeringen"/><SP WIDTH="17" VPOS="910" HPOS="959"/>
							<String ID="string_255" HPOS="976" VPOS="909" WIDTH="36" HEIGHT="20" WC="0.96" CONTENT="har"/>
						</TextLine>
						<TextLine ID="line_25" HPOS="184" VPOS="938" WIDTH="827" HEIGHT="22">
							<String ID="string_256" HPOS="184" VPOS="938" WIDTH="63" HEIGHT="20" WC="0.95" CONTENT="sedan"/><SP WIDTH="24" VPOS="938" HPOS="247"/>
							<String ID="string_257" HPOS="271" VPOS="941" WIDTH="29" HEIGHT="18" WC="0.95" CONTENT="att"/><SP WIDTH="15" VPOS="941" HPOS="300"/>
							<String ID="string_258" HPOS="315" VPOS="939" WIDTH="50" HEIGHT="21" WC="0.96" CONTENT="fatta"/><SP WIDTH="17" VPOS="939" HPOS="365"/>
							<String ID="string_259" HPOS="382" VPOS="940" WIDTH="34" HEIGHT="20" WC="0.96" CONTENT="sitt"/><SP WIDTH="16" VPOS="940" HPOS="416"/>
							<String ID="string_260" HPOS="432" VPOS="940" WIDTH="73" HEIGHT="20" WC="0.96" CONTENT="beslut."/><SP WIDTH="31" VPOS="940" HPOS="505"/>
							<String ID="string_261" HPOS="536" VPOS="940" WIDTH="49" HEIGHT="20" WC="0.95" CONTENT="Men"/><SP WIDTH="17" VPOS="940" HPOS="585"/>
							<String ID="string_262" HPOS="602" VPOS="946" WIDTH="33" HEIGHT="14" WC="0.96" CONTENT="om"/><SP WIDTH="17" VPOS="946" HPOS="635"/>
							<String ID="string_263" HPOS="652" VPOS="940" WIDTH="20" HEIGHT="20" WC="0.96" CONTENT="vi"/><SP WIDTH="16" VPOS="940" HPOS="672"/>
							<String ID="string_264" HPOS="688" VPOS="940" WIDTH="67" HEIGHT="20" WC="0.93" CONTENT="skulle"/><SP WIDTH="18" VPOS="940" HPOS="755"/>
							<String ID="string_265" HPOS="773" VPOS="939" WIDTH="71" HEIGHT="21" WC="0.92" CONTENT="bestän"/><SP WIDTH="12" VPOS="939" HPOS="844"/>
							<String ID="string_266" HPOS="856" VPOS="946" WIDTH="33" HEIGHT="12" WC="0.96" CONTENT="ma"/><SP WIDTH="16" VPOS="946" HPOS="889"/>
							<String ID="string_267" HPOS="905" VPOS="938" WIDTH="56" HEIGHT="20" WC="0.93" CONTENT="detta"/><SP WIDTH="16" VPOS="938" HPOS="961"/>
							<String ID="string_268" HPOS="977" VPOS="938" WIDTH="34" HEIGHT="20" WC="0.91" CONTENT="be-"/>
						</TextLine>
						<TextLine ID="line_26" HPOS="183" VPOS="966" WIDTH="829" HEIGHT="28">
							<String ID="string_269" HPOS="183" VPOS="966" WIDTH="49" HEIGHT="28" WC="0.96" CONTENT="lopp"/><SP WIDTH="22" VPOS="966" HPOS="232"/>
							<String ID="string_270" HPOS="254" VPOS="967" WIDTH="30" HEIGHT="20" WC="0.95" CONTENT="till"/><SP WIDTH="19" VPOS="967" HPOS="284"/>
							<String ID="string_271" HPOS="303" VPOS="968" WIDTH="25" HEIGHT="20" WC="0.96" CONTENT="18"/><SP WIDTH="16" VPOS="968" HPOS="328"/>
							<String ID="string_272" HPOS="344" VPOS="968" WIDTH="98" HEIGHT="26" WC="0.96" CONTENT="miljoner"/><SP WIDTH="24" VPOS="968" HPOS="442"/>
							<String ID="string_273" HPOS="466" VPOS="971" WIDTH="50" HEIGHT="17" WC="0.96" CONTENT="utan"/><SP WIDTH="16" VPOS="971" HPOS="516"/>
							<String ID="string_274" HPOS="532" VPOS="971" WIDTH="30" HEIGHT="18" WC="0.96" CONTENT="att"/><SP WIDTH="15" VPOS="971" HPOS="562"/>
							<String ID="string_275" HPOS="577" VPOS="968" WIDTH="68" HEIGHT="20" WC="0.96" CONTENT="införa"/><SP WIDTH="15" VPOS="968" HPOS="645"/>
							<String ID="string_276" HPOS="660" VPOS="968" WIDTH="59" HEIGHT="20" WC="0.93" CONTENT="ordet"/><SP WIDTH="18" VPOS="968" HPOS="719"/>
							<String ID="string_277" HPOS="737" VPOS="969" WIDTH="85" HEIGHT="25" WC="0.84" CONTENT="»högst»"/><SP WIDTH="18" VPOS="969" HPOS="822"/>
							<String ID="string_278" HPOS="840" VPOS="967" WIDTH="87" HEIGHT="20" WC="0.96" CONTENT="framför"/><SP WIDTH="16" VPOS="967" HPOS="927"/>
							<String ID="string_279" HPOS="943" VPOS="967" WIDTH="69" HEIGHT="19" WC="0.96" CONTENT="denna"/>
						</TextLine>
						<TextLine ID="line_27" HPOS="183" VPOS="995" WIDTH="828" HEIGHT="29">
							<String ID="string_280" HPOS="183" VPOS="1002" WIDTH="89" HEIGHT="19" WC="0.96" CONTENT="summa,"/><SP WIDTH="16" VPOS="1002" HPOS="272"/>
							<String ID="string_281" HPOS="288" VPOS="996" WIDTH="22" HEIGHT="20" WC="0.96" CONTENT="så"/><SP WIDTH="16" VPOS="996" HPOS="310"/>
							<String ID="string_282" HPOS="326" VPOS="996" WIDTH="68" HEIGHT="21" WC="0.96" CONTENT="skulle"/><SP WIDTH="16" VPOS="996" HPOS="394"/>
							<String ID="string_283" HPOS="410" VPOS="998" WIDTH="20" HEIGHT="19" WC="0.96" CONTENT="vi"/><SP WIDTH="16" VPOS="998" HPOS="430"/>
							<String ID="string_284" HPOS="446" VPOS="999" WIDTH="50" HEIGHT="25" WC="0.96" CONTENT="göra"/><SP WIDTH="15" VPOS="999" HPOS="496"/>
							<String ID="string_285" HPOS="511" VPOS="997" WIDTH="90" HEIGHT="27" WC="0.96" CONTENT="anspråk"/><SP WIDTH="16" VPOS="997" HPOS="601"/>
							<String ID="string_286" HPOS="617" VPOS="997" WIDTH="26" HEIGHT="27" WC="0.96" CONTENT="på"/><SP WIDTH="15" VPOS="997" HPOS="643"/>
							<String ID="string_287" HPOS="658" VPOS="1000" WIDTH="29" HEIGHT="17" WC="0.96" CONTENT="att"/><SP WIDTH="16" VPOS="1000" HPOS="687"/>
							<String ID="string_288" HPOS="703" VPOS="997" WIDTH="114" HEIGHT="20" WC="0.96" CONTENT="ständerna"/><SP WIDTH="9" VPOS="997" HPOS="817"/>
							<String ID="string_289" HPOS="826" VPOS="1002" WIDTH="108" HEIGHT="14" WC="0.96" CONTENT="ensamma"/><SP WIDTH="9" VPOS="1002" HPOS="934"/>
							<String ID="string_290" HPOS="943" VPOS="995" WIDTH="68" HEIGHT="20" WC="0.96" CONTENT="skulle"/>
						</TextLine>
						<TextLine ID="line_28" HPOS="183" VPOS="1024" WIDTH="828" HEIGHT="48">
							<String ID="string_291" HPOS="183" VPOS="1024" WIDTH="21" HEIGHT="48" WC="0.23" CONTENT="5"/><SP WIDTH="23" VPOS="1024" HPOS="204"/>
							<String ID="string_292" HPOS="227" VPOS="1024" WIDTH="117" HEIGHT="22" WC="0.96" CONTENT="bestämma"/><SP WIDTH="23" VPOS="1024" HPOS="344"/>
							<String ID="string_293" HPOS="367" VPOS="1025" WIDTH="97" HEIGHT="27" WC="0.95" CONTENT="beloppet"/><SP WIDTH="34" VPOS="1025" HPOS="464"/>
							<String ID="string_294" HPOS="498" VPOS="1026" WIDTH="42" HEIGHT="26" WC="0.92" CONTENT="Jag"/><SP WIDTH="23" VPOS="1026" HPOS="540"/>
							<String ID="string_295" HPOS="563" VPOS="1026" WIDTH="139" HEIGHT="20" WC="0.89" CONTENT="understöder"/><SP WIDTH="23" VPOS="1026" HPOS="702"/>
							<String ID="string_296" HPOS="725" VPOS="1025" WIDTH="72" HEIGHT="20" WC="0.96" CONTENT="därför"/><SP WIDTH="15" VPOS="1025" HPOS="797"/>
							<String ID="string_297" HPOS="812" VPOS="1025" WIDTH="25" HEIGHT="20" WC="0.91" CONTENT="hr"/><SP WIDTH="16" VPOS="1025" HPOS="837"/>
							<String ID="string_298" HPOS="853" VPOS="1024" WIDTH="158" HEIGHT="26" WC="0.91" CONTENT="Schybergsons"/>
						</TextLine>
						<TextLine ID="line_29" HPOS="192" VPOS="1053" WIDTH="74" HEIGHT="27">
							<String ID="string_299" HPOS="192" VPOS="1053" WIDTH="74" HEIGHT="27" WC="0.86" CONTENT="örslag."/>
						</TextLine>
					</TextBlock>
				</ComposedBlock>
				<GraphicalElement ID="cblock_6" HPOS="546" VPOS="538" WIDTH="5" HEIGHT="304"></GraphicalElement >
				<Illustration ID="cblock_7" HPOS="268" VPOS="859" WIDTH="129" HEIGHT="14"></Illustration>
				<ComposedBlock ID="cblock_8" HPOS="179" VPOS="1110" WIDTH="832" HEIGHT="456">
					<TextBlock ID="block_3" HPOS="179" VPOS="1110" WIDTH="832" HEIGHT="456">
						<TextLine ID="line_30" HPOS="253" VPOS="1110" WIDTH="758" HEIGHT="27">
							<String ID="string_300" HPOS="253" VPOS="1110" WIDTH="33" HEIGHT="20" WC="0.90" CONTENT="Hr"/><SP WIDTH="15" VPOS="1110" HPOS="286"/>
							<String ID="string_301" HPOS="301" VPOS="1110" WIDTH="224" HEIGHT="27" WC="0.89" CONTENT="Schybergson:"/><SP WIDTH="31" VPOS="1110" HPOS="525"/>
							<String ID="string_302" HPOS="556" VPOS="1111" WIDTH="41" HEIGHT="26" WC="0.96" CONTENT="Jag"/><SP WIDTH="16" VPOS="1111" HPOS="597"/>
							<String ID="string_303" HPOS="613" VPOS="1111" WIDTH="56" HEIGHT="20" WC="0.96" CONTENT="inser"/><SP WIDTH="16" VPOS="1111" HPOS="669"/>
							<String ID="string_304" HPOS="685" VPOS="1111" WIDTH="85" HEIGHT="25" WC="0.96" CONTENT="mycket"/><SP WIDTH="17" VPOS="1111" HPOS="770"/>
							<String ID="string_305" HPOS="787" VPOS="1110" WIDTH="33" HEIGHT="20" WC="0.96" CONTENT="väl"/><SP WIDTH="16" VPOS="1110" HPOS="820"/>
							<String ID="string_306" HPOS="836" VPOS="1112" WIDTH="30" HEIGHT="19" WC="0.96" CONTENT="att"/><SP WIDTH="16" VPOS="1112" HPOS="866"/>
							<String ID="string_307" HPOS="882" VPOS="1110" WIDTH="35" HEIGHT="21" WC="0.96" CONTENT="det"/><SP WIDTH="15" VPOS="1110" HPOS="917"/>
							<String ID="string_308" HPOS="932" VPOS="1110" WIDTH="20" HEIGHT="20" WC="0.96" CONTENT="af"/><SP WIDTH="16" VPOS="1110" HPOS="952"/>
							<String ID="string_309" HPOS="968" VPOS="1110" WIDTH="43" HEIGHT="26" WC="0.96" CONTENT="mig"/>
						</TextLine>
						<TextLine ID="line_31" HPOS="182" VPOS="1138" WIDTH="829" HEIGHT="28">
							<String ID="string_310" HPOS="182" VPOS="1138" WIDTH="119" HEIGHT="26" WC="0.96" CONTENT="föreslagna"/><SP WIDTH="24" VPOS="1138" HPOS="301"/>
							<String ID="string_311" HPOS="325" VPOS="1139" WIDTH="59" HEIGHT="21" WC="0.93" CONTENT="ordet"/><SP WIDTH="24" VPOS="1139" HPOS="384"/>
							<String ID="string_312" HPOS="408" VPOS="1140" WIDTH="85" HEIGHT="25" WC="0.89" CONTENT="»högst»"/><SP WIDTH="25" VPOS="1140" HPOS="493"/>
							<String ID="string_313" HPOS="518" VPOS="1140" WIDTH="46" HEIGHT="19" WC="0.96" CONTENT="icke"/><SP WIDTH="24" VPOS="1140" HPOS="564"/>
							<String ID="string_314" HPOS="588" VPOS="1141" WIDTH="22" HEIGHT="19" WC="0.96" CONTENT="är"/><SP WIDTH="15" VPOS="1141" HPOS="610"/>
							<String ID="string_315" HPOS="625" VPOS="1140" WIDTH="23" HEIGHT="19" WC="0.96" CONTENT="så"/><SP WIDTH="15" VPOS="1140" HPOS="648"/>
							<String ID="string_316" HPOS="663" VPOS="1139" WIDTH="113" HEIGHT="27" WC="0.96" CONTENT="oskyldigt,"/><SP WIDTH="16" VPOS="1139" HPOS="776"/>
							<String ID="string_317" HPOS="792" VPOS="1139" WIDTH="47" HEIGHT="21" WC="0.96" CONTENT="icke"/><SP WIDTH="16" VPOS="1139" HPOS="839"/>
							<String ID="string_318" HPOS="855" VPOS="1139" WIDTH="24" HEIGHT="20" WC="0.96" CONTENT="så"/><SP WIDTH="15" VPOS="1139" HPOS="879"/>
							<String ID="string_319" HPOS="894" VPOS="1138" WIDTH="117" HEIGHT="27" WC="0.96" CONTENT="obetydligt"/>
						</TextLine>
						<TextLine ID="line_32" HPOS="183" VPOS="1167" WIDTH="828" HEIGHT="28">
							<String ID="string_320" HPOS="183" VPOS="1173" WIDTH="44" HEIGHT="14" WC="0.96" CONTENT="som"/><SP WIDTH="25" VPOS="1173" HPOS="227"/>
							<String ID="string_321" HPOS="252" VPOS="1167" WIDTH="40" HEIGHT="21" WC="0.95" CONTENT="den"/><SP WIDTH="24" VPOS="1167" HPOS="292"/>
							<String ID="string_322" HPOS="316" VPOS="1170" WIDTH="83" HEIGHT="18" WC="0.95" CONTENT="senaste"/><SP WIDTH="23" VPOS="1170" HPOS="399"/>
							<String ID="string_323" HPOS="422" VPOS="1168" WIDTH="62" HEIGHT="20" WC="0.96" CONTENT="ärade"/><SP WIDTH="24" VPOS="1168" HPOS="484"/>
							<String ID="string_324" HPOS="508" VPOS="1168" WIDTH="79" HEIGHT="20" WC="0.96" CONTENT="talaren"/><SP WIDTH="23" VPOS="1168" HPOS="587"/>
							<String ID="string_325" HPOS="610" VPOS="1168" WIDTH="55" HEIGHT="20" WC="0.95" CONTENT="velat"/><SP WIDTH="15" VPOS="1168" HPOS="665"/>
							<String ID="string_326" HPOS="680" VPOS="1170" WIDTH="50" HEIGHT="25" WC="0.96" CONTENT="göra"/><SP WIDTH="16" VPOS="1170" HPOS="730"/>
							<String ID="string_327" HPOS="746" VPOS="1168" WIDTH="77" HEIGHT="24" WC="0.96" CONTENT="troligt."/><SP WIDTH="32" VPOS="1168" HPOS="823"/>
							<String ID="string_328" HPOS="855" VPOS="1167" WIDTH="48" HEIGHT="21" WC="0.96" CONTENT="Men"/><SP WIDTH="17" VPOS="1167" HPOS="903"/>
							<String ID="string_329" HPOS="920" VPOS="1167" WIDTH="53" HEIGHT="21" WC="0.96" CONTENT="dock"/><SP WIDTH="16" VPOS="1167" HPOS="973"/>
							<String ID="string_330" HPOS="989" VPOS="1170" WIDTH="22" HEIGHT="17" WC="0.96" CONTENT="är"/>
						</TextLine>
						<TextLine ID="line_33" HPOS="184" VPOS="1195" WIDTH="826" HEIGHT="28">
							<String ID="string_331" HPOS="184" VPOS="1195" WIDTH="34" HEIGHT="21" WC="0.96" CONTENT="det"/><SP WIDTH="14" VPOS="1195" HPOS="218"/>
							<String ID="string_332" HPOS="232" VPOS="1196" WIDTH="48" HEIGHT="20" WC="0.95" CONTENT="icke"/><SP WIDTH="16" VPOS="1196" HPOS="280"/>
							<String ID="string_333" HPOS="296" VPOS="1196" WIDTH="66" HEIGHT="20" WC="0.96" CONTENT="häller"/><SP WIDTH="15" VPOS="1196" HPOS="362"/>
							<String ID="string_334" HPOS="377" VPOS="1196" WIDTH="22" HEIGHT="20" WC="0.96" CONTENT="så"/><SP WIDTH="16" VPOS="1196" HPOS="399"/>
							<String ID="string_335" HPOS="415" VPOS="1196" WIDTH="70" HEIGHT="25" WC="0.96" CONTENT="farligt"/><SP WIDTH="15" VPOS="1196" HPOS="485"/>
							<String ID="string_336" HPOS="500" VPOS="1203" WIDTH="44" HEIGHT="13" WC="0.96" CONTENT="som"/><SP WIDTH="17" VPOS="1203" HPOS="544"/>
							<String ID="string_337" HPOS="561" VPOS="1197" WIDTH="24" HEIGHT="19" WC="0.93" CONTENT="hr"/><SP WIDTH="15" VPOS="1197" HPOS="585"/>
							<String ID="string_338" HPOS="600" VPOS="1196" WIDTH="77" HEIGHT="21" WC="0.90" CONTENT="Heikel"/><SP WIDTH="16" VPOS="1196" HPOS="677"/>
							<String ID="string_339" HPOS="693" VPOS="1196" WIDTH="79" HEIGHT="27" WC="0.92" CONTENT="antydt."/><SP WIDTH="24" VPOS="1196" HPOS="772"/>
							<String ID="string_340" HPOS="796" VPOS="1196" WIDTH="30" HEIGHT="26" WC="0.96" CONTENT="Ty"/><SP WIDTH="18" VPOS="1196" HPOS="826"/>
							<String ID="string_341" HPOS="844" VPOS="1196" WIDTH="67" HEIGHT="20" WC="0.96" CONTENT="under"/><SP WIDTH="17" VPOS="1196" HPOS="911"/>
							<String ID="string_342" HPOS="928" VPOS="1196" WIDTH="25" HEIGHT="20" WC="0.91" CONTENT="12"/><SP WIDTH="12" VPOS="1196" HPOS="953"/>
							<String ID="string_343" HPOS="965" VPOS="1196" WIDTH="45" HEIGHT="20" WC="0.91" CONTENT="mil-"/>
						</TextLine>
						<TextLine ID="line_34" HPOS="182" VPOS="1224" WIDTH="828" HEIGHT="28">
							<String ID="string_344" HPOS="182" VPOS="1224" WIDTH="60" HEIGHT="26" WC="0.96" CONTENT="joner"/><SP WIDTH="17" VPOS="1224" HPOS="242"/>
							<String ID="string_345" HPOS="259" VPOS="1224" WIDTH="41" HEIGHT="20" WC="0.96" CONTENT="kan"/><SP WIDTH="17" VPOS="1224" HPOS="300"/>
							<String ID="string_346" HPOS="317" VPOS="1231" WIDTH="46" HEIGHT="14" WC="0.96" CONTENT="man"/><SP WIDTH="17" VPOS="1231" HPOS="363"/>
							<String ID="string_347" HPOS="380" VPOS="1225" WIDTH="53" HEIGHT="20" WC="0.96" CONTENT="dock"/><SP WIDTH="17" VPOS="1225" HPOS="433"/>
							<String ID="string_348" HPOS="450" VPOS="1226" WIDTH="45" HEIGHT="20" WC="0.96" CONTENT="icke"/><SP WIDTH="16" VPOS="1226" HPOS="495"/>
							<String ID="string_349" HPOS="511" VPOS="1225" WIDTH="31" HEIGHT="27" WC="0.95" CONTENT="gå,"/><SP WIDTH="17" VPOS="1225" HPOS="542"/>
							<String ID="string_350" HPOS="559" VPOS="1225" WIDTH="38" HEIGHT="20" WC="0.96" CONTENT="och"/><SP WIDTH="16" VPOS="1225" HPOS="597"/>
							<String ID="string_351" HPOS="613" VPOS="1225" WIDTH="48" HEIGHT="20" WC="0.96" CONTENT="med"/><SP WIDTH="17" VPOS="1225" HPOS="661"/>
							<String ID="string_352" HPOS="678" VPOS="1225" WIDTH="60" HEIGHT="20" WC="0.96" CONTENT="dessa"/><SP WIDTH="17" VPOS="1225" HPOS="738"/>
							<String ID="string_353" HPOS="755" VPOS="1225" WIDTH="26" HEIGHT="20" WC="0.96" CONTENT="12"/><SP WIDTH="17" VPOS="1225" HPOS="781"/>
							<String ID="string_354" HPOS="798" VPOS="1225" WIDTH="99" HEIGHT="26" WC="0.96" CONTENT="miljoner"/><SP WIDTH="15" VPOS="1225" HPOS="897"/>
							<String ID="string_355" HPOS="912" VPOS="1224" WIDTH="62" HEIGHT="26" WC="0.96" CONTENT="fyllas"/><SP WIDTH="13" VPOS="1224" HPOS="974"/>
							<String ID="string_356" HPOS="987" VPOS="1225" WIDTH="23" HEIGHT="26" WC="0.96" CONTENT="ju"/>
						</TextLine>
						<TextLine ID="line_35" HPOS="183" VPOS="1252" WIDTH="827" HEIGHT="28">
							<String ID="string_357" HPOS="183" VPOS="1252" WIDTH="25" HEIGHT="20" WC="0.96" CONTENT="de"/><SP WIDTH="16" VPOS="1252" HPOS="208"/>
							<String ID="string_358" HPOS="224" VPOS="1253" WIDTH="75" HEIGHT="27" WC="0.95" CONTENT="anslag"/><SP WIDTH="15" VPOS="1253" HPOS="299"/>
							<String ID="string_359" HPOS="314" VPOS="1253" WIDTH="112" HEIGHT="21" WC="0.95" CONTENT="ständerna"/><SP WIDTH="16" VPOS="1253" HPOS="426"/>
							<String ID="string_360" HPOS="442" VPOS="1254" WIDTH="32" HEIGHT="20" WC="0.96" CONTENT="för"/><SP WIDTH="15" VPOS="1254" HPOS="474"/>
							<String ID="string_361" HPOS="489" VPOS="1254" WIDTH="69" HEIGHT="20" WC="0.96" CONTENT="denna"/><SP WIDTH="17" VPOS="1254" HPOS="558"/>
							<String ID="string_362" HPOS="575" VPOS="1254" WIDTH="72" HEIGHT="26" WC="0.95" CONTENT="period"/><SP WIDTH="16" VPOS="1254" HPOS="647"/>
							<String ID="string_363" HPOS="663" VPOS="1254" WIDTH="90" HEIGHT="26" WC="0.94" CONTENT="beviljat."/><SP WIDTH="24" VPOS="1254" HPOS="753"/>
							<String ID="string_364" HPOS="777" VPOS="1253" WIDTH="38" HEIGHT="21" WC="0.96" CONTENT="Alt"/><SP WIDTH="16" VPOS="1253" HPOS="815"/>
							<String ID="string_365" HPOS="831" VPOS="1253" WIDTH="54" HEIGHT="20" WC="0.96" CONTENT="hvad"/><SP WIDTH="16" VPOS="1253" HPOS="885"/>
							<String ID="string_366" HPOS="901" VPOS="1253" WIDTH="24" HEIGHT="20" WC="0.91" CONTENT="hr"/><SP WIDTH="9" VPOS="1253" HPOS="925"/>
							<String ID="string_367" HPOS="934" VPOS="1252" WIDTH="76" HEIGHT="21" WC="0.91" CONTENT="Heikel"/>
						</TextLine>
						<TextLine ID="line_36" HPOS="182" VPOS="1280" WIDTH="829" HEIGHT="28">
							<String ID="string_368" HPOS="182" VPOS="1280" WIDTH="38" HEIGHT="21" WC="0.96" CONTENT="har"/><SP WIDTH="24" VPOS="1280" HPOS="220"/>
							<String ID="string_369" HPOS="244" VPOS="1284" WIDTH="47" HEIGHT="24" WC="0.96" CONTENT="sagt"/><SP WIDTH="24" VPOS="1284" HPOS="291"/>
							<String ID="string_370" HPOS="315" VPOS="1284" WIDTH="23" HEIGHT="18" WC="0.94" CONTENT="är"/><SP WIDTH="24" VPOS="1284" HPOS="338"/>
							<String ID="string_371" HPOS="362" VPOS="1282" WIDTH="70" HEIGHT="26" WC="0.94" CONTENT="riktigt"/><SP WIDTH="22" VPOS="1282" HPOS="432"/>
							<String ID="string_372" HPOS="454" VPOS="1282" WIDTH="37" HEIGHT="21" WC="0.96" CONTENT="och"/><SP WIDTH="17" VPOS="1282" HPOS="491"/>
							<String ID="string_373" HPOS="508" VPOS="1283" WIDTH="32" HEIGHT="19" WC="0.96" CONTENT="för"/><SP WIDTH="16" VPOS="1283" HPOS="540"/>
							<String ID="string_374" HPOS="556" VPOS="1282" WIDTH="53" HEIGHT="23" WC="0.85" CONTENT="dem,"/><SP WIDTH="13" VPOS="1282" HPOS="609"/>
							<String ID="string_375" HPOS="622" VPOS="1288" WIDTH="45" HEIGHT="14" WC="0.85" CONTENT="som"/><SP WIDTH="16" VPOS="1288" HPOS="667"/>
							<String ID="string_376" HPOS="683" VPOS="1282" WIDTH="62" HEIGHT="21" WC="0.96" CONTENT="hafva"/><SP WIDTH="16" VPOS="1282" HPOS="745"/>
							<String ID="string_377" HPOS="761" VPOS="1285" WIDTH="30" HEIGHT="17" WC="0.93" CONTENT="att"/><SP WIDTH="16" VPOS="1285" HPOS="791"/>
							<String ID="string_378" HPOS="807" VPOS="1282" WIDTH="72" HEIGHT="26" WC="0.93" CONTENT="afgöra"/><SP WIDTH="16" VPOS="1282" HPOS="879"/>
							<String ID="string_379" HPOS="895" VPOS="1288" WIDTH="32" HEIGHT="14" WC="0.91" CONTENT="om"/><SP WIDTH="16" VPOS="1288" HPOS="927"/>
							<String ID="string_380" HPOS="943" VPOS="1281" WIDTH="68" HEIGHT="21" WC="0.91" CONTENT="lånets"/>
						</TextLine>
						<TextLine ID="line_37" HPOS="183" VPOS="1309" WIDTH="827" HEIGHT="28">
							<String ID="string_381" HPOS="183" VPOS="1310" WIDTH="139" HEIGHT="26" WC="0.96" CONTENT="upptagande,"/><SP WIDTH="23" VPOS="1310" HPOS="322"/>
							<String ID="string_382" HPOS="345" VPOS="1310" WIDTH="49" HEIGHT="21" WC="0.97" CONTENT="böra"/><SP WIDTH="32" VPOS="1310" HPOS="394"/>
							<String ID="string_383" HPOS="426" VPOS="1317" WIDTH="46" HEIGHT="14" WC="0.96" CONTENT="dessa"/><SP WIDTH="16" VPOS="1317" HPOS="472"/>
							<String ID="string_384" HPOS="488" VPOS="1311" WIDTH="20" HEIGHT="20" WC="0.96" CONTENT="af"/><SP WIDTH="16" VPOS="1311" HPOS="508"/>
							<String ID="string_385" HPOS="524" VPOS="1311" WIDTH="24" HEIGHT="19" WC="0.93" CONTENT="hr"/><SP WIDTH="15" VPOS="1311" HPOS="548"/>
							<String ID="string_386" HPOS="563" VPOS="1310" WIDTH="75" HEIGHT="21" WC="0.91" CONTENT="Heikel"/><SP WIDTH="17" VPOS="1310" HPOS="638"/>
							<String ID="string_387" HPOS="655" VPOS="1311" WIDTH="126" HEIGHT="20" WC="0.91" CONTENT="framhållna"/><SP WIDTH="16" VPOS="1311" HPOS="781"/>
							<String ID="string_388" HPOS="797" VPOS="1310" WIDTH="132" HEIGHT="27" WC="0.96" CONTENT="synpunkter"/><SP WIDTH="16" VPOS="1310" HPOS="929"/>
							<String ID="string_389" HPOS="945" VPOS="1309" WIDTH="65" HEIGHT="27" WC="0.96" CONTENT="enligt"/>
						</TextLine>
						<TextLine ID="line_38" HPOS="182" VPOS="1338" WIDTH="827" HEIGHT="28">
							<String ID="string_390" HPOS="182" VPOS="1338" WIDTH="42" HEIGHT="20" WC="0.96" CONTENT="min"/><SP WIDTH="26" VPOS="1338" HPOS="224"/>
							<String ID="string_391" HPOS="250" VPOS="1339" WIDTH="134" HEIGHT="27" WC="0.95" CONTENT="uppfattning"/><SP WIDTH="23" VPOS="1339" HPOS="384"/>
							<String ID="string_392" HPOS="407" VPOS="1346" WIDTH="49" HEIGHT="13" WC="0.96" CONTENT="vara"/><SP WIDTH="30" VPOS="1346" HPOS="456"/>
							<String ID="string_393" HPOS="486" VPOS="1345" WIDTH="11" HEIGHT="15" WC="0.95" CONTENT="de"/><SP WIDTH="16" VPOS="1345" HPOS="497"/>
							<String ID="string_394" HPOS="513" VPOS="1339" WIDTH="95" HEIGHT="21" WC="0.95" CONTENT="ledande."/><SP WIDTH="31" VPOS="1339" HPOS="608"/>
							<String ID="string_395" HPOS="639" VPOS="1339" WIDTH="48" HEIGHT="21" WC="0.95" CONTENT="Men"/><SP WIDTH="18" VPOS="1339" HPOS="687"/>
							<String ID="string_396" HPOS="705" VPOS="1340" WIDTH="34" HEIGHT="20" WC="0.96" CONTENT="det"/><SP WIDTH="17" VPOS="1340" HPOS="739"/>
							<String ID="string_397" HPOS="756" VPOS="1339" WIDTH="40" HEIGHT="20" WC="0.96" CONTENT="kan"/><SP WIDTH="18" VPOS="1339" HPOS="796"/>
							<String ID="string_398" HPOS="814" VPOS="1339" WIDTH="53" HEIGHT="20" WC="0.96" CONTENT="dock"/><SP WIDTH="16" VPOS="1339" HPOS="867"/>
							<String ID="string_399" HPOS="883" VPOS="1338" WIDTH="46" HEIGHT="21" WC="0.96" CONTENT="icke"/><SP WIDTH="16" VPOS="1338" HPOS="929"/>
							<String ID="string_400" HPOS="945" VPOS="1339" WIDTH="64" HEIGHT="20" WC="0.96" CONTENT="nekas"/>
						</TextLine>
						<TextLine ID="line_39" HPOS="181" VPOS="1367" WIDTH="828" HEIGHT="27">
							<String ID="string_401" HPOS="181" VPOS="1368" WIDTH="30" HEIGHT="19" WC="0.96" CONTENT="att"/><SP WIDTH="24" VPOS="1368" HPOS="211"/>
							<String ID="string_402" HPOS="235" VPOS="1367" WIDTH="25" HEIGHT="24" WC="0.96" CONTENT="vi,"/><SP WIDTH="25" VPOS="1367" HPOS="260"/>
							<String ID="string_403" HPOS="285" VPOS="1374" WIDTH="33" HEIGHT="13" WC="0.96" CONTENT="om"/><SP WIDTH="25" VPOS="1374" HPOS="318"/>
							<String ID="string_404" HPOS="343" VPOS="1368" WIDTH="18" HEIGHT="19" WC="0.93" CONTENT="vi"/><SP WIDTH="23" VPOS="1368" HPOS="361"/>
							<String ID="string_405" HPOS="384" VPOS="1371" WIDTH="91" HEIGHT="23" WC="0.92" CONTENT="upptaga"/><SP WIDTH="21" VPOS="1371" HPOS="475"/>
							<String ID="string_406" HPOS="496" VPOS="1371" WIDTH="29" HEIGHT="17" WC="0.96" CONTENT="ett"/><SP WIDTH="15" VPOS="1371" HPOS="525"/>
							<String ID="string_407" HPOS="540" VPOS="1370" WIDTH="66" HEIGHT="18" WC="0.96" CONTENT="större"/><SP WIDTH="19" VPOS="1370" HPOS="606"/>
							<String ID="string_408" HPOS="625" VPOS="1368" WIDTH="34" HEIGHT="20" WC="0.96" CONTENT="lån"/><SP WIDTH="16" VPOS="1368" HPOS="659"/>
							<String ID="string_409" HPOS="675" VPOS="1370" WIDTH="26" HEIGHT="18" WC="0.96" CONTENT="än"/><SP WIDTH="17" VPOS="1370" HPOS="701"/>
							<String ID="string_410" HPOS="718" VPOS="1368" WIDTH="40" HEIGHT="20" WC="0.96" CONTENT="den"/><SP WIDTH="18" VPOS="1368" HPOS="758"/>
							<String ID="string_411" HPOS="776" VPOS="1369" WIDTH="106" HEIGHT="19" WC="0.96" CONTENT="närmaste"/><SP WIDTH="16" VPOS="1369" HPOS="882"/>
							<String ID="string_412" HPOS="898" VPOS="1367" WIDTH="111" HEIGHT="27" WC="0.96" CONTENT="periodens"/>
						</TextLine>
						<TextLine ID="line_40" HPOS="181" VPOS="1396" WIDTH="828" HEIGHT="27">
							<String ID="string_413" HPOS="181" VPOS="1396" WIDTH="88" HEIGHT="25" WC="0.92" CONTENT="utgifter"/><SP WIDTH="23" VPOS="1396" HPOS="269"/>
							<String ID="string_414" HPOS="292" VPOS="1396" WIDTH="77" HEIGHT="23" WC="0.91" CONTENT="kräfva,"/><SP WIDTH="23" VPOS="1396" HPOS="369"/>
							<String ID="string_415" HPOS="392" VPOS="1396" WIDTH="26" HEIGHT="25" WC="0.92" CONTENT="gå"/><SP WIDTH="22" VPOS="1396" HPOS="418"/>
							<String ID="string_416" HPOS="440" VPOS="1398" WIDTH="82" HEIGHT="18" WC="0.92" CONTENT="utöfver"/><SP WIDTH="23" VPOS="1398" HPOS="522"/>
							<String ID="string_417" HPOS="545" VPOS="1396" WIDTH="54" HEIGHT="20" WC="0.96" CONTENT="hvad"/><SP WIDTH="16" VPOS="1396" HPOS="599"/>
							<String ID="string_418" HPOS="615" VPOS="1402" WIDTH="46" HEIGHT="14" WC="0.96" CONTENT="som"/><SP WIDTH="16" VPOS="1402" HPOS="661"/>
							<String ID="string_419" HPOS="677" VPOS="1396" WIDTH="121" HEIGHT="27" WC="0.96" CONTENT="egentligen"/><SP WIDTH="15" VPOS="1396" HPOS="798"/>
							<String ID="string_420" HPOS="813" VPOS="1396" WIDTH="38" HEIGHT="20" WC="0.96" CONTENT="hör"/><SP WIDTH="16" VPOS="1396" HPOS="851"/>
							<String ID="string_421" HPOS="867" VPOS="1396" WIDTH="31" HEIGHT="20" WC="0.96" CONTENT="till"/><SP WIDTH="17" VPOS="1396" HPOS="898"/>
							<String ID="string_422" HPOS="915" VPOS="1396" WIDTH="36" HEIGHT="20" WC="0.93" CONTENT="vår"/><SP WIDTH="15" VPOS="1396" HPOS="951"/>
							<String ID="string_423" HPOS="966" VPOS="1402" WIDTH="43" HEIGHT="14" WC="0.93" CONTENT="om-"/>
						</TextLine>
						<TextLine ID="line_41" HPOS="181" VPOS="1424" WIDTH="828" HEIGHT="27">
							<String ID="string_424" HPOS="181" VPOS="1429" WIDTH="53" HEIGHT="21" WC="0.95" CONTENT="sorg."/><SP WIDTH="24" VPOS="1429" HPOS="234"/>
							<String ID="string_425" HPOS="258" VPOS="1424" WIDTH="42" HEIGHT="27" WC="0.96" CONTENT="Jag"/><SP WIDTH="16" VPOS="1424" HPOS="300"/>
							<String ID="string_426" HPOS="316" VPOS="1424" WIDTH="35" HEIGHT="20" WC="0.95" CONTENT="vill"/><SP WIDTH="16" VPOS="1424" HPOS="351"/>
							<String ID="string_427" HPOS="367" VPOS="1425" WIDTH="109" HEIGHT="20" WC="0.93" CONTENT="emellertid"/><SP WIDTH="25" VPOS="1425" HPOS="476"/>
							<String ID="string_428" HPOS="501" VPOS="1425" WIDTH="106" HEIGHT="25" WC="0.92" CONTENT="medgifva"/><SP WIDTH="15" VPOS="1425" HPOS="607"/>
							<String ID="string_429" HPOS="622" VPOS="1427" WIDTH="30" HEIGHT="18" WC="0.96" CONTENT="att"/><SP WIDTH="15" VPOS="1427" HPOS="652"/>
							<String ID="string_430" HPOS="667" VPOS="1425" WIDTH="46" HEIGHT="21" WC="0.96" CONTENT="mitt"/><SP WIDTH="16" VPOS="1425" HPOS="713"/>
							<String ID="string_431" HPOS="729" VPOS="1424" WIDTH="80" HEIGHT="26" WC="0.96" CONTENT="förslag"/><SP WIDTH="16" VPOS="1424" HPOS="809"/>
							<String ID="string_432" HPOS="825" VPOS="1430" WIDTH="33" HEIGHT="14" WC="0.92" CONTENT="om"/><SP WIDTH="17" VPOS="1430" HPOS="858"/>
							<String ID="string_433" HPOS="875" VPOS="1424" WIDTH="134" HEIGHT="26" WC="0.91" CONTENT="inskjutande"/>
						</TextLine>
						<TextLine ID="line_42" HPOS="181" VPOS="1452" WIDTH="829" HEIGHT="28">
							<String ID="string_434" HPOS="181" VPOS="1452" WIDTH="21" HEIGHT="20" WC="0.96" CONTENT="af"/><SP WIDTH="25" VPOS="1452" HPOS="202"/>
							<String ID="string_435" HPOS="227" VPOS="1452" WIDTH="60" HEIGHT="21" WC="0.93" CONTENT="ordet"/><SP WIDTH="29" VPOS="1452" HPOS="287"/>
							<String ID="string_436" HPOS="316" VPOS="1453" WIDTH="84" HEIGHT="27" WC="0.88" CONTENT="»högst&gt;"/><SP WIDTH="26" VPOS="1453" HPOS="400"/>
							<String ID="string_437" HPOS="426" VPOS="1454" WIDTH="40" HEIGHT="20" WC="0.96" CONTENT="kan"/><SP WIDTH="23" VPOS="1454" HPOS="466"/>
							<String ID="string_438" HPOS="489" VPOS="1453" WIDTH="102" HEIGHT="21" WC="0.96" CONTENT="innebära"/><SP WIDTH="16" VPOS="1453" HPOS="591"/>
							<String ID="string_439" HPOS="607" VPOS="1454" WIDTH="162" HEIGHT="25" WC="0.96" CONTENT="konsekvenser,"/><SP WIDTH="17" VPOS="1454" HPOS="769"/>
							<String ID="string_440" HPOS="786" VPOS="1460" WIDTH="45" HEIGHT="13" WC="0.96" CONTENT="som"/><SP WIDTH="18" VPOS="1460" HPOS="831"/>
							<String ID="string_441" HPOS="849" VPOS="1452" WIDTH="34" HEIGHT="21" WC="0.96" CONTENT="det"/><SP WIDTH="16" VPOS="1452" HPOS="883"/>
							<String ID="string_442" HPOS="899" VPOS="1459" WIDTH="49" HEIGHT="14" WC="0.96" CONTENT="vore"/><SP WIDTH="16" VPOS="1459" HPOS="948"/>
							<String ID="string_443" HPOS="964" VPOS="1453" WIDTH="46" HEIGHT="20" WC="0.96" CONTENT="bäst"/>
						</TextLine>
						<TextLine ID="line_43" HPOS="180" VPOS="1481" WIDTH="829" HEIGHT="27">
							<String ID="string_444" HPOS="180" VPOS="1482" WIDTH="30" HEIGHT="18" WC="0.96" CONTENT="att"/><SP WIDTH="25" VPOS="1482" HPOS="210"/>
							<String ID="string_445" HPOS="235" VPOS="1481" WIDTH="99" HEIGHT="24" WC="0.95" CONTENT="undvika,"/><SP WIDTH="26" VPOS="1481" HPOS="334"/>
							<String ID="string_446" HPOS="360" VPOS="1482" WIDTH="40" HEIGHT="20" WC="0.96" CONTENT="och"/><SP WIDTH="22" VPOS="1482" HPOS="400"/>
							<String ID="string_447" HPOS="422" VPOS="1482" WIDTH="35" HEIGHT="26" WC="0.96" CONTENT="jag"/><SP WIDTH="27" VPOS="1482" HPOS="457"/>
							<String ID="string_448" HPOS="484" VPOS="1488" WIDTH="34" HEIGHT="14" WC="0.95" CONTENT="ber"/><SP WIDTH="15" VPOS="1488" HPOS="518"/>
							<String ID="string_449" HPOS="533" VPOS="1482" WIDTH="74" HEIGHT="20" WC="0.96" CONTENT="endast"/><SP WIDTH="16" VPOS="1482" HPOS="607"/>
							<String ID="string_450" HPOS="623" VPOS="1484" WIDTH="29" HEIGHT="18" WC="0.96" CONTENT="att"/><SP WIDTH="15" VPOS="1484" HPOS="652"/>
							<String ID="string_451" HPOS="667" VPOS="1483" WIDTH="43" HEIGHT="25" WC="0.96" CONTENT="mig"/><SP WIDTH="16" VPOS="1483" HPOS="710"/>
							<String ID="string_452" HPOS="726" VPOS="1482" WIDTH="31" HEIGHT="20" WC="0.96" CONTENT="till"/><SP WIDTH="18" VPOS="1482" HPOS="757"/>
							<String ID="string_453" HPOS="775" VPOS="1482" WIDTH="72" HEIGHT="20" WC="0.96" CONTENT="ursäkt"/><SP WIDTH="16" VPOS="1482" HPOS="847"/>
							<String ID="string_454" HPOS="863" VPOS="1481" WIDTH="20" HEIGHT="20" WC="0.96" CONTENT="få"/><SP WIDTH="16" VPOS="1481" HPOS="883"/>
							<String ID="string_455" HPOS="899" VPOS="1481" WIDTH="110" HEIGHT="20" WC="0.95" CONTENT="framhålla"/>
						</TextLine>
						<TextLine ID="line_44" HPOS="180" VPOS="1509" WIDTH="829" HEIGHT="28">
							<String ID="string_456" HPOS="180" VPOS="1511" WIDTH="35" HEIGHT="20" WC="0.95" CONTENT="att,"/><SP WIDTH="17" VPOS="1511" HPOS="215"/>
							<String ID="string_457" HPOS="232" VPOS="1509" WIDTH="27" HEIGHT="20" WC="0.96" CONTENT="då"/><SP WIDTH="16" VPOS="1509" HPOS="259"/>
							<String ID="string_458" HPOS="275" VPOS="1516" WIDTH="47" HEIGHT="14" WC="0.92" CONTENT="man"/><SP WIDTH="17" VPOS="1516" HPOS="322"/>
							<String ID="string_459" HPOS="339" VPOS="1512" WIDTH="116" HEIGHT="25" WC="0.90" CONTENT="emottager"/><SP WIDTH="15" VPOS="1512" HPOS="455"/>
							<String ID="string_460" HPOS="470" VPOS="1513" WIDTH="29" HEIGHT="18" WC="0.96" CONTENT="ett"/><SP WIDTH="12" VPOS="1513" HPOS="499"/>
							<String ID="string_461" HPOS="511" VPOS="1510" WIDTH="23" HEIGHT="20" WC="0.96" CONTENT="så"/><SP WIDTH="8" VPOS="1510" HPOS="534"/>
							<String ID="string_462" HPOS="542" VPOS="1517" WIDTH="47" HEIGHT="20" WC="0.96" CONTENT="pass"/><SP WIDTH="10" VPOS="1517" HPOS="589"/>
							<String ID="string_463" HPOS="599" VPOS="1510" WIDTH="74" HEIGHT="27" WC="0.96" CONTENT="viktigt"/><SP WIDTH="8" VPOS="1510" HPOS="673"/>
							<String ID="string_464" HPOS="681" VPOS="1510" WIDTH="135" HEIGHT="21" WC="0.95" CONTENT="betänkande"/><SP WIDTH="9" VPOS="1510" HPOS="816"/>
							<String ID="string_465" HPOS="825" VPOS="1516" WIDTH="45" HEIGHT="14" WC="0.96" CONTENT="som"/><SP WIDTH="9" VPOS="1516" HPOS="870"/>
							<String ID="string_466" HPOS="879" VPOS="1510" WIDTH="56" HEIGHT="20" WC="0.96" CONTENT="detta"/><SP WIDTH="9" VPOS="1510" HPOS="935"/>
							<String ID="string_467" HPOS="944" VPOS="1510" WIDTH="65" HEIGHT="26" WC="0.96" CONTENT="några"/>
						</TextLine>
						<TextLine ID="line_45" HPOS="179" VPOS="1538" WIDTH="830" HEIGHT="28">
							<String ID="string_468" HPOS="179" VPOS="1538" WIDTH="94" HEIGHT="20" WC="0.96" CONTENT="minuter"/><SP WIDTH="15" VPOS="1538" HPOS="273"/>
							<String ID="string_469" HPOS="288" VPOS="1538" WIDTH="42" HEIGHT="21" WC="0.96" CONTENT="förr"/><SP WIDTH="15" VPOS="1538" HPOS="330"/>
							<String ID="string_470" HPOS="345" VPOS="1540" WIDTH="25" HEIGHT="19" WC="0.96" CONTENT="än"/><SP WIDTH="18" VPOS="1540" HPOS="370"/>
							<String ID="string_471" HPOS="388" VPOS="1539" WIDTH="25" HEIGHT="20" WC="0.92" CONTENT="det"/><SP WIDTH="25" VPOS="1539" HPOS="413"/>
							<String ID="string_472" HPOS="438" VPOS="1539" WIDTH="134" HEIGHT="27" WC="0.92" CONTENT="handlägges,"/><SP WIDTH="16" VPOS="1539" HPOS="572"/>
							<String ID="string_473" HPOS="588" VPOS="1546" WIDTH="48" HEIGHT="13" WC="0.96" CONTENT="man"/><SP WIDTH="17" VPOS="1546" HPOS="636"/>
							<String ID="string_474" HPOS="653" VPOS="1539" WIDTH="46" HEIGHT="20" WC="0.96" CONTENT="icke"/><SP WIDTH="16" VPOS="1539" HPOS="699"/>
							<String ID="string_475" HPOS="715" VPOS="1540" WIDTH="37" HEIGHT="19" WC="0.96" CONTENT="har"/><SP WIDTH="16" VPOS="1540" HPOS="752"/>
							<String ID="string_476" HPOS="768" VPOS="1539" WIDTH="29" HEIGHT="21" WC="0.96" CONTENT="tid"/><SP WIDTH="18" VPOS="1539" HPOS="797"/>
							<String ID="string_477" HPOS="815" VPOS="1540" WIDTH="30" HEIGHT="19" WC="0.96" CONTENT="att"/><SP WIDTH="15" VPOS="1540" HPOS="845"/>
							<String ID="string_478" HPOS="860" VPOS="1538" WIDTH="63" HEIGHT="20" WC="0.96" CONTENT="tänka"/><SP WIDTH="11" VPOS="1538" HPOS="923"/>
							<String ID="string_479" HPOS="934" VPOS="1538" WIDTH="26" HEIGHT="27" WC="0.92" CONTENT="på"/><SP WIDTH="7" VPOS="1538" HPOS="960"/>
							<String ID="string_480" HPOS="967" VPOS="1538" WIDTH="42" HEIGHT="20" WC="0.92" CONTENT="for-"/>
						</TextLine>
					</TextBlock>
				</ComposedBlock>
				<GraphicalElement ID="cblock_9" HPOS="480" VPOS="1199" WIDTH="6" HEIGHT="301"></GraphicalElement >
				<GraphicalElement ID="cblock_10" HPOS="418" VPOS="1226" WIDTH="11" HEIGHT="333"></GraphicalElement >
			</PrintSpace>
		</Page>
	</Layout>
</alto>
