1142 1773
217 127 55 20 1600
428 133 178 21 Borgareståndet
618 134 57 16 1894.
699 134 23 16 31
735 133 47 21 maj.

256 212 112 22 utskottets
391 212 134 21 betänkande
548 219 35 14 n:o
603 213 25 21 10
648 213 7 20 i
671 213 116 27 anledning
802 212 21 21 af
838 212 103 22 särskilda
956 213 59 20 inom

186 240 24 21 R.
234 247 18 14 o.
276 241 31 27 A.
329 241 97 27 borgare-
442 242 39 20 och
496 241 162 21 bondeständen
674 242 75 20 väckta
763 241 80 27 förslag
858 241 32 21 till
905 242 111 26 petitioner

187 276 35 13 om
239 270 275 27 prässangelägenheternas
530 270 108 21 ordnande
654 276 77 21 genom
747 270 78 20 allmän
838 270 39 27 lag.

257 446 55 21 Frän
334 447 107 21 allmänna
456 447 189 21 besvärsutskottet
659 447 54 21 hade
729 447 113 21 inkommit
857 454 26 14 en
900 446 115 27 skrifvelse,

188 476 79 21 hvarur
282 476 75 21 erfors:

259 507 30 18 att
306 505 194 26 ständerpluralitet
514 505 87 20 vunnits
616 505 33 20 för
664 505 97 26 samtliga
776 505 91 27 punkter
882 505 7 20 i
905 505 111 20 utskottets

189 533 79 27 förslag
283 533 31 20 till
330 533 206 27 sammanjämkning
552 533 19 20 af
587 533 100 21 ständens
703 533 119 27 skiljaktiga
838 533 69 21 beslut
922 533 7 20 i
945 532 71 21 anled-

189 562 53 26 ning
266 562 20 20 af
308 562 113 21 utskottets
437 562 131 21 betänkande
584 569 34 13 n:o
636 562 25 20 19
677 562 110 27 angående
804 562 18 27 ej
840 562 81 20 mindre
937 561 79 21 vården

189 590 22 21 af
226 591 26 20 de
268 597 76 20 genom
360 592 125 19 testamente
502 591 20 20 af
536 591 113 20 framlidne
665 591 104 20 medicine
785 591 121 20 licentiaten
921 590 95 21 Herman

189 618 90 21 Frithiof
301 619 73 20 Antell
397 619 100 20 Finlands
520 619 44 20 folk
582 619 98 21 tillfallna
695 622 76 24 mynt-,
787 619 136 26 antikvitets-,
939 619 77 26 konst-,

189 654 27 13 m.
239 647 21 20 fl.
277 647 121 28 samlingar,
413 650 25 18 än
456 648 38 20 ock
510 648 102 20 särskilda
627 648 7 20 i
649 647 24 21 R.
690 654 17 14 o.
723 648 32 27 A.,
770 650 79 25 präste-
865 648 39 21 och
920 647 96 26 borgare-

190 676 90 20 stånden
304 677 74 20 väckta
400 676 178 27 petitionsförslag
601 683 34 14 om
659 676 130 27 uppförande
811 677 22 20 af
848 675 168 28 museibyggnad

190 704 58 21 såväl
271 705 32 20 för
327 705 26 20 de
375 705 112 21 Antellska
504 705 143 27 samlingarna
663 711 45 14 som
723 705 33 20 för
770 707 80 19 statens
866 704 150 27 arkeologiska,

189 733 113 21 historiska
318 734 39 20 och
373 733 141 28 etnografiska
530 733 125 28 samlingar;
671 735 55 19 samt

259 764 30 18 att
311 762 27 20 dä
360 763 154 20 statsutskottet
533 762 64 21 redan
614 763 72 20 variti
702 762 82 21 tillfälle
801 764 30 19 att
846 761 128 22 beträffande
990 761 26 21 de

189 790 77 27 medel,
290 797 44 14 som
357 791 66 20 borde
443 791 71 20 ställas
527 791 31 20 till
574 791 157 26 delegationens
747 791 131 27 förfogande,
893 792 55 25 yttra
963 790 32 27 sig
1009 789 8 20 i

190 819 35 20 sitt
241 819 79 26 förslag
334 819 32 20 till
382 819 205 27 sammanjämkning
603 819 21 21 af
637 820 25 20 de
674 819 120 27 skiljaktiga
807 819 73 26 beslut,
891 819 59 20 hvari
961 819 56 20 stän-

190 847 42 20 den
252 849 86 19 stannat
352 848 35 20 vid
404 848 154 27 behandlingen
575 848 21 20 af
611 848 48 21 dess
675 848 133 21 betänkande
824 855 34 13 n:o
875 848 26 20 12
917 847 48 21 med
981 853 36 14 an-

189 875 89 28 ledning
294 876 20 21 af
329 876 77 28 nädiga
421 877 155 27 propositionen
593 883 34 14 n:o
645 877 26 21 23
685 877 109 26 angäende
805 877 26 20 de
843 877 34 20 vid
888 876 129 27 landtdagen

190 904 24 21 är
236 905 56 20 1894
313 905 78 21 äskade
414 906 73 26 anslag
508 906 32 20 för
555 906 130 20 betäckande
701 906 21 20 af
737 905 232 27 landtdagskostnader,
985 905 32 20 för

190 933 156 21 folkskolornas
368 934 7 20 i
393 934 73 20 landet
481 934 110 20 underhäll
608 934 39 20 och
662 934 33 20 för
709 934 68 20 finska
793 934 103 20 militären
914 936 53 18 samt
983 940 34 14 om

190 963 118 26 utvägarna
328 962 32 21 till
379 962 61 21 deras
456 962 139 28 bestridande,
611 962 88 22 ärendet
713 963 46 20 icke
775 962 110 27 päkallade
902 962 69 27 nägon
987 962 30 20 vi-

190 990 50 21 dare
257 990 72 28 ätgärd
344 990 47 21 frän
408 991 77 21 nämda
501 991 90 21 utskotts
606 992 51 20 sida.

260 1178 32 21 Ur
306 1180 78 19 tvänne
399 1178 46 21 från
461 1179 43 27 lag-
520 1179 39 21 och
575 1179 201 21 ekonomiutskottet
786 1178 101 21 inkomna
897 1178 121 21 skrifvelser

189 1206 144 22 inhämtades:

260 1237 30 19 att
305 1236 96 26 samtliga
417 1236 61 20 ständ
494 1236 93 26 godkänt
601 1236 112 20 utskottets
729 1235 134 21 betänkande
879 1242 35 14 n:o
927 1235 24 20 11
963 1235 7 19 i
981 1241 36 14 an-

189 1263 90 28 ledning
295 1264 21 20 af
330 1264 78 27 nädiga
423 1264 155 27 propositionen
595 1271 34 13 n:o
647 1265 26 19 22
690 1264 47 21 med
752 1264 80 27 förslag
848 1264 31 20 till
894 1263 124 27 förordning

190 1292 91 21 rörande
304 1292 85 28 inträng
411 1293 7 20 i
434 1294 38 19 och
488 1295 64 18 annat
568 1293 55 20 brott
638 1295 57 18 emot
709 1294 114 26 patenträtt
839 1294 54 19 samt
908 1298 34 14 om
958 1292 60 20 dom-

190 1320 40 21 stol
246 1321 40 20 och
302 1321 110 27 rättegäng
426 1322 7 19 i
449 1321 42 21 mäl
507 1328 33 14 om
556 1323 83 25 patent;
656 1323 54 19 samt
773 1336 6 2 =

260 1351 30 19 att
312 1350 192 26 ständerpluralitet
522 1350 62 20 äfven
600 1350 87 20 vunnits
703 1349 129 21 beträffande
847 1349 98 27 samtliga
960 1348 59 21 delar

190 1377 22 21 af
226 1378 114 20 utskottets
355 1378 133 21 betänkande
504 1385 34 14 n:o
555 1379 26 19 12
596 1378 7 20 i
616 1378 115 27 anledning
742 1378 21 20 af
774 1378 77 26 nådiga
861 1377 158 27 propositionen

190 1412 35 14 n:o
242 1406 27 20 29
285 1406 109 27 angående
410 1407 106 21 arbetares
531 1407 119 27 försäkring
665 1407 33 20 för
713 1406 112 28 olycksfall
841 1406 7 20 i
863 1406 86 21 arbetet.
