1142 1773
341 137 181 21 Borgareståndet
535 137 56 17 1894.
617 138 18 16 11
649 137 46 21 maj.
857 131 52 20 1021

113 220 48 24 nytt
173 216 297 28 sammanjämkningsförslag
485 217 7 20 i
508 216 121 21 hufvudsak
652 216 27 28 pä
700 216 23 21 R.
740 223 18 14 o.
773 216 39 21 A:s
827 218 54 19 samt
896 216 47 20 bor-

114 246 144 26 gareständets
274 245 74 21 beslut.
378 245 133 27 Härigenom
527 245 119 21 förhindras
665 245 102 21 utskottet
781 244 117 28 ingalunda
913 246 30 19 att

114 274 7 20 i
136 274 319 27 sammanjämkningsförslaget
476 274 79 20 föreslå
577 274 42 20 den
641 273 153 28 modifikation,
809 273 84 21 hvartill
909 275 33 19 ut-

113 302 79 22 skottet
206 303 32 20 för
254 302 105 21 vinnande
375 302 21 21 af
411 302 65 28 nödig
492 302 182 27 samstämmighet
690 302 91 21 emellan
797 302 89 21 ständen
901 302 42 20 kan

114 338 51 14 anse
180 331 46 21 skäl
241 330 136 25 förekomma,
394 331 68 21 ehuru
477 331 36 27 jag
528 331 33 21 för
576 331 44 20 min
637 331 34 21 del
686 331 47 21 icke
754 333 69 19 ansett
838 330 43 28 mig
897 330 46 20 här-

114 360 90 20 utinnan
219 359 52 21 böra
286 360 56 26 gifva
358 360 102 21 utskottet
476 359 70 27 nägon
562 359 159 27 fingervisning.

182 416 33 21 Hr
230 416 133 21 Jansson:
394 416 49 21 Med
460 416 116 27 anledning
591 416 22 21 af
628 416 25 20 hr
663 416 113 27 Nyberghs
787 416 108 21 uttalande
906 415 37 21 ber

114 446 36 27 jag
164 445 7 21 i
186 445 83 21 korthet
284 444 20 21 fä
320 447 55 25 yttra
398 445 35 21 det
448 446 56 27 hopp
524 447 30 19 att
569 444 202 22 rättsmedvetandet
792 445 38 20 hos
846 450 39 19 oss,
901 444 42 21 lika

115 474 23 21 sä
152 474 46 21 litet
214 480 45 15 som
282 474 36 21 det
340 474 82 21 fordrar
444 474 36 21 det
504 480 34 18 nu,
554 474 115 21 framdeles
684 473 52 22 skall
753 473 71 21 fordra
839 473 52 21 eller
905 479 38 15 ens

115 503 107 27 medgifva
244 502 220 21 straffbestämmelser
486 503 21 20 af
528 502 39 21 den
589 504 32 19 art
643 505 30 19 att
688 502 26 21 de
729 502 47 21 icke
791 502 107 21 innesluta
914 503 29 19 ett

115 531 118 27 minimum,
254 531 53 20 efter
322 531 80 21 hvilket
424 531 25 21 de
464 531 119 27 lindrigare
603 531 181 27 gestaltningarna
799 531 21 20 af
835 531 26 20 de
877 529 66 22 straff”

115 560 64 21 värda
194 559 154 27 handlingarna
363 560 73 21 kunna
452 560 95 27 skäligen
565 559 106 22 bedömas.
694 559 42 21 Det
751 561 23 19 är
785 561 45 19 mot
840 566 27 14 en
877 559 66 20 sädan

115 588 52 21 brist
181 588 7 20 i
204 588 134 27 lagförslaget
361 589 39 20 och
416 591 44 18 mot
483 588 194 27 upprätthällandet
699 589 40 20 och
754 587 154 22 vidblifvandet
922 587 21 21 af

115 617 70 20 denna
201 617 51 20 brist
267 617 7 20 i
290 617 122 27 detsamma,
428 623 45 15 som
489 617 37 27 jag
540 617 45 21 haft
600 619 51 18 äran
668 617 108 27 uppträda.

183 674 33 21 Hr
231 674 145 27 Nybergh:
406 674 42 28 Jag
463 675 38 20 ber
524 676 30 19 att
568 674 21 21 få
612 674 82 28 påpeka
709 676 30 19 att
754 674 88 21 orsaken
859 673 85 21 hvarför

115 703 35 26 jag
165 703 46 20 icke
226 703 101 20 förenade
342 703 44 27 mig
402 709 34 14 om
452 703 24 20 hr
491 703 102 21 Jusölius'
610 703 145 27 formulering,
771 703 65 20 sådan
847 703 25 20 hr
882 702 61 21 Jusö-

116 731 41 20 lius
172 738 29 14 nu
217 732 39 20 har
270 731 74 21 uttalat
360 732 46 26 den,
422 732 68 27 ligger
504 732 45 27 just
564 731 44 21 däri
625 734 30 19 att
669 732 35 27 jag
719 738 62 14 anser
796 733 30 19 att
837 731 106 26 utskottet,

116 759 7 21 i
138 759 100 22 händelse
254 760 24 21 hr
293 760 101 21 Jus6lius'
410 760 141 27 formulering
562 760 69 21 blefve
643 763 97 24 antagen,
751 766 50 15 vore
812 759 132 22 förhindradt

116 790 31 19 att
160 789 8 20 i
183 789 99 20 afseende
299 789 11 20 &
326 789 165 27 straffpäföljden
508 789 76 20 förlust
606 789 21 20 af
643 788 165 28 medborgerligt
823 787 120 22 förtroende

116 817 71 27 intaga
202 817 41 21 den
260 817 135 27 ståndpunkt,
410 817 13 21 å
438 817 87 21 hvilken
541 817 102 21 utskottet
659 824 30 13 nu
704 818 37 20 har
757 817 48 21 stält
821 817 32 27 sig
867 817 7 20 i
889 823 55 14 sam-

116 846 277 27 manjämkningsförslaget.
423 845 52 22 Däri
490 846 68 27 ligger
573 846 111 21 skilnaden
701 846 90 21 emellan
808 846 25 20 hr
842 844 101 23 Jusölius'

118 874 76 28 förslag
210 875 39 21 och
264 875 52 21 mitt.

185 932 70 20 Sedan
277 932 149 21 diskussionen
449 932 51 21 härä
522 932 113 21 förklarats
657 932 99 27 afslutad,
775 931 122 22 framstälde
919 932 25 20 hr

116 960 122 21 talmannen
254 960 32 21 till
302 961 51 21 först
368 961 94 27 följande
478 961 285 27 omröstningsproposition:

186 1017 38 27 De,
235 1017 74 21 hvilka
319 1017 72 21 säsom
407 1018 216 27 kontraproposition
640 1019 45 19 mot
700 1018 113 20 utskottets
827 1023 116 15 samman-

110 1046 216 27 Jjämkningsförslag
346 1046 55 28 vilja
416 1048 84 26 antaga
515 1046 27 21 hr
556 1046 110 21 Janssons
680 1046 90 27 förslag,
785 1047 60 20 rösta
855 1046 41 27 ja;
912 1045 31 27 de,

116 1074 36 21 det
166 1074 44 21 icke
226 1074 60 27 vilja,
302 1076 60 20 rösta
376 1075 49 27 nej;

184 1103 80 21 vinner
282 1103 42 27 nej,
340 1103 42 21 har
398 1103 177 28 borgareståndet
589 1103 10 21 i
613 1103 82 21 sådant
709 1103 100 28 afseende
824 1102 122 28 föredragit

116 1131 28 21 hr
158 1131 106 21 Jusélius”
279 1132 89 28 förslag.

186 1188 42 21 Vid
244 1188 82 22 anstäld
349 1189 98 27 votering
470 1188 96 28 afgåfvos
588 1189 28 20 24
631 1189 21 27 ja
667 1189 40 21 och
723 1189 27 21 33
765 1189 42 27 nej,
823 1188 40 22 och
878 1187 67 22 erhöll

117 1216 31 22 till
164 1216 51 28 följd
231 1217 59 21 häraf
310 1219 61 19 nästa
393 1217 275 28 omröstningsproposition
691 1217 158 21 nedanstående
865 1216 80 22 formu-

116 1245 77 28 lering:

185 1302 39 27 De,
236 1303 74 21 hvilka
324 1303 74 21 såsom
410 1303 217 28 kontraproposition
642 1305 47 19 mot
702 1303 111 21 utskottets
827 1309 116 15 samman-

114 1331 212 27 jämkningsförslag
349 1332 55 27 vilja
420 1334 84 26 antaga
518 1332 28 21 hr
560 1331 107 21 Juselius
681 1332 90 27 förslag,
787 1334 59 19 rösta
856 1331 41 28 ja;
913 1331 32 27 de,

116 1360 36 20 det
165 1360 45 20 icke
225 1360 61 27 vilja,
302 1362 60 19 rösta
376 1360 50 28 nej;

185 1388 80 21 vinner
282 1388 42 28 nej,
340 1389 43 21 har
398 1388 177 28 borgareståndet
589 1388 10 21 i
613 1388 82 22 sådant
709 1388 100 28 afseende
824 1388 123 28 föredragit

116 1416 28 21 hr
159 1416 113 28 Nyberghs
287 1417 89 27 förslag.

186 1473 30 21 På
231 1474 72 20 därom
326 1474 61 27 gjord
410 1474 100 21 anhållan
533 1474 107 22 anstäldes
655 1475 64 21 äfven
735 1481 30 14 nu
781 1474 104 27 votering;
906 1474 40 20 och

116 1508 47 14 som
178 1502 73 20 därvid
267 1502 95 28 afgåfvos
379 1503 27 20 34
420 1503 22 27 ja
457 1503 39 21 och
512 1503 27 21 22
555 1503 41 27 nej,
607 1503 114 27 försiggick
731 1503 73 27 slutlig
814 1503 132 27 omröstning

116 1530 66 28 enligt
197 1530 93 28 följande
304 1531 140 27 proposition:
