1142 1773
248 129 41 21 164
453 135 178 21 Borgareständet
645 136 56 17 1894.
727 136 22 16 19
763 135 57 21 april.

218 214 20 20 af
254 215 112 22 utskottets
381 216 134 21 betänkande
530 217 90 20 rörande
636 216 158 21 konstnaderna
809 216 34 20 för
857 215 67 21 finska
939 215 106 21 militären

217 243 69 21 under
301 246 59 18 nästa
375 244 149 28 finansperiod.

287 300 31 21 Hr
333 301 137 21 Ahlström
488 301 100 21 förenade
604 302 32 26 sig
651 302 49 20 med
715 302 25 20 hr
755 301 100 21 Neovius.

286 357 32 21 Hr
333 357 190 22 Dahlström:
554 355 70 25 Äfven
647 359 35 27 jag
705 358 78 22 önskar
804 358 74 21 förena
893 358 43 26 mig
951 364 34 14 om
1002 358 42 20 den

217 386 21 20 af
259 386 25 20 hr
305 386 52 21 Lille
373 393 29 14 nu
418 389 71 19 senast
503 387 120 27 föreslagna
639 387 118 27 omgången
774 387 32 21 för
823 387 127 27 behandling
965 386 21 20 af
1002 386 41 20 den

217 414 21 20 af
253 414 25 20 hr
292 414 95 22 Neovius
404 416 74 20 väckta
488 416 125 26 obehagliga
629 416 74 27 frägan
715 416 89 20 rörande
817 422 26 14 en
852 414 192 28 lagöfverträdelse,

216 449 46 15 som
288 444 67 21 under
381 450 74 15 senare
483 444 23 21 är
528 444 61 27 skett,
604 444 90 22 emedan
709 445 36 27 jag
760 444 46 21 icke
821 444 38 21 har
874 444 64 27 nägot
953 443 45 21 skäl
1013 445 31 19 att

217 471 86 22 betvifla
318 475 30 18 att
363 473 25 20 de
404 473 32 21 till
452 473 84 21 ståndet
550 473 99 21 lämnade
664 473 183 28 upplysningarna
857 475 35 18 äro
903 473 49 20 fullt
960 472 83 21 exakta.

216 499 50 22 Men
289 501 101 27 därjämte
414 502 38 21 och
476 502 88 21 emedan
588 509 26 14 en
633 502 34 21 hel
683 502 78 27 mängd
776 508 102 21 personer
893 501 69 21 blifvit
976 500 68 21 inkal-

217 529 48 21 lade
288 529 30 21 till
340 530 57 21 aktiv
419 531 139 27 tjänstgöring
582 533 51 18 utan
648 533 30 18 att
693 531 76 26 därtill,
784 530 27 27 på
826 530 69 27 grund
911 530 20 21 af
946 529 99 28 gällande

216 557 34 27 lag
266 565 50 14 vara
331 558 133 28 förpliktade,
480 565 62 15 anser
556 559 35 27 jag
606 559 44 28 mig
665 559 57 25 böra,
738 559 75 26 därest,
829 559 68 20 såsom
913 559 35 27 jag
958 559 86 26 hoppas,

215 586 74 27 frågan
310 587 96 21 kommer
428 589 30 19 att
480 587 162 22 återremitteras
664 588 32 21 till
717 587 160 26 statsutskottet,
893 587 31 21 till
940 587 56 21 detta
1012 589 32 18 ut-

216 614 66 21 skotts
304 615 143 27 bepröfvande
472 616 110 21 hemställa
605 617 106 20 huruvida
734 617 35 20 det
783 616 47 21 icke
847 622 49 15 vore
911 615 46 21 skäl
972 617 30 19 att
1017 615 27 21 de

216 649 107 22 personer,
339 650 45 15 som
400 644 90 21 sålunda
504 645 40 20 fått
559 645 107 27 oskyldigt
681 645 49 24 lida,
745 645 70 21 blefve
831 644 121 27 tillräckligt
967 645 77 20 ersatta

217 671 33 21 för
273 672 25 21 de
323 673 137 21 ekonomiska
475 673 101 21 förluster
591 674 26 21 de
633 680 76 21 genom
726 674 70 21 denna
811 679 81 15 samma
907 673 137 26 lagöfverträ-

216 700 57 21 delse
289 701 154 28 otvifvelaktigt
458 702 89 27 nödgats
562 702 7 21 i
585 709 26 14 en
627 703 51 20 eller
694 709 70 14 annan
781 702 54 21 form
851 701 122 21 vidkännas.

284 757 33 21 Hr
340 757 233 29 Schybergson:
604 759 41 20 För
668 759 43 20 min
735 759 34 21 del
791 761 22 18 är
835 759 35 27 jag
885 758 46 21 icke
947 758 96 27 benägen

216 787 30 19 att
269 786 21 20 af
311 786 69 21 denna
403 787 37 20 sak
456 789 50 26 göra
522 794 26 14 en
564 787 48 22 fullt
627 787 24 21 så
666 790 43 18 stor
725 793 99 15 nummer
839 793 44 15 som
900 787 65 27 några
980 787 21 20 af
1017 786 26 21 de

214 814 128 27 föregående
364 815 98 22 talarene.
492 816 30 27 Ty
538 817 35 26 jag
588 816 41 21 kan
645 816 46 21 icke
707 816 58 21 finna
781 818 64 19 annat
860 817 27 19 än
903 817 29 19 att
947 815 26 20 de
989 815 54 20 mili-

215 844 45 19 tära
284 843 178 28 myndigheterna
486 845 75 20 endast
586 845 81 20 försökt
689 847 30 18 att
740 845 6 20 i
763 844 145 27 värkligheten
924 843 60 22 ställa
1000 850 43 20 upp

215 871 42 21 den
280 872 142 28 truppstyrka,
437 879 45 15 som
498 873 114 21 ständerna
627 873 36 21 vid
678 873 155 21 fastställandet
849 873 20 21 af
884 872 159 27 militärbudge-

215 902 36 18 ten
275 900 34 21 vid
325 900 153 28 landtdagarna
494 902 103 21 förutsatt.
627 902 46 20 Här
687 902 114 27 föreligger
817 902 123 26 visserligen
957 903 28 19 ett
1001 901 42 20 for-

214 928 52 22 melt
288 929 172 22 öfverskridande
481 930 21 20 af
517 930 35 21 det
566 930 161 28 ifrågavarande
743 930 125 28 stadgandet
883 930 6 20 i
905 929 137 27 värneplikts-

214 957 69 27 lagen,
306 958 72 20 därom
402 960 23 19 är
446 959 24 26 ju
484 959 47 21 icke
547 959 64 25 något
625 959 74 21 tvifvel
715 960 39 20 och
769 959 36 27 jag
819 959 85 21 förenar
919 958 43 27 mig
977 960 65 25 gärna

214 992 35 14 om
272 986 25 20 hr
319 986 101 22 Neovius'
444 987 84 27 förslag,
550 988 99 20 särskildt
671 988 75 20 sådant
769 988 35 20 det
819 987 21 21 af
855 988 24 20 hr
894 986 53 22 Lille
962 986 80 21 formu-

214 1014 70 25 lerats,
309 1015 39 20 och
376 1016 72 20 sävida
475 1016 35 20 det
535 1016 89 21 sälunda
643 1016 66 26 syftar
724 1016 26 27 pä
766 1022 25 15 en
808 1016 123 26 förändring
945 1015 7 20 i
968 1016 74 20 värne-

213 1042 127 28 pliktslagen
356 1044 6 19 i
378 1044 219 21 öfverensstämmelse
612 1044 49 21 med
677 1045 55 20 hvad
749 1044 26 21 de
783 1044 91 21 faktiska
881 1043 160 22 förhållandena

213 1070 79 22 kräfva.
322 1071 49 21 Men
394 1072 68 28 nägon
486 1073 62 27 skarp
570 1073 141 27 anmärkning
730 1073 69 21 skulle
814 1074 35 26 jag
863 1072 47 21 icke
925 1078 51 15 anse
991 1079 51 14 vara

214 1099 21 21 af
262 1100 161 22 förhällandena
448 1102 39 20 och
512 1102 22 20 af
558 1102 90 20 afsikten
673 1102 49 20 med
749 1102 62 20 dessa
826 1101 97 27 åtgärder
938 1100 103 28 påkallad.

214 1127 82 22 Endast
310 1129 7 19 i
334 1131 29 19 ett
378 1129 100 21 afseende
494 1130 62 20 hafva
572 1130 26 21 de
614 1130 159 27 upplysningar,
789 1136 46 14 som
852 1130 36 20 här
902 1130 97 26 lämnats,
1014 1129 28 27 pä

214 1156 43 27 mig
280 1157 55 26 gjort
357 1160 29 18 ett
409 1158 121 27 obehagligt
550 1158 89 27 intryck.
669 1158 30 21 Af
721 1159 66 27 nägra
810 1158 69 21 under
893 1158 148 20 diskussionen

213 1184 126 22 meddelade
354 1186 164 28 sifferuppgifter
532 1187 83 21 föreföll
631 1187 36 21 det
682 1194 45 14 som
743 1193 35 15 om
794 1189 29 19 ett
839 1187 48 20 vida
903 1188 66 19 större
985 1186 56 20 antal

212 1213 100 21 inkallats
328 1216 26 18 än
371 1214 87 22 faktiskt
472 1215 83 21 behöfts
570 1216 32 20 för
617 1218 30 18 att
663 1216 62 20 äfven
742 1216 54 20 efter
811 1215 81 21 normal
908 1214 79 28 afgäng
1002 1221 40 14 un-

214 1241 37 21 der
273 1242 55 21 årets
350 1242 50 28 lopp
422 1243 56 21 hålla
493 1246 114 25 trupperna
623 1244 120 27 kompletta.
774 1244 42 21 Det
831 1246 23 18 är
869 1244 62 26 detta,
947 1245 30 19 att
992 1250 49 14 man

213 1270 85 27 tilltagit
320 1270 97 22 siffrorna
439 1272 86 26 mycket
547 1272 32 20 för
594 1272 100 28 rundligt,
710 1279 45 14 som
771 1274 24 19 är
810 1272 35 21 det
861 1272 180 26 beklagansvärda

213 1298 39 20 och
273 1299 36 27 jag
331 1299 41 21 kan
396 1300 46 21 icke
464 1300 41 21 låta
528 1300 29 21 bli
573 1303 29 19 att
617 1301 61 21 ställa
694 1301 35 21 det
748 1302 2 20 i
767 1301 154 26 sammanhang
935 1300 48 21 med
1000 1300 41 21 den

212 1326 92 22 militära
329 1328 107 27 budgeten
461 1329 6 20 i
492 1329 68 27 öfrigt
587 1336 45 14 som
658 1330 62 20 äfven
739 1330 41 20 den
797 1336 64 20 synes
876 1329 43 27 mig
935 1335 49 14 vara
999 1335 44 21 nog

212 1356 95 27 rundligt
328 1356 101 28 tilltagen.
459 1356 41 22 Det
516 1359 23 19 är
559 1358 46 20 icke
621 1358 82 27 möjligt
720 1358 31 21 för
767 1358 48 26 den,
831 1364 45 14 som
892 1357 46 21 icke
955 1357 87 27 deltagit

212 1384 7 19 i
236 1384 112 21 utskottets
364 1385 78 27 arbete,
458 1388 29 18 att
501 1386 50 27 ingä
566 1386 7 20 i
589 1386 232 28 detaljanmärkningar
835 1386 52 21 eller
903 1388 30 18 att
947 1386 53 26 yrka
1014 1385 28 27 pä

212 1412 66 27 nägra
300 1413 120 27 ändringar,
436 1420 48 15 men
499 1415 36 26 jag
550 1414 37 21 har
603 1414 54 21 dock
672 1417 50 19 trott
737 1415 44 27 mig
796 1415 73 20 kunna
883 1414 58 28 gifva
957 1414 84 26 uttryck

212 1440 21 21 ät
253 1441 56 20 hvad
330 1442 35 26 jag
380 1442 35 21 vid
432 1444 29 19 ett
475 1442 159 28 genomgäende
650 1444 21 20 af
686 1444 144 20 betänkandet
845 1444 38 20 har
897 1443 77 26 funnit,
990 1442 53 21 eller

212 1471 30 19 att
256 1476 50 14 man
322 1470 7 20 i
345 1470 58 27 fräga
420 1477 34 14 om
470 1471 185 27 militärbudgeten
671 1472 47 21 icke
734 1472 38 20 har
787 1472 89 20 kommit
891 1474 30 18 att
937 1471 63 21 tänka
1014 1471 28 27 pä

212 1499 30 19 att
264 1498 41 20 den
328 1498 120 22 finansiella
469 1500 127 20 situationen
619 1500 7 20 i
649 1500 72 21 landet
736 1507 30 14 nu
781 1502 23 19 är
819 1500 120 25 förändrad,
955 1502 30 18 att
1000 1502 40 18 den

211 1526 85 21 kräfver
320 1527 54 20 ökad
400 1528 131 26 sparsamhet
557 1528 26 27 pä
606 1528 41 21 alla
670 1529 107 21 omräden.
807 1528 42 22 Det
870 1531 23 18 är
907 1529 50 26 mig,
972 1528 69 21 säsom
