1142 1773
229 120 55 20 1034
434 126 182 22 Borgareståndet
630 127 57 17 1894.
701 128 19 16 11
733 127 48 20 maj.

198 206 24 25 ty
237 205 64 21 sedan
318 212 89 15 varorna
422 206 44 28 gått
481 207 73 27 sjöväg
569 207 14 20 4
597 207 38 20 mil
655 206 86 22 söderut
756 206 31 21 till
802 205 115 27 Kyrkstad,
930 206 53 21 efter
995 207 30 19 att

198 233 28 27 på
240 236 30 18 ett
286 234 81 21 afständ
384 234 21 21 af
420 235 53 21 blott
488 235 49 27 I!/,
552 237 57 19 värst
624 237 94 26 passerat
727 234 114 22 Nummela
851 236 55 19 samt
916 234 108 21 omlastats

198 262 27 27 på
239 262 94 28 järnväg,
349 263 50 21 böra
422 263 26 21 de
470 264 44 20 åter
536 264 72 26 flyttas
624 267 75 18 norrut
714 264 48 27 21/,
777 263 37 21 mil
830 270 37 20 per
881 264 88 26 järnväg
991 262 34 21 för

197 292 31 20 att
243 291 93 28 äntligen
352 292 71 27 uppnå
438 298 81 15 samma
534 292 83 21 station.
647 292 64 21 Hvad
727 292 149 27 bebyggarene
895 292 62 26 kring
972 290 51 28 Lojo

196 320 33 26 sjö
245 320 69 27 vidgå,
336 320 23 21 så
374 321 62 20 hafva
459 321 61 21 dessa
535 321 65 21 redan
620 321 27 21 fri
662 320 183 22 kommunikation
862 320 31 21 till
908 321 115 26 järnvägen

197 348 35 20 vid
248 348 118 26 Kyrkstads
382 349 78 27 strand,
476 350 38 20 och
530 349 74 21 Svartå
626 350 54 20 bruk
698 350 59 20 torde
773 349 63 21 äfven
852 349 53 21 efter
920 348 104 21 kanalise-

196 376 49 28 ring
260 377 22 20 af
296 377 76 28 Bellby
388 380 64 19 ström
468 378 69 21 utföra
552 378 46 21 sina
614 385 61 14 varor
690 378 32 21 till
737 377 74 22 Svartå
829 378 77 20 station
922 377 40 21 och
977 377 46 21 icke

197 405 33 20 till
244 405 108 27 Kyrkstad
368 406 52 21 eller
434 406 120 22 Nummela.
583 407 142 21 Tammerfors
740 407 6 20 i
762 406 119 27 september
898 406 60 21 1876.

265 479 29 22 H.
311 480 151 22 Nordensvan.
741 480 88 28 Ludvig
845 480 106 21 Sallmén.

278 515 169 33 Distriktsingeniör.
688 521 58 22 Yngre
758 520 79 23 ingeniör
849 520 18 18 af
879 520 23 18 IV
915 520 83 17 klassen.»

244 623 52 20 »Till
312 623 163 27 öfverstyrelsen
490 624 32 21 för
538 626 48 25 väg-
602 625 39 20 och
658 623 314 22 vattenkommunikationerna.

265 696 69 21 Sedan
350 697 112 28 kejserliga
478 700 86 19 senaten
581 698 40 21 den
645 699 12 20 9
673 697 121 28 september
810 698 54 20 1875
881 697 93 21 anbefalt
989 697 31 20 öf-

194 725 142 26 verstyrelsen
358 729 30 18 att
402 726 42 21 låta
465 727 89 20 anställa
569 727 160 26 undersökning
744 727 6 20 i
766 726 101 21 afseende
883 726 11 21 å
910 726 109 27 möjlighe-

194 755 35 20 ten
245 756 31 19 att
290 755 145 20 åstadkomma
450 761 27 15 en
492 755 96 28 segelbar
603 755 183 21 kommunikation
801 755 91 20 emellan
907 755 26 23 de
949 755 7 20 i
968 754 51 27 Lojo

193 782 40 21 och
248 782 82 21 Vichtis
354 783 89 21 socknar
466 783 106 28 befintliga
595 786 66 19 större
677 784 61 27 sjöar,
753 785 54 19 samt
823 783 65 21 sådan
905 783 115 21 undersök-

194 811 52 27 ning
269 811 69 21 under
360 812 95 21 sistlidna
478 812 22 21 år
522 812 69 21 blifvit
615 812 105 21 värkstäld
741 812 20 21 af
777 818 67 21 yngre
860 811 122 28 ingeniören
999 811 21 21 af

192 839 69 27 fjärde
284 840 84 21 klassen
392 841 34 20 vid
449 841 188 27 ingeniörkorpsen
660 841 33 21 för
709 843 48 25 väg-
773 841 39 20 och
828 840 191 21 vattenkommuni-

193 867 125 22 kationerna
333 869 7 20 i
355 869 72 21 landet
442 869 22 21 L.
480 869 99 27 Sallmén,
595 870 38 21 har
647 869 171 27 öfverstyrelsen,
833 869 64 27 jämte
909 868 110 22 skrifvelse

193 896 22 21 af
230 897 42 21 den
288 898 26 20 27
338 898 110 21 nästvikne
472 898 124 28 september,
618 898 85 21 insändt
723 898 35 21 det
773 898 22 20 af
809 898 78 20 honom
903 897 116 27 uppgjorda

193 925 40 21 och
247 926 21 20 af
281 926 157 21 vederbörande
450 927 191 27 distriktsingeniör
653 927 117 27 granskade
781 926 186 30 kostnadsförslag,
977 926 42 20 slu-

193 954 65 20 tande
274 954 31 27 sig
321 954 12 21 å
349 955 89 27 336,396
454 956 60 20 mark
537 956 26 20 50
582 956 70 26 penni,
675 956 48 20 med
747 955 69 21 därtill
839 954 93 21 hörande
947 954 73 21 betän-

192 982 71 21 kande
279 983 39 20 och
333 983 103 27 ritningar
457 984 7 20 i
480 984 99 21 afseende
595 984 12 20 å
622 984 141 20 ofvannämda
787 984 66 26 sjöars
867 983 129 21 försättande
1012 983 7 20 i

192 1010 100 28 segelbar
313 1012 129 21 förbindelse
465 1012 47 21 med
536 1013 118 20 hvarandra
674 1012 114 21 förmedels
808 1018 26 14 en
851 1012 66 20 farled
933 1012 21 20 af
969 1012 50 26 41/,

192 1039 42 21 fots
250 1039 51 28 djup
317 1040 34 20 vid
368 1040 35 21 det
417 1041 7 19 i
440 1041 47 21 dem
504 1041 98 27 vanligen
617 1040 175 22 förekommande
807 1040 68 27 lägsta
890 1040 129 21 vattenstån-

192 1067 44 26 det;
262 1068 115 27 hvarjämte
400 1069 164 27 öfverstyrelsen
586 1070 75 20 uttalat
684 1070 41 20 den
741 1069 55 21 åsikt
811 1071 30 19 att
856 1068 88 21 berörda
960 1068 59 21 kom-

192 1096 134 21 munikation
342 1097 46 21 icke
405 1104 49 14 vore
470 1098 20 20 af
505 1098 64 20 sådan
586 1098 45 21 vikt
646 1100 30 19 att
692 1098 39 21 den
749 1098 68 20 skulle
833 1097 32 21 stä
879 1097 8 20 i
898 1097 63 27 något
971 1097 47 20 skä-

192 1124 39 28 ligt
245 1125 132 21 förhällande
393 1126 31 21 till
440 1126 26 21 de
481 1126 32 21 för
528 1126 134 21 densammas
677 1126 189 21 ästadkommande
881 1125 137 27 erforderliga

192 1153 68 27 dryga
284 1154 118 28 kostnader,
425 1155 84 21 hvarför
534 1155 163 27 öfverstyrelsen
722 1154 99 22 hemstält
843 1154 105 20 huruvida
970 1154 47 20 icke

188 1181 76 27 frägan
281 1189 33 14 om
331 1183 65 27 sagda
418 1183 196 21 kommunikations
637 1183 186 28 ävägabringande
838 1183 32 21 för
885 1182 132 21 närvarande

188 1209 58 28 finge
262 1210 88 22 förfalla.

259 1238 42 21 Vid
316 1240 7 20 i
340 1240 40 26 dag
395 1240 66 21 skedd
478 1240 149 28 föredragning
643 1240 21 21 af
680 1240 57 21 detta
752 1239 79 21 ärende
853 1240 37 20 har
904 1239 113 27 kejserliga

188 1270 96 24 senaten,
300 1268 48 20 med
364 1268 101 22 afseende
480 1269 77 27 jämväl
573 1269 12 20 å
600 1269 55 21 hvad
671 1268 165 27 öfverstyrelsen
847 1268 7 20 i
864 1270 72 18 ämnet
945 1270 71 24 yttrat,

188 1295 73 21 funnit
276 1296 73 27 frågan
366 1303 35 14 om
417 1297 25 21 de
458 1298 58 20 inom
527 1297 51 27 Lojo
590 1298 39 20 och
640 1297 82 21 Vichtis
733 1297 90 21 socknar
833 1296 108 27 befintliga
950 1298 66 18 större

187 1324 68 26 sjöars
278 1324 129 22 försättande
422 1326 7 20 i
445 1326 96 26 segelbar
563 1325 129 21 förbindelse
716 1326 47 20 med
788 1325 118 20 hvarandra
921 1325 33 20 för
969 1326 47 19 när-

188 1353 94 21 varande
298 1354 50 20 böra
363 1354 89 24 förfalla,
468 1360 48 15 men
532 1354 32 20 till
575 1354 163 27 öfverstyrelsen
750 1353 140 21 öfverlämnat
901 1355 35 24 att,
947 1353 6 20 i
965 1353 50 20 hän-

188 1380 58 22 delse
263 1382 164 26 öfverstyrelsen
442 1382 114 22 framdeles
571 1382 69 22 finner
655 1383 116 26 anledning
788 1382 130 20 förekomma
929 1381 32 21 till
971 1388 45 14 om-

187 1408 105 22 förmälda
315 1410 278 22 kommunikationsarbetes
616 1411 118 27 utförande,
753 1411 102 26 antingen
871 1410 8 20 i
899 1410 48 20 hela
968 1410 53 27 dess

188 1437 50 21 vidd
262 1438 52 21 eller
329 1439 32 21 till
385 1439 69 27 nägon
478 1440 82 20 mindre
583 1440 40 25 del,
638 1440 49 20 med
703 1439 156 27 framstälining
874 1439 7 20 i
897 1440 71 19 ämnet
984 1438 31 20 till

186 1465 115 29 kejserliga
322 1470 87 18 senaten
431 1468 113 20 inkomma.
574 1468 88 21 Hvilket
676 1467 271 28 jordbruksexpeditionen,
963 1467 52 27 jäm-

185 1494 40 21 likt
240 1494 113 29 kejserliga
369 1498 98 19 senatens
491 1496 69 21 beslut
575 1497 39 20 och
636 1496 148 21 äterställande
800 1496 21 20 af
837 1496 96 26 samtliga
948 1496 21 20 af
985 1495 31 21 öf-
