1142 1773
207 130 55 20 1478
408 136 179 21 Borgareståndet
599 137 58 17 1894.
681 137 28 17 28
720 137 47 20 maj.

178 215 93 21 beaktas.
301 215 41 28 Jag
357 216 37 20 vill
409 218 57 19 ännu
482 216 88 27 tillägga
585 216 65 27 några
666 216 43 21 ord.
735 216 39 21 Till
790 216 39 20 sist
843 216 7 20 i
866 216 69 21 denna
946 222 59 21 para-

178 244 46 27 graf
245 244 7 20 i
274 246 94 19 moment
382 244 15 27 f)
420 245 143 21 förekommer
577 247 30 19 ett
623 245 80 27 ganska
719 244 147 28 besynnerligt
880 244 74 28 tillägg
970 244 35 20 »så

178 273 39 20 ock
238 273 189 27 skorstensfäjeri».
456 273 11 21 I
483 274 115 20 allmänhet
613 274 64 20 hafva
692 274 41 20 alla
748 273 174 21 handtvärkerier
937 272 68 22 blifvit

178 301 109 21 uteslutna
313 302 47 20 från
385 302 69 20 denna
477 302 103 27 paragraf.
618 302 49 20 Men
691 302 193 26 skorstensfäjeriet
906 304 23 18 är
951 301 54 21 dock

177 330 167 27 uppenbarligen
361 332 30 19 ett
406 330 118 21 handtvärk
540 331 40 20 och
595 330 36 21 det
646 331 143 20 förekommer
805 330 65 21 andra
881 330 123 26 handtvärk,

177 364 45 15 som
246 360 36 19 äro
306 358 49 21 fullt
377 361 23 19 ut
415 359 43 21 lika
473 359 75 27 farliga
565 360 39 20 och
620 359 49 21 vida
684 359 105 27 farligare,
806 359 131 27 exempelvis
952 358 52 28 plåt-

177 387 84 26 slageri,
276 387 124 26 isynnerhet
415 388 26 20 då
456 388 36 20 det
507 388 66 26 gäller
589 388 166 27 taktäckningar,
771 388 40 20 och
826 388 141 26 måleriyrket,
979 387 26 21 då

177 416 81 26 färdiga
282 416 123 26 byggnader
427 416 59 21 skola
509 416 72 21 målas.
607 416 83 21 Nämda
706 416 67 26 yrken
790 416 95 21 medföra
900 416 105 22 bestämdt

177 446 66 19 större
262 444 66 21 vädor
342 445 32 20 för
389 445 153 27 yrkesidkarne
558 447 27 19 än
601 445 196 27 skorstensfäjeriet.
827 445 107 26 Antingen
952 444 53 21 skall

178 473 170 27 skorstensfäjeri
371 474 118 21 utelämnas
512 474 52 21 eller
586 474 39 21 ock
649 474 77 20 nämda
746 474 40 21 och
810 473 105 27 åtskilliga
939 473 66 21 andra

177 501 66 26 yrken
267 502 101 27 tilläggas,
392 509 33 14 om
449 503 35 20 det
506 502 55 21 skall
582 509 50 14 vara
656 503 69 26 någon
748 502 135 21 konsekvens
905 503 8 19 i
935 502 70 21 denna

177 531 103 26 paragraf.

245 587 33 20 Hr
292 587 196 28 Heimberger:
519 588 42 27 Jag
576 588 40 21 kan
632 588 47 21 icke
694 588 73 21 förena
784 589 43 26 mig
842 588 46 21 med
905 589 25 20 hr
944 587 60 21 Hall-

177 616 51 27 berg
251 616 73 21 därom
347 618 30 19 att
397 617 265 27 fabriksbyggnadsarbete
680 617 65 20 borde
760 617 47 20 från
823 617 70 20 denna
908 616 97 28 paragraf

176 645 56 26 utgå.
263 644 33 21 Då
312 651 47 14 man
376 651 26 15 en
419 645 55 27 gång
490 645 52 21 skall
559 645 120 27 specifisera
690 646 25 20 de
727 645 87 27 företag,
825 652 45 14 som
883 647 36 18 äro
928 645 77 20 under-

176 673 88 21 kastade
287 673 185 28 bestämningarna
495 674 6 20 i
524 675 69 20 denna
616 674 40 26 lag,
679 676 23 18 är
724 674 35 21 det
780 674 34 20 väl
837 674 46 21 bäst
898 676 29 18 att
942 674 63 20 äfven

176 701 264 28 fabriksbyggnadsarbete
464 703 36 20 här
520 703 87 27 intages.
638 702 63 21 Detta
723 703 100 20 omfattar
841 703 62 20 äfven
924 704 80 19 vatten-

176 731 73 26 kvarn,
279 731 108 27 vattensåg
414 731 38 20 och
480 731 77 26 många
578 731 66 20 andra
669 731 101 21 liknande
795 731 209 27 fabriksbyggnader,

176 759 78 26 hvilka,
278 766 34 13 om
335 760 26 20 de
384 760 61 20 äfven
467 760 47 21 icke
533 762 35 18 äro
585 760 6 20 i
607 759 51 22 flere
673 760 108 27 våningar,
797 760 54 20 dock
866 760 73 20 kunna
955 766 50 13 vara

177 788 22 20 af
213 787 80 21 sådana
308 788 173 21 konstruktioner
496 791 30 18 att
541 789 26 20 de
583 789 50 26 godt
649 789 72 20 kunna
736 788 91 21 kvarstå.
852 788 50 21 Men
913 788 21 20 af
944 789 61 19 moti-

176 823 40 14 ven
240 816 93 27 framgår
354 819 30 18 att
406 823 50 14 man
478 817 38 20 har
538 817 57 20 velat
617 817 122 27 undantaga
760 817 170 20 remontarbeten
946 817 58 20 inom

176 845 224 27 byggnadsindustrin,
420 846 39 20 och
480 845 60 21 dessa
556 852 62 14 anser
631 846 36 27 jag
683 845 53 21 dock
752 852 51 14 vara
817 847 73 19 nästan
907 845 97 27 farligare

176 875 27 19 än
218 873 76 27 själfva
310 873 139 28 uppförandet
464 874 21 20 af
500 875 46 20 hus.
575 873 34 22 Då
624 881 49 14 man
690 874 75 28 uppför
781 876 30 19 ett
825 874 46 26 hus,
886 874 51 27 följa
948 873 56 21 ställ-

175 902 105 27 ningarna
296 902 47 21 med
358 902 47 21 från
421 903 86 21 marken
523 903 70 27 uppåt.
618 903 51 20 Men
685 903 26 20 då
727 910 49 14 man
791 909 109 21 reparerar
915 905 29 18 ett
958 902 46 27 hus,

176 937 34 14 om
226 930 36 21 det
278 930 38 21 ock
331 931 47 21 icke
394 933 22 19 är
431 938 45 14 mer
491 934 25 18 än
534 938 26 14 en
575 934 117 24 stupränna
707 932 52 20 eller
770 931 116 27 någonting
898 931 105 26 liknande,

176 959 100 27 uppföras
292 959 25 21 de
333 962 54 18 mest
401 960 107 27 primitiva
523 960 130 27 ställningar.
683 960 40 27 Jag
739 966 63 14 anser
817 960 71 21 därför
902 962 29 18 att
941 960 63 20 äfven

175 988 170 20 remontarbeten
361 988 58 20 inom
435 988 217 27 byggnadsindustrin
669 988 50 21 böra
734 988 50 27 ingå
799 988 7 20 i
822 988 69 21 denna
902 988 101 27 paragraf.

175 1016 41 27 Jag
231 1016 39 20 har
286 1016 40 21 den
342 1016 81 21 åsikten
440 1019 35 25 att,
491 1024 35 13 om
541 1017 101 27 förslaget
657 1017 68 21 skulle
741 1017 64 21 hafva
820 1017 70 21 blifvit
905 1016 63 21 stäldt
977 1016 27 27 på

175 1045 287 27 ersättningsskyldighetens
477 1046 88 27 princip,
581 1052 49 14 man
645 1046 44 20 helt
704 1046 129 26 kategoriskt
844 1045 68 21 skulle
923 1045 82 20 kunnat

175 1073 93 21 förklara
290 1076 30 18 att
339 1074 143 26 yrkesidkare,
503 1081 46 13 som
565 1074 68 20 drifva
648 1074 52 26 yrke
715 1074 49 20 med
780 1074 56 27 lejda
851 1074 102 23 arbetare,
968 1075 35 19 äro

175 1102 225 27 ersättningsskyldige
422 1103 38 20 och
477 1102 92 21 därifrån
586 1102 125 28 undantagit
726 1102 75 21 endast
817 1102 26 21 de
859 1102 52 21 allra
927 1103 77 19 minsta

174 1130 144 26 yrkesidkare.
348 1130 50 21 Men
421 1131 27 21 dä
469 1138 49 14 man
542 1138 26 14 en
584 1131 56 27 gång
655 1132 38 20 har
709 1131 67 27 börjat
791 1130 126 28 specifisera,
933 1130 70 21 hvilka

174 1158 68 27 yrken
259 1161 35 18 äro
310 1159 156 21 underkastade
482 1160 70 20 denna
566 1160 40 26 lag,
622 1160 67 20 måste
700 1166 48 14 man
762 1160 35 20 väl
807 1160 96 20 fortsätta
911 1159 92 21 därmed.

174 1186 42 27 Jag
238 1187 40 20 har
299 1188 60 20 fattat
380 1190 30 18 att
428 1188 120 27 plåtslageri
564 1188 39 20 och
618 1188 137 27 taktäckning
771 1188 50 20 höra
837 1188 32 20 till
885 1188 118 26 byggnads-

175 1215 94 26 arbeten,
284 1222 49 14 men
348 1216 8 20 i
371 1219 65 18 annat
451 1216 36 21 fall
503 1217 51 20 böra
569 1216 26 21 de
611 1217 62 20 äfven
688 1216 50 26 ingå
753 1217 43 20 här.

243 1272 34 20 Hr
291 1272 145 28 Nybergh:
459 1273 11 21 I
485 1273 116 27 anledning
616 1274 21 20 af
652 1273 26 21 de
693 1273 171 27 anmärkningar,
879 1280 46 13 som
936 1272 69 21 blifvit

174 1300 75 28 gjorda
273 1303 43 19 mot
338 1302 12 19 2
374 1302 19 26 8,
410 1302 36 20 ber
465 1302 36 26 jag
516 1304 30 18 att
561 1302 20 20 få
596 1302 111 20 framhålla
722 1302 100 26 följande.
852 1301 63 21 Hvad
931 1302 74 20 främst

174 1329 100 21 beträffar
296 1330 167 26 anmärkningen
487 1330 73 20 därom
583 1333 29 18 att
635 1330 60 20 ordet
718 1330 197 21 »elementarkraft>
940 1330 63 20 borde

174 1358 87 26 utbytas
276 1360 44 18 mot
338 1359 150 24 »naturkraft»,
504 1358 24 21 så
543 1360 23 19 är
581 1359 35 21 det
631 1359 56 20 förra
699 1359 107 26 uttrycket
816 1358 88 21 allmänt
912 1358 92 21 användt

173 1386 8 20 i
206 1386 26 20 de
258 1386 132 22 främmande
415 1387 216 27 försäkringslagarna
656 1388 39 20 och
717 1394 65 19 synes
805 1387 44 27 mig
870 1387 62 20 äfven
955 1394 49 13 vara

174 1414 88 21 alldeles
278 1415 26 27 på
319 1415 32 20 sin
368 1416 60 26 plats,
438 1416 88 20 emedan
540 1416 119 20 naturkraft
672 1418 23 18 är
705 1418 30 18 ett
745 1416 152 20 vidsträcktare
906 1415 97 27 begrepp.

173 1442 115 22 Därunder
309 1443 63 21 faller
393 1447 13 17 t.
430 1450 32 14 ex.
480 1444 158 27 tyngdkraften,
653 1444 63 20 hvars
731 1444 141 20 användande
889 1444 53 20 dock
957 1444 46 20 icke

173 1471 42 21 kan
235 1471 86 27 betinga
339 1474 30 19 ett
384 1472 91 28 företags
490 1472 131 22 hänförande
637 1472 31 21 till
684 1472 219 27 försäkringspliktiga
918 1472 85 27 företag.

173 1499 63 21 Hvad
261 1500 71 21 vidare
355 1500 99 22 beträffar
474 1502 26 19 hr
516 1501 113 27 Tallqvists
647 1501 141 27 anmärkning
803 1501 73 20 därom
892 1503 31 18 att
937 1500 67 21 affatt-

173 1528 81 27 ningen
277 1529 21 20 af
320 1532 118 18 momentet
453 1530 19 26 b)
488 1530 66 20 borde
569 1530 86 26 utbytas
671 1532 43 18 mot
731 1532 63 24 »väg-
809 1530 39 20 och
865 1529 138 27 vattenbygg-
