1142 1773
212 126 55 20 1172
414 132 179 21 Borgareståndet
605 132 58 17 1894.
689 134 21 16 17
722 133 47 21 maj.

182 212 38 21 dre
235 214 44 26 typ,
294 219 26 14 en
336 215 43 25 typ,
395 213 92 27 hvilken,
503 213 69 21 såvidt
587 213 35 27 jag
638 213 38 20 har
691 213 44 27 mig
750 212 84 28 bekant,
850 213 46 21 icke
908 213 103 21 användts

182 241 39 20 här
241 241 8 20 i
271 241 72 21 landet
365 242 137 20 annorstädes
523 244 27 18 än
566 242 35 20 vid
617 241 84 21 Fiskars
717 242 54 20 bruk
786 241 54 21 ifrån
857 241 84 21 Fiskars
956 242 55 26 järn-

183 269 51 21 värk
250 270 32 20 till
297 269 70 22 Skuru
382 271 63 20 hamn
462 271 39 20 och
517 277 46 14 som
579 270 38 20 där
630 270 101 27 fungerar
741 270 26 27 på
778 272 30 18 ett
818 270 193 21 tillfredsställande

182 299 46 19 sätt.
258 298 42 21 Det
315 301 23 18 är
353 305 26 15 en
396 299 54 20 bana
466 299 20 20 af
502 299 70 20 denna
587 298 110 21 minimala
713 301 42 25 typ,
771 305 46 14 som
833 305 30 14 pu
879 299 86 21 föreslås
979 298 33 21 för

182 326 130 28 Nykarleby,
334 328 38 20 och
395 328 35 26 jag
453 328 41 20 kan
517 327 50 21 fullt
587 327 66 21 förstå
675 329 30 19 att
720 328 25 20 hr
759 327 108 27 Tallqvist,
883 334 45 14 som
943 328 23 26 ju
982 334 29 13 nu

183 357 71 25 tyvärr
279 357 23 19 är
325 356 123 20 förhindrad
471 358 29 18 att
522 358 89 18 närvara
633 356 39 20 och
689 356 89 20 sålunda
793 356 46 20 icke
856 356 41 20 kan
913 358 48 25 taga
976 356 35 20 sitt

182 384 80 27 förslag
284 384 7 20 i
312 384 87 28 försvar,
414 385 49 20 med
476 384 100 22 afseende
593 384 12 20 å
620 384 71 21 denna
706 387 37 25 typ
759 385 64 26 hyser
838 391 27 14 en
881 384 44 21 helt
940 390 71 15 annan

182 412 55 21 åsikt
260 419 32 14 om
317 413 69 21 banan
407 415 26 19 än
450 413 27 21 då
492 413 123 21 densamma
631 420 37 13 var
683 413 119 27 föreslagen
818 415 30 19 att
864 414 79 20 utföras
958 413 53 21 efter

182 447 27 14 en
226 441 75 26 dyrare
317 442 55 27 plan.
402 442 28 21 Så
444 442 46 21 litet
506 442 97 21 fackman
619 442 36 27 jag
671 444 25 18 än
713 444 22 18 är
750 442 7 20 i
773 442 62 20 dessa
850 442 76 27 frågor,
937 442 72 27 gjorde

182 469 71 21 denna
268 469 249 22 Fiskars—Skuru-bana
534 471 34 20 det
583 471 107 26 intrycket
705 473 30 18 att
749 471 42 20 den
807 471 34 20 väl
857 471 68 20 skulle
942 471 67 26 lämpa

182 498 34 27 sig
231 499 33 20 för
279 499 78 21 sådana
372 499 46 21 små
433 499 197 27 bananläggningar
645 506 45 13 som
707 499 41 20 den
763 499 127 26 ifrågasatta.
920 499 45 21 Här
973 500 38 19 har

182 527 108 21 anmärkts
312 530 44 18 mot
378 528 111 21 utskottets
511 528 56 20 kläm
583 530 30 19 att
628 528 125 21 statsvärket
768 527 105 27 svårligen
889 528 41 20 kan
947 528 26 27 gå
987 528 21 20 in

182 555 69 21 såsom
275 556 96 21 aktionär
393 557 7 20 i
423 559 29 18 ett
468 557 86 26 företag,
577 563 45 14 som
638 557 43 20 förr
697 556 51 21 eller
763 563 75 14 senare
854 559 23 18 är
893 557 72 20 dömdt
980 558 29 19 att

181 586 51 25 göra
248 585 99 20 konkurs.
377 585 41 21 Det
434 587 22 19 är
472 585 122 27 visserligen
611 587 47 18 sant
673 587 30 18 att
718 585 126 20 statsvärket
859 585 8 20 i
882 585 40 20 den
942 587 67 25 vägen

181 613 39 20 har
242 613 33 20 sin
299 615 75 19 största
394 614 120 21 erfarenhet
529 614 74 21 endast
618 614 69 20 såsom
703 614 176 27 fordringsegare.
909 613 49 21 Men
975 614 35 20 det

181 641 103 28 förtjänar
305 644 88 19 nämnas
416 644 30 19 att
469 643 125 20 statsvärket
616 643 33 20 för
671 642 64 27 några
758 642 23 21 år
797 642 65 21 sedan
877 643 72 26 ingick
964 649 45 14 som

181 670 157 21 kommanditär
352 671 7 20 i
375 677 25 14 en
417 671 67 27 privat
500 671 52 20 affär
567 671 21 20 af
603 671 122 26 obetydliga
738 671 149 20 dimensioner.
909 672 38 20 Att
962 673 47 25 taga

181 699 68 20 aktier
264 699 7 20 i
287 701 29 19 ett
330 700 186 27 järnvägsföretag,
531 699 80 21 hvilket
627 699 190 21 omhänderhafves
833 699 20 21 af
864 706 26 14 en
901 699 108 27 kommun,

181 733 65 21 synes
270 728 44 27 mig
330 735 50 14 vara
394 729 83 20 mindre
493 728 121 27 betänkligt.
644 727 60 22 Dock
721 728 36 20 vill
772 729 36 26 jag
823 730 65 25 gärna
903 728 106 27 medgifva

180 758 37 25 att,
240 756 49 21 med
312 757 100 20 afseende
427 757 12 20 å
454 757 26 20 de
495 756 134 27 tvifvelsmål,
645 763 46 14 som
707 757 86 21 uttalats
808 757 90 20 rörande
913 757 96 27 lämplig-

180 785 64 20 heten
260 785 21 20 af
296 787 30 18 att
340 786 126 20 statsvärket
480 785 68 21 skulle
564 785 50 26 ingå
629 785 69 21 såsom
715 785 96 21 aktionär
825 785 7 20 i
848 785 61 21 dessa
923 785 86 27 företag,

180 813 203 27 järnvägsutskottet
401 814 54 21 hade
479 814 81 20 kunnat
583 814 120 20 alternativt
725 813 78 21 föreslå
829 815 30 19 att
885 814 124 21 statsvärket

181 841 69 21 skulle
273 842 115 21 försträcka
404 849 97 14 summan
518 843 100 26 antingen
634 842 70 21 såsom
720 842 128 21 subvention
865 842 51 21 eller
931 849 77 20 genom

180 870 152 28 öfvertagande
355 871 21 20 af
398 871 72 21 aktier.
500 871 41 27 Jag
556 871 78 21 tillåter
649 871 44 27 mig
708 873 29 19 att
752 871 78 21 föreslå
845 871 128 27 antagandet
988 871 21 21 af

180 898 109 22 klämmen
314 900 49 20 med
388 900 70 20 denna
482 906 29 14 nu
538 900 20 20 af
581 900 43 26 mig
645 900 94 26 antydda
754 900 152 20 modifikation.
936 900 73 20 Skulle

181 927 57 21 detta
253 928 79 27 förslag
347 930 86 26 antagas
449 928 21 21 af
484 928 89 27 ståndet,
589 928 23 21 så
627 928 66 21 måste
710 928 143 21 betänkandet
867 928 8 20 i
890 928 70 21 denna
975 928 34 21 del

180 955 164 22 återremitteras
360 957 32 21 till
407 957 102 21 utskottet
523 957 34 21 för
571 957 181 27 omformulering.

250 1013 33 21 Hr
304 1013 115 21 Lilius:
442 1014 45 20 Hra
502 1014 95 21 Neovius
613 1020 28 14 on
657 1014 134 27 lämpimässä
807 1013 202 28 puolustuksessaan

180 1041 212 28 Uudenkaarlepyyn
408 1042 66 21 radan
489 1042 89 27 hyväksi
601 1043 126 27 unohtanut,
743 1044 43 19 että
801 1044 56 19 tässä
872 1042 137 21 mietinnössä

180 1070 57 21 tulee
260 1070 104 27 kysymys
380 1073 80 19 eräästä
481 1071 85 21 toisesta
581 1071 136 27 yksityisestä
731 1071 129 26 rautatiestä,
875 1071 54 27 josta
944 1070 65 21 valio-

180 1098 68 22 kunta
270 1106 72 20 sanoo,
365 1101 43 19 että
429 1100 68 20 siihen
512 1100 120 20 soveltuvat
647 1101 68 19 samat
729 1101 108 26 perusteet
852 1099 53 21 kuin
921 1099 88 21 Uuden-

180 1127 131 27 kaarlepyyn
327 1130 79 24 rataan,
422 1128 104 21 nimittäin
543 1130 42 19 että
600 1128 75 21 senkin
691 1128 73 21 kautta
779 1128 90 20 voidaan
885 1128 122 20 valtioavun

180 1156 29 20 tai
232 1156 80 21 valtion
334 1156 148 21 kannatuksen
504 1156 71 21 avulla
590 1156 64 21 saada
669 1156 50 21 alku
734 1156 174 27 yksityisratojen
923 1156 86 21 aikaan-

180 1184 124 21 saamiseen.
334 1185 64 20 Tämä
412 1187 45 19 rata
473 1192 27 14 on
514 1185 258 21 Tavastilan—Haminan
787 1187 51 19 rata.
868 1184 76 21 Minun
955 1185 54 20 käsi-

180 1212 85 27 tykseni
281 1213 92 21 mukaan
389 1220 23 14 se
428 1220 27 14 on
471 1214 93 26 parempi
577 1214 84 20 kokeita
673 1216 73 18 varten
756 1214 173 26 yksityisratojen
941 1213 67 27 alalla,

179 1241 53 20 kuin
248 1242 110 20 ehdotettu
373 1242 210 27 Uudenkaarlepyyn
599 1244 50 25 rata,
666 1242 76 21 vaikka
757 1242 92 21 tästäkin
864 1242 80 26 tietysti
955 1243 54 19 saat-

179 1271 35 19 taa
230 1270 42 20 olla
288 1270 30 21 eri
332 1270 76 21 mieliä.

248 1327 34 21 Hr
304 1327 165 27 Federley:
492 1327 34 21 Då
541 1328 25 20 hr
579 1328 103 26 Tallqvist
697 1334 29 14 nu
742 1329 73 25 tyvärr
829 1329 24 19 är
867 1327 141 21 frånvarande

180 1355 39 21 och
233 1355 91 21 sålunda
338 1356 47 20 icke
394 1356 41 20 kan
443 1356 95 21 försvara
546 1356 57 21 detta
611 1356 140 26 betänkande,
762 1356 81 21 hvilket
850 1358 93 18 närmast
953 1356 54 20 hade

180 1383 69 27 ålegat
257 1384 78 21 honom
344 1384 54 21 både
406 1384 69 21 såsom
482 1385 213 27 järnvägsutskottets
701 1384 128 22 ordförande
836 1385 39 20 och
883 1384 125 28 petitionär
1000 1379 12 38 i

180 1412 70 20 denna
273 1412 65 27 fråga,
354 1412 37 22 ber
405 1413 36 27 jag
456 1415 30 19 att
501 1413 26 27 på
542 1413 113 21 utskottets
670 1415 79 25 vägnar
764 1413 22 21 få
801 1413 82 27 påpeka
897 1415 30 19 att
942 1413 65 21 redan

180 1440 35 20 vid
240 1443 84 19 senaste
349 1441 102 27 landtdag
475 1442 202 26 järnvägsutskottet
702 1442 130 20 beträffande
857 1442 70 20 denna
954 1441 54 21 bana

178 1469 106 26 framhöll:
300 1471 29 19 att
352 1470 36 20 det
409 1472 72 24 syntes
504 1477 50 13 vara
569 1476 46 14 mer
629 1470 126 21 motiveradt
771 1472 30 19 att
816 1470 26 27 på
857 1470 41 21 den
914 1470 95 27 tillämpa

179 1499 30 19 ett
225 1497 95 27 billigare
336 1498 192 27 byggnadssystem
543 1500 26 19 än
586 1499 40 27 det,
642 1505 45 14 som
703 1498 27 21 då
745 1505 38 14 var
798 1498 118 28 föreslaget,
932 1499 39 20 och
982 1498 26 27 på

178 1525 42 21 den
236 1526 70 26 grund
323 1526 113 27 afstyrktes
451 1528 115 26 petitionen
583 1527 32 21 för
630 1527 41 21 den
687 1527 89 27 gången.
802 1527 35 21 Nu
848 1527 113 27 föreligger
971 1527 38 20 här
