1142 1773
210 128 56 20 1174
412 134 177 21 Borgareståndet
602 135 57 16 1894.
686 135 21 16 17
719 135 46 20 maj.

181 214 71 21 halfva
275 216 66 25 vägen
357 214 31 21 till
404 214 91 21 hamnen
512 215 38 20 och
566 214 83 21 således
664 214 47 21 icke
727 214 72 21 kunna
814 214 131 21 konkurrera
960 214 49 21 med

180 243 129 21 Jakobstads
332 243 89 21 banan».
451 243 11 21 I
482 243 35 21 sitt
541 250 29 13 nu
586 243 121 21 inlämnade
723 243 210 27 petitionsmemorial
949 245 60 24 säger

180 272 26 20 hr
226 271 102 27 Tallqvist
350 272 55 20 åter:
432 271 85 21 »Såsom
542 272 65 20 kändt
626 272 38 20 har
680 272 35 20 det
730 272 62 26 länge
808 272 80 26 utgjort
903 274 30 18 ett
948 271 61 28 lifligt

182 300 111 22 omfattadt
315 300 159 27 önskningsmål
497 301 58 20 inom
575 300 41 21 den
632 300 46 21 stad
694 301 35 27 jag
745 301 38 20 har
798 302 51 18 äran
864 302 145 25 representera

182 331 30 18 att
227 328 75 21 staden
318 330 38 20 och
373 329 47 21 dess
436 330 62 19 hamn
514 335 78 21 genom
608 336 25 14 en
651 329 78 21 bibana
745 329 46 20 från
805 328 91 28 Kovjoki
913 328 96 21 station
998 324 15 37 å

182 357 118 27 Uleåborgs
324 358 88 26 järnväg
428 358 69 20 blefve
513 358 87 20 förenad
617 358 47 20 med
680 358 159 26 järnvägsnätet
854 358 7 20 i
876 357 77 26 landet,
969 357 38 21 och

181 386 38 20 har
234 386 62 20 äfven
313 386 34 20 vid
362 388 83 19 senaste
461 386 101 27 landtdag
577 393 26 14 en
619 386 88 27 petition
724 387 6 19 i
747 386 56 21 detta
819 386 61 20 stånd
896 386 113 20 inlämnats

182 414 73 21 därom
281 416 29 19 att
326 421 26 14 en
368 415 64 21 sådan
449 414 60 28 bana,
525 415 31 21 till
572 421 26 15 en
615 415 74 27 början
705 415 98 21 slutande
816 415 6 20 i
839 414 74 28 själfva
929 414 80 26 staden,

182 443 68 20 skulle
270 443 26 27 på
311 444 135 21 statsvärkets
462 444 116 21 bekostnad
594 444 79 21 utföras
690 444 39 21 och
745 444 138 27 exploateras.
913 444 10 20 I
939 443 70 21 denna

183 472 53 20 form
253 472 71 21 kunde
341 473 113 26 petitionen
472 473 52 20 dock
540 473 47 20 icke
603 473 97 20 tillvinna
716 473 32 26 sig
757 473 125 20 ständernas
894 471 114 22 understöd

182 501 40 20 och
238 500 57 21 detta
310 501 48 21 med
374 501 56 26 skäl;
447 504 22 24 ty
486 501 74 21 staden
575 501 50 21 ville
641 501 26 20 då
682 502 47 20 icke
745 501 70 21 ikläda
831 501 32 27 sig
875 501 65 27 några
951 503 58 18 näm-

182 529 66 20 värda
270 529 142 28 uppoffringar
428 530 32 20 för
475 530 81 20 banans
571 530 132 21 utförande».
734 529 41 22 Det
791 536 62 20 synes
869 530 43 26 mig
928 529 81 21 således

183 560 30 19 att
228 558 25 20 hr
268 558 100 27 Tallqvist
384 559 46 20 icke
446 559 37 20 har
498 559 55 26 gjort
567 565 26 14 en
610 559 51 20 total
677 559 156 26 omsvängning
848 559 6 19 i
867 558 83 26 åsikter,
959 562 49 17 utan

183 587 69 20 under
267 587 125 20 förändrade
407 587 146 21 förhållanden
569 587 81 21 kunnat
665 587 51 28 godt
731 587 126 28 petitionera
871 587 39 20 och
926 587 84 20 förorda

183 615 41 21 den
240 615 61 27 bana,
317 616 86 20 hvarom
419 623 29 13 nu
464 618 23 18 är
502 616 63 26 fråga.

252 643 40 22 För
314 645 43 20 min
379 645 34 20 del
429 645 93 20 ansluter
536 645 35 26 jag
587 645 43 26 mig
646 645 5 20 i
668 645 41 20 allo
725 645 31 20 till
773 645 112 20 utskottets
901 644 108 21 uttalande

183 673 39 20 och
238 673 64 26 hyser
317 673 87 21 alldeles
419 673 47 21 icke
481 673 69 27 någon
566 673 85 21 fruktan
667 673 33 21 för
715 675 30 19 att
759 673 126 21 statsvärket
900 673 60 27 ingår
978 673 32 20 så-

183 707 46 14 som
244 695 96 27 aktionär
355 702 6 19 i
378 702 95 21 enskilda
488 702 72 21 banor.
575 701 50 22 Man
641 702 38 21 har
694 702 23 26 ju
733 702 95 20 däremot
843 702 70 20 anfört
928 704 29 18 att
969 704 41 18 sta-

183 732 35 18 ten
242 730 72 21 kunde
337 730 67 21 såsom
428 733 44 18 stor
492 731 119 26 aktieegare
634 731 21 20 få
670 731 109 26 öfvertaga
795 731 76 25 banan,
887 731 6 20 i
909 730 100 21 händelse

184 758 40 21 den
249 758 37 27 går
308 759 48 20 med
378 759 80 20 förlust.
488 759 64 21 Detta
573 761 22 18 är
611 759 54 20 dock
680 759 47 20 icke
744 759 63 27 något
823 743 113 46 nödtvång.
967 759 42 20 Vill

184 789 68 18 staten
276 787 26 20 då
322 787 46 21 icke
392 790 47 25 taga
463 788 74 27 banan,
557 788 66 20 ehuru
641 788 40 20 den
699 790 22 18 är
737 788 101 26 aktionär,
854 788 37 20 har
907 788 39 20 den
963 787 46 21 icke

184 817 66 19 större
267 816 120 27 skyldighet
402 819 27 18 än
445 823 34 14 om
495 818 67 19 staten
579 817 53 20 hade
648 817 175 20 subventionerat
838 816 69 21 banan
924 816 47 21 med
983 822 27 15 en

184 851 84 14 summa
290 851 26 14 en
341 845 55 26 gång
418 845 32 20 för
473 845 45 20 alla.
549 845 48 20 Men
617 845 27 20 dä
659 845 40 20 den
716 845 21 20 af
752 845 25 20 hr
792 844 147 27 Schybergson
956 845 54 20 före-

184 873 74 27 slagna
280 873 104 21 klämmen
400 873 47 21 icke
463 874 42 20 stär
520 874 6 20 i
542 873 109 28 principiel
667 876 88 18 motsats
771 873 31 21 till
818 873 41 21 den
875 873 136 28 uppfattning

183 902 36 26 jag
234 902 69 26 hyser,
319 902 38 20 har
371 904 35 25 jag
421 902 111 27 ingenting
547 905 56 18 emot
618 905 30 18 att
663 904 56 19 rösta
735 903 32 20 för
783 902 112 21 utskottets
910 902 61 26 kläm,
987 902 24 20 sä

184 930 124 21 modifierad
324 937 44 14 som
385 931 24 20 hr
424 931 148 27 Schybergson
587 931 112 27 föreslagit.

253 987 34 21 Hr
300 987 125 21 Hoikel:
457 988 27 21 Sä
499 990 65 31 gärna
579 988 35 27 jag
629 990 26 18 än
672 988 69 20 skulle
754 988 129 20 understöda
899 988 41 20 den
948 987 63 21 ärade

184 1015 152 33 petitionärens
352 1016 83 26 förslag,
451 1017 66 21 mäste
532 1017 35 27 jag
583 1017 60 26 dock,
658 1016 27 28 pä
700 1016 69 33 grund
786 1016 21 21 af
822 1016 41 21 den
875 1016 136 21 lokalkänne-

185 1044 49 20 dom
258 1044 7 20 i
288 1044 61 21 dessa
371 1046 79 20 trakter
472 1046 35 26 jag
530 1052 54 20 eger,
608 1034 70 32 denna
693 1046 56 26 gäng
764 1045 75 21 förena
853 1045 44 27 mig
913 1045 47 20 med
977 1045 35 20 hrr

185 1072 67 21 Lilius
275 1074 39 20 och
337 1073 92 24 Castrén,
452 1074 39 20 och
512 1074 52 21 efter
579 1074 118 27 gårdagens
713 1073 81 35 häftiga
807 1074 96 20 debatter
917 1075 24 19 är
955 1074 57 20 detta

184 1102 45 26 mig
244 1102 64 20 också
323 1108 25 14 en
364 1102 89 21 särskild
470 1102 82 27 fägnad.
583 1102 123 28 Nykarleby
722 1102 45 21 stad
784 1104 23 18 är
823 1102 85 26 mycket
921 1104 45 18 nätt
977 1102 35 20 be-

184 1129 63 33 lägen
271 1130 34 20 vid
329 1130 94 28 utloppet
438 1131 21 20 af
474 1131 70 27 Lappo
560 1131 33 21 älf.
624 1131 61 21 Invid
693 1125 83 27 "staden
792 1124 69 27 finnes
877 1132 30 19 ett
922 1130 90 21 semina-

184 1158 62 26 rium,
262 1158 59 21 öfver
336 1159 70 21 älfven
422 1160 32 20 för
470 1166 25 14 en
511 1162 65 18 större
592 1160 69 20 träbro
678 1160 39 20 och
733 1160 6 20 i
755 1159 103 21 närheten
874 1159 21 20 af
910 1159 40 20 den
969 1158 43 21 står

185 1193 27 14 en
228 1187 68 26 kyrka
311 1187 48 21 med
375 1194 25 14 en
417 1188 79 27 ganska
512 1188 40 27 hög
567 1188 110 27 tornspira,
690 1194 45 14 som
747 1188 79 27 prydes
836 1188 48 20 med
896 1194 27 14 en
933 1188 7 19 i
953 1194 59 20 sago-

184 1215 132 21 litteraturen
341 1216 113 21 välbekant
469 1217 169 27 kyrkoprydnad.
668 1217 158 26 Befolkningen
841 1216 7 20 i
866 1216 73 21 staden
961 1222 51 20 upp-

185 1244 37 26 går
245 1244 33 20 till
300 1244 75 21 inalles
399 1245 61 26 1,000
475 1252 104 20 personer.
609 1245 25 27 Ej
652 1245 67 21 häller
733 1232 69 34 finnes
818 1244 38 20 där
871 1244 44 27 mig
931 1244 82 20 veterli-

185 1278 41 21 gen
253 1272 65 27 nägra
334 1262 115 32 nämvärda
465 1274 77 27 kapital
558 1274 39 20 och
612 1274 47 20 icke
675 1274 66 20 häller
757 1273 66 27 några
834 1272 133 21 industriella
982 1272 31 20 in-

184 1301 124 27 rättningar.
338 1301 63 21 Hvad
417 1302 91 20 hamnen
525 1302 44 21 åter
585 1302 102 26 beträffar,
703 1302 23 20 så
741 1304 24 18 är
780 1302 41 20 den
837 1302 23 26 ju
875 1301 86 27 mycket
976 1301 37 20 bra

185 1329 8 20 i
216 1330 36 20 sitt
274 1330 45 27 slag
335 1330 39 20 och
390 1330 33 20 väl
440 1330 95 27 skyddad
551 1331 22 20 af
588 1333 57 19 nätta
661 1330 126 21 albeklädda
803 1326 88 42 holmar,
905 1336 50 14 men
971 1329 41 21 den

185 1358 39 20 har
240 1360 30 18 ett
285 1358 45 21 litet
346 1358 34 27 fel,
397 1359 35 21 det
448 1359 106 27 nämligen
570 1362 29 18 att
615 1360 88 20 bottnen
719 1360 68 26 ligger
797 1358 62 21 altför
870 1360 51 18 nära
932 1360 81 18 vatten-

185 1389 57 24 ytan.
273 1372 109 52 Antingen
407 1394 29 14 nu
459 1388 81 20 bottnet
561 1388 44 27 höjt
620 1388 32 26 sig
668 1388 51 20 eller
735 1389 82 19 vattnet
832 1387 62 20 sänkt
909 1387 38 27 sig,
964 1392 49 15 men

186 1408 71 27 säkert
272 1417 23 18 är
317 1418 30 18 att
366 1418 86 19 vattnen
472 1418 22 18 är
509 1416 23 21 så
546 1417 79 26 grundt
639 1419 30 18 att
685 1416 35 21 det
735 1416 66 20 händt
817 1418 30 18 att
862 1415 49 21 våra
927 1414 86 21 kustån-

185 1449 51 21 gare
251 1443 40 21 fått
306 1444 56 27 ligga
378 1444 37 21 där
431 1444 64 28 några
510 1445 64 27 dygn,
589 1445 90 21 emedan
695 1447 82 18 vattnet
793 1444 60 20 råkat
867 1444 56 20 falla.
939 1443 75 27 Någon

185 1472 80 20 rörelse
281 1472 59 21 torde
356 1473 18 26 ej
392 1473 66 21 häller
473 1473 129 21 förekomma
617 1474 7 20 i
640 1474 98 26 hamnen,
754 1478 89 15 numera
857 1474 24 19 är
895 1472 35 20 det
941 1472 74 21 endast

186 1500 26 20 de
236 1500 77 21 minsta
336 1501 138 21 kustbåtarna
496 1502 89 20 emellan
608 1502 56 20 Vasa
687 1502 39 20 och
744 1501 112 27 Uleåborg,
877 1507 45 14 som
939 1500 76 27 anlöpa

186 1528 71 21 denna
283 1529 69 26 hamn,
368 1530 70 27 någon
455 1530 55 27 gång
526 1530 25 21 de
567 1532 71 25 större,
654 1536 49 15 men
720 1530 26 20 då
762 1530 63 20 hafva
841 1530 26 20 de
883 1528 62 22 också
962 1528 53 21 varit
