1142 1773
232 130 55 20 1566

433 137 178 20 Borgareständet
624 137 57 16 1894.
706 137 27 16 30
745 136 47 20 maj.

205 216 77 20 honom
308 216 47 21 icke
382 216 88 22 äterstär
494 217 72 21 vidare
587 218 26 19 än
631 217 34 21 det
680 216 213 27 existensminimum,
909 222 44 15 som
969 216 62 26 lagen

202 244 32 21 för
249 245 66 21 andra
331 246 138 26 medborgare
484 246 138 27 undantager.

272 302 32 20 Hr
319 302 151 21 Neovius:
500 303 42 27 Jag
565 303 139 21 understöder
725 303 7 20 i
754 302 41 22 allo
819 303 25 20 hr
863 302 98 21 Jansson.
990 302 43 27 Jag

203 330 38 21 har
256 330 48 21 hela
319 331 58 21 tiden
393 332 54 20 varit
462 332 21 20 af
498 332 26 20 de
540 332 78 20 äsikter
633 332 41 20 han
691 332 74 20 uttalat
780 332 7 19 i
803 331 70 24 saken,
887 338 47 14 men
945 331 35 27 jag
993 332 38 19 har

203 359 73 26 begärt
298 360 60 20 ordet
380 360 32 20 för
430 362 30 19 att
476 360 122 28 ytterligare
614 360 110 21 framhälla
747 360 42 21 den
805 360 114 27 synpunkt,
935 366 44 14 som
995 360 36 26 jag

202 388 65 20 redan
284 388 64 21 första
364 389 88 26 gängen,
469 388 26 21 dä
510 389 74 27 frägan
601 396 37 14 var
652 390 51 26 före,
719 389 59 21 sökte
793 391 51 25 göra
859 388 102 28 gällande.
989 388 42 26 Jag

203 423 62 14 anser
281 417 106 27 nämligen
404 420 34 24 att,
454 424 34 14 om
504 418 193 21 införselinstitutet
713 418 68 20 skulle
791 417 104 27 afskafias,
904 424 47 14 man
961 416 69 21 skulle

202 445 70 21 införa
297 452 26 14 en
349 446 40 27 lag,
416 452 45 15 som
478 446 68 21 skulle
563 453 38 21 ega
617 446 112 22 retroaktiv
746 446 86 27 värkan,
847 446 89 21 emedan
952 452 78 21 genom

204 474 123 21 densamma
352 475 32 25 de,
409 481 44 15 som
477 475 64 21 redan
566 476 82 21 erhällit
665 475 87 21 införsel
767 476 7 20 i
790 475 70 27 nägou
876 475 41 26 lön,
933 474 74 27 skulle,
1022 474 7 20 i

205 503 101 20 händelse
333 504 157 27 värkställighet
516 507 59 18 ännu
600 505 45 20 icke
668 505 52 26 följt,
743 505 26 26 gä
784 504 61 21 miste
862 510 34 14 om
912 504 69 20 denna
997 503 33 20 sin

203 531 104 27 rättighet.
337 532 41 26 Jag
401 533 69 20 skulle
493 533 26 27 pä
542 533 25 20 de
591 533 44 21 skäl
651 533 35 21 hrr
701 533 92 21 Jansson
809 533 39 20 och
865 532 85 21 Castrén
966 532 64 20 fram-

203 559 60 22 hållit
290 561 38 20 och
356 561 62 21 äfven
443 562 27 27 pä
485 562 35 21 det
536 562 45 20 skäl
596 563 35 26 jag
646 563 37 20 sist
699 562 76 21 nämde
791 561 73 21 förena
880 561 43 27 mig
938 567 34 14 om
988 561 41 20 den

204 589 99 20 anhällan
318 591 30 19 att
363 590 173 27 borgareständet
553 591 48 20 ville
615 591 101 20 vidblifva
724 591 35 20 sitt
768 597 27 14 en
804 591 55 26 gäng
867 590 78 21 fattade
954 589 75 21 beslut.

273 646 32 21 Hr
320 646 184 22 Söderlund:
535 647 10 21 I
570 648 138 20 förevarande
736 648 95 27 lagfräga
854 647 38 20 har
914 653 48 14 man
979 646 51 21 talat

203 675 86 26 mycket
304 682 33 14 om
354 676 106 27 principer
475 677 38 20 och
530 677 81 26 teorier,
627 683 45 14 som
689 677 50 20 böra
754 676 109 21 vidhällas.
881 676 39 21 För
935 675 42 21 min
995 675 34 20 del

203 710 63 14 anser
280 704 35 27 jag
330 705 62 20 äfven
408 707 30 18 att
454 705 35 20 det
504 705 68 20 finnes
588 711 25 14 en
630 705 86 27 princip,
732 705 39 21 och
788 705 35 20 det
838 707 23 18 är
876 705 40 20 den
933 706 29 19 att
978 704 52 20 hvar

203 732 39 21 och
266 739 26 14 en
316 733 37 20 bör
369 740 49 13 vara
433 733 85 28 skyldig
533 735 30 19 att
578 734 69 21 betala
662 734 45 20 sina
723 733 128 28 utelöpande
867 733 91 20 skulder.
989 732 40 21 Om

203 767 29 14 nu
258 767 26 14 en
310 762 127 26 tjänsteman
462 763 48 20 med
533 762 50 21 flere
599 765 62 18 tusen
677 763 70 20 marks
760 763 35 20 lön
811 762 38 21 har
864 762 100 27 åtskilligt
980 761 49 20 med

203 789 93 27 skulder,
323 797 49 14 men
396 791 70 20 finner
492 793 29 18 att
547 791 35 20 det
607 791 46 20 icke
669 793 22 18 är
706 792 79 20 honom
801 791 99 20 bekvämt
915 793 29 18 att
960 789 69 22 betala

203 818 62 21 dessa
290 819 87 20 skulder
401 820 38 20 och
463 819 25 28 pä
512 820 40 20 den
575 820 68 27 grund
660 820 36 20 vill
712 820 44 20 rida
772 819 27 28 pä
815 819 72 27 lagens
903 819 88 26 bokstaf,
1006 818 24 21 sä

203 847 63 20 hafva
288 847 197 28 fordringsegarene
508 849 63 26 ingen
595 849 58 20 makt
670 849 48 20 med
735 849 84 20 honom.
850 848 29 20 Af
895 848 56 20 detta
967 847 62 21 enkla

202 875 46 21 skäl
264 875 68 21 skulle
348 877 34 26 jag
398 877 32 21 för
445 877 43 20 min
505 877 34 21 del
555 877 83 21 ansluta
654 877 42 27 mig
711 877 32 21 till
759 877 42 21 den
817 877 21 21 af
853 877 25 20 hr
892 876 91 21 Jansson
997 881 33 15 re-

203 904 42 21 dan
262 904 34 21 vid
312 905 126 27 föregäende
455 906 62 27 plena
533 906 39 20 och
587 906 63 20 äfven
666 906 34 21 vid
717 906 56 20 detta
790 906 93 20 uttalade
899 905 58 21 äsikt.
988 904 43 21 Det

203 933 37 20 har
263 933 61 21 äfven
347 936 56 25 sagts
426 936 35 25 att,
479 934 7 20 i
502 934 99 21 händelse
618 934 173 27 borgareständet
806 934 47 21 icke
869 934 68 20 skulle
953 935 77 25 antaga

203 961 41 21 den
268 962 21 20 af
308 962 24 20 R.
355 969 17 13 o.
388 962 26 21 A.
430 963 122 21 framstälda
567 963 162 27 inbjudningen,
744 963 49 21 hela
809 963 70 20 denna
895 962 134 26 utsöknings-

203 990 35 26 lag
254 990 68 21 skulle
338 990 88 22 förfalla.
457 991 38 21 Om
512 998 30 14 nu
558 992 23 20 sä
596 992 68 20 skulle
681 999 48 13 vara
745 994 30 18 att
791 991 173 26 borgareständet
980 990 50 21 ville

202 1018 93 21 vidhälla
318 1020 36 20 sitt
375 1020 55 20 förra
454 1020 68 21 beslut
543 1021 7 19 i
571 1020 80 27 frägan,
667 1023 34 18 vet
715 1021 36 27 jag
766 1020 47 20 icke
829 1020 55 20 hvad
900 1026 44 14 som
961 1018 69 22 skulle

201 1047 109 21 förhindra
326 1047 83 22 ständet
424 1051 36 25 att,
476 1049 32 20 för
522 1051 30 19 att
567 1049 130 21 förekomma
713 1051 29 19 att
757 1048 136 28 lagförslaget
909 1048 68 20 skulle
987 1048 43 20 för-

201 1075 57 27 falla,
284 1076 115 21 framställa
424 1084 26 14 en
476 1078 129 26 inbjudning
627 1078 31 20 till
679 1077 26 21 de
721 1078 68 26 ständ,
805 1084 45 14 som
866 1077 63 21 hafva
943 1076 87 21 beslutit

202 1106 29 18 ett
247 1107 85 18 motsatt
347 1105 121 21 förfarande
483 1106 6 20 i
506 1106 79 27 frägan.

271 1162 32 20 Hr
319 1162 151 28 Nybergh:
500 1163 195 21 Införselinstitutet
717 1163 120 27 innefattar,
861 1162 68 21 säsom
945 1162 85 26 bekant,

201 1192 30 19 att
254 1196 27 14 en
296 1191 42 26 lön,
359 1198 45 14 som
420 1193 58 19 ännu
493 1192 47 20 icke
555 1192 74 26 finnes,
645 1195 58 23 tages
718 1192 7 20 i
740 1194 45 18 mät
800 1192 33 20 för
847 1191 182 27 tjänstemannens

201 1218 92 22 skulder.
324 1219 38 21 Om
387 1220 21 20 vi
431 1227 29 13 nu
475 1220 31 20 till
522 1227 26 14 en
564 1220 72 27 början
654 1221 43 20 afse
713 1220 46 21 från
777 1220 35 20 det
827 1222 66 18 större
909 1219 51 21 eller
975 1218 54 21 min-

202 1247 36 20 dre
262 1247 86 27 bräktal,
371 1254 45 15 som
438 1248 38 21 bör
498 1251 58 25 tagas
578 1249 7 20 i
608 1251 48 24 mät,
672 1250 39 20 och
727 1251 77 25 antaga
820 1250 29 19 att
865 1248 41 20 den
921 1247 109 27 intjänade

202 1275 64 21 lönen
283 1276 6 20 i
305 1276 32 20 sin
353 1277 71 21 helhet
440 1280 59 24 tages
514 1278 7 20 i
537 1280 43 18 mät
595 1278 32 20 för
641 1278 68 26 skuld,
725 1278 22 20 sä
763 1279 24 19 är
803 1277 35 21 det
853 1276 34 21 väl
903 1276 63 21 allom
982 1275 47 27 tyd-

200 1304 39 27 ligt
262 1306 30 19 att
312 1311 26 14 en
354 1305 66 21 sädan
436 1306 87 20 införsel
539 1312 50 14 vore
605 1306 116 21 detsamma
736 1312 46 14 som
799 1308 29 18 att
843 1305 42 21 läta
901 1304 128 28 gäldenären

201 1333 68 20 svälta
291 1334 56 26 ihjäl.
377 1334 117 21 Införselns
510 1335 144 27 berättigande
670 1335 52 21 eller
736 1334 48 21 icke
800 1334 145 26 berättigande
961 1332 69 21 skulle

201 1361 83 21 säledes
299 1362 6 20 i
322 1362 72 27 hvarje
415 1362 37 21 fall
469 1363 49 21 bero
535 1363 25 27 pä
576 1370 26 14 en
618 1364 113 26 utredning
747 1370 34 14 om
798 1362 106 21 huruvida
920 1362 41 20 den
977 1361 53 21 äter-

200 1390 89 20 stäende
314 1390 63 21 lönen
404 1393 23 18 är
452 1392 23 20 sä
500 1394 49 24 stor,
574 1394 30 18 att
619 1392 40 20 den
675 1392 78 21 tilläter
768 1391 130 28 gäldenären
914 1393 29 18 att
958 1390 26 27 pä
1000 1391 30 19 ett

200 1418 126 28 nödtorftigt
350 1421 41 20 sätt
414 1420 97 20 existera.
542 1420 34 21 Nu
601 1422 24 18 är
647 1420 34 21 det
697 1420 78 27 tydligt
789 1422 31 18 att
834 1420 66 20 redan
915 1426 30 13 nu
960 1418 70 21 finnes

201 1452 26 15 en
253 1450 44 18 stor
322 1448 77 27 mängd
425 1449 126 25 tjänstemän
577 1450 39 19 och
632 1449 53 21 efter
699 1449 36 21 det
749 1448 102 28 pätänkta
866 1446 164 28 sammanjämk-

200 1475 176 28 ningsförslagets
391 1477 135 27 upphöjande
541 1477 32 21 till
589 1477 34 27 lag
637 1478 84 20 komme
733 1479 30 19 att
773 1477 70 21 finnas
856 1483 25 15 en
895 1478 57 19 ännu
963 1478 67 18 större

200 1504 79 27 mängd
305 1505 132 26 tjänstemän,
464 1506 82 20 hvilkas
571 1512 14 14 s.
610 1506 17 20 k.
648 1506 34 20 lön
699 1508 23 18 är
737 1506 21 20 af
774 1506 41 20 den
831 1506 60 26 ringa
907 1504 78 22 storlek
1001 1505 30 19 att

201 1532 41 20 den
266 1533 104 27 knappast
394 1534 76 21 förslår
492 1534 31 21 till
539 1534 61 21 deras
616 1534 127 27 nödtorftiga
759 1535 101 20 existens.
891 1534 10 20 I
917 1534 60 20 dessa
993 1533 38 21 fall
