1142 1773
236 134 41 20 930
437 140 178 21 Borgareståndet
627 140 58 17 1894.
711 141 12 16 2
735 141 48 20 maj.

207 221 41 25 ten,
271 220 27 27 på
321 222 40 19 sätt
383 220 22 21 af
425 220 113 21 utskottets
560 220 127 28 utläggning
701 222 6 18 i
723 221 89 21 ärendet
827 220 97 28 framgår,
939 222 51 19 utan
1007 222 30 20 att

207 255 38 15 ens
260 248 86 22 invänta
361 249 159 21 vederbörande
535 249 210 27 tackmyndigheters
760 249 98 27 yttrande
869 249 6 20 i
886 249 71 26 saken,
967 249 70 21 beslu-

207 278 25 20 tit
248 284 26 14 en
289 277 126 21 hemställan
430 277 32 21 till
477 277 27 21 H.
519 277 26 21 K.
562 277 27 21 M.
605 278 74 20 därom
695 279 30 19 att
739 278 28 20 H.
783 277 27 21 M.
828 278 62 20 »ville
906 284 77 20 genom
999 278 37 20 all-

206 308 50 18 män
278 306 126 27 författning
425 306 99 27 förbjuda
546 306 139 27 tillvärkning
708 306 21 21 af
749 306 107 28 margarin
872 306 7 20 i
896 306 71 21 landet
980 306 56 20 intill

206 334 49 22 dess
277 335 246 21 nästsammanträdande
546 335 85 21 ständer
653 341 73 15 vunne
751 335 82 21 tillfälle
857 337 30 19 att
901 335 32 27 sig
948 335 6 20 i
970 334 66 21 saken

206 365 76 25 yttra».
313 363 108 21 Utskottet
443 364 38 20 har
504 363 100 27 slutligen
626 363 69 27 ingått
715 364 7 20 i
737 370 26 14 en
780 364 82 26 rättslig
877 363 160 27 undersökning

207 391 109 28 angående
338 392 156 26 befogenheten
516 392 22 20 af
560 392 41 20 den
617 392 162 27 ifrågavarande
794 392 125 21 hemställan
935 392 39 21 och
989 392 48 20 där-

206 420 36 20 vid
265 420 89 21 kommit
375 420 29 21 till
422 420 36 22 det
472 420 89 21 resultat
575 422 30 19 att
621 420 103 21 utskottet
741 422 83 20 »ansett
839 421 32 27 sig
886 420 50 21 böra
959 420 77 21 betona

206 451 30 19 att
252 449 66 28 enligt
332 455 30 15 nu
378 449 98 27 gällande
491 449 249 27 grundlagsstadganden
757 449 70 28 någon
842 451 41 19 rätt
898 449 33 21 för
943 449 93 27 regerin-

206 484 41 21 gen
268 478 47 21 icke
339 478 114 21 förefinnes
468 480 31 19 att
513 479 7 19 i
536 478 154 21 administrativ
706 480 41 25 väg
761 478 84 21 utfärda
861 480 118 25 temporära
993 477 44 21 för-

206 507 44 20 bud
277 507 58 20 inom
360 509 30 18 ett
411 506 236 28 lagstiftningsområde,
668 507 85 25 hvilket,
779 507 70 20 såsom
865 507 35 20 det
914 513 29 14 nu
959 506 77 27 ifråga-

206 535 99 26 varande,
321 537 23 19 är
358 535 33 21 för
406 535 54 21 båda
475 535 162 21 statsmakterna
653 538 152 24 gemensamt».
835 535 49 22 Med
895 535 83 27 hänsyn
989 535 47 20 här-

206 564 32 21 till
261 570 62 15 anser
342 564 35 27 jag
392 564 44 27 mig
451 564 51 21 böra
517 564 66 21 uttala
599 565 30 19 ett
645 563 132 28 beklagande
793 564 98 21 däröfver
905 565 30 19 att
950 563 87 28 plurali-

206 594 58 19 teten
286 593 57 20 inom
366 593 41 20 den
429 593 111 20 inhemska
562 592 173 21 rådskammaren
763 593 36 20 vid
814 593 75 20 sådant
904 592 131 21 förhållande

205 621 72 21 funnit
287 621 33 20 för
330 621 50 27 godt
390 621 38 21 hos
445 621 27 21 H.
488 621 26 21 K.
526 621 29 21 M.
567 621 112 21 hemställa
689 628 34 13 om
740 627 27 15 en
782 621 217 28 lagstiftningsåtgärd
1015 621 22 20 af

208 649 41 22 den
271 650 103 21 innebörd
398 656 45 15 som
466 650 77 27 nådiga
565 649 143 28 kungörelsen
732 650 21 20 af
775 650 41 21 den
834 650 27 20 14
875 650 39 27 juli
930 650 54 21 1892
1001 656 34 14 om

205 678 77 21 förbud
305 678 108 21 tilsvidare
436 679 33 20 för
487 679 137 26 tillvärkning
647 678 21 20 af
682 679 108 26 margarin
805 679 7 20 i
828 678 95 21 Finland.
953 678 84 21 Därhos

206 707 37 21 ber
258 707 35 27 jag
308 709 30 19 att
353 707 7 20 i
376 707 40 21 allo
432 707 22 21 få
468 707 105 27 tillstyrka
589 706 156 28 godkännande
759 707 22 20 af
796 707 35 21 det
846 707 78 27 förslag
935 707 102 21 utskottet

205 735 109 21 framstält.

274 793 33 21 Hr
321 793 121 21 Heikel:
459 793 11 20 I
486 791 40 23 dén
542 793 65 21 första
620 793 63 21 delen
699 793 21 21 af
735 793 58 21 detta
801 792 150 28 förtjänstfulla
961 792 74 21 betän-

205 821 70 22 kande
298 822 91 27 redogör
410 822 102 21 utskottet
534 822 33 20 för
587 822 71 21 denna
673 822 70 27 frågas
759 822 114 27 uppkomst
887 821 40 21 och
942 820 94 22 behand-

205 850 46 27 ling
272 851 58 20 inom
351 850 113 27 kejserliga
479 852 93 19 senaten.
603 850 49 21 Med
669 851 117 26 anledning
801 850 21 21 af
837 851 70 20 denna
922 849 113 21 framställ-

206 879 51 27 ning
279 879 63 21 utber
362 879 36 27 jag
419 879 45 27 mig
479 881 30 19 att
523 879 21 21 få
559 881 50 25 göra
625 885 27 15 en
668 879 91 27 erinran,
775 885 27 15 en
818 879 85 21 erinran
919 878 53 21 dock
987 877 48 21 icke

205 908 32 20 till
252 908 108 27 utskottet,
376 910 52 18 utan
442 908 49 20 med
507 906 100 22 afseende
623 908 12 20 å
651 908 40 20 den
705 908 78 27 praxis,
795 914 45 14 som
852 908 7 20 i
872 907 49 21 våra
934 907 100 21 utskotts-

205 936 150 21 betänkanden
378 937 7 19 i
401 936 72 27 dylika
488 936 38 21 fall
538 936 89 27 tidigare
643 937 40 20 och
698 936 62 21 äfven
777 943 30 13 nu
822 936 69 20 blifvit
905 936 58 26 följd.
993 934 42 22 Det

205 965 39 20 har
264 965 54 21 varit
332 965 126 27 sedvanligt,
476 965 27 20 då
518 965 107 21 utskotten
641 965 108 27 redogjort
764 965 33 20 för
819 964 216 27 meningsskiljaktig-

205 993 59 21 heter
289 994 7 20 i
319 995 94 25 senaten,
436 995 30 19 att
489 993 52 22 blott
564 995 77 19 nämna
657 996 30 18 att
702 993 23 21 så
741 994 39 20 och
797 994 23 20 så
834 993 77 27 många
927 995 109 18 senatorer

205 1022 47 20 haft
267 1028 27 14 en
310 1022 112 21 afvikande
438 1022 88 27 mening
540 1022 52 21 eller
607 1022 76 21 uttalat
698 1022 33 27 sig
745 1022 7 20 i
769 1022 41 20 den
826 1022 53 20 eller
893 1022 40 20 den
945 1021 90 21 riktnin-

206 1056 46 21 gen.
283 1050 27 21 Sä
325 1050 122 21 framhälles
462 1050 62 21 äfven
540 1051 7 19 i
563 1050 57 21 detta
635 1050 135 21 betänkande
786 1053 30 18 att
831 1050 43 21 fem
889 1050 21 20 af
925 1050 110 20 deiären-

205 1079 47 21 dets
266 1078 131 28 behandling
411 1079 8 21 i
434 1080 87 20 senaten
533 1079 126 27 deltagande
670 1079 168 21 medlemmarne
849 1078 75 21 uttalat
937 1084 27 14 en
975 1078 60 26 äsikt,

204 1107 76 21 medan
298 1108 26 20 de
343 1108 67 27 öfriga
425 1108 42 20 fem
484 1108 48 26 hyst
547 1114 26 14 en
589 1114 78 14 annan.
697 1107 80 21 Vidare
793 1107 52 21 talas
862 1114 34 14 om
912 1113 26 15 en
955 1108 80 19 senats-

204 1136 100 27 ledamot,
319 1136 95 21 hörande
429 1136 33 20 till
476 1136 141 27 minoriteten,
633 1142 46 15 som
693 1138 66 25 yttrat
775 1136 32 27 sig
821 1136 8 20 i
844 1142 26 14 en
886 1135 93 27 riktning
995 1135 39 20 och

205 1164 100 28 slutligen
328 1171 35 14 om
384 1166 79 19 tvänne
484 1165 21 20 af
526 1166 99 19 senatens
647 1164 146 27 medlemmar,
809 1170 46 14 som
870 1164 49 26 hyst
934 1170 26 14 en
976 1163 58 27 skilj-

204 1192 58 28 aktig
278 1193 54 21 äsikt
347 1193 40 21 och
402 1193 75 21 uttalat
492 1193 32 27 sig
542 1193 4 20 i
561 1200 26 14 en
603 1200 77 14 annan.
711 1193 50 21 Man
777 1193 39 20 har
830 1192 90 21 sälunda
935 1194 29 18 att
983 1194 52 24 göra

204 1221 49 21 med
279 1222 133 27 opersonliga
437 1222 138 20 medlemmar
595 1222 8 20 i
625 1222 133 27 regeringen,
782 1228 45 14 som
850 1221 53 21 blott
918 1221 117 20 benämnas

204 1256 100 14 nummer
328 1250 18 27 1,
371 1250 19 26 2,
412 1251 19 25 3,
446 1251 20 26 4,
481 1257 18 13 o.
514 1256 16 14 s.
546 1257 18 13 v.
593 1249 34 21 Då
642 1257 50 13 man
707 1250 68 20 måste
790 1250 112 20 förutsätta
917 1251 29 19 att
961 1249 74 26 hvarje

204 1278 94 21 ledamot
320 1278 22 21 af
363 1279 126 27 regeringen
510 1279 83 27 afgifvit
611 1279 36 20 sitt
662 1278 110 21 uttalande
787 1278 8 20 i
810 1284 25 15 en
853 1278 66 26 viktig
933 1277 60 27 fräga
1007 1277 28 27 pä

204 1307 70 27 grund
297 1307 22 20 af
341 1313 54 21 egen
410 1307 132 27 själfständig
558 1307 147 27 öfvertygelse,
720 1307 68 21 måste
804 1307 35 20 det
853 1306 47 21 från
916 1306 53 20 hans
984 1312 51 20 syn-

203 1335 69 27 punkt
286 1336 47 20 sedt
348 1342 50 14 vara
412 1336 33 20 för
460 1336 78 20 honom
554 1338 119 24 angenämt,
689 1342 34 14 om
739 1336 7 20 i
762 1335 73 27 dylika
846 1334 145 28 redogörelser
1002 1334 32 20 till

204 1364 114 21 ständerna
338 1364 43 21 han
404 1364 63 21 äfven
490 1364 68 23 skulle
581 1366 89 18 nämnas
693 1364 24 20 sä
737 1366 30 19 att
786 1364 79 20 enhvar
888 1363 69 21 skulle
980 1364 54 24 veta,

203 1392 87 21 hvilken
306 1392 54 21 äsikt
375 1392 42 21 han
433 1392 101 28 omfattat,
550 1392 39 21 och
605 1393 41 20 han
662 1392 102 28 möjligen
779 1392 46 21 icke
838 1392 75 20 blifver
923 1391 112 21 misstänkt

204 1420 32 21 för
262 1423 30 19 att
313 1421 63 21 hafva
398 1422 50 26 hyst
468 1427 26 15 en
516 1421 59 27 äsikt,
596 1427 46 15 som
667 1422 42 20 han
726 1421 117 27 bekämpat,
860 1420 52 21 eller
927 1422 29 18 att
971 1419 63 21 hafva

205 1448 91 28 bidragit
317 1449 32 21 till
372 1456 26 14 en
422 1450 78 27 ätgärd,
523 1456 44 14 som
584 1450 42 20 han
641 1450 106 20 mähända
763 1451 70 19 ansett
847 1448 115 28 lagstridig.
992 1447 43 21 Det

204 1484 64 20 synes
290 1478 44 27 mig
357 1478 71 20 därför
453 1484 49 14 vara
517 1477 92 28 önskligt
625 1480 29 18 att
669 1478 33 20 för
716 1478 114 20 framtiden
853 1480 30 18 ett
905 1478 65 20 annat
991 1476 43 20 för-

203 1506 88 21 farande
307 1506 7 20 i
330 1506 72 27 dylika
412 1506 37 21 fall
460 1506 64 21 mätte
539 1506 66 21 insläs
616 1507 39 20 och
667 1506 26 21 de
704 1508 115 25 senatorer,
833 1506 33 20 för
881 1506 82 20 hvilkas
979 1507 56 19 utta-

203 1534 79 21 landen
306 1535 119 27 redogöres,
441 1537 89 19 nämnas
545 1535 34 20 vid
595 1541 71 15 namn.
696 1535 57 21 Frän
769 1535 78 21 allmän
863 1534 109 28 synpunkt
987 1533 47 21 sedt
