1142 1773
223 120 55 20 1482
425 126 179 21 Borgareståndet
618 127 56 16 1894.
701 128 27 16 28
741 127 47 21 maj.

192 210 69 21 skulle
284 210 98 28 inryckas
397 212 7 20 i
419 214 117 18 momentet
556 214 23 18 är
601 212 123 28 visserligen
741 212 64 26 fallet,
821 218 50 15 men
886 214 23 19 är
924 212 98 21 fullkom-

192 239 38 27 ligt
245 239 7 20 i
268 240 33 20 sin
318 240 94 28 ordning,
428 244 23 23 ty
467 240 34 21 vid
517 240 218 28 landsvägabyggnad
750 241 131 21 förekomma
897 241 66 27 precis
979 240 42 20 lika

191 268 77 27 farliga
283 268 86 21 arbeten
385 275 45 15 som
446 269 104 27 någonsin
564 270 34 20 vid
609 269 206 27 järnvägsbyggnad.
841 269 69 21 Också
921 270 37 20 där
967 269 54 21 före-

192 296 86 21 komma
301 298 182 26 stensprängning,
506 298 193 27 bärgssprängning
722 298 39 21 och
783 298 180 27 jordschaktning,
985 297 35 21 vid

191 325 72 21 hvilka
278 325 111 27 olycksfall
404 332 46 15 som
465 327 63 20 oftast
543 327 136 20 förekomma.
709 326 42 28 Jag
766 326 41 21 kan
823 327 47 20 icke
886 327 57 25 fatta,
960 327 60 20 hvar-

192 354 33 20 för
240 354 79 20 sådana
334 354 130 28 landsväga-,
480 355 98 21 chauss6-
593 356 38 20 och
645 355 176 27 gatubyggnader
834 355 69 21 skulle
914 355 106 21 uteslutas.

192 382 42 21 Det
257 389 49 14 vore
329 383 45 21 icke
394 384 132 20 konsekvent
541 384 40 20 och
596 384 68 20 skulle
680 384 47 20 icke
748 384 63 20 hafva
827 384 69 27 nägon
913 384 108 27 principiel

191 411 70 26 grund
285 412 33 20 för
341 412 37 26 sig.
407 413 39 19 Att
460 412 7 20 i
483 412 65 21 första
569 415 117 18 momentet
710 412 109 27 uppräkna
842 412 108 23 stenbrott,
966 415 55 17 sten-

192 440 90 26 huggeri
312 440 80 27 hjälper
413 441 46 20 icke
482 440 31 22 till
529 441 64 21 saken
611 441 129 21 beträffande
755 441 222 27 landsvägabyggnad,
999 443 22 24 ty

191 468 106 21 stenbrott
319 471 23 18 är
363 469 117 28 nägonting
502 470 43 20 helt
567 473 65 17 annat
654 472 25 18 än
697 473 56 18 sten-
769 470 39 21 och
824 470 197 27 bärgssprängning.

262 531 32 21 Hr
309 531 118 22 Kurtén:
458 533 42 27 Jag
515 532 37 21 ber
567 533 75 20 endast
657 535 30 18 att
701 533 21 20 få
739 533 89 27 upplysa
844 533 25 20 hr
879 533 142 27 Wiljakainen

192 566 36 14 om
240 562 30 18 att
286 560 34 21 det
337 567 28 14 nu
380 561 64 20 redan
462 563 22 19 är
500 561 82 27 möjligt
597 564 30 18 att
638 561 21 21 fä
670 561 243 28 olycksfallsförsäkring
923 561 97 27 gällande

191 588 35 21 för
241 594 26 15 en
284 589 83 20 kortare
382 589 29 21 tid
428 592 25 18 än
471 592 29 19 ett
515 590 43 21 helt
574 590 27 20 är.
632 590 62 21 Hvad
711 590 45 21 äter
772 592 94 19 moment
882 590 19 24 b)
919 589 101 27 beträffar,

192 617 23 20 sä
232 617 37 20 har
284 617 36 21 det
335 618 53 20 varit
403 619 111 20 utskottets
530 619 63 20 afsikt
608 621 30 18 att
654 619 93 20 undvika
763 621 30 18 att
808 621 51 24 göra
874 619 94 20 arbetare
985 618 34 21 vid

193 645 111 21 allehanda
320 646 106 27 byavägar
442 647 39 20 och
496 647 86 21 arbeten
599 647 12 20 å
627 650 103 17 trummor
745 647 39 21 och
797 649 79 19 smärre
888 647 132 27 brobyggna-

192 674 38 21 der
246 675 154 21 underkastade
416 675 70 21 denna
501 676 39 27 lag.

260 743 33 21 Hr
308 743 154 22 Schvindt:
493 745 72 20 Koska
581 745 83 20 meidän
683 751 81 14 maassa
774 744 101 27 jokainen
887 743 131 22 manttaaliin

191 778 88 20 pannun
295 779 61 14 maan
372 773 96 27 omistaja
484 780 25 13 on
527 773 127 20 velvollinen
672 773 150 21 rakentamaan
839 773 56 26 tietä,
907 773 43 20 niin
961 773 57 20 tulisi

190 800 54 20 siinä
269 801 141 26 tapauksessa,
436 804 42 18 että
500 802 132 27 tientekijäin
655 801 58 21 tulisi
738 802 115 20 vakuuttaa
869 802 149 26 tvömiehensä,

192 829 99 20 kaikkien
308 830 182 27 maanomistajain
507 830 112 21 Suomessa
636 831 115 20 vakuuttaa
765 830 151 27 työmiehensä.

259 897 33 21 Hr
307 898 155 21 Cronvall:
478 899 41 27 Jag
534 899 69 21 skulle
617 899 47 21 icke
681 900 74 20 endast
772 899 49 27 vilja
833 899 72 21 förena
916 899 43 26 mig
969 898 48 21 med

190 929 161 18 reservanterna
367 934 34 14 om
417 930 29 18 att
461 928 134 26 jordbrukets
611 928 127 26 binäringar,
749 928 38 20 där
798 928 97 26 ängkraft
905 927 112 25 användes,

190 954 66 21 blifva
278 955 155 22 underkastade
456 956 136 26 obligatorisk
615 956 124 27 försäkring,
763 959 52 17 utan
833 956 36 27 jag
884 956 67 20 skulle
968 956 49 26 vilja

188 983 28 27 gå
240 983 79 27 längre.
350 984 40 21 Vid
416 985 134 27 jordbrukets
572 985 121 27 binäringar
715 984 109 21 användes
846 985 6 19 i
874 984 37 21 vär
925 984 30 21 tid
971 984 46 20 icke

188 1012 77 20 endast
280 1012 102 27 ängkraft,
398 1016 50 18 utan
465 1013 24 27 pä
506 1020 73 14 senare
595 1013 54 21 tider
659 1014 109 20 användes
779 1014 61 20 äfven
853 1013 99 21 elektrisk
963 1012 54 21 kraft

188 1040 41 21 och
252 1041 66 20 redan
340 1041 45 21 frän
402 1042 100 26 gammalt
518 1042 132 20 vattenkraft.
680 1042 143 20 Jordbrukets
839 1042 119 26 binäringar
973 1048 44 14 om-

188 1068 52 21 fatta
256 1069 7 20 i
279 1069 37 21 vär
330 1070 30 20 tid
376 1072 30 18 ett
420 1071 79 27 ganska
515 1073 52 18 stort
582 1070 91 27 omfäng.
701 1070 31 21 De
743 1070 74 20 därvid
829 1070 96 20 använda
936 1070 81 20 arbeta-

188 1104 51 14 rena
254 1100 42 24 äro,
312 1098 68 20 säsom
396 1099 25 20 hr
436 1099 141 27 Wiljakainen
594 1099 37 20 har
647 1099 80 24 uttalat,
743 1099 47 21 icke
805 1098 150 27 fackarbetare,
966 1101 50 18 utan

188 1126 76 20 endast
286 1126 68 21 under
374 1127 41 21 den
438 1128 29 20 tid
492 1128 123 25 binäringen
632 1128 79 27 fortgär
726 1127 69 21 under
811 1127 44 21 äret
876 1127 93 27 placeras
984 1134 32 13 ar-

188 1154 87 21 betaren
291 1157 29 19 att
335 1155 60 21 sköta
410 1162 26 14 en
452 1156 87 20 maskin.
569 1156 41 26 Jag
625 1162 63 15 anser
703 1156 72 20 därför
789 1156 36 20 det
841 1162 49 14 vara
900 1156 23 20 sä
933 1155 84 27 mycket

187 1189 46 14 mer
257 1184 130 26 nödvändigt
408 1187 30 18 att
459 1184 59 21 dessa
539 1191 106 21 personer,
661 1191 44 14 som
721 1184 48 21 icke
785 1186 36 18 äro
836 1184 158 20 hemmastadda
1009 1184 7 20 i

188 1211 173 21 handhafvandet
376 1213 22 20 af
413 1213 25 21 de
455 1214 111 25 maskiner,
581 1220 46 14 som
643 1213 26 21 de
685 1213 71 21 tidtals
772 1213 66 25 sköta,
853 1212 104 21 försäkras
973 1214 44 18 mot

187 1239 119 27 olycksfall.
335 1241 39 21 Att
389 1241 35 21 det
439 1241 68 21 skulle
524 1244 73 24 utgöra
613 1241 64 27 nägot
691 1242 77 20 hinder
783 1241 33 21 för
827 1241 61 21 deras
899 1241 117 27 försäkring

186 1270 32 18 att
240 1268 26 21 de
289 1269 46 21 icke
359 1270 72 20 arbeta
446 1270 44 20 året
506 1277 40 14 om,
561 1270 57 20 inser
632 1270 36 27 jag
683 1270 52 24 icke,
751 1273 23 23 tv
791 1270 72 26 hvarje
879 1269 137 27 försäkrings-

187 1296 69 28 bolag,
280 1298 38 20 hos
338 1298 80 20 hvilket
433 1298 35 21 det
483 1299 94 20 anmäles
592 1301 30 18 att
637 1299 110 20 arbetaren
763 1298 48 21 icke
827 1298 47 20 hela
889 1298 44 20 äret
948 1304 33 14 om
993 1300 24 18 är

185 1325 9 19 i
210 1325 70 21 denna
296 1326 166 28 sysselsättning,
477 1329 59 25 tager
551 1327 82 26 hänsyn
649 1327 70 21 därtill
735 1327 39 20 och
788 1326 127 21 bestämmer
925 1326 91 21 därefter

186 1354 46 20 sina
256 1354 147 27 prämiesatser
426 1355 62 27 lägre.
518 1355 32 21 En
575 1356 98 20 orättvisa
696 1358 45 18 mot
758 1355 145 27 jordbrukare,
919 1361 44 14 som
981 1355 35 20 be-

186 1382 69 21 drifva
279 1383 126 27 binäringar,
424 1384 6 20 i
446 1384 131 20 förhällande
593 1384 31 20 till
640 1384 179 20 industriidkarne
842 1383 69 21 skulle
926 1383 90 20 sälunda

185 1410 48 21 icke
249 1411 132 21 förekomma
396 1412 34 20 vid
447 1412 136 27 obligatorisk
598 1412 119 28 försäkring
732 1413 34 20 för
777 1412 118 26 olycksfall.
917 1412 32 20 Hr
961 1411 54 21 Tall-

185 1438 58 27 gvist
265 1440 39 20 har
326 1440 69 21 anfört
417 1440 105 28 åtskilliga
545 1441 165 26 anmärkningar
732 1443 46 18 mot
801 1442 94 19 moment
910 1440 20 26 b)
945 1440 7 20 i
968 1440 12 20 2
997 1440 18 26 $.

184 1466 44 28 Jag
250 1468 68 21 mäste
333 1469 107 27 medgifva
456 1472 29 18 att
500 1470 52 20 hans
568 1469 164 27 anmärkningar
747 1471 36 19 äro
800 1468 135 28 berättigade,
951 1471 22 23 ty
989 1468 27 20 dä

185 1502 49 14 man
257 1502 26 15 en
306 1496 56 28 gäng
384 1498 8 20 i
414 1500 30 18 ett
461 1500 95 18 moment
570 1497 129 27 specifiserat
713 1497 104 21 särskilda
833 1497 92 26 arbeten,
940 1497 23 20 sä
978 1496 39 21 bör

184 1530 51 14 man
258 1524 54 22 dock
335 1525 47 21 icke
398 1526 104 21 uraktläta
517 1529 30 18 att
562 1526 71 27 intaga
648 1526 79 20 sädana
743 1526 80 26 viktiga
839 1526 39 20 och
893 1525 75 27 farliga
983 1532 33 14 ar-
