1142 1773
358 148 179 19 Borgareståndet
549 150 56 16 1894.
630 150 23 16 19
665 149 47 21 maj.
867 144 56 20 1289

126 228 36 20 rad
178 234 76 21 genom
270 228 105 28 grundlag
390 231 36 24 att,
442 235 34 14 om
492 229 42 20 han
554 229 139 27 försvarligen
709 229 72 21 sköter
795 229 47 21 sina
857 229 94 27 åliggan-

126 256 47 28 den,
188 257 41 20 han
245 257 59 20 alltid
320 257 52 21 skall
390 257 20 21 fä
426 257 83 21 behälla
525 258 41 20 den
581 258 54 26 plats
651 258 40 20 och
706 258 26 20 de
743 258 156 20 löneförmäner
908 258 42 20 han

126 285 98 27 ätnjuter,
240 286 39 20 och
294 286 62 20 äfven
372 292 34 14 om
422 286 52 20 hans
490 286 145 27 skyldigheter
650 286 94 28 upphöra
760 292 77 21 genom
853 288 30 19 att
897 287 54 26 tjän-

125 316 46 19 sten
186 314 105 27 indrages,
306 316 23 18 är
343 314 42 21 han
406 314 6 20 i
429 314 41 20 alla
485 314 36 21 fall
548 314 116 28 berättigad
680 315 32 21 till
727 315 62 20 dessa
803 315 107 21 förmäner
924 315 28 27 pä

125 349 15 14 s.
156 342 20 21 k.
191 342 186 28 indragningsstat.
400 342 42 21 Det
457 343 63 21 räder
534 343 81 21 säledes
631 350 28 14 en
675 344 104 26 väsentlig
794 344 82 20 skilnad
886 344 65 20 emel-

125 371 34 21 lan
175 378 101 20 personer
291 372 7 19 i
313 372 68 26 privat
396 372 64 26 tjänst
475 372 39 20 och
530 372 6 20 i
552 374 79 18 statens
647 372 70 27 tjänst,
733 372 39 20 och
789 372 35 21 det
833 378 64 20 synes
907 372 45 26 mig

125 400 47 20 icke
188 406 50 14 vara
253 400 48 20 med
324 400 86 20 rättvisa
425 400 39 20 och
487 400 96 28 billighet
597 400 101 28 förenligt
719 403 30 18 att
764 407 26 14 en
807 407 82 21 person,
905 407 46 14 som

126 428 60 21 sitter
200 428 49 21 med
265 429 41 26 hög
321 428 42 27 lön,
378 435 46 14 som
439 429 41 20 han
497 428 79 29 ärligen
593 429 52 21 eller
659 429 129 28 mänatligen
804 430 87 27 uppbär,
903 429 48 21 icke

126 457 54 20 skall
195 457 73 20 kunna
290 457 78 21 förmäs
391 459 29 19 att
442 457 92 21 därifrän
556 458 53 21 afstä
624 458 65 27 nägot
703 459 33 20 för
751 459 46 20 sina
813 459 138 26 borgenärers

126 485 130 28 förnöjande.
286 486 48 21 Han
350 485 68 22 lefver
440 486 51 27 godt
513 487 38 20 och
574 487 157 27 borgenärerna
747 487 21 20 fä
782 487 44 20 helt
841 487 72 21 enkelt
927 493 23 14 se

126 514 70 27 därpä,
212 517 51 18 utan
280 517 29 18 att
324 515 84 20 komma
432 515 20 20 ät
467 515 54 20 hans
544 515 113 27 tillgängar
671 515 27 28 pä
713 515 36 22 det
764 517 46 24 sätt,
825 522 46 14 som
887 521 64 21 synes

126 543 44 27 mig
186 550 49 13 vara
251 543 36 21 det
302 543 54 21 enda
372 543 110 28 naturliga.
506 543 41 28 Jag
562 544 140 21 understöder
717 545 25 20 hr
757 544 98 21 Castréns
867 544 84 27 förslag.

194 599 34 22 Hr
242 600 149 27 Federley:
422 600 41 27 Jag
485 601 42 20 kan
547 601 46 20 icke
617 601 111 21 underläta
751 603 30 19 att
795 601 112 20 framhälla
922 603 30 18 ett

127 629 95 26 exempel
240 629 26 27 pä
281 629 102 20 hvarthän
404 629 175 28 införseltvänget
594 630 41 20 kan
651 629 54 21 leda.
735 629 41 28 Jag
791 630 38 20 har
844 629 107 28 nämligen

127 657 55 20 ifrån
196 657 45 21 min
264 658 292 26 tjänstemannavärksamhet
578 659 121 20 erfarenhet
721 659 20 20 af
759 658 84 21 hvartill
859 659 35 20 det
909 659 42 20 kan

126 685 48 21 leda
190 686 48 21 med
255 686 40 21 den
311 686 57 27 lägre
385 686 135 27 betjäningen
536 687 34 20 vid
588 687 146 26 järnvägarna.
765 687 81 20 Genom
863 687 40 20 den
919 689 33 18 sä-

126 713 79 28 kerhet,
228 721 45 14 som
296 715 98 20 särskildt
414 715 158 21 vederbörande
592 715 180 21 landthandlande
796 716 63 20 hafva
874 722 78 20 genom

127 744 30 19 att
172 743 25 20 de
213 743 73 20 kunna
302 743 64 20 vinna
380 743 86 21 införsel
482 744 7 19 i
505 743 40 21 den
562 744 57 27 lägre
635 744 148 27 betjäningens
797 744 66 27 löner,
875 744 77 27 bevilja

127 771 26 20 de
169 771 48 20 dem
232 771 32 21 till
287 778 26 14 en
329 771 73 28 början
426 779 26 14 en
468 772 124 21 oinskränkt
615 773 74 20 kredit.
719 772 63 21 Detta
803 773 72 20 lockar
891 773 62 20 dessa

128 799 92 28 betjänte
244 802 29 19 att
288 801 84 20 utöfver
394 801 32 20 sin
441 801 95 26 förmäga
558 801 65 20 anlita
639 801 70 21 denna
723 801 74 21 kredit.
828 801 124 21 Sedermera

127 828 107 27 afstänges
250 829 101 20 krediten.
382 829 41 21 Det
438 829 63 27 följer
516 829 74 21 växlar
612 830 39 20 och
667 830 90 21 skulden
774 830 50 21 ökas
840 830 38 20 och
895 829 56 21 ökas.

128 856 27 21 Sä
170 857 62 20 sökes
248 857 42 21 den
306 861 28 23 ut,
357 857 23 21 sä
395 858 61 20 sökes
480 858 36 21 det
530 858 94 27 införsel,
646 859 39 20 och
701 858 22 21 sä
746 858 21 21 få
783 859 60 20 dessa
860 858 92 27 betjänte

126 885 49 21 med
192 888 56 18 stora
264 886 91 27 familjer
370 887 57 26 tjäna
442 887 32 20 för
489 887 71 21 halfva
576 887 129 27 aflöningen,
720 887 86 21 hvilken
821 888 8 20 i
844 887 72 26 regeln
929 888 24 19 är

126 914 34 20 för
175 914 48 21 dem
246 914 84 22 absolut
352 915 126 27 otillräcklig
500 916 32 20 till
552 916 41 20 den
609 916 52 20 allra
677 916 160 27 nödtorftigaste
853 916 99 20 utkomst.

127 942 64 21 Detta
206 945 24 18 är
245 950 35 20 nu,
304 944 40 20 kan
367 950 50 14 man
440 946 55 25 säga,
519 944 35 21 det
577 945 86 20 rättvisa
686 944 85 27 straffet,
787 951 45 14 som
848 944 25 20 de
889 944 64 21 hafva

128 971 82 27 ådragit
224 972 33 26 sig
272 978 75 21 genom
371 972 35 21 sitt
421 972 107 27 lättsinne,
550 979 48 15 men
615 973 117 21 emellertid
755 973 43 21 står
811 972 143 28 järnvägsför-

127 1000 125 27 valtningen
265 1000 90 21 emellan
369 1001 25 21 de
406 1001 54 21 båda
470 1001 174 27 ytterligheterna
655 1004 30 18 att
695 1002 100 26 antingen
806 1001 87 21 afskeda
904 1001 49 21 dem

128 1028 52 21 eller
195 1029 63 20 hafva
274 1035 26 15 en
316 1029 114 27 betjäning,
453 1030 86 20 hvilken
555 1030 21 20 af
598 1030 138 21 ekonomiska
752 1030 125 27 bekymmer
891 1032 24 18 är
929 1029 25 21 sä

128 1057 112 27 nedtryckt
256 1060 30 18 att
301 1058 40 20 den
357 1058 46 20 icke
419 1058 27 27 pä
460 1060 30 19 ett
505 1058 195 21 tillfredsställande
719 1061 40 19 sätt
774 1059 42 21 kan
832 1059 59 20 sköta
907 1058 46 20 sina

128 1085 133 27 äligganden.
290 1086 62 21 Detta
368 1087 38 20 har
422 1086 64 22 vällat
500 1087 81 27 ganska
596 1089 56 19 stora
669 1087 128 27 bekymmer.
821 1087 73 21 Skulle
905 1087 49 20 icke

128 1114 57 21 detta
200 1114 152 28 införseltväng
366 1114 75 28 finnas,
457 1116 23 20 sä
496 1116 69 20 skulle
580 1116 47 20 icke
643 1116 70 20 denna
728 1116 69 21 kredit
808 1116 94 26 beviljas,
914 1116 40 20 och

128 1142 26 21 de
170 1142 69 22 skulle
261 1143 88 21 afhällas
364 1143 46 21 frän
434 1144 70 20 denna
520 1144 134 21 ekonomiskt
677 1144 127 21 ruinerande
820 1144 136 27 benägenhet

128 1172 30 20 att
174 1171 66 21 anlita
255 1172 101 20 krediten.

197 1228 33 21 Hr
245 1228 163 22 Stenström:
438 1229 33 21 Hr
486 1229 102 27 Nybergh
604 1230 77 20 nämde
697 1232 29 19 att
741 1232 68 19 staten
825 1230 38 20 har
872 1231 41 19 rätt
925 1231 31 19 att

128 1256 72 21 fordra
222 1259 30 19 att
275 1258 48 20 dess
345 1258 125 26 tjänstemän
492 1258 60 20 skola
567 1258 65 20 blifva
648 1258 120 21 bibehällna
785 1258 33 20 vid
835 1258 46 20 sina
896 1258 60 20 löne-

128 1285 112 21 förmäner.
271 1285 76 21 Sävida
361 1287 35 26 jag
411 1286 47 21 icke
473 1287 176 27 missuppfattade
664 1287 25 20 hr
700 1287 106 27 Nybergh,
817 1286 69 21 skulle
897 1286 60 21 detta

129 1314 37 20 ske
181 1320 77 21 genom
274 1314 252 29 införselförordningens
548 1316 149 26 upphäfvande
713 1316 38 20 och
771 1316 48 20 dess
835 1314 121 22 ersättande

129 1342 48 21 med
193 1342 161 28 ifrågavarande
370 1343 12 27 $
399 1343 18 20 6.
437 1343 31 21 Är
483 1350 30 14 nu
529 1344 69 20 denna
614 1344 55 20 åsikt
684 1344 68 26 riktig,
768 1344 23 20 sä
806 1344 40 20 kan
862 1344 35 26 jag
907 1343 49 21 icke

128 1370 65 21 förstä
203 1371 56 21 hvad
272 1378 48 14 man
332 1372 54 20 afser
396 1372 48 20 med
451 1372 131 28 stadgandet
594 1372 7 20 i
613 1372 69 21 denna
693 1372 96 28 paragraf
801 1372 61 21 därom
880 1373 30 19 att
919 1371 36 21 lön

129 1400 40 20 och
183 1400 89 26 pension
288 1400 21 20 få
324 1402 96 18 utmätas.
445 1400 31 20 Är
492 1400 36 21 det
543 1400 26 21 dä
583 1401 116 27 meningen
722 1403 29 19 att
767 1401 56 21 detta
839 1400 118 27 stadgande

128 1428 48 20 icke
191 1428 54 20 skall
260 1428 73 21 kunna
348 1429 7 20 i
370 1428 110 28 praktiken
497 1429 85 21 komma
597 1429 32 21 till
645 1429 151 27 användning?

197 1484 33 21 Hr
245 1485 142 27 Nybergh:
418 1485 41 21 Det
474 1492 66 20 synes
554 1486 44 26 mig
619 1492 46 14 som
681 1492 35 14 om
731 1486 25 20 hr
770 1486 76 21 Heikel
863 1486 6 20 i
885 1486 72 20 denna

128 1513 60 27 fräga
202 1513 112 21 inblandat
329 1516 29 19 ett
373 1516 101 24 moment,
485 1520 46 14 som
543 1514 38 21 har
590 1514 86 27 mycket
687 1514 59 27 ringa
757 1514 118 27 inflytande
886 1514 71 27 därpä.

128 1542 38 26 Ty,
188 1542 70 20 säsom
280 1542 66 21 redan
369 1542 21 21 af
413 1542 24 20 hr
459 1542 115 27 Federleys
597 1543 136 27 andragande
753 1543 108 27 framgick,
877 1544 36 19 äro
929 1542 27 21 de
