1142 1773
215 120 55 20 1488
411 126 178 22 Borgareståndet
603 128 57 16 1894.
685 128 26 17 28
724 128 48 20 maj.

184 206 34 20 för
233 206 168 27 ansvarigheten,
424 206 22 22 så
470 207 65 21 borde
559 214 49 14 man
629 208 68 27 aldrig
711 208 64 20 hafva
789 207 47 21 låtit
851 207 79 21 honom
945 207 68 21 öfver-

185 236 49 25 taga
250 234 46 21 den.
319 235 40 21 Om
374 237 165 25 entreprenören
554 236 67 27 enligt
636 238 47 19 näst
697 236 129 27 föregående
841 238 95 19 moment
946 235 67 21 öfver-

186 265 60 25 tager
260 263 49 21 hela
324 264 85 26 arbetet,
424 264 81 21 hvilket
520 264 42 21 kan
577 265 28 27 gå
620 271 43 21 upp
678 267 13 18 t.
708 271 33 15 ex.
754 264 32 22 till
796 264 55 22 blott
862 265 75 27 10,000
947 263 66 27 mark,

186 291 27 21 då
228 293 24 19 är
267 292 41 20 han
325 292 130 28 vederhäftig
471 293 76 27 därför,
570 300 49 14 men
636 300 34 14 om
692 294 42 20 han
750 293 67 27 enligt
832 293 51 21 sista
897 294 117 20 momentet

187 320 39 20 har
240 320 112 27 öfvertagit
368 322 74 20 endast
457 328 26 14 en
500 322 41 26 del,
556 328 46 14 som
618 322 41 20 kan
675 322 69 27 uppgå
760 322 32 21 till
808 322 90 27 500,000
909 322 65 26 mark,
987 320 27 22 då

186 350 23 19 är
224 349 42 21 han
282 349 46 21 icke
344 350 130 27 vederhäftig
490 350 79 21 därför!

255 411 33 21 Hr
303 411 115 29 Elving:
449 412 63 22 Detta
536 413 117 27 stadgande
675 413 69 21 skulle
767 413 64 21 äfven
854 419 26 15 ur
901 419 26 15 en
943 419 70 14 annan

186 440 110 27 synpunkt
319 440 73 21 kunna
412 441 74 21 utfalla
508 441 87 28 obilligt.
625 441 51 22 Man
691 441 32 21 får
738 441 131 22 öfverlämna
885 442 47 20 hela
947 441 66 28 bygg-

186 469 146 21 nadsarbetets
355 470 111 21 utförande
489 471 27 26 på
538 471 141 27 entreprenad
702 470 21 21 åt
743 477 27 14 en
786 471 81 26 ganska
882 470 131 27 tvifvelaktig

186 503 84 21 person,
292 498 54 21 blott
368 499 41 20 han
432 499 55 27 gjort
502 499 31 20 till
550 499 35 21 sitt
600 499 136 27 lefnadsyrke
752 501 30 19 att
798 499 69 21 utföra
883 499 78 20 sådana
977 505 36 14 en-

186 527 143 26 treprenader,
344 527 39 21 och
400 527 25 20 då
441 529 23 19 är
479 534 48 14 man
544 528 26 20 fri
585 528 47 20 från
648 528 28 21 all
691 528 141 27 ansvarighet,
849 534 49 15 men
914 534 34 14 om
963 534 50 14 man

186 556 14 19 t.
216 561 33 14 ex.
266 555 141 21 öfverlämnar
424 556 188 27 målningsarbetet
627 557 21 20 af
663 559 30 18 ett
707 558 66 19 större
789 557 46 25 hus,
851 563 45 14 som
912 557 37 20 har
961 563 52 20 upp-

186 583 52 21 förts
254 583 32 21 för
302 590 38 15 ens
355 585 95 27 räkning,
466 585 20 20 åt
501 585 86 21 stadens
608 585 115 21 förnämste
739 585 85 23 målare,
840 585 27 20 då
882 585 66 20 måste
963 591 50 14 man

185 611 131 22 fortfarande
332 613 32 20 stä
379 613 7 20 i
402 614 135 26 ansvarighet
553 613 75 21 därför.
659 613 39 22 Om
714 620 47 14 man
779 620 30 14 nu
825 613 69 21 under
909 613 57 21 tiden
978 613 35 21 be-

186 639 70 22 finner
270 641 33 26 sig
318 641 26 27 pä
359 648 26 14 en
402 642 133 27 utrikesresa,
558 642 23 21 sä
597 643 41 20 kan
659 649 50 14 man
731 643 64 20 hafva
811 642 41 21 den
867 642 62 27 glada
945 642 68 21 öfver-

186 669 137 28 raskningen,
346 670 26 21 dä
395 677 48 14 man
467 671 96 20 kommer
578 671 55 27 hem,
656 673 35 25 att,
707 671 67 21 ehuru
791 677 55 20 man,
862 671 69 20 säsom
947 671 66 26 sagdt,

185 697 39 20 har
239 698 75 21 anlitat
328 705 33 20 en,
377 705 45 14 som
438 699 36 21 det
488 699 81 27 tyckes,
584 699 86 27 mycket
691 699 74 28 duglig
780 706 83 21 person,
879 699 41 21 han
936 705 77 22 genom

184 726 70 27 nägon
271 727 114 21 konfusion
401 728 125 21 försummat
541 728 33 21 sin
589 728 122 27 skyldighet
726 729 38 20 och
787 730 30 19 att
832 735 49 14 man
897 728 32 20 fär
945 727 68 22 betala

186 754 60 21 böter
262 756 39 20 och
324 756 65 27 nägra
405 757 58 20 tiotal
485 759 62 18 tusen
564 757 70 20 marks
655 757 188 27 skadeersättning.
873 756 42 28 Jag
929 757 86 20 förenar

186 783 44 28 mig
244 784 50 21 med
309 784 25 21 hr
349 784 107 28 Hallberg.

255 852 33 21 Hr
303 852 133 22 Sommer:
458 853 40 21 För
514 855 30 19 att
559 853 116 28 förebygga
691 855 29 19 att
735 853 167 27 arbetsgifvaron
918 853 7 20 i
941 853 72 27 hvarje

185 880 101 22 särskildt
301 881 37 21 fall
353 881 54 21 skall
422 882 81 28 nödgas
518 882 95 21 försäkra
628 882 32 28 sig
675 889 34 14 om
725 884 30 19 att
770 882 48 27 den,
834 888 44 14 som
895 882 119 26 öfvertager

186 910 176 27 entreprenaden,
378 912 23 19 är
416 911 136 27 vederhäftig,
569 911 37 20 har
621 911 102 21 utskottet
737 911 76 27 intagit
823 911 57 21 detta
891 910 122 28 stadgande.

185 937 46 21 Har
246 944 28 14 en
288 938 85 28 målare,
396 946 45 14 som
465 940 112 26 öfvertagit
599 939 188 27 mälningsarbetet
809 940 7 20 i
833 941 29 19 ett
882 942 47 24 nytt
945 940 45 25 hus,
1006 939 7 20 i

185 966 117 22 allmänhet
318 967 45 21 sina
380 968 95 21 arbetare
490 968 47 21 icke
553 968 127 26 försäkrade,
700 968 24 20 sä
738 968 62 20 faller
815 968 67 27 enligt
897 968 56 20 detta
969 974 45 14 mo-

184 997 59 19 ment
259 996 238 28 ansvarsskyldigheten
512 996 26 28 pä
553 996 90 28 gärdens
659 1002 68 22 egare.

254 1063 34 21 Hr
302 1064 156 27 Tallgvist:
488 1064 42 28 Jag
552 1072 38 13 var
612 1064 87 22 betänkt
718 1066 30 20 att
763 1066 51 26 göra
829 1064 88 21 alldeles
932 1070 81 15 samma

185 1092 143 27 anmärkning
350 1095 44 19 mot
409 1093 67 27 tredje
498 1095 117 19 momentet
629 1093 8 20 i
652 1094 13 20 3
681 1094 18 26 8,
715 1100 45 14 som
776 1093 26 21 hr
815 1092 104 28 Hallberg
934 1092 79 28 gjorde,

185 1120 40 20 och
239 1121 37 27 jag
292 1121 36 20 vill
344 1121 70 21 därför
429 1122 7 20 i
452 1122 40 20 allo
509 1122 129 20 understöda
653 1122 84 20 honom.
760 1122 43 27 Jag
818 1123 37 25 gör
871 1121 35 21 det
921 1121 23 21 sä
955 1128 58 20 myc-

184 1148 37 21 ket
236 1156 47 14 mer
297 1156 46 14 som
358 1150 36 27 jag
408 1150 69 21 finner
492 1152 30 19 att
537 1156 49 15 man
603 1150 122 27 härigenom
741 1150 39 21 har
795 1150 44 27 gått
850 1150 23 20 sä
883 1150 59 27 långt
952 1150 7 20 i
970 1150 43 20 väl-

184 1177 90 28 mening
296 1178 39 20 och
356 1178 90 22 intresse
469 1178 33 21 för
522 1178 111 22 arbetaren
655 1180 30 19 att
707 1185 49 14 man
772 1178 48 22 icke
836 1178 67 27 ätnöjt
917 1178 32 27 sig
964 1178 49 21 med

185 1205 64 21 enkel
265 1206 103 28 säkerhet,
385 1209 50 19 utan
451 1207 54 21 skall
520 1207 63 21 hafva
599 1207 78 21 dubbel
692 1207 73 27 sådan,
775 1207 53 21 först
838 1208 175 26 entreprenörens

184 1234 41 20 och
240 1235 66 20 sedan
329 1235 151 27 byggherrens.
510 1235 63 21 Detta
595 1238 24 18 är
641 1242 26 14 en
689 1236 85 26 mycket
795 1236 49 20 svår
859 1235 154 21 bestämmelse.

184 1262 81 21 Nästan
283 1264 34 20 vid
333 1264 73 27 hvarje
421 1266 66 19 större
507 1264 141 27 husbyggnad
665 1264 39 21 och
724 1264 35 20 vid
775 1264 74 27 hvarje
865 1266 66 18 större
947 1264 66 26 bygg-

184 1291 137 28 nadsföretag
343 1292 77 21 anlitar
442 1299 49 14 man
514 1299 26 14 en
561 1293 52 21 eller
632 1292 51 22 flere
699 1294 167 26 entreprenörer.
897 1292 44 21 När
956 1292 57 21 detta

184 1319 46 27 hus,
246 1320 155 25 ständerhuset,
417 1321 121 27 uppfördes,
553 1322 48 26 gick
616 1328 111 14 murarens
742 1321 33 21 för
790 1321 63 21 huset
863 1321 150 27 entreprenad-

184 1354 85 15 summa
284 1349 31 21 till
332 1349 64 27 något
411 1350 59 20 öfver
484 1350 91 26 600,000
585 1350 66 26 mark,
662 1350 105 20 målarens
779 1350 39 20 och
829 1349 184 27 styckarbetarens

184 1378 227 26 entreprenadsumma
426 1378 48 27 gick
490 1378 64 21 också
568 1385 43 20 upp
626 1378 32 21 till
673 1378 50 21 flere
739 1378 124 20 tiotaltusen
878 1378 65 20 mark.
971 1378 42 20 Vid

184 1405 123 21 utförandet
322 1406 22 20 af
359 1406 57 21 detta
431 1407 40 20 hus
486 1406 70 21 skulle
571 1407 62 21 dessa
645 1408 162 26 entreprenörer
817 1406 83 21 således
910 1406 47 21 icke
968 1408 45 19 ute-

184 1433 100 21 slutande
307 1434 54 21 varit
383 1435 117 27 ansvarige,
522 1442 35 14 om
579 1435 62 27 lagen
657 1435 27 21 då
700 1435 53 21 hade
769 1435 56 21 varit
839 1434 106 28 gällande,
961 1436 52 19 utan

183 1461 125 23 därutöfver
322 1463 281 28 ständerhusdelegationen.
633 1463 41 21 Det
689 1465 23 19 är
733 1463 118 28 någonting
865 1465 76 25 ytterst
962 1469 51 15 ona-

183 1490 75 28 turligt
273 1491 7 21 i
296 1491 57 21 detta
368 1494 106 19 moments
490 1492 139 27 bestämning.
