1142 1773
387 133 181 21 Borgareståndet
584 134 56 16 1894.
665 134 26 16 23
703 134 48 20 maj.
883 128 54 20 1365

205 213 33 21 Hr
258 213 137 21 Neovius:
420 213 45 27 Mig
487 220 65 20 synes
567 215 29 19 att
611 213 102 21 utskottet
729 213 44 26 gått
788 213 33 20 för
835 213 60 27 långt
903 209 9 36 i
931 213 36 20 sitt

137 241 84 27 förslag.
252 242 40 26 Jag
308 248 61 15 anser
385 242 108 26 nämligen
510 244 30 18 att
556 242 33 20 det
605 242 46 20 icke
667 242 71 20 tillhör
753 242 113 20 ständerna
878 244 30 18 att
918 243 48 25 taga

137 270 69 21 under
228 271 134 26 ompröfning
384 271 115 20 hurudana
515 270 70 20 skolor
600 270 59 20 skola
674 270 69 20 finnas
759 271 27 26 pä
801 270 41 20 den
859 276 40 14 ena
914 270 53 20 eller

137 299 65 21 andra
218 302 66 21 orten,
300 306 32 13 om
350 299 40 21 den
407 299 52 21 eller
475 299 42 21 den
533 299 73 20 skolan
621 299 52 20 skall
691 299 109 20 förändras
817 298 31 21 tili
864 305 25 13 en
906 298 59 20 skola

138 328 20 25 af
178 334 70 14 annan
270 330 32 18 art
317 328 107 20 äfvensom
445 334 35 14 om
497 334 27 14 en
540 328 58 20 skola
614 328 7 20 i
637 334 26 14 en
679 328 20 20 af
716 328 49 20 våra
781 327 116 21 småstäder
912 327 53 20 skall

138 356 118 26 öfvertagas
280 356 20 20 af
323 357 125 26 regeringen
473 356 40 20 och
529 358 37 18 när
582 359 29 18 ett
626 356 75 20 sädant
717 356 150 27 öfvertagande
883 356 38 20 bör
936 356 30 20 af-

137 385 47 20 slås.
214 384 63 21 Detta
292 387 23 18 är
330 385 78 20 sådana
425 385 142 26 detaljfrägor,
583 385 77 23 hvilka,
677 385 69 20 såsom
763 385 43 20 ofta
821 385 64 20 redan
902 384 64 21 fram-

137 413 70 21 hållits
229 414 58 19 inom
311 414 56 20 detta
388 414 67 26 stånd,
472 413 48 21 icke
536 414 49 20 böra
601 416 74 24 utgöra
690 413 88 21 föremål
793 414 34 20 för
842 413 123 21 ständernas

138 442 100 21 debatter.
268 442 41 26 Jag
331 442 32 21 får
386 442 70 21 därför
479 442 78 21 föreslå
575 444 29 19 att
626 442 84 21 ståndet
726 442 49 21 ville
791 442 70 21 lämna
878 442 40 20 alla
933 442 32 20 så-

138 471 54 20 dana
215 471 142 26 detaljförslag
372 471 118 20 obeaktade
507 471 39 20 och
561 474 47 23 taga
624 471 74 20 endast
714 471 40 20 den
771 471 106 20 allmänna
893 471 72 26 frågan

138 500 68 20 under
222 499 126 27 diskussion,
365 500 107 27 nämligen
489 500 41 20 den
548 507 25 13 om
574 497 176 23 förvandlande
766 500 21 20 af
802 499 164 21 elementarsko-

137 528 61 21 lorna
221 528 31 21 till
276 528 134 27 femklassiga
434 528 157 27 mellanskolor,
615 529 86 20 afsedda
717 531 29 18 att
761 528 112 21 förbereda
889 528 29 20 till
934 528 31 19 in-

138 557 58 20 träde
211 557 27 27 pä
253 557 106 27 praktiska
379 557 158 26 lefnadsyrken.
566 557 11 20 I
592 557 220 21 öfverensstämmelse
828 557 85 20 härmed
929 563 37 14 an-

138 592 34 14 ser
186 586 34 26 jag
236 588 30 18 att
281 586 21 19 af
317 585 25 21 de
358 586 34 20 tvä
408 586 111 26 klämmar,
535 593 44 13 som
594 585 69 21 finnas
680 586 25 27 pä
721 586 59 20 sidan
798 587 33 24 33,
847 585 41 20 den
900 585 65 20 andra

138 614 106 21 klämmen
261 614 63 21 borde
341 614 49 27 utgå
406 614 39 21 och
462 615 42 20 den
520 615 63 20 första
599 615 107 20 klämmen
723 615 79 20 erhällä
818 621 26 14 en
860 621 57 13 mera
931 620 34 20 ge-

138 643 58 20 nerel
218 643 145 26 formulering,
382 643 22 20 sä
420 645 30 18 att
466 644 123 19 densamma
605 643 69 20 skulle
690 643 87 20 omfatta
793 643 61 20 äfven
872 643 25 20 de
913 643 53 26 peti-

138 671 73 25 tioner,
234 678 44 14 som
302 672 20 19 afses
373 672 4 19 i
395 672 41 20 den
459 672 72 20 andra.
561 671 10 21 I
587 672 74 20 sådant
677 672 55 26 syfte
748 672 32 20 får
795 672 35 27 jag
845 671 76 21 föreslå
937 673 28 18 att

138 706 25 14 ur
186 700 39 21 den
248 700 64 21 första
331 701 107 20 klämmen
459 700 102 21 uteslutes
577 701 59 20 ordet
653 700 186 27 vifrägavarande»
857 700 26 27 pä
898 700 67 26 tredje

138 729 64 20 raden
226 729 98 26 uppifrän
346 729 110 20 äfvensom
480 731 31 18 att
530 735 64 14 orden
613 729 116 20 »ombildas
745 729 39 20 och
800 729 121 20 utvecklas»
939 728 27 27 pä

138 757 66 26 fjärde
221 757 64 20 raden
303 757 94 21 nedifrån
415 757 87 27 utbytas
518 760 44 18 mot
577 758 63 20 orden
660 761 101 17 »ersättas
777 758 40 20 af».
848 757 10 21 I
874 758 31 19 sin
922 757 43 20 hel-

138 786 35 20 het
188 786 68 20 skulle
272 786 107 20 klämmen
394 786 83 21 således
493 786 22 21 få
530 786 91 21 följande
638 786 91 27 lydelse:
747 790 29 17 att
787 786 103 27 styrelsen
900 786 64 20 måtte

138 816 48 25 taga
208 815 68 20 under
299 815 134 26 ompröfning
453 815 105 20 huruvida
573 815 39 20 och
627 817 25 25 på
669 815 72 20 hvilka
757 815 68 20 vilkor
840 815 125 20 elementar-

138 843 76 26 skolor,
236 843 33 20 för
292 846 30 17 att
344 843 6 20 i
373 844 64 25 högre
453 843 53 27 grad
522 846 25 18 än
571 844 58 20 hittils
645 844 72 20 kunna
733 843 53 27 fylla
802 844 35 20 det
853 843 46 21 med
917 843 48 20 dem

138 871 86 21 afsedda
247 871 65 28 syftet
334 874 29 18 att
386 872 110 20 förbereda
517 873 75 26 jämväl
610 873 30 20 till
657 873 82 20 inträde
756 873 33 19 vid
806 872 106 27 praktiska
927 871 38 21 lef-

138 900 125 25 nadsbanor,
286 901 71 20 kunde
378 903 88 18 ersättas
483 901 21 20 af
520 902 133 26 femklassiga
669 901 152 20 mellanskolor
836 901 47 20 med
901 900 64 21 afslu-

139 929 46 20 tade
208 929 196 21 elementarkurser,
428 930 6 19 i
450 930 73 20 hvilka
546 930 75 23 skolor,
637 937 33 13 om
688 930 158 20 vederbörande
863 930 101 20 kommun

138 957 72 21 därom
226 958 99 26 anhåller,
341 958 61 20 äfven
418 958 76 21 flickor
513 965 51 20 finge
580 959 87 27 intagas.

206 1014 32 20 Hr
260 1015 186 26 Aejmelxus:
471 1016 127 20 Valiokunta
621 1022 27 14 on
671 1016 166 20 mietinnössään
858 1017 107 19 osottanut

138 1047 111 23 suopeutta
265 1043 58 21 niille
339 1044 238 22 anomusehdotuksille,
589 1045 64 19 missä
664 1044 126 27 pyydetään,
799 1051 66 13 muun
875 1050 90 19 muassa,

138 1074 42 18 että
202 1072 131 26 Jyväskylän
356 1073 124 26 kaupungin
499 1073 123 20 klassillisen
639 1073 74 26 lyseon
730 1073 91 20 rinnalla
837 1073 59 20 oleva
913 1072 52 21 neli-

137 1100 129 21 luokkainen
291 1101 135 20 reaaliosasto
454 1102 177 26 laajennettaisiin
665 1102 144 26 täydelliseksi
843 1101 122 21 —reaaliosas-

139 1129 60 20 toksi.
230 1129 72 21 Siihen
325 1130 81 20 nähden
432 1130 61 20 olisin
519 1131 80 26 pitänyt
614 1130 212 27 johdonmukaisena,
843 1132 41 18 että
901 1130 64 20 valio-

138 1157 65 21 kunta
227 1160 102 24 pontensa
344 1159 18 25 e)
383 1158 99 21 kohdalla
499 1160 46 19 olisi
561 1159 101 20 lausunut
678 1165 85 14 samaan
780 1163 111 17 suuntaan.
923 1158 42 21 Eh-

138 1186 106 20 dottelisin
268 1186 41 23 siis,
332 1189 42 19 että
397 1187 98 21 mainittu
519 1188 63 20 kohta
604 1188 57 20 tulisi
684 1188 131 20 kuulumaan
832 1188 59 20 näin:
910 1189 55 19 vettä

137 1214 63 21 valtio
216 1215 118 27 laajentaisi
349 1216 142 20 klassillisissa
508 1216 101 26 lyseoissa
617 1216 95 27 löytyvät
720 1216 163 21 neliluokkaiset
891 1216 74 20 reaali-

138 1245 78 19 osastot
237 1244 140 26 täydellisiksi
400 1244 159 27 reaalilinjoiksi
581 1245 20 27 ja
618 1245 74 20 antaisi
709 1245 145 20 asianhaarain
872 1245 91 20 mukaan

137 1272 105 20 sovitetun
256 1268 10 37 —
273 1272 120 21 valtioavun
416 1273 108 21 sellaisille
547 1274 160 26 reaalilinjoille,
731 1274 51 26 joita
807 1274 87 20 kunnan
921 1273 44 21 tahi

137 1300 125 49 jäänen
287 1301 176 21 kustannuksella
486 1302 141 26 ylläpidetään
651 1302 127 20 klassillisen
800 1302 73 27 lyseon
889 1302 76 26 yhtey-

152 1335 65 14 essä».

204 1386 32 21 Hr
252 1387 217 27 Wiljakainen:
494 1387 38 21 Jos
556 1390 54 18 tämä
626 1388 144 20 valiokunnan
794 1388 90 21 ehdotus
907 1388 57 20 tulee

136 1415 94 27 säätyjen
254 1416 138 26 päätökseksi,
417 1416 44 20 niin
485 1416 110 26 erehtyvät
617 1423 26 14 ne
663 1417 131 20 anomuksen
812 1417 78 27 tekijät,
906 1416 58 27 jotka

136 1447 48 17 ovat
199 1444 107 20 toivoneet
326 1450 101 14 saavansa
445 1447 39 24 nyt
500 1445 129 26 kysymyksessä
680 1445 68 21 olevia
763 1446 74 20 suuria
853 1445 111 27 epäkohtia

136 1472 138 26 poistetuiksi.
304 1472 34 21 He
354 1475 49 18 ovat
419 1474 109 20 tahtoneet
544 1473 63 21 saada
621 1474 203 26 paikkakunnilleen
841 1474 124 26 laveampaa

136 1500 138 27 oppilaitosta,
296 1501 49 26 joka
361 1502 86 20 vastaisi
463 1504 113 18 enemmän
592 1502 47 26 ajan
656 1505 94 18 tarvetta.
781 1502 68 20 Mutta
865 1505 38 23 nyt
919 1508 46 14 saa-

136 1531 34 18 vat
186 1529 25 20 he
228 1530 152 26 vastaukseksi,
395 1530 33 26 jos
444 1530 145 20 valiokunnan
604 1530 89 21 ehdotus
709 1530 154 27 hyväksytään,
879 1532 42 19 että
935 1532 30 19 tä-
