1142 1773
363 131 180 21 Borgareståndet
556 131 56 17 1894.
637 132 27 16 24
675 132 49 20 maj.
873 126 53 20 1377

196 210 116 28 Föredrogs
335 210 172 21 bankutskottets
531 210 34 21 vid
581 213 84 19 senaste
681 210 88 28 plenum
785 210 116 28 bordlagda
916 211 41 20 för-

126 239 46 27 slag
194 239 33 21 till
246 240 199 26 sammanjänkning
461 239 21 21 af
498 239 102 21 ständens
616 239 57 21 olika
689 239 69 21 beslut
774 239 90 21 rörande
880 240 12 26 $
909 240 26 20 74
950 240 7 20 i

127 268 36 20 det
186 268 21 20 af
228 268 101 20 utskottet
351 268 7 20 i
381 268 48 20 dess
445 268 136 20 betänkande
597 274 35 14 n:o
649 268 12 20 2
677 268 32 20 till
725 268 124 20 ständernas
866 268 92 20 behand-

126 296 46 28 ling
194 296 157 21 öfverlämnade
373 296 79 28 förslag
474 296 33 21 till
523 298 46 25 nytt
584 296 131 28 reglemente
731 296 33 21 för
778 296 101 21 Finlands
896 296 61 21 bank.

197 354 65 20 Ordet
284 354 102 26 begärdes
409 354 21 20 af
453 354 25 20 hr
494 354 147 26 Neovius,
657 360 46 14 som
719 354 94 26 yttrade:
834 353 41 27 Jag
889 353 69 21 finner

127 382 47 21 icke
197 382 70 27 nägon
290 382 115 27 anledning
423 382 33 21 för
471 382 85 20 ständet
571 384 29 18 att
615 382 50 27 ingä
680 382 27 27 pä
723 382 57 21 detta
795 382 163 27 sammanjämk-

128 411 146 27 ningsförslag.
304 410 32 21 De
356 411 138 27 synpunkter,
518 417 45 14 som
585 411 125 21 föranledde
733 411 174 27 borgareständet
929 413 30 19 att

128 442 77 25 antaga
227 440 39 21 den
283 439 118 28 föreslagna
417 440 98 26 lydelsen
530 439 34 21 för
579 440 11 27 $
607 440 27 20 74
649 440 8 20 i
672 440 145 27 reglementet,
833 446 63 20 synas
911 439 47 22 icke

128 469 27 26 pä
171 469 64 26 nägot
250 470 40 19 sätt
305 468 70 21 blifvit
390 468 102 25 rubbade,
508 469 39 20 och
564 468 68 21 skulle
647 469 36 26 jag
698 469 27 26 pä
740 469 42 20 den
797 468 69 27 grund
882 468 77 21 föreslä

128 499 31 18 att
181 497 177 27 borgareständet,
381 497 49 20 med
445 497 136 21 förkastande
598 497 21 20 af
634 497 324 27 sammanjämkningsförslaget,

129 525 65 21 mätte
210 525 100 21 vidblifva
326 526 35 20 sitt
376 526 89 27 tidigare
481 525 71 22 beslut
567 526 90 21 rörande
673 526 70 20 denna
758 526 103 27 paragraf.

198 582 153 21 Diskussionen
375 583 125 21 afstannade
523 583 92 26 härmed,
638 583 107 21 hvarefter
760 583 90 26 ståndet,
864 583 7 20 i
887 583 72 21 anled-

130 612 52 27 ning
204 611 22 21 af
247 612 25 20 hr
294 611 100 21 Neovius'
410 611 85 28 förslag,
512 611 104 21 förelades
631 612 94 27 följande
741 612 218 27 omröstningspropo-

129 640 73 21 sition:

199 697 39 28 De,
255 697 73 22 hvilka
344 698 118 27 godkänna
483 697 169 22 bankutskottets
672 705 33 14 nu
716 697 173 33 ifrågavarande
897 704 60 15 sam-

129 726 271 33 manjämkningsförslag,
416 728 60 19 rösta
491 727 37 26 ja;
546 727 30 26 de,
592 727 35 20 det
641 727 46 20 icke
701 729 61 25 göra,
777 728 60 19 rösta
852 727 49 26 nej;

198 755 80 20 vinner
299 755 41 27 nej,
362 755 42 32 har
420 755 178 27 borgareståndet
612 755 109 27 förkastat
735 755 105 28 förslaget
855 755 39 21 och
909 755 48 20 vid-

130 783 76 28 blifvit
220 783 38 21 sitt
274 783 92 28 tidigare
381 783 9 21 i
405 785 76 19 ämnet
496 783 84 28 fattade
596 783 75 22 beslut.

200 840 161 28 Propositionen
377 841 127 21 besvarades
520 841 49 20 med
585 841 156 26 öfvervägande
757 841 26 27 ja,
799 840 84 21 hvadan
894 840 67 21 bank-

131 869 113 21 utskottets
273 869 113 21 omordade
412 869 299 28 sammanjämkningsförslag
736 869 69 21 blifvit
830 869 21 21 af
877 869 84 21 ståndet

131 898 113 27 godkändt.

202 1040 117 28 Föredrogs
341 1041 171 21 bankutskottets
536 1041 34 21 vid
591 1043 84 19 senaste
691 1041 87 27 plenum
793 1041 117 27 bordlagda
926 1040 35 21 be-

132 1070 108 20 tänkande
256 1076 33 14 n:o
306 1071 11 19 7
334 1070 110 27 angående
461 1070 34 20 val
511 1070 21 20 af
553 1070 192 27 bankfullmäktige
761 1070 38 21 och
815 1069 146 21 fastställande

133 1098 21 20 af
169 1098 127 21 instruktion
312 1098 33 21 för
360 1099 54 26 dem,
434 1099 40 20 och
490 1099 7 19 i
514 1099 154 27 sammanhang
681 1098 87 22 därmed

202 1133 80 15 samma
305 1127 91 21 utskotts
418 1127 112 21 skrifvelse
546 1127 21 21 af
582 1127 41 21 den
639 1128 28 20 23
683 1127 86 27 dennes,
784 1127 61 21 hvari
859 1126 103 21 utskottet

132 1155 100 21 hemstält
256 1157 30 19 att
311 1156 179 27 borgareståndet,
517 1156 34 20 vid
577 1156 92 20 skeende
698 1156 34 20 val
757 1156 20 20 af
802 1156 105 20 revisorer
929 1154 34 21 för

134 1183 101 21 Finlands
251 1184 62 27 bank,
328 1184 70 26 måtte,
414 1184 8 20 i
437 1184 68 21 likhet
520 1184 48 21 med
584 1184 55 21 hvad
651 1184 35 20 vid
697 1184 128 28 föregående
836 1184 127 26 landtdagar

134 1212 54 21 varit
202 1212 64 26 fallet,
282 1213 32 21 för
329 1213 48 21 dem
392 1215 48 19 utse
455 1215 33 19 tre
504 1213 140 27 suppleanter.

202 1269 40 21 Till
258 1270 113 27 afgörande
387 1272 91 25 upptogs
499 1270 74 20 främst
588 1270 113 22 utskottets
721 1270 27 27 på
763 1270 60 20 sidan
840 1270 12 20 5
868 1270 6 20 i
890 1269 73 21 betän-

134 1298 79 20 kandet
235 1298 122 21 framstälda
379 1298 208 28 resolutionsförslag
610 1298 130 21 beträffande
763 1298 78 21 antalet
861 1298 21 21 af
897 1298 66 20 bank-

134 1326 133 49 FUDNERIES
290 1327 108 21 äfvensom
422 1327 138 27 suppleanter
581 1327 34 21 för
637 1327 54 27 dem,
709 1327 88 21 hvarvid
814 1327 60 21 ordet
889 1326 74 27 begär-

150 1361 22 15 es
188 1355 20 20 af

204 1412 24 20 hr
244 1412 214 27 Schybergson,
474 1419 49 13 som
538 1412 91 27 yttrade:
662 1412 113 28 Utgängen
797 1412 21 21 af
839 1412 124 21 ständernas

134 1440 100 21 anhållan
250 1448 34 14 om
299 1440 149 28 upphäfvande
470 1441 22 20 af
508 1442 14 19 4
537 1441 11 27 $
564 1441 7 20 i
587 1441 54 21 1867
658 1441 34 21 års
707 1441 126 27 förordning
848 1441 37 20 har
899 1440 64 20 fram-

134 1468 71 21 hållits
220 1469 70 21 såsom
305 1469 170 21 öfverraskande.
507 1469 42 27 Jag
565 1473 42 17 tror
629 1470 44 26 mig
689 1469 70 21 därför
775 1469 50 21 böra
841 1471 78 19 nämna
934 1470 30 19 att

135 1497 41 21 den
192 1498 127 20 åtminstone
340 1498 47 20 icke
403 1498 53 20 varit
479 1498 36 20 det
530 1498 32 20 för
576 1498 49 26 mig.
655 1498 42 27 Jag
712 1498 39 20 har
766 1500 89 18 tvärtom
872 1497 35 21 vid
922 1497 42 20 frå-

135 1532 52 20 gans
210 1526 129 28 behandling
354 1526 7 20 i
376 1526 104 21 utskottet
502 1526 116 21 framhållit
640 1526 71 21 denna
733 1526 139 22 eventualitet
894 1525 70 21 såsom

872 1565 22 17 87
