1142 1773
210 109 56 21 1160
416 116 179 21 Borgareståndet
608 117 57 17 1894.
691 117 22 17 16
726 116 48 21 maj.

250 197 30 19 att
302 196 314 28 Tammerfors—Björneborgs
638 196 89 27 järnväg
749 196 107 20 fortsättes
881 195 79 25 medels
985 202 28 14 en

181 224 123 21 hamnbana
318 224 32 21 till
365 224 133 27 Mäntyluoto
514 225 79 25 holme;
611 225 39 21 och

250 255 30 19 att
304 253 114 21 ständerna
442 254 71 20 härtill
538 254 74 20 anvisa
635 260 26 14 en
685 260 84 14 summa
785 253 21 21 af
821 253 111 27 1,130,000
947 252 67 27 mark,

180 281 149 21 hvarförutom
353 282 113 20 ständerna
488 282 79 27 jämväl
589 282 27 27 på
631 281 288 21 kommunikationsfondens
934 280 81 28 budget

182 312 95 25 upptaga
294 312 29 19 ett
338 310 76 28 belopp
430 311 21 20 af
466 311 90 27 250,000
571 310 61 21 mark
648 313 29 18 att
688 310 82 21 lämnas
781 310 21 21 åt
813 310 144 27 Björneborgs
967 309 46 20 stad

183 344 46 15 som
248 338 73 28 bidrag
336 339 32 21 för
383 339 121 21 utförandet
519 340 21 20 af
555 339 26 21 de
597 339 35 21 vid
648 339 133 27 Mäntyluoto
792 338 138 28 erforderliga
940 338 74 20 hamn-

182 367 186 27 anläggningarna
390 368 68 20 under
481 368 68 20 vilkor
571 370 30 18 att
623 368 74 21 staden
720 367 133 27 Björneborg
869 366 146 22 kostnadsfritt

182 396 99 26 upplåter
297 396 28 20 all
341 396 32 20 för
388 396 77 21 nämda
480 396 121 21 hamnbana
617 396 124 27 erforderlig
757 396 72 20 staden
846 396 93 26 tillhörig
953 394 60 22 mark

182 424 112 20 äfvensom
320 424 97 22 bekostar
432 425 158 27 expropriation
606 426 21 20 af
642 425 35 21 det
693 425 32 21 för
740 424 222 28 hamnanläggningen
977 423 37 21 be-

181 452 80 27 höfliga
278 453 60 21 land-
354 454 40 21 och
408 454 160 21 vattenområde
584 456 55 19 samt
655 454 56 21 utför
725 454 40 20 och
780 454 106 27 framgent
901 452 114 21 underhål-

181 481 32 21 ler
227 481 63 27 molo,
312 482 125 27 vågbrytare
453 483 39 20 och
508 483 65 20 andra
589 483 138 26 erforderliga
742 482 225 27 hamnanläggningar,
983 481 29 20 alt

181 510 7 20 i
212 510 35 21 det
270 511 86 27 omfång
378 511 36 21 det
428 511 71 20 härför
514 511 117 27 uppgjorda
647 511 100 27 förslaget
763 511 85 23 utvisar,
864 511 7 20 i
886 511 81 20 hvilket
981 510 31 20 af-

182 539 78 20 seende
283 539 73 21 staden
380 539 65 22 borde
466 539 138 22 tillförsäkras
627 542 30 19 att
679 539 135 21 hamnbanan
831 539 31 21 till
878 539 133 26 Mäntyluoto

182 571 71 17 senast
269 568 57 20 inom
343 568 105 27 utgången
465 569 21 20 af
502 569 22 20 år
541 569 52 20 1897
611 568 76 21 varder
702 568 32 21 för
749 568 61 21 trafik
827 568 105 27 upplåten.

252 641 103 28 Slutligen
371 642 121 21 framstälde
507 643 25 20 hr
547 642 129 27 talmannen,
692 642 7 20 i
712 641 116 28 anledning
843 641 21 21 af
875 641 25 20 hr
910 641 102 21 Neovius?

181 670 80 27 förslag
283 671 89 20 rörande
395 671 138 20 tillsättandet
555 671 21 20 af
591 677 27 14 en
634 677 29 20 ny
679 671 137 20 kommission
834 670 32 21 för
881 670 132 27 granskning

182 698 21 21 af
224 699 102 20 särskilda
349 699 7 20 i
379 700 153 27 sammanhang
554 699 49 21 med
626 705 30 14 nu
671 699 161 27 ifrågavarande
848 701 61 18 ämne
925 699 88 20 stående

182 727 98 22 tekniska
296 728 109 27 spörsmål,
420 728 92 27 följande
529 728 282 27 omröstningsproposition:

253 801 39 26 De,
319 801 75 21 hvilka
409 809 52 13 anse
476 803 30 19 ett
520 802 115 21 uttalande
650 801 9 21 i
674 802 35 20 det
723 801 58 28 syfte
797 801 27 21 hr
839 801 97 21 Neovius
951 801 59 27 före-
1031 805 2 2 '

181 829 68 27 slagit
264 829 44 22 icke
324 837 55 14 vara
394 830 28 27 af
435 830 97 27 behofvet
543 831 122 27 påkalladt,
681 832 60 19 rösta
750 830 39 27 ja;
805 830 32 27 de,
853 830 35 20 det
897 829 44 21 icke
951 831 60 26 göra,

180 859 61 20 rösta
256 858 48 27 nej;

251 887 81 21 vinner
358 888 41 27 nej,
415 888 42 20 har
473 888 176 27 borgareståndet
663 888 88 27 förenat
766 887 33 28 sig
815 894 34 14 om
866 887 27 21 hr
908 886 103 22 Neorius

180 915 92 28 förslag.

251 983 42 21 Vid
310 984 81 20 anstäld
409 984 94 27 votering
519 984 126 21 besvarades
661 984 157 28 propositionen
835 984 47 20 med
901 984 25 20 18
941 984 21 26 ja
971 984 40 20 och

180 1012 28 20 40
224 1012 42 27 nej,
282 1012 7 20 i
304 1013 106 21 anseende
426 1013 84 21 hvartill
526 1012 83 22 ständet
624 1013 87 21 beslutit
727 1015 29 19 att
772 1012 113 21 ständerna
897 1012 67 21 skulle
973 1012 39 20 hos

181 1040 106 26 styrelsen
302 1041 85 21 anhälla
402 1048 34 14 om
452 1042 137 20 tillsättandet
604 1042 21 20 af
640 1048 25 14 en
682 1048 29 20 ny
726 1041 138 21 kommission
876 1041 21 21 af
907 1041 104 27 fackmän,

181 1068 70 21 säsom
275 1070 97 20 tekniska
395 1070 67 20 lärare
485 1070 45 20 frän
547 1070 122 21 hemlandet
685 1070 39 20 och
740 1070 142 20 framstäende
898 1069 113 21 utländska

180 1097 86 27 teknici,
288 1098 8 20 i
319 1098 35 21 det
378 1098 54 27 syfte
451 1099 25 20 hr
490 1098 102 27 Tallgvist
608 1099 31 20 uti
654 1099 32 20 sin
702 1098 32 21 till
750 1098 112 21 utskottets
878 1098 133 20 betänkande

180 1125 77 27 fogade
273 1127 129 21 reservation
418 1127 12 21 &
445 1134 45 20 pag.
507 1128 26 20 79
549 1129 97 19 närmare
662 1127 94 27 angitfvit.

250 1194 151 22 Antecknades
416 1197 31 19 att
462 1195 44 21 åter
522 1202 25 14 en
564 1195 79 21 dubbel
659 1195 95 27 nej-lapp
770 1195 125 26 inlämnats;
911 1201 50 14 men
969 1194 42 21 för-

180 1222 92 22 anledde
295 1223 57 21 detta
375 1224 18 26 ej
415 1224 67 20 häller
497 1224 70 20 denna
581 1224 57 27 gäng
653 1224 31 20 till
700 1224 91 26 förnyad
806 1223 138 27 omröstning,
959 1225 52 19 enär

179 1250 92 22 berörda
286 1252 156 28 omständighet
457 1252 46 21 icke
518 1252 115 21 invärkade
649 1252 13 21 å
677 1252 171 27 omröstningens
864 1252 85 27 utgång.
