1142 1773
207 119 55 21 1030
418 125 179 21 Borgareståndet
610 126 58 16 1894.
682 126 19 16 11
715 125 46 21 maj.

176 204 32 21 till
230 205 82 21 hvilket
333 205 71 21 beslut
424 206 37 27 jag
479 205 48 21 med
543 205 44 21 min
603 207 44 19 röst
661 206 7 20 i
684 205 61 21 dessa
760 204 71 28 frågor
845 204 101 28 möjligen
963 204 41 21 kan

177 233 93 28 bidraga,
290 240 62 15 anser
366 234 36 27 jag
418 234 43 26 mig
476 241 50 14 vara
541 234 117 27 berättigad
674 236 31 19 att
719 233 85 21 anhålla
819 240 35 14 om
870 233 134 28 upplysning.

247 302 32 20 Hr
300 302 188 22 Liukkonen:
512 302 40 22 Sen
569 302 98 28 johdosta
683 304 42 19 että
740 302 107 21 edellinen
862 302 81 28 puhuja
959 308 46 14 ver-

177 330 41 21 tasi
240 330 177 28 Suontienjärven
440 331 98 21 kanavan
554 331 155 27 Lohjanjärveä
723 331 20 27 ja
759 330 138 22 Hiidenvettä
911 330 94 28 yhdistä-

178 360 54 20 vään
257 359 116 27 kanavaan,
400 360 106 27 pyytäisin
533 360 138 20 huomauttaa
692 362 43 18 että
759 361 38 25 nyt
822 360 98 26 puheena
945 359 60 21 oleva

177 387 84 21 kanava
276 388 20 20 ei
311 388 33 21 ole
359 388 90 21 mistään
461 388 166 27 vähäpätöisestä
638 390 83 19 arvosta
732 388 185 27 paikkakunnalle.
937 388 68 20 Suon-

178 416 98 27 tienjärvi
292 423 27 14 on
334 417 95 27 jotenkin
445 417 55 27 laaja
514 417 55 27 järvi
583 417 22 27 ja
615 423 37 15 sen
663 416 112 28 ympärillä
785 423 34 20 on,
830 416 97 21 niinkuin
941 416 64 21 valio-

178 444 89 21 kunnan
282 445 137 22 mietinnössä
434 446 159 27 mainitaankin,
608 445 56 28 laaja
679 445 112 27 maa-alue,
805 445 57 28 jossa
877 445 128 21 luullakseni

178 473 55 21 vielä
256 480 27 14 on
306 475 105 20 runsaasti
434 474 79 21 metsiä.
543 474 94 21 Ainakin
660 474 46 27 pari
730 474 124 27 kymmentä
870 476 72 19 vuotta
957 473 48 22 sitte

178 502 60 21 siellä
255 503 54 20 vielä
324 503 28 20 oli
367 503 72 27 paljon
454 503 146 21 tukkimetsää.
630 503 73 20 Koska
719 503 108 21 ehdotettu
837 503 168 26 kanavoimistyö

178 531 20 20 ei
224 531 129 21 luullakseni
378 531 58 21 tulisi
461 531 96 22 olemaan
581 532 61 20 aivan
667 531 234 27 kallishintainenkaan,
918 531 44 20 niin
978 537 27 14 on

179 559 159 22 valiokunnalla
363 560 74 21 minun
461 560 129 27 käsitykseni
606 560 93 21 mukaan
715 560 52 21 ollut
782 560 54 27 täysi
852 567 40 20 syy
908 560 97 21 ehdottaa

179 588 86 21 ainakin
281 589 125 20 tutkimusta
421 589 20 27 ja
458 589 62 21 sitten
536 589 153 20 mahdollisesti
705 589 88 26 esitystä
807 588 108 27 säädyille.

248 656 34 21 Hr
300 657 208 27 Aejmelaeus:
532 657 163 28 Ajanmukaiset
710 657 149 21 kulkuneuvot
875 659 54 24 ovat,
940 657 66 21 kuten

179 685 95 26 yleisesti
303 688 149 24 myönnetään,
475 686 136 21 maakunnan
639 686 167 25 vaurastumisen
833 686 174 27 vaikuttavimpiä

180 713 101 28 edistäjiä.
312 714 49 21 Kun
378 715 151 20 käsiteltävänä
540 715 96 20 olevassa
644 715 152 20 anomuksessa
807 715 109 20 ehdotettu
925 714 82 21 kanava

179 743 94 20 saattaisi
288 742 69 28 laajan
374 743 134 20 maakunnan
526 743 103 21 Suontien
645 743 91 21 vesistön
753 743 118 27 ympärillä,
885 743 58 27 jollei
956 743 50 20 ihan

180 771 142 25 välittömään,
338 771 45 20 niin
398 772 134 20 kumminkin
548 772 117 21 välilliseen
681 772 114 27 yhteyteen
809 772 104 20 rautatien
925 771 82 26 kanssa,

180 799 108 21 kannatan
310 800 95 21 minäkin
428 800 108 21 mietintöä
551 801 21 26 ja
587 801 64 26 pidän
667 800 70 21 varsin
753 802 117 19 suotavana
885 802 42 19 että
943 800 64 21 ehdo-

179 830 54 19 tettu
249 828 103 21 tutkimus
368 829 101 20 kohtakin
484 829 91 21 toimeen
591 829 113 27 pantaisiin
720 829 51 21 sekä
786 830 43 19 että
838 829 97 27 puheena
946 828 61 21 oleva

179 856 83 21 kanava
278 863 36 14 sen
330 857 86 27 jälkeen
431 858 91 20 toimeen
538 858 112 20 saataisiin.

248 919 34 21 Hr
306 920 165 27 Tallgvist:
497 920 41 27 Jag
560 920 91 28 begärde
674 920 60 21 ordet
752 920 49 21 med
817 920 116 27 anledning
948 920 21 20 af
984 920 25 20 hr

179 948 88 20 Idmans
283 948 136 28 andragande
438 949 34 21 för
486 951 29 19 att
530 949 57 27 gifva
603 949 78 21 honom
693 949 35 21 det
738 956 53 19 svar,
802 955 46 14 som
859 949 42 20 han
911 948 94 21 önskade

181 976 21 21 af
213 976 72 28 nägon
296 977 21 20 af
324 977 112 21 utskottets
444 978 143 26 medlemmar,
595 977 73 21 sävida
680 978 36 26 jag
729 984 28 14 nu
768 977 41 21 kan
821 979 50 25 göra
881 977 62 21 detta.
959 976 49 21 Han

180 1005 52 21 fann
258 1011 28 15 en
309 1006 42 20 viss
376 1006 79 21 olikhet
480 1006 90 21 emellan
596 1006 131 20 klämmarna
754 1006 89 20 rörande
869 1006 139 26 petitionerna

180 1034 52 20 n:ris
257 1034 13 20 6
303 1034 39 20 och
365 1034 33 27 10,
423 1034 64 21 bland
520 1036 64 19 annat
616 1034 45 21 däri
685 1036 31 19 att
740 1034 7 20 i
772 1034 41 21 den
843 1040 41 15 ena
914 1034 95 21 anhälles

181 1068 35 14 om
239 1062 161 28 undersökning
424 1063 8 20 i
458 1063 68 21 sinom
552 1063 30 21 tid
607 1063 39 21 och
671 1063 7 20 i
694 1063 42 21 den
752 1063 66 20 andra
833 1062 62 21 dessa
910 1062 37 21 ord
973 1064 36 18 äro

181 1090 141 22 utelämnade.
354 1091 71 21 Orden
450 1092 19 20 »i
491 1092 68 20 sinom
583 1092 43 20 tid»
650 1092 7 20 i
681 1092 40 20 den
737 1092 65 20 första
815 1091 107 21 klämmen
947 1090 63 22 hafva

181 1119 123 21 tillkommit
325 1119 65 27 däraf,
413 1120 73 20 sävida
504 1120 35 27 jag
553 1120 47 21 icke
615 1120 33 20 far
664 1120 57 26 vilse,
737 1122 35 24 att,
788 1120 69 20 säsom
873 1119 63 21 ocksä
951 1120 7 20 i
974 1119 36 21 be-

181 1147 117 21 tänkandet
320 1148 90 24 anföres,
432 1148 126 21 statsvärket
579 1155 46 14 som
641 1148 46 21 bäst
702 1150 24 19 är
740 1148 110 28 sysselsatt
865 1148 48 21 med
930 1148 80 20 kanali-

181 1176 170 26 seringsarbeten
365 1177 8 19 i
396 1176 120 27 Puulavesi,
542 1179 30 19 att
595 1176 79 21 sädana
689 1177 63 21 hafva
767 1176 110 28 försiggätt
890 1176 38 21 där
943 1176 66 21 redan

182 1204 68 20 under
265 1204 52 21 flere
333 1205 23 20 är
371 1205 39 21 och
424 1206 92 26 försiggä
532 1205 63 21 ocksä
606 1206 68 20 under
684 1205 145 21 innevarande
839 1205 24 21 är
875 1205 38 21 och
925 1205 86 20 komma

182 1234 30 19 att
231 1233 108 21 fortsättas
360 1233 128 21 ätminstone
511 1234 6 20 i
544 1236 60 18 nästa
619 1234 28 20 är.
677 1234 77 20 Därför
769 1236 23 18 är
807 1234 36 20 det
857 1234 47 20 icke
920 1233 45 21 skäl
981 1235 30 19 att

181 1261 53 26 yrka
249 1261 27 27 pä
292 1268 26 14 en
334 1262 123 21 omedelbar
472 1262 164 27 undersökning,
652 1264 50 19 utan
719 1262 74 21 endast
809 1263 99 21 eftersom
931 1262 26 20 de
975 1261 36 27 pä-

181 1289 82 27 gäende
286 1290 100 21 arbetena
409 1290 75 22 sädant
499 1290 90 28 betinga.
619 1290 42 22 Det
676 1291 66 20 andra
757 1290 254 27 kanaliseringsförslaget

181 1318 45 20 äter
241 1320 23 18 är
280 1318 117 28 nägonting
412 1319 87 21 alldeles
515 1321 52 25 nytt,
583 1319 38 21 och
638 1319 71 21 kunde
725 1319 76 27 därför,
817 1319 66 27 enligt
898 1319 113 21 utskottets

181 1346 147 27 förmenande,
351 1348 160 26 undersökning
533 1348 44 26 där,
592 1348 120 20 oberoende
728 1348 21 20 af
764 1348 73 26 hvarje
853 1349 64 19 annat
933 1347 78 26 arbete,

182 1375 101 21 anställas
298 1378 38 18 när
352 1382 45 14 som
413 1376 59 21 hälst.
502 1376 63 21 Hvad
581 1376 45 21 äter
641 1376 98 21 beträffar
754 1378 30 19 att
798 1377 8 20 i
822 1376 41 20 den
879 1376 55 20 förra
945 1375 66 21 kläm-

182 1409 50 15 men
254 1404 96 20 anhälles
379 1406 30 19 att
432 1404 124 28 regeringen
579 1405 69 21 skulle
665 1405 84 27 vidtaga
765 1405 26 20 de
807 1404 86 28 möjliga
908 1404 103 26 ätgärder,

182 1432 85 20 hvartill
291 1432 187 28 undersökningen
502 1433 70 21 kunde
595 1433 115 27 föranleda,
726 1433 23 21 sä
763 1434 38 20 har
817 1433 91 21 afsikten
924 1432 87 21 därmed

182 1460 54 21 varit
259 1460 41 21 den
326 1463 35 25 att,
384 1468 35 14 om
445 1462 102 26 företaget
562 1461 96 21 befinnes
673 1462 79 27 nyttigt
767 1462 39 20 och
822 1461 143 21 kostnaderna
979 1461 33 20 för

181 1488 173 28 kanaliseringen
376 1490 33 20 stä
430 1490 7 20 i
460 1490 131 21 förhällande
612 1490 32 20 till
666 1492 81 25 nyttan,
770 1490 127 27 regeringen
923 1490 26 20 dä
964 1489 47 21 icke

182 1516 69 22 skulle
276 1518 118 20 försumma
418 1520 30 19 att
469 1518 68 21 utföra
557 1518 86 24 arbetet,
658 1525 49 15 men
723 1519 7 20 i
745 1520 86 19 motsatt
846 1518 37 21 fall
898 1518 47 21 icke
961 1520 51 25 göra
