1142 1773
348 129 179 21 Borgareståndet
540 130 57 16 1894.
623 130 22 16 19
659 128 58 22 april.
879 122 39 20 771

120 210 122 21 därutöfver
264 213 59 23 tagas
345 210 7 20 i
374 209 96 27 anspräk,
493 209 25 21 hr
537 209 84 27 Nybom
637 209 38 21 har
691 209 44 27 gätt
751 208 78 21 därhän
845 210 30 19 att
890 208 57 20 detta

121 239 76 27 belopp
212 238 105 20 mähända
332 238 70 21 blefve
418 240 27 18 än
461 238 88 20 mindre.
579 237 64 21 Detta
659 240 22 18 är
696 237 106 21 mähända
817 236 64 27 fallet,
896 242 50 14 men

121 268 36 20 det
179 267 71 21 kunde
273 266 62 22 äfven
358 267 70 20 hända
450 269 30 18 att
496 268 28 19 ett
540 268 66 19 större
622 266 76 27 belopp
714 268 27 18 än
757 266 35 20 det
807 265 22 21 af
843 266 24 20 hr
882 264 65 21 Dahl-

121 297 65 19 ström
208 295 78 21 nämda
308 295 70 21 blefve
399 295 106 27 behöfligt.
535 294 42 22 Det
599 297 22 18 är
642 294 103 28 naturligt
759 296 30 19 att
803 300 50 15 man
869 293 36 21 vid
919 299 28 15 en

122 324 85 27 budget,
230 330 44 14 som
298 324 66 20 slutar
386 324 26 26 pä
428 324 124 26 27,296,000
568 324 66 25 mark,
649 323 47 21 icke
711 323 42 20 kan
769 322 23 21 sä
807 329 56 21 noga
877 324 48 25 taga
939 321 8 21 i

121 353 118 26 beräkning
261 352 25 22 de
302 352 117 26 inflytande
435 352 91 27 medlen,
542 352 26 20 dä
584 352 25 20 de
625 354 36 18 äro
677 351 106 21 beroende
799 352 21 20 af
835 351 23 21 sä
874 350 75 22 osäkra

121 381 77 27 belopp
217 387 44 15 som
278 381 32 26 de,
326 380 84 21 hvartill
425 381 101 27 möjligen
542 381 41 20 den
599 387 40 14 ena
655 380 52 21 eller
722 380 65 20 andra
803 380 144 26 bevillningen

122 410 42 20 kan
192 409 69 28 uppgä
286 410 67 20 under
380 416 26 14 en
431 409 128 21 kommande
585 409 35 21 tid.
651 409 42 20 Vid
719 408 72 27 dylika
806 408 142 27 beräkningar

122 438 73 22 kunna
216 438 57 21 alltid
297 438 100 27 ätskilligt
420 438 32 21 slä
472 438 35 21 fel
537 438 41 21 Det
603 440 22 19 är
641 438 70 20 därför
727 437 132 27 erforderligt
874 438 30 20 att
919 437 30 20 ett

123 467 115 22 öfverskott
258 467 114 20 förefinnes
395 467 39 20 och
458 467 56 20 detta
536 467 39 20 bör
597 469 59 25 tagas
678 466 99 27 rundligt.
808 465 41 28 Jag
871 465 77 21 uttalar

122 496 70 21 säsom
207 496 44 20 min
268 495 118 28 personliga
402 495 54 21 äsikt
472 497 30 19 att
516 495 36 21 det
567 495 69 21 under
650 495 57 20 vissa
717 493 231 28 omständigheter
903 489 48 38 icke

122 524 54 21 blott
198 524 72 21 kunde
293 524 65 21 blifva
374 524 130 27 nödvändigt
519 526 31 19 att
564 526 48 25 taga
627 524 7 20 i
650 523 91 28 anspräk
757 523 25 21 de
797 525 32 19 tre
845 522 103 27 miljoner,

123 559 46 14 som
182 553 21 20 af
218 553 168 20 bankutskottets
402 553 107 26 pluralitet
524 553 125 20 framhällits
665 553 70 20 säsom
750 552 86 27 möjliga
851 553 30 19 att
891 551 59 20 anvi-

124 588 34 14 sas
173 581 31 21 till
220 581 141 27 förstärkning
376 581 21 20 af
413 581 219 28 bevillningsmedlen,
648 584 52 18 utan
716 583 30 18 att
756 581 35 20 det
809 580 62 21 kunde
883 579 66 21 hända

124 612 30 19 att
170 612 28 19 ett
214 612 26 19 än
256 610 64 27 högre
336 610 76 27 belopp
427 610 71 21 blefve
513 610 107 27 behöfligt.
647 609 70 22 Större
729 609 83 21 klarhet
822 609 127 20 härutinnan

123 639 76 20 vinnes
214 639 21 20 af
250 639 40 20 den
307 639 119 26 utredning,
442 645 45 14 som
496 640 58 19 ännu
562 638 89 21 förestår
658 638 58 21 såväl
726 638 58 21 inom
796 637 155 21 statsutskottet

124 673 46 15 som
192 667 58 20 inom
266 667 236 27 bevillningsutskottet,
518 667 40 21 och
573 667 73 27 frägan
662 667 42 20 kan
721 666 74 25 därför,
812 673 34 14 om
862 666 41 20 den
919 671 30 14 nu

124 696 104 27 företages
244 696 31 20 till
292 696 134 27 behandling,
444 696 75 21 endast
534 696 83 27 afgöras
633 695 114 22 eventuelt.
777 695 50 21 Men
842 701 26 14 en
884 694 67 21 sädan

124 725 99 20 eventuel
240 724 127 27 behandling
382 731 50 14 vore
448 725 21 20 af
484 726 44 19 stor
543 726 65 25 nyttä,
621 724 68 21 såsom
705 725 36 26 jag
755 723 66 21 redan
835 723 55 21 hade
901 724 51 19 äran

125 755 119 18 omnämna.
274 753 38 20 Att
328 753 164 20 statsutskottets
508 753 117 27 beräkning
640 755 58 18 ännu
709 755 23 18 är
743 752 79 27 ganska
834 751 115 21 sväfvande

124 781 63 21 beror
201 781 32 21 till
248 787 27 15 en
291 781 34 21 del
340 781 26 27 pä
382 781 40 21 den
436 781 184 28 omständigheten
631 784 30 18 att
672 781 154 21 statsutskottet
836 782 58 19 ännu
903 779 47 21 icke

125 816 38 15 ens
185 810 81 27 begynt
288 810 157 27 granskningen
469 810 21 21 af
509 810 42 21 den
566 810 167 27 approximativa
749 809 79 26 kalkyl,
843 815 46 14 som
904 807 47 21 frän

124 838 220 27 finansexpeditionen
364 839 150 20 öfverlämnats
530 839 32 20 till
577 839 154 20 statsutskottet
747 837 110 28 angäende
872 836 79 21 behäll-

125 867 80 27 ningen
227 867 7 21 i
256 867 106 21 allmänna
377 867 133 21 statsfonden
526 867 34 21 vid
577 867 106 28 utgängen
699 867 22 21 af
735 866 123 21 nuvarande
872 865 79 21 finans-

125 896 74 27 period
224 896 39 20 och
278 896 59 21 öfver
352 896 91 21 fondens
458 899 61 18 extra
534 896 106 21 ordinarie
657 896 70 26 budget
751 896 33 20 för
798 897 60 19 nästa
872 894 79 21 finans-

125 924 79 28 period.
233 924 42 21 Det
298 931 62 20 synes
384 925 54 20 dock
453 925 21 20 af
490 925 41 20 den
546 925 73 27 kalkyl
631 924 218 28 finansexpeditionen
873 923 80 21 lämnat

126 954 30 20 att
172 953 120 27 antagligen
309 955 29 19 ett
353 954 105 26 betydligt
474 950 115 24 öfverskott
600 954 96 20 kommer
709 956 20 18 att
748 952 69 21 finnas
827 952 7 20 i
845 952 106 20 allmänna

126 982 137 20 statsfonden.
293 981 41 22 Det
358 982 72 20 kunde
458 982 69 20 hända
554 984 29 18 att
608 982 114 20 ständerna
747 981 77 27 ansäge
847 981 32 27 sig
901 980 51 20 böra

127 1010 83 21 anhälla
233 1017 35 14 om
290 1017 27 14 en
338 1010 32 21 del
394 1011 20 20 af
430 1010 61 21 dessa
506 1010 147 28 besparingars
669 1010 147 21 öfverförande
832 1009 31 21 till
879 1008 74 22 bevill-

126 1039 148 27 ningsfonden.
306 1039 39 21 Om
361 1046 25 14 en
403 1039 66 21 sådan
485 1039 99 21 anhållan
599 1039 69 21 skulle
683 1039 95 27 beviljas,
794 1044 49 15 vore
859 1038 35 20 det
905 1033 48 37 möj-

126 1068 39 26 ligt
188 1070 29 18 att
239 1068 53 20 intet
306 1068 88 20 tillskott
409 1068 69 20 skulle
494 1068 101 20 behöfvas
611 1068 20 20 af
646 1068 102 20 Finlands
764 1067 66 21 banks
845 1066 108 21 blifvande

127 1096 132 21 vinstmedel.
289 1096 107 26 Däremot,
422 1103 33 14 om
472 1096 114 21 ständerna
600 1096 47 21 icke
663 1098 50 25 göra
729 1102 26 15 en
771 1096 66 21 sädan
855 1094 98 21 anhällan

128 1124 52 22 eller
202 1131 34 14 om
262 1125 40 21 den
318 1125 46 21 icke
380 1125 70 21 blefve
465 1125 99 27 beviljad,
580 1124 41 21 blir
636 1125 36 21 det
687 1131 26 15 en
729 1124 158 26 nödvändighet
901 1125 30 18 att
946 1123 7 20 i

128 1153 80 27 ganska
233 1153 95 27 betydlig
344 1154 77 26 mängd
437 1154 98 20 använda
550 1154 21 20 af
587 1153 94 21 bankens
697 1153 108 21 blifvande
821 1151 132 22 vinstmedel.

128 1182 158 21 Statsutskottet
308 1182 43 27 har,
372 1182 70 21 säsom
464 1182 38 20 här
524 1182 65 21 redan
610 1184 75 25 nämts,
708 1182 119 26 kalkylerat
848 1180 80 22 bristen
946 1180 8 20 i

127 1210 208 27 hevillningsfonden
350 1211 70 20 under
434 1211 106 27 ingående
555 1210 143 28 finansperiod
706 1210 32 21 till
746 1210 89 27 ungefär
844 1208 109 28 5,420,000

127 1239 66 21 mark.
224 1239 40 21 Om
287 1246 49 14 man
359 1246 30 14 nu
404 1241 88 25 antager
507 1241 31 19 att
552 1240 114 20 ständerna
681 1239 33 21 för
729 1238 150 22 statsändamäl
895 1237 60 21 skola

128 1268 74 20 anvisa
222 1268 96 20 bankens
340 1268 47 20 från
409 1268 129 27 föregående
560 1268 23 20 är
601 1268 120 27 disponibla
736 1267 131 26 vinstmedel,
883 1266 72 21 hvilka

128 1298 74 25 utgöra
225 1296 46 21 icke
287 1296 110 27 2,691,000
418 1297 67 26 mark,
500 1296 69 21 såsom
585 1297 7 19 i
608 1296 141 21 betänkandet
764 1296 69 20 finnes
848 1296 107 26 upptaget,

127 1327 53 18 utan
195 1324 110 28 2,650,000
320 1326 60 20 mark
395 1337 27 3 —
439 1325 90 21 emedan
544 1325 65 21 redan
625 1325 76 27 41,000
717 1324 60 21 mark
787 1324 21 21 af
819 1324 61 20 dessa
890 1323 66 20 vinst-

128 1353 70 21 medel
214 1354 62 27 tagits
284 1354 7 20 i
300 1354 90 27 anspråk
399 1354 32 20 för
438 1354 229 26 Alexanders-statyns
675 1353 149 21 fullbordande
833 1364 27 4 —
871 1351 22 21 så
902 1351 54 21 åter-

128 1382 43 20 står
189 1384 58 18 ännu
263 1388 25 15 en
305 1382 52 21 brist
372 1384 30 19 att
416 1382 53 27 fylla
484 1382 22 20 af
521 1382 65 21 omkr.
603 1382 110 27 2,770,000
729 1382 65 20 mark.
823 1380 40 22 Till
878 1386 27 14 en
922 1379 35 21 del

128 1410 42 21 kan
186 1410 70 21 denna
271 1410 53 21 brist
333 1410 63 28 fyllas
405 1417 77 21 genom
493 1410 84 28 förhöjd
587 1410 208 28 stämpelbevillning
808 1410 37 20 och
860 1408 97 21 måhända

129 1445 77 21 genom
230 1446 26 14 en
280 1439 120 27 förhöjning
419 1439 21 21 af
456 1439 83 21 skatten
554 1439 27 27 på
596 1439 149 27 maltdrycker.
774 1438 51 21 Men
839 1438 8 20 i
862 1437 42 21 alla
919 1436 38 21 fall

129 1469 23 19 är
175 1467 35 21 det
226 1468 54 20 dock
295 1469 30 19 ett
340 1468 80 27 ganska
435 1468 106 27 betydligt
556 1468 82 27 belopp,
654 1474 46 14 som
715 1466 88 22 återstår
818 1468 30 19 att
862 1465 95 21 betäcka.

128 1495 42 21 Det
193 1502 50 14 vore
266 1496 71 20 därför
358 1496 116 21 önskvärdt
489 1498 30 19 att
535 1503 27 14 en
577 1496 100 21 eventuel
691 1496 131 26 behandling
837 1495 21 21 af
872 1494 85 27 förelig-

128 1524 70 28 gande
220 1524 134 21 betänkande
370 1524 69 22 skulle
454 1524 106 28 företagas
576 1524 21 22 af
613 1524 91 28 ståndet,
720 1531 34 14 om
770 1524 63 22 också
848 1523 41 21 den
905 1522 52 21 slut-
