1142 1773
334 137 179 22 Borgareståndet
526 138 57 17 1894.
609 138 22 17 19
645 138 58 21 april.
863 132 41 21 753

107 218 41 21 alla
170 218 32 20 för
225 224 38 14 en»
288 217 38 21 bör
348 218 90 20 kvarstå.
467 217 63 21 Hvad
546 218 45 20 åter
607 218 97 20 beträffar
719 218 26 20 hr
760 218 116 26 Wegelius”
891 218 42 20 för-

107 246 45 28 slag
167 246 32 21 till
214 246 129 27 förändring,
358 246 37 20 vill
410 246 35 27 jag
460 246 82 27 påpeka
556 248 29 19 att
601 246 70 21 denna
684 246 97 28 paragraf
796 246 22 21 af
832 246 102 21 utskottet

107 274 104 22 ändrades
232 274 44 27 just
297 274 48 21 med
366 274 100 22 afseende
488 274 12 21 å
515 274 26 22 de
558 275 129 25 uttalanden,
703 281 47 15 som
765 275 84 27 gjordes
864 274 7 21 i
887 274 46 21 bor-

106 302 135 28 gareståndet
256 302 128 22 beträffande
398 303 150 27 omöjligheten
558 303 8 21 i
577 303 25 21 de
615 303 164 28 bestämningar,
791 310 46 14 som
847 303 86 27 ingingo

106 332 8 20 i
129 331 163 28 propositionen.

176 393 34 21 Hr
224 394 156 26 Wegelius:
400 394 41 27 Jag
456 394 81 20 erinrar
552 394 43 28 mig
610 394 47 21 icke
672 394 72 21 hvilka
763 394 170 28 anmärkningar,

108 428 46 16 som
177 422 83 27 gjordes
284 424 43 19 mot
349 422 148 28 orimligheten
520 423 7 20 i
546 423 187 27 bestämningarna
748 423 7 20 i
770 423 164 27 propositionen,

108 458 50 15 men
180 452 35 27 jag
237 451 42 21 kan
297 451 47 21 icke
358 454 65 18 annat
438 451 65 22 förstä
525 453 26 19 än
573 453 30 20 att
625 452 148 27 orimligheten
795 452 74 21 endast
893 451 42 21 blir

108 481 72 25 större,
204 480 69 21 därest
294 487 29 13 nu
338 480 41 21 den
394 480 124 27 förändring
533 483 93 25 antages,
641 487 46 14 som
703 481 103 20 utskottet
821 480 112 27 föreslagit.

108 509 42 27 Jag
172 508 67 21 skulle
262 510 64 25 gärna
349 509 62 20 hafva
433 511 46 21 sett,
498 515 35 14 om
548 509 112 21 utskottets
675 509 140 21 medlemmar
829 509 27 27 pä
870 509 65 26 nägot

108 539 41 19 sätt
172 537 53 20 hade
248 537 65 26 jäfvat
336 537 40 21 den
400 537 146 28 anmärkning,
569 544 46 15 som
634 538 36 27 jag
685 537 54 22 tillät
754 538 44 27 mig
813 537 121 26 framställa,

108 565 53 22 eller
176 567 30 19 att
221 565 66 28 enligt
302 566 112 21 utskottets
429 566 84 27 förslag,
529 573 35 14 om
579 567 104 26 styrelsen
699 566 47 21 icke
756 566 71 21 bestär
837 566 21 21 af
868 566 67 21 aktio-

109 596 62 19 närer
196 594 37 21 och
250 594 132 21 händelsevis
398 594 32 21 fär
444 595 51 20 reda
510 595 26 27 pä
552 597 29 18 att
596 595 159 21 aktionärernas
770 595 57 20 antal
842 595 33 20 för
889 600 46 15 mer

108 624 28 19 än
158 628 38 15 sex
218 622 101 21 mänader
340 623 44 27 gätt
399 623 42 21 ned
456 623 32 21 till
504 623 82 21 mindre
602 625 27 19 än
644 625 37 26 tre,
697 623 104 27 styrelsen
817 623 118 27 ofördröjli-

108 657 42 21 gen
166 651 39 20 och
220 654 51 18 utan
282 653 30 19 att
327 651 64 28 nägot
405 651 86 21 rädrum
502 651 89 22 beredes
603 654 30 19 att
648 652 21 21 fä
684 652 23 20 in
722 658 26 15 en
762 652 66 27 tredje
840 652 95 20 aktionär

108 679 67 22 mäste
190 679 71 22 skrida
276 680 32 21 till
323 686 26 15 en
364 680 24 21 sä
402 680 112 28 ödesdiger
529 680 79 28 ätgärd,
623 687 46 14 som
684 682 29 19 att
729 681 60 26 bryta
805 680 88 27 bolaget.

178 742 32 21 Hr
228 742 107 21 Malin:
358 743 41 27 Jag
414 743 50 21 ville
480 743 52 21 blott
548 745 44 19 mot
607 743 25 21 hr
647 750 42 14 von
705 743 70 22 Pfaler
791 745 50 26 säga
856 745 30 19 att
900 743 35 28 jag

110 771 46 20 icke
172 771 21 20 af
208 771 57 21 detta
280 771 78 28 förslag
372 771 42 21 kan
429 771 59 22 finna
503 774 64 19 annat
582 773 27 20 än
625 774 30 19 att
670 772 75 22 endast
760 772 124 27 bolagsmän
899 773 36 19 äro

110 799 86 21 valbara
215 799 32 21 till
262 800 211 27 styrelseledamöter.
503 799 63 22 Detta
581 800 44 21 stär
640 801 123 27 visserligen
779 800 47 21 icke
842 800 93 27 uttryck-

110 827 57 28 ligen
189 828 67 27 sagdt,
279 835 49 14 men
349 829 35 27 jag
406 829 69 20 skulle
498 835 51 15 anse
572 829 35 21 det
629 836 51 14 vara
695 829 106 27 själffallet
816 831 29 19 att
862 829 74 21 endast

110 856 123 27 bolagsmän
255 857 73 21 kunna
353 857 65 27 väljas
440 857 7 20 i
470 857 110 28 styrelsen,
596 857 127 22 ätminstone
743 858 38 21 har
797 857 35 22 det
847 857 89 21 sälunda

109 885 67 26 enligt
197 892 30 14 nu
247 885 98 28 gällande
368 886 91 27 aktielag
480 886 99 27 förfarits,
601 887 40 20 och
663 887 82 21 känner
760 887 35 27 jag
810 886 46 22 icke
871 886 65 28 något

110 913 68 28 bolag,
194 914 37 21 där
246 914 46 21 icke
308 914 256 28 styrelsemedlemmarne
579 922 50 14 vore
645 915 129 27 bolagsmän.

179 976 33 21 Hr
233 977 146 28 Nybergh:
403 978 48 27 Nog
473 984 64 20 synes
559 978 35 21 det
616 978 44 27 mig
684 980 30 19 att
728 978 97 26 lydelsen
841 978 21 20 af
877 984 59 21 para-

111 1005 74 27 grafen
200 1005 66 27 enligt
282 1006 110 21 utskottets
408 1006 134 21 betänkande
558 1008 23 19 är
596 1008 30 19 att
641 1006 110 28 föredraga
767 1006 87 21 framför
861 1013 76 21 propo-

111 1033 96 21 sitionen.
237 1034 49 21 Den
308 1035 148 21 motsvarande
480 1035 12 27 $
515 1035 27 21 38
557 1035 7 20 i
580 1035 158 27 propositionen
754 1037 23 19 är
792 1035 64 21 bland
873 1036 64 20 annat

112 1062 98 28 oformlig
224 1062 128 22 därutinnan
367 1065 36 25 att,
418 1070 34 14 om
468 1063 168 28 bolagsmännen
651 1064 70 27 nedgä
735 1064 32 20 till
783 1070 32 19 en,
831 1064 37 20 där
883 1063 54 21 dock

111 1090 53 21 talas
186 1097 34 14 om
236 1093 30 19 att
282 1092 162 26 sysslomännen
459 1092 59 20 skola
534 1092 72 21 därom
623 1092 83 21 anmäla
722 1092 35 21 vid
773 1092 65 21 första
853 1092 84 21 ordina-

111 1119 30 21 rie
157 1119 169 28 bolagsstämma.
357 1120 41 28 Jag
413 1122 44 19 tror
471 1121 33 20 för
518 1123 71 19 resten
605 1123 30 19 att
649 1120 66 28 några
731 1121 134 27 olägenheter
879 1120 8 21 i
902 1120 35 21 det

111 1148 61 26 syfte,
195 1154 45 15 som
263 1148 25 21 hr
310 1148 108 28 Wegelius
441 1149 37 21 har
501 1150 80 26 antydt,
604 1150 7 20 i
634 1149 146 27 värkligheten
795 1149 46 21 icke
857 1151 35 19 äro
908 1150 30 20 att

112 1176 72 21 befara
199 1177 21 20 af
234 1177 130 27 stadgandet.
394 1178 42 26 Jag
451 1184 62 14 anser
528 1178 36 20 det
579 1178 32 20 stä
625 1178 8 20 i
648 1178 134 21 konsekvens
797 1177 49 21 med
863 1178 26 20 38
905 1177 33 27 Si

110 1204 153 28 författningen
278 1207 30 19 att
323 1206 176 28 bolagsmännens
514 1206 58 21 antal
587 1206 54 21 skall
657 1208 85 26 utgöras
757 1206 22 21 af
793 1206 64 21 minst
871 1208 37 19 tre.

181 1266 71 22 Sedan
267 1268 149 22 diskussionen
430 1268 90 22 rörande
537 1269 12 27 $
565 1269 27 21 40
608 1269 92 21 härefter
714 1268 111 22 förklarats
841 1268 97 28 afslutad,

111 1295 123 22 framstälde
249 1296 26 21 hr
290 1297 122 21 talmannen
428 1297 130 21 beträffande
573 1298 26 20 hr
613 1298 116 27 Wegelius”
745 1297 79 28 förslag
839 1304 34 14 om
884 1297 54 21 äter-

112 1324 74 21 remiss
202 1324 20 21 af
238 1326 123 26 paragrafen
376 1326 94 27 följande
486 1326 283 28 omröstningsproposition
761 1320 10 39 :

180 1386 39 28 De,
236 1387 76 21 hvilka
326 1388 117 28 godkänna
458 1388 113 22 utskottets
585 1388 84 28 förslag
685 1388 36 22 till
736 1388 79 28 lydelse
830 1388 37 28 för
881 1388 15 26 $
908 1388 31 20 40

112 1414 10 21 i
142 1415 35 21 det
199 1415 29 27 af
247 1416 27 21 hr
295 1416 105 28 Wegelius
416 1417 118 21 anmärkta
549 1417 107 27 afseende,
671 1419 60 19 rösta
741 1418 40 26 ja;
797 1417 31 27 de,
845 1417 34 21 det
893 1416 46 21 icke

110 1445 60 26 göra,
186 1446 60 19 rösta
260 1445 48 27 nej;

180 1472 80 22 vinner
282 1474 42 26 nej,
346 1474 42 20 har
403 1474 177 27 borgareständet
595 1474 88 21 beslutit
697 1474 162 21 äterremittera
870 1479 69 22 para-

110 1500 80 28 grafen
215 1501 36 21 till
274 1502 101 21 utskottet
396 1502 36 28 för
454 1502 160 28 omredigering
636 1503 11 20 i
668 1503 35 21 det
717 1502 57 28 syfte
789 1502 28 21 hr
836 1501 103 28 Wegelius

111 1528 120 28 föreslagit.

848 1570 23 18 48
