1142 1773
356 133 178 21 Borgareståndet
550 135 58 16 1894.
621 134 22 17 15
655 134 48 21 maj.
861 128 55 21 1073

184 213 32 21 Hr
230 213 114 27 Elving:
375 213 42 27 Jag
432 213 37 21 ber
484 202 30 32 att
540 214 22 20 få
577 213 130 21 understöda
730 213 111 21 utskottets
861 213 83 27 förslag.

116 241 40 27 Jag
172 242 40 20 kan
228 242 46 20 icke
290 244 32 19 tro
338 244 29 18 att
383 242 35 20 det
440 244 24 18 är
478 242 72 27 någon
573 242 68 21 fördel
657 242 48 21 med
722 242 41 21 alla
779 242 61 21 dessa
855 242 45 21 små
915 242 30 20 öl-

116 270 84 21 butiker
221 270 39 20 och
275 270 70 21 finner
360 270 70 21 denna
445 270 54 21 form
516 270 93 22 särdeles
623 270 88 28 lämplig
726 270 33 21 för
774 272 30 19 att
815 270 130 21 förekomma

116 298 79 21 sådant.

186 360 69 22 Sedan
279 361 148 21 diskussionen
450 362 51 20 härå
524 362 112 21 förklarats
659 362 98 26 afslutad,
779 362 122 20 framstälde
920 362 25 20 hr

116 390 122 20 talmannen
254 390 6 20 i
276 389 115 28 anledning
406 390 22 20 af
443 390 25 20 hr
482 387 95 25 Öhmans
592 391 166 27 anmärkningar
773 390 52 22 först
840 397 26 14 en
889 390 55 27 säly-

116 418 69 21 dande
201 418 282 28 omröstningsproposition:

188 481 39 27 De,
253 481 75 21 hvilka
352 481 145 28 oförändradt
520 482 119 27 godkänna
663 482 114 21 utskottets
800 482 85 27 förslag
910 482 35 21 till

118 510 162 27 stämpelafgift
294 511 36 26 för
344 511 121 20 resolution
480 510 13 21 å
509 511 104 27 rättighet
636 511 35 20 till
685 511 136 27 försäljning
837 511 28 27 af
878 511 65 20 malt-

118 539 95 28 drycker,
228 541 60 18 rösta
297 539 40 27 ja;
352 539 32 26 de,
400 539 34 21 det
448 539 46 21 icke
508 542 54 24 göra
576 541 61 19 rösta
652 540 48 27 nej;

186 567 80 21 vinner
281 567 41 28 nej,
339 567 42 21 har
396 567 177 28 borgareståndet
589 568 89 21 beslutit
692 567 160 22 återremittera
867 567 75 22 betän-

119 596 79 21 kandet
212 596 10 20 i
236 596 74 21 denna
332 596 34 21 del
380 596 10 21 i
404 596 58 28 syfte
484 598 34 19 att
532 597 192 27 stämpelafgiften
745 597 37 27 för
795 596 121 21 resolution
931 595 14 22 å

118 624 147 27 omförmälda
279 625 105 27 rättighet
398 625 69 21 skulle
483 625 132 21 bestämmas
631 625 35 21 till
683 627 14 19 5
712 625 69 21 mark.

187 693 41 20 Vid
244 693 82 21 anstäld
343 694 96 27 votering
454 693 127 22 besvarades
597 694 158 27 propositionen
771 694 48 21 med
836 695 25 20 37
872 694 21 27 ja
905 693 39 21 och

119 721 26 21 20
161 722 41 27 nej,
218 722 31 21 till
264 722 52 27 följd
333 722 74 21 hvaraf
422 722 84 21 ståndet
521 723 31 20 uti
567 722 162 27 ifrågavarande
742 723 99 20 afseende
852 722 93 27 godkänt

119 750 239 27 bevillningsutskottets
374 751 83 27 förslag.

188 813 78 20 Vidare
281 813 133 21 framstäldes
437 813 32 21 till
484 813 95 22 ståndets
601 813 132 22 besvarande
749 813 93 28 följande
857 815 88 19 omröst-

119 841 189 28 ningsproposition
315 849 5 13 :

187 904 38 27 De,
242 905 74 21 hvilka
328 905 118 27 godkänna
462 906 245 27 bevillningsutskottets
718 905 83 28 förslag
821 906 35 20 till
866 905 78 28 lydelse

118 933 36 27 för
168 933 16 24 $
200 934 14 20 3
230 934 69 20 under
320 934 105 20 rubriken
450 934 145 21 »resolution»
620 934 151 27 oförändradt,
787 936 59 19 rösta
855 934 41 28 ja;
912 934 31 26 de,

118 962 35 20 det
167 961 45 21 icke
225 964 60 25 göra,
300 964 60 19 rösta
375 962 48 28 nej;

187 990 79 21 vinner
281 991 41 27 nej,
339 991 42 21 har
396 991 177 27 borgareständet
589 991 89 21 beslutit
693 991 158 22 äterremittera
866 992 76 27 betän-

118 1018 79 22 kandet
211 1019 10 20 i
236 1019 72 21 denna
330 1020 34 20 del
386 1020 36 26 för
446 1021 33 19 att
500 1020 134 28 förtydligas
649 1020 10 20 i
673 1020 36 21 det
730 1020 57 28 syfte
809 1020 28 21 hr
857 1020 87 21 Öhman

118 1047 120 28 föreslagit.

877 1091 11 10 4

186 1116 76 21 Denna
280 1117 128 27 proposition
424 1117 127 21 besvarades
562 1118 48 20 med
621 1118 157 27 öfvervägande
789 1118 41 26 nej,
841 1118 38 20 och
890 1117 54 21 hade

118 1144 84 22 ståndet
216 1145 82 21 således
315 1146 85 20 beslutit
415 1146 152 20 återremittera
583 1146 50 20 sista
649 1148 116 19 momentet
784 1146 21 21 af
820 1146 12 27 $
849 1147 11 19 3
877 1146 68 21 under

118 1173 100 21 rubriken
236 1174 139 20 »resolution»
398 1174 32 21 för
446 1176 30 19 att
496 1174 79 21 erhålla
596 1181 27 15 en
639 1174 105 28 tydligare
759 1174 138 28 formulering
913 1174 31 22 till

119 1202 135 21 undvikande
270 1203 21 20 af
305 1203 142 27 misstydning
462 1203 7 20 i
484 1203 60 26 fråga
560 1210 33 14 om
610 1203 107 27 uttrycket
734 1203 57 21 »helt
805 1203 23 21 år
843 1203 52 21 eller
910 1203 34 21 del

119 1230 59 20 däraf
192 1231 124 27 rättigheten
332 1233 24 19 är
370 1231 69 21 afsedt
454 1233 30 19 att
499 1232 74 27 gälla».

187 1293 133 22 Beträffande
342 1294 126 21 rubrikerna
484 1294 142 28 begynnande
641 1295 50 21 med
701 1295 125 21 bokstafven
837 1294 14 22 S
861 1294 83 27 yttrade

187 1356 25 20 hr
227 1356 147 21 Stenroth:
400 1357 91 27 Pyydän
506 1358 122 20 ainoastaan
645 1358 143 26 huomauttaa,
803 1359 43 19 että
861 1364 83 14 suoma-

119 1384 86 21 laisessa
220 1385 98 21 tekstissä
332 1386 112 20 mahtanee
460 1386 41 20 olla
516 1386 130 27 painovirhe.
676 1386 63 20 Tässä
755 1386 19 21 ei
790 1386 32 21 ole
839 1386 104 21 nimittäin

118 1414 103 25 määrätty
237 1414 77 20 mitään
330 1414 153 21 leimamaksua
495 1414 120 28 erokirjalle
627 1414 149 27 kihlauksesta,
786 1415 21 26 ja
818 1415 57 20 minä
885 1414 59 21 otak-

118 1448 40 13 sun
174 1444 42 18 että
232 1442 120 21 valiokunta
364 1449 26 13 on
402 1442 98 21 tahtonut
510 1443 42 27 yhä
562 1443 138 27 edeskinpäin
711 1444 98 26 pysyttää
820 1445 41 19 tätä
871 1443 73 21 leima-

119 1470 154 21 vero-maksua.
304 1470 66 22 Olisin
386 1471 115 21 mielelläni
517 1472 87 26 nähnyt,
620 1473 43 20 että
677 1473 44 19 tätä
735 1478 63 14 veroa
813 1472 48 20 olisi
876 1472 68 20 vähän

120 1498 110 27 korotettu,
253 1501 68 19 mutta
343 1499 67 21 koska
432 1500 19 20 ei
474 1500 34 20 ole
530 1500 78 20 mitään
628 1500 112 20 ehdotusta
755 1500 68 20 siihen
838 1502 106 18 suuntaan

118 1527 65 26 tehty,
199 1527 44 20 niin
259 1534 26 14 en
300 1528 113 20 minäkään
428 1528 121 26 puolestani
564 1530 39 25 nyt
618 1530 53 19 enää
686 1528 63 21 tahdo
765 1528 39 21 sitä
818 1528 68 21 tehdä.

853 1567 22 17 68
