1142 1773
354 120 178 21 Borgareståndet
545 122 56 16 1894.
627 122 13 16 4
652 122 47 20 muj.
871 116 40 20 969

113 200 62 20 mittu
196 200 79 20 asiassa
297 200 105 26 yhteisten
426 201 161 27 neuvottelujen
602 201 91 27 jälkeen,
708 201 70 21 silloin
794 203 61 25 myös
872 201 68 20 toimi-

112 230 50 18 taan
183 228 55 21 siten
261 228 57 21 asian
341 229 95 27 loppuun
459 230 84 20 saakka.
573 230 54 20 Olen
653 230 74 26 tehnyt
747 230 140 21 ehdotukseni
903 236 37 14 sen

112 256 63 26 takia,
197 258 43 20 että
254 257 118 21 mielestäni
388 264 25 14 on
430 260 104 19 tuntunut
550 258 62 21 aivan
627 258 165 26 luonnolliselta,
809 260 42 19 että
866 264 74 21 porva-

112 285 88 27 rissääty
224 286 20 20 ei
266 287 55 19 tässä
343 286 78 21 asiassa
441 286 126 28 lopullisesti
583 287 96 27 päättäisi
695 287 124 21 ennenkuin
835 287 42 20 asia
893 286 47 21 olisi

114 313 128 21 valmistettu
266 314 53 21 siten
340 316 43 19 että
404 315 74 21 muilla
504 316 102 26 säädyillä
622 316 46 20 olisi
685 316 154 20 mahdollisuus
853 322 85 14 samaan

113 342 74 21 aikaan
204 342 96 21 käsitellä
314 344 42 20 tätä
372 344 62 20 asiaa.
464 344 58 20 Tällä
533 344 156 27 perustuksella
699 344 48 20 olisi
757 344 118 21 mielestäni
883 344 57 27 juuri

113 370 165 28 luonnollisinta,
294 374 42 18 että
350 372 43 20 asia
408 372 129 26 lykättäisiin
554 373 66 20 siihen
633 373 156 25 valiokuntaan,
801 372 64 28 jonka
877 372 63 21 ehdo-

113 400 94 20 tuksesta
222 400 75 26 säädyt
312 400 90 21 alkuaan
418 401 100 27 päättivät
526 401 96 21 käsitellä
631 404 42 18 tätä
685 401 57 21 asiaa
753 401 110 27 salaisena,
874 404 67 18 mutta

114 428 81 21 kenties
212 428 88 21 voidaan
316 429 52 20 tulla
384 436 85 14 samaan
481 430 111 20 tulokseen
604 432 60 25 myös
677 430 38 20 hra
725 429 138 21 Neoviuksen
876 430 64 20 ehdo-

113 457 75 21 tuksen
206 457 78 21 kautta.

180 513 34 22 Hr
236 514 222 27 Wiljakainen:
483 515 75 21 Silloin
581 515 43 21 kun
641 516 154 27 porvarissääty
811 516 64 27 päätti
891 515 49 21 tois-

113 543 84 20 taiseksi
213 543 56 27 pitää
284 545 70 18 tämän
370 544 58 21 asian
444 544 86 27 salassa,
545 544 43 21 teki
604 551 21 14 se
641 545 140 26 päätöksensä
796 544 144 21 valiokunnan

114 571 130 27 esityksestä.
274 571 93 22 Minusta
382 579 27 14 on
425 573 116 20 sentähden
557 573 50 20 ihan
619 573 125 27 paikallaan,
755 575 42 18 että
809 579 58 14 sama
876 573 65 20 valio-

114 599 65 22 kunta
202 600 60 21 tekee
284 602 60 25 myös
360 601 107 26 esityksen
484 601 52 24 siitä,
552 601 66 28 koska
633 603 57 19 tämä
705 601 104 21 salaisuus
826 601 79 26 lakkaa,
920 601 21 27 ja

114 628 46 21 olisi
182 629 118 20 mielestäni
323 629 110 27 sopivinta,
456 632 42 19 että
514 630 37 20 hra
566 630 105 21 Öhmanin
688 631 89 20 ehdotus
793 630 147 21 lähetettäisiin

114 657 46 20 sille
179 657 164 27 valiokunnalle,
358 658 50 27 joka
423 659 57 20 asiaa
496 665 25 14 on
538 659 89 20 alkuaan
645 659 112 27 käsitellyt,
773 659 116 27 pyynnöllä
899 660 43 19 että

114 691 22 15 se
152 686 49 26 joko
218 686 44 21 ensi
278 686 108 21 istuntoon
403 687 28 20 tai
447 687 130 21 viimeistään
593 687 152 21 keskiviikoksi
761 687 74 21 antaisi
850 687 92 27 jonkun-

114 714 66 21 laisen
208 714 120 21 lausunnon
351 715 136 21 salaisuuden
511 716 200 21 lakkauttamisesta.
741 715 58 22 Siten
826 717 43 20 asia
885 715 56 21 tulisi

116 743 85 20 kaikille
218 743 101 26 säädyille
334 744 51 26 yhtä
400 744 60 21 aikaa
475 745 21 26 ja
512 751 93 14 samassa
621 745 112 20 muodossa
749 745 95 20 tiedoksi.

183 800 33 21 Hr
230 800 115 21 Heikel:
376 801 32 20 Dä
424 801 25 21 de
465 802 103 20 särskilda
583 801 89 21 ständen
689 804 131 25 gemensamt
835 802 60 20 fattat
906 801 35 21 be-

114 829 42 20 slut
172 835 34 14 om
222 829 129 21 afsändande
368 830 20 20 af
404 830 40 21 den
460 830 161 27 ifrägavarande
637 830 124 21 skrifvelsen
777 831 31 20 till
825 830 26 21 H.
862 830 27 20 M.
902 830 39 20 och

115 857 101 27 därjämte
232 860 136 25 gemensamt,
390 859 52 20 efter
462 859 88 26 tidigare
571 859 222 25 öfverenskommelse,
809 859 88 20 beslutit
911 861 31 18 att

114 886 73 27 frägan
203 886 107 22 tilsvidare
334 887 68 21 skulle
426 888 66 20 hällas
514 888 83 26 hemlig,
614 894 62 14 anser
691 888 62 20 äfven
768 888 35 27 jag
819 890 30 18 att
864 894 77 20 grann-

114 915 126 27 lagenheten
257 915 81 21 fordrar
353 918 29 18 att
397 916 47 21 icke
460 919 29 18 ett
504 916 61 21 stånd
581 918 83 19 ensamt
675 917 32 20 för
717 917 38 25 sig,
766 918 50 19 utan
828 919 30 18 att
869 916 72 20 därom

115 944 121 20 underrätta
252 944 26 20 de
294 944 71 23 andra,
380 944 63 21 fattar
459 945 70 21 beslut
544 952 33 13 om
594 945 113 27 tryckning
723 946 21 20 af
759 945 131 27 protokollen
902 945 39 20 och

116 972 102 26 brytande
234 972 22 20 af
270 973 41 20 den
327 973 110 27 sekretess,
452 980 45 14 som
514 974 7 20 i
536 974 87 20 ärendet
639 976 132 24 gemensamt
786 974 37 20 har
839 973 102 21 beslutits.

115 1000 41 28 Jag
171 1000 37 21 ber
223 1001 71 20 därför
316 1002 61 20 äfven
395 1004 29 18 att
448 1002 21 20 fä
484 1002 130 21 understöda
635 1002 25 21 hr
675 1002 100 21 Neovius'
792 1002 84 27 förslag,
892 1008 47 15 men

116 1029 36 21 ber
167 1032 29 18 att
226 1030 55 20 därtill
303 1030 21 20 få
339 1032 50 25 göra
412 1032 29 19 ett
456 1030 74 27 tillägg
551 1031 32 20 för
605 1033 30 18 att
651 1031 35 21 det
701 1031 64 21 måtte
781 1031 65 20 blifva
863 1030 78 21 bekant

115 1058 33 20 för
163 1058 25 20 de
204 1058 67 27 öfriga
287 1058 89 21 ständen
392 1061 30 19 att
437 1059 173 27 borgareständet
625 1060 32 20 för
668 1059 32 21 sin
713 1059 34 21 del
759 1062 102 24 upptager
871 1059 70 21 denna

116 1086 58 27 fräga
190 1086 34 20 vid
241 1087 86 27 plenum
344 1089 60 19 nästa
420 1088 85 26 onsdag.
522 1088 41 26 Jag
578 1089 65 25 vägar
657 1088 77 20 föreslä
749 1091 30 18 att
795 1088 146 27 borgarestän-

116 1114 35 22 det
166 1115 49 21 ville
230 1116 39 20 hos
292 1116 23 20 hr
338 1116 122 20 talmannen
484 1116 52 21 eller
558 1117 37 20 hos
611 1116 94 21 ständets
721 1117 66 27 öfriga
802 1116 117 21 ledamöter
933 1116 7 20 i

116 1143 231 22 talmanskonferensen
364 1144 84 21 anhälla
464 1147 30 18 att
510 1145 26 21 de
552 1145 35 20 vid
603 1147 58 19 nästa
677 1145 114 21 konferens
801 1145 68 21 skulle
881 1145 59 20 med-

116 1172 47 20 dela
178 1172 58 21 detta
251 1172 183 27 borgareständets
451 1173 71 21 beslut
537 1174 20 20 ät
571 1174 167 20 medlemmarne
754 1174 6 20 i
776 1174 165 20 talmanskonfe-

116 1206 75 15 rensen
206 1201 47 20 frän
277 1201 25 21 de
318 1202 66 20 andra
406 1202 96 26 ständen,
518 1202 23 20 sä
557 1204 29 19 att
605 1202 60 21 dessa
681 1202 33 20 mä
731 1202 72 21 kunna
819 1202 122 21 underrätta

116 1229 45 21 sina
177 1230 117 26 respektive
318 1230 62 20 ständ
404 1230 72 21 därom
500 1231 40 20 och
555 1230 73 28 frägan
645 1230 89 21 sälunda
750 1231 72 21 kunna
838 1233 103 25 upptagas

116 1260 131 25 gemensamt
262 1258 38 21 hos
315 1258 40 21 alla
371 1258 26 28 pä
412 1265 81 15 samma
509 1259 45 27 dag.

186 1314 33 21 Hr
234 1314 157 22 Borenius:
422 1314 38 28 Dä,
483 1322 33 14 om
539 1316 62 20 ocksä
624 1316 46 21 icke
686 1316 69 26 nägon
771 1316 77 21 officiel
864 1316 78 20 under-

116 1343 86 21 rättelse
217 1343 31 21 till
265 1344 87 20 ständen
369 1344 88 20 anländt
472 1347 30 18 att
518 1344 39 21 den
581 1344 160 27 ifrägavarande
757 1345 98 21 adressen
873 1344 70 21 blifvit

115 1372 131 27 föredragen,
262 1372 35 20 det
318 1372 24 27 ju
357 1372 54 20 dock
433 1374 23 19 är
471 1379 26 15 en
514 1372 94 28 offentlig
624 1373 115 27 hemlighet
753 1375 30 19 att
799 1374 22 20 sä
837 1376 35 25 egt
887 1380 54 19 rum,

115 1400 57 20 inser
192 1400 36 27 jag
242 1400 46 21 icke
311 1400 84 21 hvartill
418 1403 30 19 ett
462 1401 74 27 längre
556 1402 134 26 iakttagande
713 1402 22 20 af
750 1402 69 20 denna
835 1402 106 20 sekretess

116 1428 68 21 skulle
199 1429 63 27 tjäna.
292 1428 48 22 Den
356 1429 172 28 obekvämlighet
542 1430 73 26 hvarje
631 1430 165 21 ständsmedlem
813 1432 47 19 rönt
875 1430 22 20 af
911 1432 30 18 att

116 1457 5 19 i
137 1457 62 27 långa
215 1457 54 21 tider
291 1457 67 21 måsta
381 1458 95 21 undvara
498 1458 27 21 de
546 1458 82 27 tryckta
649 1459 130 27 protokollen
796 1459 37 21 har
849 1458 54 29 varit
918 1458 23 21 sä

115 1488 43 18 stor
180 1488 29 18 att
224 1486 86 20 därmed
332 1492 34 14 om
383 1486 82 27 möjligt
486 1487 47 21 icke
548 1487 73 26 längre
637 1487 64 21 borde
717 1488 110 20 fortsättas.
858 1484 84 24 Önskar

115 1520 48 14 man
188 1516 30 18 att
240 1514 65 21 saken
327 1514 47 21 icke
398 1515 20 20 af
440 1517 88 25 prässen
544 1515 53 21 skall
613 1517 130 25 omnämnas,
759 1518 86 20 antager
860 1516 36 27 jag
912 1517 30 19 att
