1142 1773
352 144 180 22 Borgareståndet
544 145 57 17 1894.
625 144 26 17 25
664 144 48 21 maj.
860 138 54 21 1411

338 180 17 16 N
851 180 4 1 -

182 224 33 22 Hr
238 220 124 25 Öhman:
393 224 42 27 Jag
456 224 96 21 anhåller
566 226 30 19 att
611 224 7 20 i
634 224 41 20 allo
691 224 22 20 få
728 224 129 20 understöda
873 223 35 21 det
923 223 22 20 af

114 253 26 21 hr
154 254 93 20 Jansson
263 252 123 21 framstälda
401 252 101 28 förslaget
518 253 39 21 och
572 259 63 14 anser
647 254 30 19 att
689 252 162 21 konsekvensen
863 252 82 20 fordrar

114 284 30 19 att
167 282 63 20 äfven
250 281 176 27 förändringarna
441 281 131 21 beträffande
589 282 11 26 &
618 282 40 20 100
674 281 82 21 lämnas
772 286 50 16 utan
839 280 104 21 afseende.

184 338 32 20 Hr
237 338 151 20 Jansson:
418 338 42 26 Jag
483 338 38 20 ber
536 340 29 18 att
580 338 21 20 få
616 338 91 27 upplysa
723 339 30 19 att
768 338 36 20 det
819 338 75 20 endast
909 337 36 21 be-

115 366 66 22 rodde
203 366 26 28 pä
250 368 30 19 ett
294 366 134 21 förbiseende
444 368 30 18 att
489 373 25 14 en
532 366 102 27 paragraf,
650 366 107 27 nämligen
775 367 11 26 $&
803 366 47 27 100,
866 366 43 20 blef
924 366 21 20 af

115 396 44 26 mig
174 395 128 27 utelämnad,
318 395 27 21 dä
359 395 36 27 jag
410 395 74 27 gjorde
499 395 48 20 mitt
562 395 83 27 förslag.

184 458 33 21 Hr
233 458 160 21 Stenroth:
418 457 42 28 Jag
476 458 104 21 erkänner
595 460 29 19 att
639 464 49 14 man
705 457 122 27 visserligen
843 458 42 20 kan
896 459 49 25 säga

116 487 120 28 borgerliga
258 487 127 27 rättigheter,
408 493 49 14 men
479 487 47 20 icke
549 486 168 27 medborgerliga
733 487 128 26 rättigheter,
876 486 69 21 säsom

118 516 36 21 det
168 516 60 21 heter
243 516 7 19 i
265 515 164 26 reservationen,
445 515 127 21 ätminstone
588 515 67 27 enligt
670 515 40 20 den
725 515 69 20 finska
809 517 79 18 texten.

187 572 33 21 Hr
241 569 150 24 Neovius:
422 572 41 27 Jag
487 572 49 21 ville
558 572 75 21 endast
654 572 111 21 framhälla
788 574 30 19 att
832 573 34 26 jag
881 572 8 20 i
905 572 40 20 allo

118 601 59 21 delar
193 601 26 21 de
234 601 82 27 äsikter,
332 607 44 14 som
394 603 113 24 utmynnat
522 601 7 20 i
545 601 80 20 önskan
642 603 30 18 att
687 601 93 20 förkasta
796 601 47 20 hela
859 601 35 20 det
910 607 37 14 an-

118 630 38 20 dra
171 630 101 27 förslaget
294 629 18 21 d.
329 636 18 14 v.
364 636 14 14 s.
395 629 27 27 $$
439 630 47 26 100,
503 630 46 26 101,
566 630 47 26 102,
629 629 47 28 103,
693 630 47 25 104,
757 630 41 20 394
814 630 37 20 och
869 630 32 20 65.

187 687 33 20 Hr
243 686 93 21 Lille:
367 686 33 21 Dä
423 686 101 27 förslaget
540 693 33 14 om
590 686 137 21 förkastande
742 687 21 20 af
779 686 41 21 alla
835 686 62 21 dessa
911 693 36 20 pa-

119 715 94 28 ragrafer
235 715 77 21 vunnit
332 715 122 27 understöd,
475 715 54 20 skall
552 715 35 27 jag
604 715 65 20 ocksä
683 715 74 20 förena
772 715 43 27 mig
831 715 78 27 därom,
925 715 23 20 sä

119 746 31 19 att
170 745 36 26 jag
228 744 48 21 icke
292 745 81 20 ensamt
388 743 127 21 inskränker
532 744 43 27 mig
591 743 30 21 till
638 745 30 19 ett
684 743 135 21 förkastande
835 743 21 21 af
871 743 26 21 de
912 750 36 21 pa-

120 773 100 26 ragrafer,
235 779 45 14 som
297 774 35 19 äro
348 772 113 21 omnämda
476 773 7 19 i
498 772 165 21 reservationen.

188 829 156 21 Diskussionen
359 829 73 21 afslöts
447 829 94 27 härmed,
556 829 107 21 hvarefter
678 829 25 20 hr
718 829 124 21 talmannen
853 829 31 21 till
896 829 53 21 först

122 857 130 22 beträffande
268 858 12 27 &
297 858 26 20 65
338 858 122 21 framstälde
476 858 94 27 följande
586 858 285 27 omröstningsproposition
861 853 13 37 :

189 914 39 28 De,
253 915 75 21 hvilka
348 915 117 27 godkänna
488 916 113 20 utskottets
624 915 84 27 förslag
732 915 35 21 till
790 916 78 27 lydelse
883 915 36 28 för
934 915 15 27 $

122 944 37 26 65,
175 945 60 19 rösta
244 944 40 27 ja;
301 944 31 26 de,
348 944 34 20 det
396 944 46 20 icke
456 946 59 25 göra,
532 946 59 18 rösta
604 944 49 27 nej;

190 972 80 21 vinner
292 972 42 28 nej,
360 972 42 21 har
427 972 178 28 borgareständet
632 972 89 21 beslutit
747 972 108 22 bibehälla
877 980 70 20 para-

120 1000 82 28 grafen
217 1000 38 21 vid
268 1001 42 20 den
326 1001 78 27 lydelse
419 1001 131 21 densamma
564 1001 42 21 har
621 1001 10 20 i
644 1002 103 26 gällande
763 1002 109 27 kyrkolag.

193 1058 162 27 Propositionen
377 1058 128 21 besvarades
527 1058 48 21 med
598 1058 157 27 öfvervägande
777 1059 40 27 nej,
841 1059 39 20 och
895 1058 55 21 hade

122 1086 84 21 ståndet
228 1086 82 21 således
333 1086 87 21 beslutit
442 1089 36 24 att,
493 1087 49 20 med
558 1087 135 21 förkastande
709 1087 21 21 af
745 1087 112 21 utskottets
872 1087 79 27 förslag

122 1115 32 21 till
170 1115 80 21 ändrad
265 1115 81 27 lydelse
362 1115 33 21 för
410 1115 12 27 &
438 1115 33 27 65,
488 1115 105 21 bibehälla
608 1116 125 26 paragrafen
752 1116 64 20 sädan
827 1116 124 20 densamma

122 1143 62 27 lyder
198 1144 7 20 i
220 1144 98 26 gällande
334 1144 107 27 kyrkolag.

192 1200 119 27 Angående
327 1201 26 27 $$
370 1201 46 27 100,
434 1201 46 26 101,
498 1201 47 26 102,
561 1201 47 27 103,
625 1202 40 20 104
681 1201 39 21 och
742 1202 41 20 394
793 1201 122 21 framstälde
927 1201 25 20 hr

123 1228 125 22 talmannen
263 1229 45 21 äter
322 1229 160 21 nedanstäende
498 1230 283 27 omröstningsproposition:

194 1286 38 27 De,
256 1286 74 21 hvilka
350 1286 119 28 godkänna
490 1286 114 21 utskottets
627 1286 83 28 förslag
729 1286 35 21 till
780 1287 78 27 lydelse
873 1286 36 28 för
924 1286 29 28 $$

124 1315 52 26 100,
200 1315 46 25 101,
268 1316 51 26 102,
340 1316 50 26 103,
414 1315 42 21 104
482 1315 38 21 och
543 1316 51 26 394,
609 1317 61 19 rösta
679 1315 42 27 ja;
737 1315 31 27 de,
785 1316 34 20 det
833 1315 45 21 icke
892 1317 59 25 göra,

125 1344 61 19 rösta
200 1343 48 27 nej;

195 1372 81 20 vinner
290 1372 42 27 nej,
348 1372 42 20 har
406 1372 177 26 borgareständet
597 1372 108 27 förkastat
720 1372 112 21 utskottets
847 1372 105 20 härutin-

125 1406 49 14 nan
187 1400 77 28 gjorda
281 1400 199 28 ändringsförslag.

196 1453 70 24 Äfven
290 1457 70 21 denna
383 1457 129 27 proposition
534 1456 127 22 besvarades
677 1457 49 21 med
742 1456 155 28 öfvervägande
913 1456 42 27 nej,

124 1485 8 20 i
155 1485 107 21 anseende
286 1485 84 21 hvartill
388 1485 84 21 ständet
487 1485 88 21 beslutit
590 1487 30 19 att
634 1485 79 27 jämväl
728 1485 33 21 för
775 1485 129 27 nyssnämda
919 1492 36 20 pa-

125 1514 95 26 ragrafer
243 1514 105 20 bibehälla
368 1514 41 20 den
424 1513 89 28 lydelse,
529 1520 46 14 som
591 1514 26 20 de
632 1514 63 20 hafva
710 1514 7 20 i
733 1514 97 26 gällande
845 1513 109 27 kyrkolag.
