1142 1773
360 135 179 23 Borgareståndet
552 136 56 17 1894.
632 137 23 16 15
667 136 47 22 maj.
871 131 53 21 1071

194 217 32 21 Hr
248 217 128 27 Nybom:
406 216 42 22 Det
471 224 38 14 var
532 224 34 14 om
589 223 82 15 samma
693 217 38 21 sak
746 218 35 26 jag
796 217 50 21 ville
861 218 50 26 göra
927 223 26 14 en

125 246 161 26 framställning.
316 246 42 27 Jag
379 245 38 21 ber
440 245 63 29 dock
514 247 30 19 att
558 245 22 21 få
595 247 51 26 göra
662 246 41 20 den
719 246 46 20 litet
780 245 133 21 annorlunda
927 247 28 18 än

126 274 40 21 den
183 277 83 18 senaste
288 274 63 21 ärade
372 274 86 21 talaren.
488 274 72 21 Äfven
575 281 34 14 om
626 274 161 27 bestämningen
803 274 26 28 på
845 274 75 27 pagina
935 274 20 26 8,

125 303 87 21 hvilken
234 302 83 22 ståndet
339 309 51 20 nyss
411 302 81 28 ändrat,
515 303 54 21 hade
591 302 71 22 blifvit
683 303 133 27 oförändrad,
832 302 53 21 hade
901 302 53 20 dock

126 331 66 27 enligt
214 332 44 20 min
276 331 134 27 uppfattning
426 331 57 21 detta
498 331 117 27 stadgande
631 331 47 21 bort
693 332 76 20 ändras
791 331 90 21 sålunda
896 332 59 19 näm-

126 360 56 27 ligen
199 362 29 18 att
243 366 27 14 en
285 362 35 24 ätt,
336 366 45 14 som
396 360 181 27 introducerades,
593 360 69 21 skulle
677 360 86 21 komma
781 362 30 18 att
826 360 69 21 betala
911 359 44 21 det-

126 395 82 14 samma
230 395 46 14 som
298 394 26 15 en
347 388 103 28 inföding,
470 395 46 14 som
532 388 37 21 har
584 391 95 25 passerat
693 395 78 21 genom
786 388 109 28 graderna.
925 387 31 21 På

126 417 70 27 grund
212 417 21 21 af
248 417 40 21 den
306 417 20 21 af
347 417 83 21 ståndet
445 417 90 27 tidigare
551 417 73 27 gjorda
639 417 153 27 förändringen
807 417 39 21 ber
859 418 35 26 jag
909 416 46 21 där-

126 446 34 21 för
182 452 29 15 nu
227 448 29 19 att
271 445 21 21 få
312 446 77 21 föreslå
404 447 30 20 att
448 446 221 21 naturalisationsbref
683 446 34 21 för
732 452 27 15 en
773 446 132 21 främmande
921 445 36 21 ad-

127 475 30 26 lig
172 477 30 18 ätt
218 474 69 21 skulle
304 474 98 28 beläggas
417 475 49 20 med
483 475 61 24 2,000
560 475 77 26 marks,
652 475 34 20 för
701 481 26 15 en
743 475 106 26 friherrlig
863 476 30 19 ätt
907 474 49 21 med

128 504 61 24 3,000
213 503 71 21 marks
306 503 38 21 och
360 503 32 20 för
408 509 25 15 en
450 503 76 27 greflig
541 505 29 19 ätt
585 503 49 21 med
649 504 66 20 minst
731 503 60 27 3,500
808 503 70 21 marks
893 504 64 19 stäm-

127 532 41 27 pel.
198 531 93 22 Sålunda
306 531 69 22 skulle
391 538 27 15 en
433 532 119 27 utländing,
567 538 46 15 som
625 532 75 21 vinner
709 532 152 26 introduktion,
872 531 85 21 komma

128 563 30 18 att
181 561 84 27 erlägga
287 567 81 14 samma
390 560 61 28 afgift
472 567 47 14 som
542 567 26 14 en
591 561 103 27 inföding,
710 567 45 14 som
771 562 94 26 passerat
879 566 77 21 genom

128 589 109 28 graderna.

198 645 69 22 Sedan
288 646 148 21 diskussionen
452 647 88 20 härmed
556 646 111 21 förklarats
683 646 98 27 afslutad,
795 645 122 22 framstälde
933 645 25 20 hr

129 675 123 20 talmannen
267 675 93 27 följande
376 675 284 28 omröstningsproposition
650 671 12 36 :

198 731 40 27 De,
261 731 75 21 hvilka
357 731 73 22 säsom
452 731 219 28 kontraproposition
685 733 47 20 mot
746 731 113 21 utskottets
873 731 84 28 förslag

131 760 133 27 beträffande
279 760 163 27 stämpelafgift
456 761 37 26 för
507 760 241 27 naturalisationsbref
759 760 56 27 vilja
829 761 84 26 antaga
931 759 27 21 hr

130 789 132 28 Appelbergs
278 789 90 27 förslag,
384 791 59 19 rösta
453 789 29 28 ja
490 797 7 17 ;
513 789 31 26 de,
560 789 35 21 det
609 789 46 21 icke
670 789 61 27 vilja,
748 791 59 18 rösta
822 788 52 27 nej;

200 817 80 21 vinner
295 817 42 28 nej,
353 817 41 21 har
410 817 177 28 borgareständet
600 817 10 21 i
624 817 81 22 sädant
720 817 100 28 afseende
838 815 121 30 föredragit

132 846 26 21 hr
172 845 98 28 Nyboms
285 845 90 28 förslag.

200 902 76 22 Denna
291 904 130 27 proposition
436 903 128 21 besvarades
578 904 50 20 med
643 903 156 27 öfvervägande
815 903 42 27 nej,
867 902 32 21 till
906 902 53 27 följd

131 932 75 20 hvaraf
221 932 40 20 den
272 932 86 28 slutliga
370 932 300 28 omröstningspropositionen
681 932 67 21 erhöll
758 931 94 28 följande
864 930 94 28 lydelse
947 926 13 38 :

201 988 39 27 De,
252 989 74 21 hvilka
336 989 145 27 oförändradt
489 990 118 26 godkänna
619 989 246 27 bevillningsutskottets
876 988 83 27 förslag

133 1017 134 27 beträffande
288 1018 164 27 stämpelafgift
466 1018 14 20 ä
495 1018 243 27 naturalisationsbrej,
754 1019 59 19 rösta
823 1017 40 27 ja;
879 1016 31 27 de,
926 1016 35 20 det

132 1045 45 21 icke
190 1048 60 25 göra,
266 1048 60 19 rösta
340 1046 50 27 nej;

201 1075 80 20 vinner
296 1075 42 27 nej,
354 1075 42 21 har
412 1074 176 28 borgareständet
603 1074 142 22 härutinnan
764 1074 88 28 antagit
869 1074 26 21 hr
909 1073 50 28 Ny-

134 1102 59 22 boms
208 1103 90 27 förslag.

202 1160 162 28 Propositionen
386 1160 128 22 besvarades
535 1160 49 22 med
606 1160 88 21 allmänt
712 1160 41 27 nej.
783 1159 178 28 Borgareständet

132 1188 54 21 hade
209 1189 82 21 således
313 1189 87 21 beslutit
416 1191 29 19 att
460 1190 33 20 för
507 1189 147 22 introduktion
670 1189 11 21 å
696 1188 69 22 finska
780 1188 134 21 riddarhuset
929 1188 32 20 för

132 1217 132 21 främmande
288 1218 56 27 adlig
367 1220 29 19 ätt
421 1218 69 21 skulle
513 1218 95 27 erläggas
630 1218 6 20 i
653 1217 151 27 stämpelafgift
819 1217 61 27 2,000
896 1216 66 27 mark,

133 1246 33 20 för
180 1246 106 28 friherrlig
302 1247 61 27 3,000
379 1247 60 21 mark
455 1247 39 21 och
510 1247 33 20 för
558 1246 74 28 greflig
647 1248 30 19 ätt
693 1246 60 27 3,500
769 1246 66 21 mark.

202 1302 42 22 Vid
260 1303 151 27 föredragning
433 1303 21 21 af
469 1303 126 21 rubrikerna
618 1303 69 21 under
705 1302 126 22 bokstafven
847 1302 16 21 O
879 1301 84 27 yttrade

203 1360 25 20 hr
242 1366 51 14 von
308 1360 106 21 Pfaler:
444 1360 97 21 Emedan
565 1360 126 27 stadgandet
711 1360 68 20 under
794 1359 71 21 denna
879 1358 46 21 titel
940 1360 23 18 är

134 1388 106 21 beroende
256 1388 21 21 af
292 1388 36 21 det
343 1388 76 27 beslut,
434 1395 47 14 som
496 1388 98 21 kommer
609 1390 30 19 att
650 1388 63 21 fattas
724 1388 129 21 beträffande
864 1386 99 28 stämpel-

134 1417 88 27 afgiften
245 1417 33 21 för
300 1417 67 27 öfriga
390 1417 141 27 obligationer
546 1419 58 19 utom
621 1417 32 27 de,
669 1423 46 15 som
731 1416 21 21 af
767 1416 131 26 statsvärket,
914 1415 49 21 Fin-

133 1445 61 21 lands
211 1445 57 21 bank
290 1446 39 20 och
352 1446 231 27 hypoteksföreningen
606 1446 101 26 utfärdas,
729 1452 64 20 synes
816 1445 36 21 det
873 1444 44 27 mig
933 1445 29 19 att

133 1474 71 20 beslut
219 1480 30 14 nu
264 1474 66 21 borde
344 1474 63 20 fattas
423 1474 111 27 angäende
550 1474 35 21 det
599 1474 85 26 förslag,
703 1480 45 14 som
763 1474 35 26 jag
813 1473 89 27 tidigare
917 1472 46 20 haft

134 1504 50 19 äran
200 1502 116 21 framställa
332 1502 110 28 angäende
457 1502 93 28 uppskof
564 1502 49 21 med
629 1502 124 28 afgörandet
769 1502 20 21 af
804 1502 57 20 vissa
870 1500 92 28 punkter

133 1530 8 21 i
156 1530 57 22 detta
228 1530 120 28 lagförslag.
