<?xml version="1.0" encoding="UTF-8"?>
<alto xmlns="http://www.loc.gov/standards/alto/ns-v3#" xmlns:xlink="http://www.w3.org/1999/xlink" xmlns:xsi="http://www.w3.org/2001/XMLSchema-instance" xsi:schemaLocation="http://www.loc.gov/standards/alto/ns-v3# http://www.loc.gov/alto/v3/alto-3-0.xsd">
	<Description>
		<MeasurementUnit>pixel</MeasurementUnit>
		<sourceImageInformation>
			<fileName>/tmp/tess_aef9t0eb_input.PNG</fileName>
		</sourceImageInformation>
		<OCRProcessing ID="OCR_0">
			<ocrProcessingStep>
				<processingSoftware>
					<softwareName>tesseract 5.3.4</softwareName>
				</processingSoftware>
			</ocrProcessingStep>
		</OCRProcessing>
	</Description>
	<Layout>
		<Page WIDTH="1142" HEIGHT="1773" PHYSICAL_IMG_NR="0" ID="page_0">
			<PrintSpace HPOS="0" VPOS="0" WIDTH="1142" HEIGHT="1773">
				<ComposedBlock ID="cblock_0" HPOS="347" VPOS="129" WIDTH="568" HEIGHT="31">
					<TextBlock ID="block_0" HPOS="347" VPOS="129" WIDTH="568" HEIGHT="31">
						<TextLine ID="line_0" HPOS="347" VPOS="129" WIDTH="568" HEIGHT="31">
							<String ID="string_0" HPOS="347" VPOS="138" WIDTH="179" HEIGHT="22" WC="0.92" CONTENT="Borgareståndet"/><SP WIDTH="12" VPOS="138" HPOS="526"/>
							<String ID="string_1" HPOS="538" VPOS="138" WIDTH="56" HEIGHT="16" WC="0.96" CONTENT="1894."/><SP WIDTH="26" VPOS="138" HPOS="594"/>
							<String ID="string_2" HPOS="620" VPOS="136" WIDTH="23" HEIGHT="18" WC="0.95" CONTENT="19"/><SP WIDTH="13" VPOS="136" HPOS="643"/>
							<String ID="string_3" HPOS="656" VPOS="136" WIDTH="59" HEIGHT="21" WC="0.89" CONTENT="april."/><SP WIDTH="161" VPOS="136" HPOS="715"/>
							<String ID="string_4" HPOS="876" VPOS="129" WIDTH="39" HEIGHT="20" WC="0.94" CONTENT="757"/>
						</TextLine>
					</TextBlock>
				</ComposedBlock>
				<GraphicalElement ID="cblock_1" HPOS="134" VPOS="170" WIDTH="775" HEIGHT="8"></GraphicalElement >
				<ComposedBlock ID="cblock_2" HPOS="117" VPOS="213" WIDTH="836" HEIGHT="1349">
					<TextBlock ID="block_1" HPOS="117" VPOS="213" WIDTH="834" HEIGHT="1263">
						<TextLine ID="line_1" HPOS="118" VPOS="213" WIDTH="827" HEIGHT="33">
							<String ID="string_5" HPOS="118" VPOS="220" WIDTH="97" HEIGHT="21" WC="0.91" CONTENT="komsten"/><SP WIDTH="24" VPOS="220" HPOS="215"/>
							<String ID="string_6" HPOS="239" VPOS="219" WIDTH="47" HEIGHT="21" WC="0.96" CONTENT="med"/><SP WIDTH="24" VPOS="219" HPOS="286"/>
							<String ID="string_7" HPOS="310" VPOS="220" WIDTH="95" HEIGHT="20" WC="0.88" CONTENT="närmare"/><SP WIDTH="23" VPOS="220" HPOS="405"/>
							<String ID="string_8" HPOS="428" VPOS="218" WIDTH="76" HEIGHT="27" WC="0.88" CONTENT="60,000"/><SP WIDTH="22" VPOS="218" HPOS="504"/>
							<String ID="string_9" HPOS="526" VPOS="217" WIDTH="60" HEIGHT="21" WC="0.96" CONTENT="mark"/><SP WIDTH="22" VPOS="217" HPOS="586"/>
							<String ID="string_10" HPOS="608" VPOS="217" WIDTH="33" HEIGHT="21" WC="0.96" CONTENT="för"/><SP WIDTH="21" VPOS="217" HPOS="641"/>
							<String ID="string_11" HPOS="662" VPOS="216" WIDTH="57" HEIGHT="21" WC="0.96" CONTENT="detta"/><SP WIDTH="16" VPOS="216" HPOS="719"/>
							<String ID="string_12" HPOS="735" VPOS="215" WIDTH="55" HEIGHT="21" WC="0.96" CONTENT="enda"/><SP WIDTH="16" VPOS="215" HPOS="790"/>
							<String ID="string_13" HPOS="806" VPOS="214" WIDTH="27" HEIGHT="21" WC="0.95" CONTENT="år."/><SP WIDTH="16" VPOS="214" HPOS="833"/>
							<String ID="string_14" HPOS="849" VPOS="213" WIDTH="96" HEIGHT="33" WC="0.96" CONTENT="Jämför"/>
						</TextLine>
						<TextLine ID="line_2" HPOS="117" VPOS="242" WIDTH="829" HEIGHT="34">
							<String ID="string_15" HPOS="117" VPOS="255" WIDTH="49" HEIGHT="15" WC="0.95" CONTENT="man"/><SP WIDTH="17" VPOS="255" HPOS="166"/>
							<String ID="string_16" HPOS="183" VPOS="248" WIDTH="26" HEIGHT="28" WC="0.96" CONTENT="på"/><SP WIDTH="15" VPOS="248" HPOS="209"/>
							<String ID="string_17" HPOS="224" VPOS="254" WIDTH="81" HEIGHT="14" WC="0.96" CONTENT="samma"/><SP WIDTH="15" VPOS="254" HPOS="305"/>
							<String ID="string_18" HPOS="320" VPOS="249" WIDTH="41" HEIGHT="19" WC="0.96" CONTENT="sätt"/><SP WIDTH="14" VPOS="249" HPOS="361"/>
							<String ID="string_19" HPOS="375" VPOS="247" WIDTH="145" HEIGHT="27" WC="0.96" CONTENT="beräkningen"/><SP WIDTH="16" VPOS="247" HPOS="520"/>
							<String ID="string_20" HPOS="536" VPOS="246" WIDTH="21" HEIGHT="21" WC="0.96" CONTENT="af"/><SP WIDTH="15" VPOS="246" HPOS="557"/>
							<String ID="string_21" HPOS="572" VPOS="246" WIDTH="61" HEIGHT="20" WC="0.96" CONTENT="dessa"/><SP WIDTH="15" VPOS="246" HPOS="633"/>
							<String ID="string_22" HPOS="648" VPOS="247" WIDTH="71" HEIGHT="25" WC="0.96" CONTENT="poster"/><SP WIDTH="12" VPOS="247" HPOS="719"/>
							<String ID="string_23" HPOS="731" VPOS="244" WIDTH="50" HEIGHT="21" WC="0.96" CONTENT="med"/><SP WIDTH="13" VPOS="244" HPOS="781"/>
							<String ID="string_24" HPOS="794" VPOS="244" WIDTH="41" HEIGHT="20" WC="0.96" CONTENT="den"/><SP WIDTH="12" VPOS="244" HPOS="835"/>
							<String ID="string_25" HPOS="847" VPOS="242" WIDTH="99" HEIGHT="26" WC="0.95" CONTENT="inkomst,"/>
						</TextLine>
						<TextLine ID="line_3" HPOS="118" VPOS="272" WIDTH="827" HEIGHT="32">
							<String ID="string_26" HPOS="118" VPOS="283" WIDTH="45" HEIGHT="15" WC="0.96" CONTENT="som"/><SP WIDTH="24" VPOS="283" HPOS="163"/>
							<String ID="string_27" HPOS="187" VPOS="279" WIDTH="23" HEIGHT="18" WC="0.95" CONTENT="är"/><SP WIDTH="22" VPOS="279" HPOS="210"/>
							<String ID="string_28" HPOS="232" VPOS="278" WIDTH="105" HEIGHT="25" WC="0.95" CONTENT="upptagen"/><SP WIDTH="23" VPOS="278" HPOS="337"/>
							<String ID="string_29" HPOS="360" VPOS="276" WIDTH="7" HEIGHT="20" WC="0.91" CONTENT="i"/><SP WIDTH="20" VPOS="276" HPOS="367"/>
							<String ID="string_30" HPOS="387" VPOS="275" WIDTH="158" HEIGHT="27" WC="0.91" CONTENT="statsförslagen"/><SP WIDTH="15" VPOS="275" HPOS="545"/>
							<String ID="string_31" HPOS="560" VPOS="275" WIDTH="33" HEIGHT="20" WC="0.96" CONTENT="för"/><SP WIDTH="15" VPOS="275" HPOS="593"/>
							<String ID="string_32" HPOS="608" VPOS="274" WIDTH="55" HEIGHT="21" WC="0.96" CONTENT="1893"/><SP WIDTH="17" VPOS="274" HPOS="663"/>
							<String ID="string_33" HPOS="680" VPOS="273" WIDTH="39" HEIGHT="21" WC="0.95" CONTENT="och"/><SP WIDTH="17" VPOS="273" HPOS="719"/>
							<String ID="string_34" HPOS="736" VPOS="273" WIDTH="61" HEIGHT="25" WC="0.95" CONTENT="1894,"/><SP WIDTH="15" VPOS="273" HPOS="797"/>
							<String ID="string_35" HPOS="812" VPOS="272" WIDTH="69" HEIGHT="20" WC="0.96" CONTENT="finner"/><SP WIDTH="14" VPOS="272" HPOS="881"/>
							<String ID="string_36" HPOS="895" VPOS="276" WIDTH="50" HEIGHT="28" WC="0.96" CONTENT="man"/>
						</TextLine>
						<TextLine ID="line_4" HPOS="118" VPOS="300" WIDTH="828" HEIGHT="33">
							<String ID="string_37" HPOS="118" VPOS="306" WIDTH="63" HEIGHT="20" WC="0.96" CONTENT="äfven"/><SP WIDTH="9" VPOS="306" HPOS="181"/>
							<String ID="string_38" HPOS="190" VPOS="307" WIDTH="29" HEIGHT="19" WC="0.87" CONTENT="att"/><SP WIDTH="6" VPOS="307" HPOS="219"/>
							<String ID="string_39" HPOS="225" VPOS="311" WIDTH="25" HEIGHT="15" WC="0.87" CONTENT="en"/><SP WIDTH="6" VPOS="311" HPOS="250"/>
							<String ID="string_40" HPOS="256" VPOS="304" WIDTH="96" HEIGHT="28" WC="0.96" CONTENT="betydlig"/><SP WIDTH="6" VPOS="304" HPOS="352"/>
							<String ID="string_41" HPOS="358" VPOS="304" WIDTH="83" HEIGHT="21" WC="0.93" CONTENT="skilnad"/><SP WIDTH="9" VPOS="304" HPOS="441"/>
							<String ID="string_42" HPOS="450" VPOS="304" WIDTH="120" HEIGHT="25" WC="0.92" CONTENT="förefinnes,"/><SP WIDTH="6" VPOS="304" HPOS="570"/>
							<String ID="string_43" HPOS="576" VPOS="304" WIDTH="7" HEIGHT="20" WC="0.92" CONTENT="i"/><SP WIDTH="6" VPOS="304" HPOS="583"/>
							<String ID="string_44" HPOS="589" VPOS="303" WIDTH="35" HEIGHT="21" WC="0.67" CONTENT="det"/><SP WIDTH="5" VPOS="303" HPOS="624"/>
							<String ID="string_45" HPOS="629" VPOS="304" WIDTH="30" HEIGHT="20" WC="0.67" CONTENT="att"/><SP WIDTH="6" VPOS="304" HPOS="659"/>
							<String ID="string_46" HPOS="665" VPOS="301" WIDTH="112" HEIGHT="22" WC="0.90" CONTENT="skilnaden"/><SP WIDTH="7" VPOS="301" HPOS="777"/>
							<String ID="string_47" HPOS="784" VPOS="301" WIDTH="32" HEIGHT="20" WC="0.96" CONTENT="för"/><SP WIDTH="8" VPOS="301" HPOS="816"/>
							<String ID="string_48" HPOS="824" VPOS="300" WIDTH="55" HEIGHT="21" WC="0.96" CONTENT="1893"/><SP WIDTH="6" VPOS="300" HPOS="879"/>
							<String ID="string_49" HPOS="885" VPOS="301" WIDTH="61" HEIGHT="32" WC="0.96" CONTENT="utgör"/>
						</TextLine>
						<TextLine ID="line_5" HPOS="119" VPOS="327" WIDTH="826" HEIGHT="33">
							<String ID="string_50" HPOS="119" VPOS="334" WIDTH="75" HEIGHT="26" WC="0.92" CONTENT="66,000"/><SP WIDTH="16" VPOS="334" HPOS="194"/>
							<String ID="string_51" HPOS="210" VPOS="334" WIDTH="66" HEIGHT="26" WC="0.96" CONTENT="mark,"/><SP WIDTH="15" VPOS="334" HPOS="276"/>
							<String ID="string_52" HPOS="291" VPOS="334" WIDTH="33" HEIGHT="20" WC="0.96" CONTENT="för"/><SP WIDTH="16" VPOS="334" HPOS="324"/>
							<String ID="string_53" HPOS="340" VPOS="334" WIDTH="55" HEIGHT="20" WC="0.93" CONTENT="1894"/><SP WIDTH="15" VPOS="334" HPOS="395"/>
							<String ID="string_54" HPOS="410" VPOS="333" WIDTH="76" HEIGHT="26" WC="0.93" CONTENT="82,000"/><SP WIDTH="18" VPOS="333" HPOS="486"/>
							<String ID="string_55" HPOS="504" VPOS="332" WIDTH="65" HEIGHT="21" WC="0.96" CONTENT="mark."/><SP WIDTH="31" VPOS="332" HPOS="569"/>
							<String ID="string_56" HPOS="600" VPOS="331" WIDTH="31" HEIGHT="21" WC="0.89" CONTENT="På"/><SP WIDTH="15" VPOS="331" HPOS="631"/>
							<String ID="string_57" HPOS="646" VPOS="331" WIDTH="48" HEIGHT="21" WC="0.96" CONTENT="hela"/><SP WIDTH="15" VPOS="331" HPOS="694"/>
							<String ID="string_58" HPOS="709" VPOS="330" WIDTH="102" HEIGHT="28" WC="0.95" CONTENT="perioden"/><SP WIDTH="16" VPOS="330" HPOS="811"/>
							<String ID="string_59" HPOS="827" VPOS="334" WIDTH="50" HEIGHT="16" WC="0.93" CONTENT="vore"/><SP WIDTH="15" VPOS="334" HPOS="877"/>
							<String ID="string_60" HPOS="892" VPOS="327" WIDTH="53" HEIGHT="21" WC="0.92" CONTENT="såle-"/>
						</TextLine>
						<TextLine ID="line_6" HPOS="119" VPOS="356" WIDTH="826" HEIGHT="34">
							<String ID="string_61" HPOS="119" VPOS="362" WIDTH="37" HEIGHT="21" WC="0.96" CONTENT="des"/><SP WIDTH="16" VPOS="362" HPOS="156"/>
							<String ID="string_62" HPOS="172" VPOS="362" WIDTH="145" HEIGHT="26" WC="0.96" CONTENT="beräkningen"/><SP WIDTH="15" VPOS="362" HPOS="317"/>
							<String ID="string_63" HPOS="332" VPOS="362" WIDTH="21" HEIGHT="28" WC="0.96" CONTENT="af"/><SP WIDTH="15" VPOS="362" HPOS="353"/>
							<String ID="string_64" HPOS="368" VPOS="362" WIDTH="62" HEIGHT="20" WC="0.96" CONTENT="dessa"/><SP WIDTH="14" VPOS="362" HPOS="430"/>
							<String ID="string_65" HPOS="444" VPOS="361" WIDTH="47" HEIGHT="27" WC="0.96" CONTENT="fyra"/><SP WIDTH="15" VPOS="361" HPOS="491"/>
							<String ID="string_66" HPOS="506" VPOS="362" WIDTH="70" HEIGHT="26" WC="0.96" CONTENT="poster"/><SP WIDTH="15" VPOS="362" HPOS="576"/>
							<String ID="string_67" HPOS="591" VPOS="360" WIDTH="58" HEIGHT="27" WC="0.96" CONTENT="lägre"/><SP WIDTH="15" VPOS="360" HPOS="649"/>
							<String ID="string_68" HPOS="664" VPOS="359" WIDTH="33" HEIGHT="21" WC="0.96" CONTENT="till"/><SP WIDTH="14" VPOS="359" HPOS="697"/>
							<String ID="string_69" HPOS="711" VPOS="360" WIDTH="30" HEIGHT="19" WC="0.96" CONTENT="ett"/><SP WIDTH="15" VPOS="360" HPOS="741"/>
							<String ID="string_70" HPOS="756" VPOS="358" WIDTH="80" HEIGHT="32" WC="0.96" CONTENT="belopp"/><SP WIDTH="12" VPOS="358" HPOS="836"/>
							<String ID="string_71" HPOS="848" VPOS="358" WIDTH="21" HEIGHT="20" WC="0.96" CONTENT="af"/><SP WIDTH="10" VPOS="358" HPOS="869"/>
							<String ID="string_72" HPOS="879" VPOS="356" WIDTH="66" HEIGHT="33" WC="0.96" CONTENT="omkr."/>
						</TextLine>
						<TextLine ID="line_7" HPOS="120" VPOS="387" WIDTH="825" HEIGHT="31">
							<String ID="string_73" HPOS="120" VPOS="391" WIDTH="89" HEIGHT="27" WC="0.91" CONTENT="208,000"/><SP WIDTH="23" VPOS="391" HPOS="209"/>
							<String ID="string_74" HPOS="232" VPOS="390" WIDTH="66" HEIGHT="21" WC="0.95" CONTENT="mark."/><SP WIDTH="29" VPOS="390" HPOS="298"/>
							<String ID="string_75" HPOS="327" VPOS="390" WIDTH="71" HEIGHT="21" WC="0.95" CONTENT="Äfven"/><SP WIDTH="23" VPOS="390" HPOS="398"/>
							<String ID="string_76" HPOS="421" VPOS="390" WIDTH="35" HEIGHT="20" WC="0.96" CONTENT="vid"/><SP WIDTH="25" VPOS="390" HPOS="456"/>
							<String ID="string_77" HPOS="481" VPOS="389" WIDTH="144" HEIGHT="21" WC="0.93" CONTENT="innevarande"/><SP WIDTH="21" VPOS="389" HPOS="625"/>
							<String ID="string_78" HPOS="646" VPOS="388" WIDTH="102" HEIGHT="26" WC="0.92" CONTENT="landtdag"/><SP WIDTH="22" VPOS="388" HPOS="748"/>
							<String ID="string_79" HPOS="770" VPOS="387" WIDTH="38" HEIGHT="20" WC="0.96" CONTENT="har"/><SP WIDTH="22" VPOS="387" HPOS="808"/>
							<String ID="string_80" HPOS="830" VPOS="393" WIDTH="35" HEIGHT="21" WC="0.95" CONTENT="jag"/><SP WIDTH="21" VPOS="393" HPOS="865"/>
							<String ID="string_81" HPOS="886" VPOS="390" WIDTH="59" HEIGHT="28" WC="0.96" CONTENT="inom"/>
						</TextLine>
						<TextLine ID="line_8" HPOS="120" VPOS="415" WIDTH="825" HEIGHT="33">
							<String ID="string_82" HPOS="120" VPOS="419" WIDTH="154" HEIGHT="21" WC="0.96" CONTENT="statsutskottet"/><SP WIDTH="14" VPOS="419" HPOS="274"/>
							<String ID="string_83" HPOS="288" VPOS="419" WIDTH="62" HEIGHT="27" WC="0.96" CONTENT="yrkat"/><SP WIDTH="14" VPOS="419" HPOS="350"/>
							<String ID="string_84" HPOS="364" VPOS="418" WIDTH="28" HEIGHT="28" WC="0.96" CONTENT="på"/><SP WIDTH="20" VPOS="418" HPOS="392"/>
							<String ID="string_85" HPOS="412" VPOS="420" WIDTH="30" HEIGHT="19" WC="0.96" CONTENT="att"/><SP WIDTH="21" VPOS="420" HPOS="442"/>
							<String ID="string_86" HPOS="463" VPOS="418" WIDTH="149" HEIGHT="21" WC="0.96" CONTENT="motsvarande"/><SP WIDTH="22" VPOS="418" HPOS="612"/>
							<String ID="string_87" HPOS="634" VPOS="417" WIDTH="77" HEIGHT="27" WC="0.96" CONTENT="belopp"/><SP WIDTH="20" VPOS="417" HPOS="711"/>
							<String ID="string_88" HPOS="731" VPOS="415" WIDTH="70" HEIGHT="33" WC="0.95" CONTENT="skulle"/><SP WIDTH="16" VPOS="415" HPOS="801"/>
							<String ID="string_89" HPOS="817" VPOS="415" WIDTH="56" HEIGHT="27" WC="0.96" CONTENT="ökas,"/><SP WIDTH="16" VPOS="415" HPOS="873"/>
							<String ID="string_90" HPOS="889" VPOS="420" WIDTH="56" HEIGHT="19" WC="0.96" CONTENT="enär,"/>
						</TextLine>
						<TextLine ID="line_9" HPOS="120" VPOS="443" WIDTH="826" HEIGHT="33">
							<String ID="string_91" HPOS="120" VPOS="454" WIDTH="34" HEIGHT="15" WC="0.95" CONTENT="om"/><SP WIDTH="15" VPOS="454" HPOS="154"/>
							<String ID="string_92" HPOS="169" VPOS="454" WIDTH="51" HEIGHT="15" WC="0.95" CONTENT="man"/><SP WIDTH="14" VPOS="454" HPOS="220"/>
							<String ID="string_93" HPOS="234" VPOS="450" WIDTH="60" HEIGHT="25" WC="0.96" CONTENT="tager"/><SP WIDTH="14" VPOS="450" HPOS="294"/>
							<String ID="string_94" HPOS="308" VPOS="448" WIDTH="8" HEIGHT="20" WC="0.96" CONTENT="i"/><SP WIDTH="14" VPOS="448" HPOS="316"/>
							<String ID="string_95" HPOS="330" VPOS="447" WIDTH="138" HEIGHT="22" WC="0.92" CONTENT="betraktande"/><SP WIDTH="22" VPOS="447" HPOS="468"/>
							<String ID="string_96" HPOS="490" VPOS="446" WIDTH="158" HEIGHT="28" WC="0.92" CONTENT="markegången"/><SP WIDTH="15" VPOS="446" HPOS="648"/>
							<String ID="string_97" HPOS="663" VPOS="446" WIDTH="33" HEIGHT="21" WC="0.96" CONTENT="för"/><SP WIDTH="15" VPOS="446" HPOS="696"/>
							<String ID="string_98" HPOS="711" VPOS="445" WIDTH="26" HEIGHT="21" WC="0.96" CONTENT="de"/><SP WIDTH="16" VPOS="445" HPOS="737"/>
							<String ID="string_99" HPOS="753" VPOS="444" WIDTH="56" HEIGHT="21" WC="0.96" CONTENT="olika"/><SP WIDTH="16" VPOS="444" HPOS="809"/>
							<String ID="string_100" HPOS="825" VPOS="443" WIDTH="56" HEIGHT="33" WC="0.95" CONTENT="åren,"/><SP WIDTH="14" VPOS="443" HPOS="881"/>
							<String ID="string_101" HPOS="895" VPOS="448" WIDTH="51" HEIGHT="26" WC="0.96" CONTENT="man"/>
						</TextLine>
						<TextLine ID="line_10" HPOS="119" VPOS="470" WIDTH="826" HEIGHT="35">
							<String ID="string_102" HPOS="119" VPOS="477" WIDTH="39" HEIGHT="21" WC="0.95" CONTENT="har"/><SP WIDTH="33" VPOS="477" HPOS="158"/>
							<String ID="string_103" HPOS="191" VPOS="477" WIDTH="28" HEIGHT="20" WC="0.95" CONTENT="all"/><SP WIDTH="25" VPOS="477" HPOS="219"/>
							<String ID="string_104" HPOS="244" VPOS="476" WIDTH="115" HEIGHT="28" WC="0.96" CONTENT="anledning"/><SP WIDTH="30" VPOS="476" HPOS="359"/>
							<String ID="string_105" HPOS="389" VPOS="478" WIDTH="77" HEIGHT="25" WC="0.96" CONTENT="antaga"/><SP WIDTH="22" VPOS="478" HPOS="466"/>
							<String ID="string_106" HPOS="488" VPOS="478" WIDTH="30" HEIGHT="19" WC="0.93" CONTENT="att"/><SP WIDTH="24" VPOS="478" HPOS="518"/>
							<String ID="string_107" HPOS="542" VPOS="474" WIDTH="235" HEIGHT="27" WC="0.92" CONTENT="medelmarkegången,"/><SP WIDTH="23" VPOS="474" HPOS="777"/>
							<String ID="string_108" HPOS="800" VPOS="472" WIDTH="67" HEIGHT="33" WC="0.92" CONTENT="enligt"/><SP WIDTH="25" VPOS="472" HPOS="867"/>
							<String ID="string_109" HPOS="892" VPOS="470" WIDTH="53" HEIGHT="22" WC="0.92" CONTENT="hvil-"/>
						</TextLine>
						<TextLine ID="line_11" HPOS="119" VPOS="499" WIDTH="826" HEIGHT="34">
							<String ID="string_110" HPOS="119" VPOS="505" WIDTH="42" HEIGHT="21" WC="0.95" CONTENT="ken"/><SP WIDTH="16" VPOS="505" HPOS="161"/>
							<String ID="string_111" HPOS="177" VPOS="506" WIDTH="62" HEIGHT="21" WC="0.96" CONTENT="dessa"/><SP WIDTH="22" VPOS="506" HPOS="239"/>
							<String ID="string_112" HPOS="261" VPOS="505" WIDTH="117" HEIGHT="21" WC="0.93" CONTENT="inkomster"/><SP WIDTH="21" VPOS="505" HPOS="378"/>
							<String ID="string_113" HPOS="399" VPOS="505" WIDTH="81" HEIGHT="26" WC="0.92" CONTENT="inflyta,"/><SP WIDTH="22" VPOS="505" HPOS="480"/>
							<String ID="string_114" HPOS="502" VPOS="505" WIDTH="95" HEIGHT="20" WC="0.96" CONTENT="kommer"/><SP WIDTH="19" VPOS="505" HPOS="597"/>
							<String ID="string_115" HPOS="616" VPOS="506" WIDTH="30" HEIGHT="19" WC="0.96" CONTENT="att"/><SP WIDTH="15" VPOS="506" HPOS="646"/>
							<String ID="string_116" HPOS="661" VPOS="503" WIDTH="69" HEIGHT="21" WC="0.96" CONTENT="under"/><SP WIDTH="15" VPOS="503" HPOS="730"/>
							<String ID="string_117" HPOS="745" VPOS="502" WIDTH="42" HEIGHT="21" WC="0.96" CONTENT="den"/><SP WIDTH="15" VPOS="502" HPOS="787"/>
							<String ID="string_118" HPOS="802" VPOS="499" WIDTH="143" HEIGHT="34" WC="0.91" CONTENT="instundande"/>
						</TextLine>
						<TextLine ID="line_12" HPOS="119" VPOS="527" WIDTH="828" HEIGHT="34">
							<String ID="string_119" HPOS="119" VPOS="533" WIDTH="171" HEIGHT="28" WC="0.91" CONTENT="finansperioden"/><SP WIDTH="22" VPOS="533" HPOS="290"/>
							<String ID="string_120" HPOS="312" VPOS="534" WIDTH="59" HEIGHT="27" WC="0.96" CONTENT="stiga."/><SP WIDTH="30" VPOS="534" HPOS="371"/>
							<String ID="string_121" HPOS="401" VPOS="533" WIDTH="41" HEIGHT="28" WC="0.96" CONTENT="Jag"/><SP WIDTH="18" VPOS="533" HPOS="442"/>
							<String ID="string_122" HPOS="460" VPOS="533" WIDTH="101" HEIGHT="27" WC="0.96" CONTENT="lyckades"/><SP WIDTH="14" VPOS="533" HPOS="561"/>
							<String ID="string_123" HPOS="575" VPOS="533" WIDTH="8" HEIGHT="20" WC="0.96" CONTENT="i"/><SP WIDTH="15" VPOS="533" HPOS="583"/>
							<String ID="string_124" HPOS="598" VPOS="533" WIDTH="43" HEIGHT="20" WC="0.96" CONTENT="viss"/><SP WIDTH="15" VPOS="533" HPOS="641"/>
							<String ID="string_125" HPOS="656" VPOS="532" WIDTH="56" HEIGHT="26" WC="0.95" CONTENT="mån,"/><SP WIDTH="11" VPOS="532" HPOS="712"/>
							<String ID="string_126" HPOS="723" VPOS="531" WIDTH="106" HEIGHT="26" WC="0.95" CONTENT="nämligen"/><SP WIDTH="12" VPOS="531" HPOS="829"/>
							<String ID="string_127" HPOS="841" VPOS="527" WIDTH="106" HEIGHT="32" WC="0.96" CONTENT="såtillvida"/>
						</TextLine>
						<TextLine ID="line_13" HPOS="120" VPOS="560" WIDTH="827" HEIGHT="29">
							<String ID="string_128" HPOS="120" VPOS="564" WIDTH="30" HEIGHT="19" WC="0.95" CONTENT="att"/><SP WIDTH="22" VPOS="564" HPOS="150"/>
							<String ID="string_129" HPOS="172" VPOS="563" WIDTH="6" HEIGHT="20" WC="0.96" CONTENT="i"/><SP WIDTH="22" VPOS="563" HPOS="178"/>
							<String ID="string_130" HPOS="200" VPOS="563" WIDTH="70" HEIGHT="20" WC="0.96" CONTENT="stället"/><SP WIDTH="21" VPOS="563" HPOS="270"/>
							<String ID="string_131" HPOS="291" VPOS="562" WIDTH="33" HEIGHT="21" WC="0.96" CONTENT="för"/><SP WIDTH="22" VPOS="562" HPOS="324"/>
							<String ID="string_132" HPOS="346" VPOS="563" WIDTH="42" HEIGHT="20" WC="0.96" CONTENT="den"/><SP WIDTH="22" VPOS="563" HPOS="388"/>
							<String ID="string_133" HPOS="410" VPOS="562" WIDTH="128" HEIGHT="27" WC="0.96" CONTENT="minskning,"/><SP WIDTH="16" VPOS="562" HPOS="538"/>
							<String ID="string_134" HPOS="554" VPOS="568" WIDTH="45" HEIGHT="15" WC="0.96" CONTENT="som"/><SP WIDTH="22" VPOS="568" HPOS="599"/>
							<String ID="string_135" HPOS="621" VPOS="562" WIDTH="8" HEIGHT="20" WC="0.96" CONTENT="i"/><SP WIDTH="18" VPOS="562" HPOS="629"/>
							<String ID="string_136" HPOS="647" VPOS="560" WIDTH="159" HEIGHT="29" WC="0.93" CONTENT="propositionen"/><SP WIDTH="16" VPOS="560" HPOS="806"/>
							<String ID="string_137" HPOS="822" VPOS="560" WIDTH="125" HEIGHT="28" WC="0.91" CONTENT="upptages"/><SP WIDTH="-15" VPOS="560" HPOS="947"/>
							<String ID="string_138" HPOS="932" VPOS="556" WIDTH="17" HEIGHT="38" WC="0.96" CONTENT="1"/>
						</TextLine>
						<TextLine ID="line_14" HPOS="120" VPOS="587" WIDTH="827" HEIGHT="31">
							<String ID="string_139" HPOS="120" VPOS="591" WIDTH="62" HEIGHT="20" WC="0.96" CONTENT="dessa"/><SP WIDTH="14" VPOS="591" HPOS="182"/>
							<String ID="string_140" HPOS="196" VPOS="591" WIDTH="122" HEIGHT="27" WC="0.96" CONTENT="inkomster,"/><SP WIDTH="16" VPOS="591" HPOS="318"/>
							<String ID="string_141" HPOS="334" VPOS="591" WIDTH="154" HEIGHT="20" WC="0.95" CONTENT="statsutskottet"/><SP WIDTH="22" VPOS="591" HPOS="488"/>
							<String ID="string_142" HPOS="510" VPOS="591" WIDTH="102" HEIGHT="20" WC="0.95" CONTENT="beräknat"/><SP WIDTH="22" VPOS="591" HPOS="612"/>
							<String ID="string_143" HPOS="634" VPOS="597" WIDTH="81" HEIGHT="14" WC="0.96" CONTENT="samma"/><SP WIDTH="20" VPOS="597" HPOS="715"/>
							<String ID="string_144" HPOS="735" VPOS="589" WIDTH="76" HEIGHT="26" WC="0.95" CONTENT="belopp"/><SP WIDTH="16" VPOS="589" HPOS="811"/>
							<String ID="string_145" HPOS="827" VPOS="588" WIDTH="32" HEIGHT="20" WC="0.96" CONTENT="för"/><SP WIDTH="16" VPOS="588" HPOS="859"/>
							<String ID="string_146" HPOS="875" VPOS="587" WIDTH="72" HEIGHT="24" WC="0.95" CONTENT="hvarje"/>
						</TextLine>
						<TextLine ID="line_15" HPOS="120" VPOS="613" WIDTH="826" HEIGHT="34">
							<String ID="string_147" HPOS="120" VPOS="619" WIDTH="22" HEIGHT="21" WC="0.95" CONTENT="af"/><SP WIDTH="22" VPOS="619" HPOS="142"/>
							<String ID="string_148" HPOS="164" VPOS="619" WIDTH="26" HEIGHT="21" WC="0.96" CONTENT="de"/><SP WIDTH="20" VPOS="619" HPOS="190"/>
							<String ID="string_149" HPOS="210" VPOS="622" WIDTH="31" HEIGHT="19" WC="0.96" CONTENT="tre"/><SP WIDTH="23" VPOS="622" HPOS="241"/>
							<String ID="string_150" HPOS="264" VPOS="620" WIDTH="55" HEIGHT="21" WC="0.96" CONTENT="åren."/><SP WIDTH="30" VPOS="620" HPOS="319"/>
							<String ID="string_151" HPOS="349" VPOS="619" WIDTH="72" HEIGHT="28" WC="0.86" CONTENT="Enligt"/><SP WIDTH="20" VPOS="619" HPOS="421"/>
							<String ID="string_152" HPOS="441" VPOS="620" WIDTH="43" HEIGHT="20" WC="0.96" CONTENT="min"/><SP WIDTH="17" VPOS="620" HPOS="484"/>
							<String ID="string_153" HPOS="501" VPOS="619" WIDTH="54" HEIGHT="21" WC="0.96" CONTENT="åsikt"/><SP WIDTH="14" VPOS="619" HPOS="555"/>
							<String ID="string_154" HPOS="569" VPOS="621" WIDTH="24" HEIGHT="18" WC="0.96" CONTENT="är"/><SP WIDTH="15" VPOS="621" HPOS="593"/>
							<String ID="string_155" HPOS="608" VPOS="619" WIDTH="53" HEIGHT="21" WC="0.96" CONTENT="dock"/><SP WIDTH="17" VPOS="619" HPOS="661"/>
							<String ID="string_156" HPOS="678" VPOS="619" WIDTH="57" HEIGHT="20" WC="0.96" CONTENT="detta"/><SP WIDTH="15" VPOS="619" HPOS="735"/>
							<String ID="string_157" HPOS="750" VPOS="617" WIDTH="77" HEIGHT="27" WC="0.96" CONTENT="belopp"/><SP WIDTH="14" VPOS="617" HPOS="827"/>
							<String ID="string_158" HPOS="841" VPOS="616" WIDTH="44" HEIGHT="27" WC="0.96" CONTENT="lågt"/><SP WIDTH="22" VPOS="616" HPOS="885"/>
							<String ID="string_159" HPOS="907" VPOS="613" WIDTH="39" HEIGHT="22" WC="0.96" CONTENT="och"/>
						</TextLine>
						<TextLine ID="line_16" HPOS="121" VPOS="645" WIDTH="825" HEIGHT="30">
							<String ID="string_160" HPOS="121" VPOS="648" WIDTH="69" HEIGHT="21" WC="0.96" CONTENT="skulle"/><SP WIDTH="15" VPOS="648" HPOS="190"/>
							<String ID="string_161" HPOS="205" VPOS="649" WIDTH="36" HEIGHT="26" WC="0.96" CONTENT="jag"/><SP WIDTH="15" VPOS="649" HPOS="241"/>
							<String ID="string_162" HPOS="256" VPOS="655" WIDTH="50" HEIGHT="14" WC="0.96" CONTENT="anse"/><SP WIDTH="16" VPOS="655" HPOS="306"/>
							<String ID="string_163" HPOS="322" VPOS="648" WIDTH="111" HEIGHT="21" WC="0.96" CONTENT="skilnaden"/><SP WIDTH="16" VPOS="648" HPOS="433"/>
							<String ID="string_164" HPOS="449" VPOS="648" WIDTH="79" HEIGHT="21" WC="0.95" CONTENT="mellan"/><SP WIDTH="15" VPOS="648" HPOS="528"/>
							<String ID="string_165" HPOS="543" VPOS="649" WIDTH="41" HEIGHT="20" WC="0.96" CONTENT="den"/><SP WIDTH="15" VPOS="649" HPOS="584"/>
							<String ID="string_166" HPOS="599" VPOS="655" WIDTH="31" HEIGHT="13" WC="0.96" CONTENT="nu"/><SP WIDTH="15" VPOS="655" HPOS="630"/>
							<String ID="string_167" HPOS="645" VPOS="647" WIDTH="146" HEIGHT="27" WC="0.95" CONTENT="föreliggande"/><SP WIDTH="10" VPOS="647" HPOS="791"/>
							<String ID="string_168" HPOS="801" VPOS="645" WIDTH="145" HEIGHT="27" WC="0.96" CONTENT="beräkningen"/>
						</TextLine>
						<TextLine ID="line_17" HPOS="122" VPOS="675" WIDTH="824" HEIGHT="28">
							<String ID="string_169" HPOS="122" VPOS="677" WIDTH="39" HEIGHT="20" WC="0.96" CONTENT="och"/><SP WIDTH="15" VPOS="677" HPOS="161"/>
							<String ID="string_170" HPOS="176" VPOS="677" WIDTH="48" HEIGHT="26" WC="0.96" CONTENT="den,"/><SP WIDTH="15" VPOS="677" HPOS="224"/>
							<String ID="string_171" HPOS="239" VPOS="683" WIDTH="45" HEIGHT="14" WC="0.95" CONTENT="som"/><SP WIDTH="16" VPOS="683" HPOS="284"/>
							<String ID="string_172" HPOS="300" VPOS="677" WIDTH="109" HEIGHT="26" WC="0.95" CONTENT="rätteligen"/><SP WIDTH="18" VPOS="677" HPOS="409"/>
							<String ID="string_173" HPOS="427" VPOS="677" WIDTH="65" HEIGHT="21" WC="0.96" CONTENT="borde"/><SP WIDTH="15" VPOS="677" HPOS="492"/>
							<String ID="string_174" HPOS="507" VPOS="677" WIDTH="63" HEIGHT="20" WC="0.93" CONTENT="hafva"/><SP WIDTH="15" VPOS="677" HPOS="570"/>
							<String ID="string_175" HPOS="585" VPOS="677" WIDTH="102" HEIGHT="26" WC="0.90" CONTENT="inslagits,"/><SP WIDTH="16" VPOS="677" HPOS="687"/>
							<String ID="string_176" HPOS="703" VPOS="678" WIDTH="75" HEIGHT="25" WC="0.96" CONTENT="utgöra"/><SP WIDTH="14" VPOS="678" HPOS="778"/>
							<String ID="string_177" HPOS="792" VPOS="675" WIDTH="27" HEIGHT="28" WC="0.96" CONTENT="på"/><SP WIDTH="15" VPOS="675" HPOS="819"/>
							<String ID="string_178" HPOS="834" VPOS="675" WIDTH="61" HEIGHT="21" WC="0.93" CONTENT="dessa"/><SP WIDTH="15" VPOS="675" HPOS="895"/>
							<String ID="string_179" HPOS="910" VPOS="681" WIDTH="36" HEIGHT="20" WC="0.89" CONTENT="po-"/>
						</TextLine>
						<TextLine ID="line_18" HPOS="122" VPOS="703" WIDTH="824" HEIGHT="30">
							<String ID="string_180" HPOS="122" VPOS="707" WIDTH="42" HEIGHT="18" WC="0.93" CONTENT="ster"/><SP WIDTH="15" VPOS="707" HPOS="164"/>
							<String ID="string_181" HPOS="179" VPOS="705" WIDTH="98" HEIGHT="28" WC="0.93" CONTENT="omkring"/><SP WIDTH="15" VPOS="705" HPOS="277"/>
							<String ID="string_182" HPOS="292" VPOS="705" WIDTH="90" HEIGHT="27" WC="0.92" CONTENT="200,000"/><SP WIDTH="16" VPOS="705" HPOS="382"/>
							<String ID="string_183" HPOS="398" VPOS="705" WIDTH="59" HEIGHT="21" WC="0.96" CONTENT="mark"/><SP WIDTH="15" VPOS="705" HPOS="457"/>
							<String ID="string_184" HPOS="472" VPOS="705" WIDTH="33" HEIGHT="21" WC="0.96" CONTENT="för"/><SP WIDTH="15" VPOS="705" HPOS="505"/>
							<String ID="string_185" HPOS="520" VPOS="705" WIDTH="40" HEIGHT="21" WC="0.96" CONTENT="den"/><SP WIDTH="17" VPOS="705" HPOS="560"/>
							<String ID="string_186" HPOS="577" VPOS="705" WIDTH="105" HEIGHT="27" WC="0.93" CONTENT="ingående"/><SP WIDTH="15" VPOS="705" HPOS="682"/>
							<String ID="string_187" HPOS="697" VPOS="704" WIDTH="176" HEIGHT="27" WC="0.92" CONTENT="finansperioden."/><SP WIDTH="26" VPOS="704" HPOS="873"/>
							<String ID="string_188" HPOS="899" VPOS="703" WIDTH="47" HEIGHT="21" WC="0.92" CONTENT="Sär-"/>
						</TextLine>
						<TextLine ID="line_19" HPOS="122" VPOS="733" WIDTH="825" HEIGHT="28">
							<String ID="string_189" HPOS="122" VPOS="733" WIDTH="64" HEIGHT="21" WC="0.93" CONTENT="skildt"/><SP WIDTH="14" VPOS="733" HPOS="186"/>
							<String ID="string_190" HPOS="200" VPOS="734" WIDTH="38" HEIGHT="20" WC="0.95" CONTENT="vill"/><SP WIDTH="14" VPOS="734" HPOS="238"/>
							<String ID="string_191" HPOS="252" VPOS="735" WIDTH="36" HEIGHT="26" WC="0.93" CONTENT="jag"/><SP WIDTH="15" VPOS="735" HPOS="288"/>
							<String ID="string_192" HPOS="303" VPOS="734" WIDTH="101" HEIGHT="27" WC="0.92" CONTENT="därjämte"/><SP WIDTH="23" VPOS="734" HPOS="404"/>
							<String ID="string_193" HPOS="427" VPOS="735" WIDTH="53" HEIGHT="20" WC="0.90" CONTENT="fästa"/><SP WIDTH="23" VPOS="735" HPOS="480"/>
							<String ID="string_194" HPOS="503" VPOS="734" WIDTH="214" HEIGHT="27" WC="0.90" CONTENT="uppmärksamheten"/><SP WIDTH="20" VPOS="734" HPOS="717"/>
							<String ID="string_195" HPOS="737" VPOS="733" WIDTH="36" HEIGHT="20" WC="0.96" CONTENT="vid"/><SP WIDTH="16" VPOS="733" HPOS="773"/>
							<String ID="string_196" HPOS="789" VPOS="739" WIDTH="26" HEIGHT="15" WC="0.96" CONTENT="en"/><SP WIDTH="16" VPOS="739" HPOS="815"/>
							<String ID="string_197" HPOS="831" VPOS="733" WIDTH="44" HEIGHT="21" WC="0.93" CONTENT="titel"/><SP WIDTH="18" VPOS="733" HPOS="875"/>
							<String ID="string_198" HPOS="893" VPOS="733" WIDTH="54" HEIGHT="20" WC="0.92" CONTENT="»vir-"/>
						</TextLine>
						<TextLine ID="line_20" HPOS="121" VPOS="760" WIDTH="826" HEIGHT="30">
							<String ID="string_199" HPOS="121" VPOS="762" WIDTH="181" HEIGHT="27" WC="0.0" CONTENT="kesförsäljning.»"/><SP WIDTH="34" VPOS="762" HPOS="302"/>
							<String ID="string_200" HPOS="336" VPOS="762" WIDTH="76" HEIGHT="21" WC="0.94" CONTENT="Denna"/><SP WIDTH="23" VPOS="762" HPOS="412"/>
							<String ID="string_201" HPOS="435" VPOS="764" WIDTH="23" HEIGHT="19" WC="0.94" CONTENT="är"/><SP WIDTH="21" VPOS="764" HPOS="458"/>
							<String ID="string_202" HPOS="479" VPOS="763" WIDTH="7" HEIGHT="20" WC="0.95" CONTENT="i"/><SP WIDTH="22" VPOS="763" HPOS="486"/>
							<String ID="string_203" HPOS="508" VPOS="763" WIDTH="157" HEIGHT="27" WC="0.93" CONTENT="propositionen"/><SP WIDTH="23" VPOS="763" HPOS="665"/>
							<String ID="string_204" HPOS="688" VPOS="764" WIDTH="105" HEIGHT="25" WC="0.96" CONTENT="upptagen"/><SP WIDTH="24" VPOS="764" HPOS="793"/>
							<String ID="string_205" HPOS="817" VPOS="761" WIDTH="31" HEIGHT="21" WC="0.93" CONTENT="till"/><SP WIDTH="23" VPOS="761" HPOS="848"/>
							<String ID="string_206" HPOS="871" VPOS="760" WIDTH="76" HEIGHT="28" WC="0.92" CONTENT="25,000"/>
						</TextLine>
						<TextLine ID="line_21" HPOS="121" VPOS="791" WIDTH="825" HEIGHT="27">
							<String ID="string_207" HPOS="121" VPOS="791" WIDTH="60" HEIGHT="20" WC="0.92" CONTENT="mark"/><SP WIDTH="21" VPOS="791" HPOS="181"/>
							<String ID="string_208" HPOS="202" VPOS="791" WIDTH="86" HEIGHT="27" WC="0.92" CONTENT="ärligen,"/><SP WIDTH="24" VPOS="791" HPOS="288"/>
							<String ID="string_209" HPOS="312" VPOS="791" WIDTH="38" HEIGHT="21" WC="0.96" CONTENT="och"/><SP WIDTH="24" VPOS="791" HPOS="350"/>
							<String ID="string_210" HPOS="374" VPOS="791" WIDTH="56" HEIGHT="21" WC="0.93" CONTENT="detta"/><SP WIDTH="23" VPOS="791" HPOS="430"/>
							<String ID="string_211" HPOS="453" VPOS="791" WIDTH="76" HEIGHT="27" WC="0.92" CONTENT="belopp"/><SP WIDTH="17" VPOS="791" HPOS="529"/>
							<String ID="string_212" HPOS="546" VPOS="791" WIDTH="39" HEIGHT="20" WC="0.93" CONTENT="har"/><SP WIDTH="15" VPOS="791" HPOS="585"/>
							<String ID="string_213" HPOS="600" VPOS="791" WIDTH="62" HEIGHT="20" WC="0.92" CONTENT="äfven"/><SP WIDTH="17" VPOS="791" HPOS="662"/>
							<String ID="string_214" HPOS="679" VPOS="791" WIDTH="154" HEIGHT="20" WC="0.93" CONTENT="statsutskottet"/><SP WIDTH="15" VPOS="791" HPOS="833"/>
							<String ID="string_215" HPOS="848" VPOS="791" WIDTH="98" HEIGHT="27" WC="0.92" CONTENT="godkänt."/>
						</TextLine>
						<TextLine ID="line_22" HPOS="122" VPOS="819" WIDTH="827" HEIGHT="27">
							<String ID="string_216" HPOS="122" VPOS="819" WIDTH="39" HEIGHT="20" WC="0.95" CONTENT="Om"/><SP WIDTH="15" VPOS="819" HPOS="161"/>
							<String ID="string_217" HPOS="176" VPOS="826" WIDTH="50" HEIGHT="14" WC="0.93" CONTENT="man"/><SP WIDTH="16" VPOS="826" HPOS="226"/>
							<String ID="string_218" HPOS="242" VPOS="819" WIDTH="116" HEIGHT="22" WC="0.92" CONTENT="emellertid"/><SP WIDTH="17" VPOS="819" HPOS="358"/>
							<String ID="string_219" HPOS="375" VPOS="820" WIDTH="106" HEIGHT="21" WC="0.93" CONTENT="betraktar"/><SP WIDTH="10" VPOS="820" HPOS="481"/>
							<String ID="string_220" HPOS="491" VPOS="820" WIDTH="50" HEIGHT="21" WC="0.93" CONTENT="ären"/><SP WIDTH="17" VPOS="820" HPOS="541"/>
							<String ID="string_221" HPOS="558" VPOS="820" WIDTH="59" HEIGHT="26" WC="0.96" CONTENT="1890,"/><SP WIDTH="18" VPOS="820" HPOS="617"/>
							<String ID="string_222" HPOS="635" VPOS="820" WIDTH="53" HEIGHT="20" WC="0.96" CONTENT="1891"/><SP WIDTH="17" VPOS="820" HPOS="688"/>
							<String ID="string_223" HPOS="705" VPOS="820" WIDTH="39" HEIGHT="20" WC="0.96" CONTENT="och"/><SP WIDTH="17" VPOS="820" HPOS="744"/>
							<String ID="string_224" HPOS="761" VPOS="820" WIDTH="60" HEIGHT="25" WC="0.96" CONTENT="1892,"/><SP WIDTH="14" VPOS="820" HPOS="821"/>
							<String ID="string_225" HPOS="835" VPOS="819" WIDTH="32" HEIGHT="21" WC="0.93" CONTENT="för"/><SP WIDTH="10" VPOS="819" HPOS="867"/>
							<String ID="string_226" HPOS="877" VPOS="819" WIDTH="72" HEIGHT="20" WC="0.93" CONTENT="hvilka"/>
						</TextLine>
						<TextLine ID="line_23" HPOS="121" VPOS="847" WIDTH="828" HEIGHT="28">
							<String ID="string_227" HPOS="121" VPOS="854" WIDTH="49" HEIGHT="14" WC="0.95" CONTENT="man"/><SP WIDTH="16" VPOS="854" HPOS="170"/>
							<String ID="string_228" HPOS="186" VPOS="848" WIDTH="38" HEIGHT="21" WC="0.93" CONTENT="har"/><SP WIDTH="15" VPOS="848" HPOS="224"/>
							<String ID="string_229" HPOS="239" VPOS="848" WIDTH="94" HEIGHT="27" WC="0.92" CONTENT="värkliga"/><SP WIDTH="15" VPOS="848" HPOS="333"/>
							<String ID="string_230" HPOS="348" VPOS="848" WIDTH="68" HEIGHT="21" WC="0.92" CONTENT="siffror"/><SP WIDTH="14" VPOS="848" HPOS="416"/>
							<String ID="string_231" HPOS="430" VPOS="851" WIDTH="30" HEIGHT="18" WC="0.93" CONTENT="att"/><SP WIDTH="15" VPOS="851" HPOS="460"/>
							<String ID="string_232" HPOS="475" VPOS="849" WIDTH="60" HEIGHT="20" WC="0.92" CONTENT="stöda"/><SP WIDTH="19" VPOS="849" HPOS="535"/>
							<String ID="string_233" HPOS="554" VPOS="849" WIDTH="32" HEIGHT="26" WC="0.96" CONTENT="sig"/><SP WIDTH="15" VPOS="849" HPOS="586"/>
							<String ID="string_234" HPOS="601" VPOS="849" WIDTH="32" HEIGHT="26" WC="0.95" CONTENT="pä,"/><SP WIDTH="15" VPOS="849" HPOS="633"/>
							<String ID="string_235" HPOS="648" VPOS="848" WIDTH="23" HEIGHT="21" WC="0.93" CONTENT="sä"/><SP WIDTH="15" VPOS="848" HPOS="671"/>
							<String ID="string_236" HPOS="686" VPOS="848" WIDTH="69" HEIGHT="21" WC="0.93" CONTENT="finner"/><SP WIDTH="16" VPOS="848" HPOS="755"/>
							<String ID="string_237" HPOS="771" VPOS="855" WIDTH="48" HEIGHT="13" WC="0.96" CONTENT="man"/><SP WIDTH="16" VPOS="855" HPOS="819"/>
							<String ID="string_238" HPOS="835" VPOS="850" WIDTH="30" HEIGHT="19" WC="0.96" CONTENT="att"/><SP WIDTH="15" VPOS="850" HPOS="865"/>
							<String ID="string_239" HPOS="880" VPOS="847" WIDTH="69" HEIGHT="21" WC="0.96" CONTENT="under"/>
						</TextLine>
						<TextLine ID="line_24" HPOS="122" VPOS="876" WIDTH="825" HEIGHT="28">
							<String ID="string_240" HPOS="122" VPOS="876" WIDTH="60" HEIGHT="21" WC="0.95" CONTENT="dessa"/><SP WIDTH="16" VPOS="876" HPOS="182"/>
							<String ID="string_241" HPOS="198" VPOS="877" WIDTH="22" HEIGHT="20" WC="0.96" CONTENT="är"/><SP WIDTH="15" VPOS="877" HPOS="220"/>
							<String ID="string_242" HPOS="235" VPOS="877" WIDTH="7" HEIGHT="20" WC="0.93" CONTENT="i"/><SP WIDTH="15" VPOS="877" HPOS="242"/>
							<String ID="string_243" HPOS="257" VPOS="877" WIDTH="100" HEIGHT="21" WC="0.90" CONTENT="medeltal"/><SP WIDTH="15" VPOS="877" HPOS="357"/>
							<String ID="string_244" HPOS="372" VPOS="877" WIDTH="79" HEIGHT="21" WC="0.92" CONTENT="influtit"/><SP WIDTH="21" VPOS="877" HPOS="451"/>
							<String ID="string_245" HPOS="472" VPOS="877" WIDTH="47" HEIGHT="21" WC="0.89" CONTENT="icke"/><SP WIDTH="20" VPOS="877" HPOS="519"/>
							<String ID="string_246" HPOS="539" VPOS="877" WIDTH="82" HEIGHT="21" WC="0.96" CONTENT="mindre"/><SP WIDTH="16" VPOS="877" HPOS="621"/>
							<String ID="string_247" HPOS="637" VPOS="879" WIDTH="26" HEIGHT="19" WC="0.93" CONTENT="än"/><SP WIDTH="18" VPOS="879" HPOS="663"/>
							<String ID="string_248" HPOS="681" VPOS="877" WIDTH="89" HEIGHT="27" WC="0.92" CONTENT="123,000"/><SP WIDTH="16" VPOS="877" HPOS="770"/>
							<String ID="string_249" HPOS="786" VPOS="877" WIDTH="60" HEIGHT="21" WC="0.93" CONTENT="mark"/><SP WIDTH="15" VPOS="877" HPOS="846"/>
							<String ID="string_250" HPOS="861" VPOS="876" WIDTH="86" HEIGHT="28" WC="0.93" CONTENT="ärligen."/>
						</TextLine>
						<TextLine ID="line_25" HPOS="122" VPOS="904" WIDTH="825" HEIGHT="29">
							<String ID="string_251" HPOS="122" VPOS="904" WIDTH="86" HEIGHT="22" WC="0.92" CONTENT="Säledes"/><SP WIDTH="15" VPOS="904" HPOS="208"/>
							<String ID="string_252" HPOS="223" VPOS="905" WIDTH="81" HEIGHT="28" WC="0.89" CONTENT="ärligen"/><SP WIDTH="16" VPOS="905" HPOS="304"/>
							<String ID="string_253" HPOS="320" VPOS="906" WIDTH="97" HEIGHT="27" WC="0.93" CONTENT="omkring"/><SP WIDTH="16" VPOS="906" HPOS="417"/>
							<String ID="string_254" HPOS="433" VPOS="906" WIDTH="91" HEIGHT="24" WC="0.93" CONTENT="100,000"/><SP WIDTH="23" VPOS="906" HPOS="524"/>
							<String ID="string_255" HPOS="547" VPOS="906" WIDTH="59" HEIGHT="20" WC="0.96" CONTENT="mark"/><SP WIDTH="16" VPOS="906" HPOS="606"/>
							<String ID="string_256" HPOS="622" VPOS="912" WIDTH="58" HEIGHT="14" WC="0.96" CONTENT="mera"/><SP WIDTH="16" VPOS="912" HPOS="680"/>
							<String ID="string_257" HPOS="696" VPOS="908" WIDTH="27" HEIGHT="18" WC="0.96" CONTENT="än"/><SP WIDTH="14" VPOS="908" HPOS="723"/>
							<String ID="string_258" HPOS="737" VPOS="906" WIDTH="34" HEIGHT="20" WC="0.96" CONTENT="för"/><SP WIDTH="15" VPOS="906" HPOS="771"/>
							<String ID="string_259" HPOS="786" VPOS="906" WIDTH="41" HEIGHT="21" WC="0.93" CONTENT="den"/><SP WIDTH="15" VPOS="906" HPOS="827"/>
							<String ID="string_260" HPOS="842" VPOS="905" WIDTH="105" HEIGHT="27" WC="0.92" CONTENT="ingäende"/>
						</TextLine>
						<TextLine ID="line_26" HPOS="121" VPOS="934" WIDTH="826" HEIGHT="28">
							<String ID="string_261" HPOS="121" VPOS="934" WIDTH="101" HEIGHT="26" WC="0.96" CONTENT="perioden"/><SP WIDTH="24" VPOS="934" HPOS="222"/>
							<String ID="string_262" HPOS="246" VPOS="936" WIDTH="22" HEIGHT="18" WC="0.93" CONTENT="är"/><SP WIDTH="22" VPOS="936" HPOS="268"/>
							<String ID="string_263" HPOS="290" VPOS="934" WIDTH="122" HEIGHT="22" WC="0.92" CONTENT="beräknadt."/><SP WIDTH="29" VPOS="934" HPOS="412"/>
							<String ID="string_264" HPOS="441" VPOS="935" WIDTH="41" HEIGHT="27" WC="0.96" CONTENT="Jag"/><SP WIDTH="22" VPOS="935" HPOS="482"/>
							<String ID="string_265" HPOS="504" VPOS="935" WIDTH="37" HEIGHT="20" WC="0.93" CONTENT="vill"/><SP WIDTH="16" VPOS="935" HPOS="541"/>
							<String ID="string_266" HPOS="557" VPOS="937" WIDTH="77" HEIGHT="18" WC="0.96" CONTENT="nämna"/><SP WIDTH="15" VPOS="937" HPOS="634"/>
							<String ID="string_267" HPOS="649" VPOS="934" WIDTH="27" HEIGHT="28" WC="0.93" CONTENT="pä"/><SP WIDTH="15" VPOS="934" HPOS="676"/>
							<String ID="string_268" HPOS="691" VPOS="934" WIDTH="72" HEIGHT="21" WC="0.96" CONTENT="hvilka"/><SP WIDTH="15" VPOS="934" HPOS="763"/>
							<String ID="string_269" HPOS="778" VPOS="934" WIDTH="94" HEIGHT="28" WC="0.93" CONTENT="grunder"/><SP WIDTH="15" VPOS="934" HPOS="872"/>
							<String ID="string_270" HPOS="887" VPOS="936" WIDTH="60" HEIGHT="18" WC="0.93" CONTENT="stats-"/>
						</TextLine>
						<TextLine ID="line_27" HPOS="121" VPOS="962" WIDTH="828" HEIGHT="28">
							<String ID="string_271" HPOS="121" VPOS="962" WIDTH="102" HEIGHT="21" WC="0.92" CONTENT="utskottet"/><SP WIDTH="15" VPOS="962" HPOS="223"/>
							<String ID="string_272" HPOS="238" VPOS="962" WIDTH="46" HEIGHT="22" WC="0.92" CONTENT="icke"/><SP WIDTH="15" VPOS="962" HPOS="284"/>
							<String ID="string_273" HPOS="299" VPOS="963" WIDTH="71" HEIGHT="21" WC="0.93" CONTENT="funnit"/><SP WIDTH="16" VPOS="963" HPOS="370"/>
							<String ID="string_274" HPOS="386" VPOS="963" WIDTH="31" HEIGHT="27" WC="0.93" CONTENT="sig"/><SP WIDTH="15" VPOS="963" HPOS="417"/>
							<String ID="string_275" HPOS="432" VPOS="963" WIDTH="134" HEIGHT="27" WC="0.92" CONTENT="öfvertygadt"/><SP WIDTH="22" VPOS="963" HPOS="566"/>
							<String ID="string_276" HPOS="588" VPOS="963" WIDTH="21" HEIGHT="21" WC="0.97" CONTENT="af"/><SP WIDTH="22" VPOS="963" HPOS="609"/>
							<String ID="string_277" HPOS="631" VPOS="963" WIDTH="62" HEIGHT="21" WC="0.93" CONTENT="dessa"/><SP WIDTH="15" VPOS="963" HPOS="693"/>
							<String ID="string_278" HPOS="708" VPOS="962" WIDTH="73" HEIGHT="21" WC="0.91" CONTENT="siffror."/><SP WIDTH="30" VPOS="962" HPOS="781"/>
							<String ID="string_279" HPOS="811" VPOS="962" WIDTH="42" HEIGHT="22" WC="0.93" CONTENT="Det"/><SP WIDTH="14" VPOS="962" HPOS="853"/>
							<String ID="string_280" HPOS="867" VPOS="962" WIDTH="82" HEIGHT="27" WC="0.93" CONTENT="föreläg"/>
						</TextLine>
						<TextLine ID="line_28" HPOS="121" VPOS="991" WIDTH="827" HEIGHT="28">
							<String ID="string_281" HPOS="121" VPOS="991" WIDTH="109" HEIGHT="27" WC="0.96" CONTENT="nämligen"/><SP WIDTH="22" VPOS="991" HPOS="230"/>
							<String ID="string_282" HPOS="252" VPOS="993" WIDTH="30" HEIGHT="19" WC="0.96" CONTENT="ett"/><SP WIDTH="22" VPOS="993" HPOS="282"/>
							<String ID="string_283" HPOS="304" VPOS="992" WIDTH="20" HEIGHT="20" WC="0.93" CONTENT="af"/><SP WIDTH="23" VPOS="992" HPOS="324"/>
							<String ID="string_284" HPOS="347" VPOS="992" WIDTH="225" HEIGHT="27" WC="0.92" CONTENT="militieexpeditionen"/><SP WIDTH="23" VPOS="992" HPOS="572"/>
							<String ID="string_285" HPOS="595" VPOS="992" WIDTH="119" HEIGHT="20" WC="0.92" CONTENT="infordradt"/><SP WIDTH="15" VPOS="992" HPOS="714"/>
							<String ID="string_286" HPOS="729" VPOS="991" WIDTH="109" HEIGHT="21" WC="0.92" CONTENT="utlätande"/><SP WIDTH="12" VPOS="991" HPOS="838"/>
							<String ID="string_287" HPOS="850" VPOS="991" WIDTH="21" HEIGHT="21" WC="0.93" CONTENT="af"/><SP WIDTH="15" VPOS="991" HPOS="871"/>
							<String ID="string_288" HPOS="886" VPOS="991" WIDTH="62" HEIGHT="21" WC="0.93" CONTENT="forst-"/>
						</TextLine>
						<TextLine ID="line_29" HPOS="122" VPOS="1019" WIDTH="826" HEIGHT="28">
							<String ID="string_289" HPOS="122" VPOS="1020" WIDTH="103" HEIGHT="26" WC="0.89" CONTENT="styrelsen"/><SP WIDTH="27" VPOS="1020" HPOS="225"/>
							<String ID="string_290" HPOS="252" VPOS="1020" WIDTH="109" HEIGHT="27" WC="0.89" CONTENT="angäende"/><SP WIDTH="25" VPOS="1020" HPOS="361"/>
							<String ID="string_291" HPOS="386" VPOS="1021" WIDTH="55" HEIGHT="20" WC="0.96" CONTENT="huru"/><SP WIDTH="25" VPOS="1021" HPOS="441"/>
							<String ID="string_292" HPOS="466" VPOS="1023" WIDTH="44" HEIGHT="18" WC="0.92" CONTENT="stor"/><SP WIDTH="22" VPOS="1023" HPOS="510"/>
							<String ID="string_293" HPOS="532" VPOS="1020" WIDTH="92" HEIGHT="21" WC="0.92" CONTENT="inkomst"/><SP WIDTH="22" VPOS="1020" HPOS="624"/>
							<String ID="string_294" HPOS="646" VPOS="1027" WIDTH="50" HEIGHT="13" WC="0.96" CONTENT="man"/><SP WIDTH="23" VPOS="1027" HPOS="696"/>
							<String ID="string_295" HPOS="719" VPOS="1020" WIDTH="72" HEIGHT="20" WC="0.93" CONTENT="kunde"/><SP WIDTH="23" VPOS="1020" HPOS="791"/>
							<String ID="string_296" HPOS="814" VPOS="1020" WIDTH="92" HEIGHT="20" WC="0.91" CONTENT="beräkna"/><SP WIDTH="15" VPOS="1020" HPOS="906"/>
							<String ID="string_297" HPOS="921" VPOS="1019" WIDTH="27" HEIGHT="27" WC="0.97" CONTENT="pä"/>
						</TextLine>
						<TextLine ID="line_30" HPOS="122" VPOS="1048" WIDTH="826" HEIGHT="28">
							<String ID="string_298" HPOS="122" VPOS="1048" WIDTH="70" HEIGHT="20" WC="0.94" CONTENT="denna"/><SP WIDTH="26" VPOS="1048" HPOS="192"/>
							<String ID="string_299" HPOS="218" VPOS="1051" WIDTH="48" HEIGHT="24" WC="0.95" CONTENT="post"/><SP WIDTH="26" VPOS="1051" HPOS="266"/>
							<String ID="string_300" HPOS="292" VPOS="1049" WIDTH="68" HEIGHT="21" WC="0.95" CONTENT="under"/><SP WIDTH="22" VPOS="1049" HPOS="360"/>
							<String ID="string_301" HPOS="382" VPOS="1049" WIDTH="41" HEIGHT="21" WC="0.93" CONTENT="den"/><SP WIDTH="21" VPOS="1049" HPOS="423"/>
							<String ID="string_302" HPOS="444" VPOS="1049" WIDTH="144" HEIGHT="21" WC="0.92" CONTENT="instundande"/><SP WIDTH="15" VPOS="1049" HPOS="588"/>
							<String ID="string_303" HPOS="603" VPOS="1049" WIDTH="176" HEIGHT="27" WC="0.90" CONTENT="finansperioden."/><SP WIDTH="30" VPOS="1049" HPOS="779"/>
							<String ID="string_304" HPOS="809" VPOS="1048" WIDTH="139" HEIGHT="28" WC="0.90" CONTENT="Uppgiften"/><SP WIDTH="-13" VPOS="1048" HPOS="948"/>
							<String ID="string_305" HPOS="935" VPOS="1044" WIDTH="16" HEIGHT="37" WC="0.96" CONTENT="i"/>
						</TextLine>
						<TextLine ID="line_31" HPOS="122" VPOS="1076" WIDTH="826" HEIGHT="28">
							<String ID="string_306" HPOS="122" VPOS="1076" WIDTH="57" HEIGHT="21" WC="0.92" CONTENT="detta"/><SP WIDTH="16" VPOS="1076" HPOS="179"/>
							<String ID="string_307" HPOS="195" VPOS="1077" WIDTH="108" HEIGHT="21" WC="0.92" CONTENT="utlätande"/><SP WIDTH="16" VPOS="1077" HPOS="303"/>
							<String ID="string_308" HPOS="319" VPOS="1077" WIDTH="46" HEIGHT="21" WC="0.92" CONTENT="frän"/><SP WIDTH="15" VPOS="1077" HPOS="365"/>
							<String ID="string_309" HPOS="380" VPOS="1078" WIDTH="157" HEIGHT="26" WC="0.92" CONTENT="forststyrelsen"/><SP WIDTH="17" VPOS="1078" HPOS="537"/>
							<String ID="string_310" HPOS="554" VPOS="1084" WIDTH="37" HEIGHT="14" WC="0.96" CONTENT="var"/><SP WIDTH="14" VPOS="1084" HPOS="591"/>
							<String ID="string_311" HPOS="605" VPOS="1078" WIDTH="75" HEIGHT="20" WC="0.93" CONTENT="endast"/><SP WIDTH="15" VPOS="1078" HPOS="680"/>
							<String ID="string_312" HPOS="695" VPOS="1078" WIDTH="160" HEIGHT="26" WC="0.92" CONTENT="approximativ,"/><SP WIDTH="16" VPOS="1078" HPOS="855"/>
							<String ID="string_313" HPOS="871" VPOS="1077" WIDTH="39" HEIGHT="21" WC="0.96" CONTENT="och"/><SP WIDTH="11" VPOS="1077" HPOS="910"/>
							<String ID="string_314" HPOS="921" VPOS="1076" WIDTH="27" HEIGHT="21" WC="0.97" CONTENT="dä"/>
						</TextLine>
						<TextLine ID="line_32" HPOS="122" VPOS="1105" WIDTH="827" HEIGHT="28">
							<String ID="string_315" HPOS="122" VPOS="1105" WIDTH="41" HEIGHT="21" WC="0.96" CONTENT="den"/><SP WIDTH="23" VPOS="1105" HPOS="163"/>
							<String ID="string_316" HPOS="186" VPOS="1105" WIDTH="7" HEIGHT="20" WC="0.96" CONTENT="i"/><SP WIDTH="22" VPOS="1105" HPOS="193"/>
							<String ID="string_317" HPOS="215" VPOS="1106" WIDTH="23" HEIGHT="20" WC="0.93" CONTENT="sä"/><SP WIDTH="22" VPOS="1106" HPOS="238"/>
							<String ID="string_318" HPOS="260" VPOS="1106" WIDTH="42" HEIGHT="27" WC="0.92" CONTENT="hög"/><SP WIDTH="19" VPOS="1106" HPOS="302"/>
							<String ID="string_319" HPOS="321" VPOS="1106" WIDTH="50" HEIGHT="26" WC="0.92" CONTENT="grad"/><SP WIDTH="17" VPOS="1106" HPOS="371"/>
							<String ID="string_320" HPOS="388" VPOS="1106" WIDTH="66" HEIGHT="21" WC="0.92" CONTENT="skilde"/><SP WIDTH="16" VPOS="1106" HPOS="454"/>
							<String ID="string_321" HPOS="470" VPOS="1106" WIDTH="32" HEIGHT="27" WC="0.93" CONTENT="sig"/><SP WIDTH="15" VPOS="1106" HPOS="502"/>
							<String ID="string_322" HPOS="517" VPOS="1106" WIDTH="47" HEIGHT="20" WC="0.93" CONTENT="frän"/><SP WIDTH="16" VPOS="1106" HPOS="564"/>
							<String ID="string_323" HPOS="580" VPOS="1106" WIDTH="41" HEIGHT="21" WC="0.93" CONTENT="den"/><SP WIDTH="16" VPOS="1106" HPOS="621"/>
							<String ID="string_324" HPOS="637" VPOS="1106" WIDTH="94" HEIGHT="27" WC="0.92" CONTENT="värkliga"/><SP WIDTH="14" VPOS="1106" HPOS="731"/>
							<String ID="string_325" HPOS="745" VPOS="1106" WIDTH="120" HEIGHT="20" WC="0.93" CONTENT="inkomsten"/><SP WIDTH="16" VPOS="1106" HPOS="865"/>
							<String ID="string_326" HPOS="881" VPOS="1106" WIDTH="68" HEIGHT="20" WC="0.96" CONTENT="under"/>
						</TextLine>
						<TextLine ID="line_33" HPOS="122" VPOS="1134" WIDTH="827" HEIGHT="28">
							<String ID="string_327" HPOS="122" VPOS="1134" WIDTH="26" HEIGHT="20" WC="0.93" CONTENT="de"/><SP WIDTH="16" VPOS="1134" HPOS="148"/>
							<String ID="string_328" HPOS="164" VPOS="1137" WIDTH="83" HEIGHT="18" WC="0.96" CONTENT="senaste"/><SP WIDTH="15" VPOS="1137" HPOS="247"/>
							<String ID="string_329" HPOS="262" VPOS="1134" WIDTH="56" HEIGHT="26" WC="0.96" CONTENT="åren,"/><SP WIDTH="16" VPOS="1134" HPOS="318"/>
							<String ID="string_330" HPOS="334" VPOS="1136" WIDTH="72" HEIGHT="25" WC="0.96" CONTENT="syntes"/><SP WIDTH="16" VPOS="1136" HPOS="406"/>
							<String ID="string_331" HPOS="422" VPOS="1134" WIDTH="66" HEIGHT="28" WC="0.96" CONTENT="enligt"/><SP WIDTH="14" VPOS="1134" HPOS="488"/>
							<String ID="string_332" HPOS="502" VPOS="1135" WIDTH="44" HEIGHT="20" WC="0.96" CONTENT="min"/><SP WIDTH="16" VPOS="1135" HPOS="546"/>
							<String ID="string_333" HPOS="562" VPOS="1134" WIDTH="135" HEIGHT="28" WC="0.96" CONTENT="uppfattning"/><SP WIDTH="16" VPOS="1134" HPOS="697"/>
							<String ID="string_334" HPOS="713" VPOS="1134" WIDTH="45" HEIGHT="21" WC="0.93" CONTENT="skäl"/><SP WIDTH="15" VPOS="1134" HPOS="758"/>
							<String ID="string_335" HPOS="773" VPOS="1134" WIDTH="46" HEIGHT="21" WC="0.93" CONTENT="icke"/><SP WIDTH="15" VPOS="1134" HPOS="819"/>
							<String ID="string_336" HPOS="834" VPOS="1134" WIDTH="115" HEIGHT="21" WC="0.93" CONTENT="förefinnas"/>
						</TextLine>
						<TextLine ID="line_34" HPOS="122" VPOS="1162" WIDTH="827" HEIGHT="28">
							<String ID="string_337" HPOS="122" VPOS="1164" WIDTH="30" HEIGHT="18" WC="0.92" CONTENT="att"/><SP WIDTH="15" VPOS="1164" HPOS="152"/>
							<String ID="string_338" HPOS="167" VPOS="1162" WIDTH="56" HEIGHT="21" WC="0.92" CONTENT="hälla"/><SP WIDTH="15" VPOS="1162" HPOS="223"/>
							<String ID="string_339" HPOS="238" VPOS="1163" WIDTH="30" HEIGHT="27" WC="0.96" CONTENT="sig"/><SP WIDTH="17" VPOS="1163" HPOS="268"/>
							<String ID="string_340" HPOS="285" VPOS="1162" WIDTH="31" HEIGHT="22" WC="0.96" CONTENT="till"/><SP WIDTH="16" VPOS="1162" HPOS="316"/>
							<String ID="string_341" HPOS="332" VPOS="1163" WIDTH="69" HEIGHT="21" WC="0.93" CONTENT="denna"/><SP WIDTH="20" VPOS="1163" HPOS="401"/>
							<String ID="string_342" HPOS="421" VPOS="1163" WIDTH="87" HEIGHT="27" WC="0.91" CONTENT="uppgift."/><SP WIDTH="31" VPOS="1163" HPOS="508"/>
							<String ID="string_343" HPOS="539" VPOS="1164" WIDTH="37" HEIGHT="20" WC="0.93" CONTENT="Att"/><SP WIDTH="16" VPOS="1164" HPOS="576"/>
							<String ID="string_344" HPOS="592" VPOS="1163" WIDTH="162" HEIGHT="27" WC="0.91" CONTENT="uppfattningen"/><SP WIDTH="17" VPOS="1163" HPOS="754"/>
							<String ID="string_345" HPOS="771" VPOS="1163" WIDTH="107" HEIGHT="27" WC="0.92" CONTENT="värkligen"/><SP WIDTH="18" VPOS="1163" HPOS="878"/>
							<String ID="string_346" HPOS="896" VPOS="1162" WIDTH="53" HEIGHT="21" WC="0.96" CONTENT="varit"/>
						</TextLine>
						<TextLine ID="line_35" HPOS="123" VPOS="1190" WIDTH="826" HEIGHT="29">
							<String ID="string_347" HPOS="123" VPOS="1190" WIDTH="65" HEIGHT="21" WC="0.92" CONTENT="sädan"/><SP WIDTH="16" VPOS="1190" HPOS="188"/>
							<String ID="string_348" HPOS="204" VPOS="1191" WIDTH="62" HEIGHT="22" WC="0.92" CONTENT="äfven"/><SP WIDTH="23" VPOS="1191" HPOS="266"/>
							<String ID="string_349" HPOS="289" VPOS="1192" WIDTH="58" HEIGHT="20" WC="0.92" CONTENT="inom"/><SP WIDTH="22" VPOS="1192" HPOS="347"/>
							<String ID="string_350" HPOS="369" VPOS="1192" WIDTH="227" HEIGHT="27" WC="0.91" CONTENT="militieexpeditionen"/><SP WIDTH="21" VPOS="1192" HPOS="596"/>
							<String ID="string_351" HPOS="617" VPOS="1191" WIDTH="92" HEIGHT="28" WC="0.92" CONTENT="framgär"/><SP WIDTH="15" VPOS="1191" HPOS="709"/>
							<String ID="string_352" HPOS="724" VPOS="1192" WIDTH="77" HEIGHT="26" WC="0.93" CONTENT="tydligt"/><SP WIDTH="16" VPOS="1192" HPOS="801"/>
							<String ID="string_353" HPOS="817" VPOS="1191" WIDTH="59" HEIGHT="21" WC="0.93" CONTENT="däraf"/><SP WIDTH="21" VPOS="1191" HPOS="876"/>
							<String ID="string_354" HPOS="897" VPOS="1191" WIDTH="52" HEIGHT="21" WC="0.92" CONTENT="atti"/>
						</TextLine>
						<TextLine ID="line_36" HPOS="123" VPOS="1219" WIDTH="826" HEIGHT="28">
							<String ID="string_355" HPOS="123" VPOS="1219" WIDTH="153" HEIGHT="27" WC="0.90" CONTENT="statsförslaget"/><SP WIDTH="15" VPOS="1219" HPOS="276"/>
							<String ID="string_356" HPOS="291" VPOS="1220" WIDTH="32" HEIGHT="20" WC="0.96" CONTENT="för"/><SP WIDTH="16" VPOS="1220" HPOS="323"/>
							<String ID="string_357" HPOS="339" VPOS="1220" WIDTH="55" HEIGHT="20" WC="0.96" CONTENT="1894"/><SP WIDTH="15" VPOS="1220" HPOS="394"/>
							<String ID="string_358" HPOS="409" VPOS="1220" WIDTH="71" HEIGHT="21" WC="0.93" CONTENT="denna"/><SP WIDTH="14" VPOS="1220" HPOS="480"/>
							<String ID="string_359" HPOS="494" VPOS="1220" WIDTH="94" HEIGHT="21" WC="0.91" CONTENT="inkomst"/><SP WIDTH="15" VPOS="1220" HPOS="588"/>
							<String ID="string_360" HPOS="603" VPOS="1222" WIDTH="22" HEIGHT="19" WC="0.93" CONTENT="är"/><SP WIDTH="15" VPOS="1222" HPOS="625"/>
							<String ID="string_361" HPOS="640" VPOS="1222" WIDTH="107" HEIGHT="25" WC="0.92" CONTENT="upptagen"/><SP WIDTH="16" VPOS="1222" HPOS="747"/>
							<String ID="string_362" HPOS="763" VPOS="1220" WIDTH="32" HEIGHT="21" WC="0.93" CONTENT="till"/><SP WIDTH="9" VPOS="1220" HPOS="795"/>
							<String ID="string_363" HPOS="804" VPOS="1220" WIDTH="75" HEIGHT="27" WC="0.91" CONTENT="50,000"/><SP WIDTH="9" VPOS="1220" HPOS="879"/>
							<String ID="string_364" HPOS="888" VPOS="1220" WIDTH="61" HEIGHT="20" WC="0.96" CONTENT="mark"/>
						</TextLine>
						<TextLine ID="line_37" HPOS="124" VPOS="1248" WIDTH="826" HEIGHT="28">
							<String ID="string_365" HPOS="124" VPOS="1248" WIDTH="52" HEIGHT="20" WC="0.95" CONTENT="eller"/><SP WIDTH="8" VPOS="1248" HPOS="176"/>
							<String ID="string_366" HPOS="184" VPOS="1248" WIDTH="35" HEIGHT="20" WC="0.93" CONTENT="det"/><SP WIDTH="8" VPOS="1248" HPOS="219"/>
							<String ID="string_367" HPOS="227" VPOS="1248" WIDTH="79" HEIGHT="21" WC="0.92" CONTENT="dubbla"/><SP WIDTH="8" VPOS="1248" HPOS="306"/>
							<String ID="string_368" HPOS="314" VPOS="1248" WIDTH="102" HEIGHT="28" WC="0.95" CONTENT="beloppet."/><SP WIDTH="30" VPOS="1248" HPOS="416"/>
							<String ID="string_369" HPOS="446" VPOS="1248" WIDTH="42" HEIGHT="28" WC="0.92" CONTENT="Jag"/><SP WIDTH="8" VPOS="1248" HPOS="488"/>
							<String ID="string_370" HPOS="496" VPOS="1255" WIDTH="62" HEIGHT="15" WC="0.96" CONTENT="anser"/><SP WIDTH="8" VPOS="1255" HPOS="558"/>
							<String ID="string_371" HPOS="566" VPOS="1249" WIDTH="71" HEIGHT="21" WC="0.96" CONTENT="därför"/><SP WIDTH="8" VPOS="1249" HPOS="637"/>
							<String ID="string_372" HPOS="645" VPOS="1251" WIDTH="30" HEIGHT="18" WC="0.93" CONTENT="att"/><SP WIDTH="7" VPOS="1251" HPOS="675"/>
							<String ID="string_373" HPOS="682" VPOS="1249" WIDTH="167" HEIGHT="21" WC="0.92" CONTENT="militiefondens"/><SP WIDTH="7" VPOS="1249" HPOS="849"/>
							<String ID="string_374" HPOS="856" VPOS="1248" WIDTH="94" HEIGHT="21" WC="0.92" CONTENT="inkomst"/>
						</TextLine>
						<TextLine ID="line_38" HPOS="122" VPOS="1276" WIDTH="827" HEIGHT="29">
							<String ID="string_375" HPOS="122" VPOS="1276" WIDTH="7" HEIGHT="20" WC="0.96" CONTENT="i"/><SP WIDTH="17" VPOS="1276" HPOS="129"/>
							<String ID="string_376" HPOS="146" VPOS="1276" WIDTH="31" HEIGHT="20" WC="0.93" CONTENT="sin"/><SP WIDTH="17" VPOS="1276" HPOS="177"/>
							<String ID="string_377" HPOS="194" VPOS="1276" WIDTH="71" HEIGHT="22" WC="0.92" CONTENT="helhet"/><SP WIDTH="21" VPOS="1276" HPOS="265"/>
							<String ID="string_378" HPOS="286" VPOS="1279" WIDTH="23" HEIGHT="19" WC="0.93" CONTENT="är"/><SP WIDTH="22" VPOS="1279" HPOS="309"/>
							<String ID="string_379" HPOS="331" VPOS="1277" WIDTH="106" HEIGHT="21" WC="0.92" CONTENT="beräknad"/><SP WIDTH="24" VPOS="1277" HPOS="437"/>
							<String ID="string_380" HPOS="461" VPOS="1278" WIDTH="98" HEIGHT="27" WC="0.95" CONTENT="omkring"/><SP WIDTH="14" VPOS="1278" HPOS="559"/>
							<String ID="string_381" HPOS="573" VPOS="1284" WIDTH="26" HEIGHT="14" WC="0.96" CONTENT="en"/><SP WIDTH="16" VPOS="1284" HPOS="599"/>
							<String ID="string_382" HPOS="615" VPOS="1277" WIDTH="44" HEIGHT="21" WC="0.96" CONTENT="half"/><SP WIDTH="15" VPOS="1277" HPOS="659"/>
							<String ID="string_383" HPOS="674" VPOS="1277" WIDTH="74" HEIGHT="27" WC="0.96" CONTENT="miljon"/><SP WIDTH="16" VPOS="1277" HPOS="748"/>
							<String ID="string_384" HPOS="764" VPOS="1278" WIDTH="33" HEIGHT="20" WC="0.93" CONTENT="för"/><SP WIDTH="14" VPOS="1278" HPOS="797"/>
							<String ID="string_385" HPOS="811" VPOS="1277" WIDTH="34" HEIGHT="27" WC="0.93" CONTENT="läg"/><SP WIDTH="16" VPOS="1277" HPOS="845"/>
							<String ID="string_386" HPOS="861" VPOS="1277" WIDTH="32" HEIGHT="21" WC="0.96" CONTENT="för"/><SP WIDTH="15" VPOS="1277" HPOS="893"/>
							<String ID="string_387" HPOS="908" VPOS="1277" WIDTH="41" HEIGHT="20" WC="0.96" CONTENT="den"/>
						</TextLine>
						<TextLine ID="line_39" HPOS="122" VPOS="1304" WIDTH="829" HEIGHT="29">
							<String ID="string_388" HPOS="122" VPOS="1304" WIDTH="144" HEIGHT="22" WC="0.91" CONTENT="instundande"/><SP WIDTH="22" VPOS="1304" HPOS="266"/>
							<String ID="string_389" HPOS="288" VPOS="1306" WIDTH="176" HEIGHT="27" WC="0.92" CONTENT="finansperioden."/><SP WIDTH="30" VPOS="1306" HPOS="464"/>
							<String ID="string_390" HPOS="494" VPOS="1306" WIDTH="51" HEIGHT="21" WC="0.96" CONTENT="Men"/><SP WIDTH="19" VPOS="1306" HPOS="545"/>
							<String ID="string_391" HPOS="564" VPOS="1306" WIDTH="26" HEIGHT="21" WC="0.96" CONTENT="dä"/><SP WIDTH="14" VPOS="1306" HPOS="590"/>
							<String ID="string_392" HPOS="604" VPOS="1306" WIDTH="35" HEIGHT="27" WC="0.96" CONTENT="jag"/><SP WIDTH="15" VPOS="1306" HPOS="639"/>
							<String ID="string_393" HPOS="654" VPOS="1306" WIDTH="58" HEIGHT="20" WC="0.93" CONTENT="inom"/><SP WIDTH="16" VPOS="1306" HPOS="712"/>
							<String ID="string_394" HPOS="728" VPOS="1306" WIDTH="154" HEIGHT="21" WC="0.92" CONTENT="statsutskottet"/><SP WIDTH="15" VPOS="1306" HPOS="882"/>
							<String ID="string_395" HPOS="897" VPOS="1305" WIDTH="54" HEIGHT="21" WC="0.97" CONTENT="varit"/>
						</TextLine>
						<TextLine ID="line_40" HPOS="123" VPOS="1334" WIDTH="828" HEIGHT="28">
							<String ID="string_396" HPOS="123" VPOS="1339" WIDTH="73" HEIGHT="15" WC="0.92" CONTENT="ensam"/><SP WIDTH="16" VPOS="1339" HPOS="196"/>
							<String ID="string_397" HPOS="212" VPOS="1340" WIDTH="35" HEIGHT="14" WC="0.97" CONTENT="om"/><SP WIDTH="15" VPOS="1340" HPOS="247"/>
							<String ID="string_398" HPOS="262" VPOS="1334" WIDTH="70" HEIGHT="21" WC="0.93" CONTENT="denna"/><SP WIDTH="16" VPOS="1334" HPOS="332"/>
							<String ID="string_399" HPOS="348" VPOS="1334" WIDTH="59" HEIGHT="27" WC="0.92" CONTENT="äsikt,"/><SP WIDTH="15" VPOS="1334" HPOS="407"/>
							<String ID="string_400" HPOS="422" VPOS="1334" WIDTH="38" HEIGHT="20" WC="0.97" CONTENT="vill"/><SP WIDTH="14" VPOS="1334" HPOS="460"/>
							<String ID="string_401" HPOS="474" VPOS="1334" WIDTH="36" HEIGHT="28" WC="0.93" CONTENT="jag"/><SP WIDTH="14" VPOS="1334" HPOS="510"/>
							<String ID="string_402" HPOS="524" VPOS="1335" WIDTH="47" HEIGHT="21" WC="0.91" CONTENT="icke"/><SP WIDTH="15" VPOS="1335" HPOS="571"/>
							<String ID="string_403" HPOS="586" VPOS="1341" WIDTH="30" HEIGHT="14" WC="0.96" CONTENT="nu"/><SP WIDTH="15" VPOS="1341" HPOS="616"/>
							<String ID="string_404" HPOS="631" VPOS="1336" WIDTH="51" HEIGHT="26" WC="0.93" CONTENT="göra"/><SP WIDTH="15" VPOS="1336" HPOS="682"/>
							<String ID="string_405" HPOS="697" VPOS="1334" WIDTH="64" HEIGHT="28" WC="0.92" CONTENT="nägot"/><SP WIDTH="16" VPOS="1334" HPOS="761"/>
							<String ID="string_406" HPOS="777" VPOS="1334" WIDTH="94" HEIGHT="27" WC="0.92" CONTENT="yrkande"/><SP WIDTH="16" VPOS="1334" HPOS="871"/>
							<String ID="string_407" HPOS="887" VPOS="1334" WIDTH="64" HEIGHT="27" WC="0.92" CONTENT="päatt"/>
						</TextLine>
						<TextLine ID="line_41" HPOS="123" VPOS="1362" WIDTH="828" HEIGHT="28">
							<String ID="string_408" HPOS="123" VPOS="1362" WIDTH="26" HEIGHT="20" WC="0.95" CONTENT="de"/><SP WIDTH="15" VPOS="1362" HPOS="149"/>
							<String ID="string_409" HPOS="164" VPOS="1362" WIDTH="22" HEIGHT="20" WC="0.93" CONTENT="af"/><SP WIDTH="15" VPOS="1362" HPOS="186"/>
							<String ID="string_410" HPOS="201" VPOS="1362" WIDTH="153" HEIGHT="22" WC="0.95" CONTENT="statsutskottet"/><SP WIDTH="15" VPOS="1362" HPOS="354"/>
							<String ID="string_411" HPOS="369" VPOS="1363" WIDTH="121" HEIGHT="21" WC="0.96" CONTENT="beräknade"/><SP WIDTH="17" VPOS="1363" HPOS="490"/>
							<String ID="string_412" HPOS="507" VPOS="1363" WIDTH="102" HEIGHT="27" WC="0.96" CONTENT="beloppen"/><SP WIDTH="18" VPOS="1363" HPOS="609"/>
							<String ID="string_413" HPOS="627" VPOS="1363" WIDTH="69" HEIGHT="21" WC="0.93" CONTENT="skulle"/><SP WIDTH="15" VPOS="1363" HPOS="696"/>
							<String ID="string_414" HPOS="711" VPOS="1364" WIDTH="79" HEIGHT="26" WC="0.41" CONTENT="höjas.”"/><SP WIDTH="16" VPOS="1364" HPOS="790"/>
							<String ID="string_415" HPOS="806" VPOS="1363" WIDTH="41" HEIGHT="27" WC="0.96" CONTENT="Jag"/><SP WIDTH="15" VPOS="1363" HPOS="847"/>
							<String ID="string_416" HPOS="862" VPOS="1362" WIDTH="38" HEIGHT="20" WC="0.93" CONTENT="har"/><SP WIDTH="15" VPOS="1362" HPOS="900"/>
							<String ID="string_417" HPOS="915" VPOS="1368" WIDTH="36" HEIGHT="14" WC="0.92" CONTENT="en-"/>
						</TextLine>
						<TextLine ID="line_42" HPOS="123" VPOS="1390" WIDTH="828" HEIGHT="23">
							<String ID="string_418" HPOS="123" VPOS="1390" WIDTH="46" HEIGHT="21" WC="0.92" CONTENT="dast"/><SP WIDTH="23" VPOS="1390" HPOS="169"/>
							<String ID="string_419" HPOS="192" VPOS="1390" WIDTH="56" HEIGHT="22" WC="0.96" CONTENT="velat"/><SP WIDTH="22" VPOS="1390" HPOS="248"/>
							<String ID="string_420" HPOS="270" VPOS="1391" WIDTH="31" HEIGHT="21" WC="0.93" CONTENT="till"/><SP WIDTH="21" VPOS="1391" HPOS="301"/>
							<String ID="string_421" HPOS="322" VPOS="1391" WIDTH="120" HEIGHT="21" WC="0.92" CONTENT="kännedom"/><SP WIDTH="23" VPOS="1391" HPOS="442"/>
							<String ID="string_422" HPOS="465" VPOS="1392" WIDTH="98" HEIGHT="20" WC="0.92" CONTENT="meddela"/><SP WIDTH="19" VPOS="1392" HPOS="563"/>
							<String ID="string_423" HPOS="582" VPOS="1392" WIDTH="57" HEIGHT="21" WC="0.96" CONTENT="detta"/><SP WIDTH="14" VPOS="1392" HPOS="639"/>
							<String ID="string_424" HPOS="653" VPOS="1392" WIDTH="33" HEIGHT="20" WC="0.96" CONTENT="för"/><SP WIDTH="15" VPOS="1392" HPOS="686"/>
							<String ID="string_425" HPOS="701" VPOS="1394" WIDTH="30" HEIGHT="18" WC="0.93" CONTENT="att"/><SP WIDTH="14" VPOS="1394" HPOS="731"/>
							<String ID="string_426" HPOS="745" VPOS="1392" WIDTH="155" HEIGHT="20" WC="0.92" CONTENT="statsutskottet"/><SP WIDTH="15" VPOS="1392" HPOS="900"/>
							<String ID="string_427" HPOS="915" VPOS="1390" WIDTH="36" HEIGHT="20" WC="0.96" CONTENT="vid"/>
						</TextLine>
						<TextLine ID="line_43" HPOS="122" VPOS="1418" WIDTH="829" HEIGHT="28">
							<String ID="string_428" HPOS="122" VPOS="1420" WIDTH="60" HEIGHT="20" WC="0.93" CONTENT="nästa"/><SP WIDTH="16" VPOS="1420" HPOS="182"/>
							<String ID="string_429" HPOS="198" VPOS="1419" WIDTH="101" HEIGHT="27" WC="0.91" CONTENT="landtdag"/><SP WIDTH="15" VPOS="1419" HPOS="299"/>
							<String ID="string_430" HPOS="314" VPOS="1420" WIDTH="53" HEIGHT="20" WC="0.97" CONTENT="skall"/><SP WIDTH="16" VPOS="1420" HPOS="367"/>
							<String ID="string_431" HPOS="383" VPOS="1426" WIDTH="50" HEIGHT="14" WC="0.96" CONTENT="vara"/><SP WIDTH="22" VPOS="1426" HPOS="433"/>
							<String ID="string_432" HPOS="455" VPOS="1420" WIDTH="7" HEIGHT="20" WC="0.93" CONTENT="i"/><SP WIDTH="21" VPOS="1420" HPOS="462"/>
							<String ID="string_433" HPOS="483" VPOS="1420" WIDTH="82" HEIGHT="21" WC="0.91" CONTENT="tillfälle"/><SP WIDTH="15" VPOS="1420" HPOS="565"/>
							<String ID="string_434" HPOS="580" VPOS="1423" WIDTH="30" HEIGHT="18" WC="0.93" CONTENT="att"/><SP WIDTH="15" VPOS="1423" HPOS="610"/>
							<String ID="string_435" HPOS="625" VPOS="1420" WIDTH="121" HEIGHT="21" WC="0.92" CONTENT="konstatera"/><SP WIDTH="15" VPOS="1420" HPOS="746"/>
							<String ID="string_436" HPOS="761" VPOS="1419" WIDTH="138" HEIGHT="22" WC="0.92" CONTENT="hvilkendera"/><SP WIDTH="16" VPOS="1419" HPOS="899"/>
							<String ID="string_437" HPOS="915" VPOS="1418" WIDTH="36" HEIGHT="22" WC="0.92" CONTENT="be-"/>
						</TextLine>
						<TextLine ID="line_44" HPOS="122" VPOS="1447" WIDTH="502" HEIGHT="29">
							<String ID="string_438" HPOS="122" VPOS="1447" WIDTH="118" HEIGHT="27" WC="0.91" CONTENT="räkningen"/><SP WIDTH="16" VPOS="1447" HPOS="240"/>
							<String ID="string_439" HPOS="256" VPOS="1448" WIDTH="121" HEIGHT="28" WC="0.96" CONTENT="egentligen"/><SP WIDTH="16" VPOS="1448" HPOS="377"/>
							<String ID="string_440" HPOS="393" VPOS="1448" WIDTH="54" HEIGHT="21" WC="0.96" CONTENT="varit"/><SP WIDTH="15" VPOS="1448" HPOS="447"/>
							<String ID="string_441" HPOS="462" VPOS="1448" WIDTH="42" HEIGHT="21" WC="0.93" CONTENT="den"/><SP WIDTH="15" VPOS="1448" HPOS="504"/>
							<String ID="string_442" HPOS="519" VPOS="1449" WIDTH="105" HEIGHT="27" WC="0.92" CONTENT="riktigare."/>
						</TextLine>
					</TextBlock>
					<TextBlock ID="block_2" HPOS="122" VPOS="1476" WIDTH="831" HEIGHT="86">
						<TextLine ID="line_45" HPOS="192" VPOS="1476" WIDTH="759" HEIGHT="28">
							<String ID="string_443" HPOS="192" VPOS="1476" WIDTH="186" HEIGHT="28" WC="0.48" CONTENT="Hufvndsakligen"/><SP WIDTH="22" VPOS="1476" HPOS="378"/>
							<String ID="string_444" HPOS="400" VPOS="1477" WIDTH="38" HEIGHT="20" WC="0.96" CONTENT="har"/><SP WIDTH="22" VPOS="1477" HPOS="438"/>
							<String ID="string_445" HPOS="460" VPOS="1477" WIDTH="36" HEIGHT="27" WC="0.96" CONTENT="jag"/><SP WIDTH="12" VPOS="1477" HPOS="496"/>
							<String ID="string_446" HPOS="508" VPOS="1477" WIDTH="54" HEIGHT="21" WC="0.93" CONTENT="dock"/><SP WIDTH="15" VPOS="1477" HPOS="562"/>
							<String ID="string_447" HPOS="577" VPOS="1478" WIDTH="74" HEIGHT="26" WC="0.96" CONTENT="begärt"/><SP WIDTH="15" VPOS="1478" HPOS="651"/>
							<String ID="string_448" HPOS="666" VPOS="1478" WIDTH="60" HEIGHT="20" WC="0.96" CONTENT="ordet"/><SP WIDTH="15" VPOS="1478" HPOS="726"/>
							<String ID="string_449" HPOS="741" VPOS="1478" WIDTH="33" HEIGHT="20" WC="0.96" CONTENT="för"/><SP WIDTH="15" VPOS="1478" HPOS="774"/>
							<String ID="string_450" HPOS="789" VPOS="1479" WIDTH="30" HEIGHT="19" WC="0.93" CONTENT="att"/><SP WIDTH="16" VPOS="1479" HPOS="819"/>
							<String ID="string_451" HPOS="835" VPOS="1477" WIDTH="74" HEIGHT="21" WC="0.96" CONTENT="beröra"/><SP WIDTH="15" VPOS="1477" HPOS="909"/>
							<String ID="string_452" HPOS="924" VPOS="1482" WIDTH="27" HEIGHT="14" WC="0.97" CONTENT="en"/>
						</TextLine>
						<TextLine ID="line_46" HPOS="123" VPOS="1504" WIDTH="830" HEIGHT="29">
							<String ID="string_453" HPOS="123" VPOS="1510" WIDTH="70" HEIGHT="15" WC="0.92" CONTENT="annan"/><SP WIDTH="17" VPOS="1510" HPOS="193"/>
							<String ID="string_454" HPOS="210" VPOS="1504" WIDTH="64" HEIGHT="28" WC="0.94" CONTENT="fråga."/><SP WIDTH="30" VPOS="1504" HPOS="274"/>
							<String ID="string_455" HPOS="304" VPOS="1505" WIDTH="10" HEIGHT="20" WC="0.92" CONTENT="I"/><SP WIDTH="17" VPOS="1505" HPOS="314"/>
							<String ID="string_456" HPOS="331" VPOS="1506" WIDTH="39" HEIGHT="19" WC="0.95" CONTENT="121"/><SP WIDTH="19" VPOS="1506" HPOS="370"/>
							<String ID="string_457" HPOS="389" VPOS="1506" WIDTH="12" HEIGHT="26" WC="0.64" CONTENT="S"/><SP WIDTH="16" VPOS="1506" HPOS="401"/>
							<String ID="string_458" HPOS="417" VPOS="1505" WIDTH="21" HEIGHT="20" WC="0.93" CONTENT="af"/><SP WIDTH="15" VPOS="1505" HPOS="438"/>
							<String ID="string_459" HPOS="453" VPOS="1505" WIDTH="25" HEIGHT="21" WC="0.91" CONTENT="V."/><SP WIDTH="17" VPOS="1505" HPOS="478"/>
							<String ID="string_460" HPOS="495" VPOS="1505" WIDTH="29" HEIGHT="26" WC="0.92" CONTENT="L.,"/><SP WIDTH="16" VPOS="1505" HPOS="524"/>
							<String ID="string_461" HPOS="540" VPOS="1512" WIDTH="26" HEIGHT="14" WC="0.93" CONTENT="en"/><SP WIDTH="10" VPOS="1512" HPOS="566"/>
							<String ID="string_462" HPOS="576" VPOS="1506" WIDTH="99" HEIGHT="27" WC="0.96" CONTENT="paragraf"/><SP WIDTH="12" VPOS="1506" HPOS="675"/>
							<String ID="string_463" HPOS="687" VPOS="1512" WIDTH="45" HEIGHT="14" WC="0.93" CONTENT="som"/><SP WIDTH="12" VPOS="1512" HPOS="732"/>
							<String ID="string_464" HPOS="744" VPOS="1506" WIDTH="118" HEIGHT="20" WC="0.93" CONTENT="tillerkänts"/><SP WIDTH="11" VPOS="1506" HPOS="862"/>
							<String ID="string_465" HPOS="873" VPOS="1504" WIDTH="80" HEIGHT="28" WC="0.92" CONTENT="grund-"/>
						</TextLine>
						<TextLine ID="line_47" HPOS="122" VPOS="1532" WIDTH="831" HEIGHT="30">
							<String ID="string_466" HPOS="122" VPOS="1532" WIDTH="116" HEIGHT="28" WC="0.93" CONTENT="lagsnatur,"/><SP WIDTH="16" VPOS="1532" HPOS="238"/>
							<String ID="string_467" HPOS="254" VPOS="1534" WIDTH="58" HEIGHT="20" WC="0.96" CONTENT="heter"/><SP WIDTH="16" VPOS="1534" HPOS="312"/>
							<String ID="string_468" HPOS="328" VPOS="1534" WIDTH="45" HEIGHT="20" WC="0.92" CONTENT="det:"/><SP WIDTH="34" VPOS="1534" HPOS="373"/>
							<String ID="string_469" HPOS="407" VPOS="1533" WIDTH="88" HEIGHT="21" WC="0.91" CONTENT="»Under"/><SP WIDTH="22" VPOS="1533" HPOS="495"/>
							<String ID="string_470" HPOS="517" VPOS="1534" WIDTH="88" HEIGHT="21" WC="0.93" CONTENT="fredstid"/><SP WIDTH="19" VPOS="1534" HPOS="605"/>
							<String ID="string_471" HPOS="624" VPOS="1534" WIDTH="116" HEIGHT="28" WC="0.92" CONTENT="uppställer"/><SP WIDTH="15" VPOS="1534" HPOS="740"/>
							<String ID="string_472" HPOS="755" VPOS="1533" WIDTH="198" HEIGHT="22" WC="0.57" CONTENT="storfurstendömot"/>
						</TextLine>
					</TextBlock>
				</ComposedBlock>
				<GraphicalElement ID="cblock_3" HPOS="1137" VPOS="281" WIDTH="5" HEIGHT="797"></GraphicalElement >
			</PrintSpace>
		</Page>
	</Layout>
</alto>
