1142 1773
228 128 55 20 1040
438 134 179 22 Borgareståndet
629 135 58 17 1894.
712 136 18 16 11
743 135 46 20 maj.

198 213 117 27 uittoväylä
330 214 57 20 tulisi
403 214 135 27 koskemaan,
554 215 69 27 vaatii,
645 214 47 21 eikä
707 214 36 21 siis
766 215 55 20 tässä
837 214 78 20 asiassa
930 212 95 22 asettuisi

198 242 108 26 yksistään
322 242 100 21 kruunun
439 243 57 21 edun
512 243 105 21 kannalle.

268 299 32 21 Hr
314 299 156 27 Tallgvist:
492 300 42 27 Jag
550 300 91 26 begärde
657 300 60 21 ordet
731 300 8 20 i
755 300 115 26 anledning
881 299 21 21 af
912 300 25 20 hr
947 298 79 28 Appel-

199 327 62 28 bergs
277 328 141 27 andragande,
440 335 48 14 men
511 329 35 27 jag
569 329 41 20 kan
634 335 95 17 numera,
745 329 54 21 efter
817 328 35 21 det
867 328 25 20 hr
906 327 66 22 Lilius
988 328 39 20 har

199 356 125 21 understödt
347 357 111 21 utskottets
482 357 84 27 förslag,
588 357 53 21 fatta
664 358 43 26 mig
729 357 86 27 mycket
837 357 52 21 kort.
919 356 41 27 Jag
975 356 50 21 ville

198 386 109 26 gentemot
330 386 24 20 hr
368 386 121 26 Appelberg
512 386 81 27 päpeka
615 386 42 20 den
679 386 182 26 omständigheten
893 387 30 19 att
937 385 89 21 ärendet

198 420 46 14 som
261 413 45 21 bäst
322 416 22 18 är
360 414 68 21 under
448 414 112 27 kejserliga
575 418 100 17 senatens
699 414 129 27 behandling
843 414 39 21 och
898 416 29 18 att
943 414 35 20 det
993 413 33 21 sä-

198 441 59 22 ledes
273 442 66 21 mäste
355 449 61 15 anses
431 443 130 28 fullkomligt
576 444 87 26 onödigt
685 446 29 18 att
730 443 124 28 petitionera
869 443 7 20 i
892 442 57 21 detta
964 442 61 27 syfte.

198 470 33 21 Hr
246 470 67 21 Lilius
328 472 87 21 anförde
437 475 29 18 att
482 472 101 21 utskottet
604 473 47 20 icke
667 472 38 21 har
720 473 53 20 varit
789 478 42 20 nog
845 471 108 27 vidlyftigt
968 471 6 20 i
990 471 36 20 sitt

200 499 138 22 betänkande.
368 500 42 21 Det
425 501 53 20 hade
493 501 23 26 ju
533 501 53 20 varit
601 507 25 14 en
644 501 38 20 lätt
697 501 37 20 sak
750 501 33 20 för
793 500 101 21 utskottet
905 503 29 18 att
945 499 80 21 berätta

199 534 35 14 om
251 529 141 26 hvarjehanda
408 529 146 21 förhållanden
570 529 129 21 beträffande
722 529 130 27 stockprisen
869 535 26 14 m.
911 535 26 14 m.
953 528 12 20 å
980 527 45 21 Sai-

199 563 49 14 men
265 557 39 20 och
327 557 107 27 Päijänne,
457 564 48 15 men
530 558 65 27 ansäg
618 558 102 21 utskottet
743 558 57 21 detta
816 557 45 21 icke
877 557 62 20 hafva
955 556 69 27 nägon

199 585 102 21 invärkan
317 586 6 20 i
340 587 42 20 sak.

268 643 32 20 Hr
315 643 85 21 Lille:
430 643 42 21 Det
486 646 23 18 är
524 644 46 20 icke
595 644 42 20 ofta
652 644 36 27 jag
710 643 45 21 haft
769 643 110 21 förmänen
895 645 30 18 att
941 649 48 14 vara
1005 643 21 20 af

198 677 81 14 samma
296 672 86 26 mening
397 678 45 14 som
458 673 25 20 hr
497 672 67 21 Lilius
579 672 7 20 i
601 673 141 26 skogsfrägor,
753 679 50 14 men
813 672 70 21 denna
893 671 55 27 gäng
959 671 66 21 mäste

198 699 36 27 jag
249 699 97 22 bekänna
362 704 30 17 att
407 701 23 20 sä
445 701 108 26 värkligen
570 703 23 18 är
607 701 65 20 fallet.
703 701 72 20 Redan
793 701 26 20 dä
831 700 36 21 det
879 701 21 20 af
913 701 24 20 hr
947 700 78 27 Appel-

200 727 52 28 berg
268 729 112 20 omnämda
396 729 77 21 norska
488 729 85 28 bolaget
587 729 105 21 inrättade
707 730 32 20 sin
755 729 81 28 privata
851 729 72 20 tlötled
935 729 90 20 emellan

200 755 70 22 Saima
287 757 38 20 och
341 757 120 27 Kymmene
477 758 29 20 älf
522 759 38 20 och
576 758 90 21 sälunda
682 758 43 21 blef
740 758 5 20 i
762 757 81 22 tillfälle
857 760 29 18 att
897 759 50 26 göra
957 757 69 20 stock-

200 785 85 27 uppköp
300 785 5 20 ji
323 786 171 27 kronoskogarna
515 787 6 20 i
536 787 83 20 trakten
635 787 21 20 af
672 787 123 26 Pielisjärvi,
812 786 71 21 visade
898 786 36 21 det
949 786 32 27 sig
996 787 30 19 att

200 814 65 26 priset
287 814 26 27 pä
336 815 67 20 virket
426 818 50 24 steg.
506 815 161 26 Otvifvelaktigt
689 815 68 21 skulle
780 815 79 27 följden
875 815 21 21 af
911 821 26 14 en
953 814 73 21 flötled

200 842 92 21 emellan
308 843 76 20 nämda
400 844 130 27 vattendrag,
546 850 45 14 som
607 844 66 21 tilläte
694 850 26 15 en
735 843 78 28 mängd
829 843 66 21 andra
910 843 71 20 firmor
997 845 30 18 att

200 870 97 28 begagna
312 871 32 27 sig
359 872 21 20 af
396 872 128 26 densamma,
539 873 7 20 i
557 874 58 19 ännu
626 873 64 26 högre
701 872 50 28 grad
763 872 85 21 komma
859 874 29 19 att
898 872 49 26 höja
957 874 69 18 stock-

200 900 71 26 prisen
287 900 6 20 i
309 900 107 21 trakterna
432 901 97 27 omkring
544 902 91 20 Saimen.
665 901 64 21 Detta
744 901 69 21 skulle
829 901 63 20 värka
905 900 121 27 förmänligt

199 928 47 20 icke
270 928 88 21 allenast
380 929 28 27 pä
429 930 172 26 kronoskogarna
625 932 50 18 utan
699 930 62 20 äfven
784 930 27 27 pä
831 929 41 21 alla
888 929 26 21 de
930 928 96 22 enskilda

199 956 255 27 lägenhetsinnehafvare,
470 958 70 21 hvilka
556 958 108 21 därstädes
680 958 62 20 hafva
757 959 82 26 skogar.
869 958 80 26 Frägan
966 957 59 21 torde

200 984 54 21 altsä
271 992 48 14 vara
335 986 21 20 af
370 988 66 19 större
452 986 110 27 betydelse
577 989 27 18 än
620 994 49 13 man
686 987 35 20 vid
731 987 65 21 första
807 986 134 28 ögonblicket
951 986 74 26 finner,

199 1020 56 20 men,
271 1014 68 20 såsom
356 1014 160 22 förhållandena
531 1016 37 25 stä,
591 1015 59 21 torde
674 1016 35 20 det
731 1016 46 20 icke
797 1022 49 14 vara
861 1014 45 22 skäl
922 1014 32 21 för
969 1016 56 19 stän-

199 1042 66 20 derna
281 1045 30 18 att
325 1042 65 22 inläta
406 1044 32 26 sig
453 1043 26 27 pä
493 1044 69 26 nägon
577 1044 78 27 speciel
671 1044 93 27 petition.
787 1043 33 21 Dä
835 1043 87 21 ärendet
937 1043 32 21 för
979 1045 47 19 när-

199 1070 94 21 varande
308 1071 116 21 behandlas
439 1072 21 20 af
476 1074 85 19 senaten
577 1072 73 21 kunde
661 1072 36 21 det
707 1072 38 21 lätt
755 1072 70 21 hända
836 1074 29 19 att
875 1072 74 27 frägan
959 1072 66 20 redan

199 1105 51 15 vore
273 1100 81 26 afgjord
370 1100 7 20 i
393 1100 41 21 den
458 1107 40 14 ena
520 1101 51 21 eller
594 1101 67 21 andra
683 1101 121 27 riktningen
820 1101 65 20 innan
901 1100 125 21 ständernas

198 1128 90 26 petition
304 1128 68 21 skulle
388 1128 85 22 komma
488 1129 60 21 fram.
577 1130 42 26 Jag
633 1130 43 20 kan
691 1130 71 20 därför
780 1129 53 26 icke,
849 1129 22 21 sä
887 1129 46 21 kärt
949 1129 34 21 det
999 1130 27 19 än

199 1162 50 14 vore
264 1156 50 28 mig,
329 1156 85 22 förorda
435 1158 25 20 hr
475 1158 132 27 Appelbergs
627 1158 185 27 petitionsförslag,
828 1160 50 19 utan
895 1157 88 21 föreslär
996 1159 31 19 att

198 1184 85 21 ständet
298 1185 64 21 mätte
375 1185 73 21 förena
464 1186 32 28 sig
511 1193 34 14 om
561 1186 113 22 utskottets
689 1186 84 28 förslag.

268 1241 33 21 Hr
315 1242 177 28 Appelberg:
523 1243 41 27 Jag
579 1244 50 20 ville
645 1244 76 20 endast
735 1246 51 25 göra
801 1244 41 20 den
858 1243 168 27 anmärkningen

198 1271 30 19 att
244 1270 43 21 min
303 1271 57 20 kläm
382 1271 47 21 icke
445 1272 118 21 innehäller
585 1274 30 19 att
629 1272 61 21 Hans
705 1272 98 27 Majestät
826 1272 49 21 ville
895 1274 47 24 taga
958 1272 68 20 under

198 1299 136 27 ompröfning
356 1306 34 14 om
407 1306 26 14 en
456 1300 66 21 sädan
538 1300 159 28 undersökning
719 1301 54 21 skall
789 1301 42 23 ske,
847 1303 51 18 utan
915 1306 26 15 en
957 1300 68 21 direkt

198 1327 98 21 anhällan
312 1330 30 18 att
358 1334 26 15 en
400 1328 67 21 sädan
482 1329 161 28 undersökning
657 1330 69 20 skulle
742 1330 43 20 ske.

266 1384 34 21 Dä
314 1384 64 28 ingen
394 1385 21 21 af
430 1386 94 20 ständets
540 1386 139 21 medlemmar
694 1386 71 21 vidare
781 1386 71 21 anhöll
863 1392 35 15 om
909 1386 64 26 ordet,
984 1386 41 20 för-

196 1412 99 32 klarades
311 1413 149 22 diskussionen
476 1414 97 27 afslutad,
588 1415 65 20 hvarä
668 1416 25 19 hr
708 1415 121 21 talmannen
848 1414 122 21 framstälde
986 1414 39 21 föl-

196 1441 64 26 jande
276 1442 282 28 omröstningsproposition:

266 1497 39 33 De,
321 1498 75 21 hvilka
409 1500 118 26 godkänna
542 1500 112 20 utskottets
669 1500 82 27 förslag
764 1500 133 27 beträffande
906 1500 117 27 petitions-

196 1527 138 20 memorialet
348 1534 39 14 n:o
402 1528 29 23 11,
448 1530 59 18 rösta
517 1528 40 27 ja;
573 1528 31 23 de,
621 1528 35 21 det
670 1528 45 21 icke
729 1531 59 25 göra,
804 1530 59 19 rösta
879 1528 48 28 nej;
