1142 1773
234 115 41 21 970
442 122 178 22 Borgareståndet
634 123 58 16 1894.
715 123 14 16 4
741 122 48 21 maj.

207 201 169 22 hufvudstadens
391 202 113 28 tidningar,
520 208 45 15 som
581 204 74 19 nästan
671 202 42 21 alla
728 204 36 18 äro
777 201 172 28 representerade
960 201 7 20 i
977 200 56 22 stån-

208 230 40 27 det,
264 230 59 21 skola
338 230 128 27 tillmötesgå
481 237 27 15 en
523 231 65 21 sådan
610 230 105 22 anhållan.
745 230 61 21 Dock
821 230 39 21 har
873 230 36 27 jag
922 229 111 27 ingenting

205 261 59 19 emot
280 259 40 21 den
336 260 82 26 hänsyn
434 262 108 25 gentemot
557 260 26 20 de
598 260 67 27 öfriga
681 259 96 24 stånden,
787 265 45 15 som
844 265 49 14 man
903 260 68 19 ansett
982 258 50 20 böra

208 288 110 27 iakttagas,
341 288 39 21 och
402 295 63 14 anser
487 289 36 27 jag
544 288 123 21 densamma
683 294 50 14 vara
747 287 130 27 fullkomligt
892 286 139 28 tillgodosedd

207 322 78 21 genom
301 316 35 22 det
351 317 21 20 af
388 317 24 20 hr
427 317 95 21 Neovius
537 317 73 27 gjorda
625 317 101 27 förslaget
741 319 30 18 att
781 316 74 27 frågan
866 316 124 27 bordlägges
1001 314 31 22 till

205 345 117 27 onsdagen.

276 413 33 21 Hr
324 413 215 28 Schybergson:
569 414 41 26 Jag
625 416 24 19 är
664 414 78 21 beredd
759 416 30 18 att
803 415 48 25 taga
866 412 27 28 på
907 412 58 21 mina
975 412 57 20 skul-

210 442 49 21 dror
274 445 97 19 ansvaret
394 442 32 21 för
441 449 26 15 en
490 442 139 28 publikation.
658 442 33 21 En
713 442 65 21 sådan
802 442 41 21 kan
859 441 53 22 dock
928 441 46 21 icke
989 440 44 22 helt

208 471 39 21 och
264 471 64 21 hållet
343 471 107 21 uteblifva.
480 472 42 26 Jag
536 473 24 19 är
579 471 82 22 således
676 471 96 27 benägen
795 473 29 19 att
839 473 56 18 rösta
916 471 33 20 för
963 469 70 22 sekre-

206 503 81 18 tessens
303 501 142 26 upphörande,
460 501 100 26 antingen
576 501 65 20 redan
657 507 30 14 nu
703 500 52 21 eller
769 499 36 21 vid
822 501 59 19 nästa
893 499 92 28 plenum,
998 505 34 14 om

209 529 66 20 saken
299 529 31 20 till
353 529 47 20 dess
423 529 131 27 bordlägges.
584 529 11 20 I
609 529 65 27 ingen
697 529 102 20 händelse
821 528 41 21 kan
881 528 34 27 jag
930 527 58 21 finna
1003 528 30 19 att

210 557 84 21 ståndet
309 564 88 14 numera
412 557 69 22 skulle
496 565 50 14 vara
561 557 132 22 förhindradt
708 559 30 19 att
753 557 99 21 särskildt
866 557 33 20 för
908 556 33 27 sig
950 557 7 20 i
967 555 65 21 saken

210 585 88 27 besluta,
314 586 26 21 då
355 586 23 27 ju
392 587 203 26 förutsättningarna
611 589 35 18 äro
662 586 133 27 väsentligen
810 585 66 22 andra
888 587 26 19 än
926 585 26 21 då
963 584 69 21 sekre-

205 616 71 19 tessen
292 615 82 21 beslöts.

276 683 153 22 Diskussionen
446 683 114 21 afslutades
571 683 96 26 härmed;
679 683 106 20 hvarefter
795 683 40 20 och
845 682 64 21 sedan
921 682 24 21 hr
955 681 76 21 Heikel

206 711 98 28 återtagit
326 712 36 21 sitt
376 712 79 27 förslag
477 712 108 27 angående
606 711 245 22 talmanskonferensens
867 710 164 22 underrättande

207 747 33 14 om
257 741 71 23 saken,
344 741 25 20 hr
383 741 122 20 talmannen
521 741 31 20 till
567 740 94 21 ståndets
677 740 131 21 besvarande
824 739 157 22 öfverlämnade
993 738 38 21 föl-

205 769 64 27 jande
285 769 278 28 omröstningsproposition:

276 837 39 27 De,
339 837 74 22 hvilka
435 838 55 27 vilja
512 837 117 28 bordlägga
651 844 32 14 nu
704 837 173 28 ifrågavarande
897 836 80 21 ärende
997 835 34 21 till

204 866 95 28 plenum
314 867 109 27 onsdagen
438 867 42 21 den
498 867 14 21 9
526 866 151 22 innevarande
692 866 53 28 maj,
761 868 60 19 rösta
830 865 39 28 ja;
890 865 31 27 de,
937 865 35 20 det
986 864 45 21 icke

204 895 62 27 vilja,
282 897 58 19 rösta
355 896 47 27 nej;

274 924 80 21 vinner
368 924 42 26 nej,
436 924 42 21 har
500 924 181 27 borgareståndet,
702 924 32 27 på
751 925 45 19 sätt
811 923 26 21 hr
853 922 103 22 Stenroth
971 922 58 27 före-

203 952 75 28 slagit,
295 953 89 21 beslutit
398 953 120 27 hänskjuta
533 952 82 28 frågan
629 952 37 28 för
681 952 130 28 afgifvande
826 952 29 26 af
865 951 115 21 utlåtande
995 950 36 21 till

204 981 110 21 särskilda
331 982 195 20 besvärsutskottet.

274 1055 40 21 Vid
331 1056 148 27 försiggången
496 1056 95 26 votering
607 1055 127 21 besvarades
744 1055 157 27 propositionen
913 1054 47 21 med
973 1053 26 21 30
1009 1054 21 26 ja

206 1084 39 20 och
262 1084 27 21 23
304 1084 45 27 nej;
366 1084 39 21 och
420 1084 54 21 hade
490 1084 83 21 ståndet
588 1084 82 21 således
686 1083 87 21 beslutit
789 1083 114 27 bordlägga
914 1082 74 28 frågan
999 1082 31 22 till

204 1112 143 21 ofvannämda
362 1112 92 28 plenum.

275 1289 90 21 Plenum
382 1290 72 20 afslöts
469 1290 49 21 härå
534 1290 26 20 kl.
578 1290 25 20 11
620 1296 17 15 e.
652 1297 27 13 m.

809 1346 20 18 In
841 1346 61 18 fidem:

754 1387 27 21 A.
805 1387 22 21 V.
841 1386 117 28 Lindberg.
