1142 1773
229 126 41 20 820
426 132 179 20 Borgareständet
619 132 58 17 1894.
701 132 26 17 26
740 132 58 21 april.

269 211 149 21 Antecknades
434 214 29 18 att
478 212 46 20 frän
540 212 139 21 medständen
695 212 88 20 anländt
793 211 104 21 särskilda
904 210 125 28 protokolls-

200 240 82 28 utdrag.

269 383 117 27 Föredrogs
401 384 44 26 lag-
460 384 39 20 och
515 384 213 20 ekonomiutskottets
744 384 35 20 vid
795 385 84 19 senaste
894 383 86 27 plenum
996 382 32 21 för

200 412 67 20 andra
289 412 83 27 gängen
395 412 115 28 bordlagda
532 412 135 21 betänkande
683 419 34 14 n:o
734 413 12 20 3
762 412 7 20 i
784 412 117 26 anledning
915 412 22 20 af
951 411 77 27 nädiga

200 440 158 28 propositionen
380 448 34 14 n:o
433 442 25 19 21
476 441 109 28 angäende
601 441 178 28 handelsregister
794 443 55 18 samt
864 447 33 14 om
913 440 60 21 firma
988 440 40 21 och

200 469 97 28 prokura.

270 526 64 21 Ordet
350 527 101 26 begärdes
466 527 32 20 till
512 527 54 20 först
580 527 22 20 af

269 584 25 20 hr
309 584 164 27 Wegelius,
489 590 45 14 som
550 584 93 26 yttrade:
673 583 33 21 Dä
728 584 36 26 jag
787 583 35 20 vid
842 584 83 20 senaste
941 582 86 27 plenum

200 612 92 27 begärde
314 613 121 26 ytterligare
455 613 154 26 bordläggning
631 612 21 21 af
673 612 56 21 detta
745 612 84 26 ärende,
845 611 133 21 föranleddes
993 611 35 27 jag

200 641 70 20 därtill
295 641 21 20 af
340 641 42 21 den
407 641 182 27 omständigheten
613 643 30 19 att
665 641 70 20 denna
750 641 132 26 lagstiftning
898 642 23 19 är
935 640 33 20 för
983 639 45 21 värt

200 669 49 20 land
273 669 43 21 helt
338 670 39 20 och
392 670 64 21 hället
472 677 29 20 ny
517 670 39 21 och
572 671 31 20 att
617 670 35 27 jag
668 669 130 21 beträffande
815 671 28 19 ett
859 675 38 21 par
912 668 116 27 betänklig-

199 698 66 26 heter,
292 705 44 14 som
362 698 34 21 vid
422 699 65 20 första
512 698 175 27 genomläsandet
703 698 20 20 af
739 697 154 28 handlingarna
908 697 73 27 gjorde
996 697 32 27 sig

199 727 99 26 gällande
320 727 38 20 hos
380 727 50 27 mig,
449 729 65 25 gärna
529 727 33 20 för
576 727 77 20 sakens
669 726 156 27 öfvervägande
841 726 50 21 ville
906 727 48 25 taga
969 726 7 19 i
991 732 37 14 an-

200 755 62 27 språk
289 755 126 21 åtminstone
438 756 41 21 den
502 756 60 20 korta
584 755 36 27 tid,
643 762 46 13 som
711 755 140 27 landtdagens
867 754 161 27 arbetsordning

199 784 124 27 medgifver.
349 784 73 21 Under
438 785 41 20 den
495 784 107 21 allmänna
619 784 148 20 diskussionen
783 783 37 20 vill
835 784 36 26 jag
886 783 75 20 endast
976 789 51 21 upp-

199 815 48 24 taga
263 812 41 21 den
320 812 7 21 i
343 813 12 26 $
372 813 11 20 9
399 813 7 20 i
422 813 56 20 detta
493 813 114 27 lagförslag
623 813 89 20 berörda
727 812 75 27 frågan
819 819 34 13 om
869 812 41 20 den
926 811 102 21 utsträck-

198 841 58 26 ning,
279 841 7 20 i
309 841 85 20 hvilken
416 841 288 27 inskrifningsskyldigheten
724 841 65 20 borde
805 840 66 21 blifva
886 840 141 27 obligatorisk.

198 869 74 27 Enligt
298 870 64 27 sagda
387 870 97 27 paragraf
508 870 85 21 komme
613 870 41 20 den
671 869 151 27 obligatoriska
837 868 191 28 anmälningsskyl-

199 898 101 27 digheten
324 899 64 27 jämte
414 899 86 21 därmed
525 898 101 22 förenade
651 898 114 21 kostnader
783 898 40 20 och
838 898 76 20 besvär
929 899 29 19 att
973 897 55 27 gälla

198 926 33 21 för
259 927 114 21 vidsträkta
397 927 59 27 lager
480 928 21 20 af
526 928 46 20 vårt
595 927 108 26 samhälle,
725 927 62 20 äfven
803 926 34 21 för
851 926 79 21 sådana
946 926 81 20 mindre

198 954 122 28 betydande
347 956 145 27 detaljaffärer,
515 956 33 20 för
570 956 71 20 hvilka
663 955 131 27 firmaskydd
815 957 23 18 är
859 956 51 20 utan
925 954 28 21 all
969 954 59 27 bety-

198 984 59 20 delse
280 984 40 20 och
334 984 33 21 för
382 984 72 21 hvilka
468 984 66 21 redan
550 984 25 21 de
591 984 90 27 afgifter,
697 990 46 14 som
759 986 36 18 äro
811 984 101 20 förenade
927 983 49 21 med
991 988 37 15 an-

198 1012 71 20 mälan
286 1012 21 21 af
322 1013 80 27 näring,
418 1013 58 27 spela
492 1019 25 15 en
532 1013 37 20 rol.

267 1040 43 22 Det
333 1048 64 20 synes
421 1042 44 26 mig
489 1048 30 14 nu
544 1041 73 21 kunna
641 1040 132 28 ifrägasättas
798 1040 106 20 huruvida
928 1040 45 20 skäl
995 1040 34 20 för

198 1075 34 15 oss
255 1069 103 27 föreligga
380 1072 35 18 att
432 1072 48 25 taga
502 1072 68 24 steget
585 1072 24 18 ut
624 1070 23 20 sä
662 1069 64 27 långt.
756 1069 34 20 En
807 1069 59 26 dylik
881 1068 79 21 allmän
975 1068 53 21 obli-

198 1098 93 26 gatorisk
313 1098 260 28 inskrifningsskyldighet
595 1098 69 20 finnes
687 1098 108 20 etablerad
818 1098 7 19 i
833 1097 113 27 ätskilliga
962 1096 66 21 andra

197 1126 80 27 länder,
299 1127 99 21 särskildt
419 1127 7 20 i
448 1127 113 27 Tyskland,
582 1127 39 20 och
637 1127 7 20 i
660 1126 25 21 de
701 1126 101 21 nordiska
817 1126 102 20 länderna
934 1126 38 20 har
987 1125 42 21 den

198 1154 63 21 äfven
277 1155 87 27 nyligen
380 1155 84 27 inträdt,
479 1161 49 15 men
544 1156 7 20 i
566 1155 66 21 andra
647 1155 80 27 länder,
743 1154 70 21 säsom
828 1154 105 27 England,
948 1153 79 21 Frank-

198 1183 45 21 rike
270 1184 38 20 och
334 1184 100 26 Holland,
457 1184 43 26 har,
522 1184 70 20 säsom
614 1184 7 20 i
644 1183 112 21 utskottets
772 1182 134 22 betänkande
921 1182 106 27 upplyses,

198 1211 70 21 denna
290 1212 261 27 inskrifningsskyldighet
571 1214 79 18 ansetts
667 1212 90 20 behöfva
773 1218 50 14 vara
839 1211 136 27 obligatorisk
991 1217 36 14 en-

198 1240 46 21 dast
259 1240 34 20 för
308 1241 55 20 vissa
379 1241 82 20 mindre
477 1247 96 21 grupper,
590 1240 107 28 nämligen
713 1240 33 21 för
762 1240 62 27 bolag
840 1240 39 20 och
894 1240 34 20 för
943 1239 26 21 de
983 1239 44 27 fall,

197 1268 27 20 dä
240 1268 69 28 nägon
326 1269 112 21 affärsman
453 1270 32 20 för
500 1270 33 20 sin
548 1269 78 21 rörelse
642 1269 108 20 använder
765 1275 28 14 en
803 1274 70 15 annan
881 1268 146 20 firmabeteck-

197 1296 52 28 ning
265 1299 27 19 än
308 1298 45 20 sina
368 1304 54 20 egna
436 1298 42 20 för-
493 1298 40 20 och
548 1298 104 20 tillnamn.
679 1297 42 21 Det
735 1297 80 27 kunde,
830 1299 61 25 säger
900 1297 41 26 jag,
951 1296 76 26 ifräga-

197 1327 71 25 sättas,
293 1332 35 14 om
355 1326 35 20 det
415 1326 47 21 icke
478 1326 62 21 äfven
556 1326 37 20 hos
609 1332 34 14 oss
659 1326 54 20 varit
728 1325 123 27 tillräckligt
865 1327 30 19 att
909 1324 71 21 härtill
994 1325 33 19 in-

196 1354 93 20 skränka
314 1354 41 21 den
380 1354 149 28 obligatoriska
551 1354 162 27 inskrifningen,
735 1354 78 20 medan
832 1354 96 20 däremot
942 1353 85 20 inskrif-

197 1382 79 27 ningen
303 1383 81 21 kunnat
410 1383 66 21 blifva
501 1383 110 21 fakultativ
638 1383 33 20 för
687 1382 97 21 enskilda
800 1382 165 27 näringsidkare,
981 1388 45 14 som

196 1412 52 19 utan
268 1411 124 27 bolagsmän
407 1411 95 21 bedrifva
518 1412 32 20 sin
566 1411 51 21 affär
633 1411 39 21 och
687 1411 74 21 därvid
777 1411 76 21 endast
868 1410 97 21 använda
981 1410 46 20 sina

196 1445 55 20 egna
276 1446 70 14 namn.
376 1440 125 20 Emellertid
528 1440 39 20 har
593 1440 63 26 lagen
683 1439 65 21 redan
765 1439 70 21 blifvit
851 1441 93 25 antagen
959 1438 22 21 af
995 1440 32 19 tre

196 1467 68 27 ständ,
288 1468 38 21 och
348 1468 36 27 jag
404 1469 74 20 tänker
494 1468 70 21 därför
579 1470 30 19 att
624 1468 35 21 det
674 1470 23 18 är
712 1468 83 20 mindre
810 1468 92 20 lönande
918 1468 31 20 att
962 1467 64 20 fram-

196 1496 61 20 ställa
273 1496 65 28 nägra
353 1497 179 27 ändringsförslag
548 1497 21 20 af
584 1496 64 28 nägot
663 1502 46 15 mer
723 1496 181 28 genomgripande
920 1498 37 18 art.
984 1494 42 22 Det

195 1524 73 21 kunde
294 1525 118 21 emellertid
437 1526 63 20 äfven
524 1525 75 21 tänkas
623 1527 36 25 att,
679 1532 35 14 om
729 1525 40 21 ock
784 1524 156 27 inskrifningen
956 1524 69 20 blefve
