1142 1773
354 141 179 21 Borgareständet
547 141 57 17 1894.
629 141 12 17 9
653 142 48 20 maj.
874 132 40 24 995

184 220 33 22 Hr
239 220 113 27 Elving:
382 220 42 27 Jag
444 223 44 18 tror
509 221 47 21 icke
571 222 30 19 att
616 221 25 20 hr
656 220 89 21 Heikels
759 221 120 27 jämförelse
895 221 48 20 med

116 249 66 27 öfriga
205 249 75 21 affärer
298 251 22 19 är
335 249 49 21 fullt
398 249 87 23 hållbar,
500 252 23 24 ty
539 250 6 19 i
562 256 26 14 en
603 249 113 21 industriel
731 249 51 21 affär
797 250 41 20 kan
854 250 35 26 jag
905 249 40 21 öka

116 278 53 21 eller
183 278 83 20 minska
288 278 155 27 produktionen
460 278 53 20 efter
528 277 142 21 marknadens
686 278 53 27 läge,
754 284 50 15 men
819 278 35 27 jag
870 278 74 20 betvif-

116 306 32 21 lar
169 306 136 27 möjligheten
329 307 21 20 af
372 308 30 19 att
424 306 53 21 efter
499 306 68 27 behag
589 306 40 20 öka
643 307 39 20 och
698 307 83 20 minska
796 306 148 28 penningetill-

116 335 90 27 gängen.

186 392 32 20 Hr
240 392 228 27 Schybergson:
500 392 41 26 Jag
564 392 49 20 ville
635 392 54 20 blott
711 392 48 20 med
776 392 65 26 nägra
857 392 36 20 ord
910 391 35 28 pä-

116 421 55 27 peka
186 423 30 18 att
232 427 33 14 om
281 427 55 19 man,
352 420 68 20 säsom
437 421 24 19 hr
476 420 84 27 Elving,
575 420 36 20 vill
627 422 30 19 att
672 420 143 25 statsbanken,
831 420 35 21 det
878 420 67 21 sedel-

117 449 125 28 utgifvande
265 449 110 26 institutet,
398 449 5 20 i
426 449 72 27 hvarje
521 455 30 14 nu
573 449 52 20 skall
650 449 73 21 utöfva
743 451 29 19 ett
786 449 117 26 inflytande
919 448 26 28 pä

117 480 162 25 räntesatserna,
302 477 22 21 sä
347 478 93 20 minskar
456 484 48 14 man
522 478 69 20 denna
607 478 68 20 banks
689 477 94 26 förmäga
799 480 30 19 att
843 479 8 19 i
867 478 34 20 det
916 478 30 20 af-

117 507 93 27 görande
226 506 134 27 ögonblicket
375 509 51 24 göra
442 507 34 20 det
492 507 48 20 med
556 507 61 20 kraft.
647 507 76 26 Nägon
742 507 62 20 altför
819 509 44 18 stor
878 507 68 20 diver-

117 542 53 21 gens
185 536 7 19 i
208 535 105 20 åsikterna
328 541 34 14 oss
378 535 90 21 emellan
484 537 44 18 tror
542 535 35 27 jag
593 535 53 20 dock
663 535 46 20 icke
719 535 8 20 i
737 535 70 20 denna
823 535 58 26 fråga
892 535 54 20 före-

117 564 76 27 finnas,
215 567 23 23 ty
260 563 62 21 äfven
344 564 36 27 jag
402 564 104 20 erkänner
526 564 23 27 ju
573 563 68 27 villigt
661 564 40 20 den
719 564 114 26 betydelse,
849 563 98 21 särskildt

118 593 69 20 under
209 593 50 20 våra
280 592 152 27 förhållanden,
454 593 41 20 den
510 593 183 26 sedelutgifvande
711 592 81 21 banken
811 593 36 20 har
862 593 62 20 äfven
940 592 7 20 i

119 621 36 20 det
176 621 96 20 normala
294 621 126 21 affärslifvet.
450 621 82 27 Frågan
555 621 66 27 gäller
643 621 54 20 blott
716 621 105 20 huruvida
837 623 29 18 ett
881 622 66 19 större

119 649 52 22 eller
194 652 28 18 ett
245 649 82 21 mindre
351 649 75 28 belopp
449 649 53 21 skall
525 649 66 21 hållas
615 649 131 21 reserveradt
769 650 31 20 för
819 650 25 20 de
860 649 87 21 kritiska

119 678 146 27 ögonblicken.
295 678 49 21 Man
361 678 37 21 har
414 678 123 27 visserligen
553 680 46 24 sagt
620 680 30 19 att
665 685 48 13 man
730 679 22 26 ju
768 679 46 20 icke
831 678 116 27 reglemen-

118 709 57 18 terar
195 707 33 20 för
249 707 135 27 undantagen
407 709 50 18 utan
474 707 32 20 för
521 707 79 26 regeln,
616 707 39 20 och
671 707 67 20 kriser
753 709 35 18 äro
803 707 23 26 ju
843 707 53 20 dock
911 713 36 14 en-

120 735 47 21 dast
182 735 113 27 undantag.
318 735 50 21 Men
384 735 25 21 de
425 737 35 18 äro
477 735 80 21 sådana
569 735 114 27 undantag,
695 742 33 13 om
741 735 70 20 hvilka
823 742 25 14 en
861 735 87 27 engelsk

119 764 108 21 bankman
248 766 62 25 säger
331 766 29 19 att
383 764 35 21 det
433 766 23 18 är
472 764 68 21 under
555 764 48 21 dem
619 761 150 24 affärsvärlden
785 764 46 21 icke
848 764 35 20 har
900 763 48 21 tillit

120 793 32 20 till
175 793 63 26 något
260 794 64 19 annat
346 793 83 20 institut
447 794 26 19 än
490 793 171 20 centralbanken.
691 792 42 21 Det
748 799 49 14 vore
813 793 34 20 väl
863 799 35 14 om
913 792 36 21 det

120 821 183 27 sedelutgifvande
318 821 104 21 institutet
438 827 44 14 som
499 821 57 27 regel
571 821 68 20 skulle
655 821 33 20 för
703 821 32 26 sig
750 821 104 27 uppställa
875 823 30 18 att
917 821 32 20 för

120 850 138 26 marknaden,
280 849 69 21 säsom
372 856 25 14 en
422 850 64 20 norsk
508 850 107 20 författare
636 850 27 26 pä
678 849 169 22 bankväsendets
863 849 86 21 omräde

121 879 109 26 uttrycker
246 879 36 26 sig,
298 885 50 14 vara
363 879 35 20 det
414 879 52 25 stöd,
482 885 45 14 som
543 879 46 20 icke
606 878 85 27 sviktar,
702 879 62 20 äfven
775 885 35 14 om
821 878 128 28 byggnaden

121 908 7 19 i
144 907 63 27 öfrigt
222 907 80 21 skakas.
333 907 49 21 Man
398 907 32 21 fär
444 907 47 21 icke
507 907 70 21 lämna
593 914 25 13 ur
633 908 54 20 sikte
703 907 61 21 dessa
779 908 106 26 periodvis
895 907 54 20 äter-

121 936 128 20 kommande
273 936 70 20 kriser.
373 936 42 20 Det
436 936 68 20 mäste
521 936 69 20 finnas
605 938 30 18 ett
649 936 89 27 institut,
754 942 44 14 som
815 938 58 24 tager
888 936 61 20 deras

122 964 122 28 afvärjande
267 964 52 21 eller
337 964 111 21 lindrande
464 964 26 27 pä
506 965 32 20 sin
554 964 43 21 lott.
627 964 42 27 Jag
683 964 50 21 ville
748 965 32 20 för
795 965 62 27 öfrigt
873 964 76 20 beträf-

122 993 63 21 fande
208 993 24 20 hr
253 993 87 27 Elvings
364 993 136 27 andragande
522 993 90 20 rörande
636 993 200 27 bankfallmäktiges
854 993 95 26 tillväga-

122 1022 81 26 gående
226 1022 110 20 framhålla
360 1024 29 18 att
411 1021 23 21 sä
457 1022 59 27 långt
537 1022 62 20 hafva
622 1021 190 28 bankfullmäktige
834 1022 53 20 dock
903 1021 46 21 icke

122 1050 44 27 gått
187 1057 45 14 som
248 1050 42 20 han
305 1050 103 26 förutsatt,
424 1052 30 18 att
469 1050 107 27 nämligen
592 1050 25 20 de
633 1050 112 21 förstärkta
761 1050 68 21 skulle
845 1050 54 20 varit
914 1056 36 14 en-

123 1079 47 21 dast
185 1081 103 25 experter.
318 1079 41 27 Jag
374 1079 77 21 tillåter
466 1079 44 27 mig
525 1085 94 21 upprepa
634 1081 30 18 att
680 1078 91 22 beslutet
786 1079 21 21 af
822 1079 41 21 den
879 1079 12 19 2
907 1078 42 27 maj

122 1108 7 20 i
145 1108 75 26 själfva
235 1107 73 21 värket
317 1108 130 20 innefattade
458 1109 30 19 att
498 1108 26 20 de
535 1108 122 20 förstärktes
667 1107 109 21 utlåtande
787 1108 68 20 skulle
865 1107 86 21 komma

122 1136 32 21 till
170 1136 32 20 sin
218 1138 53 18 rätta
286 1136 64 26 valör,
366 1136 26 20 då
407 1136 65 20 saken
488 1136 68 21 skulle
572 1136 21 20 få
608 1136 89 27 förfalla,
713 1136 73 20 såvida
801 1136 46 21 icke
860 1135 91 21 beslutet

123 1164 70 21 blefve
216 1165 229 20 öfverensstämmande
468 1165 48 20 med
535 1164 146 28 pluralitetens
697 1165 21 20 af
733 1165 96 27 samtliga
845 1164 106 21 bankfull-

122 1193 93 27 mäktige
231 1193 59 21 åsikt.

192 1250 33 20 Hr
247 1250 121 27 Elving:
398 1250 42 27 Jag
462 1252 44 19 tror
528 1250 43 27 mig
585 1250 49 21 med
650 1250 77 27 fägnad
743 1250 73 20 kunna
831 1250 121 21 konstatera

124 1280 30 20 att
177 1279 35 21 det
227 1279 6 19 i
250 1279 74 27 själfva
339 1279 73 20 värket
427 1279 47 21 icke
489 1280 23 19 är
528 1278 69 28 någon
613 1281 43 18 stor
671 1279 113 27 divergens
800 1279 5 20 i
822 1278 130 28 uppfattnin-

123 1314 42 20 gen
181 1307 91 21 emellan
287 1308 25 20 hr
327 1307 148 27 Schybergson
491 1308 39 20 och
546 1308 43 26 mig
604 1307 129 21 beträffande
747 1308 35 20 det
797 1309 45 25 sätt,
858 1307 26 27 på
900 1306 53 21 hvil-

123 1336 36 21 ket
181 1336 102 20 Finlands
305 1336 57 20 bank
384 1336 39 20 bör
445 1342 93 21 operera,
554 1336 38 20 och
607 1336 36 27 jag
659 1336 58 20 delar
732 1336 31 20 till
779 1336 52 20 fullo
847 1336 25 20 hr
887 1335 66 26 Schy-

123 1364 103 28 bergsons
248 1365 39 20 och
310 1364 170 21 bankutskottets
502 1364 54 21 åsikt
579 1364 71 21 därom
672 1367 29 18 att
717 1364 35 21 det
767 1366 23 18 är
804 1364 149 21 företrädesvis

125 1393 34 21 vid
176 1393 54 21 tider
245 1393 21 21 af
281 1393 87 27 betryck
384 1393 39 21 och
438 1393 135 27 svårigheter,
586 1399 46 15 som
643 1392 102 21 Finlands
755 1393 67 21 banks
835 1392 118 27 inflytande

124 1421 38 21 bör
182 1423 51 25 göra
253 1422 32 26 sig
302 1422 104 26 gällande.
436 1421 50 21 Men
502 1422 35 26 jag
552 1421 103 21 vidhåller
670 1422 44 20 min
731 1422 134 26 uppfattning
881 1421 73 20 därom

124 1452 31 18 att
177 1450 57 20 detta
256 1450 117 27 inflytande
395 1450 47 20 icke
466 1450 103 27 någonsin
593 1450 42 20 kan
657 1450 113 26 undvaras,
789 1456 34 14 om
839 1450 36 20 det
890 1449 64 21 också

124 1478 70 21 under
209 1478 111 28 regelrätta
335 1478 148 21 förhållanden
499 1480 88 25 antager
605 1485 27 14 en
647 1485 46 14 mer
708 1479 70 27 passiv
793 1478 60 27 form,
869 1484 34 14 om
919 1478 36 26 jag

124 1507 24 21 så
169 1507 33 20 får
224 1507 98 26 uttrycka
344 1507 49 26 mig.
423 1506 42 22 Det
487 1514 38 14 var
547 1507 71 20 därför
635 1507 35 27 jag
685 1507 123 27 begagnade
824 1507 35 20 det
875 1506 21 21 af
911 1506 44 26 mig

125 1536 98 20 använda
246 1535 106 27 uttrycket
375 1536 19 20 d.
417 1542 19 14 v.
456 1542 15 14 s.
488 1536 69 20 talade
573 1542 34 14 om
624 1536 35 20 det
674 1536 141 20 hälsosamma
830 1534 125 28 inflytande,
