1142 1773
361 132 179 22 Borgareståndet
554 133 57 16 1894.
636 133 22 16 15
671 132 48 21 maj.
874 126 54 21 1069

191 212 11 21 I
217 212 59 28 fråga
291 218 35 15 om
341 212 127 21 rubrikerna
483 212 69 21 under
567 212 127 21 bokstafven
709 212 23 20 M
747 212 83 27 yttrade

193 269 26 21 hr
238 268 158 22 Jusélius:
426 269 43 21 Vid
491 268 176 22 remissdebatten
691 269 121 20 anmärktes
827 268 130 22 beträffande

124 298 101 20 rubriken
249 297 115 21 »mätebref
386 298 32 20 för
440 298 84 26 fartyg»
542 300 29 18 att
587 298 40 20 den
644 297 121 27 föreslagna
780 297 178 27 stämpelafgiften

126 326 26 21 10
168 326 65 28 penni
248 326 33 20 för
296 326 72 27 hvarje
383 326 53 21 fulla
453 326 26 21 10
495 328 38 19 ton
548 326 21 21 af
584 326 103 27 fartygets
703 326 119 27 dräktighet
834 326 47 21 icke
892 325 65 21 borde

123 354 160 28 ifrågakomma.
314 354 107 22 Utskottet
441 355 39 21 har
494 354 84 22 likvisst
596 355 47 21 icke
659 355 42 20 fäst
720 354 100 22 afseende
844 354 35 21 vid
901 354 58 21 detta

124 383 103 27 yrkande,
242 387 51 17 utan
308 383 27 27 på
350 383 103 21 särskilda
468 383 46 21 skäl
530 383 101 26 tillstyrkt
646 383 130 27 antagandet
791 383 21 21 af
827 383 42 21 den
880 382 78 28 nådiga

125 412 253 27 propositionen
292 408 12 36 i
314 408 62 36 denna
390 412 40 20 del.
453 412 124 21 Emellertid
593 414 24 18 är
624 412 142 20 förhållandet
773 412 75 21 sådant
856 414 29 19 att
893 413 65 19 mäte-

127 440 47 21 bref
182 440 66 27 enligt
256 440 40 21 den
306 447 29 14 nu
343 440 98 28 gällande
449 440 247 28 registreringsmetoden
706 440 47 21 icke
761 440 38 21 har
806 440 71 28 någon
887 446 71 15 annan

126 469 83 28 uppgift
228 471 27 19 än
270 471 30 19 att
315 470 57 26 tjäna
388 469 69 21 såsom
473 469 70 28 grund
558 469 33 21 för
605 469 53 21 eller
673 469 71 28 bilaga
759 469 32 21 till
806 469 152 21 nationalitets-

124 498 132 21 certifikatet.
286 497 140 22 Mätebrefvet
444 498 84 21 lämnas
544 498 101 27 vanligen
659 498 23 20 in
698 498 33 21 för
746 497 122 22 erhållande
884 498 21 21 af
919 504 38 14 na-

125 526 226 27 tionalitetscertifikat,
367 527 41 20 blir
424 527 65 20 sedan
505 527 99 27 liggande
619 527 8 20 i
643 527 63 20 akten
722 527 39 20 hos
772 527 135 27 magistraten
919 526 40 21 och

126 556 97 20 kommer
245 555 68 27 aldrig
335 555 71 21 vidare
430 555 99 21 därifrån.
560 555 108 21 Utskottet
690 555 71 28 påstår
783 555 124 26 visserligen
929 556 30 19 att

127 584 104 21 mätebref
250 584 63 21 äfven
328 584 72 21 kunde
416 584 95 21 utfärdas
526 584 32 21 för
573 584 66 21 andra
654 584 99 25 ändamål
769 585 26 19 än
810 584 33 20 för
858 586 29 19 att
902 583 57 27 ligga

126 612 34 21 till
182 612 69 27 grund
272 613 33 20 för
326 613 276 26 nationalitetscertifikatet,
625 619 50 14 men
691 612 64 28 något
771 612 74 21 sådant
860 611 98 22 ändamål

127 641 83 20 känner
225 641 36 27 jag
275 641 47 21 icke
338 641 39 21 och
392 641 98 21 betviflar
505 644 30 18 att
550 641 75 20 sådant
639 641 76 27 finnes,
731 641 27 20 då
772 641 23 27 ju
805 641 153 21 nationalitets-

127 669 127 22 certifikatet
268 669 8 20 i
290 670 32 26 sig
338 672 102 25 upptager
456 670 42 20 alla
512 669 147 27 hufvudfakta,
675 676 46 14 som
736 670 50 27 ingå
796 670 7 20 i
815 669 143 26 mätebrefvet,

127 698 41 21 och
184 698 89 21 sålunda
288 698 62 21 äfven
362 699 68 26 tjänar
440 698 71 21 såsom
522 699 80 20 sådant.
626 698 33 21 Då
675 698 70 21 härtill
761 699 96 20 kommer
869 700 29 19 att
909 704 48 14 man

128 727 40 20 kan
193 729 79 18 emotse
295 727 35 20 det
352 727 36 20 vid
410 733 27 15 en
461 727 108 21 blifvande
587 727 92 20 revision
696 727 21 21 af
732 727 176 27 författningarna
923 733 35 14 om

127 755 174 27 skeppsmätning
324 755 64 28 nägot
410 755 105 22 mätebref
535 755 46 21 icke
597 755 97 21 kommer
709 757 30 19 att
755 755 89 26 kvarstä,
859 757 51 19 utan
927 761 32 14 er-

128 785 65 20 sättes
214 784 49 21 med
280 785 30 20 ett
324 784 61 27 intyg
400 784 21 21 af
436 784 159 21 vederbörande
611 784 164 27 skeppsmätare,
791 790 62 15 anser
867 784 35 27 jag
917 783 42 21 den

128 812 120 27 föreslagna
270 813 178 27 stämpelafgiften
464 813 34 20 för
512 813 103 20 mätebref
631 813 51 20 böra
698 813 74 26 bortgä
787 813 38 20 och
841 819 26 14 en
883 812 30 21 fix
929 811 30 21 af-

128 841 40 27 gift
189 841 21 20 af
231 841 130 27 exempelvis
383 847 26 15 en
425 841 60 21 mark
501 841 77 22 äsättas
593 841 41 21 slik
649 841 112 28 handling;
785 841 39 21 och
840 841 69 20 skulle
923 841 36 26 jag

128 869 68 21 tillika
218 869 79 21 foreslä
318 872 36 25 att,
377 870 27 21 dä
424 870 72 28 nägon
514 870 81 21 lättnad
610 870 7 20 i
633 870 173 28 stämpelskatten
822 870 32 21 för
869 869 90 27 fartygs-

128 898 69 21 rederi
221 898 18 27 ej
263 898 21 21 af
306 899 42 27 mig
368 898 86 28 äsyftas,
470 898 179 28 stämpelafgiften
664 899 33 21 för
712 898 248 22 nationalitetscertifikat

130 927 59 27 höjes
211 927 49 21 med
284 928 25 20 10
332 928 65 26 penni
412 934 37 20 per
466 928 26 20 10
508 928 125 26 registerton
649 929 55 19 samt
719 930 30 18 att
764 927 81 21 säledes
861 926 98 28 stämpel-

128 955 89 27 afgiften
233 956 12 20 &
260 956 248 21 nationalitetscertifikat
522 956 68 21 skulle
606 956 51 27 utgä
672 956 49 21 med
732 956 27 21 60
770 956 65 28 penni
844 956 33 20 för
887 956 72 26 hvarje

129 984 53 20 fulla
198 984 26 21 10
241 986 35 19 ton
292 984 21 21 af
328 985 102 27 fartygets
446 985 123 27 dräktighet.

204 1040 33 22 Hr
257 1040 182 22 Söderlund:
470 1041 42 27 Jag
534 1041 37 21 ber
589 1043 31 19 att
635 1041 21 21 fä
671 1042 73 20 förena
759 1042 44 26 mig
818 1041 48 21 med
881 1042 26 20 hr
921 1040 39 22 Ju-

130 1069 66 21 sölius
219 1070 129 21 beträffande
370 1070 209 28 stämpelbevillning
601 1071 33 20 för
650 1070 109 27 mätebref,
775 1070 89 21 emedan
881 1070 56 21 detta
953 1070 7 20 i

131 1098 77 27 själfva
223 1098 79 27 värket,
317 1098 69 21 säsom
401 1099 25 20 hr
441 1098 96 22 Jusölius
552 1101 67 25 säger,
635 1101 23 18 är
671 1105 28 15 en
715 1098 70 28 bilaga
800 1098 32 21 till
848 1098 112 21 nationali-

130 1126 172 22 tetscertifikatet.
332 1126 33 22 Då
388 1134 27 14 en
440 1127 71 27 bilaga
537 1127 46 21 icke
605 1128 114 26 rimligtvis
742 1128 38 20 bör
802 1127 50 21 bära
879 1133 81 15 samma

131 1156 90 26 stämpel
236 1162 45 14 som
297 1156 229 26 hufvuddokumentet,
542 1156 274 27 nationalitetscertifikatet,
827 1162 64 20 synes
901 1157 60 19 näm-

132 1184 58 27 ligen
216 1190 25 15 en
268 1184 152 28 stämpelafgift
442 1184 22 21 af
486 1190 28 15 en
536 1184 59 21 mark
618 1184 33 21 för
672 1184 104 21 mätebref
791 1191 50 14 vara
856 1184 49 21 fullt
919 1184 42 20 till-

132 1212 86 27 räcklig.
248 1212 101 22 Däremot
364 1213 69 21 skulle
448 1213 36 27 jag
494 1215 99 19 motsätta
603 1213 44 27 mig
657 1213 26 21 hr
693 1213 95 21 Jusélius
799 1212 78 28 förslag
888 1212 73 21 därom

131 1243 32 19 att
185 1241 104 27 stämpeln
312 1241 12 21 å
344 1241 269 21 nationalitetscertifikatet
636 1242 69 20 skulle
726 1242 8 20 i
749 1242 69 26 någon
833 1241 50 21 mån
896 1241 65 27 höjas.

132 1269 42 21 För
188 1270 132 20 närvarande
335 1272 23 18 är
373 1270 174 27 stämpelskatten
562 1270 26 27 på
603 1270 270 21 nationalitetscertifikatet
887 1270 75 20 endast

134 1298 48 26 fyra
204 1298 65 21 mark.
299 1298 73 28 Enligt
393 1299 113 21 utskottets
528 1298 79 28 förslag
622 1298 42 21 kan
680 1298 70 22 denna
765 1298 116 27 bevillning
896 1298 66 20 blifva

133 1326 56 21 ända
212 1326 32 21 till
266 1327 72 21 femtio
360 1327 66 21 mark.
456 1326 74 22 Skulle
552 1333 49 15 man
625 1327 123 27 ytterligare
766 1327 48 27 höja
829 1327 48 26 den,
893 1325 69 22 skulle

133 1355 41 21 den
191 1355 105 27 själffallet
312 1355 29 21 bli
356 1356 139 20 öfverhöfvan
510 1356 47 26 hög.

202 1412 33 21 Hr
260 1412 142 22 Castrén:
433 1412 179 28 Upplysningsvis
632 1412 37 21 vill
691 1413 36 27 jag
749 1412 98 22 meddela
870 1414 30 19 att
914 1412 48 21 bor-

132 1440 147 28 gareständets
302 1443 155 25 representater
477 1442 8 20 i
508 1441 102 21 utskottet
624 1441 8 21 i
647 1441 70 21 denna
733 1442 37 20 sak
785 1441 63 21 hafva
863 1440 100 22 förfäktat

133 1476 82 14 samma
230 1469 54 21 åsikt
300 1476 46 14 som
362 1470 26 20 de
403 1469 129 28 föregående
547 1470 100 26 talarene,
662 1476 50 14 men
728 1470 21 20 vi
759 1476 72 14 vunno
842 1470 47 20 icke
898 1469 66 27 gehör

133 1498 41 20 och
196 1498 78 26 ansågo
298 1498 47 21 icke
361 1498 66 21 saken
443 1505 51 14 vara
509 1498 21 20 af
545 1498 40 21 den
602 1498 45 21 vikt
661 1500 31 19 att
707 1498 21 20 vi
743 1498 69 21 skulle
827 1498 64 21 hafva
906 1497 58 21 aktat

134 1526 74 27 nödigt
223 1532 108 15 reservera
347 1532 34 15 oss
396 1528 45 19 mot
461 1526 96 22 beslutet.
587 1526 11 21 I
613 1526 103 22 utskottet
731 1526 98 28 upplyste
845 1526 118 22 emellertid
