1142 1773
354 122 180 20 Borgareständet
547 122 56 16 1894.
627 122 22 16 21
662 121 47 20 maj.
862 114 53 20 1305

188 208 32 20 Hr
235 208 128 21 Jansson:
382 208 42 21 Det
439 214 63 20 synes
518 208 43 25 mig
576 214 45 14 som
638 215 33 14 om
688 208 40 20 den
745 209 21 19 af
783 209 22 20 hr
822 207 121 21 Andersson

121 236 119 26 föreslagna
255 237 116 27 ändringen
389 237 28 20 uti
435 237 71 20 denna
521 236 56 21 kläm
592 237 47 20 icke
655 237 69 20 skulle
740 238 62 20 hafva
819 236 63 26 nägot
892 236 53 20 före-

122 265 59 21 träde
196 266 87 20 framför
298 266 112 20 utskottets
426 265 88 27 förslag;
536 266 38 20 och
588 266 38 20 ber
645 266 35 26 jag
696 266 23 20 sä
733 266 87 26 mycket
835 265 64 21 hällre
916 267 29 19 att

121 294 21 20 fä
158 294 52 26 yrka
233 294 134 20 förkastande
390 294 21 20 af
426 294 25 20 hr
466 294 135 20 Anderssons
624 294 155 27 framställning
799 295 39 20 och
854 294 92 25 godkän-

122 323 69 21 nande
208 323 21 20 af
244 322 111 22 utskottets
378 322 79 27 förslag
481 322 30 20 till
528 322 62 27 kläm,
613 329 44 14 som
675 324 24 19 hr
715 324 123 20 Andersson
854 322 45 21 icke
915 323 32 19 för

122 352 36 20 sitt
172 351 95 27 yrkande
284 352 37 20 har
336 351 99 27 framlagt
451 351 66 27 nägra
532 352 69 20 motiv.

192 408 32 21 Hr
238 408 168 21 Andersson:
429 408 88 26 Tietysti
533 408 88 21 voidaan
639 408 41 21 olla
696 409 28 20 eri
742 409 72 20 mieltä
825 409 52 25 siitä,
887 409 60 19 kum-

124 438 49 27 piko
189 437 123 20 muodostus
328 443 27 14 on
372 437 122 27 sopivampi,
510 439 67 19 mutta
593 438 66 20 muita
674 438 108 27 motiivejä
795 438 51 20 kuin
860 438 89 26 sopivai-

126 466 82 21 suuden
224 468 55 18 tässä
294 466 17 20 ei
328 466 179 26 tarvittanekaan;
524 466 73 20 minun
614 466 119 21 mielestäni
747 473 22 14 se
781 466 94 27 ehdotus,
885 467 64 26 jonka

125 495 58 20 minä
198 495 48 24 tein,
262 501 26 13 on
304 495 122 27 sopivampi.

196 551 68 21 Sedan
281 552 148 21 diskussionen
444 552 51 21 härä
511 552 110 21 förklarats
637 552 97 25 afslutad,
745 552 122 21 framstälde
878 553 24 19 hr
914 552 37 21 tal-

126 587 92 14 mannen
234 581 7 20 i
256 581 116 26 anledning
387 581 21 20 af
423 581 23 20 hr
457 581 135 20 Anderssons
605 581 79 27 förslag
695 581 94 26 följande
800 581 150 22 omröstnings-

129 609 137 28 proposition:

196 665 39 28 De,
259 666 74 21 hvilka
355 666 117 27 godkänna
496 666 111 21 utskottets
629 667 115 20 uttalande
767 666 29 27 pä
811 667 84 26 pagina
913 667 12 19 6
943 666 9 20 i

129 695 148 26 betänkandet,
293 696 59 19 rösta
362 695 40 27 ja;
418 695 31 26 de,
465 695 35 20 det
515 695 45 20 icke
573 697 60 25 göra,
649 697 59 18 rösta
724 695 47 27 nej;

196 723 79 21 vinner
289 723 42 28 nej,
347 723 42 21 har
404 723 176 27 borgareständet
593 723 36 28 för
641 724 84 20 nämda
741 724 117 20 uttalande
869 723 87 28 antagit

128 752 42 20 den
186 752 78 27 lydelse
280 752 26 21 hr
321 751 127 22 Andersson
463 752 120 28 föreslagit.

198 809 48 20 Med
270 809 154 26 öfvervägande
447 809 21 27 ja
491 809 43 21 blef
557 810 112 20 utskottets
691 810 134 20 betänkande
847 809 78 28 jämväl
948 809 5 20 i

130 837 76 21 nämda
223 837 98 21 afseende
338 837 20 20 af
374 837 83 21 ständet
472 838 113 27 godkändt.

202 992 117 28 Föredrogs
335 993 148 27 lagutskottets
498 994 34 20 vid
550 994 85 26 plenum
652 994 41 20 den
711 994 26 20 18
751 994 80 20 dennes
842 992 117 27 bordlagda

134 1021 134 21 betänkande
291 1028 34 14 n:o
342 1022 10 20 7
370 1022 6 20 i
392 1022 117 27 anledning
533 1022 20 20 af
577 1022 76 26 nädiga
669 1022 157 27 propositionen
843 1028 34 14 n:o
895 1022 9 19 1
921 1027 37 14 an-

134 1050 81 27 gående
236 1050 158 27 värkställighet
408 1051 7 19 i
431 1050 90 21 Finland
542 1051 21 20 af
578 1051 101 20 domstols
695 1051 6 19 i
717 1050 156 27 kejsaredömet
888 1050 48 20 dom
952 1050 7 19 i

135 1078 111 21 tvistemäl.

204 1136 146 20 Betänkandet
366 1136 124 27 godkändes
506 1138 50 18 utan
573 1136 126 20 diskussion.

206 1290 116 27 Föredrogs
337 1291 149 27 lagutskottets
502 1291 35 20 vid
552 1291 87 27 plenum
655 1291 40 20 den
713 1291 26 20 18
755 1290 81 21 dennes
848 1289 115 27 bordlagda

139 1318 133 22 betänkande
288 1326 34 14 n:o
338 1320 12 20 8
367 1320 7 19 i
389 1320 117 26 anledning
520 1320 22 20 af
556 1320 151 26 prokuratorns
722 1320 6 19 i
749 1319 112 27 kejserliga
877 1319 87 19 senaten

139 1347 33 20 för
187 1347 89 21 Finland
293 1348 112 20 berättelse
421 1354 34 14 om
471 1348 162 27 lagskipningen
649 1348 39 20 och
704 1348 98 26 lagarnas
817 1346 148 22 hadhafvande

138 1376 7 19 i
160 1375 77 22 landet.

207 1438 43 20 Hrr
266 1438 112 27 Heikel,
393 1435 100 24 Öhman
510 1439 39 20 och
564 1438 134 27 Federley
716 1438 142 21 understödde
877 1438 40 20 den
933 1436 32 21 till

140 1467 142 21 betänkandet
297 1467 76 27 fogade
389 1468 165 26 reservationen,
575 1467 146 20 innefattande
737 1466 95 27 yrkande
848 1466 72 20 därom
936 1467 30 19 att

140 1496 112 21 utskottets
273 1496 25 26 på
320 1496 60 20 sidan
397 1496 11 20 5
424 1496 174 20 förekommande
622 1495 108 21 uttalande
746 1501 34 14 om
797 1494 169 21 önskvärdheten

140 1524 22 21 af
177 1526 29 18 att
221 1524 127 21 berättelsen
371 1524 111 20 innehällit
506 1524 129 27 upplysning
657 1530 34 14 om
715 1523 71 21 hvilka
809 1523 97 27 åtgärder
921 1522 45 20 vid-
