1142 1773
354 130 176 22 Borgareståndet
544 131 56 17 1894.
627 131 22 16 16
661 130 48 21 maj.
865 124 56 20 1165

189 216 69 22 Sedan
282 217 147 21 diskussionen
445 216 89 22 härmed
549 216 111 21 förklarats
676 216 98 27 afslutad,
789 214 122 22 framstälde
926 214 25 21 hr

119 245 124 21 talmannen
258 245 31 21 till
304 246 52 20 först
371 245 93 27 följande
480 244 285 28 omröstningsproposition
756 240 13 37 :

189 324 39 27 De,
252 324 74 21 hvilka
348 325 74 21 säsom
445 324 217 28 kontraproposition
676 325 47 31 mot
738 324 113 20 utskottets
865 323 84 27 förslag

119 353 56 27 vilja
198 355 82 30 antaga
302 354 27 20 hr
354 353 101 21 Castrens
476 353 90 27 förslag,
588 354 60 20 rösta
665 352 40 28 ja;
729 352 31 27 de,
777 352 34 21 det
825 352 46 20 icke
885 351 63 27 vilja,

119 384 60 19 rösta
194 382 48 32 ne);

190 418 81 13 vinner
285 410 42 28 nej,
344 410 42 21 har
402 410 174 28 borgareständet
592 410 9 21 i
616 410 81 20 sädant
712 409 101 28 afseende
829 408 121 28 föredragit

119 439 28 21 hr
162 439 132 28 Appelbergs
309 439 89 28 förslag.

189 519 160 27 Propositionen
366 519 126 21 besvarades
508 519 49 21 med
567 519 156 26 öfvervägande
734 519 27 26 ja,
772 518 31 21 till
814 518 51 27 följd
877 517 74 21 hvaraf

119 548 43 21 den
185 548 85 27 slutliga
288 548 301 27 omröstningspropositionen
604 547 67 21 erhöll
687 547 156 21 nedanstående
859 546 90 27 lydelse:

190 627 39 26 De,
254 627 74 21 hvilka
354 627 118 28 godkänna
480 627 232 32 järnvägsutskottets
734 626 216 35 resolutionsförslag

121 656 135 33 beträffande
269 656 151 27 petitionerna
436 656 58 21 n:ris
509 657 12 20 1
536 657 39 20 och
591 657 21 26 2,
626 658 60 19 rösta
691 663 40 20 ja;
748 656 31 26 de,
790 655 35 21 det
834 655 45 21 icke
889 657 60 26 göra,

120 686 60 19 rösta
196 685 49 32 nej;

190 713 80 21 vinner
296 713 42 28 nej,
360 713 42 21 har
422 713 176 28 borgareständet
619 713 89 21 beslutit
726 713 78 27 förena
824 712 34 28 sig
873 719 36 14 om
924 711 27 21 hr

123 741 102 22 Castrens
240 742 89 28 förslag.

191 821 42 21 Vid
249 822 82 21 anstäld
347 821 96 28 votering
458 821 127 22 besvarades
600 821 158 27 propositionen
773 821 48 20 med
838 821 25 20 31
879 820 22 27 ja
911 820 39 20 och

124 850 25 21 19
172 851 41 26 nej,
236 851 40 20 och
295 851 53 20 hade
364 850 84 21 ständet
463 850 88 26 säledes,
566 850 49 21 med
631 850 156 27 godkännande
803 850 21 20 af
839 849 112 20 utskottets

122 879 84 27 förslag,
229 879 86 21 beslutit
337 881 29 19 att
389 879 139 21 omförmälda
546 878 211 28 petitionsmemorial
772 878 46 21 icke
834 877 69 21 skulle
918 877 33 21 till

122 907 71 28 nägon
208 907 72 28 ätgärd
296 908 114 21 föranleda.

191 987 11 21 I
224 987 106 21 anseende
353 987 32 21 till
408 988 40 20 den
471 987 59 27 långt
552 987 143 21 framskridna
717 987 58 21 tiden
791 987 68 21 afbröt
873 986 25 21 hr
913 986 38 21 tal-

123 1022 92 15 mannen
230 1016 38 20 här
284 1016 156 27 behandlingen
456 1016 20 20 af
491 1016 212 27 järnvägsutskottets
719 1015 144 28 föreliggande
879 1015 72 21 betän-

122 1044 76 28 kande,
214 1045 40 20 och
269 1044 68 22 skulle
353 1044 87 22 därmed
456 1044 108 22 fortsättas
580 1044 35 21 vid
631 1044 169 28 morgondagens
815 1044 94 27 plenum.

192 1250 32 20 Hr
247 1250 122 20 talmannen
393 1249 139 27 tillkännagaf
551 1251 29 19 att
595 1250 63 26 plena
673 1249 85 21 komme
773 1251 30 19 att
817 1248 67 22 hällas
899 1250 53 20 tors-

122 1278 71 28 dagen
216 1278 41 21 den
281 1278 32 28 17,
336 1278 101 28 fredagen
453 1278 41 21 den
512 1278 32 27 18,
561 1278 101 28 lördagen
678 1278 41 21 den
736 1278 26 20 19
779 1278 38 21 och
832 1277 121 27 måndagen

122 1307 41 21 den
180 1307 26 20 21
222 1307 42 27 maj
280 1307 28 21 kl.
324 1307 12 20 6
352 1313 16 15 e.
385 1314 26 13 m.
