<?xml version="1.0" encoding="UTF-8"?>
<alto xmlns="http://www.loc.gov/standards/alto/ns-v3#" xmlns:xlink="http://www.w3.org/1999/xlink" xmlns:xsi="http://www.w3.org/2001/XMLSchema-instance" xsi:schemaLocation="http://www.loc.gov/standards/alto/ns-v3# http://www.loc.gov/alto/v3/alto-3-0.xsd">
	<Description>
		<MeasurementUnit>pixel</MeasurementUnit>
		<sourceImageInformation>
			<fileName>/tmp/tess_wne3qo50_input.PNG</fileName>
		</sourceImageInformation>
		<OCRProcessing ID="OCR_0">
			<ocrProcessingStep>
				<processingSoftware>
					<softwareName>tesseract 5.3.4</softwareName>
				</processingSoftware>
			</ocrProcessingStep>
		</OCRProcessing>
	</Description>
	<Layout>
		<Page WIDTH="1142" HEIGHT="1773" PHYSICAL_IMG_NR="0" ID="page_0">
			<PrintSpace HPOS="0" VPOS="0" WIDTH="1142" HEIGHT="1773">
				<ComposedBlock ID="cblock_0" HPOS="364" VPOS="132" WIDTH="561" HEIGHT="27">
					<TextBlock ID="block_0" HPOS="364" VPOS="132" WIDTH="561" HEIGHT="27">
						<TextLine ID="line_0" HPOS="364" VPOS="132" WIDTH="561" HEIGHT="27">
							<String ID="string_0" HPOS="364" VPOS="138" WIDTH="178" HEIGHT="20" WC="0.91" CONTENT="Borgareständet"/><SP WIDTH="14" VPOS="138" HPOS="542"/>
							<String ID="string_1" HPOS="556" VPOS="138" WIDTH="57" HEIGHT="17" WC="0.96" CONTENT="1894."/><SP WIDTH="25" VPOS="138" HPOS="613"/>
							<String ID="string_2" HPOS="638" VPOS="138" WIDTH="21" HEIGHT="17" WC="0.96" CONTENT="17"/><SP WIDTH="12" VPOS="138" HPOS="659"/>
							<String ID="string_3" HPOS="671" VPOS="138" WIDTH="48" HEIGHT="21" WC="0.96" CONTENT="maj."/><SP WIDTH="152" VPOS="138" HPOS="719"/>
							<String ID="string_4" HPOS="871" VPOS="132" WIDTH="54" HEIGHT="21" WC="0.96" CONTENT="1187"/>
						</TextLine>
					</TextBlock>
				</ComposedBlock>
				<GraphicalElement ID="cblock_1" HPOS="126" VPOS="168" WIDTH="829" HEIGHT="11"></GraphicalElement >
				<ComposedBlock ID="cblock_2" HPOS="126" VPOS="217" WIDTH="829" HEIGHT="193">
					<TextBlock ID="block_1" HPOS="126" VPOS="217" WIDTH="829" HEIGHT="193">
						<TextLine ID="line_1" HPOS="127" VPOS="217" WIDTH="827" HEIGHT="28">
							<String ID="string_5" HPOS="127" VPOS="217" WIDTH="38" HEIGHT="22" WC="0.95" CONTENT="der"/><SP WIDTH="22" VPOS="217" HPOS="165"/>
							<String ID="string_6" HPOS="187" VPOS="220" WIDTH="23" HEIGHT="18" WC="0.95" CONTENT="är"/><SP WIDTH="21" VPOS="220" HPOS="210"/>
							<String ID="string_7" HPOS="231" VPOS="219" WIDTH="27" HEIGHT="19" WC="0.96" CONTENT="än"/><SP WIDTH="23" VPOS="219" HPOS="258"/>
							<String ID="string_8" HPOS="281" VPOS="219" WIDTH="30" HEIGHT="19" WC="0.96" CONTENT="att"/><SP WIDTH="15" VPOS="219" HPOS="311"/>
							<String ID="string_9" HPOS="326" VPOS="218" WIDTH="96" HEIGHT="20" WC="0.96" CONTENT="fortsätta"/><SP WIDTH="14" VPOS="218" HPOS="422"/>
							<String ID="string_10" HPOS="436" VPOS="217" WIDTH="28" HEIGHT="27" WC="0.96" CONTENT="pä"/><SP WIDTH="15" VPOS="217" HPOS="464"/>
							<String ID="string_11" HPOS="479" VPOS="224" WIDTH="26" HEIGHT="14" WC="0.96" CONTENT="en"/><SP WIDTH="16" VPOS="224" HPOS="505"/>
							<String ID="string_12" HPOS="521" VPOS="219" WIDTH="46" HEIGHT="26" WC="0.96" CONTENT="väg,"/><SP WIDTH="16" VPOS="219" HPOS="567"/>
							<String ID="string_13" HPOS="583" VPOS="217" WIDTH="38" HEIGHT="21" WC="0.96" CONTENT="där"/><SP WIDTH="15" VPOS="217" HPOS="621"/>
							<String ID="string_14" HPOS="636" VPOS="224" WIDTH="49" HEIGHT="14" WC="0.96" CONTENT="man"/><SP WIDTH="16" VPOS="224" HPOS="685"/>
							<String ID="string_15" HPOS="701" VPOS="218" WIDTH="53" HEIGHT="20" WC="0.89" CONTENT="efter"/><SP WIDTH="14" VPOS="218" HPOS="754"/>
							<String ID="string_16" HPOS="768" VPOS="218" WIDTH="48" HEIGHT="20" WC="0.96" CONTENT="mitt"/><SP WIDTH="15" VPOS="218" HPOS="816"/>
							<String ID="string_17" HPOS="831" VPOS="218" WIDTH="40" HEIGHT="20" WC="0.97" CONTENT="sätt"/><SP WIDTH="16" VPOS="218" HPOS="871"/>
							<String ID="string_18" HPOS="887" VPOS="219" WIDTH="29" HEIGHT="19" WC="0.95" CONTENT="att"/><SP WIDTH="15" VPOS="219" HPOS="916"/>
							<String ID="string_19" HPOS="931" VPOS="223" WIDTH="23" HEIGHT="15" WC="0.97" CONTENT="se"/>
						</TextLine>
						<TextLine ID="line_2" HPOS="126" VPOS="246" WIDTH="829" HEIGHT="27">
							<String ID="string_20" HPOS="126" VPOS="246" WIDTH="47" HEIGHT="21" WC="0.89" CONTENT="icke"/><SP WIDTH="24" VPOS="246" HPOS="173"/>
							<String ID="string_21" HPOS="197" VPOS="246" WIDTH="54" HEIGHT="20" WC="0.96" CONTENT="varit"/><SP WIDTH="23" VPOS="246" HPOS="251"/>
							<String ID="string_22" HPOS="274" VPOS="246" WIDTH="26" HEIGHT="27" WC="0.95" CONTENT="pä"/><SP WIDTH="22" VPOS="246" HPOS="300"/>
							<String ID="string_23" HPOS="322" VPOS="246" WIDTH="42" HEIGHT="20" WC="0.93" CONTENT="den"/><SP WIDTH="16" VPOS="246" HPOS="364"/>
							<String ID="string_24" HPOS="380" VPOS="248" WIDTH="54" HEIGHT="18" WC="0.91" CONTENT="rätta"/><SP WIDTH="14" VPOS="248" HPOS="434"/>
							<String ID="string_25" HPOS="448" VPOS="246" WIDTH="85" HEIGHT="21" WC="0.91" CONTENT="sträten."/><SP WIDTH="31" VPOS="246" HPOS="533"/>
							<String ID="string_26" HPOS="564" VPOS="246" WIDTH="41" HEIGHT="27" WC="0.96" CONTENT="Jag"/><SP WIDTH="14" VPOS="246" HPOS="605"/>
							<String ID="string_27" HPOS="619" VPOS="246" WIDTH="43" HEIGHT="20" WC="0.93" CONTENT="kan"/><SP WIDTH="15" VPOS="246" HPOS="662"/>
							<String ID="string_28" HPOS="677" VPOS="246" WIDTH="47" HEIGHT="21" WC="0.92" CONTENT="icke"/><SP WIDTH="15" VPOS="246" HPOS="724"/>
							<String ID="string_29" HPOS="739" VPOS="248" WIDTH="32" HEIGHT="19" WC="0.93" CONTENT="tro"/><SP WIDTH="16" VPOS="248" HPOS="771"/>
							<String ID="string_30" HPOS="787" VPOS="248" WIDTH="30" HEIGHT="18" WC="0.97" CONTENT="att"/><SP WIDTH="16" VPOS="248" HPOS="817"/>
							<String ID="string_31" HPOS="833" VPOS="246" WIDTH="56" HEIGHT="21" WC="0.93" CONTENT="detta"/><SP WIDTH="14" VPOS="246" HPOS="889"/>
							<String ID="string_32" HPOS="903" VPOS="246" WIDTH="52" HEIGHT="20" WC="0.91" CONTENT="löfte"/>
						</TextLine>
						<TextLine ID="line_3" HPOS="128" VPOS="274" WIDTH="827" HEIGHT="27">
							<String ID="string_33" HPOS="128" VPOS="281" WIDTH="34" HEIGHT="14" WC="0.93" CONTENT="om"/><SP WIDTH="16" VPOS="281" HPOS="162"/>
							<String ID="string_34" HPOS="178" VPOS="274" WIDTH="127" HEIGHT="21" WC="0.92" CONTENT="subvention"/><SP WIDTH="15" VPOS="274" HPOS="305"/>
							<String ID="string_35" HPOS="320" VPOS="274" WIDTH="32" HEIGHT="21" WC="0.93" CONTENT="fär"/><SP WIDTH="16" VPOS="274" HPOS="352"/>
							<String ID="string_36" HPOS="368" VPOS="281" WIDTH="62" HEIGHT="14" WC="0.96" CONTENT="anses"/><SP WIDTH="12" VPOS="281" HPOS="430"/>
							<String ID="string_37" HPOS="442" VPOS="281" WIDTH="50" HEIGHT="14" WC="0.97" CONTENT="vara"/><SP WIDTH="15" VPOS="281" HPOS="492"/>
							<String ID="string_38" HPOS="507" VPOS="275" WIDTH="21" HEIGHT="20" WC="0.96" CONTENT="af"/><SP WIDTH="16" VPOS="275" HPOS="528"/>
							<String ID="string_39" HPOS="544" VPOS="274" WIDTH="40" HEIGHT="21" WC="0.96" CONTENT="den"/><SP WIDTH="16" VPOS="274" HPOS="584"/>
							<String ID="string_40" HPOS="600" VPOS="277" WIDTH="64" HEIGHT="19" WC="0.96" CONTENT="natur"/><SP WIDTH="15" VPOS="277" HPOS="664"/>
							<String ID="string_41" HPOS="679" VPOS="276" WIDTH="30" HEIGHT="20" WC="0.97" CONTENT="att"/><SP WIDTH="16" VPOS="276" HPOS="709"/>
							<String ID="string_42" HPOS="725" VPOS="274" WIDTH="36" HEIGHT="22" WC="0.93" CONTENT="det"/><SP WIDTH="10" VPOS="274" HPOS="761"/>
							<String ID="string_43" HPOS="771" VPOS="274" WIDTH="139" HEIGHT="27" WC="0.90" CONTENT="ovilkorligen"/><SP WIDTH="13" VPOS="274" HPOS="910"/>
							<String ID="string_44" HPOS="923" VPOS="281" WIDTH="32" HEIGHT="13" WC="0.87" CONTENT="nw"/>
						</TextLine>
						<TextLine ID="line_4" HPOS="127" VPOS="303" WIDTH="828" HEIGHT="27">
							<String ID="string_45" HPOS="127" VPOS="303" WIDTH="67" HEIGHT="21" WC="0.91" CONTENT="mäste"/><SP WIDTH="23" VPOS="303" HPOS="194"/>
							<String ID="string_46" HPOS="217" VPOS="303" WIDTH="107" HEIGHT="27" WC="0.91" CONTENT="uppfyllas"/><SP WIDTH="18" VPOS="303" HPOS="324"/>
							<String ID="string_47" HPOS="342" VPOS="303" WIDTH="39" HEIGHT="21" WC="0.96" CONTENT="och"/><SP WIDTH="14" VPOS="303" HPOS="381"/>
							<String ID="string_48" HPOS="395" VPOS="304" WIDTH="36" HEIGHT="26" WC="0.93" CONTENT="jag"/><SP WIDTH="15" VPOS="304" HPOS="431"/>
							<String ID="string_49" HPOS="446" VPOS="305" WIDTH="44" HEIGHT="19" WC="0.93" CONTENT="tror"/><SP WIDTH="14" VPOS="305" HPOS="490"/>
							<String ID="string_50" HPOS="504" VPOS="305" WIDTH="31" HEIGHT="19" WC="0.96" CONTENT="att"/><SP WIDTH="14" VPOS="305" HPOS="535"/>
							<String ID="string_51" HPOS="549" VPOS="310" WIDTH="49" HEIGHT="14" WC="0.96" CONTENT="man"/><SP WIDTH="16" VPOS="310" HPOS="598"/>
							<String ID="string_52" HPOS="614" VPOS="303" WIDTH="33" HEIGHT="21" WC="0.93" CONTENT="för"/><SP WIDTH="14" VPOS="303" HPOS="647"/>
							<String ID="string_53" HPOS="661" VPOS="303" WIDTH="125" HEIGHT="21" WC="0.93" CONTENT="ständernas"/><SP WIDTH="16" VPOS="303" HPOS="786"/>
							<String ID="string_54" HPOS="802" VPOS="303" WIDTH="153" HEIGHT="26" WC="0.93" CONTENT="handlingssätt"/>
						</TextLine>
						<TextLine ID="line_5" HPOS="128" VPOS="331" WIDTH="827" HEIGHT="28">
							<String ID="string_55" HPOS="128" VPOS="331" WIDTH="72" HEIGHT="21" WC="0.93" CONTENT="kunde"/><SP WIDTH="23" VPOS="331" HPOS="200"/>
							<String ID="string_56" HPOS="223" VPOS="332" WIDTH="91" HEIGHT="26" WC="0.96" CONTENT="åberopa"/><SP WIDTH="22" VPOS="332" HPOS="314"/>
							<String ID="string_57" HPOS="336" VPOS="332" WIDTH="36" HEIGHT="20" WC="0.96" CONTENT="det"/><SP WIDTH="15" VPOS="332" HPOS="372"/>
							<String ID="string_58" HPOS="387" VPOS="332" WIDTH="115" HEIGHT="27" WC="0.96" CONTENT="uttalande,"/><SP WIDTH="17" VPOS="332" HPOS="502"/>
							<String ID="string_59" HPOS="519" VPOS="338" WIDTH="46" HEIGHT="14" WC="0.96" CONTENT="som"/><SP WIDTH="15" VPOS="338" HPOS="565"/>
							<String ID="string_60" HPOS="580" VPOS="332" WIDTH="41" HEIGHT="20" WC="0.93" CONTENT="den"/><SP WIDTH="16" VPOS="332" HPOS="621"/>
							<String ID="string_61" HPOS="637" VPOS="332" WIDTH="70" HEIGHT="26" WC="0.96" CONTENT="gamle"/><SP WIDTH="16" VPOS="332" HPOS="707"/>
							<String ID="string_62" HPOS="723" VPOS="338" WIDTH="107" HEIGHT="14" WC="0.96" CONTENT="assessorn"/><SP WIDTH="15" VPOS="338" HPOS="830"/>
							<String ID="string_63" HPOS="845" VPOS="332" WIDTH="7" HEIGHT="20" WC="0.96" CONTENT="i"/><SP WIDTH="15" VPOS="332" HPOS="852"/>
							<String ID="string_64" HPOS="867" VPOS="331" WIDTH="88" HEIGHT="21" WC="0.96" CONTENT="världen"/>
						</TextLine>
						<TextLine ID="line_6" HPOS="127" VPOS="360" WIDTH="828" HEIGHT="28">
							<String ID="string_65" HPOS="127" VPOS="360" WIDTH="63" HEIGHT="26" WC="0.93" CONTENT="fälde,"/><SP WIDTH="16" VPOS="360" HPOS="190"/>
							<String ID="string_66" HPOS="206" VPOS="360" WIDTH="27" HEIGHT="20" WC="0.96" CONTENT="dä"/><SP WIDTH="23" VPOS="360" HPOS="233"/>
							<String ID="string_67" HPOS="256" VPOS="360" WIDTH="41" HEIGHT="20" WC="0.93" CONTENT="han"/><SP WIDTH="16" VPOS="360" HPOS="297"/>
							<String ID="string_68" HPOS="313" VPOS="360" WIDTH="59" HEIGHT="26" WC="0.92" CONTENT="bytte"/><SP WIDTH="16" VPOS="360" HPOS="372"/>
							<String ID="string_69" HPOS="388" VPOS="367" WIDTH="34" HEIGHT="13" WC="0.93" CONTENT="om"/><SP WIDTH="16" VPOS="367" HPOS="422"/>
							<String ID="string_70" HPOS="438" VPOS="360" WIDTH="62" HEIGHT="21" WC="0.92" CONTENT="äsikt:"/><SP WIDTH="17" VPOS="360" HPOS="500"/>
							<String ID="string_71" HPOS="517" VPOS="360" WIDTH="42" HEIGHT="21" WC="0.93" CONTENT="han"/><SP WIDTH="15" VPOS="360" HPOS="559"/>
							<String ID="string_72" HPOS="574" VPOS="360" WIDTH="89" HEIGHT="22" WC="0.92" CONTENT="tackade"/><SP WIDTH="16" VPOS="360" HPOS="663"/>
							<String ID="string_73" HPOS="679" VPOS="360" WIDTH="48" HEIGHT="21" WC="0.96" CONTENT="Gud"/><SP WIDTH="16" VPOS="360" HPOS="727"/>
							<String ID="string_74" HPOS="743" VPOS="360" WIDTH="33" HEIGHT="21" WC="0.93" CONTENT="för"/><SP WIDTH="15" VPOS="360" HPOS="776"/>
							<String ID="string_75" HPOS="791" VPOS="361" WIDTH="52" HEIGHT="20" WC="0.93" CONTENT="hvar"/><SP WIDTH="15" VPOS="361" HPOS="843"/>
							<String ID="string_76" HPOS="858" VPOS="360" WIDTH="41" HEIGHT="28" WC="0.96" CONTENT="dag"/><SP WIDTH="14" VPOS="360" HPOS="899"/>
							<String ID="string_77" HPOS="913" VPOS="360" WIDTH="42" HEIGHT="20" WC="0.96" CONTENT="han"/>
						</TextLine>
						<TextLine ID="line_7" HPOS="128" VPOS="388" WIDTH="230" HEIGHT="22">
							<String ID="string_78" HPOS="128" VPOS="388" WIDTH="41" HEIGHT="22" WC="0.93" CONTENT="fick"/><SP WIDTH="16" VPOS="388" HPOS="169"/>
							<String ID="string_79" HPOS="185" VPOS="389" WIDTH="65" HEIGHT="20" WC="0.91" CONTENT="blifva"/><SP WIDTH="16" VPOS="389" HPOS="250"/>
							<String ID="string_80" HPOS="266" VPOS="388" WIDTH="92" HEIGHT="21" WC="0.93" CONTENT="klokare."/>
						</TextLine>
					</TextBlock>
				</ComposedBlock>
				<ComposedBlock ID="cblock_3" HPOS="129" VPOS="445" WIDTH="835" HEIGHT="1115">
					<TextBlock ID="block_2" HPOS="129" VPOS="445" WIDTH="830" HEIGHT="170">
						<TextLine ID="line_8" HPOS="196" VPOS="445" WIDTH="760" HEIGHT="28">
							<String ID="string_81" HPOS="196" VPOS="445" WIDTH="33" HEIGHT="21" WC="0.90" CONTENT="Hr"/><SP WIDTH="15" VPOS="445" HPOS="229"/>
							<String ID="string_82" HPOS="244" VPOS="445" WIDTH="109" HEIGHT="21" WC="0.89" CONTENT="Savön:"/><SP WIDTH="27" VPOS="445" HPOS="353"/>
							<String ID="string_83" HPOS="380" VPOS="445" WIDTH="42" HEIGHT="21" WC="0.93" CONTENT="Vid"/><SP WIDTH="15" VPOS="445" HPOS="422"/>
							<String ID="string_84" HPOS="437" VPOS="446" WIDTH="144" HEIGHT="21" WC="0.91" CONTENT="innevarande"/><SP WIDTH="17" VPOS="446" HPOS="581"/>
							<String ID="string_85" HPOS="598" VPOS="446" WIDTH="33" HEIGHT="21" WC="0.92" CONTENT="ärs"/><SP WIDTH="15" VPOS="446" HPOS="631"/>
							<String ID="string_86" HPOS="646" VPOS="445" WIDTH="102" HEIGHT="28" WC="0.92" CONTENT="landtdag"/><SP WIDTH="15" VPOS="445" HPOS="748"/>
							<String ID="string_87" HPOS="763" VPOS="446" WIDTH="62" HEIGHT="21" WC="0.92" CONTENT="hafva"/><SP WIDTH="16" VPOS="446" HPOS="825"/>
							<String ID="string_88" HPOS="841" VPOS="446" WIDTH="65" HEIGHT="27" WC="0.92" CONTENT="nägra"/><SP WIDTH="11" VPOS="446" HPOS="906"/>
							<String ID="string_89" HPOS="917" VPOS="446" WIDTH="39" HEIGHT="21" WC="0.97" CONTENT="och"/>
						</TextLine>
						<TextLine ID="line_9" HPOS="129" VPOS="474" WIDTH="826" HEIGHT="28">
							<String ID="string_90" HPOS="129" VPOS="474" WIDTH="69" HEIGHT="21" WC="0.92" CONTENT="trettio"/><SP WIDTH="17" VPOS="474" HPOS="198"/>
							<String ID="string_91" HPOS="215" VPOS="475" WIDTH="111" HEIGHT="26" WC="0.93" CONTENT="petitioner"/><SP WIDTH="14" VPOS="475" HPOS="326"/>
							<String ID="string_92" HPOS="340" VPOS="475" WIDTH="7" HEIGHT="20" WC="0.93" CONTENT="i"/><SP WIDTH="15" VPOS="475" HPOS="347"/>
							<String ID="string_93" HPOS="362" VPOS="475" WIDTH="172" HEIGHT="27" WC="0.90" CONTENT="järnvägsfrägor"/><SP WIDTH="14" VPOS="475" HPOS="534"/>
							<String ID="string_94" HPOS="548" VPOS="475" WIDTH="119" HEIGHT="20" WC="0.92" CONTENT="inlämnats."/><SP WIDTH="27" VPOS="475" HPOS="667"/>
							<String ID="string_95" HPOS="694" VPOS="475" WIDTH="38" HEIGHT="20" WC="0.96" CONTENT="Att"/><SP WIDTH="15" VPOS="475" HPOS="732"/>
							<String ID="string_96" HPOS="747" VPOS="475" WIDTH="26" HEIGHT="21" WC="0.93" CONTENT="de"/><SP WIDTH="15" VPOS="475" HPOS="773"/>
							<String ID="string_97" HPOS="788" VPOS="475" WIDTH="47" HEIGHT="21" WC="0.92" CONTENT="icke"/><SP WIDTH="15" VPOS="475" HPOS="835"/>
							<String ID="string_98" HPOS="850" VPOS="475" WIDTH="41" HEIGHT="20" WC="0.93" CONTENT="alla"/><SP WIDTH="10" VPOS="475" HPOS="891"/>
							<String ID="string_99" HPOS="901" VPOS="475" WIDTH="54" HEIGHT="20" WC="0.89" CONTENT="kun-"/>
						</TextLine>
						<TextLine ID="line_10" HPOS="129" VPOS="503" WIDTH="827" HEIGHT="28">
							<String ID="string_100" HPOS="129" VPOS="505" WIDTH="37" HEIGHT="18" WC="0.92" CONTENT="nat"/><SP WIDTH="22" VPOS="505" HPOS="166"/>
							<String ID="string_101" HPOS="188" VPOS="503" WIDTH="63" HEIGHT="20" WC="0.91" CONTENT="vinna"/><SP WIDTH="15" VPOS="503" HPOS="251"/>
							<String ID="string_102" HPOS="266" VPOS="503" WIDTH="213" HEIGHT="27" WC="0.92" CONTENT="järnvägsutskottets"/><SP WIDTH="16" VPOS="503" HPOS="479"/>
							<String ID="string_103" HPOS="495" VPOS="503" WIDTH="115" HEIGHT="21" WC="0.96" CONTENT="understöd"/><SP WIDTH="16" VPOS="503" HPOS="610"/>
							<String ID="string_104" HPOS="626" VPOS="505" WIDTH="23" HEIGHT="19" WC="0.96" CONTENT="är"/><SP WIDTH="14" VPOS="505" HPOS="649"/>
							<String ID="string_105" HPOS="663" VPOS="503" WIDTH="8" HEIGHT="21" WC="0.96" CONTENT="i"/><SP WIDTH="16" VPOS="503" HPOS="671"/>
							<String ID="string_106" HPOS="687" VPOS="504" WIDTH="39" HEIGHT="20" WC="0.96" CONTENT="och"/><SP WIDTH="15" VPOS="504" HPOS="726"/>
							<String ID="string_107" HPOS="741" VPOS="503" WIDTH="32" HEIGHT="21" WC="0.96" CONTENT="för"/><SP WIDTH="15" VPOS="503" HPOS="773"/>
							<String ID="string_108" HPOS="788" VPOS="504" WIDTH="32" HEIGHT="27" WC="0.96" CONTENT="sig"/><SP WIDTH="15" VPOS="504" HPOS="820"/>
							<String ID="string_109" HPOS="835" VPOS="503" WIDTH="59" HEIGHT="21" WC="0.93" CONTENT="klart."/><SP WIDTH="26" VPOS="503" HPOS="894"/>
							<String ID="string_110" HPOS="920" VPOS="503" WIDTH="36" HEIGHT="20" WC="0.92" CONTENT="Sä-"/>
						</TextLine>
						<TextLine ID="line_11" HPOS="130" VPOS="531" WIDTH="829" HEIGHT="28">
							<String ID="string_111" HPOS="130" VPOS="538" WIDTH="43" HEIGHT="15" WC="0.93" CONTENT="som"/><SP WIDTH="17" VPOS="538" HPOS="173"/>
							<String ID="string_112" HPOS="190" VPOS="532" WIDTH="112" HEIGHT="27" WC="0.93" CONTENT="petitionär"/><SP WIDTH="14" VPOS="532" HPOS="302"/>
							<String ID="string_113" HPOS="316" VPOS="531" WIDTH="32" HEIGHT="21" WC="0.96" CONTENT="för"/><SP WIDTH="16" VPOS="531" HPOS="348"/>
							<String ID="string_114" HPOS="364" VPOS="538" WIDTH="27" HEIGHT="14" WC="0.96" CONTENT="en"/><SP WIDTH="15" VPOS="538" HPOS="391"/>
							<String ID="string_115" HPOS="406" VPOS="532" WIDTH="52" HEIGHT="27" WC="0.93" CONTENT="linje"/><SP WIDTH="16" VPOS="532" HPOS="458"/>
							<String ID="string_116" HPOS="474" VPOS="532" WIDTH="91" HEIGHT="21" WC="0.92" CONTENT="emellan"/><SP WIDTH="15" VPOS="532" HPOS="565"/>
							<String ID="string_117" HPOS="580" VPOS="532" WIDTH="83" HEIGHT="27" WC="0.96" CONTENT="Nystad"/><SP WIDTH="16" VPOS="532" HPOS="663"/>
							<String ID="string_118" HPOS="679" VPOS="532" WIDTH="40" HEIGHT="21" WC="0.93" CONTENT="och"/><SP WIDTH="15" VPOS="532" HPOS="719"/>
							<String ID="string_119" HPOS="734" VPOS="532" WIDTH="101" HEIGHT="27" WC="0.92" CONTENT="Peipohja"/><SP WIDTH="13" VPOS="532" HPOS="835"/>
							<String ID="string_120" HPOS="848" VPOS="532" WIDTH="12" HEIGHT="21" WC="0.93" CONTENT="&amp;"/><SP WIDTH="13" VPOS="532" HPOS="860"/>
							<String ID="string_121" HPOS="873" VPOS="532" WIDTH="86" HEIGHT="27" WC="0.89" CONTENT="björne-"/>
						</TextLine>
						<TextLine ID="line_12" HPOS="129" VPOS="560" WIDTH="828" HEIGHT="28">
							<String ID="string_122" HPOS="129" VPOS="560" WIDTH="91" HEIGHT="27" WC="0.91" CONTENT="borgska"/><SP WIDTH="22" VPOS="560" HPOS="220"/>
							<String ID="string_123" HPOS="242" VPOS="560" WIDTH="70" HEIGHT="21" WC="0.92" CONTENT="banan"/><SP WIDTH="16" VPOS="560" HPOS="312"/>
							<String ID="string_124" HPOS="328" VPOS="561" WIDTH="37" HEIGHT="20" WC="0.96" CONTENT="har"/><SP WIDTH="15" VPOS="561" HPOS="365"/>
							<String ID="string_125" HPOS="380" VPOS="561" WIDTH="35" HEIGHT="26" WC="0.93" CONTENT="jag"/><SP WIDTH="15" VPOS="561" HPOS="415"/>
							<String ID="string_126" HPOS="430" VPOS="561" WIDTH="45" HEIGHT="20" WC="0.92" CONTENT="haft"/><SP WIDTH="15" VPOS="561" HPOS="475"/>
							<String ID="string_127" HPOS="490" VPOS="561" WIDTH="88" HEIGHT="20" WC="0.93" CONTENT="särskild"/><SP WIDTH="17" VPOS="561" HPOS="578"/>
							<String ID="string_128" HPOS="595" VPOS="561" WIDTH="116" HEIGHT="26" WC="0.92" CONTENT="anledning"/><SP WIDTH="16" VPOS="561" HPOS="711"/>
							<String ID="string_129" HPOS="727" VPOS="563" WIDTH="30" HEIGHT="18" WC="0.93" CONTENT="att"/><SP WIDTH="14" VPOS="563" HPOS="757"/>
							<String ID="string_130" HPOS="771" VPOS="561" WIDTH="90" HEIGHT="27" WC="0.92" CONTENT="granska"/><SP WIDTH="16" VPOS="561" HPOS="861"/>
							<String ID="string_131" HPOS="877" VPOS="560" WIDTH="80" HEIGHT="21" WC="0.93" CONTENT="utskot-"/>
						</TextLine>
						<TextLine ID="line_13" HPOS="129" VPOS="589" WIDTH="317" HEIGHT="26">
							<String ID="string_132" HPOS="129" VPOS="591" WIDTH="41" HEIGHT="19" WC="0.91" CONTENT="tets"/><SP WIDTH="14" VPOS="591" HPOS="170"/>
							<String ID="string_133" HPOS="184" VPOS="589" WIDTH="98" HEIGHT="26" WC="0.93" CONTENT="yttrande"/><SP WIDTH="16" VPOS="589" HPOS="282"/>
							<String ID="string_134" HPOS="298" VPOS="589" WIDTH="7" HEIGHT="20" WC="0.96" CONTENT="i"/><SP WIDTH="16" VPOS="589" HPOS="305"/>
							<String ID="string_135" HPOS="321" VPOS="589" WIDTH="69" HEIGHT="20" WC="0.96" CONTENT="denna"/><SP WIDTH="17" VPOS="589" HPOS="390"/>
							<String ID="string_136" HPOS="407" VPOS="589" WIDTH="39" HEIGHT="20" WC="0.96" CONTENT="del."/>
						</TextLine>
					</TextBlock>
					<TextBlock ID="block_3" HPOS="130" VPOS="617" WIDTH="831" HEIGHT="629">
						<TextLine ID="line_14" HPOS="198" VPOS="617" WIDTH="758" HEIGHT="28">
							<String ID="string_137" HPOS="198" VPOS="617" WIDTH="41" HEIGHT="27" WC="0.93" CONTENT="Jag"/><SP WIDTH="15" VPOS="617" HPOS="239"/>
							<String ID="string_138" HPOS="254" VPOS="617" WIDTH="82" HEIGHT="21" WC="0.92" CONTENT="lämnar"/><SP WIDTH="15" VPOS="617" HPOS="336"/>
							<String ID="string_139" HPOS="351" VPOS="618" WIDTH="47" HEIGHT="21" WC="0.93" CONTENT="mitt"/><SP WIDTH="15" VPOS="618" HPOS="398"/>
							<String ID="string_140" HPOS="413" VPOS="617" WIDTH="136" HEIGHT="21" WC="0.91" CONTENT="erkännande"/><SP WIDTH="16" VPOS="617" HPOS="549"/>
							<String ID="string_141" HPOS="565" VPOS="618" WIDTH="21" HEIGHT="20" WC="0.96" CONTENT="af"/><SP WIDTH="15" VPOS="618" HPOS="586"/>
							<String ID="string_142" HPOS="601" VPOS="619" WIDTH="30" HEIGHT="20" WC="0.96" CONTENT="att"/><SP WIDTH="16" VPOS="619" HPOS="631"/>
							<String ID="string_143" HPOS="647" VPOS="618" WIDTH="35" HEIGHT="21" WC="0.96" CONTENT="det"/><SP WIDTH="15" VPOS="618" HPOS="682"/>
							<String ID="string_144" HPOS="697" VPOS="618" WIDTH="123" HEIGHT="21" WC="0.93" CONTENT="nuvarande"/><SP WIDTH="10" VPOS="618" HPOS="820"/>
							<String ID="string_145" HPOS="830" VPOS="617" WIDTH="126" HEIGHT="28" WC="0.92" CONTENT="finansläget"/>
						</TextLine>
						<TextLine ID="line_15" HPOS="130" VPOS="646" WIDTH="827" HEIGHT="28">
							<String ID="string_146" HPOS="130" VPOS="646" WIDTH="47" HEIGHT="21" WC="0.92" CONTENT="icke"/><SP WIDTH="17" VPOS="646" HPOS="177"/>
							<String ID="string_147" HPOS="194" VPOS="653" WIDTH="64" HEIGHT="20" WC="0.92" CONTENT="synes"/><SP WIDTH="15" VPOS="653" HPOS="258"/>
							<String ID="string_148" HPOS="273" VPOS="646" WIDTH="66" HEIGHT="21" WC="0.91" CONTENT="tilläta"/><SP WIDTH="15" VPOS="646" HPOS="339"/>
							<String ID="string_149" HPOS="354" VPOS="646" WIDTH="152" HEIGHT="21" WC="0.92" CONTENT="realiserandet"/><SP WIDTH="15" VPOS="646" HPOS="506"/>
							<String ID="string_150" HPOS="521" VPOS="647" WIDTH="21" HEIGHT="20" WC="0.97" CONTENT="af"/><SP WIDTH="15" VPOS="647" HPOS="542"/>
							<String ID="string_151" HPOS="557" VPOS="647" WIDTH="103" HEIGHT="20" WC="0.85" CONTENT="särskilda"/><SP WIDTH="15" VPOS="647" HPOS="660"/>
							<String ID="string_152" HPOS="675" VPOS="647" WIDTH="83" HEIGHT="20" WC="0.93" CONTENT="mindre"/><SP WIDTH="12" VPOS="647" HPOS="758"/>
							<String ID="string_153" HPOS="770" VPOS="646" WIDTH="187" HEIGHT="28" WC="0.92" CONTENT="järnvägsprojekt,"/>
						</TextLine>
						<TextLine ID="line_16" HPOS="130" VPOS="674" WIDTH="828" HEIGHT="28">
							<String ID="string_154" HPOS="130" VPOS="674" WIDTH="24" HEIGHT="21" WC="0.95" CONTENT="sä"/><SP WIDTH="20" VPOS="674" HPOS="154"/>
							<String ID="string_155" HPOS="174" VPOS="675" WIDTH="34" HEIGHT="20" WC="0.93" CONTENT="väl"/><SP WIDTH="23" VPOS="675" HPOS="208"/>
							<String ID="string_156" HPOS="231" VPOS="675" WIDTH="129" HEIGHT="20" WC="0.92" CONTENT="motiverade"/><SP WIDTH="22" VPOS="675" HPOS="360"/>
							<String ID="string_157" HPOS="382" VPOS="675" WIDTH="26" HEIGHT="20" WC="0.96" CONTENT="de"/><SP WIDTH="18" VPOS="675" HPOS="408"/>
							<String ID="string_158" HPOS="426" VPOS="675" WIDTH="7" HEIGHT="20" WC="0.95" CONTENT="i"/><SP WIDTH="17" VPOS="675" HPOS="433"/>
							<String ID="string_159" HPOS="450" VPOS="675" WIDTH="38" HEIGHT="20" WC="0.96" CONTENT="och"/><SP WIDTH="16" VPOS="675" HPOS="488"/>
							<String ID="string_160" HPOS="504" VPOS="675" WIDTH="33" HEIGHT="20" WC="0.96" CONTENT="för"/><SP WIDTH="15" VPOS="675" HPOS="537"/>
							<String ID="string_161" HPOS="552" VPOS="675" WIDTH="31" HEIGHT="26" WC="0.96" CONTENT="sig"/><SP WIDTH="16" VPOS="675" HPOS="583"/>
							<String ID="string_162" HPOS="599" VPOS="677" WIDTH="27" HEIGHT="18" WC="0.96" CONTENT="än"/><SP WIDTH="15" VPOS="677" HPOS="626"/>
							<String ID="string_163" HPOS="641" VPOS="675" WIDTH="74" HEIGHT="21" WC="0.96" CONTENT="kunna"/><SP WIDTH="16" VPOS="675" HPOS="715"/>
							<String ID="string_164" HPOS="731" VPOS="682" WIDTH="55" HEIGHT="20" WC="0.93" CONTENT="vara,"/><SP WIDTH="15" VPOS="682" HPOS="786"/>
							<String ID="string_165" HPOS="801" VPOS="675" WIDTH="87" HEIGHT="21" WC="0.92" CONTENT="hvilken"/><SP WIDTH="15" VPOS="675" HPOS="888"/>
							<String ID="string_166" HPOS="903" VPOS="675" WIDTH="55" HEIGHT="20" WC="0.90" CONTENT="äsikt"/>
						</TextLine>
						<TextLine ID="line_17" HPOS="131" VPOS="703" WIDTH="827" HEIGHT="28">
							<String ID="string_167" HPOS="131" VPOS="703" WIDTH="91" HEIGHT="21" WC="0.91" CONTENT="dikterat"/><SP WIDTH="14" VPOS="703" HPOS="222"/>
							<String ID="string_168" HPOS="236" VPOS="703" WIDTH="211" HEIGHT="27" WC="0.92" CONTENT="järnvägsutskottets"/><SP WIDTH="16" VPOS="703" HPOS="447"/>
							<String ID="string_169" HPOS="463" VPOS="703" WIDTH="75" HEIGHT="21" WC="0.96" CONTENT="beslut."/><SP WIDTH="30" VPOS="703" HPOS="538"/>
							<String ID="string_170" HPOS="568" VPOS="703" WIDTH="49" HEIGHT="22" WC="0.93" CONTENT="Med"/><SP WIDTH="16" VPOS="703" HPOS="617"/>
							<String ID="string_171" HPOS="633" VPOS="704" WIDTH="121" HEIGHT="21" WC="0.92" CONTENT="förtroende"/><SP WIDTH="16" VPOS="704" HPOS="754"/>
							<String ID="string_172" HPOS="770" VPOS="704" WIDTH="97" HEIGHT="21" WC="0.96" CONTENT="omfattar"/><SP WIDTH="14" VPOS="704" HPOS="867"/>
							<String ID="string_173" HPOS="881" VPOS="704" WIDTH="36" HEIGHT="27" WC="0.93" CONTENT="jag"/><SP WIDTH="11" VPOS="704" HPOS="917"/>
							<String ID="string_174" HPOS="928" VPOS="703" WIDTH="30" HEIGHT="21" WC="0.93" CONTENT="äf-"/>
						</TextLine>
						<TextLine ID="line_18" HPOS="131" VPOS="731" WIDTH="827" HEIGHT="28">
							<String ID="string_175" HPOS="131" VPOS="738" WIDTH="41" HEIGHT="15" WC="0.96" CONTENT="ven"/><SP WIDTH="22" VPOS="738" HPOS="172"/>
							<String ID="string_176" HPOS="194" VPOS="731" WIDTH="26" HEIGHT="22" WC="0.93" CONTENT="de"/><SP WIDTH="23" VPOS="731" HPOS="220"/>
							<String ID="string_177" HPOS="243" VPOS="732" WIDTH="142" HEIGHT="24" WC="0.91" CONTENT="fackinsikter,"/><SP WIDTH="22" VPOS="732" HPOS="385"/>
							<String ID="string_178" HPOS="407" VPOS="739" WIDTH="45" HEIGHT="14" WC="0.93" CONTENT="som"/><SP WIDTH="24" VPOS="739" HPOS="452"/>
							<String ID="string_179" HPOS="476" VPOS="732" WIDTH="50" HEIGHT="21" WC="0.90" CONTENT="stätt"/><SP WIDTH="22" VPOS="732" HPOS="526"/>
							<String ID="string_180" HPOS="548" VPOS="732" WIDTH="103" HEIGHT="21" WC="0.93" CONTENT="utskottet"/><SP WIDTH="20" VPOS="732" HPOS="651"/>
							<String ID="string_181" HPOS="671" VPOS="733" WIDTH="31" HEIGHT="20" WC="0.93" CONTENT="till"/><SP WIDTH="16" VPOS="733" HPOS="702"/>
							<String ID="string_182" HPOS="718" VPOS="733" WIDTH="60" HEIGHT="26" WC="0.93" CONTENT="buds,"/><SP WIDTH="16" VPOS="733" HPOS="778"/>
							<String ID="string_183" HPOS="794" VPOS="739" WIDTH="45" HEIGHT="14" WC="0.93" CONTENT="som"/><SP WIDTH="16" VPOS="739" HPOS="839"/>
							<String ID="string_184" HPOS="855" VPOS="733" WIDTH="38" HEIGHT="20" WC="0.92" CONTENT="ock"/><SP WIDTH="17" VPOS="733" HPOS="893"/>
							<String ID="string_185" HPOS="910" VPOS="732" WIDTH="48" HEIGHT="21" WC="0.96" CONTENT="dess"/>
						</TextLine>
						<TextLine ID="line_19" HPOS="131" VPOS="760" WIDTH="827" HEIGHT="28">
							<String ID="string_186" HPOS="131" VPOS="760" WIDTH="113" HEIGHT="21" WC="0.95" CONTENT="omdömen"/><SP WIDTH="22" VPOS="760" HPOS="244"/>
							<String ID="string_187" HPOS="266" VPOS="761" WIDTH="7" HEIGHT="20" WC="0.96" CONTENT="i"/><SP WIDTH="21" VPOS="761" HPOS="273"/>
							<String ID="string_188" HPOS="294" VPOS="761" WIDTH="62" HEIGHT="20" WC="0.93" CONTENT="dessa"/><SP WIDTH="20" VPOS="761" HPOS="356"/>
							<String ID="string_189" HPOS="376" VPOS="760" WIDTH="76" HEIGHT="28" WC="0.92" CONTENT="frägor."/><SP WIDTH="30" VPOS="760" HPOS="452"/>
							<String ID="string_190" HPOS="482" VPOS="760" WIDTH="28" HEIGHT="21" WC="0.92" CONTENT="Sä"/><SP WIDTH="22" VPOS="760" HPOS="510"/>
							<String ID="string_191" HPOS="532" VPOS="761" WIDTH="121" HEIGHT="27" WC="0.92" CONTENT="obehagligt"/><SP WIDTH="18" VPOS="761" HPOS="653"/>
							<String ID="string_192" HPOS="671" VPOS="761" WIDTH="89" HEIGHT="27" WC="0.92" CONTENT="afslaget"/><SP WIDTH="15" VPOS="761" HPOS="760"/>
							<String ID="string_193" HPOS="775" VPOS="761" WIDTH="22" HEIGHT="21" WC="0.96" CONTENT="af"/><SP WIDTH="13" VPOS="761" HPOS="797"/>
							<String ID="string_194" HPOS="810" VPOS="761" WIDTH="44" HEIGHT="20" WC="0.92" CONTENT="min"/><SP WIDTH="15" VPOS="761" HPOS="854"/>
							<String ID="string_195" HPOS="869" VPOS="761" WIDTH="89" HEIGHT="27" WC="0.92" CONTENT="petition"/>
						</TextLine>
						<TextLine ID="line_20" HPOS="131" VPOS="789" WIDTH="828" HEIGHT="28">
							<String ID="string_196" HPOS="131" VPOS="791" WIDTH="26" HEIGHT="18" WC="0.96" CONTENT="än"/><SP WIDTH="16" VPOS="791" HPOS="157"/>
							<String ID="string_197" HPOS="173" VPOS="791" WIDTH="28" HEIGHT="22" WC="0.93" CONTENT="är,"/><SP WIDTH="15" VPOS="791" HPOS="201"/>
							<String ID="string_198" HPOS="216" VPOS="789" WIDTH="60" HEIGHT="27" WC="0.93" CONTENT="böjer"/><SP WIDTH="14" VPOS="789" HPOS="276"/>
							<String ID="string_199" HPOS="290" VPOS="789" WIDTH="35" HEIGHT="27" WC="0.96" CONTENT="jag"/><SP WIDTH="15" VPOS="789" HPOS="325"/>
							<String ID="string_200" HPOS="340" VPOS="789" WIDTH="44" HEIGHT="27" WC="0.96" CONTENT="mig"/><SP WIDTH="15" VPOS="789" HPOS="384"/>
							<String ID="string_201" HPOS="399" VPOS="789" WIDTH="49" HEIGHT="21" WC="0.93" CONTENT="med"/><SP WIDTH="15" VPOS="789" HPOS="448"/>
							<String ID="string_202" HPOS="463" VPOS="789" WIDTH="85" HEIGHT="28" WC="0.93" CONTENT="respekt"/><SP WIDTH="14" VPOS="789" HPOS="548"/>
							<String ID="string_203" HPOS="562" VPOS="789" WIDTH="33" HEIGHT="21" WC="0.96" CONTENT="för"/><SP WIDTH="14" VPOS="789" HPOS="595"/>
							<String ID="string_204" HPOS="609" VPOS="792" WIDTH="30" HEIGHT="18" WC="0.97" CONTENT="ett"/><SP WIDTH="14" VPOS="792" HPOS="639"/>
							<String ID="string_205" HPOS="653" VPOS="789" WIDTH="28" HEIGHT="28" WC="0.96" CONTENT="pä"/><SP WIDTH="14" VPOS="789" HPOS="681"/>
							<String ID="string_206" HPOS="695" VPOS="789" WIDTH="26" HEIGHT="21" WC="0.93" CONTENT="sä"/><SP WIDTH="12" VPOS="789" HPOS="721"/>
							<String ID="string_207" HPOS="733" VPOS="790" WIDTH="95" HEIGHT="27" WC="0.93" CONTENT="vägande"/><SP WIDTH="11" VPOS="790" HPOS="828"/>
							<String ID="string_208" HPOS="839" VPOS="790" WIDTH="45" HEIGHT="20" WC="0.93" CONTENT="skäl"/><SP WIDTH="11" VPOS="790" HPOS="884"/>
							<String ID="string_209" HPOS="895" VPOS="789" WIDTH="64" HEIGHT="20" WC="0.92" CONTENT="fram-"/>
						</TextLine>
						<TextLine ID="line_21" HPOS="130" VPOS="817" WIDTH="827" HEIGHT="28">
							<String ID="string_210" HPOS="130" VPOS="819" WIDTH="89" HEIGHT="24" WC="0.91" CONTENT="tvunget"/><SP WIDTH="15" VPOS="819" HPOS="219"/>
							<String ID="string_211" HPOS="234" VPOS="817" WIDTH="67" HEIGHT="28" WC="0.93" CONTENT="afslag"/><SP WIDTH="14" VPOS="817" HPOS="301"/>
							<String ID="string_212" HPOS="315" VPOS="817" WIDTH="27" HEIGHT="28" WC="0.96" CONTENT="pä"/><SP WIDTH="16" VPOS="817" HPOS="342"/>
							<String ID="string_213" HPOS="358" VPOS="818" WIDTH="57" HEIGHT="23" WC="0.93" CONTENT="eller,"/><SP WIDTH="15" VPOS="818" HPOS="415"/>
							<String ID="string_214" HPOS="430" VPOS="817" WIDTH="70" HEIGHT="21" WC="0.91" CONTENT="säsom"/><SP WIDTH="15" VPOS="817" HPOS="500"/>
							<String ID="string_215" HPOS="515" VPOS="819" WIDTH="36" HEIGHT="26" WC="0.93" CONTENT="jag"/><SP WIDTH="16" VPOS="819" HPOS="551"/>
							<String ID="string_216" HPOS="567" VPOS="818" WIDTH="65" HEIGHT="27" WC="0.91" CONTENT="vägar"/><SP WIDTH="15" VPOS="818" HPOS="632"/>
							<String ID="string_217" HPOS="647" VPOS="819" WIDTH="81" HEIGHT="26" WC="0.92" CONTENT="hoppas"/><SP WIDTH="10" VPOS="819" HPOS="728"/>
							<String ID="string_218" HPOS="738" VPOS="820" WIDTH="77" HEIGHT="19" WC="0.93" CONTENT="rättare"/><SP WIDTH="10" VPOS="820" HPOS="815"/>
							<String ID="string_219" HPOS="825" VPOS="818" WIDTH="66" HEIGHT="27" WC="0.93" CONTENT="sagdt,"/><SP WIDTH="13" VPOS="818" HPOS="891"/>
							<String ID="string_220" HPOS="904" VPOS="824" WIDTH="53" HEIGHT="21" WC="0.92" CONTENT="upp-"/>
						</TextLine>
						<TextLine ID="line_22" HPOS="131" VPOS="846" WIDTH="826" HEIGHT="28">
							<String ID="string_221" HPOS="131" VPOS="846" WIDTH="47" HEIGHT="21" WC="0.92" CONTENT="skof"/><SP WIDTH="23" VPOS="846" HPOS="178"/>
							<String ID="string_222" HPOS="201" VPOS="846" WIDTH="107" HEIGHT="21" WC="0.92" CONTENT="tilsvidare"/><SP WIDTH="15" VPOS="846" HPOS="308"/>
							<String ID="string_223" HPOS="323" VPOS="846" WIDTH="49" HEIGHT="21" WC="0.93" CONTENT="med"/><SP WIDTH="16" VPOS="846" HPOS="372"/>
							<String ID="string_224" HPOS="388" VPOS="846" WIDTH="158" HEIGHT="27" WC="0.92" CONTENT="tillstyrkandet"/><SP WIDTH="14" VPOS="846" HPOS="546"/>
							<String ID="string_225" HPOS="560" VPOS="847" WIDTH="21" HEIGHT="20" WC="0.93" CONTENT="af"/><SP WIDTH="15" VPOS="847" HPOS="581"/>
							<String ID="string_226" HPOS="596" VPOS="847" WIDTH="116" HEIGHT="27" WC="0.92" CONTENT="petitionen"/><SP WIDTH="17" VPOS="847" HPOS="712"/>
							<String ID="string_227" HPOS="729" VPOS="853" WIDTH="34" HEIGHT="14" WC="0.93" CONTENT="om"/><SP WIDTH="15" VPOS="853" HPOS="763"/>
							<String ID="string_228" HPOS="778" VPOS="847" WIDTH="179" HEIGHT="26" WC="0.92" CONTENT="Nystads-banan."/>
						</TextLine>
						<TextLine ID="line_23" HPOS="130" VPOS="874" WIDTH="829" HEIGHT="28">
							<String ID="string_229" HPOS="130" VPOS="874" WIDTH="64" HEIGHT="22" WC="0.88" CONTENT="Hvad"/><SP WIDTH="22" VPOS="874" HPOS="194"/>
							<String ID="string_230" HPOS="216" VPOS="881" WIDTH="30" HEIGHT="14" WC="0.96" CONTENT="nu"/><SP WIDTH="15" VPOS="881" HPOS="246"/>
							<String ID="string_231" HPOS="261" VPOS="875" WIDTH="99" HEIGHT="21" WC="0.95" CONTENT="beträffar"/><SP WIDTH="14" VPOS="875" HPOS="360"/>
							<String ID="string_232" HPOS="374" VPOS="875" WIDTH="26" HEIGHT="21" WC="0.95" CONTENT="de"/><SP WIDTH="16" VPOS="875" HPOS="400"/>
							<String ID="string_233" HPOS="416" VPOS="875" WIDTH="139" HEIGHT="27" WC="0.93" CONTENT="synpunkter,"/><SP WIDTH="17" VPOS="875" HPOS="555"/>
							<String ID="string_234" HPOS="572" VPOS="875" WIDTH="72" HEIGHT="21" WC="0.92" CONTENT="hvilka"/><SP WIDTH="15" VPOS="875" HPOS="644"/>
							<String ID="string_235" HPOS="659" VPOS="875" WIDTH="201" HEIGHT="27" WC="0.92" CONTENT="järnvägsutskottet"/><SP WIDTH="16" VPOS="875" HPOS="860"/>
							<String ID="string_236" HPOS="876" VPOS="875" WIDTH="61" HEIGHT="21" WC="0.96" CONTENT="anför"/><SP WIDTH="14" VPOS="875" HPOS="937"/>
							<String ID="string_237" HPOS="951" VPOS="875" WIDTH="8" HEIGHT="20" WC="0.96" CONTENT="i"/>
						</TextLine>
						<TextLine ID="line_24" HPOS="132" VPOS="904" WIDTH="826" HEIGHT="27">
							<String ID="string_238" HPOS="132" VPOS="904" WIDTH="35" HEIGHT="20" WC="0.93" CONTENT="sitt"/><SP WIDTH="21" VPOS="904" HPOS="167"/>
							<String ID="string_239" HPOS="188" VPOS="904" WIDTH="136" HEIGHT="26" WC="0.92" CONTENT="afstyrkande"/><SP WIDTH="23" VPOS="904" HPOS="324"/>
							<String ID="string_240" HPOS="347" VPOS="904" WIDTH="109" HEIGHT="21" WC="0.92" CONTENT="uttalande"/><SP WIDTH="24" VPOS="904" HPOS="456"/>
							<String ID="string_241" HPOS="480" VPOS="904" WIDTH="93" HEIGHT="27" WC="0.92" CONTENT="(sidorna"/><SP WIDTH="22" VPOS="904" HPOS="573"/>
							<String ID="string_242" HPOS="595" VPOS="904" WIDTH="120" HEIGHT="26" WC="0.92" CONTENT="111—116)"/><SP WIDTH="25" VPOS="904" HPOS="715"/>
							<String ID="string_243" HPOS="740" VPOS="904" WIDTH="109" HEIGHT="27" WC="0.91" CONTENT="angäende"/><SP WIDTH="16" VPOS="904" HPOS="849"/>
							<String ID="string_244" HPOS="865" VPOS="904" WIDTH="93" HEIGHT="27" WC="0.92" CONTENT="Nystads"/>
						</TextLine>
						<TextLine ID="line_25" HPOS="132" VPOS="932" WIDTH="827" HEIGHT="27">
							<String ID="string_245" HPOS="132" VPOS="932" WIDTH="44" HEIGHT="27" WC="0.96" CONTENT="och,"/><SP WIDTH="15" VPOS="932" HPOS="176"/>
							<String ID="string_246" HPOS="191" VPOS="932" WIDTH="8" HEIGHT="20" WC="0.96" CONTENT="i"/><SP WIDTH="15" VPOS="932" HPOS="199"/>
							<String ID="string_247" HPOS="214" VPOS="933" WIDTH="154" HEIGHT="26" WC="0.95" CONTENT="sammanhang"/><SP WIDTH="14" VPOS="933" HPOS="368"/>
							<String ID="string_248" HPOS="382" VPOS="932" WIDTH="94" HEIGHT="27" WC="0.93" CONTENT="därmed,"/><SP WIDTH="15" VPOS="932" HPOS="476"/>
							<String ID="string_249" HPOS="491" VPOS="932" WIDTH="170" HEIGHT="27" WC="0.91" CONTENT="Raumo-banan,"/><SP WIDTH="16" VPOS="932" HPOS="661"/>
							<String ID="string_250" HPOS="677" VPOS="933" WIDTH="79" HEIGHT="21" WC="0.93" CONTENT="tarfvar"/><SP WIDTH="16" VPOS="933" HPOS="756"/>
							<String ID="string_251" HPOS="772" VPOS="933" WIDTH="40" HEIGHT="26" WC="0.93" CONTENT="det,"/><SP WIDTH="15" VPOS="933" HPOS="812"/>
							<String ID="string_252" HPOS="827" VPOS="933" WIDTH="89" HEIGHT="21" WC="0.93" CONTENT="likasom"/><SP WIDTH="11" VPOS="933" HPOS="916"/>
							<String ID="string_253" HPOS="927" VPOS="938" WIDTH="32" HEIGHT="15" WC="0.93" CONTENT="re-"/>
						</TextLine>
						<TextLine ID="line_26" HPOS="132" VPOS="961" WIDTH="826" HEIGHT="28">
							<String ID="string_254" HPOS="132" VPOS="961" WIDTH="132" HEIGHT="21" WC="0.92" CONTENT="servationen"/><SP WIDTH="22" VPOS="961" HPOS="264"/>
							<String ID="string_255" HPOS="286" VPOS="968" WIDTH="34" HEIGHT="13" WC="0.95" CONTENT="n:o"/><SP WIDTH="24" VPOS="968" HPOS="320"/>
							<String ID="string_256" HPOS="344" VPOS="962" WIDTH="18" HEIGHT="26" WC="0.93" CONTENT="2,"/><SP WIDTH="24" VPOS="962" HPOS="362"/>
							<String ID="string_257" HPOS="386" VPOS="961" WIDTH="65" HEIGHT="27" WC="0.90" CONTENT="nägra"/><SP WIDTH="23" VPOS="961" HPOS="451"/>
							<String ID="string_258" HPOS="474" VPOS="961" WIDTH="116" HEIGHT="27" WC="0.92" CONTENT="belysande"/><SP WIDTH="17" VPOS="961" HPOS="590"/>
							<String ID="string_259" HPOS="607" VPOS="962" WIDTH="164" HEIGHT="27" WC="0.91" CONTENT="anmärkningar"/><SP WIDTH="15" VPOS="962" HPOS="771"/>
							<String ID="string_260" HPOS="786" VPOS="962" WIDTH="45" HEIGHT="20" WC="0.92" CONTENT="frän"/><SP WIDTH="16" VPOS="962" HPOS="831"/>
							<String ID="string_261" HPOS="847" VPOS="962" WIDTH="44" HEIGHT="20" WC="0.96" CONTENT="min"/><SP WIDTH="16" VPOS="962" HPOS="891"/>
							<String ID="string_262" HPOS="907" VPOS="961" WIDTH="51" HEIGHT="21" WC="0.96" CONTENT="sida."/>
						</TextLine>
						<TextLine ID="line_27" HPOS="132" VPOS="989" WIDTH="827" HEIGHT="28">
							<String ID="string_263" HPOS="132" VPOS="989" WIDTH="108" HEIGHT="21" WC="0.92" CONTENT="Utskottet"/><SP WIDTH="22" VPOS="989" HPOS="240"/>
							<String ID="string_264" HPOS="262" VPOS="990" WIDTH="102" HEIGHT="20" WC="0.92" CONTENT="förklarar"/><SP WIDTH="22" VPOS="990" HPOS="364"/>
							<String ID="string_265" HPOS="386" VPOS="992" WIDTH="30" HEIGHT="18" WC="0.93" CONTENT="att"/><SP WIDTH="22" VPOS="992" HPOS="416"/>
							<String ID="string_266" HPOS="438" VPOS="990" WIDTH="141" HEIGHT="27" WC="0.92" CONTENT="petitionerna"/><SP WIDTH="23" VPOS="990" HPOS="579"/>
							<String ID="string_267" HPOS="602" VPOS="996" WIDTH="34" HEIGHT="14" WC="0.96" CONTENT="om"/><SP WIDTH="21" VPOS="996" HPOS="636"/>
							<String ID="string_268" HPOS="657" VPOS="990" WIDTH="62" HEIGHT="21" WC="0.93" CONTENT="dessa"/><SP WIDTH="15" VPOS="990" HPOS="719"/>
							<String ID="string_269" HPOS="734" VPOS="992" WIDTH="77" HEIGHT="19" WC="0.92" CONTENT="tvänne"/><SP WIDTH="16" VPOS="992" HPOS="811"/>
							<String ID="string_270" HPOS="827" VPOS="990" WIDTH="66" HEIGHT="21" WC="0.92" CONTENT="banor"/><SP WIDTH="15" VPOS="990" HPOS="893"/>
							<String ID="string_271" HPOS="908" VPOS="990" WIDTH="51" HEIGHT="20" WC="0.92" CONTENT="böra"/>
						</TextLine>
						<TextLine ID="line_28" HPOS="132" VPOS="1018" WIDTH="827" HEIGHT="27">
							<String ID="string_272" HPOS="132" VPOS="1018" WIDTH="116" HEIGHT="21" WC="0.91" CONTENT="behandlas"/><SP WIDTH="21" VPOS="1018" HPOS="248"/>
							<String ID="string_273" HPOS="269" VPOS="1019" WIDTH="7" HEIGHT="20" WC="0.96" CONTENT="i"/><SP WIDTH="16" VPOS="1019" HPOS="276"/>
							<String ID="string_274" HPOS="292" VPOS="1021" WIDTH="29" HEIGHT="18" WC="0.96" CONTENT="ett"/><SP WIDTH="23" VPOS="1021" HPOS="321"/>
							<String ID="string_275" HPOS="344" VPOS="1019" WIDTH="160" HEIGHT="26" WC="0.93" CONTENT="sammanhang,"/><SP WIDTH="22" VPOS="1019" HPOS="504"/>
							<String ID="string_276" HPOS="526" VPOS="1018" WIDTH="137" HEIGHT="21" WC="0.91" CONTENT="alldenstund"/><SP WIDTH="22" VPOS="1018" HPOS="663"/>
							<String ID="string_277" HPOS="685" VPOS="1019" WIDTH="26" HEIGHT="21" WC="0.96" CONTENT="de"/><SP WIDTH="22" VPOS="1019" HPOS="711"/>
							<String ID="string_278" HPOS="733" VPOS="1019" WIDTH="32" HEIGHT="21" WC="0.96" CONTENT="stä"/><SP WIDTH="15" VPOS="1019" HPOS="765"/>
							<String ID="string_279" HPOS="780" VPOS="1019" WIDTH="7" HEIGHT="20" WC="0.95" CONTENT="i"/><SP WIDTH="15" VPOS="1019" HPOS="787"/>
							<String ID="string_280" HPOS="802" VPOS="1020" WIDTH="105" HEIGHT="19" WC="0.91" CONTENT="närmaste"/><SP WIDTH="16" VPOS="1020" HPOS="907"/>
							<String ID="string_281" HPOS="923" VPOS="1018" WIDTH="36" HEIGHT="21" WC="0.91" CONTENT="be-"/>
						</TextLine>
						<TextLine ID="line_29" HPOS="132" VPOS="1046" WIDTH="828" HEIGHT="28">
							<String ID="string_282" HPOS="132" VPOS="1047" WIDTH="72" HEIGHT="27" WC="0.90" CONTENT="röring"/><SP WIDTH="22" VPOS="1047" HPOS="204"/>
							<String ID="string_283" HPOS="226" VPOS="1047" WIDTH="48" HEIGHT="21" WC="0.89" CONTENT="med"/><SP WIDTH="23" VPOS="1047" HPOS="274"/>
							<String ID="string_284" HPOS="297" VPOS="1047" WIDTH="124" HEIGHT="21" WC="0.90" CONTENT="hvarandra."/><SP WIDTH="30" VPOS="1047" HPOS="421"/>
							<String ID="string_285" HPOS="451" VPOS="1046" WIDTH="64" HEIGHT="22" WC="0.95" CONTENT="Detta"/><SP WIDTH="23" VPOS="1046" HPOS="515"/>
							<String ID="string_286" HPOS="538" VPOS="1049" WIDTH="22" HEIGHT="19" WC="0.95" CONTENT="är"/><SP WIDTH="22" VPOS="1049" HPOS="560"/>
							<String ID="string_287" HPOS="582" VPOS="1047" WIDTH="87" HEIGHT="21" WC="0.96" CONTENT="alldeles"/><SP WIDTH="23" VPOS="1047" HPOS="669"/>
							<String ID="string_288" HPOS="692" VPOS="1049" WIDTH="53" HEIGHT="19" WC="0.93" CONTENT="sant."/><SP WIDTH="30" VPOS="1049" HPOS="745"/>
							<String ID="string_289" HPOS="775" VPOS="1047" WIDTH="72" HEIGHT="21" WC="0.92" CONTENT="Skulle"/><SP WIDTH="20" VPOS="1047" HPOS="847"/>
							<String ID="string_290" HPOS="867" VPOS="1047" WIDTH="93" HEIGHT="21" WC="0.91" CONTENT="Raumo-"/>
						</TextLine>
						<TextLine ID="line_30" HPOS="133" VPOS="1075" WIDTH="827" HEIGHT="28">
							<String ID="string_291" HPOS="133" VPOS="1075" WIDTH="70" HEIGHT="21" WC="0.92" CONTENT="banan"/><SP WIDTH="21" VPOS="1075" HPOS="203"/>
							<String ID="string_292" HPOS="224" VPOS="1076" WIDTH="88" HEIGHT="26" WC="0.96" CONTENT="tidigare"/><SP WIDTH="21" VPOS="1076" HPOS="312"/>
							<String ID="string_293" HPOS="333" VPOS="1076" WIDTH="86" HEIGHT="20" WC="0.96" CONTENT="komma"/><SP WIDTH="15" VPOS="1076" HPOS="419"/>
							<String ID="string_294" HPOS="434" VPOS="1076" WIDTH="32" HEIGHT="20" WC="0.93" CONTENT="till"/><SP WIDTH="15" VPOS="1076" HPOS="466"/>
							<String ID="string_295" HPOS="481" VPOS="1076" WIDTH="68" HEIGHT="26" WC="0.93" CONTENT="ständ,"/><SP WIDTH="16" VPOS="1076" HPOS="549"/>
							<String ID="string_296" HPOS="565" VPOS="1076" WIDTH="99" HEIGHT="20" WC="0.92" CONTENT="särskildt"/><SP WIDTH="14" VPOS="1076" HPOS="664"/>
							<String ID="string_297" HPOS="678" VPOS="1076" WIDTH="8" HEIGHT="20" WC="0.96" CONTENT="i"/><SP WIDTH="15" VPOS="1076" HPOS="686"/>
							<String ID="string_298" HPOS="701" VPOS="1076" WIDTH="41" HEIGHT="21" WC="0.93" CONTENT="den"/><SP WIDTH="16" VPOS="1076" HPOS="742"/>
							<String ID="string_299" HPOS="758" VPOS="1076" WIDTH="93" HEIGHT="27" WC="0.92" CONTENT="riktning"/><SP WIDTH="16" VPOS="1076" HPOS="851"/>
							<String ID="string_300" HPOS="867" VPOS="1082" WIDTH="44" HEIGHT="14" WC="0.96" CONTENT="som"/><SP WIDTH="16" VPOS="1082" HPOS="911"/>
							<String ID="string_301" HPOS="927" VPOS="1075" WIDTH="33" HEIGHT="21" WC="0.96" CONTENT="för"/>
						</TextLine>
						<TextLine ID="line_31" HPOS="133" VPOS="1104" WIDTH="828" HEIGHT="28">
							<String ID="string_302" HPOS="133" VPOS="1104" WIDTH="131" HEIGHT="21" WC="0.92" CONTENT="närvarande"/><SP WIDTH="23" VPOS="1104" HPOS="264"/>
							<String ID="string_303" HPOS="287" VPOS="1104" WIDTH="125" HEIGHT="27" WC="0.90" CONTENT="föreslagits,"/><SP WIDTH="22" VPOS="1104" HPOS="412"/>
							<String ID="string_304" HPOS="434" VPOS="1110" WIDTH="51" HEIGHT="15" WC="0.92" CONTENT="vore"/><SP WIDTH="22" VPOS="1110" HPOS="485"/>
							<String ID="string_305" HPOS="507" VPOS="1104" WIDTH="86" HEIGHT="21" WC="0.96" CONTENT="därmed"/><SP WIDTH="24" VPOS="1104" HPOS="593"/>
							<String ID="string_306" HPOS="617" VPOS="1106" WIDTH="30" HEIGHT="19" WC="0.93" CONTENT="ett"/><SP WIDTH="18" VPOS="1106" HPOS="647"/>
							<String ID="string_307" HPOS="665" VPOS="1105" WIDTH="90" HEIGHT="27" WC="0.92" CONTENT="värkligt"/><SP WIDTH="15" VPOS="1105" HPOS="755"/>
							<String ID="string_308" HPOS="770" VPOS="1104" WIDTH="97" HEIGHT="28" WC="0.93" CONTENT="dräpslag"/><SP WIDTH="15" VPOS="1104" HPOS="867"/>
							<String ID="string_309" HPOS="882" VPOS="1104" WIDTH="79" HEIGHT="20" WC="0.91" CONTENT="riktadt"/>
						</TextLine>
						<TextLine ID="line_32" HPOS="134" VPOS="1132" WIDTH="826" HEIGHT="28">
							<String ID="string_310" HPOS="134" VPOS="1134" WIDTH="56" HEIGHT="19" WC="0.93" CONTENT="emot"/><SP WIDTH="22" VPOS="1134" HPOS="190"/>
							<String ID="string_311" HPOS="212" VPOS="1132" WIDTH="93" HEIGHT="27" WC="0.92" CONTENT="Nystads"/><SP WIDTH="23" VPOS="1132" HPOS="305"/>
							<String ID="string_312" HPOS="328" VPOS="1132" WIDTH="83" HEIGHT="22" WC="0.96" CONTENT="tillvara"/><SP WIDTH="22" VPOS="1132" HPOS="411"/>
							<String ID="string_313" HPOS="433" VPOS="1139" WIDTH="46" HEIGHT="15" WC="0.92" CONTENT="som"/><SP WIDTH="23" VPOS="1139" HPOS="479"/>
							<String ID="string_314" HPOS="502" VPOS="1134" WIDTH="42" HEIGHT="26" WC="0.92" CONTENT="sjö-"/><SP WIDTH="22" VPOS="1134" HPOS="544"/>
							<String ID="string_315" HPOS="566" VPOS="1133" WIDTH="39" HEIGHT="21" WC="0.93" CONTENT="och"/><SP WIDTH="21" VPOS="1133" HPOS="605"/>
							<String ID="string_316" HPOS="626" VPOS="1133" WIDTH="142" HEIGHT="21" WC="0.96" CONTENT="handelsstad."/><SP WIDTH="30" VPOS="1133" HPOS="768"/>
							<String ID="string_317" HPOS="798" VPOS="1133" WIDTH="92" HEIGHT="21" WC="0.94" CONTENT="Därmed"/><SP WIDTH="15" VPOS="1133" HPOS="890"/>
							<String ID="string_318" HPOS="905" VPOS="1132" WIDTH="55" HEIGHT="21" WC="0.96" CONTENT="hade"/>
						</TextLine>
						<TextLine ID="line_33" HPOS="133" VPOS="1161" WIDTH="828" HEIGHT="27">
							<String ID="string_319" HPOS="133" VPOS="1168" WIDTH="49" HEIGHT="14" WC="0.93" CONTENT="man"/><SP WIDTH="17" VPOS="1168" HPOS="182"/>
							<String ID="string_320" HPOS="199" VPOS="1161" WIDTH="39" HEIGHT="21" WC="0.92" CONTENT="ock"/><SP WIDTH="15" VPOS="1161" HPOS="238"/>
							<String ID="string_321" HPOS="253" VPOS="1162" WIDTH="71" HEIGHT="20" WC="0.92" CONTENT="korsat"/><SP WIDTH="15" VPOS="1162" HPOS="324"/>
							<String ID="string_322" HPOS="339" VPOS="1161" WIDTH="41" HEIGHT="21" WC="0.93" CONTENT="alla"/><SP WIDTH="15" VPOS="1161" HPOS="380"/>
							<String ID="string_323" HPOS="395" VPOS="1162" WIDTH="167" HEIGHT="26" WC="0.92" CONTENT="förhoppningar"/><SP WIDTH="17" VPOS="1162" HPOS="562"/>
							<String ID="string_324" HPOS="579" VPOS="1163" WIDTH="30" HEIGHT="19" WC="0.96" CONTENT="att"/><SP WIDTH="16" VPOS="1163" HPOS="609"/>
							<String ID="string_325" HPOS="625" VPOS="1168" WIDTH="22" HEIGHT="14" WC="0.93" CONTENT="se"/><SP WIDTH="16" VPOS="1168" HPOS="647"/>
							<String ID="string_326" HPOS="663" VPOS="1162" WIDTH="110" HEIGHT="26" WC="0.92" CONTENT="sydvästra"/><SP WIDTH="15" VPOS="1162" HPOS="773"/>
							<String ID="string_327" HPOS="788" VPOS="1161" WIDTH="101" HEIGHT="21" WC="0.93" CONTENT="Finlands"/><SP WIDTH="14" VPOS="1161" HPOS="889"/>
							<String ID="string_328" HPOS="903" VPOS="1161" WIDTH="58" HEIGHT="27" WC="0.87" CONTENT="järn-"/>
						</TextLine>
						<TextLine ID="line_34" HPOS="133" VPOS="1190" WIDTH="828" HEIGHT="28">
							<String ID="string_329" HPOS="133" VPOS="1191" WIDTH="41" HEIGHT="25" WC="0.90" CONTENT="väg"/><SP WIDTH="22" VPOS="1191" HPOS="174"/>
							<String ID="string_330" HPOS="196" VPOS="1190" WIDTH="98" HEIGHT="27" WC="0.86" CONTENT="inpassad"/><SP WIDTH="22" VPOS="1190" HPOS="294"/>
							<String ID="string_331" HPOS="316" VPOS="1190" WIDTH="69" HEIGHT="20" WC="0.96" CONTENT="såsom"/><SP WIDTH="17" VPOS="1190" HPOS="385"/>
							<String ID="string_332" HPOS="402" VPOS="1196" WIDTH="26" HEIGHT="14" WC="0.93" CONTENT="en"/><SP WIDTH="16" VPOS="1196" HPOS="428"/>
							<String ID="string_333" HPOS="444" VPOS="1190" WIDTH="94" HEIGHT="27" WC="0.96" CONTENT="naturlig"/><SP WIDTH="14" VPOS="1190" HPOS="538"/>
							<String ID="string_334" HPOS="552" VPOS="1190" WIDTH="51" HEIGHT="20" WC="0.96" CONTENT="länk"/><SP WIDTH="15" VPOS="1190" HPOS="603"/>
							<String ID="string_335" HPOS="618" VPOS="1190" WIDTH="7" HEIGHT="20" WC="0.96" CONTENT="i"/><SP WIDTH="16" VPOS="1190" HPOS="625"/>
							<String ID="string_336" HPOS="641" VPOS="1196" WIDTH="26" HEIGHT="15" WC="0.93" CONTENT="en"/><SP WIDTH="14" VPOS="1196" HPOS="667"/>
							<String ID="string_337" HPOS="681" VPOS="1190" WIDTH="89" HEIGHT="28" WC="0.93" CONTENT="fortsatt,"/><SP WIDTH="15" VPOS="1190" HPOS="770"/>
							<String ID="string_338" HPOS="785" VPOS="1190" WIDTH="128" HEIGHT="28" WC="0.93" CONTENT="planmässig"/><SP WIDTH="16" VPOS="1190" HPOS="913"/>
							<String ID="string_339" HPOS="929" VPOS="1190" WIDTH="32" HEIGHT="20" WC="0.92" CONTENT="ut-"/>
						</TextLine>
						<TextLine ID="line_35" HPOS="134" VPOS="1218" WIDTH="388" HEIGHT="28">
							<String ID="string_340" HPOS="134" VPOS="1218" WIDTH="98" HEIGHT="27" WC="0.91" CONTENT="bildning"/><SP WIDTH="14" VPOS="1218" HPOS="232"/>
							<String ID="string_341" HPOS="246" VPOS="1218" WIDTH="22" HEIGHT="21" WC="0.93" CONTENT="af"/><SP WIDTH="14" VPOS="1218" HPOS="268"/>
							<String ID="string_342" HPOS="282" VPOS="1218" WIDTH="82" HEIGHT="21" WC="0.93" CONTENT="landets"/><SP WIDTH="15" VPOS="1218" HPOS="364"/>
							<String ID="string_343" HPOS="379" VPOS="1219" WIDTH="143" HEIGHT="27" WC="0.91" CONTENT="järnvägsnät."/>
						</TextLine>
					</TextBlock>
					<TextBlock ID="block_4" HPOS="134" VPOS="1246" WIDTH="830" HEIGHT="314">
						<TextLine ID="line_36" HPOS="202" VPOS="1246" WIDTH="759" HEIGHT="28">
							<String ID="string_344" HPOS="202" VPOS="1246" WIDTH="77" HEIGHT="22" WC="0.95" CONTENT="Denna"/><SP WIDTH="22" VPOS="1246" HPOS="279"/>
							<String ID="string_345" HPOS="301" VPOS="1247" WIDTH="79" HEIGHT="27" WC="0.93" CONTENT="viktiga"/><SP WIDTH="23" VPOS="1247" HPOS="380"/>
							<String ID="string_346" HPOS="403" VPOS="1247" WIDTH="115" HEIGHT="27" WC="0.92" CONTENT="synpunkt,"/><SP WIDTH="22" VPOS="1247" HPOS="518"/>
							<String ID="string_347" HPOS="540" VPOS="1247" WIDTH="87" HEIGHT="21" WC="0.90" CONTENT="hvilken"/><SP WIDTH="23" VPOS="1247" HPOS="627"/>
							<String ID="string_348" HPOS="650" VPOS="1247" WIDTH="92" HEIGHT="27" WC="0.90" CONTENT="afgjordt"/><SP WIDTH="15" VPOS="1247" HPOS="742"/>
							<String ID="string_349" HPOS="757" VPOS="1248" WIDTH="40" HEIGHT="20" WC="0.92" CONTENT="och"/><SP WIDTH="14" VPOS="1248" HPOS="797"/>
							<String ID="string_350" HPOS="811" VPOS="1246" WIDTH="150" HEIGHT="27" WC="0.92" CONTENT="obestridligen"/>
						</TextLine>
						<TextLine ID="line_37" HPOS="134" VPOS="1274" WIDTH="828" HEIGHT="28">
							<String ID="string_351" HPOS="134" VPOS="1275" WIDTH="53" HEIGHT="21" WC="0.95" CONTENT="talar"/><SP WIDTH="21" VPOS="1275" HPOS="187"/>
							<String ID="string_352" HPOS="208" VPOS="1276" WIDTH="33" HEIGHT="20" WC="0.93" CONTENT="för"/><SP WIDTH="20" VPOS="1276" HPOS="241"/>
							<String ID="string_353" HPOS="261" VPOS="1276" WIDTH="179" HEIGHT="26" WC="0.91" CONTENT="Nystads-banan,"/><SP WIDTH="24" VPOS="1276" HPOS="440"/>
							<String ID="string_354" HPOS="464" VPOS="1282" WIDTH="46" HEIGHT="14" WC="0.96" CONTENT="som"/><SP WIDTH="23" VPOS="1282" HPOS="510"/>
							<String ID="string_355" HPOS="533" VPOS="1276" WIDTH="7" HEIGHT="20" WC="0.96" CONTENT="i"/><SP WIDTH="22" VPOS="1276" HPOS="540"/>
							<String ID="string_356" HPOS="562" VPOS="1282" WIDTH="26" HEIGHT="14" WC="0.93" CONTENT="en"/><SP WIDTH="15" VPOS="1282" HPOS="588"/>
							<String ID="string_357" HPOS="603" VPOS="1276" WIDTH="86" HEIGHT="20" WC="0.93" CONTENT="framtid"/><SP WIDTH="16" VPOS="1276" HPOS="689"/>
							<String ID="string_358" HPOS="705" VPOS="1276" WIDTH="100" HEIGHT="26" WC="0.92" CONTENT="erbjuder"/><SP WIDTH="14" VPOS="1276" HPOS="805"/>
							<String ID="string_359" HPOS="819" VPOS="1276" WIDTH="55" HEIGHT="20" WC="0.91" CONTENT="ifrän"/><SP WIDTH="15" VPOS="1276" HPOS="874"/>
							<String ID="string_360" HPOS="889" VPOS="1274" WIDTH="73" HEIGHT="22" WC="0.91" CONTENT="Letala"/>
						</TextLine>
						<TextLine ID="line_38" HPOS="134" VPOS="1303" WIDTH="828" HEIGHT="29">
							<String ID="string_361" HPOS="134" VPOS="1310" WIDTH="26" HEIGHT="14" WC="0.93" CONTENT="en"/><SP WIDTH="16" VPOS="1310" HPOS="160"/>
							<String ID="string_362" HPOS="176" VPOS="1304" WIDTH="69" HEIGHT="27" WC="0.92" CONTENT="färdig"/><SP WIDTH="10" VPOS="1304" HPOS="245"/>
							<String ID="string_363" HPOS="255" VPOS="1304" WIDTH="135" HEIGHT="28" WC="0.89" CONTENT="fortsättning"/><SP WIDTH="10" VPOS="1304" HPOS="390"/>
							<String ID="string_364" HPOS="400" VPOS="1304" WIDTH="32" HEIGHT="21" WC="0.93" CONTENT="till"/><SP WIDTH="12" VPOS="1304" HPOS="432"/>
							<String ID="string_365" HPOS="444" VPOS="1304" WIDTH="41" HEIGHT="21" WC="0.93" CONTENT="den"/><SP WIDTH="14" VPOS="1304" HPOS="485"/>
							<String ID="string_366" HPOS="499" VPOS="1304" WIDTH="108" HEIGHT="21" WC="0.90" CONTENT="blifvande"/><SP WIDTH="11" VPOS="1304" HPOS="607"/>
							<String ID="string_367" HPOS="618" VPOS="1304" WIDTH="110" HEIGHT="27" WC="0.92" CONTENT="sydfinska"/><SP WIDTH="12" VPOS="1304" HPOS="728"/>
							<String ID="string_368" HPOS="740" VPOS="1304" WIDTH="130" HEIGHT="21" WC="0.92" CONTENT="kustbanans"/><SP WIDTH="13" VPOS="1304" HPOS="870"/>
							<String ID="string_369" HPOS="883" VPOS="1303" WIDTH="79" HEIGHT="21" WC="0.93" CONTENT="sträck-"/>
						</TextLine>
						<TextLine ID="line_39" HPOS="134" VPOS="1331" WIDTH="827" HEIGHT="29">
							<String ID="string_370" HPOS="134" VPOS="1332" WIDTH="52" HEIGHT="27" WC="0.93" CONTENT="ning"/><SP WIDTH="20" VPOS="1332" HPOS="186"/>
							<String ID="string_371" HPOS="206" VPOS="1332" WIDTH="47" HEIGHT="21" WC="0.96" CONTENT="från"/><SP WIDTH="15" VPOS="1332" HPOS="253"/>
							<String ID="string_372" HPOS="268" VPOS="1332" WIDTH="48" HEIGHT="22" WC="0.96" CONTENT="Åbo"/><SP WIDTH="16" VPOS="1332" HPOS="316"/>
							<String ID="string_373" HPOS="332" VPOS="1335" WIDTH="80" HEIGHT="25" WC="0.96" CONTENT="norrut,"/><SP WIDTH="15" VPOS="1335" HPOS="412"/>
							<String ID="string_374" HPOS="427" VPOS="1333" WIDTH="39" HEIGHT="21" WC="0.96" CONTENT="har"/><SP WIDTH="13" VPOS="1333" HPOS="466"/>
							<String ID="string_375" HPOS="479" VPOS="1334" WIDTH="36" HEIGHT="26" WC="0.93" CONTENT="jag"/><SP WIDTH="14" VPOS="1334" HPOS="515"/>
							<String ID="string_376" HPOS="529" VPOS="1332" WIDTH="47" HEIGHT="22" WC="0.96" CONTENT="icke"/><SP WIDTH="15" VPOS="1332" HPOS="576"/>
							<String ID="string_377" HPOS="591" VPOS="1333" WIDTH="72" HEIGHT="21" WC="0.96" CONTENT="funnit"/><SP WIDTH="14" VPOS="1333" HPOS="663"/>
							<String ID="string_378" HPOS="677" VPOS="1333" WIDTH="8" HEIGHT="21" WC="0.93" CONTENT="i"/><SP WIDTH="14" VPOS="1333" HPOS="685"/>
							<String ID="string_379" HPOS="699" VPOS="1333" WIDTH="113" HEIGHT="21" WC="0.96" CONTENT="utskottets"/><SP WIDTH="17" VPOS="1333" HPOS="812"/>
							<String ID="string_380" HPOS="829" VPOS="1331" WIDTH="132" HEIGHT="23" WC="0.96" CONTENT="betänkande"/>
						</TextLine>
						<TextLine ID="line_40" HPOS="134" VPOS="1360" WIDTH="829" HEIGHT="28">
							<String ID="string_381" HPOS="134" VPOS="1360" WIDTH="96" HEIGHT="22" WC="0.92" CONTENT="beaktad."/><SP WIDTH="30" VPOS="1360" HPOS="230"/>
							<String ID="string_382" HPOS="260" VPOS="1361" WIDTH="76" HEIGHT="21" WC="0.68" CONTENT="Likaså"/><SP WIDTH="22" VPOS="1361" HPOS="336"/>
							<String ID="string_383" HPOS="358" VPOS="1362" WIDTH="67" HEIGHT="20" WC="0.96" CONTENT="måste"/><SP WIDTH="23" VPOS="1362" HPOS="425"/>
							<String ID="string_384" HPOS="448" VPOS="1362" WIDTH="36" HEIGHT="26" WC="0.96" CONTENT="jag"/><SP WIDTH="23" VPOS="1362" HPOS="484"/>
							<String ID="string_385" HPOS="507" VPOS="1368" WIDTH="51" HEIGHT="14" WC="0.96" CONTENT="anse"/><SP WIDTH="23" VPOS="1368" HPOS="558"/>
							<String ID="string_386" HPOS="581" VPOS="1363" WIDTH="30" HEIGHT="19" WC="0.96" CONTENT="att"/><SP WIDTH="22" VPOS="1363" HPOS="611"/>
							<String ID="string_387" HPOS="633" VPOS="1362" WIDTH="102" HEIGHT="20" WC="0.96" CONTENT="utskottet"/><SP WIDTH="22" VPOS="1362" HPOS="735"/>
							<String ID="string_388" HPOS="757" VPOS="1362" WIDTH="40" HEIGHT="20" WC="0.96" CONTENT="fäst"/><SP WIDTH="14" VPOS="1362" HPOS="797"/>
							<String ID="string_389" HPOS="811" VPOS="1360" WIDTH="83" HEIGHT="22" WC="0.93" CONTENT="mindre"/><SP WIDTH="16" VPOS="1360" HPOS="894"/>
							<String ID="string_390" HPOS="910" VPOS="1366" WIDTH="53" HEIGHT="21" WC="0.92" CONTENT="upp-"/>
						</TextLine>
						<TextLine ID="line_41" HPOS="134" VPOS="1389" WIDTH="829" HEIGHT="29">
							<String ID="string_391" HPOS="134" VPOS="1390" WIDTH="143" HEIGHT="20" WC="0.92" CONTENT="märksamhet"/><SP WIDTH="22" VPOS="1390" HPOS="277"/>
							<String ID="string_392" HPOS="299" VPOS="1390" WIDTH="34" HEIGHT="20" WC="0.96" CONTENT="vid"/><SP WIDTH="23" VPOS="1390" HPOS="333"/>
							<String ID="string_393" HPOS="356" VPOS="1390" WIDTH="44" HEIGHT="20" WC="0.96" CONTENT="min"/><SP WIDTH="21" VPOS="1390" HPOS="400"/>
							<String ID="string_394" HPOS="421" VPOS="1390" WIDTH="123" HEIGHT="21" WC="0.96" CONTENT="inlämnade"/><SP WIDTH="23" VPOS="1390" HPOS="544"/>
							<String ID="string_395" HPOS="567" VPOS="1390" WIDTH="88" HEIGHT="28" WC="0.96" CONTENT="petition"/><SP WIDTH="23" VPOS="1390" HPOS="655"/>
							<String ID="string_396" HPOS="678" VPOS="1390" WIDTH="27" HEIGHT="21" WC="0.95" CONTENT="då"/><SP WIDTH="20" VPOS="1390" HPOS="705"/>
							<String ID="string_397" HPOS="725" VPOS="1390" WIDTH="100" HEIGHT="21" WC="0.95" CONTENT="utskottet"/><SP WIDTH="20" VPOS="1390" HPOS="825"/>
							<String ID="string_398" HPOS="845" VPOS="1389" WIDTH="52" HEIGHT="27" WC="0.96" CONTENT="(sida"/><SP WIDTH="16" VPOS="1389" HPOS="897"/>
							<String ID="string_399" HPOS="913" VPOS="1389" WIDTH="50" HEIGHT="25" WC="0.96" CONTENT="111)"/>
						</TextLine>
						<TextLine ID="line_42" HPOS="134" VPOS="1417" WIDTH="830" HEIGHT="28">
							<String ID="string_400" HPOS="134" VPOS="1418" WIDTH="61" HEIGHT="26" WC="0.95" CONTENT="nöjer"/><SP WIDTH="15" VPOS="1418" HPOS="195"/>
							<String ID="string_401" HPOS="210" VPOS="1418" WIDTH="32" HEIGHT="27" WC="0.96" CONTENT="sig"/><SP WIDTH="15" VPOS="1418" HPOS="242"/>
							<String ID="string_402" HPOS="257" VPOS="1418" WIDTH="48" HEIGHT="21" WC="0.96" CONTENT="med"/><SP WIDTH="17" VPOS="1418" HPOS="305"/>
							<String ID="string_403" HPOS="322" VPOS="1420" WIDTH="28" HEIGHT="19" WC="0.96" CONTENT="ett"/><SP WIDTH="15" VPOS="1420" HPOS="350"/>
							<String ID="string_404" HPOS="365" VPOS="1418" WIDTH="110" HEIGHT="22" WC="0.96" CONTENT="uttalande"/><SP WIDTH="17" VPOS="1418" HPOS="475"/>
							<String ID="string_405" HPOS="492" VPOS="1418" WIDTH="80" HEIGHT="22" WC="0.96" CONTENT="därhän"/><SP WIDTH="15" VPOS="1418" HPOS="572"/>
							<String ID="string_406" HPOS="587" VPOS="1421" WIDTH="30" HEIGHT="19" WC="0.96" CONTENT="att"/><SP WIDTH="16" VPOS="1421" HPOS="617"/>
							<String ID="string_407" HPOS="633" VPOS="1418" WIDTH="70" HEIGHT="22" WC="0.96" CONTENT="banan"/><SP WIDTH="15" VPOS="1418" HPOS="703"/>
							<String ID="string_408" HPOS="718" VPOS="1418" WIDTH="32" HEIGHT="21" WC="0.96" CONTENT="till"/><SP WIDTH="16" VPOS="1418" HPOS="750"/>
							<String ID="string_409" HPOS="766" VPOS="1418" WIDTH="81" HEIGHT="27" WC="0.96" CONTENT="Nystad"/><SP WIDTH="16" VPOS="1418" HPOS="847"/>
							<String ID="string_410" HPOS="863" VPOS="1417" WIDTH="54" HEIGHT="21" WC="0.96" CONTENT="hade"/><SP WIDTH="15" VPOS="1417" HPOS="917"/>
							<String ID="string_411" HPOS="932" VPOS="1417" WIDTH="32" HEIGHT="21" WC="0.95" CONTENT="till"/>
						</TextLine>
						<TextLine ID="line_43" HPOS="134" VPOS="1445" WIDTH="830" HEIGHT="29">
							<String ID="string_412" HPOS="134" VPOS="1446" WIDTH="161" HEIGHT="28" WC="0.91" CONTENT="hufvudsakligt"/><SP WIDTH="15" VPOS="1446" HPOS="295"/>
							<String ID="string_413" HPOS="310" VPOS="1447" WIDTH="98" HEIGHT="21" WC="0.96" CONTENT="ändamål"/><SP WIDTH="16" VPOS="1447" HPOS="408"/>
							<String ID="string_414" HPOS="424" VPOS="1449" WIDTH="30" HEIGHT="19" WC="0.96" CONTENT="att"/><SP WIDTH="15" VPOS="1449" HPOS="454"/>
							<String ID="string_415" HPOS="469" VPOS="1447" WIDTH="86" HEIGHT="27" WC="0.96" CONTENT="betjäna"/><SP WIDTH="15" VPOS="1447" HPOS="555"/>
							<String ID="string_416" HPOS="570" VPOS="1447" WIDTH="36" HEIGHT="21" WC="0.96" CONTENT="det"/><SP WIDTH="14" VPOS="1447" HPOS="606"/>
							<String ID="string_417" HPOS="620" VPOS="1447" WIDTH="71" HEIGHT="21" WC="0.93" CONTENT="lokala"/><SP WIDTH="10" VPOS="1447" HPOS="691"/>
							<String ID="string_418" HPOS="701" VPOS="1447" WIDTH="162" HEIGHT="21" WC="0.90" CONTENT="trafikbehofvet"/><SP WIDTH="10" VPOS="1447" HPOS="863"/>
							<String ID="string_419" HPOS="873" VPOS="1446" WIDTH="8" HEIGHT="21" WC="0.96" CONTENT="i"/><SP WIDTH="10" VPOS="1446" HPOS="881"/>
							<String ID="string_420" HPOS="891" VPOS="1452" WIDTH="27" HEIGHT="14" WC="0.96" CONTENT="en"/><SP WIDTH="11" VPOS="1452" HPOS="918"/>
							<String ID="string_421" HPOS="929" VPOS="1445" WIDTH="35" HEIGHT="21" WC="0.96" CONTENT="del"/>
						</TextLine>
						<TextLine ID="line_44" HPOS="135" VPOS="1474" WIDTH="828" HEIGHT="29">
							<String ID="string_422" HPOS="135" VPOS="1474" WIDTH="21" HEIGHT="21" WC="0.96" CONTENT="af"/><SP WIDTH="15" VPOS="1474" HPOS="156"/>
							<String ID="string_423" HPOS="171" VPOS="1474" WIDTH="123" HEIGHT="22" WC="0.96" CONTENT="Satakunta."/><SP WIDTH="29" VPOS="1474" HPOS="294"/>
							<String ID="string_424" HPOS="323" VPOS="1475" WIDTH="43" HEIGHT="21" WC="0.95" CONTENT="Det"/><SP WIDTH="14" VPOS="1475" HPOS="366"/>
							<String ID="string_425" HPOS="380" VPOS="1478" WIDTH="23" HEIGHT="18" WC="0.96" CONTENT="är"/><SP WIDTH="15" VPOS="1478" HPOS="403"/>
							<String ID="string_426" HPOS="418" VPOS="1476" WIDTH="126" HEIGHT="27" WC="0.95" CONTENT="visserligen"/><SP WIDTH="15" VPOS="1476" HPOS="544"/>
							<String ID="string_427" HPOS="559" VPOS="1476" WIDTH="8" HEIGHT="20" WC="0.93" CONTENT="i"/><SP WIDTH="14" VPOS="1476" HPOS="567"/>
							<String ID="string_428" HPOS="581" VPOS="1476" WIDTH="122" HEIGHT="20" WC="0.91" CONTENT="hufvudsak"/><SP WIDTH="15" VPOS="1476" HPOS="703"/>
							<String ID="string_429" HPOS="718" VPOS="1476" WIDTH="78" HEIGHT="27" WC="0.96" CONTENT="riktigt,"/><SP WIDTH="15" VPOS="1476" HPOS="796"/>
							<String ID="string_430" HPOS="811" VPOS="1482" WIDTH="49" HEIGHT="14" WC="0.96" CONTENT="men"/><SP WIDTH="17" VPOS="1482" HPOS="860"/>
							<String ID="string_431" HPOS="877" VPOS="1474" WIDTH="86" HEIGHT="21" WC="0.96" CONTENT="därmed"/>
						</TextLine>
						<TextLine ID="line_45" HPOS="134" VPOS="1502" WIDTH="830" HEIGHT="29">
							<String ID="string_432" HPOS="134" VPOS="1503" WIDTH="39" HEIGHT="21" WC="0.96" CONTENT="har"/><SP WIDTH="23" VPOS="1503" HPOS="173"/>
							<String ID="string_433" HPOS="196" VPOS="1503" WIDTH="52" HEIGHT="22" WC="0.95" CONTENT="blott"/><SP WIDTH="22" VPOS="1503" HPOS="248"/>
							<String ID="string_434" HPOS="270" VPOS="1510" WIDTH="26" HEIGHT="15" WC="0.95" CONTENT="en"/><SP WIDTH="23" VPOS="1510" HPOS="296"/>
							<String ID="string_435" HPOS="319" VPOS="1504" WIDTH="21" HEIGHT="20" WC="0.96" CONTENT="af"/><SP WIDTH="23" VPOS="1504" HPOS="340"/>
							<String ID="string_436" HPOS="363" VPOS="1504" WIDTH="26" HEIGHT="21" WC="0.95" CONTENT="de"/><SP WIDTH="18" VPOS="1504" HPOS="389"/>
							<String ID="string_437" HPOS="407" VPOS="1504" WIDTH="56" HEIGHT="21" WC="0.96" CONTENT="olika"/><SP WIDTH="17" VPOS="1504" HPOS="463"/>
							<String ID="string_438" HPOS="480" VPOS="1504" WIDTH="86" HEIGHT="21" WC="0.96" CONTENT="sidorna"/><SP WIDTH="14" VPOS="1504" HPOS="566"/>
							<String ID="string_439" HPOS="580" VPOS="1504" WIDTH="7" HEIGHT="21" WC="0.91" CONTENT="i"/><SP WIDTH="16" VPOS="1504" HPOS="587"/>
							<String ID="string_440" HPOS="603" VPOS="1504" WIDTH="186" HEIGHT="27" WC="0.90" CONTENT="Nystads-banans"/><SP WIDTH="14" VPOS="1504" HPOS="789"/>
							<String ID="string_441" HPOS="803" VPOS="1503" WIDTH="110" HEIGHT="28" WC="0.93" CONTENT="betydelse"/><SP WIDTH="15" VPOS="1503" HPOS="913"/>
							<String ID="string_442" HPOS="928" VPOS="1502" WIDTH="36" HEIGHT="21" WC="0.92" CONTENT="be-"/>
						</TextLine>
						<TextLine ID="line_46" HPOS="134" VPOS="1532" WIDTH="830" HEIGHT="28">
							<String ID="string_443" HPOS="134" VPOS="1533" WIDTH="60" HEIGHT="19" WC="0.92" CONTENT="rörts."/><SP WIDTH="30" VPOS="1533" HPOS="194"/>
							<String ID="string_444" HPOS="224" VPOS="1532" WIDTH="55" HEIGHT="21" WC="0.76" CONTENT="Dess"/><SP WIDTH="15" VPOS="1532" HPOS="279"/>
							<String ID="string_445" HPOS="294" VPOS="1532" WIDTH="40" HEIGHT="21" WC="0.96" CONTENT="roll"/><SP WIDTH="16" VPOS="1532" HPOS="334"/>
							<String ID="string_446" HPOS="350" VPOS="1532" WIDTH="69" HEIGHT="21" WC="0.96" CONTENT="såsom"/><SP WIDTH="17" VPOS="1532" HPOS="419"/>
							<String ID="string_447" HPOS="436" VPOS="1539" WIDTH="26" HEIGHT="15" WC="0.96" CONTENT="en"/><SP WIDTH="16" VPOS="1539" HPOS="462"/>
							<String ID="string_448" HPOS="478" VPOS="1532" WIDTH="48" HEIGHT="22" WC="0.93" CONTENT="kort"/><SP WIDTH="10" VPOS="1532" HPOS="526"/>
							<String ID="string_449" HPOS="536" VPOS="1532" WIDTH="201" HEIGHT="28" WC="0.92" CONTENT="förbindningslänk"/><SP WIDTH="15" VPOS="1532" HPOS="737"/>
							<String ID="string_450" HPOS="752" VPOS="1532" WIDTH="90" HEIGHT="22" WC="0.93" CONTENT="emellan"/><SP WIDTH="15" VPOS="1532" HPOS="842"/>
							<String ID="string_451" HPOS="857" VPOS="1532" WIDTH="107" HEIGHT="21" WC="0.92" CONTENT="Tammer-"/>
						</TextLine>
					</TextBlock>
				</ComposedBlock>
				<GraphicalElement ID="cblock_4" HPOS="1136" VPOS="490" WIDTH="6" HEIGHT="618"></GraphicalElement >
			</PrintSpace>
		</Page>
	</Layout>
</alto>
