1142 1773
388 138 179 22 Borgareståndet
579 140 58 16 1894.
662 140 27 16 30
702 140 47 21 maj.
901 135 54 20 1557

226 218 34 21 Hr
274 219 215 27 Aejmelaeus:
510 219 59 21 Minä
584 219 62 21 olisin
663 220 83 26 pitänyt
762 220 84 20 erittäin
863 221 122 24 suotavana,

159 248 42 20 että
224 247 46 21 olisi
293 249 66 19 otettu
375 249 57 19 tämä
447 248 43 20 asia
506 250 39 24 nyt
559 248 64 20 kohta
639 248 156 21 käsiteltäväksi
811 250 120 25 panematta
946 248 39 21 sitä

158 276 105 27 pöydälle.
293 275 67 21 Mutta
382 276 32 27 jos
438 282 26 15 ne
488 277 91 20 arvoisat
599 277 80 26 säädyn
695 277 87 27 jäsenet,
798 277 58 27 jotka
871 278 49 20 ovat
934 279 51 25 pöy-

159 304 55 21 dälle
229 310 69 22 panoa
313 306 120 25 pyytäneet,
449 305 79 27 pitävät
542 307 149 25 pyynnöstään
707 306 67 20 kiinni
789 306 22 26 ja
826 306 43 20 asia
879 306 106 20 niinmuo-

159 333 50 21 doin
224 332 98 28 pöydälle
337 340 105 20 pannaan,
457 334 46 20 niin
518 334 107 20 kannatan
636 334 93 20 minäkin
740 334 38 20 hra
789 334 121 20 Stenrothin
921 334 64 21 ehdo-

158 364 56 18 tusta
237 362 53 26 siitä,
312 363 42 19 että
376 364 60 24 sääty
454 362 135 21 kokoontuisi
605 363 122 20 huomenna
743 363 156 27 aamupuolella
914 364 70 20 tämän

158 390 59 20 asian
241 390 159 21 käsittelemistä
415 393 79 18 varten.
525 390 50 21 Kun
591 391 135 27 valtiopäivät
741 392 20 26 jo
778 393 49 19 ovat
841 391 143 28 loppumaisil-

159 418 48 21 laan
228 419 21 26 ja
265 419 49 26 asia,
329 419 66 21 kuten
411 419 38 21 hra
463 419 100 21 Stenroth
577 420 21 26 jo
614 420 66 26 sanoi,
695 426 28 14 on
739 420 54 20 vielä
810 420 174 21 valtiovaliokun-

158 453 42 14 nan
216 447 129 28 käsiteltävä,
360 448 45 20 niin
422 448 48 27 ajan
486 450 99 25 täpäryys
601 454 38 15 sen
654 448 80 21 vaatisi.

226 504 34 21 Hr
281 501 123 24 Öhman:
427 505 41 27 Jag
489 505 50 21 ville
562 505 62 21 äfven
640 505 110 22 hemställa
765 505 32 21 till
813 506 24 20 hr
853 505 132 21 talmannens

159 533 141 27 bepröfvande
316 533 104 21 huruvida
436 534 46 21 icke
498 534 46 21 skäl
559 541 50 14 vore
624 536 30 19 att
670 536 77 19 utsätta
761 535 87 26 plenum
865 535 31 20 till
909 535 6 20 i
930 541 55 14 mor-

158 568 42 21 gon
222 562 80 25 bittida,
325 563 122 26 förslagsvis
469 563 32 20 till
524 563 27 20 kl
575 563 12 20 9
610 563 52 20 eller
682 563 31 26 10,
729 563 33 20 för
777 565 30 18 att
822 563 71 27 afgöra
908 563 77 27 ifräga-

159 591 91 20 varande
272 591 84 26 ärende,
378 593 52 19 enär
452 591 35 21 det
510 598 77 14 annars
609 591 40 21 blir
668 591 57 21 svärt
740 592 33 20 för
787 591 154 22 statsutskottet
955 593 30 19 att

158 619 115 20 framställa
294 620 36 20 sitt
344 619 84 28 förslag,
443 620 81 21 hvilket
539 622 23 18 är
577 620 106 21 beroende
699 620 21 21 af
735 620 26 21 de
777 620 75 27 beslut,
869 627 45 14 som
929 619 56 22 stän-

158 647 41 21 den
215 648 85 21 komma
315 650 30 19 att
359 648 52 21 fatta
426 649 7 20 i
449 649 70 20 denna
534 649 63 26 fräga.

227 704 32 21 Hr
281 704 166 27 Federley:
471 702 71 24 Äfven
564 706 35 27 jag
621 706 38 21 ber
682 708 30 19 att
726 706 21 20 få
762 706 77 21 föreslå
855 708 28 19 att
898 706 86 27 plenum

160 733 74 24 skulle,
250 733 68 21 säsom
334 733 24 21 R.
370 740 18 14 o.
399 734 26 20 A.
441 735 60 26 gjort,
517 736 88 19 utsättas
620 735 30 20 till
667 735 7 20 i
689 741 88 20 morgon
793 735 27 20 kl.
837 735 12 20 9
864 735 26 27 pä
902 741 83 21 morgo-

158 767 41 15 nen
216 762 38 20 och
270 762 27 20 kl.
313 763 11 19 7
340 762 26 27 pä
382 762 174 28 eftermiddagen.

227 818 49 21 Med
292 819 114 27 anledning
422 819 20 20 af
457 819 56 21 hvad
530 820 61 20 ofvan
608 820 79 21 anförts
703 820 138 27 tillkännagaf
856 821 25 20 hr
895 821 89 20 talman-

158 853 43 14 nen
223 849 30 19 att
276 847 41 21 han
332 848 50 21 ville
398 849 77 20 utsätta
491 849 63 26 plena
569 850 30 19 att
614 855 39 20 ega
667 855 48 14 rum
730 849 7 20 i
752 856 88 20 morgon
857 849 26 20 kl.
900 849 12 20 9
927 849 13 20 f.
956 855 27 14 m.

158 876 40 20 och
220 876 28 20 kl.
273 877 10 19 7
307 883 17 14 e
346 883 34 19 m.
402 877 88 21 hvarvid
507 877 36 21 det
557 877 55 21 förra
627 877 86 27 plenum
731 877 59 28 dock,
805 878 7 20 i
828 878 92 27 enlighet
935 877 49 21 med

157 904 58 21 inom
231 905 233 21 talmanskonferensen
479 906 77 20 fattadt
571 906 74 27 beslut,
660 906 46 21 icke
721 906 57 28 finge
793 907 63 20 räcka
871 907 73 26 längre
957 908 26 18 än

158 932 30 22 till
213 933 27 20 kl.
265 934 25 20 12
306 934 26 27 pä
348 934 78 27 dagen;
444 934 38 20 och
498 934 85 21 komme
598 935 165 27 prästeständets
778 935 159 27 ifrägavarande
952 935 32 20 in-

158 961 110 28 bjudning,
283 968 45 15 som
343 969 30 14 nu
389 962 118 28 bordlades,
522 965 30 19 att
564 966 102 24 upptagas
677 963 26 27 pä
715 964 222 27 föredragningslistan
953 963 32 21 för

158 990 158 28 förmiddagens
330 991 93 27 plenum.

226 1088 39 20 Till
288 1088 129 26 behandling
439 1090 91 26 upptogs
553 1088 163 28 prästeständets
739 1089 35 21 vid
797 1090 79 26 dagens
897 1090 88 27 plenum

158 1122 76 21 geuom
251 1116 122 27 deputation
384 1117 31 20 till
426 1116 173 28 borgareständet
609 1118 114 20 framförda
734 1118 127 27 inbjudning
872 1120 30 18 att
911 1118 74 21 förena

158 1144 32 27 sig
210 1151 35 14 om
267 1145 130 21 förstnämda
417 1146 73 20 ständs
506 1146 69 21 beslut
590 1146 7 20 i
612 1146 58 27 fräga
686 1153 34 14 om
736 1146 76 27 nädiga
827 1146 156 28 propositionen

158 1173 110 27 angäende
290 1174 102 20 särskilda
415 1174 115 27 ändringar
545 1174 7 20 i
567 1174 97 28 gällande
680 1175 108 27 kyrkolag,
803 1175 87 21 hvarvid
906 1175 25 20 hr
946 1175 39 21 tal-

157 1208 92 14 mannen
272 1202 96 27 uppläste
390 1202 36 21 det
448 1203 22 20 af
492 1203 151 27 deputationen
662 1204 157 20 öfverlämnade
835 1204 150 27 protokollsut-

158 1230 78 27 draget,
252 1230 124 27 sälydande:

434 1282 39 21 Ote
484 1282 151 28 pöytäkirjasta
645 1283 155 27 pappissäädyn
811 1284 121 20 istunnossa
940 1283 44 21 val-

362 1310 116 28 tiopäivillä
493 1311 133 27 Helsingissä
641 1312 85 20 toukok.
743 1312 26 20 30
785 1314 48 25 p:nä
849 1312 60 20 1894.

224 1366 112 22 Päätettiin
359 1367 119 27 lähetystön
502 1367 79 27 kautta,
601 1368 64 27 johon
689 1368 117 21 määrättiin
828 1369 69 21 herrat
917 1368 67 27 piispa

154 1394 105 28 Räbergh,
282 1395 130 28 Nordström,
435 1396 56 26 Lyra
508 1396 22 27 ja
552 1396 163 27 Schwartzberg,
730 1397 77 21 kutsua
822 1397 67 21 muita
904 1397 81 27 säätyjä

154 1423 150 27 yhdistymään
324 1424 67 21 siihen
413 1425 135 26 päätökseen,
562 1425 65 27 jonka
641 1426 134 26 pappissääty
790 1432 27 14 on
833 1426 75 26 tehnyt
922 1432 63 14 muu-

153 1451 69 21 toksia
237 1452 141 21 kirkkolakiin
392 1453 130 21 koskevassa
537 1454 83 20 asiassa.

775 1498 21 18 In
809 1499 62 17 fidem:

748 1533 26 21 A.
790 1533 108 27 Almberg.
