1142 1773
345 128 179 22 Borgareståndet
536 129 58 17 1894.
617 129 27 17 26
656 128 60 22 april.
869 123 41 20 847

111 209 23 19 är
149 208 36 21 tid.
215 208 41 27 Jag
277 208 68 21 skulle
361 208 71 21 därför
447 208 77 22 föreslå
539 208 120 22 återremiss
675 209 21 20 af
711 209 70 21 denna
796 208 98 28 paragraf
908 208 35 21 för

110 236 112 22 införande
237 236 21 21 af
274 243 26 15 en
315 236 88 28 lämplig
418 236 182 28 tidsbestämning.

180 298 33 22 Hr
229 298 172 22 Stenström
418 299 142 21 understödde
576 300 25 20 hr
615 299 103 21 Jusélius”
733 299 85 28 förslag.

180 361 33 21 Hr
228 361 156 27 Nybergh:
416 361 27 21 Så
465 362 115 20 önskvärdt
602 362 36 20 det
661 363 27 19 än
711 361 72 21 kunde
799 361 96 21 förefalla
910 363 32 19 att.

111 390 69 21 införa
199 396 28 15 en
242 390 134 27 bestämning
390 390 7 20 i
413 390 35 21 det
463 391 55 26 syfte
534 390 26 21 hr
573 390 96 21 Jusélius
684 390 39 21 har
737 390 109 28 föreslagit
861 390 39 21 och
915 390 23 20 så

112 419 72 21 enkelt
200 418 56 22 detta
272 419 63 21 också
350 419 72 21 kunde
437 425 69 21 synas,
522 419 23 21 så
560 421 23 19 är
597 419 65 21 likväl
678 418 93 22 hvarken
788 419 35 21 det
838 425 39 15 ena
888 418 52 22 eller

113 447 35 22 det
170 448 67 21 andra
259 447 64 22 fallet.
352 447 43 22 Det
409 447 100 22 förhåller
524 448 32 27 sig
571 448 107 27 nämligen
695 447 23 21 så
734 449 30 20 att
779 448 26 21 de
821 447 120 28 ändringar,

112 483 46 14 som
180 476 60 21 skola
260 476 152 27 inregistreras,
428 478 35 19 äro
479 477 21 20 af
514 477 24 20 så
553 477 56 20 olika
625 476 149 21 beskaffenhet
789 477 39 20 och
844 476 95 21 medföra

112 505 24 21 så
158 505 56 21 olika
236 505 146 28 civilrättsliga
404 505 103 27 påföljder
522 507 30 19 att
567 511 49 15 man
631 505 48 21 icke
694 505 43 21 kan
753 507 92 25 upptaga
861 511 26 15 en
904 505 37 20 be-

112 534 107 27 stämning
233 533 8 21 i
268 533 36 22 det
322 534 56 27 syfte
393 534 26 20 hr
434 533 95 22 Jusölius
544 534 39 21 har
597 534 100 27 förordat,
713 541 35 14 om
764 534 71 21 denna
850 533 94 21 bestäm-

112 563 52 26 ning
189 562 53 21 skall
269 562 63 21 hafva
356 562 71 27 någon
443 562 115 27 betydelse.
588 562 42 27 Jag
645 563 43 20 kan
703 563 108 26 nämligen
827 562 46 21 icke
889 562 52 21 fatta

112 591 26 20 hr
159 591 102 20 Jusélius”
286 591 78 27 förslag
389 591 134 20 annorlunda
547 593 27 18 än
599 591 23 21 sä
639 593 30 19 att
690 591 53 21 intet
758 591 99 26 äfventyr
872 590 69 21 skulle

112 619 52 28 följa
188 619 32 21 för
248 619 41 21 den
311 619 222 28 anmälningspliktige
556 620 64 20 innan
637 619 41 21 den
694 620 121 27 föreslagna
830 619 58 21 tiden
903 619 39 20 har

112 648 45 27 gått
171 648 32 21 till
218 648 61 21 ända.
310 647 62 22 Detta
387 650 23 19 är
425 648 117 21 emellertid
558 648 101 27 omöjligt.
681 648 31 27 Ty
728 649 91 26 ändring
834 647 108 28 exempel-

114 677 31 20 vis
160 677 22 20 af
197 677 165 26 bolagsordning
376 677 54 20 skall
446 677 66 26 enligt
527 677 119 27 aktielagen
662 677 95 20 anmälas
773 676 31 21 till
820 676 121 28 inregistre-

113 705 47 28 ring
185 705 32 21 för
242 707 30 19 att
296 705 94 21 medföra
408 705 48 28 laga
472 705 84 27 värkan,
572 705 49 21 med
637 705 66 21 andra
719 706 37 20 ord
773 712 26 14 en
815 705 90 27 ändring
921 704 22 21 af

113 733 192 28 bolagsordningen
331 734 66 27 gäller
423 734 47 21 icke
492 734 67 21 innan
585 734 41 21 den
650 734 70 21 blifvit
735 734 69 21 införd
821 734 6 20 i
843 733 98 21 handels-

113 762 102 27 registret.
245 762 43 21 Det
309 763 73 26 tyckes
403 763 45 26 mig
467 763 67 20 redan
549 763 60 20 häraf
623 763 83 26 framgå
721 765 30 18 att
766 769 27 14 en
809 762 66 21 sådan
891 761 52 21 tids-

113 791 140 27 bestämning,
268 797 46 15 som
329 791 25 20 hr
368 791 96 21 Jusölius
474 791 114 27 föreslagit,
599 791 69 21 skulle
684 791 47 21 leda
741 791 32 21 till
781 791 161 26 förvecklingar.

113 819 63 21 Hvad
204 819 44 21 åter
272 819 67 21 andra
363 819 148 22 förhållanden
538 819 106 28 beträffar,
663 820 7 20 i
685 819 100 22 afseende
801 819 12 21 å
829 819 71 21 hvilka
915 825 28 14 en

114 848 64 21 sådan
203 848 123 27 förändring
351 850 23 19 är
400 848 126 27 föreslagen,
553 850 44 19 tror
618 849 36 26 jag
669 850 30 19 att
714 848 7 21 i
737 848 126 27 stadgandet
877 847 8 20 i
901 847 12 27 $
929 848 13 19 8

114 877 89 21 rörande
228 877 26 21 de
281 877 163 27 privaträttsliga
468 877 132 27 päföljderna
624 879 109 25 gentemot
757 877 66 27 tredje
849 883 50 14 man
922 875 21 21 af

114 905 119 21 uraktläten
260 906 159 27 inregistrering
444 908 23 18 är
491 906 130 26 fullkomligt
643 906 96 26 tillfylles
754 906 33 20 för
802 907 30 19 att
847 904 96 22 medföra

114 936 30 19 ett
168 934 128 21 oförtöfvadt
320 934 126 21 anmälande
474 934 32 21 till
530 934 187 28 handelsregistret
741 934 21 21 af
777 940 27 15 en
820 933 66 21 skedd
901 933 43 21 för-

114 962 90 28 ändring
218 963 7 19 i
241 964 30 20 ett
286 962 74 22 sädant
374 962 138 24 förhällande,
523 969 44 15 som
584 965 23 18 är
621 963 118 21 inskrifvet.
762 962 42 21 Det
819 968 64 21 synes
898 962 45 27 mig

113 991 27 27 pä
162 991 68 27 grund
247 991 22 21 af
289 991 36 21 det
339 992 89 20 anförda
444 998 48 14 vara
508 991 95 21 hvarken
618 991 104 27 praktiskt
737 991 52 21 eller
807 991 51 27 eljes
880 990 66 21 önsk-

114 1020 38 27 ligt
174 1022 30 18 att
226 1026 27 14 en
276 1020 175 27 tidsbestämning
473 1020 38 20 här
530 1020 84 20 införes.
644 1020 31 20 Pä
689 1020 33 20 sin
738 1020 50 26 höjd
804 1019 72 21 kunde
893 1025 49 14 man

114 1048 91 28 tillägga,
230 1048 80 21 hvilket
334 1049 35 27 jag
396 1050 43 19 tror
459 1048 63 21 ocksä
536 1048 143 22 förekommer
693 1048 7 21 i
716 1048 65 26 nägra
796 1048 66 21 andra
877 1047 65 27 lagar,

114 1078 30 20 att
166 1083 26 15 en
210 1076 65 22 sädan
293 1077 121 27 förändring
430 1077 53 21 skall
498 1079 52 19 utan
566 1077 100 27 dröjsmäl
682 1077 102 27 anmälas,
799 1083 50 15 men
865 1078 30 19 ett
909 1075 33 21 sä-

114 1106 51 20 dant
180 1105 73 28 tillägg
268 1112 50 14 vore
334 1106 54 20 dock
404 1106 21 20 af
439 1106 61 27 ringa
515 1106 115 26 betydelse.

182 1168 33 21 Hr
237 1175 42 14 von
301 1168 107 21 Pfaler
430 1168 97 22 erinrade
548 1175 34 14 om
598 1170 30 19 att
643 1168 66 21 orden
728 1168 52 21 »och
795 1168 33 21 för
843 1169 103 20 senatens

114 1196 144 22 stadfästelse»
283 1197 64 21 borde
370 1198 7 20 i
400 1197 219 21 öfverensstämmelse
640 1196 49 22 med
711 1196 94 22 ständets
821 1196 70 22 beslut
907 1196 36 20 vid

115 1226 12 26 8
144 1226 24 20 17
185 1232 26 14 ur
226 1226 125 27 paragrafen
367 1226 108 21 uteslutas.

182 1288 61 21 Efter
268 1288 35 21 det
330 1288 148 21 diskussionen
503 1288 52 21 härä
579 1288 112 21 förklarats
709 1288 96 26 afslutad,
821 1287 125 21 framstälde

113 1317 25 20 hr
153 1316 123 22 talmannen
291 1317 94 27 följande
401 1317 282 27 omröstningsproposition
673 1312 13 37 :

183 1379 38 27 De,
237 1380 75 20 hvilka
326 1380 118 27 godkänna
458 1380 114 20 utskottets
587 1379 84 28 förslag
687 1379 36 21 till
738 1379 79 28 lydelse
831 1378 37 28 för
882 1380 15 24 $
908 1379 34 25 18,

114 1408 10 20 i
144 1408 36 21 det
201 1408 29 27 af
249 1408 27 21 hr
298 1408 99 21 Juselius
417 1408 119 21 anmärkta
551 1408 106 28 afseende,
673 1410 59 18 rösta
743 1408 41 27 ja;
800 1408 31 26 de,
847 1408 36 20 det
897 1406 46 21 icke

113 1439 59 25 göra,
188 1438 60 19 rösta
264 1436 49 28 nej;

184 1465 80 21 vinner
287 1465 43 27 nej,
346 1465 42 21 har
402 1465 176 27 borgareständet
593 1465 89 21 beslutit
696 1464 161 22 äterremittera
872 1470 70 22 para-

113 1493 79 28 grafen
208 1494 35 20 till
257 1494 103 21 utskottet
373 1494 10 20 i
397 1494 35 20 det
446 1494 57 27 syfte
519 1494 27 20 hr
560 1493 99 21 Juselius
674 1493 121 27 föreslagit.
