1142 1773
207 130 55 21 1608
418 136 178 22 Borgareståndet
610 137 57 17 1894.
693 138 7 15 1
713 138 50 19 juni.

246 216 170 22 Vidkommande
441 218 26 20 de
488 217 21 21 af
526 217 100 21 utskottet
642 217 30 21 uti
689 216 318 28 sammanjämkningsförslaget

178 244 123 22 framstälda
316 246 124 20 alternativa
456 246 112 27 förslagen,
585 246 106 20 beroende
708 246 25 26 på
744 246 107 26 utgången
863 246 22 20 af
896 246 40 20 den
948 246 58 20 inom

177 273 100 22 förstärkt
292 274 132 21 statsutskott
437 275 71 20 härom
521 274 93 21 skeende
625 275 167 26 omröstningen,
804 274 101 27 begärdes
916 274 59 21 ordet
985 274 22 20 af

247 331 25 20 hr
296 331 124 27 Öhman,
442 338 45 14 som
510 331 125 21 meddelade
657 333 30 19 att
708 331 78 21 nämda
801 331 112 21 förstärkta
929 331 78 21 utskott

179 359 35 21 vid
233 359 70 21 denna
327 360 40 27 dag
386 360 27 20 kl.
431 360 25 20 10
473 360 13 20 f.
501 367 27 13 m.
544 360 66 20 skedd
627 360 132 27 omröstning
775 360 48 20 med
839 360 27 20 42
881 362 67 18 röster
963 361 44 19 mot

180 388 26 20 18
230 388 86 21 beslutit
338 391 28 18 att
388 389 91 27 400,000
503 389 59 20 mark
585 389 66 20 borde
674 395 76 21 genom
773 388 54 21 ökad
843 388 163 28 stämpelbevill-

178 416 52 28 ning
246 416 110 22 anskaffas.

248 474 50 21 Med
317 475 115 26 anledning
447 474 23 21 af
485 475 57 22 detta
558 475 140 20 meddelande
715 475 67 20 beslöt
797 475 83 20 ståndet
895 475 111 26 godkänna

179 502 241 28 bevillningsutskottets
442 503 65 21 första
530 503 117 25 alternativ,
670 503 80 28 intaget
770 503 7 20 i
800 503 48 20 dess
863 503 103 21 klämmar
981 503 26 27 på

179 531 86 21 sidorna
282 533 26 19 14
323 532 31 20 till
371 533 31 20 17.

249 675 117 28 Föredrogs
387 676 164 20 statsutskottets
572 676 35 20 vid
631 679 82 18 senaste
736 675 87 28 plenum
844 675 113 27 bordlagda
973 675 34 20 be-

180 703 107 22 tänkande
302 711 34 14 n:o
354 705 26 20 10
396 704 17 21 B
428 705 8 20 i
451 705 115 26 anledning
581 705 22 20 af
618 705 77 26 nådiga
710 705 157 26 propositionen
884 711 34 14 n:o
934 705 27 19 28
971 710 36 14 an-

180 732 82 27 gående
278 733 278 21 kommunikationsfonden.

250 789 66 22 Ordet
337 790 102 27 begärdes
460 790 21 21 af
504 791 24 20 hr
546 790 227 27 Schybergson,
797 797 46 13 som
858 789 93 27 yttrade:
971 789 36 21 Ut-

181 819 89 20 skottets
285 825 154 21 resonnemang
454 819 27 27 på
496 819 59 20 sidan
572 819 12 20 2
601 819 109 26 angående
727 819 25 20 de
769 818 182 27 omständigheter,
962 825 45 14 som

181 847 51 21 böra
247 854 50 13 vara
313 847 25 21 de
355 847 158 21 bestämmande
529 848 34 20 vid
579 847 126 27 afgörandet
720 848 21 20 af
756 847 36 21 det
807 847 118 27 föreslagna
941 847 66 20 lånets

182 876 81 27 belopp,
284 877 122 26 godkänner
421 877 35 26 jag
472 877 6 19 i
493 877 126 20 hufvudsak.
651 876 72 21 Såsom
738 877 36 26 jag
790 876 62 20 äfven
868 876 87 26 tidigare
971 875 38 21 har

180 904 122 27 framhållit,
317 906 23 19 är
354 905 36 20 det
404 905 46 21 icke
467 905 45 21 skäl
528 907 29 19 att
572 905 93 27 ständigt
680 905 103 27 uppträda
799 905 68 20 såsom
880 904 128 21 lånsökande

181 933 27 27 på
230 934 129 20 marknaden
383 940 76 20 genom
478 934 98 20 emission
593 934 22 20 af
629 934 46 20 små
690 934 41 26 lån,
749 936 51 18 utan
817 934 34 20 det
867 936 22 18 är
904 933 48 20 vida
968 933 41 20 för-

181 962 116 26 månligare
319 962 32 20 för
366 962 102 27 krediten,
484 969 34 13 om
534 964 29 19 ett
578 962 23 20 så
616 969 48 21 pass
680 964 51 18 stort
747 962 34 20 lån
799 964 101 25 upptages
915 964 30 18 att
960 968 48 13 man

182 990 86 21 därmed
291 990 40 20 kan
354 991 51 20 reda
426 991 31 27 sig
473 991 61 21 äfven
551 991 68 21 under
634 997 26 15 en
677 991 92 27 följande
784 990 79 28 period.
893 990 41 20 Det
949 990 60 26 enda,

182 1019 34 20 vid
239 1019 81 21 hvilket
341 1020 35 26 jag
394 1021 44 19 tror
452 1020 44 26 mig
511 1020 61 20 hafva
589 1020 65 26 några
670 1019 173 27 betänkligheter,
859 1021 22 18 är
897 1019 111 20 utskottets

181 1047 151 27 förutsättning
354 1050 29 18 att
405 1048 57 20 lånet
484 1048 131 20 omedelbart
636 1048 65 20 borde
726 1048 107 20 emitteras
853 1048 7 20 i
877 1048 47 20 dess
940 1047 70 21 helhet

181 1076 39 20 och
236 1076 126 21 statsvärket
377 1076 7 20 i
400 1076 69 21 stället
485 1079 43 18 mot
544 1079 59 18 ränta
619 1077 106 27 deponera
741 1077 40 20 den
799 1076 34 20 del
849 1076 21 20 af
885 1076 62 24 lånet,
963 1082 45 14 som

181 1104 46 21 icke
243 1106 24 19 är
281 1105 33 20 för
328 1105 91 21 tillfället
434 1105 130 27 erforderlig.
594 1105 41 21 Det
650 1105 69 21 finnes
733 1106 24 26 ju
773 1106 62 19 äfven
851 1106 30 19 ett
893 1106 116 24 annatsätt,

182 1140 44 14 som
243 1133 27 21 bl.
286 1140 18 14 a.
320 1133 102 21 Finlands
437 1134 202 27 hypoteksförening
656 1134 111 26 tillämpar,
783 1133 106 26 nämligen
906 1135 29 19 att
951 1133 59 21 emit-

182 1163 44 19 tera
247 1162 58 20 lånet
327 1160 115 23 efterhand.
473 1162 33 20 En
529 1162 65 20 sådan
617 1162 99 20 emission
740 1162 38 20 har
794 1162 40 20 den
851 1162 94 20 fördelen
962 1161 48 20 med

182 1190 32 28 sig
236 1192 30 19 att
290 1190 176 28 emissionspriset
481 1191 97 27 vanligen
595 1191 41 20 kan
652 1191 71 20 ställas
740 1191 64 26 något
820 1191 63 26 högre
899 1190 39 20 och
953 1190 58 20 låne-

182 1218 178 22 kontrahenterna
376 1219 94 21 däremot
485 1220 21 20 få
521 1219 53 21 afstå
590 1220 70 26 någon
676 1220 34 20 del
725 1220 21 20 af
762 1220 42 20 den
820 1218 120 21 eventuella
956 1218 55 20 vinst

182 1247 26 21 de
231 1247 69 21 skulle
324 1248 68 25 hafva,
414 1248 46 20 ifall
483 1248 26 20 de
532 1248 131 21 omedelbart
681 1248 109 26 öfvertoge
806 1248 47 20 hela
869 1248 62 20 lånet.
961 1246 49 21 Men

182 1276 63 20 äfven
271 1276 69 20 denna
366 1276 144 27 betänklighet
532 1278 24 19 är
577 1277 46 20 icke
648 1276 61 21 altför
732 1276 96 26 vägande
847 1276 47 20 med
911 1275 100 21 afseende

183 1304 50 21 därå
258 1306 30 19 att
304 1305 125 21 statsvärket
444 1305 57 27 själft
516 1305 57 23 eller,
589 1312 35 14 om
640 1312 48 14 man
705 1305 23 20 så
744 1305 43 26 vill,
803 1304 150 21 statskontoret
969 1303 43 27 plä-

182 1340 38 20 gar
234 1333 109 27 öfvertaga
359 1333 68 27 någon
445 1334 34 20 del
495 1334 21 20 af
531 1333 35 21 det
581 1333 41 27 lån,
633 1340 46 14 som
695 1334 113 26 emitteras,
825 1333 32 20 vid
875 1332 80 21 hvilket
970 1332 42 20 för-

183 1361 99 21 hållande
306 1362 23 26 ju
345 1368 27 14 en
388 1362 34 20 del
437 1362 21 20 af
474 1362 167 27 obligationerna
657 1362 40 20 kan
714 1362 66 20 blifva
796 1364 50 18 utan
863 1362 75 20 förlust
953 1361 58 20 inne-

182 1390 88 21 stående
293 1390 37 20 hos
353 1391 125 20 statsvärket
500 1391 39 20 och
562 1391 110 20 efterhand
695 1391 20 20 af
731 1390 150 21 statskontoret
896 1389 115 21 realiseras.

182 1418 50 21 Men
258 1425 34 14 om
307 1419 36 27 jag
358 1419 89 21 sålunda
462 1419 62 21 äfven
540 1421 24 19 är
578 1425 51 15 ense
645 1426 34 14 om
695 1419 166 21 statsutskottets
876 1418 137 21 betraktelse-

182 1449 46 24 sätt,
249 1447 43 21 kan
307 1448 35 26 jag
357 1448 47 20 icke
419 1448 59 20 finna
493 1448 35 20 det
543 1448 49 20 fullt
604 1448 127 20 motiveradt
745 1450 31 18 att
792 1448 23 20 så
830 1449 30 19 att
874 1449 50 24 säga
940 1447 73 26 tvinga

183 1476 127 26 regeringen
332 1478 30 18 att
384 1479 92 25 upptaga
492 1479 29 18 ett
536 1478 65 19 större
617 1476 35 20 lån
668 1478 25 18 än
711 1476 100 21 behofvet
826 1476 68 20 under
909 1475 41 21 den
966 1477 47 17 när-

183 1506 67 19 maste
276 1504 167 28 treårsperioden
460 1505 98 27 påkallar.
589 1504 48 21 Med
655 1505 40 20 den
711 1505 70 20 rädsla
797 1504 33 20 för
845 1504 112 20 utländska
972 1503 41 25 lån,

184 1539 46 14 som
258 1539 49 14 man
324 1533 26 27 på
365 1539 74 15 senare
455 1534 29 20 tid
500 1534 58 20 inom
573 1534 126 26 regeringen
715 1540 64 20 synes
795 1534 58 25 hysa,
869 1533 38 20 och
924 1532 47 20 med
987 1532 26 20 de
