1142 1773
234 142 42 20 954
443 150 178 20 Borgareständet
633 150 57 16 1594.
714 150 14 16 4
740 150 47 20 maj.

203 233 87 21 muiden
314 234 92 21 tavarain
430 235 80 21 ohessa.
540 234 121 22 Sentähden
677 235 94 21 minusta
786 234 47 21 olisi
848 233 125 29 paikallaan,
990 236 42 19 että

201 262 149 28 juomapuodit
371 263 129 27 pidettäisiin
522 264 93 21 erillään.
645 264 26 20 Ei
693 270 37 14 sen
754 264 73 20 kautta
842 263 58 21 tulisi
915 263 116 27 myöskään

202 290 143 22 taloudellista
368 292 110 27 vahinkoa,
501 292 66 21 koska
582 298 94 15 samassa
691 292 101 28 puodissa
807 291 50 21 saisi
872 291 42 21 olla
929 291 66 21 olutta
1010 292 21 26 ja

201 319 151 27 poltettujakin
371 320 133 28 väkijuomia,
519 321 48 27 jopa
584 321 113 21 viinaakin.
728 320 89 22 Kenties
832 320 47 20 olisi
895 322 88 25 parasta,
997 320 33 27 jos

202 348 158 28 kaupungeissa
382 349 112 27 ilmestyisi
517 349 98 21 erikoisia
638 348 250 28 väkijuomakauppiaita,
903 349 58 27 jotka
976 348 55 21 eivät

201 379 76 18 muuta
298 377 97 27 kauppaa
414 378 129 27 harjoittaisi.
573 378 77 21 Silloin
665 378 83 21 kenties
763 378 121 27 päästäisiin
900 380 69 18 tuosta
985 377 45 20 kiu-

200 405 107 21 sallisesta
330 406 285 28 valikoimisjärjestelmästä.
645 406 90 28 Pyydän
760 406 116 21 sentähden
900 406 63 20 saada
978 406 52 20 kan-

201 436 72 18 nattaa
295 434 90 28 pykälää
406 436 140 21 semmoisena
562 435 50 21 kuin
629 441 23 16 se
668 442 27 15 on
712 435 144 21 valiokunnan
872 434 157 22 ehdotuksessa.

270 497 32 21 Hr
317 497 148 22 Forselius
481 499 143 20 understödde
643 499 26 20 hr
683 499 65 20 Lilles
764 498 84 27 förslag.

269 560 33 21 Hr
316 561 174 21 Söderlund:
522 561 69 21 Ocksä
613 562 44 20 min
688 561 63 21 afsikt
784 568 37 13 var
846 563 29 19 att
901 561 128 21 understöda

198 589 59 20 såväl
283 589 25 20 hr
333 589 65 21 Malin
426 597 45 14 som
498 590 26 21 hr
541 590 59 21 Lille.
630 590 41 27 Jag
687 590 42 21 kan
745 590 46 21 icke
807 590 33 20 för
855 590 44 20 min
915 589 34 22 del
964 589 65 22 förstå

200 617 86 21 hvarför
301 625 49 14 man
365 619 47 20 icke
427 619 71 20 kunde
514 619 67 20 tilläta
596 619 140 21 bedrifvande
751 619 22 20 af
788 625 70 14 annan
874 619 77 20 handel
963 619 64 26 jämte

200 646 120 21 vinhandel.
351 647 121 21 Vinhandel
495 647 105 22 bedrifves
621 654 45 14 som
683 647 79 22 bekant
777 654 29 13 nu
822 647 33 20 för
869 647 58 21 tiden
943 653 85 22 gemen-

198 677 56 18 samt
280 675 48 21 med
354 675 28 21 all
409 683 70 14 annan
506 676 177 21 kolonialhandel.
714 676 72 21 Orden
806 676 7 20 i
829 676 12 27 $
857 675 12 21 6
886 682 64 20 synas
965 676 63 20 hafva

199 703 71 21 blifvit
290 706 64 25 tagna
377 704 46 21 frän
440 704 259 27 bränvinsförfattningen,
715 705 39 20 och
771 711 49 14 man
835 704 42 21 kan
893 705 85 26 mycket
994 704 33 21 väl

197 732 66 21 tänka
285 732 33 27 sig
340 735 30 18 att
387 739 26 14 en
430 733 64 21 sädan
511 733 134 28 bestämning
661 733 96 21 vis-ä-vis
774 733 252 27 bränvinsförsäljningen

198 760 42 21 kan
261 767 50 15 vara
333 761 27 27 pä
375 761 32 21 sin
422 761 60 28 plats.
511 762 11 20 I
537 761 58 28 fråga
611 762 96 21 däremot
723 769 34 14 om
773 761 116 21 vinhandel
904 768 63 20 synes
984 761 43 28 mig

197 795 28 15 en
248 789 122 22 handlande
394 790 49 21 böra
466 797 39 20 ega
528 793 39 18 rätt
583 793 30 18 att
628 790 86 27 försälja
730 791 61 20 viner
805 790 70 21 under
889 797 80 14 samma
985 791 42 20 för-

198 817 114 22 hällanden
327 825 45 14 som
389 819 100 20 härintils.
514 819 33 28 Hr
562 819 141 27 Wiljakainen
720 819 89 21 anförde
825 821 34 24 att,
875 825 35 14 om
923 819 22 20 sä
957 819 69 20 skulle

196 846 46 27 ske,
269 847 63 20 ocksä
357 847 161 28 bestämningen
544 854 34 14 om
605 848 58 21 tiden
679 848 32 20 för
726 847 153 27 försäljningen
896 847 63 21 borde
976 847 50 26 utgä

195 875 49 21 frän
260 875 140 28 lagförslaget.
429 876 41 28 Jag
486 876 54 27 ville,
556 883 34 14 om
607 876 57 22 detta
679 876 70 22 skulle
761 882 62 15 anses
833 883 49 14 vara
890 876 135 27 nödvändigt,

195 904 29 27 gä
246 904 24 20 sä
284 904 58 27 längt
358 907 29 18 att
402 905 80 27 päyrka
497 905 35 21 det
547 905 63 21 äfven
626 905 205 27 tidsbestämningen
847 904 8 21 i
870 904 23 21 sä
907 905 38 21 fall
961 904 64 22 mätte

196 932 51 28 utgä
262 932 46 21 frän
324 933 70 21 denna
410 934 129 26 författning.

265 995 33 21 Hr
312 996 156 21 Renlund:
498 996 42 21 Det
554 998 23 19 är
591 997 44 27 just
650 996 26 21 de
691 996 134 28 synpunkter
840 996 25 20 hr
880 996 144 27 Wiljakainen

194 1024 40 20 här
258 1024 38 20 har
320 1024 120 28 framhållit,
464 1032 46 14 som
531 1025 62 21 hafva
611 1025 56 27 gjort
682 1025 33 27 sig
729 1024 100 28 gällande
843 1025 58 20 inom
918 1024 106 21 utskottet.

195 1052 109 22 Utskottet
326 1053 38 21 har
378 1054 47 20 icke
441 1054 82 20 kunnat
537 1053 58 21 finna
611 1054 69 26 nägon
697 1060 71 14 annan
784 1055 65 24 utväg
864 1055 27 18 än
907 1053 69 21 denna
991 1052 33 21 för

194 1081 117 21 utöfvande
326 1082 22 20 af
363 1082 91 21 kontroll
470 1082 26 27 pä
510 1088 29 14 nu
554 1082 162 27 ifrägavarande
731 1082 85 25 handel,
832 1084 23 24 ty
870 1088 34 14 om
921 1082 34 20 vin
971 1081 52 21 lika-

194 1116 47 14 som
257 1110 66 20 hittils
338 1110 69 21 skulle
422 1110 21 21 fä
458 1110 62 28 säljas
535 1111 7 20 i
558 1111 72 27 hvarje
646 1110 66 27 butik,
728 1110 23 21 sä
766 1112 24 19 är
805 1110 36 21 det
855 1110 87 20 alldeles
958 1110 65 26 omöj-

194 1138 40 27 ligt
256 1140 30 19 att
306 1139 72 21 utöfva
400 1139 91 21 kontroll
515 1139 52 21 både
589 1139 8 20 i
619 1139 101 21 afseende
747 1139 13 21 ä
784 1138 41 21 den
851 1138 90 28 lofgifna
965 1138 58 21 tiden

193 1166 41 21 och
264 1166 172 22 beskaffenheten
466 1168 21 21 af
516 1168 26 20 de
572 1167 159 27 dryckesvaror,
755 1174 46 14 som
831 1167 8 20 i
865 1167 88 21 butiken
981 1166 42 21 för-

193 1194 71 28 säljas.
295 1195 75 21 Under
392 1196 99 21 debatten
514 1196 38 20 har
574 1196 41 21 den
638 1196 21 20 af
674 1196 44 27 mig
733 1196 7 20 i
755 1196 160 20 reservationen
930 1195 93 21 uttalade

193 1223 84 21 äsikten
298 1224 112 25 omfattats,
426 1225 106 27 nämligen
548 1226 30 19 att
593 1224 93 21 handeln
701 1224 49 21 med
767 1224 61 21 viner
843 1224 39 20 och
897 1224 66 20 andra
978 1224 45 26 slag

193 1252 23 20 af
236 1252 129 27 rusdrycker
386 1253 38 21 bör
439 1254 6 20 i
461 1260 26 14 en
502 1253 85 21 framtid
603 1253 146 21 sammansläs.
779 1252 244 28 Författningsförslaget

192 1280 70 27 gäller
276 1281 53 21 blott
344 1287 26 15 en
386 1282 163 27 öfvergängstid,
565 1282 39 20 och
619 1282 36 26 jag
670 1284 43 18 tror
729 1282 33 20 för
769 1282 58 20 visso
836 1283 30 19 att
873 1280 150 22 handlandena

193 1308 62 22 skola
276 1309 58 21 finna
355 1310 32 27 sig
402 1310 51 21 däri.
482 1310 42 21 Det
538 1312 24 19 är
577 1317 26 14 en
619 1310 160 27 nödvändighet
793 1310 68 27 enligt
876 1310 43 20 min
935 1309 39 21 och
990 1311 33 18 ut-

192 1337 90 21 skottets
301 1338 140 28 uppfattning.
471 1338 41 21 För
527 1338 62 28 öfrigt
604 1339 38 20 har
657 1339 71 20 denna
743 1338 60 28 fräga
819 1338 54 20 varit
887 1338 89 21 föremäl
990 1338 33 20 för

192 1365 108 28 åtskilliga
315 1366 145 22 diskussioner
474 1368 58 20 inom
548 1367 178 21 handelsvärlden
748 1367 27 27 pä
790 1366 51 22 flere
857 1366 107 21 allmänna
971 1366 51 27 köp-

192 1397 152 19 mannamöten
372 1396 38 20 och
430 1396 37 20 där
482 1396 38 20 har
543 1402 49 14 man
615 1396 89 20 kommit
727 1396 32 20 till
782 1395 41 21 den
839 1395 88 27 mening
942 1397 30 19 att
987 1394 36 21 det

193 1422 35 21 väl
249 1423 54 21 läter
323 1424 33 27 sig
376 1426 56 24 göra.
463 1424 38 21 Att
516 1424 92 21 handeln
623 1424 50 20 med
689 1424 61 21 viner
765 1424 40 21 och
821 1423 48 21 väta
885 1430 62 14 varor
961 1423 7 21 i
984 1422 38 22 all-

192 1451 88 21 mänhet
295 1452 72 27 skiljes
382 1452 55 21 ifrän
452 1452 92 22 handeln
560 1452 48 21 med
624 1452 67 21 andra
705 1459 63 14 varor
783 1454 24 18 är
821 1452 64 21 ocksä
893 1452 128 20 därutinnan

192 1479 38 21 bra
239 1482 30 19 att
277 1486 78 21 genom
363 1487 26 15 en
398 1481 65 21 sädan
473 1481 119 27 anordning
599 1481 82 27 garanti
689 1481 114 21 vinnesatt
814 1480 47 22 icke
873 1480 62 21 altför
944 1480 77 27 mänga

192 1508 160 22 vinhandlande
377 1509 85 21 komma
478 1512 30 18 att
522 1510 83 20 anmäla
621 1510 37 27 sig.
688 1510 31 20 Pä
734 1510 72 20 denna
821 1509 70 27 grund
907 1515 64 21 synes
986 1508 36 21 det

191 1536 45 28 mig
259 1543 45 15 som
328 1544 34 14 om
378 1538 58 21 detta
451 1538 30 20 als
496 1538 46 21 icke
559 1544 49 15 vore
624 1538 64 27 nägot
703 1538 24 21 sä
742 1538 84 27 obilligt
841 1538 79 27 förslag
941 1539 30 19 att
985 1537 37 21 det
