1142 1773
330 128 178 21 Borgareståndet
522 129 57 16 1894.
603 129 26 16 26
645 128 58 21 april.
859 121 42 21 829

169 210 39 26 De,
224 209 75 21 hvilka
312 209 118 27 godkänna
445 208 113 20 utskottets
573 207 84 27 förslag
673 207 35 21 till
722 207 79 27 lydelse
813 206 35 28 för
858 206 71 21 andra

100 240 118 19 momentet
246 238 28 27 af
298 238 13 26 $
334 238 15 20 2
372 237 149 27 oförändradt,
544 238 59 19 rösta
623 236 37 27 ja;
691 236 32 26 de,
745 236 36 20 det
803 235 45 21 icke
869 237 60 25 göra,

100 268 60 19 rösta
176 266 48 28 nej;

170 295 80 21 vinner
264 294 42 27 nej,
321 294 42 21 har
378 293 174 27 borgareståndet
568 293 90 21 beslutit
672 294 33 19 att
715 299 28 14 ur
753 293 118 20 momentet
880 293 49 19 ute-

100 324 62 20 sluta
178 324 66 20 orden
261 323 64 21 »eller
339 323 42 20 den
396 322 57 21 hans
467 322 100 27 göromål
583 321 124 21 bestrider».

170 385 34 21 Då
219 386 62 20 äfven
298 386 69 20 denna
382 385 130 27 proposition
529 384 126 21 besvarades
672 384 48 20 med
736 383 155 27 öfvervägande
904 383 27 27 ja,

102 422 38 14 var
155 415 11 27 8
183 415 11 20 2
211 414 21 21 af
248 414 83 21 ståndet
346 414 32 20 till
393 414 41 20 alla
450 414 58 20 delar
523 413 106 27 godkänd.

175 478 12 26 $
204 478 12 20 3
232 479 74 25 antogs
321 479 50 18 utan
388 477 145 26 anmärkning.

173 541 11 20 I
200 540 114 27 anledning
330 540 20 21 af
366 540 12 27 $
394 541 14 19 4
423 539 102 28 begärdes
542 539 59 21 ordet
617 539 21 20 af

174 603 25 20 hr
221 603 171 27 Wegelius,
413 609 46 14 som
481 602 92 27 yttrade:
597 602 42 27 Jag
661 601 77 21 tillåter
753 601 44 27 mig
812 601 77 21 föreslå
905 602 30 19 att

104 632 55 21 efter
175 631 67 22 orden
258 631 313 27 »registreringsmyndigheten
587 631 66 20 skall»
671 630 69 21 skulle
756 630 97 27 tilläggas
869 629 65 21 orden

108 664 64 17 »utan
196 660 146 21 tidsutdräkt».
358 659 42 22 Det
415 661 23 19 är
454 660 32 20 för
500 666 27 14 en
544 659 111 20 affärsman
671 659 47 20 icke
734 659 100 26 likgiltigt
849 665 34 14 om
899 658 36 20 det

106 689 54 20 skall
178 689 142 20 öfverlämnas
335 688 21 21 åt
371 688 41 21 den
428 688 155 27 registrerande
599 687 164 27 myndighetens
778 687 157 27 bekvämlighet

106 717 52 22 eller
180 724 16 14 s.
217 717 19 20 k.
260 717 164 27 expeditionstid
448 717 56 20 huru
519 717 63 26 länge
598 716 35 21 det
649 716 41 20 kan
707 716 64 27 draga
787 718 23 18 ut
825 716 65 20 innan
905 717 30 19 ett

105 746 77 21 sådant
197 746 137 27 kungörande
350 752 49 21 eger
414 752 53 14 rum.
496 745 43 21 Det
555 745 42 20 kan
611 745 23 27 ju
650 744 71 21 hända.
736 746 30 19 att
781 744 97 21 anmälan
892 743 44 28 gäl-

106 775 32 20 ler
153 777 30 18 ett
198 774 75 21 sådant
288 774 37 21 fall
341 776 29 19 att
386 780 25 14 en
428 773 112 21 affärsman
556 773 87 21 förlorat
657 773 131 20 förtroendet
803 773 32 21 till
851 779 26 14 en
888 779 47 20 pro-

107 803 69 20 kurist
194 803 38 20 och
248 803 36 20 det
298 803 33 20 för
345 803 78 20 honom
440 804 23 19 är
478 802 21 21 af
514 804 76 19 största
606 802 45 20 vikt
665 804 30 18 att
711 801 22 21 så
749 803 58 19 snart
822 808 46 14 som
883 801 53 26 möj-

107 831 39 28 ligt
168 831 73 21 kunna
263 831 109 21 förhindra
386 831 135 27 prokuristen
537 833 30 18 att
582 831 7 20 i
604 831 53 20 hans
673 837 64 14 namn
754 830 84 27 vidtaga
851 830 34 20 för
899 829 37 21 ho-

108 867 50 14 nom
184 860 107 21 bindande
313 859 183 28 rättshandlingar.
527 859 42 27 Jag
583 859 38 20 vill
636 859 23 20 så
674 859 87 27 mycket
775 859 66 20 hällre
856 859 80 26 hoppas

107 891 31 19 att
160 889 56 21 detta
239 888 180 28 ändringsförslag
442 888 54 21 skall
518 888 66 20 vinna
604 888 107 23 afseende,
726 894 45 14 som
787 887 42 21 den
845 887 91 21 svenska

109 918 69 26 lagen,
200 917 87 21 hvilken
310 924 76 14 annars
409 918 38 20 har
467 917 66 27 tjänat
558 916 70 21 såsom
643 916 85 26 modell,
743 916 118 20 innehåller
877 915 60 21 ordet

110 946 176 27 »ofördröjligen»
304 946 40 20 och
360 946 40 20 den
416 946 62 26 tyska
493 945 63 27 lagen
573 946 68 20 »ohne
657 944 105 28 Verzug>.

179 1008 33 21 Hr
232 1008 167 21 Borenius:
422 1008 70 21 Jämte
509 1008 35 21 det
559 1008 35 27 jag
610 1008 140 21 understöder
765 1008 25 20 hr
805 1007 110 27 Wegelius
930 1007 7 20 i

110 1038 35 20 det
168 1037 20 21 af
211 1037 79 21 honom
312 1037 74 27 gjorda
408 1036 106 28 förslaget,
536 1037 37 21 ber
592 1037 35 27 jag
643 1039 30 18 att
687 1036 22 21 fä
725 1036 44 21 äter
783 1038 92 25 upptaga
891 1036 47 20 mitt

110 1066 78 26 förslag
204 1067 30 19 att
249 1072 26 14 en
291 1065 91 27 samling
397 1065 21 21 af
434 1065 26 21 de
475 1065 120 27 kungjorda
605 1065 176 27 anmälningarna
791 1064 80 28 ärligen
883 1064 55 20 skall

110 1094 109 21 befordras
241 1094 32 20 till
295 1094 66 26 tryck.
390 1094 33 20 Hr
445 1094 102 27 Nybergh
562 1094 39 20 har
616 1094 97 20 anmärkt
728 1095 31 19 att
773 1094 57 20 detta
845 1099 50 15 vore
911 1099 27 15 en

110 1122 73 28 åtgärd
206 1122 22 21 af
250 1129 58 14 mera
324 1122 154 21 administrativ
494 1125 68 24 natur,
577 1129 44 14 som
638 1122 48 21 icke
702 1122 90 21 behöfde
807 1122 131 20 förekomma

110 1152 7 20 i
132 1151 76 27 själfva
222 1151 161 27 förordningen;
399 1157 49 15 men
464 1151 21 21 af
500 1151 44 21 lika
559 1151 154 21 administrativ
729 1152 64 20 natur
807 1152 22 19 är
839 1151 24 27 ju
875 1150 63 21 äfven

110 1180 126 27 stadgandet
252 1186 34 14 om
302 1181 30 19 att
346 1179 124 27 anmälning
485 1180 52 20 skall
555 1180 107 26 kungöras
677 1180 7 20 i
699 1179 26 21 de
741 1179 98 21 officiella
860 1178 79 22 tidnin-

110 1215 71 21 garna,
204 1208 81 21 hvilket
307 1208 116 27 stadgande
444 1208 55 21 dock
521 1208 62 27 ingär
604 1208 7 20 i
633 1208 70 21 denna
717 1208 129 26 författning.
875 1207 64 21 Huru

110 1237 199 27 offentliggörandet
333 1237 21 20 af
376 1236 62 21 dessa
460 1237 149 27 anmälningar
630 1237 8 20 i
657 1236 27 21 de
700 1236 89 21 officiela
804 1236 135 26 tidningarna

111 1266 96 20 kommer
222 1267 30 20 att
268 1265 106 21 anordnas
388 1277 28 3 —
432 1272 35 14 om
483 1265 35 21 det
534 1265 96 21 kommer
645 1267 30 19 att
685 1265 38 21 ske
733 1265 6 20 i
751 1265 74 27 själfva
836 1264 103 27 tidnings-

111 1300 121 20 numrorna,
248 1296 27 18 än
290 1294 38 20 här
343 1296 27 18 än
385 1294 43 26 där,
444 1294 52 21 eller
511 1300 35 14 om
562 1294 35 20 det
613 1294 101 27 möjligen
729 1294 96 20 kommer
840 1295 30 19 att
885 1293 55 21 skei

111 1324 30 19 ett
165 1322 99 21 särskildt
286 1322 79 27 bihang
388 1335 28 2 —
437 1322 35 21 det
496 1324 35 19 vet
552 1329 50 14 man
617 1322 53 27 icke,
686 1328 49 15 men
751 1322 32 20 för
795 1322 144 20 allmänheten

111 1357 50 15 vore
186 1350 36 22 det
244 1351 113 27 onekligen
378 1351 21 21 af
413 1351 90 21 intresse
519 1353 30 19 att
564 1351 21 20 fä
600 1357 27 15 en
642 1350 97 28 samling,
755 1350 66 21 sädan
836 1356 45 15 som
897 1350 42 20 den

110 1379 36 27 jag
160 1379 83 27 äsyftat.

179 1436 33 20 Hr
234 1436 165 27 Hallberg:
422 1436 42 27 Jag
486 1436 38 21 ber
547 1438 30 19 att
596 1436 21 20 fä
637 1436 74 21 förena
726 1436 43 27 mig
785 1442 34 14 om
835 1436 25 20 hr
875 1436 65 20 Bore-

111 1464 55 21 nius'
182 1464 84 28 förslag,
282 1464 23 21 sä
315 1465 85 27 mycket
410 1471 60 15 mera
482 1471 46 15 som
538 1465 7 20 i
558 1471 27 15 en
596 1464 89 21 likartad
698 1464 130 28 författning,
839 1466 101 19 warrant-

111 1492 69 28 lagen,
196 1495 30 19 ett
240 1493 69 27 dylikt
324 1493 116 27 stadgande
455 1493 67 27 ingär.
