1142 1773
216 129 55 21 1348
421 136 179 21 Borgareståndet
613 137 56 16 1894.
693 137 26 16 23
731 137 47 20 maj.

186 221 115 15 munernas
316 216 120 27 skyldighet
451 218 30 19 att
496 216 77 21 inrätta
588 216 121 21 folkskolor.
739 216 121 27 Angående
876 216 70 21 denna
959 216 56 27 skyl-

186 244 73 27 dighet
274 244 82 26 yttrade
370 245 35 27 jag
421 245 43 27 mig
479 245 66 21 redan
562 244 34 21 vid
611 245 175 21 remissdebatten
803 245 34 20 för
852 247 29 19 ett
897 245 51 21 visst
960 245 55 27 slags

186 272 70 28 tvång.
286 273 41 27 Jag
350 273 75 21 nämde
440 274 65 20 redan
522 273 26 21 då
564 276 29 18 att
609 274 34 20 det
659 280 49 14 vore
724 274 41 26 hög
781 274 30 20 tid
828 274 26 26 på
869 274 39 20 och
923 274 92 20 särdeles

186 301 115 21 önskvärdt
324 304 29 18 att
368 302 63 20 redan
448 302 35 20 vid
500 302 69 20 denna
586 302 100 26 landtdag
701 302 103 21 fastställa
820 302 147 27 skyldigheten
985 302 31 20 för

186 330 73 27 hvarje
275 330 101 21 kommun
392 332 30 19 att
437 331 89 27 anlägga
542 331 65 20 minst
623 337 25 14 en
665 331 64 20 skola.
759 330 42 28 Jag
815 337 62 15 anser
887 330 128 21 fortfarande

187 360 31 18 att
240 358 69 21 denna
332 359 120 27 skyldighet
475 359 65 21 redan
563 360 36 20 vid
614 359 109 27 pågående
738 359 103 27 landtdag
859 360 63 20 borde
938 360 77 20 införas

187 387 40 20 och
250 388 98 20 omfattar
370 388 70 20 därför
458 388 42 20 den
516 388 34 20 del
566 388 21 20 af
603 388 111 20 utskottets
731 388 141 26 betänkande,
894 394 45 14 som
955 388 61 20 berör

187 416 71 20 denna
280 416 43 26 sak,
344 416 53 21 dock
420 416 46 21 icke
489 417 7 19 i
519 416 41 21 den
576 417 55 20 form
652 416 111 21 utskottets
781 416 108 27 majoritet
903 416 112 27 föreslagit,

188 446 51 19 utan
260 445 77 20 önskar
354 446 35 26 jag
403 445 7 20 i
426 445 75 21 sådant
517 445 120 21 hänseende
653 445 82 21 ansluta
750 445 45 27 mig
811 445 32 21 till
858 445 156 21 reservationen

188 479 34 14 n:o
240 473 17 27 1,
274 474 85 21 hvilken
374 476 54 19 mest
443 476 85 19 närmar
543 475 32 26 sig
590 474 40 21 den
647 474 136 27 ståndpunkt,
800 481 46 14 som
861 475 36 26 jag
912 475 82 26 intager
1008 474 6 20 i

186 501 80 28 frågan,
283 503 37 20 och
338 503 36 20 där
389 503 28 20 all
432 503 98 26 läroplikt
546 505 22 18 är
585 503 110 20 utesluten.
726 502 47 21 Den
791 505 104 25 upptager
909 503 39 20 ock
959 503 56 26 skyl-

187 531 99 26 digheten
302 533 30 19 att
346 532 76 20 inrätta
438 531 53 21 blott
506 538 27 14 en
546 532 64 26 högre
621 531 120 21 folkskola
738 527 15 36 i
752 531 139 21 kommunen.
915 531 100 21 Reserva-

187 559 72 20 tionen
283 560 116 20 innehåller
418 560 101 27 därjämte
535 562 29 19 ett
579 560 31 20 frö
627 560 31 20 till
675 560 69 20 vidare
760 560 125 27 utveckling
901 560 20 21 af
937 560 77 24 frågan.

186 587 49 21 Men
259 588 62 21 äfven
337 591 43 18 mut
396 589 70 20 denna
480 589 131 20 reservation
627 591 23 18 är
664 589 101 26 åtskilligt
781 591 30 18 att
827 589 105 20 anmärka.
962 588 53 21 Doss

187 616 73 21 rubrik
276 617 70 26 lyder:
368 617 86 27 Förslag
470 617 31 21 till
517 617 124 27 förordning
657 617 108 27 angående
782 617 166 21 kommunernas
959 617 56 26 skyl-

188 645 72 27 dighet
282 648 30 18 att
332 646 74 21 inrätta
423 646 64 26 högre
502 646 121 21 folkskolor.
654 645 75 22 Denna
745 646 123 27 skyldighet
885 646 62 21 borde
963 645 53 21 säle-

187 673 37 21 des
240 676 75 25 utgöra
330 675 36 20 det
381 675 54 20 enda
450 675 111 20 föremålet
571 675 32 20 för
613 675 187 26 bestämningarna
810 675 7 20 i
827 675 111 26 förslagets
948 675 67 20 skilda

188 702 64 21 delar.
283 703 27 20 Sä
326 705 22 18 är
364 703 116 21 emellertid
496 703 47 21 icke
558 703 64 20 fallet.
653 703 145 21 Reservanten
815 705 103 25 upptager
933 703 83 20 utöfver

187 731 71 20 denna
280 732 120 27 skyldighet
422 732 102 27 atskilligt
541 732 110 27 angående
667 732 48 20 såväl
739 732 172 26 organisationen
927 732 20 20 af
962 731 53 20 folk-

187 759 99 22 skolorna
309 767 46 14 som
377 763 61 18 sättet
454 761 54 20 huru
524 761 61 20 dessa
601 760 70 21 skolor
687 761 50 20 böra
752 761 127 20 öfvervakas
894 761 39 20 och
948 760 68 21 under

187 788 81 21 hvilket
282 789 101 20 inseende
399 789 25 21 de
441 789 50 21 böra
506 789 38 20 stå.
573 789 67 20 Dessa
656 789 159 26 bestämningar
830 789 32 20 stå
877 789 6 20 i
899 789 52 20 intet
961 795 55 14 sam-

187 817 107 27 manhang
317 818 49 20 med
386 818 101 21 rubriken
515 818 39 20 och
577 818 69 20 skulle
661 818 35 27 jag
725 818 57 20 därför
797 817 78 21 föreslå
891 820 29 18 att
935 824 25 13 ur
975 817 41 20 för-

188 845 67 28 slaget
270 846 7 20 i
293 847 156 20 reservationen
466 847 12 26 $
495 847 10 20 1
523 847 38 20 och
578 847 12 26 $
607 847 12 19 2
635 847 64 20 måtte
714 846 136 27 fullständigt
865 846 55 27 utgå.
951 847 7 19 I
975 846 12 26 $
1004 846 11 20 1

188 873 127 22 bestämmes
331 875 105 27 nämligen
453 875 71 21 hvilka
540 875 121 21 läroämnen
678 875 59 21 skola
751 875 52 27 ingå
818 875 6 20 i
838 875 119 21 folkskolan
977 875 39 20 och

188 903 58 21 detta
261 904 49 20 sker
324 904 26 26 på
366 906 29 18 ett
410 904 75 20 sådant
500 906 41 18 sätt
556 906 30 18 att
598 910 47 14 man
657 904 46 20 icke
716 904 32 20 får
758 904 57 20 klart
825 904 32 20 för
868 904 31 27 sig
910 910 34 14 om
956 903 60 21 dessa

188 933 77 19 ämnen
288 934 36 18 äro
347 932 25 21 de
389 932 60 26 enda,
470 939 45 14 som
531 932 59 21 skola
605 932 50 27 ingå
670 932 7 20 i
692 932 131 27 läroplanen,
839 932 52 21 eller
903 938 34 14 om
952 932 64 26 jämte

188 960 48 20 dem
250 960 61 21 äfven
328 961 65 20 andra
408 961 122 21 läroämnen
546 961 73 20 kunna
635 961 81 21 tillåtas.
747 960 105 21 Särskildt
867 960 37 21 vill
918 961 35 26 jag
964 960 53 21 fästa

187 989 213 26 uppmärksamheten
423 990 35 20 vid
478 990 41 20 den
535 989 147 27 egendomliga
698 989 171 23 bestämmelsen,
884 996 45 14 som
945 989 70 26 lyder:

189 1016 54 21 »För
258 1018 41 20 alla
315 1018 51 20 barn
382 1018 21 20 af
417 1018 69 20 finska
501 1018 138 27 medborgare
655 1018 37 20 bör
707 1018 82 20 tillfälle
806 1018 89 20 beredas
905 1020 30 18 att
945 1017 27 28 på
982 1018 35 20 sitt

187 1046 129 20 modersmål
340 1046 79 21 erhålla
444 1046 173 27 undervisning».
647 1046 44 21 Har
714 1048 29 19 ett
766 1046 54 21 barn
843 1046 32 21 till
890 1046 127 21 modersmål

188 1074 83 27 tyskan,
294 1074 38 21 bör
350 1075 35 21 det
400 1075 82 21 således
498 1075 79 21 erhålla
592 1075 153 27 undervisning
760 1075 27 27 på
803 1075 68 27 tyska,
886 1076 23 19 är
924 1074 93 21 moders-

187 1102 65 21 målet
268 1104 68 25 ryska,
353 1104 37 20 bör
405 1104 181 27 undervisningen
602 1104 108 20 meddelas
725 1103 26 27 på
766 1104 72 26 ryska,
854 1105 23 19 är
892 1103 35 21 det
941 1103 75 27 finska,

187 1131 39 20 bör
240 1132 181 27 undervisningen
436 1132 38 21 ske
489 1132 27 27 på
530 1132 74 26 finska,
620 1132 39 20 och
669 1134 23 18 är
702 1132 35 20 det
747 1132 100 25 svenska,
858 1132 23 20 så
892 1132 38 20 bör
940 1132 77 20 under-

188 1160 111 27 visningen
324 1160 108 21 meddelas
455 1160 26 28 på
504 1160 57 21 detta
583 1160 67 28 språk.
679 1160 36 21 Ett
737 1160 77 21 sådant
834 1160 122 28 stadgande,
971 1166 46 14 som

188 1188 69 21 skulle
279 1189 49 21 leda
348 1189 69 21 därtill
446 1191 30 19 att
494 1196 48 14 man
558 1189 8 20 i
581 1189 46 21 vårt
641 1189 50 21 land
707 1189 70 21 blefve
793 1190 96 26 tvungen
905 1190 29 20 att
949 1188 68 21 införa

188 1216 71 21 skolor
282 1217 48 21 med
353 1218 41 20 alla
409 1218 86 26 möjliga
511 1217 231 27 undervisningsspråk,
753 1224 64 14 anser
832 1218 35 26 jag
882 1217 47 21 icke
944 1217 73 20 kunna

188 1248 93 24 antagas.
311 1246 41 20 Det
375 1248 23 18 är
420 1246 61 21 äfven
505 1246 27 27 på
547 1246 70 20 denna
632 1246 68 27 grund
715 1247 36 26 jag
766 1246 107 20 förkastar
887 1246 129 27 paragrafen.

188 1273 33 21 Då
236 1274 7 20 i
260 1275 12 26 $
288 1275 12 19 2
316 1275 111 27 ingenting
442 1277 65 18 annat
522 1275 84 27 stadgas
622 1277 26 17 än
664 1277 29 18 att
711 1281 46 13 »om
775 1274 126 21 barnskolor
916 1276 23 18 är
953 1274 64 20 skildt

188 1302 118 28 stadgadt»,
329 1310 62 14 anser
409 1304 35 26 jag
460 1304 70 20 denna
544 1303 97 27 paragraf
657 1303 130 27 öfverflödig.
819 1303 63 21 Hvad
897 1302 120 21 sedermera

189 1331 26 26 $$
238 1332 56 20 3—5
318 1332 136 26 vidkommer,
477 1334 35 18 äro
535 1332 45 20 dei
595 1332 120 20 hufvudsak
731 1332 108 26 antagliga
855 1332 40 20 och
910 1331 107 21 öfverens-

188 1361 90 19 stämma
294 1360 47 21 med
358 1360 40 20 den
414 1360 119 26 föreslagna
549 1360 106 21 rubriken.
685 1360 44 20 Mot
745 1360 12 26 $
775 1361 12 19 3
805 1360 49 20 ville
869 1360 36 27 jag
915 1360 54 20 dock
980 1366 37 14 an-

188 1388 74 20 märka
284 1390 35 25 att,
336 1388 26 21 dä
378 1389 43 20 däri
437 1395 26 15 en
480 1389 125 27 hänvisning
621 1390 60 25 göres
697 1388 31 21 till
743 1389 67 20 första
825 1388 131 28 paragrafen,
972 1394 45 14 som

188 1416 110 27 uteslutes,
316 1417 122 21 densamma
455 1417 132 27 naturligtvis
604 1418 37 20 bör
655 1417 138 21 omstiliseras
809 1418 40 20 och
863 1416 72 21 kunde
951 1416 66 27 enligt

188 1445 44 19 min
256 1446 135 26 uppfattning
410 1446 80 20 erhålla
505 1446 90 26 ungefär
609 1445 92 27 följande
717 1445 94 27 lydelse:
844 1446 91 26 »Hvarje
950 1444 67 21 stads-

188 1473 103 21 kommun
308 1474 80 27 äligger
403 1477 29 18 att
448 1474 76 21 inrätta
540 1474 39 20 och
594 1474 140 27 upprätthälla
750 1474 119 20 folkskolor
883 1474 32 20 till
931 1474 35 20 det
981 1480 36 13 an-

188 1502 29 20 tal
240 1505 30 17 att
284 1502 41 20 alla
341 1503 25 20 de
382 1503 51 20 barn
450 1503 6 20 i
472 1502 126 27 skoläidern,
613 1509 46 14 som
674 1502 46 21 icke
739 1503 1 19 i
757 1503 102 20 hemmen
875 1502 52 21 eller
941 1508 76 14 annor-

188 1530 71 21 städes
275 1531 78 21 erhålla
369 1531 148 21 motsvarande
532 1531 52 21 eller
598 1537 58 15 mera
672 1531 131 21 omfattande
814 1531 127 27 kunskaper,
951 1530 7 20 i
969 1530 48 21 dem
