1142 1773
236 122 54 20 1036
446 128 180 22 Borgareständet
651 129 56 17 1894.
721 130 19 16 11
754 128 47 21 maj.

207 209 61 19 vutse
290 208 80 26 ajaessa
385 220 27 3 —
427 209 21 27 ja
468 209 125 21 silloinkaan
616 215 26 15 en
664 209 75 21 voinut
757 208 71 28 paljon
843 208 68 21 niihin
927 208 108 28 perehtyä,

207 238 68 19 mutta
296 242 37 15 sen
352 237 93 21 mukaan
468 238 51 20 mitä
542 238 92 20 kartasta
650 238 34 20 voi
700 238 106 26 huomata,
822 239 86 25 näyttää
922 236 111 22 kuitenkin

207 264 52 24 siltä,
276 266 41 20 että
330 264 134 28 Lohjanjärvi
475 266 20 27 jo
507 272 27 14 on
546 266 143 20 välittömässä
698 266 129 26 yhteydessä
837 266 104 21 rautatien
952 266 83 25 kanssa,

206 295 68 19 mutta
290 296 42 18 että
346 294 125 21 Hiidenvesi
487 295 19 20 ei
522 294 39 21 ole.
584 294 124 21 Molemmat
722 295 68 27 järvet
800 296 49 19 ovat
861 294 110 21 kuitenkin
983 293 51 21 siksi

206 321 78 21 lähellä
306 322 116 28 rautatietä,
442 324 42 20 että
507 323 71 21 tuskin
601 323 163 21 kanavoiminen
788 323 73 21 niiden
880 323 70 20 välillä
965 322 69 21 lienee

207 352 87 25 tarpeen
310 351 95 21 vaatima.
435 351 132 27 Hiidenvesi,
582 352 67 20 kuten
665 352 62 20 täällä
741 352 28 26 jo,
784 352 33 26 jos
832 352 58 20 minä
905 351 69 21 oikein
987 358 47 20 ym-

206 379 86 27 märsin,
308 386 25 13 on
350 379 100 27 lausuttu,
466 380 68 21 lienee
549 380 45 20 niin
609 380 78 21 lähellä
702 380 112 21 rautatietä
829 382 42 18 että
883 380 48 20 siitä
941 386 26 14 on
979 386 54 14 vaan

208 407 76 27 11,42
327 408 118 21 kilometriä
460 408 124 22 rautatielle.
614 409 131 21 Perusteena
766 408 98 28 puheena
879 408 75 22 olevan
970 408 64 21 kana-

207 442 40 14 van
264 436 168 22 rakentamiseen
453 444 27 14 on
497 437 143 21 valiokunnan
662 438 139 20 mietinnössä
816 437 98 27 myöskin
929 437 106 25 mainittu,

207 466 42 19 että
265 465 127 21 Nummelan
408 472 87 15 aseman
510 466 77 21 lähellä
602 473 27 14 on
646 466 45 21 niin
705 466 77 27 jyrkkä
797 466 87 21 selänne
899 466 50 21 ettei
963 467 70 20 rauta-

208 493 58 21 tielle
281 493 64 27 hyvin
362 494 62 21 voida
439 497 77 25 päästä.
546 495 59 20 Minä
620 501 27 14 en
662 495 57 20 tiedä
734 495 80 20 kuinka
823 495 86 26 jyrkkiä
919 497 60 18 nämä
990 494 44 27 pai-

207 521 36 21 kat
258 524 49 19 ovat
321 523 21 26 ja
357 522 80 21 kuinka
452 523 64 27 hyviä
531 524 44 20 tahi
589 523 81 21 kuinka
693 523 94 27 huonoja
802 523 63 21 täällä
880 523 70 21 ollaan
966 525 68 18 vasta-

206 550 72 21 mäkiä
292 557 134 15 nousemaan.
457 551 68 22 Mutta
549 552 42 20 kun
614 552 63 21 täällä
698 552 59 21 kaksi
779 552 80 26 säädyn
875 552 86 27 jäsentä,
976 551 59 28 jotka

207 579 163 28 paikallis-oloja
385 582 101 25 tuntevat,
502 587 27 14 on
541 581 110 26 väittänyt,
662 582 42 19 että
714 581 97 27 puheena
823 580 60 21 oleva
894 580 141 21 kanavoimis-

208 609 36 25 työ
259 608 21 26 jo
296 608 131 21 liikkeenkin
442 609 114 27 vähyyden
571 609 57 21 takia
643 616 26 13 on
686 611 116 26 tarpeeton,
817 609 44 20 niin
877 609 85 27 pyydän
979 609 56 20 vielä

208 642 37 15 sen
261 636 71 21 lisäksi
348 637 142 27 huomauttaa,
506 639 47 25 että,
563 638 33 27 jos
611 638 116 21 todellakin
750 637 129 22 Nummelan
895 644 85 14 aseman
996 637 39 21 tie-

207 665 66 20 noilla
288 665 82 21 olevien
385 666 97 27 jyrkkien
499 666 84 21 mäkien
599 667 77 20 tähden
692 667 96 20 kanavaa
803 666 115 21 tahdotaan
927 666 108 27 rakentaa,

208 693 47 20 olisi
271 693 81 22 kenties
367 696 62 25 syytä
444 695 74 26 tutkia,
534 695 47 20 eikö
597 695 43 20 asia
657 695 46 20 olisi
719 695 171 20 huokeammalla
905 695 76 20 tavalla
997 701 37 14 au-

207 722 113 27 tettavissa,
336 729 15 14 s.
367 729 17 14 o.
398 723 46 21 eikö
456 724 53 20 voisi
519 724 114 21 maantietä
643 724 64 20 saada
718 723 153 27 loivemmaksi,
881 724 52 27 jotta
944 723 90 21 Hiiden-

208 750 67 21 veden
292 751 111 27 ympärillä
418 751 70 22 olevat
502 752 103 21 asukkaat
620 753 117 26 paremmin
753 752 113 27 pääsisivät
881 752 103 21 rautatien
995 752 39 27 yh-

207 781 91 24 teyteen.
328 779 70 21 Tähän
414 781 116 26 nojautuen
554 781 57 20 minä
627 781 119 27 puolestani
769 781 98 26 myöskin
883 781 99 20 tahtoisin
998 781 36 20 eh-

208 807 71 21 dottaa
304 808 99 27 säädylle,
428 809 51 21 ettei
504 809 181 21 anomusehdotus
711 809 75 21 antaisi
812 809 78 21 aihetta
912 809 121 20 mihinkään

207 836 97 21 toimeen.

276 893 33 21 Hr
324 893 171 27 Stigzelius:
526 894 40 22 För
582 895 44 20 min
641 895 35 21 del
690 895 39 21 har
743 896 35 26 jag
793 895 22 20 af
824 895 25 21 hr
859 895 128 21 Stenströms
998 901 36 15 an-

208 921 107 27 dragande
331 922 69 21 blifvit
415 923 124 27 öfvertygad
563 923 71 21 därom
651 925 30 19 att
704 924 70 21 denna
790 924 87 26 petition
894 924 37 20 bör
945 923 90 26 förfalla,

206 956 50 14 men
272 950 7 20 i
294 950 42 21 alla
350 951 36 21 fall
402 951 54 21 lider
478 952 36 20 det
528 952 53 20 intet
602 952 75 21 tvifvel
693 954 30 19 att
739 958 27 14 en
781 952 53 20 brist
848 952 7 20 i
871 952 111 21 utskottets
998 952 36 21 be-

206 978 107 22 tänkande
336 980 37 20 här
387 979 113 28 föreligger
522 981 40 20 och
577 980 36 21 det
635 980 72 21 kunde
722 980 71 21 hända
807 983 30 18 att
853 980 40 21 den
909 980 62 26 kläm,
987 987 47 14 som

207 1007 102 21 utskottet
324 1014 29 14 nu
368 1008 38 21 har
421 1008 113 28 föreslagit,
550 1009 21 20 af
586 1009 26 21 de
628 1009 67 27 öfriga
711 1009 90 21 ständen
816 1009 69 21 skulle
900 1009 133 27 godkännas;

207 1036 39 20 och
262 1036 27 20 dä
304 1036 68 21 skulle
388 1037 114 21 ständerna
517 1044 49 14 vara
581 1040 96 24 tvungna
692 1040 30 18 att
737 1037 26 27 pä
779 1038 61 20 dessa
856 1037 69 27 däliga
935 1038 99 26 grunder,

206 1070 46 14 som
268 1064 102 22 utskottet
384 1072 30 13 nu
429 1065 110 27 framstält,
554 1066 125 27 petitionera
693 1066 8 20 i
716 1066 71 21 saken.
803 1066 41 20 För
859 1068 30 19 att
903 1066 131 20 förekomma

207 1092 57 21 detta
286 1093 64 26 yrkar
368 1094 36 26 jag
426 1094 26 26 pä
468 1096 30 18 att
521 1094 174 27 borgareständet
713 1094 65 21 mätte
794 1094 151 22 äterremittera
961 1094 73 22 betän-

207 1120 79 22 kandet
301 1122 32 20 till
348 1122 102 21 utskottet
465 1122 26 28 pä
506 1122 36 21 det
557 1125 30 19 att
602 1123 102 21 utskottet
719 1123 62 21 äfven
798 1123 72 21 kunde
886 1125 47 25 taga
944 1123 26 21 de
981 1130 52 20 upp-

206 1148 116 28 lysningar,
338 1156 44 14 som
398 1150 26 21 hr
438 1150 117 22 Stenström
571 1158 29 14 nu
615 1152 113 26 meddelat,
744 1152 69 20 under
828 1151 154 27 öfvervägande
994 1152 40 20 och

206 1178 66 20 sedan
288 1178 84 21 komma
387 1179 22 20 in
425 1179 48 21 med
489 1186 29 20 ny
533 1180 156 27 framställning
703 1180 6 20 i
726 1180 71 20 saken.

274 1234 34 21 Hr
322 1235 153 27 Tallgvist:
504 1236 37 21 Ett
556 1236 75 21 sädant
653 1236 195 21 äterremitterande
864 1236 31 21 till
911 1236 101 21 utskottet
1026 1236 8 20 i

207 1262 70 21 denna
293 1263 58 27 fräga
366 1264 60 20 torde
445 1271 89 14 numera
550 1272 49 13 vara
619 1265 130 27 fullkomligt
765 1264 138 28 öfverflödigt,
919 1267 22 25 ty
963 1265 69 21 säsom

206 1290 66 22 kändt
294 1292 38 20 har
346 1292 23 27 ju
393 1292 57 21 detta
466 1293 133 21 betänkande
620 1294 67 20 redan
702 1293 70 21 blifvit
791 1294 129 20 behandladt
934 1294 7 20 i
957 1295 78 19 tvänne

206 1319 61 21 ständ
284 1320 38 21 och
338 1320 41 21 kan
395 1321 83 21 säledes
492 1322 46 20 icke
554 1328 57 14 mera
627 1322 7 20 i
650 1322 61 20 dessa
727 1322 61 20 ständ
799 1322 32 20 till
841 1322 130 27 behandling
980 1328 53 21 upp-

205 1350 65 24 tagas.
300 1348 42 22 Det
357 1351 23 19 är
401 1350 86 26 mycket
508 1350 91 21 ledsamt
621 1352 30 19 att
674 1350 103 21 utskottet
791 1350 39 21 har
844 1350 61 27 gifvit
920 1350 113 21 ständerna

206 1376 41 21 den
263 1377 157 27 upplysningen
434 1380 30 19 att
479 1378 69 27 nägon
564 1378 160 28 undersökning
739 1379 22 20 af
775 1378 161 28 ifrägavarande
951 1380 82 19 vatten-

205 1404 53 28 drag
272 1406 8 19 i
295 1406 39 20 och
349 1406 33 20 för
404 1406 143 28 kanalisering
568 1407 47 21 icke
631 1408 38 20 har
683 1407 116 27 försiggätt,
815 1414 48 14 men
879 1407 102 21 utskottet
995 1407 39 21 har

204 1432 40 22 fätt
267 1434 71 20 denna
360 1434 130 28 upplysning
512 1435 55 21 ifrän
589 1436 165 26 öfverstyrelsen
777 1436 33 20 för
833 1438 49 25 väg-
897 1436 39 20 och
952 1437 81 19 vatten-

204 1461 160 29 byggnaderna,
380 1469 46 15 som
441 1464 49 20 med
506 1464 133 20 bestämdhet
653 1464 74 27 pästod
743 1466 30 18 att
789 1464 22 20 sä
827 1471 38 14 var
879 1464 64 21 fallet.
969 1464 64 20 Detta

204 1490 75 26 tyckes
294 1490 54 22 dock
364 1492 46 20 icke
426 1498 40 21 ega
481 1492 32 20 sin
528 1492 105 26 riktighet.
655 1491 61 22 Dock
732 1492 37 21 vill
784 1493 36 27 jag
835 1492 100 21 anmärka
951 1494 29 19 att
991 1492 42 21 den

204 1518 167 29 undersökning,
387 1526 35 14 om
436 1520 86 21 hvilken
538 1521 26 20 hr
578 1520 117 22 Stenström
711 1521 38 21 här
764 1521 105 27 relaterat,
880 1523 23 18 är
914 1521 63 27 nägot
988 1520 45 21 vid-
