<?xml version="1.0" encoding="UTF-8"?>
<alto xmlns="http://www.loc.gov/standards/alto/ns-v3#" xmlns:xlink="http://www.w3.org/1999/xlink" xmlns:xsi="http://www.w3.org/2001/XMLSchema-instance" xsi:schemaLocation="http://www.loc.gov/standards/alto/ns-v3# http://www.loc.gov/alto/v3/alto-3-0.xsd">
	<Description>
		<MeasurementUnit>pixel</MeasurementUnit>
		<sourceImageInformation>
			<fileName>/tmp/tess__fpmi2to_input.PNG</fileName>
		</sourceImageInformation>
		<OCRProcessing ID="OCR_0">
			<ocrProcessingStep>
				<processingSoftware>
					<softwareName>tesseract 5.3.4</softwareName>
				</processingSoftware>
			</ocrProcessingStep>
		</OCRProcessing>
	</Description>
	<Layout>
		<Page WIDTH="1142" HEIGHT="1773" PHYSICAL_IMG_NR="0" ID="page_0">
			<PrintSpace HPOS="0" VPOS="0" WIDTH="1142" HEIGHT="1773">
				<GraphicalElement ID="cblock_0" HPOS="0" VPOS="599" WIDTH="3" HEIGHT="398"></GraphicalElement >
				<ComposedBlock ID="cblock_1" HPOS="223" VPOS="119" WIDTH="555" HEIGHT="27">
					<TextBlock ID="block_0" HPOS="223" VPOS="119" WIDTH="555" HEIGHT="27">
						<TextLine ID="line_0" HPOS="223" VPOS="119" WIDTH="555" HEIGHT="27">
							<String ID="string_0" HPOS="223" VPOS="119" WIDTH="55" HEIGHT="21" WC="0.96" CONTENT="1630"/><SP WIDTH="152" VPOS="119" HPOS="278"/>
							<String ID="string_1" HPOS="430" VPOS="125" WIDTH="179" HEIGHT="21" WC="0.91" CONTENT="Borgareståndet"/><SP WIDTH="12" VPOS="125" HPOS="609"/>
							<String ID="string_2" HPOS="621" VPOS="126" WIDTH="58" HEIGHT="16" WC="0.96" CONTENT="1894."/><SP WIDTH="24" VPOS="126" HPOS="679"/>
							<String ID="string_3" HPOS="703" VPOS="127" WIDTH="12" HEIGHT="16" WC="0.95" CONTENT="2"/><SP WIDTH="12" VPOS="127" HPOS="715"/>
							<String ID="string_4" HPOS="727" VPOS="126" WIDTH="51" HEIGHT="20" WC="0.96" CONTENT="juni."/>
						</TextLine>
					</TextBlock>
				</ComposedBlock>
				<GraphicalElement ID="cblock_2" HPOS="194" VPOS="160" WIDTH="828" HEIGHT="3"></GraphicalElement >
				<ComposedBlock ID="cblock_3" HPOS="193" VPOS="204" WIDTH="829" HEIGHT="110">
					<TextBlock ID="block_1" HPOS="193" VPOS="204" WIDTH="829" HEIGHT="110">
						<TextLine ID="line_1" HPOS="261" VPOS="204" WIDTH="761" HEIGHT="29">
							<String ID="string_5" HPOS="261" VPOS="204" WIDTH="33" HEIGHT="22" WC="0.96" CONTENT="Hr"/><SP WIDTH="22" VPOS="204" HPOS="294"/>
							<String ID="string_6" HPOS="316" VPOS="205" WIDTH="122" HEIGHT="21" WC="0.93" CONTENT="talmannen"/><SP WIDTH="22" VPOS="205" HPOS="438"/>
							<String ID="string_7" HPOS="460" VPOS="206" WIDTH="111" HEIGHT="26" WC="0.89" CONTENT="genmälde"/><SP WIDTH="16" VPOS="206" HPOS="571"/>
							<String ID="string_8" HPOS="587" VPOS="206" WIDTH="70" HEIGHT="21" WC="0.96" CONTENT="härtill"/><SP WIDTH="16" VPOS="206" HPOS="657"/>
							<String ID="string_9" HPOS="673" VPOS="208" WIDTH="35" HEIGHT="24" WC="0.96" CONTENT="att,"/><SP WIDTH="16" VPOS="208" HPOS="708"/>
							<String ID="string_10" HPOS="724" VPOS="206" WIDTH="67" HEIGHT="27" WC="0.96" CONTENT="enligt"/><SP WIDTH="14" VPOS="206" HPOS="791"/>
							<String ID="string_11" HPOS="805" VPOS="206" WIDTH="53" HEIGHT="20" WC="0.93" CONTENT="hans"/><SP WIDTH="16" VPOS="206" HPOS="858"/>
							<String ID="string_12" HPOS="874" VPOS="206" WIDTH="148" HEIGHT="27" WC="0.93" CONTENT="öfvertygelse,"/>
						</TextLine>
						<TextLine ID="line_2" HPOS="193" VPOS="233" WIDTH="829" HEIGHT="29">
							<String ID="string_13" HPOS="193" VPOS="233" WIDTH="53" HEIGHT="21" WC="0.96" CONTENT="intet"/><SP WIDTH="23" VPOS="233" HPOS="246"/>
							<String ID="string_14" HPOS="269" VPOS="234" WIDTH="75" HEIGHT="20" WC="0.96" CONTENT="hinder"/><SP WIDTH="19" VPOS="234" HPOS="344"/>
							<String ID="string_15" HPOS="363" VPOS="234" WIDTH="80" HEIGHT="27" WC="0.96" CONTENT="förelåg"/><SP WIDTH="15" VPOS="234" HPOS="443"/>
							<String ID="string_16" HPOS="458" VPOS="234" WIDTH="33" HEIGHT="21" WC="0.96" CONTENT="för"/><SP WIDTH="15" VPOS="234" HPOS="491"/>
							<String ID="string_17" HPOS="506" VPOS="234" WIDTH="83" HEIGHT="22" WC="0.96" CONTENT="ståndet"/><SP WIDTH="16" VPOS="234" HPOS="589"/>
							<String ID="string_18" HPOS="605" VPOS="237" WIDTH="30" HEIGHT="19" WC="0.96" CONTENT="att"/><SP WIDTH="14" VPOS="237" HPOS="635"/>
							<String ID="string_19" HPOS="649" VPOS="235" WIDTH="30" HEIGHT="21" WC="0.96" CONTENT="till"/><SP WIDTH="18" VPOS="235" HPOS="679"/>
							<String ID="string_20" HPOS="697" VPOS="234" WIDTH="72" HEIGHT="28" WC="0.96" CONTENT="slutlig"/><SP WIDTH="16" VPOS="234" HPOS="769"/>
							<String ID="string_21" HPOS="785" VPOS="234" WIDTH="130" HEIGHT="27" WC="0.92" CONTENT="behandling"/><SP WIDTH="15" VPOS="234" HPOS="915"/>
							<String ID="string_22" HPOS="930" VPOS="236" WIDTH="92" HEIGHT="26" WC="0.92" CONTENT="upptaga"/>
						</TextLine>
						<TextLine ID="line_3" HPOS="194" VPOS="263" WIDTH="827" HEIGHT="27">
							<String ID="string_23" HPOS="194" VPOS="263" WIDTH="322" HEIGHT="27" WC="0.90" CONTENT="sammanjämkningsförslaget,"/><SP WIDTH="16" VPOS="263" HPOS="516"/>
							<String ID="string_24" HPOS="532" VPOS="263" WIDTH="26" HEIGHT="21" WC="0.96" CONTENT="då"/><SP WIDTH="16" VPOS="263" HPOS="558"/>
							<String ID="string_25" HPOS="574" VPOS="263" WIDTH="118" HEIGHT="21" WC="0.96" CONTENT="detsamma"/><SP WIDTH="15" VPOS="263" HPOS="692"/>
							<String ID="string_26" HPOS="707" VPOS="263" WIDTH="32" HEIGHT="21" WC="0.96" CONTENT="till"/><SP WIDTH="12" VPOS="263" HPOS="739"/>
							<String ID="string_27" HPOS="751" VPOS="263" WIDTH="112" HEIGHT="21" WC="0.96" CONTENT="ständerna"/><SP WIDTH="13" VPOS="263" HPOS="863"/>
							<String ID="string_28" HPOS="876" VPOS="263" WIDTH="112" HEIGHT="21" WC="0.95" CONTENT="inkommit"/><SP WIDTH="10" VPOS="263" HPOS="988"/>
							<String ID="string_29" HPOS="998" VPOS="263" WIDTH="23" HEIGHT="21" WC="0.96" CONTENT="så"/>
						</TextLine>
						<TextLine ID="line_4" HPOS="193" VPOS="291" WIDTH="828" HEIGHT="23">
							<String ID="string_30" HPOS="193" VPOS="292" WIDTH="47" HEIGHT="19" WC="0.96" CONTENT="sent"/><SP WIDTH="15" VPOS="292" HPOS="240"/>
							<String ID="string_31" HPOS="255" VPOS="297" WIDTH="45" HEIGHT="14" WC="0.96" CONTENT="som"/><SP WIDTH="16" VPOS="297" HPOS="300"/>
							<String ID="string_32" HPOS="316" VPOS="298" WIDTH="29" HEIGHT="14" WC="0.96" CONTENT="nu"/><SP WIDTH="16" VPOS="298" HPOS="345"/>
							<String ID="string_33" HPOS="361" VPOS="292" WIDTH="60" HEIGHT="22" WC="0.96" CONTENT="skett,"/><SP WIDTH="16" VPOS="292" HPOS="421"/>
							<String ID="string_34" HPOS="437" VPOS="292" WIDTH="39" HEIGHT="20" WC="0.96" CONTENT="och"/><SP WIDTH="15" VPOS="292" HPOS="476"/>
							<String ID="string_35" HPOS="491" VPOS="292" WIDTH="54" HEIGHT="20" WC="0.96" CONTENT="hade"/><SP WIDTH="15" VPOS="292" HPOS="545"/>
							<String ID="string_36" HPOS="560" VPOS="292" WIDTH="25" HEIGHT="20" WC="0.96" CONTENT="hr"/><SP WIDTH="15" VPOS="292" HPOS="585"/>
							<String ID="string_37" HPOS="600" VPOS="292" WIDTH="123" HEIGHT="21" WC="0.96" CONTENT="talmannen"/><SP WIDTH="16" VPOS="292" HPOS="723"/>
							<String ID="string_38" HPOS="739" VPOS="292" WIDTH="52" HEIGHT="20" WC="0.96" CONTENT="altså"/><SP WIDTH="16" VPOS="292" HPOS="791"/>
							<String ID="string_39" HPOS="807" VPOS="292" WIDTH="32" HEIGHT="20" WC="0.93" CONTENT="för"/><SP WIDTH="13" VPOS="292" HPOS="839"/>
							<String ID="string_40" HPOS="852" VPOS="292" WIDTH="63" HEIGHT="20" WC="0.90" CONTENT="afsikt"/><SP WIDTH="10" VPOS="292" HPOS="915"/>
							<String ID="string_41" HPOS="925" VPOS="293" WIDTH="30" HEIGHT="19" WC="0.93" CONTENT="att"/><SP WIDTH="11" VPOS="293" HPOS="955"/>
							<String ID="string_42" HPOS="966" VPOS="291" WIDTH="55" HEIGHT="21" WC="0.93" CONTENT="före-"/>
						</TextLine>
					</TextBlock>
				</ComposedBlock>
				<ComposedBlock ID="cblock_4" HPOS="194" VPOS="319" WIDTH="826" HEIGHT="29">
					<TextBlock ID="block_2" HPOS="194" VPOS="319" WIDTH="826" HEIGHT="29">
						<TextLine ID="line_5" HPOS="194" VPOS="319" WIDTH="826" HEIGHT="29">
							<String ID="string_43" HPOS="194" VPOS="319" WIDTH="63" HEIGHT="28" WC="0.93" CONTENT="draga"/><SP WIDTH="23" VPOS="319" HPOS="257"/>
							<String ID="string_44" HPOS="280" VPOS="320" WIDTH="318" HEIGHT="28" WC="0.46" CONTENT="sammanjämkningsförslaget"/><SP WIDTH="21" VPOS="320" HPOS="598"/>
							<String ID="string_45" HPOS="619" VPOS="321" WIDTH="8" HEIGHT="20" WC="0.96" CONTENT="i"/><SP WIDTH="22" VPOS="321" HPOS="627"/>
							<String ID="string_46" HPOS="649" VPOS="320" WIDTH="100" HEIGHT="22" WC="0.93" CONTENT="afseende"/><SP WIDTH="18" VPOS="320" HPOS="749"/>
							<String ID="string_47" HPOS="767" VPOS="327" WIDTH="12" HEIGHT="14" WC="0.93" CONTENT="å"/><SP WIDTH="24" VPOS="327" HPOS="779"/>
							<String ID="string_48" HPOS="803" VPOS="320" WIDTH="82" HEIGHT="28" WC="0.93" CONTENT="slutligt"/><SP WIDTH="15" VPOS="320" HPOS="885"/>
							<String ID="string_49" HPOS="900" VPOS="319" WIDTH="120" HEIGHT="29" WC="0.92" CONTENT="afgörande."/>
						</TextLine>
					</TextBlock>
				</ComposedBlock>
				<ComposedBlock ID="cblock_5" HPOS="192" VPOS="382" WIDTH="830" HEIGHT="171">
					<TextBlock ID="block_3" HPOS="192" VPOS="382" WIDTH="830" HEIGHT="171">
						<TextLine ID="line_6" HPOS="261" VPOS="382" WIDTH="760" HEIGHT="28">
							<String ID="string_50" HPOS="261" VPOS="382" WIDTH="33" HEIGHT="21" WC="0.92" CONTENT="Hr"/><SP WIDTH="16" VPOS="382" HPOS="294"/>
							<String ID="string_51" HPOS="310" VPOS="382" WIDTH="128" HEIGHT="22" WC="0.89" CONTENT="Stenroth"/><SP WIDTH="15" VPOS="382" HPOS="438"/>
							<String ID="string_52" HPOS="453" VPOS="383" WIDTH="92" HEIGHT="27" WC="0.96" CONTENT="yttrade:"/><SP WIDTH="17" VPOS="383" HPOS="545"/>
							<String ID="string_53" HPOS="562" VPOS="383" WIDTH="41" HEIGHT="27" WC="0.96" CONTENT="Jag"/><SP WIDTH="16" VPOS="383" HPOS="603"/>
							<String ID="string_54" HPOS="619" VPOS="383" WIDTH="58" HEIGHT="27" WC="0.96" CONTENT="böjer"/><SP WIDTH="15" VPOS="383" HPOS="677"/>
							<String ID="string_55" HPOS="692" VPOS="383" WIDTH="43" HEIGHT="27" WC="0.96" CONTENT="mig"/><SP WIDTH="16" VPOS="383" HPOS="735"/>
							<String ID="string_56" HPOS="751" VPOS="383" WIDTH="134" HEIGHT="27" WC="0.96" CONTENT="naturligtvis"/><SP WIDTH="15" VPOS="383" HPOS="885"/>
							<String ID="string_57" HPOS="900" VPOS="383" WIDTH="33" HEIGHT="21" WC="0.96" CONTENT="för"/><SP WIDTH="14" VPOS="383" HPOS="933"/>
							<String ID="string_58" HPOS="947" VPOS="383" WIDTH="25" HEIGHT="21" WC="0.93" CONTENT="hr"/><SP WIDTH="10" VPOS="383" HPOS="972"/>
							<String ID="string_59" HPOS="982" VPOS="382" WIDTH="39" HEIGHT="21" WC="0.92" CONTENT="tal-"/>
						</TextLine>
						<TextLine ID="line_7" HPOS="192" VPOS="411" WIDTH="829" HEIGHT="28">
							<String ID="string_60" HPOS="192" VPOS="417" WIDTH="106" HEIGHT="15" WC="0.96" CONTENT="mannens"/><SP WIDTH="22" VPOS="417" HPOS="298"/>
							<String ID="string_61" HPOS="320" VPOS="411" WIDTH="96" HEIGHT="27" WC="0.95" CONTENT="tolkning"/><SP WIDTH="22" VPOS="411" HPOS="416"/>
							<String ID="string_62" HPOS="438" VPOS="412" WIDTH="20" HEIGHT="20" WC="0.95" CONTENT="af"/><SP WIDTH="24" VPOS="412" HPOS="458"/>
							<String ID="string_63" HPOS="482" VPOS="412" WIDTH="69" HEIGHT="20" WC="0.96" CONTENT="denna"/><SP WIDTH="22" VPOS="412" HPOS="551"/>
							<String ID="string_64" HPOS="573" VPOS="412" WIDTH="104" HEIGHT="27" WC="0.96" CONTENT="paragraf,"/><SP WIDTH="22" VPOS="412" HPOS="677"/>
							<String ID="string_65" HPOS="699" VPOS="418" WIDTH="50" HEIGHT="14" WC="0.96" CONTENT="men"/><SP WIDTH="21" VPOS="418" HPOS="749"/>
							<String ID="string_66" HPOS="770" VPOS="412" WIDTH="35" HEIGHT="27" WC="0.96" CONTENT="jag"/><SP WIDTH="20" VPOS="412" HPOS="805"/>
							<String ID="string_67" HPOS="825" VPOS="412" WIDTH="38" HEIGHT="20" WC="0.96" CONTENT="har"/><SP WIDTH="14" VPOS="412" HPOS="863"/>
							<String ID="string_68" HPOS="877" VPOS="412" WIDTH="46" HEIGHT="20" WC="0.96" CONTENT="icke"/><SP WIDTH="16" VPOS="412" HPOS="923"/>
							<String ID="string_69" HPOS="939" VPOS="412" WIDTH="82" HEIGHT="20" WC="0.96" CONTENT="kunnat"/>
						</TextLine>
						<TextLine ID="line_8" HPOS="193" VPOS="439" WIDTH="829" HEIGHT="29">
							<String ID="string_70" HPOS="193" VPOS="439" WIDTH="112" HEIGHT="22" WC="0.96" CONTENT="underlåta"/><SP WIDTH="15" VPOS="439" HPOS="305"/>
							<String ID="string_71" HPOS="320" VPOS="442" WIDTH="29" HEIGHT="19" WC="0.96" CONTENT="att"/><SP WIDTH="16" VPOS="442" HPOS="349"/>
							<String ID="string_72" HPOS="365" VPOS="442" WIDTH="77" HEIGHT="19" WC="0.96" CONTENT="nämna"/><SP WIDTH="16" VPOS="442" HPOS="442"/>
							<String ID="string_73" HPOS="458" VPOS="442" WIDTH="30" HEIGHT="19" WC="0.96" CONTENT="att"/><SP WIDTH="15" VPOS="442" HPOS="488"/>
							<String ID="string_74" HPOS="503" VPOS="440" WIDTH="66" HEIGHT="27" WC="0.96" CONTENT="enligt"/><SP WIDTH="15" VPOS="440" HPOS="569"/>
							<String ID="string_75" HPOS="584" VPOS="440" WIDTH="44" HEIGHT="21" WC="0.96" CONTENT="min"/><SP WIDTH="15" VPOS="440" HPOS="628"/>
							<String ID="string_76" HPOS="643" VPOS="440" WIDTH="135" HEIGHT="28" WC="0.93" CONTENT="uppfattning"/><SP WIDTH="15" VPOS="440" HPOS="778"/>
							<String ID="string_77" HPOS="793" VPOS="440" WIDTH="229" HEIGHT="27" WC="0.88" CONTENT="sammanjämknings-"/>
						</TextLine>
						<TextLine ID="line_9" HPOS="193" VPOS="469" WIDTH="827" HEIGHT="28">
							<String ID="string_78" HPOS="193" VPOS="469" WIDTH="101" HEIGHT="26" WC="0.96" CONTENT="förslaget"/><SP WIDTH="15" VPOS="469" HPOS="294"/>
							<String ID="string_79" HPOS="309" VPOS="475" WIDTH="29" HEIGHT="14" WC="0.96" CONTENT="nu"/><SP WIDTH="16" VPOS="475" HPOS="338"/>
							<String ID="string_80" HPOS="354" VPOS="469" WIDTH="48" HEIGHT="20" WC="0.93" CONTENT="bort"/><SP WIDTH="14" VPOS="469" HPOS="402"/>
							<String ID="string_81" HPOS="416" VPOS="469" WIDTH="126" HEIGHT="27" WC="0.91" CONTENT="bordläggas"/><SP WIDTH="15" VPOS="469" HPOS="542"/>
							<String ID="string_82" HPOS="557" VPOS="469" WIDTH="64" HEIGHT="21" WC="0.96" CONTENT="första"/><SP WIDTH="16" VPOS="469" HPOS="621"/>
							<String ID="string_83" HPOS="637" VPOS="469" WIDTH="88" HEIGHT="28" WC="0.96" CONTENT="gången."/><SP WIDTH="16" VPOS="469" HPOS="725"/>
							<String ID="string_84" HPOS="741" VPOS="469" WIDTH="60" HEIGHT="21" WC="0.96" CONTENT="Dock"/><SP WIDTH="11" VPOS="469" HPOS="801"/>
							<String ID="string_85" HPOS="812" VPOS="470" WIDTH="37" HEIGHT="20" WC="0.96" CONTENT="har"/><SP WIDTH="9" VPOS="470" HPOS="849"/>
							<String ID="string_86" HPOS="858" VPOS="470" WIDTH="35" HEIGHT="27" WC="0.96" CONTENT="jag"/><SP WIDTH="11" VPOS="470" HPOS="893"/>
							<String ID="string_87" HPOS="904" VPOS="469" WIDTH="48" HEIGHT="21" WC="0.96" CONTENT="med"/><SP WIDTH="11" VPOS="469" HPOS="952"/>
							<String ID="string_88" HPOS="963" VPOS="469" WIDTH="57" HEIGHT="21" WC="0.96" CONTENT="detta"/>
						</TextLine>
						<TextLine ID="line_10" HPOS="193" VPOS="497" WIDTH="827" HEIGHT="28">
							<String ID="string_89" HPOS="193" VPOS="497" WIDTH="117" HEIGHT="27" WC="0.96" CONTENT="ingalunda"/><SP WIDTH="16" VPOS="497" HPOS="310"/>
							<String ID="string_90" HPOS="326" VPOS="497" WIDTH="56" HEIGHT="21" WC="0.96" CONTENT="velat"/><SP WIDTH="15" VPOS="497" HPOS="382"/>
							<String ID="string_91" HPOS="397" VPOS="498" WIDTH="108" HEIGHT="20" WC="0.95" CONTENT="förhindra"/><SP WIDTH="15" VPOS="498" HPOS="505"/>
							<String ID="string_92" HPOS="520" VPOS="498" WIDTH="77" HEIGHT="21" WC="0.96" CONTENT="sakens"/><SP WIDTH="15" VPOS="498" HPOS="597"/>
							<String ID="string_93" HPOS="612" VPOS="498" WIDTH="108" HEIGHT="21" WC="0.93" CONTENT="definitiva"/><SP WIDTH="16" VPOS="498" HPOS="720"/>
							<String ID="string_94" HPOS="736" VPOS="498" WIDTH="120" HEIGHT="27" WC="0.91" CONTENT="afgörande."/><SP WIDTH="30" VPOS="498" HPOS="856"/>
							<String ID="string_95" HPOS="886" VPOS="498" WIDTH="42" HEIGHT="27" WC="0.90" CONTENT="Jag"/><SP WIDTH="15" VPOS="498" HPOS="928"/>
							<String ID="string_96" HPOS="943" VPOS="498" WIDTH="77" HEIGHT="21" WC="0.90" CONTENT="under-"/>
						</TextLine>
						<TextLine ID="line_11" HPOS="193" VPOS="525" WIDTH="409" HEIGHT="28">
							<String ID="string_97" HPOS="193" VPOS="525" WIDTH="71" HEIGHT="22" WC="0.92" CONTENT="stöder"/><SP WIDTH="15" VPOS="525" HPOS="264"/>
							<String ID="string_98" HPOS="279" VPOS="526" WIDTH="323" HEIGHT="27" WC="0.89" CONTENT="sammanjämkningsförslaget."/>
						</TextLine>
					</TextBlock>
				</ComposedBlock>
				<ComposedBlock ID="cblock_6" HPOS="193" VPOS="588" WIDTH="827" HEIGHT="57">
					<TextBlock ID="block_4" HPOS="193" VPOS="588" WIDTH="827" HEIGHT="57">
						<TextLine ID="line_12" HPOS="262" VPOS="588" WIDTH="758" HEIGHT="29">
							<String ID="string_99" HPOS="262" VPOS="588" WIDTH="69" HEIGHT="21" WC="0.96" CONTENT="Sedan"/><SP WIDTH="17" VPOS="588" HPOS="331"/>
							<String ID="string_100" HPOS="348" VPOS="589" WIDTH="146" HEIGHT="20" WC="0.96" CONTENT="diskussionen"/><SP WIDTH="18" VPOS="589" HPOS="494"/>
							<String ID="string_101" HPOS="512" VPOS="589" WIDTH="86" HEIGHT="20" WC="0.96" CONTENT="härmed"/><SP WIDTH="17" VPOS="589" HPOS="598"/>
							<String ID="string_102" HPOS="615" VPOS="589" WIDTH="111" HEIGHT="21" WC="0.93" CONTENT="förklarats"/><SP WIDTH="15" VPOS="589" HPOS="726"/>
							<String ID="string_103" HPOS="741" VPOS="589" WIDTH="98" HEIGHT="25" WC="0.90" CONTENT="afslutad,"/><SP WIDTH="11" VPOS="589" HPOS="839"/>
							<String ID="string_104" HPOS="850" VPOS="589" WIDTH="44" HEIGHT="21" WC="0.93" CONTENT="blef"/><SP WIDTH="10" VPOS="589" HPOS="894"/>
							<String ID="string_105" HPOS="904" VPOS="589" WIDTH="116" HEIGHT="28" WC="0.92" CONTENT="lagutskot-"/>
						</TextLine>
						<TextLine ID="line_13" HPOS="193" VPOS="617" WIDTH="806" HEIGHT="28">
							<String ID="string_106" HPOS="193" VPOS="618" WIDTH="39" HEIGHT="20" WC="0.91" CONTENT="tets"/><SP WIDTH="17" VPOS="618" HPOS="232"/>
							<String ID="string_107" HPOS="249" VPOS="617" WIDTH="139" HEIGHT="21" WC="0.91" CONTENT="omförmälda"/><SP WIDTH="16" VPOS="617" HPOS="388"/>
							<String ID="string_108" HPOS="404" VPOS="617" WIDTH="296" HEIGHT="28" WC="0.88" CONTENT="sammanjämkningsförslag"/><SP WIDTH="15" VPOS="617" HPOS="700"/>
							<String ID="string_109" HPOS="715" VPOS="620" WIDTH="51" HEIGHT="19" WC="0.96" CONTENT="utan"/><SP WIDTH="16" VPOS="620" HPOS="766"/>
							<String ID="string_110" HPOS="782" VPOS="618" WIDTH="90" HEIGHT="27" WC="0.93" CONTENT="ändring"/><SP WIDTH="15" VPOS="618" HPOS="872"/>
							<String ID="string_111" HPOS="887" VPOS="618" WIDTH="112" HEIGHT="27" WC="0.91" CONTENT="godkändt."/>
						</TextLine>
					</TextBlock>
				</ComposedBlock>
				<ComposedBlock ID="cblock_7" HPOS="192" VPOS="782" WIDTH="828" HEIGHT="258">
					<TextBlock ID="block_5" HPOS="192" VPOS="782" WIDTH="828" HEIGHT="57">
						<TextLine ID="line_14" HPOS="261" VPOS="782" WIDTH="759" HEIGHT="29">
							<String ID="string_112" HPOS="261" VPOS="782" WIDTH="11" HEIGHT="21" WC="0.95" CONTENT="I"/><SP WIDTH="23" VPOS="782" HPOS="272"/>
							<String ID="string_113" HPOS="295" VPOS="789" WIDTH="26" HEIGHT="14" WC="0.96" CONTENT="en"/><SP WIDTH="23" VPOS="789" HPOS="321"/>
							<String ID="string_114" HPOS="344" VPOS="783" WIDTH="32" HEIGHT="21" WC="0.95" CONTENT="till"/><SP WIDTH="21" VPOS="783" HPOS="376"/>
							<String ID="string_115" HPOS="397" VPOS="783" WIDTH="84" HEIGHT="22" WC="0.93" CONTENT="ståndet"/><SP WIDTH="23" VPOS="783" HPOS="481"/>
							<String ID="string_116" HPOS="504" VPOS="784" WIDTH="53" HEIGHT="20" WC="0.92" CONTENT="stäld"/><SP WIDTH="22" VPOS="784" HPOS="557"/>
							<String ID="string_117" HPOS="579" VPOS="784" WIDTH="110" HEIGHT="21" WC="0.96" CONTENT="skrifvelse"/><SP WIDTH="23" VPOS="784" HPOS="689"/>
							<String ID="string_118" HPOS="712" VPOS="783" WIDTH="98" HEIGHT="22" WC="0.95" CONTENT="anmälde"/><SP WIDTH="22" VPOS="783" HPOS="810"/>
							<String ID="string_119" HPOS="832" VPOS="783" WIDTH="137" HEIGHT="28" WC="0.70" CONTENT="lagutskottet"/><SP WIDTH="21" VPOS="783" HPOS="969"/>
							<String ID="string_120" HPOS="990" VPOS="785" WIDTH="30" HEIGHT="19" WC="0.96" CONTENT="att"/>
						</TextLine>
						<TextLine ID="line_15" HPOS="192" VPOS="811" WIDTH="574" HEIGHT="28">
							<String ID="string_121" HPOS="192" VPOS="811" WIDTH="98" HEIGHT="26" WC="0.96" CONTENT="samtliga"/><SP WIDTH="15" VPOS="811" HPOS="290"/>
							<String ID="string_122" HPOS="305" VPOS="811" WIDTH="61" HEIGHT="21" WC="0.96" CONTENT="stånd"/><SP WIDTH="16" VPOS="811" HPOS="366"/>
							<String ID="string_123" HPOS="382" VPOS="812" WIDTH="93" HEIGHT="27" WC="0.96" CONTENT="godkänt"/><SP WIDTH="15" VPOS="812" HPOS="475"/>
							<String ID="string_124" HPOS="490" VPOS="812" WIDTH="112" HEIGHT="21" WC="0.96" CONTENT="utskottets"/><SP WIDTH="17" VPOS="812" HPOS="602"/>
							<String ID="string_125" HPOS="619" VPOS="812" WIDTH="147" HEIGHT="21" WC="0.95" CONTENT="betänkanden"/>
						</TextLine>
					</TextBlock>
					<TextBlock ID="block_6" HPOS="192" VPOS="840" WIDTH="827" HEIGHT="114">
						<TextLine ID="line_16" HPOS="262" VPOS="840" WIDTH="757" HEIGHT="28">
							<String ID="string_126" HPOS="262" VPOS="847" WIDTH="34" HEIGHT="14" WC="0.95" CONTENT="n:o"/><SP WIDTH="24" VPOS="847" HPOS="296"/>
							<String ID="string_127" HPOS="320" VPOS="841" WIDTH="24" HEIGHT="20" WC="0.95" CONTENT="11"/><SP WIDTH="22" VPOS="841" HPOS="344"/>
							<String ID="string_128" HPOS="366" VPOS="841" WIDTH="5" HEIGHT="19" WC="0.95" CONTENT="i"/><SP WIDTH="24" VPOS="841" HPOS="371"/>
							<String ID="string_129" HPOS="395" VPOS="841" WIDTH="114" HEIGHT="27" WC="0.96" CONTENT="anledning"/><SP WIDTH="21" VPOS="841" HPOS="509"/>
							<String ID="string_130" HPOS="530" VPOS="841" WIDTH="22" HEIGHT="20" WC="0.96" CONTENT="af"/><SP WIDTH="15" VPOS="841" HPOS="552"/>
							<String ID="string_131" HPOS="567" VPOS="841" WIDTH="34" HEIGHT="20" WC="0.96" CONTENT="två"/><SP WIDTH="15" VPOS="841" HPOS="601"/>
							<String ID="string_132" HPOS="616" VPOS="841" WIDTH="57" HEIGHT="20" WC="0.93" CONTENT="inom"/><SP WIDTH="18" VPOS="841" HPOS="673"/>
							<String ID="string_133" HPOS="691" VPOS="841" WIDTH="97" HEIGHT="26" WC="0.92" CONTENT="borgare-"/><SP WIDTH="16" VPOS="841" HPOS="788"/>
							<String ID="string_134" HPOS="804" VPOS="841" WIDTH="39" HEIGHT="20" WC="0.93" CONTENT="och"/><SP WIDTH="16" VPOS="841" HPOS="843"/>
							<String ID="string_135" HPOS="859" VPOS="840" WIDTH="160" HEIGHT="21" WC="0.92" CONTENT="bondestånden"/>
						</TextLine>
						<TextLine ID="line_17" HPOS="192" VPOS="868" WIDTH="826" HEIGHT="29">
							<String ID="string_136" HPOS="192" VPOS="868" WIDTH="76" HEIGHT="21" WC="0.93" CONTENT="väckta"/><SP WIDTH="16" VPOS="868" HPOS="268"/>
							<String ID="string_137" HPOS="284" VPOS="869" WIDTH="170" HEIGHT="27" WC="0.92" CONTENT="motionsförslag"/><SP WIDTH="15" VPOS="869" HPOS="454"/>
							<String ID="string_138" HPOS="469" VPOS="869" WIDTH="109" HEIGHT="28" WC="0.96" CONTENT="angående"/><SP WIDTH="15" VPOS="869" HPOS="578"/>
							<String ID="string_139" HPOS="593" VPOS="870" WIDTH="124" HEIGHT="27" WC="0.96" CONTENT="inteckning"/><SP WIDTH="15" VPOS="870" HPOS="717"/>
							<String ID="string_140" HPOS="732" VPOS="870" WIDTH="21" HEIGHT="20" WC="0.93" CONTENT="af"/><SP WIDTH="12" VPOS="870" HPOS="753"/>
							<String ID="string_141" HPOS="765" VPOS="869" WIDTH="253" HEIGHT="28" WC="0.91" CONTENT="skogsafvärkningskon-"/>
						</TextLine>
						<TextLine ID="line_18" HPOS="192" VPOS="897" WIDTH="827" HEIGHT="29">
							<String ID="string_142" HPOS="192" VPOS="897" WIDTH="56" HEIGHT="21" WC="0.96" CONTENT="trakt"/><SP WIDTH="15" VPOS="897" HPOS="248"/>
							<String ID="string_143" HPOS="263" VPOS="900" WIDTH="55" HEIGHT="18" WC="0.96" CONTENT="samt"/><SP WIDTH="15" VPOS="900" HPOS="318"/>
							<String ID="string_144" HPOS="333" VPOS="898" WIDTH="35" HEIGHT="20" WC="0.96" CONTENT="det"/><SP WIDTH="15" VPOS="898" HPOS="368"/>
							<String ID="string_145" HPOS="383" VPOS="904" WIDTH="39" HEIGHT="15" WC="0.96" CONTENT="ena"/><SP WIDTH="16" VPOS="904" HPOS="422"/>
							<String ID="string_146" HPOS="438" VPOS="898" WIDTH="107" HEIGHT="21" WC="0.96" CONTENT="dessutom"/><SP WIDTH="16" VPOS="898" HPOS="545"/>
							<String ID="string_147" HPOS="561" VPOS="898" WIDTH="123" HEIGHT="28" WC="0.96" CONTENT="inteckning"/><SP WIDTH="15" VPOS="898" HPOS="684"/>
							<String ID="string_148" HPOS="699" VPOS="899" WIDTH="22" HEIGHT="20" WC="0.96" CONTENT="af"/><SP WIDTH="14" VPOS="899" HPOS="721"/>
							<String ID="string_149" HPOS="735" VPOS="899" WIDTH="56" HEIGHT="20" WC="0.93" CONTENT="vissa"/><SP WIDTH="23" VPOS="899" HPOS="791"/>
							<String ID="string_150" HPOS="814" VPOS="898" WIDTH="205" HEIGHT="28" WC="0.90" CONTENT="nytjanderättsaftal"/>
						</TextLine>
						<TextLine ID="line_19" HPOS="192" VPOS="926" WIDTH="361" HEIGHT="28">
							<String ID="string_151" HPOS="192" VPOS="926" WIDTH="90" HEIGHT="20" WC="0.96" CONTENT="rörande"/><SP WIDTH="16" VPOS="926" HPOS="282"/>
							<String ID="string_152" HPOS="298" VPOS="926" WIDTH="46" HEIGHT="27" WC="0.96" CONTENT="jord"/><SP WIDTH="16" VPOS="926" HPOS="344"/>
							<String ID="string_153" HPOS="360" VPOS="926" WIDTH="26" HEIGHT="28" WC="0.96" CONTENT="på"/><SP WIDTH="14" VPOS="926" HPOS="386"/>
							<String ID="string_154" HPOS="400" VPOS="926" WIDTH="82" HEIGHT="26" WC="0.96" CONTENT="landet;"/><SP WIDTH="16" VPOS="926" HPOS="482"/>
							<String ID="string_155" HPOS="498" VPOS="930" WIDTH="55" HEIGHT="18" WC="0.96" CONTENT="samt"/>
						</TextLine>
					</TextBlock>
					<TextBlock ID="block_7" HPOS="192" VPOS="955" WIDTH="828" HEIGHT="85">
						<TextLine ID="line_20" HPOS="263" VPOS="955" WIDTH="757" HEIGHT="28">
							<String ID="string_156" HPOS="263" VPOS="961" WIDTH="33" HEIGHT="14" WC="0.96" CONTENT="n:o"/><SP WIDTH="24" VPOS="961" HPOS="296"/>
							<String ID="string_157" HPOS="320" VPOS="955" WIDTH="26" HEIGHT="20" WC="0.96" CONTENT="13"/><SP WIDTH="22" VPOS="955" HPOS="346"/>
							<String ID="string_158" HPOS="368" VPOS="955" WIDTH="8" HEIGHT="20" WC="0.96" CONTENT="i"/><SP WIDTH="22" VPOS="955" HPOS="376"/>
							<String ID="string_159" HPOS="398" VPOS="955" WIDTH="114" HEIGHT="27" WC="0.96" CONTENT="anledning"/><SP WIDTH="23" VPOS="955" HPOS="512"/>
							<String ID="string_160" HPOS="535" VPOS="956" WIDTH="21" HEIGHT="20" WC="0.96" CONTENT="af"/><SP WIDTH="22" VPOS="956" HPOS="556"/>
							<String ID="string_161" HPOS="578" VPOS="957" WIDTH="29" HEIGHT="19" WC="0.96" CONTENT="ett"/><SP WIDTH="20" VPOS="957" HPOS="607"/>
							<String ID="string_162" HPOS="627" VPOS="956" WIDTH="59" HEIGHT="20" WC="0.93" CONTENT="inom"/><SP WIDTH="22" VPOS="956" HPOS="686"/>
							<String ID="string_163" HPOS="708" VPOS="955" WIDTH="173" HEIGHT="28" WC="0.89" CONTENT="borgareständet"/><SP WIDTH="20" VPOS="955" HPOS="881"/>
							<String ID="string_164" HPOS="901" VPOS="955" WIDTH="119" HEIGHT="21" WC="0.92" CONTENT="framstäldt"/>
						</TextLine>
						<TextLine ID="line_21" HPOS="192" VPOS="983" WIDTH="828" HEIGHT="28">
							<String ID="string_165" HPOS="192" VPOS="983" WIDTH="172" HEIGHT="27" WC="0.92" CONTENT="motionsförslag"/><SP WIDTH="22" VPOS="983" HPOS="364"/>
							<String ID="string_166" HPOS="386" VPOS="984" WIDTH="108" HEIGHT="27" WC="0.96" CONTENT="angående"/><SP WIDTH="22" VPOS="984" HPOS="494"/>
							<String ID="string_167" HPOS="516" VPOS="984" WIDTH="90" HEIGHT="26" WC="0.96" CONTENT="ändring"/><SP WIDTH="23" VPOS="984" HPOS="606"/>
							<String ID="string_168" HPOS="629" VPOS="984" WIDTH="20" HEIGHT="20" WC="0.96" CONTENT="af"/><SP WIDTH="23" VPOS="984" HPOS="649"/>
							<String ID="string_169" HPOS="672" VPOS="984" WIDTH="97" HEIGHT="27" WC="0.96" CONTENT="gällande"/><SP WIDTH="16" VPOS="984" HPOS="769"/>
							<String ID="string_170" HPOS="785" VPOS="984" WIDTH="133" HEIGHT="27" WC="0.96" CONTENT="stadganden"/><SP WIDTH="15" VPOS="984" HPOS="918"/>
							<String ID="string_171" HPOS="933" VPOS="990" WIDTH="34" HEIGHT="14" WC="0.91" CONTENT="om"/><SP WIDTH="16" VPOS="990" HPOS="967"/>
							<String ID="string_172" HPOS="983" VPOS="985" WIDTH="37" HEIGHT="19" WC="0.89" CONTENT="än-"/>
						</TextLine>
						<TextLine ID="line_22" HPOS="193" VPOS="1010" WIDTH="674" HEIGHT="30">
							<String ID="string_173" HPOS="193" VPOS="1010" WIDTH="166" HEIGHT="28" WC="0.92" CONTENT="dringssökande"/><SP WIDTH="16" VPOS="1010" HPOS="359"/>
							<String ID="string_174" HPOS="375" VPOS="1012" WIDTH="7" HEIGHT="20" WC="0.96" CONTENT="i"/><SP WIDTH="15" VPOS="1012" HPOS="382"/>
							<String ID="string_175" HPOS="397" VPOS="1012" WIDTH="98" HEIGHT="21" WC="0.96" CONTENT="brottmål"/><SP WIDTH="16" VPOS="1012" HPOS="495"/>
							<String ID="string_176" HPOS="511" VPOS="1015" WIDTH="55" HEIGHT="18" WC="0.96" CONTENT="samt"/><SP WIDTH="14" VPOS="1015" HPOS="566"/>
							<String ID="string_177" HPOS="580" VPOS="1019" WIDTH="34" HEIGHT="14" WC="0.92" CONTENT="om"/><SP WIDTH="17" VPOS="1019" HPOS="614"/>
							<String ID="string_178" HPOS="631" VPOS="1013" WIDTH="119" HEIGHT="27" WC="0.92" CONTENT="utmätning"/><SP WIDTH="16" VPOS="1013" HPOS="750"/>
							<String ID="string_179" HPOS="766" VPOS="1013" WIDTH="21" HEIGHT="20" WC="0.96" CONTENT="af"/><SP WIDTH="16" VPOS="1013" HPOS="787"/>
							<String ID="string_180" HPOS="803" VPOS="1012" WIDTH="64" HEIGHT="22" WC="0.90" CONTENT="böter."/>
						</TextLine>
					</TextBlock>
				</ComposedBlock>
				<ComposedBlock ID="cblock_8" HPOS="192" VPOS="1177" WIDTH="828" HEIGHT="85">
					<TextBlock ID="block_8" HPOS="192" VPOS="1177" WIDTH="828" HEIGHT="85">
						<TextLine ID="line_23" HPOS="262" VPOS="1177" WIDTH="757" HEIGHT="27">
							<String ID="string_181" HPOS="262" VPOS="1177" WIDTH="159" HEIGHT="22" WC="0.95" CONTENT="Statsutskottet"/><SP WIDTH="22" VPOS="1177" HPOS="421"/>
							<String ID="string_182" HPOS="443" VPOS="1178" WIDTH="97" HEIGHT="21" WC="0.95" CONTENT="anmälde"/><SP WIDTH="23" VPOS="1178" HPOS="540"/>
							<String ID="string_183" HPOS="563" VPOS="1178" WIDTH="7" HEIGHT="20" WC="0.95" CONTENT="i"/><SP WIDTH="22" VPOS="1178" HPOS="570"/>
							<String ID="string_184" HPOS="592" VPOS="1178" WIDTH="111" HEIGHT="21" WC="0.95" CONTENT="skrifvelse"/><SP WIDTH="22" VPOS="1178" HPOS="703"/>
							<String ID="string_185" HPOS="725" VPOS="1178" WIDTH="31" HEIGHT="21" WC="0.96" CONTENT="till"/><SP WIDTH="23" VPOS="1178" HPOS="756"/>
							<String ID="string_186" HPOS="779" VPOS="1177" WIDTH="84" HEIGHT="21" WC="0.96" CONTENT="ståndet"/><SP WIDTH="15" VPOS="1177" HPOS="863"/>
							<String ID="string_187" HPOS="878" VPOS="1179" WIDTH="30" HEIGHT="19" WC="0.96" CONTENT="att"/><SP WIDTH="15" VPOS="1179" HPOS="908"/>
							<String ID="string_188" HPOS="923" VPOS="1178" WIDTH="96" HEIGHT="26" WC="0.96" CONTENT="samtliga"/>
						</TextLine>
						<TextLine ID="line_24" HPOS="192" VPOS="1205" WIDTH="828" HEIGHT="28">
							<String ID="string_189" HPOS="192" VPOS="1205" WIDTH="62" HEIGHT="21" WC="0.96" CONTENT="stånd"/><SP WIDTH="16" VPOS="1205" HPOS="254"/>
							<String ID="string_190" HPOS="270" VPOS="1206" WIDTH="94" HEIGHT="26" WC="0.96" CONTENT="godkänt"/><SP WIDTH="15" VPOS="1206" HPOS="364"/>
							<String ID="string_191" HPOS="379" VPOS="1206" WIDTH="111" HEIGHT="21" WC="0.96" CONTENT="utskottets"/><SP WIDTH="16" VPOS="1206" HPOS="490"/>
							<String ID="string_192" HPOS="506" VPOS="1207" WIDTH="133" HEIGHT="21" WC="0.95" CONTENT="betänkande"/><SP WIDTH="16" VPOS="1207" HPOS="639"/>
							<String ID="string_193" HPOS="655" VPOS="1214" WIDTH="34" HEIGHT="13" WC="0.96" CONTENT="n:o"/><SP WIDTH="13" VPOS="1214" HPOS="689"/>
							<String ID="string_194" HPOS="702" VPOS="1207" WIDTH="26" HEIGHT="20" WC="0.96" CONTENT="10"/><SP WIDTH="10" VPOS="1207" HPOS="728"/>
							<String ID="string_195" HPOS="738" VPOS="1206" WIDTH="36" HEIGHT="21" WC="0.80" CONTENT="Bi"/><SP WIDTH="11" VPOS="1206" HPOS="774"/>
							<String ID="string_196" HPOS="785" VPOS="1206" WIDTH="117" HEIGHT="27" WC="0.96" CONTENT="anledning"/><SP WIDTH="10" VPOS="1206" HPOS="902"/>
							<String ID="string_197" HPOS="912" VPOS="1206" WIDTH="21" HEIGHT="20" WC="0.96" CONTENT="af"/><SP WIDTH="10" VPOS="1206" HPOS="933"/>
							<String ID="string_198" HPOS="943" VPOS="1206" WIDTH="77" HEIGHT="27" WC="0.95" CONTENT="nådiga"/>
						</TextLine>
						<TextLine ID="line_25" HPOS="192" VPOS="1234" WIDTH="674" HEIGHT="28">
							<String ID="string_199" HPOS="192" VPOS="1235" WIDTH="158" HEIGHT="26" WC="0.96" CONTENT="propositionen"/><SP WIDTH="16" VPOS="1235" HPOS="350"/>
							<String ID="string_200" HPOS="366" VPOS="1242" WIDTH="35" HEIGHT="14" WC="0.96" CONTENT="n:o"/><SP WIDTH="17" VPOS="1242" HPOS="401"/>
							<String ID="string_201" HPOS="418" VPOS="1236" WIDTH="26" HEIGHT="20" WC="0.96" CONTENT="28"/><SP WIDTH="16" VPOS="1236" HPOS="444"/>
							<String ID="string_202" HPOS="460" VPOS="1235" WIDTH="109" HEIGHT="27" WC="0.93" CONTENT="angående"/><SP WIDTH="16" VPOS="1235" HPOS="569"/>
							<String ID="string_203" HPOS="585" VPOS="1234" WIDTH="281" HEIGHT="23" WC="0.91" CONTENT="kommunikationsfonden."/>
						</TextLine>
					</TextBlock>
				</ComposedBlock>
				<ComposedBlock ID="cblock_9" HPOS="191" VPOS="1296" WIDTH="830" HEIGHT="256">
					<TextBlock ID="block_9" HPOS="191" VPOS="1296" WIDTH="830" HEIGHT="256">
						<TextLine ID="line_26" HPOS="262" VPOS="1296" WIDTH="757" HEIGHT="29">
							<String ID="string_204" HPOS="262" VPOS="1296" WIDTH="66" HEIGHT="22" WC="0.96" CONTENT="Ordet"/><SP WIDTH="15" VPOS="1296" HPOS="328"/>
							<String ID="string_205" HPOS="343" VPOS="1297" WIDTH="101" HEIGHT="27" WC="0.93" CONTENT="begärdes"/><SP WIDTH="16" VPOS="1297" HPOS="444"/>
							<String ID="string_206" HPOS="460" VPOS="1298" WIDTH="50" HEIGHT="20" WC="0.93" CONTENT="härå"/><SP WIDTH="16" VPOS="1298" HPOS="510"/>
							<String ID="string_207" HPOS="526" VPOS="1298" WIDTH="21" HEIGHT="20" WC="0.96" CONTENT="af"/><SP WIDTH="14" VPOS="1298" HPOS="547"/>
							<String ID="string_208" HPOS="561" VPOS="1298" WIDTH="25" HEIGHT="20" WC="0.93" CONTENT="hr"/><SP WIDTH="14" VPOS="1298" HPOS="586"/>
							<String ID="string_209" HPOS="600" VPOS="1298" WIDTH="98" HEIGHT="27" WC="0.92" CONTENT="Heikel,"/><SP WIDTH="15" VPOS="1298" HPOS="698"/>
							<String ID="string_210" HPOS="713" VPOS="1304" WIDTH="45" HEIGHT="14" WC="0.96" CONTENT="som"/><SP WIDTH="11" VPOS="1304" HPOS="758"/>
							<String ID="string_211" HPOS="769" VPOS="1297" WIDTH="95" HEIGHT="27" WC="0.96" CONTENT="yttrade:"/><SP WIDTH="14" VPOS="1297" HPOS="864"/>
							<String ID="string_212" HPOS="878" VPOS="1296" WIDTH="42" HEIGHT="21" WC="0.96" CONTENT="Vid"/><SP WIDTH="11" VPOS="1296" HPOS="920"/>
							<String ID="string_213" HPOS="931" VPOS="1296" WIDTH="88" HEIGHT="28" WC="0.96" CONTENT="tidigare"/>
						</TextLine>
						<TextLine ID="line_27" HPOS="191" VPOS="1325" WIDTH="829" HEIGHT="28">
							<String ID="string_214" HPOS="191" VPOS="1325" WIDTH="128" HEIGHT="28" WC="0.89" CONTENT="landtdagar"/><SP WIDTH="21" VPOS="1325" HPOS="319"/>
							<String ID="string_215" HPOS="340" VPOS="1326" WIDTH="38" HEIGHT="20" WC="0.95" CONTENT="har"/><SP WIDTH="22" VPOS="1326" HPOS="378"/>
							<String ID="string_216" HPOS="400" VPOS="1326" WIDTH="154" HEIGHT="21" WC="0.95" CONTENT="statsutskottet"/><SP WIDTH="23" VPOS="1326" HPOS="554"/>
							<String ID="string_217" HPOS="577" VPOS="1326" WIDTH="105" HEIGHT="21" WC="0.95" CONTENT="utarbetat"/><SP WIDTH="23" VPOS="1326" HPOS="682"/>
							<String ID="string_218" HPOS="705" VPOS="1333" WIDTH="26" HEIGHT="14" WC="0.93" CONTENT="en"/><SP WIDTH="22" VPOS="1333" HPOS="731"/>
							<String ID="string_219" HPOS="753" VPOS="1325" WIDTH="267" HEIGHT="27" WC="0.91" CONTENT="sammanställningstablå"/>
						</TextLine>
						<TextLine ID="line_28" HPOS="191" VPOS="1354" WIDTH="829" HEIGHT="28">
							<String ID="string_220" HPOS="191" VPOS="1354" WIDTH="91" HEIGHT="21" WC="0.96" CONTENT="rörande"/><SP WIDTH="16" VPOS="1354" HPOS="282"/>
							<String ID="string_221" HPOS="298" VPOS="1354" WIDTH="107" HEIGHT="21" WC="0.93" CONTENT="allmänna"/><SP WIDTH="15" VPOS="1354" HPOS="405"/>
							<String ID="string_222" HPOS="420" VPOS="1355" WIDTH="137" HEIGHT="27" WC="0.90" CONTENT="statsfonden,"/><SP WIDTH="16" VPOS="1355" HPOS="557"/>
							<String ID="string_223" HPOS="573" VPOS="1355" WIDTH="204" HEIGHT="21" WC="0.90" CONTENT="kommunikations-"/><SP WIDTH="13" VPOS="1355" HPOS="777"/>
							<String ID="string_224" HPOS="790" VPOS="1354" WIDTH="39" HEIGHT="21" WC="0.93" CONTENT="och"/><SP WIDTH="13" VPOS="1354" HPOS="829"/>
							<String ID="string_225" HPOS="842" VPOS="1354" WIDTH="178" HEIGHT="20" WC="0.91" CONTENT="militiefonderna"/>
						</TextLine>
						<TextLine ID="line_29" HPOS="192" VPOS="1382" WIDTH="827" HEIGHT="28">
							<String ID="string_226" HPOS="192" VPOS="1384" WIDTH="55" HEIGHT="18" WC="0.92" CONTENT="samt"/><SP WIDTH="16" VPOS="1384" HPOS="247"/>
							<String ID="string_227" HPOS="263" VPOS="1382" WIDTH="219" HEIGHT="28" WC="0.91" CONTENT="bevillningsmedlen,"/><SP WIDTH="15" VPOS="1382" HPOS="482"/>
							<String ID="string_228" HPOS="497" VPOS="1384" WIDTH="134" HEIGHT="26" WC="0.96" CONTENT="upptagande"/><SP WIDTH="16" VPOS="1384" HPOS="631"/>
							<String ID="string_229" HPOS="647" VPOS="1384" WIDTH="117" HEIGHT="20" WC="0.96" CONTENT="inkomster"/><SP WIDTH="12" VPOS="1384" HPOS="764"/>
							<String ID="string_230" HPOS="776" VPOS="1383" WIDTH="40" HEIGHT="20" WC="0.96" CONTENT="och"/><SP WIDTH="11" VPOS="1383" HPOS="816"/>
							<String ID="string_231" HPOS="827" VPOS="1382" WIDTH="86" HEIGHT="28" WC="0.95" CONTENT="utgifter"/><SP WIDTH="10" VPOS="1382" HPOS="913"/>
							<String ID="string_232" HPOS="923" VPOS="1382" WIDTH="8" HEIGHT="20" WC="0.93" CONTENT="i"/><SP WIDTH="9" VPOS="1382" HPOS="931"/>
							<String ID="string_233" HPOS="940" VPOS="1382" WIDTH="79" HEIGHT="21" WC="0.93" CONTENT="medel-"/>
						</TextLine>
						<TextLine ID="line_30" HPOS="191" VPOS="1410" WIDTH="829" HEIGHT="29">
							<String ID="string_234" HPOS="191" VPOS="1410" WIDTH="29" HEIGHT="21" WC="0.95" CONTENT="tal"/><SP WIDTH="23" VPOS="1410" HPOS="220"/>
							<String ID="string_235" HPOS="243" VPOS="1417" WIDTH="39" HEIGHT="21" WC="0.96" CONTENT="per"/><SP WIDTH="22" VPOS="1417" HPOS="282"/>
							<String ID="string_236" HPOS="304" VPOS="1411" WIDTH="23" HEIGHT="21" WC="0.95" CONTENT="år"/><SP WIDTH="22" VPOS="1411" HPOS="327"/>
							<String ID="string_237" HPOS="349" VPOS="1412" WIDTH="69" HEIGHT="20" WC="0.96" CONTENT="under"/><SP WIDTH="20" VPOS="1412" HPOS="418"/>
							<String ID="string_238" HPOS="438" VPOS="1412" WIDTH="41" HEIGHT="20" WC="0.96" CONTENT="den"/><SP WIDTH="15" VPOS="1412" HPOS="479"/>
							<String ID="string_239" HPOS="494" VPOS="1412" WIDTH="104" HEIGHT="27" WC="0.93" CONTENT="ingående"/><SP WIDTH="15" VPOS="1412" HPOS="598"/>
							<String ID="string_240" HPOS="613" VPOS="1412" WIDTH="176" HEIGHT="27" WC="0.89" CONTENT="finansperioden."/><SP WIDTH="30" VPOS="1412" HPOS="789"/>
							<String ID="string_241" HPOS="819" VPOS="1410" WIDTH="77" HEIGHT="22" WC="0.91" CONTENT="Denna"/><SP WIDTH="15" VPOS="1410" HPOS="896"/>
							<String ID="string_242" HPOS="911" VPOS="1410" WIDTH="56" HEIGHT="21" WC="0.96" CONTENT="tablå"/><SP WIDTH="16" VPOS="1410" HPOS="967"/>
							<String ID="string_243" HPOS="983" VPOS="1411" WIDTH="37" HEIGHT="21" WC="0.95" CONTENT="har"/>
						</TextLine>
						<TextLine ID="line_31" HPOS="192" VPOS="1439" WIDTH="828" HEIGHT="27">
							<String ID="string_244" HPOS="192" VPOS="1439" WIDTH="54" HEIGHT="21" WC="0.96" CONTENT="dock"/><SP WIDTH="22" VPOS="1439" HPOS="246"/>
							<String ID="string_245" HPOS="268" VPOS="1440" WIDTH="7" HEIGHT="20" WC="0.96" CONTENT="i"/><SP WIDTH="15" VPOS="1440" HPOS="275"/>
							<String ID="string_246" HPOS="290" VPOS="1440" WIDTH="73" HEIGHT="26" WC="0.95" CONTENT="regeln"/><SP WIDTH="15" VPOS="1440" HPOS="363"/>
							<String ID="string_247" HPOS="378" VPOS="1440" WIDTH="46" HEIGHT="21" WC="0.96" CONTENT="icke"/><SP WIDTH="17" VPOS="1440" HPOS="424"/>
							<String ID="string_248" HPOS="441" VPOS="1440" WIDTH="75" HEIGHT="21" WC="0.96" CONTENT="hunnit"/><SP WIDTH="17" VPOS="1440" HPOS="516"/>
							<String ID="string_249" HPOS="533" VPOS="1440" WIDTH="105" HEIGHT="21" WC="0.96" CONTENT="utarbetas"/><SP WIDTH="16" VPOS="1440" HPOS="638"/>
							<String ID="string_250" HPOS="654" VPOS="1440" WIDTH="68" HEIGHT="21" WC="0.93" CONTENT="under"/><SP WIDTH="14" VPOS="1440" HPOS="722"/>
							<String ID="string_251" HPOS="736" VPOS="1440" WIDTH="142" HEIGHT="26" WC="0.92" CONTENT="landtdagens"/><SP WIDTH="15" VPOS="1440" HPOS="878"/>
							<String ID="string_252" HPOS="893" VPOS="1439" WIDTH="55" HEIGHT="27" WC="0.93" CONTENT="lopp,"/><SP WIDTH="15" VPOS="1439" HPOS="948"/>
							<String ID="string_253" HPOS="963" VPOS="1446" WIDTH="57" HEIGHT="14" WC="0.92" CONTENT="eme-"/>
						</TextLine>
						<TextLine ID="line_32" HPOS="192" VPOS="1467" WIDTH="829" HEIGHT="29">
							<String ID="string_254" HPOS="192" VPOS="1467" WIDTH="40" HEIGHT="21" WC="0.96" CONTENT="dan"/><SP WIDTH="18" VPOS="1467" HPOS="232"/>
							<String ID="string_255" HPOS="250" VPOS="1468" WIDTH="26" HEIGHT="21" WC="0.96" CONTENT="de"/><SP WIDTH="16" VPOS="1468" HPOS="276"/>
							<String ID="string_256" HPOS="292" VPOS="1468" WIDTH="74" HEIGHT="27" WC="0.96" CONTENT="siffror,"/><SP WIDTH="10" VPOS="1468" HPOS="366"/>
							<String ID="string_257" HPOS="376" VPOS="1475" WIDTH="44" HEIGHT="14" WC="0.96" CONTENT="som"/><SP WIDTH="16" VPOS="1475" HPOS="420"/>
							<String ID="string_258" HPOS="436" VPOS="1469" WIDTH="7" HEIGHT="20" WC="0.96" CONTENT="i"/><SP WIDTH="16" VPOS="1469" HPOS="443"/>
							<String ID="string_259" HPOS="459" VPOS="1469" WIDTH="122" HEIGHT="21" WC="0.95" CONTENT="densamma"/><SP WIDTH="11" VPOS="1469" HPOS="581"/>
							<String ID="string_260" HPOS="592" VPOS="1469" WIDTH="59" HEIGHT="20" WC="0.96" CONTENT="skola"/><SP WIDTH="10" VPOS="1469" HPOS="651"/>
							<String ID="string_261" HPOS="661" VPOS="1469" WIDTH="55" HEIGHT="27" WC="0.93" CONTENT="ingå,"/><SP WIDTH="11" VPOS="1469" HPOS="716"/>
							<String ID="string_262" HPOS="727" VPOS="1468" WIDTH="138" HEIGHT="28" WC="0.92" CONTENT="sedvanligen"/><SP WIDTH="11" VPOS="1468" HPOS="865"/>
							<String ID="string_263" HPOS="876" VPOS="1468" WIDTH="21" HEIGHT="20" WC="0.96" CONTENT="af"/><SP WIDTH="10" VPOS="1468" HPOS="897"/>
							<String ID="string_264" HPOS="907" VPOS="1468" WIDTH="114" HEIGHT="20" WC="0.95" CONTENT="ständerna"/>
						</TextLine>
						<TextLine ID="line_33" HPOS="191" VPOS="1496" WIDTH="829" HEIGHT="28">
							<String ID="string_265" HPOS="191" VPOS="1496" WIDTH="71" HEIGHT="21" WC="0.90" CONTENT="blifvit"/><SP WIDTH="23" VPOS="1496" HPOS="262"/>
							<String ID="string_266" HPOS="285" VPOS="1496" WIDTH="108" HEIGHT="22" WC="0.92" CONTENT="faststälda"/><SP WIDTH="23" VPOS="1496" HPOS="393"/>
							<String ID="string_267" HPOS="416" VPOS="1497" WIDTH="52" HEIGHT="21" WC="0.96" CONTENT="först"/><SP WIDTH="22" VPOS="1497" HPOS="468"/>
							<String ID="string_268" HPOS="490" VPOS="1498" WIDTH="26" HEIGHT="20" WC="0.96" CONTENT="de"/><SP WIDTH="23" VPOS="1498" HPOS="516"/>
							<String ID="string_269" HPOS="539" VPOS="1497" WIDTH="52" HEIGHT="21" WC="0.96" CONTENT="allra"/><SP WIDTH="22" VPOS="1497" HPOS="591"/>
							<String ID="string_270" HPOS="613" VPOS="1498" WIDTH="50" HEIGHT="20" WC="0.96" CONTENT="sista"/><SP WIDTH="22" VPOS="1498" HPOS="663"/>
							<String ID="string_271" HPOS="685" VPOS="1498" WIDTH="97" HEIGHT="26" WC="0.92" CONTENT="dagarna."/><SP WIDTH="30" VPOS="1498" HPOS="782"/>
							<String ID="string_272" HPOS="812" VPOS="1496" WIDTH="71" HEIGHT="21" WC="0.92" CONTENT="Afven"/><SP WIDTH="16" VPOS="1496" HPOS="883"/>
							<String ID="string_273" HPOS="899" VPOS="1496" WIDTH="36" HEIGHT="20" WC="0.96" CONTENT="vid"/><SP WIDTH="15" VPOS="1496" HPOS="935"/>
							<String ID="string_274" HPOS="950" VPOS="1496" WIDTH="70" HEIGHT="20" WC="0.96" CONTENT="denna"/>
						</TextLine>
						<TextLine ID="line_34" HPOS="191" VPOS="1524" WIDTH="830" HEIGHT="28">
							<String ID="string_275" HPOS="191" VPOS="1524" WIDTH="103" HEIGHT="28" WC="0.91" CONTENT="landtdag"/><SP WIDTH="15" VPOS="1524" HPOS="294"/>
							<String ID="string_276" HPOS="309" VPOS="1525" WIDTH="37" HEIGHT="21" WC="0.96" CONTENT="har"/><SP WIDTH="16" VPOS="1525" HPOS="346"/>
							<String ID="string_277" HPOS="362" VPOS="1526" WIDTH="153" HEIGHT="20" WC="0.95" CONTENT="statsutskottet"/><SP WIDTH="14" VPOS="1526" HPOS="515"/>
							<String ID="string_278" HPOS="529" VPOS="1526" WIDTH="47" HEIGHT="20" WC="0.93" CONTENT="icke"/><SP WIDTH="16" VPOS="1526" HPOS="576"/>
							<String ID="string_279" HPOS="592" VPOS="1526" WIDTH="126" HEIGHT="20" WC="0.91" CONTENT="medhunnit"/><SP WIDTH="15" VPOS="1526" HPOS="718"/>
							<String ID="string_280" HPOS="733" VPOS="1527" WIDTH="30" HEIGHT="19" WC="0.93" CONTENT="att"/><SP WIDTH="15" VPOS="1527" HPOS="763"/>
							<String ID="string_281" HPOS="778" VPOS="1527" WIDTH="95" HEIGHT="25" WC="0.91" CONTENT="uppgöra"/><SP WIDTH="12" VPOS="1527" HPOS="873"/>
							<String ID="string_282" HPOS="885" VPOS="1524" WIDTH="70" HEIGHT="22" WC="0.93" CONTENT="denna"/><SP WIDTH="11" VPOS="1524" HPOS="955"/>
							<String ID="string_283" HPOS="966" VPOS="1524" WIDTH="55" HEIGHT="21" WC="0.92" CONTENT="bud-"/>
						</TextLine>
					</TextBlock>
				</ComposedBlock>
			</PrintSpace>
		</Page>
	</Layout>
</alto>
