1142 1773
220 122 55 20 1212
429 128 180 21 Borgareståndet
622 129 55 16 1894.
703 128 21 17 17
737 128 46 20 maj.

190 207 47 20 fens
253 207 117 21 införande.
400 208 74 20 Tillika
490 208 38 20 har
542 208 35 27 jag
593 208 75 27 antydt
684 208 53 20 huru
755 208 70 20 denna
841 208 21 20 af
877 208 43 26 mig
935 207 6 20 i
957 206 64 20 förbi-

191 236 81 26 gäende
300 236 118 28 föreslagna
435 237 98 20 zontariff
547 237 68 21 skulle
632 237 73 20 kunna
721 236 120 21 modifieras
857 236 39 20 och
913 234 108 22 utvecklas

190 264 7 20 1
221 270 25 14 en
270 264 52 21 eller
344 272 70 13 annan
438 266 98 26 riktning.
567 265 32 21 De
617 265 89 21 anförda
722 265 112 27 exemplen
852 265 72 20 kunna
939 263 83 21 således

191 293 120 27 egentligen
335 294 46 20 icke
403 294 70 20 bevisa
496 294 65 26 nägot
581 296 44 19 mot
640 294 124 20 zontariffen
780 294 69 20 säsom
873 296 79 23 system
969 295 51 17 utan

192 321 74 21 endast
290 324 43 18 mot
356 322 25 20 de
397 323 21 19 af
433 323 44 26 mig
492 323 74 26 gjorda
581 323 106 27 förslagen
703 322 32 21 till
751 322 102 20 zontariff.
884 322 48 20 Med
949 320 72 22 anled-

193 350 51 26 ning
266 350 22 20 af
311 350 25 21 de
353 351 163 27 spekulationer,
532 358 44 14 som
592 351 203 27 järnvägsutskottet
811 352 68 19 ansett
895 350 22 20 sä
932 356 89 20 synner-

191 378 57 28 ligen
264 379 81 27 farliga,
361 380 36 19 vill
412 380 35 26 jag
463 380 54 20 dock
533 382 78 18 nämna
627 382 29 18 att
671 380 63 20 äfven
751 380 39 20 den
803 379 123 20 nuvarande
938 378 82 21 tariffen

192 413 38 21 ger
250 408 117 27 anledning
388 408 31 20 till
444 408 72 27 dylika
534 408 163 28 spekulationer.
728 408 50 20 Man
794 408 42 20 kan
853 412 12 16 t.
881 414 33 14 ex.
930 407 44 21 lösa
989 407 33 27 sig

191 438 43 18 tur-
257 436 39 21 och
320 436 126 28 returbiljett
464 437 57 20 inom
538 437 82 21 afständ
637 437 55 20 ända
707 437 31 21 till
756 437 39 20 130
812 436 41 21 km.
885 436 42 21 Gär
942 436 79 21 afstän-

191 464 35 21 det
249 465 127 25 därutöfver,
400 466 22 20 sä
446 466 88 27 beviljas
556 467 46 20 icke
622 466 69 27 någon
708 466 68 20 rabatt
790 466 33 19 för
839 468 42 18 tur-
897 465 39 20 och
952 467 67 18 retur-

191 499 63 20 resor,
282 497 50 17 utan
348 494 65 21 måste
430 501 47 14 man
496 495 26 20 dä
537 495 44 20 lösa
594 495 31 27 sig
641 495 68 26 biljett
724 495 33 20 för
772 494 61 21 enkel
850 494 45 26 fart,
912 493 105 21 beroende

191 522 63 27 därpä
277 525 29 18 att
328 523 45 20 frän
395 523 38 20 och
449 523 47 21 med
515 524 39 20 100
571 524 35 19 km
629 523 191 21 afständsrabatten
846 523 69 26 börjar
929 521 89 21 inträda.

190 550 42 27 Jag
252 551 79 27 frägar:
353 558 37 19 ger
412 552 46 20 icke
481 552 62 21 äfven
560 552 69 21 denna
645 552 134 26 bestämning
795 551 116 26 anledning
926 551 31 20 till
973 557 46 20 spe-

191 579 133 21 kulationer?
348 580 48 20 Man
422 581 41 20 kan
485 581 23 26 ju
525 581 43 20 lösa
584 581 32 26 sig
631 587 26 14 en
674 583 43 18 tur-
733 581 40 19 och
788 580 127 26 returbiljett
930 579 32 21 till
977 581 42 18 sta-

191 608 70 20 tionen
286 611 93 18 närmast
402 609 38 20 130
464 609 34 20 km
523 610 38 19 och
583 609 92 20 därefter
696 609 53 26 köpa
765 615 26 14 en
809 615 29 20 ny
854 609 67 26 biljett
937 608 31 20 för
983 607 36 21 det

192 636 132 21 äterstäende
348 637 105 21 afständet
476 641 53 17 samt
552 638 114 20 ätervända
689 637 48 21 med
761 637 77 28 enkel
847 637 68 27 biljett
929 636 32 21 tili
977 636 41 21 den

192 665 83 23 station,
296 666 37 20 där
348 669 43 17 tur-
407 667 39 20 och
463 667 153 26 returbiljetten
633 666 44 21 äter
693 666 100 27 vidtager.
825 666 69 20 Afven
911 672 25 14 en
953 665 65 20 sådan

192 694 133 26 spekulation
342 695 41 20 kan
400 695 94 20 medföra
510 695 61 20 vinst.
601 695 49 20 Alla
666 695 85 26 tariffer,
767 695 22 20 sä
805 697 58 18 snart
878 695 7 19 i
901 694 47 20 dem
964 693 55 20 före-

191 722 85 21 komma
300 723 96 25 rabatter,
419 724 58 20 torde
500 724 57 26 gifva
580 724 116 26 anledning
717 723 30 21 till
763 723 140 27 spekulation,
919 729 47 14 men
984 722 35 20 det

192 751 66 26 ligger
281 752 7 19 i
311 752 76 20 sakens
408 755 62 18 natur
486 755 34 20 att,
536 753 23 20 så
574 755 58 18 snart
661 753 66 20 sådana
742 752 158 27 spekulationer
916 753 34 18 äro
967 751 52 26 möj-

192 779 42 26 liga
250 780 26 26 på
291 780 68 25 grund
376 781 20 20 af
412 781 97 26 gällande
526 781 59 23 tariff,
602 781 25 20 de
643 781 62 20 äfven
722 783 35 18 äro
774 783 29 18 att
819 787 61 14 anses
895 786 68 14 såsom
978 779 41 20 till-

191 807 57 21 låtna
272 809 38 20 och
334 809 100 21 behöfver
454 809 255 27 järnvägsförvaltningen
733 809 66 26 enligt
820 809 42 20 min
885 808 134 27 uppfattning

191 836 46 21 icke
262 837 95 21 betrakta
378 838 47 20 dem
449 838 68 20 såsom
541 839 115 26 någonting
675 838 128 25 otillbörligt,
819 837 68 20 såsom
904 837 114 26 någonting

191 865 157 27 förvaltningen
370 866 38 20 har
430 869 29 18 att
482 867 121 21 motarbeta.
633 867 50 20 Man
706 867 37 20 har
763 866 34 20 vid
815 865 135 21 zontariffons
965 865 54 20 infö-

191 894 65 20 rande
273 895 6 19 i
296 894 87 27 Ungern
398 896 48 20 sökt
460 896 68 20 införa
543 896 76 26 plikter
635 896 31 20 för
682 898 29 18 att
726 896 62 26 stäfja
804 895 71 27 dylika
891 894 128 27 spekulatio-

192 929 43 14 ner.
266 922 42 21 För
330 924 43 19 min
396 924 34 20 del
447 930 61 14 anser
526 924 36 26 jag
577 927 29 17 att
622 924 35 21 det
673 924 38 20 bör
725 924 32 20 stå
772 924 80 20 enhvar
867 924 44 20 fritt
927 925 29 18 att
971 922 48 20 med

192 951 88 27 ledning
302 952 20 20 af
344 952 40 20 den
408 952 97 27 gällande
521 952 81 21 tariffen
618 953 55 26 välja
689 952 35 21 det
739 954 40 18 sätt
795 955 30 17 att
840 952 43 20 lösa
899 952 32 26 sig
946 951 74 27 biljett,

193 986 44 14 som
263 980 85 21 utfaller
370 981 96 26 billigast.
497 981 41 21 Det
560 981 190 24 missförhällande,
773 987 45 14 som
835 980 100 21 utskottet
951 981 69 19 ansett

192 1008 85 21 vidlåda
300 1009 46 20 mitt
362 1010 83 26 förslag,
462 1010 5 19 i
483 1009 35 22 det
534 1012 29 18 att
579 1016 25 14 en
621 1016 46 14 resa
683 1010 31 20 till
729 1010 77 26 Hangö
823 1009 44 20 från
885 1008 134 26 Helsingfors

192 1037 86 20 utfaller
301 1037 101 26 billigare,
417 1038 7 20 i
441 1038 99 20 händelse
556 1045 47 13 man
620 1038 92 20 härifrån
729 1038 55 20 löser
799 1044 26 14 en
843 1037 67 27 biljett
925 1037 31 20 till
972 1036 46 26 Hy-

192 1066 63 26 vinge
279 1066 38 20 och
334 1066 90 21 därifrån
442 1073 25 14 en
484 1073 69 14 annan
569 1067 31 20 till
616 1066 83 28 Hangö,
715 1068 26 18 än
757 1073 34 14 om
808 1073 47 13 man
873 1066 62 26 köpte
951 1065 68 27 biljett

192 1094 93 20 härifrån
311 1094 81 21 direkte
417 1095 31 20 till
470 1095 84 27 Hangö,
577 1102 64 20 synes
664 1096 43 26 mig
723 1102 49 13 vara
788 1095 21 20 af
824 1095 63 25 ingen
905 1094 114 26 betydelse.

192 1122 42 20 Det
256 1124 23 19 är
301 1123 23 27 ju
346 1123 60 21 fallet
429 1124 88 20 öfveralt
539 1126 35 22 att,
590 1130 34 14 om
640 1130 48 14 man
705 1126 59 24 tager
779 1130 26 14 en
823 1124 66 26 biljett
904 1123 33 20 för
952 1122 69 20 direkt

193 1150 129 22 förbindelse
339 1152 38 20 och
394 1152 81 20 således
491 1152 141 20 öfverlämnar
648 1152 21 20 åt
683 1153 114 26 järnvägen
815 1154 30 18 att
857 1151 120 27 öfverflytta
985 1151 36 19 sitt

192 1180 94 26 resgods,
312 1180 37 20 där
364 1180 76 21 sådant
455 1183 23 18 är
494 1180 105 27 behöfligt,
615 1188 48 13 man
680 1180 95 28 erlägger
791 1180 64 27 något
870 1186 58 14 mera
943 1182 26 18 än
986 1185 34 14 om

192 1214 49 14 man
266 1208 48 27 själf
336 1209 119 27 öfvertager
470 1209 56 21 detta
543 1210 74 20 besvär
631 1216 78 20 genom
725 1212 30 18 att
769 1211 49 25 taga
833 1215 26 14 en
875 1208 63 20 enkel
954 1208 68 26 biljett

193 1236 31 20 till
246 1236 41 21 den
312 1243 38 14 ena
374 1240 60 18 orten
457 1238 39 20 och
519 1238 91 20 därifrån
627 1244 26 14 en
669 1244 70 14 annan
757 1238 77 20 vidare.
863 1237 42 27 Jag
920 1237 38 19 har
974 1236 48 20 med

193 1264 35 21 det
249 1266 88 20 anförda
358 1265 56 21 velat
434 1266 43 20 visa
494 1266 20 20 af
530 1266 53 20 huru
600 1266 59 26 ringa
676 1266 44 20 vikt
735 1266 113 20 utskottets
867 1270 156 21 resonnemang

193 1296 45 18 mot
262 1294 123 20 zontariffen
406 1294 68 21 såsom
490 1297 79 23 system
585 1296 28 18 är.
643 1294 124 21 Detsamma
783 1294 66 27 gäller
864 1294 62 20 äfven
942 1293 81 21 utskot-

192 1324 40 18 tets
248 1322 110 21 uttalande
374 1329 33 14 om
424 1323 40 20 den
474 1323 135 21 österrikiska
617 1323 122 21 zontariffen
751 1323 39 21 och
802 1323 47 21 dess
861 1321 162 27 misslyckande.

192 1349 64 22 Detta
279 1351 157 27 misslyckande
452 1351 82 21 bevisar
550 1352 74 20 endast
643 1352 42 20 den
700 1352 107 26 ungerska
821 1350 135 22 zontariffens
971 1350 54 20 före-

192 1379 60 20 träde
275 1380 88 20 framför
384 1380 40 20 den
449 1380 140 21 österrikiska.
619 1380 46 20 Den
690 1380 135 20 österrikiska
848 1379 123 21 zontariffen
988 1379 37 19 har

192 1407 142 27 misslyckats,
350 1408 89 21 emedan
464 1408 33 20 vid
514 1408 48 21 dess
577 1408 111 21 införande
703 1409 47 20 icke
766 1408 60 21 alltid
842 1408 116 26 beviljades
974 1407 51 20 ned-

192 1436 98 27 sättning
311 1437 7 19 i
341 1437 77 26 prisen,
438 1441 50 16 utan
512 1439 89 19 tvärtom
617 1437 7 20 i
641 1437 54 20 vissa
711 1437 37 20 fall
763 1437 114 26 afgifterna
893 1436 74 27 höjdes
982 1437 44 19 mot

192 1464 60 26 dem,
268 1471 45 14 som
337 1466 53 20 varit
411 1465 97 28 gällande
530 1466 45 20 före
600 1465 134 21 zontariffens
749 1465 117 21 införande.
897 1464 42 21 Det
953 1464 73 26 fiasko,

192 1498 45 14 som
258 1493 124 21 zontariffen
399 1494 5 20 i
421 1494 107 20 Österrike
550 1496 65 19 rönte,
632 1496 23 18 är
670 1494 70 20 därför
753 1493 118 27 förklarligt
881 1494 39 20 och
934 1492 93 21 berodde

192 1521 122 27 ingalunda
336 1522 135 21 uteslutande
494 1522 64 27 därpä
581 1524 30 19 att
629 1522 112 27 afgifterna
757 1522 7 20 i
781 1518 106 25 Österrike
903 1528 50 14 voro
969 1521 58 27 lägre
