1142 1773
350 135 179 21 Borgareståndet
543 136 57 16 1894.
626 136 21 16 17
660 136 47 20 maj.
872 130 55 20 1173

128 216 44 26 just
197 217 29 19 ett
251 216 75 20 sådant
348 216 79 26 förslag
450 216 31 20 till
505 222 25 14 en
552 216 97 27 billigare
664 215 61 25 bana,
741 222 27 14 en
784 216 55 20 bana
854 216 53 20 efter
922 216 35 20 det

130 244 107 26 möjligast
263 244 72 27 billiga
360 247 80 24 system
465 251 49 14 man
537 246 66 25 gärna
622 244 40 20 kan
679 244 64 20 tänka
759 244 36 27 sig.
826 244 40 20 Vid
883 244 74 21 sådant

132 272 130 21 förhållande
285 273 39 20 och
348 273 26 20 då
389 272 114 21 ständerna
519 272 34 21 vid
569 275 84 19 senaste
668 272 102 28 landtdag
785 272 93 22 uttalade
894 272 63 21 önsk-

130 301 94 27 ligheten
240 301 21 21 af
276 303 30 19 att
321 301 73 26 anslag
410 301 64 21 måtte
490 301 88 27 beviljas
594 301 33 21 för
641 301 188 27 subventionering
845 301 20 21 af
880 301 77 27 privat-

130 330 72 27 banor,
225 332 23 18 är
271 330 35 20 det
328 330 99 26 tämligen
451 330 105 26 själffallet
571 332 30 18 att
615 330 202 27 järnvägsutskottet
832 330 68 20 skulle
916 330 41 20 för-

130 358 51 21 orda
197 358 70 21 denna
282 358 124 27 privatbana
421 358 32 21 till
468 358 122 21 erhållande
606 359 21 20 af
643 358 133 21 subvention.
805 358 80 27 Tyvärr
899 358 58 21 med-

130 387 68 27 gifver
222 387 24 27 ju
261 387 46 21 icke
322 387 199 27 finansställningen
538 389 29 19 att
582 387 7 20 i
606 387 150 21 vidsträcktare
771 387 49 20 mån
837 387 34 20 vid
887 387 70 21 denna

130 415 102 27 landtdag
254 416 59 20 anslå
338 416 78 20 sådana
432 415 157 27 subventioner,
605 416 85 20 hvarför
704 416 201 26 järnvägsutskottet
920 416 38 20 har

131 446 40 19 sett
194 444 31 27 sig
247 446 89 25 tvunget
358 446 30 19 att
406 444 115 21 inskränka
536 444 32 27 sig
584 444 29 21 till
631 444 26 21 de
673 444 35 21 två
723 444 65 21 redan
805 444 68 21 under
887 444 71 21 denna

131 473 119 20 diskussion
276 473 114 20 omnämda
412 473 102 27 banorna,
536 473 71 21 denna
630 473 39 20 och
692 473 174 20 Fredrikshamns
882 473 75 21 banan.

132 501 49 20 Men
205 503 29 19 att
257 503 57 19 ännu
329 501 85 21 försöka
430 502 83 20 minska
529 502 61 20 dessa
606 501 152 21 subventioner
773 501 79 21 därhän
868 503 29 19 att
912 501 46 21 icke

132 536 37 15 ens
193 530 53 21 båda
269 530 61 21 dessa
353 530 45 21 små
416 530 137 27 privatbanor
568 530 69 21 skulle
653 530 180 26 subventioneras,
849 530 36 21 det
899 530 60 21 torde

132 559 53 20 dock
211 565 49 14 vara
276 561 30 18 att
320 559 26 27 gå
362 559 62 20 altför
439 559 60 26 långt
514 559 7 20 i
536 559 136 27 sparsamhet.
702 559 62 20 Hvad
781 559 64 20 sedan
862 559 98 21 beträffar

131 587 73 27 frågan
228 594 34 13 om
286 589 62 19 sättet
367 587 32 21 för
415 587 70 21 denna
500 587 195 28 subventionering,
711 587 23 20 så
746 587 73 27 höjdes
836 587 122 27 visserligen

131 615 58 21 inom
213 616 101 21 utskottet
330 616 64 21 också
409 618 67 19 röster
490 616 34 21 för
538 618 30 19 att
583 616 71 21 denna
669 616 127 21 subvention
811 616 65 21 måtte
891 616 68 27 gifvas

132 644 6 20 i
154 644 53 21 form
224 645 22 20 af
260 645 62 20 fonds
337 645 84 26 perdus,
437 651 49 14 men
502 645 65 26 ansåg
583 645 133 27 pluraliteten
734 647 29 18 att
779 647 29 18 ett
823 645 74 20 sådant
910 644 49 21 sub-

132 673 199 27 ventioneringssätt
355 673 47 21 icke
424 680 50 13 vore
500 673 35 21 det
557 673 106 27 lämpliga,
683 675 52 19 utan
751 675 29 19 att
795 673 36 20 det
846 679 49 15 vore
912 673 47 20 vida

133 703 79 25 vägnar
228 701 67 21 bättre
311 704 29 18 att
356 704 67 18 staten
440 702 72 26 ingick
527 702 69 20 såsom
613 702 96 21 aktionär
724 702 6 20 i
746 702 108 26 företaget,
869 702 39 21 och
923 701 37 21 ber

132 730 35 27 jag
191 730 32 21 för
245 731 43 19 min
312 730 34 21 del
369 733 35 22 att,
422 730 26 21 då
463 731 35 26 jag
513 731 7 20 i
536 731 101 20 utskottet
653 730 64 21 också
732 730 142 21 understödde
889 730 71 21 denna

134 758 58 27 åsikt,
209 759 20 20 få
245 759 84 20 ansluta
344 759 44 27 mig
403 759 32 20 till
450 759 113 21 utskottets
579 759 139 21 betänkande.

202 815 33 21 Hr
257 816 190 27 Appelberg:
471 816 42 27 Jag
535 815 66 22 måste
617 822 50 15 anse
683 818 30 19 att
728 816 35 20 hrr
777 815 74 21 Lilius”
867 816 39 20 och
922 815 39 21 Ca-

134 845 68 20 stréns
218 844 129 27 bevisföring
362 848 44 17 mot
423 846 23 19 hr
460 845 103 26 Tallqvist
578 845 87 20 alldeles
681 844 37 27 går
733 844 26 27 på
775 845 59 20 sidan
850 845 21 20 af
881 844 79 26 frågan.

133 872 67 22 Deras
216 873 129 27 bevisföring
361 873 65 27 gäller
441 873 130 21 fortfarande
587 873 40 21 den
645 873 34 21 vid
696 876 82 18 senaste
794 873 101 27 landtdag
907 873 54 21 före-

134 901 74 27 slagna
224 902 137 27 smalspåriga
376 902 122 27 järnvägen,
514 902 86 20 hvilken
616 902 69 20 skulle
701 902 62 21 hafva
779 902 68 20 kostat
863 903 98 19 statsvär-

135 930 35 20 ket
186 931 88 26 300,000
291 931 66 22 mark,
373 930 26 20 då
414 931 137 20 statsvärkets
568 931 73 26 bidrag
657 937 29 13 nu
702 931 95 20 däremot
807 930 74 21 endast
891 930 70 20 skulle

135 959 69 27 uppgå
221 960 60 26 högst
296 959 32 20 till
343 959 80 21 hälften
440 960 21 20 af
476 959 69 21 denna
560 966 89 14 summa.
680 959 41 27 Jag
736 960 41 20 kan
793 960 18 26 ej
828 965 50 15 anse
891 959 70 20 denna

134 994 84 14 summa
237 988 33 20 för
285 990 48 24 stor,
349 988 27 20 då
392 988 34 20 det
442 988 67 26 gäller
524 990 30 18 att
569 988 112 27 uppehålla
697 994 25 14 en
739 988 51 23 stad,
806 994 33 14 om
856 987 63 21 också
935 994 26 14 en

135 1016 153 26 jämförelsevis
311 1016 51 21 liten
379 1016 52 26 stad,
447 1017 6 19 i
470 1016 48 20 dess
533 1017 63 26 kamp
612 1016 33 21 för
660 1016 104 27 tillvaran,
779 1023 46 14 som
841 1016 40 20 den
897 1016 64 20 förbi-

135 1044 114 27 strykande
275 1044 117 28 Uleåborgs
416 1045 116 27 järnvägen
558 1047 57 18 ännu
641 1045 121 27 ytterligare
787 1045 32 20 för
839 1045 122 20 densamma

134 1073 110 21 försvårar.

204 1130 32 21 Hr
255 1130 163 27 Hallberg:
442 1130 34 21 Då
492 1130 35 21 det
542 1130 65 27 gäller
623 1133 29 18 att
667 1130 31 21 slå
714 1137 25 14 en
756 1130 141 21 motståndare
913 1130 49 21 med

135 1159 53 20 hans
211 1165 54 20 egna
288 1159 36 20 ord
347 1159 39 21 och
410 1159 143 27 synnerligast
575 1165 33 15 om
628 1160 35 20 det
679 1160 48 20 sker
742 1159 26 21 då
784 1160 40 20 han
841 1161 22 19 är
879 1159 83 20 frånva-

136 1188 70 24 rande,
233 1187 64 21 borde
320 1188 33 20 väl
376 1188 116 20 citerandet
515 1188 37 20 ske
567 1188 23 20 så
613 1190 30 18 att
658 1188 71 20 citatet
744 1188 46 20 icke
805 1188 117 26 lösrycktes
937 1194 26 14 ur

136 1216 35 20 sitt
193 1216 158 26 sammanhang.
382 1216 27 20 Sä
432 1216 79 21 skedde
533 1216 92 20 likafullt
647 1218 36 18 när
699 1216 25 20 hr
738 1216 111 26 Tallgvists
865 1216 97 26 yttrande

136 1244 34 20 vid
186 1247 84 18 senaste
285 1244 101 28 landtdag
396 1244 108 21 citerades.
535 1244 142 27 HrTallgvist
683 1244 92 22 uttalade
784 1245 31 26 sig
829 1244 26 21 dä
866 1247 44 18 mot
921 1244 41 21 den

136 1273 152 27 petitionerade
312 1273 69 20 banan
402 1273 31 20 till
450 1273 123 27 Nykarleby
590 1273 183 27 hufvudsakligast
789 1273 88 21 emedan
893 1273 70 20 denna

136 1301 55 21 bana
207 1301 69 21 skulle
292 1304 75 18 stanna
382 1302 50 20 inne
448 1302 6 19 i
470 1302 74 20 staden
562 1302 38 20 och
616 1302 46 20 icke
677 1302 107 20 fortsättas
794 1302 31 20 till
837 1302 47 20 dess
893 1301 69 20 hamn.

135 1330 30 20 Af
180 1330 52 20 hans
248 1332 78 19 tvänne
342 1330 150 27 andraganden
508 1330 93 27 framgär
616 1332 30 18 att
660 1331 43 26 just
719 1330 56 20 detta
791 1337 37 13 var
843 1332 29 19 ett
887 1329 21 21 af
919 1336 44 14 mo-

136 1358 88 21 tiverna.
254 1358 10 20 I
290 1358 35 21 det
340 1364 75 15 senare
431 1358 21 20 af
468 1358 46 21 sina
530 1358 157 28 andraganden,
703 1358 27 21 dä
745 1359 25 20 hr
784 1358 117 25 Frenckell,
917 1364 46 14 som

137 1386 54 21 hade
215 1387 61 20 väckt
291 1387 122 27 petitionen,
429 1387 98 27 uppdrog
542 1394 26 14 en
583 1387 120 27 jämförelse
721 1388 47 20 med
783 1386 123 27 Jakobstad,
921 1388 42 25 ytt-

136 1415 50 21 rade
202 1416 25 19 hr
241 1415 112 27 Tallgvist:
372 1415 54 27 »Jag
436 1415 37 20 vill
484 1415 54 21 blott
548 1416 87 26 tillägga
646 1418 29 18 att
685 1416 128 20 Jakobstads
824 1416 69 20 banan
904 1415 59 27 inga-

136 1444 66 20 lunda
218 1443 36 27 gär
269 1444 49 20 med
333 1444 81 26 förlust,
430 1444 48 20 dess
494 1444 176 21 trafikkostnader
685 1444 26 27 gä
726 1444 46 20 icke
783 1451 42 20 upp
841 1444 31 20 till
883 1450 81 14 samma

137 1478 83 14 summa
236 1478 44 14 som
296 1472 122 20 intraderna
432 1472 47 20 frän
495 1472 76 21 banan.
602 1472 117 21 Dessutom
735 1472 40 21 vill
784 1473 41 27 jag
837 1472 127 28 ytterligare

136 1500 60 28 fästa
220 1500 222 27 uppmärksamheten
469 1500 37 21 vid
532 1502 33 19 att
578 1500 131 22 Jakobstads
735 1501 73 20 banan
829 1501 42 27 gär
889 1502 25 19 ut
930 1500 35 20 till

136 1529 102 20 hamnen.
269 1528 76 21 Denna
368 1529 54 20 bana
444 1529 31 20 till
499 1529 125 27 Nykarleby
647 1529 68 21 skulle
740 1530 95 20 däremot
857 1529 56 21 sluta
938 1528 27 28 pä
