1142 1773
225 134 55 20 1604
434 141 180 21 Borgareständet
627 142 58 16 1894.
709 142 22 16 31
745 142 46 20 maj.

261 220 117 28 Föredrogs
394 223 30 19 ett
439 221 47 21 från
502 222 204 26 järnvägsutskottet
721 221 78 21 anländ
816 221 111 21 skrifvelse
949 222 20 20 af
984 222 39 20 föl-

194 249 63 27 jande
272 249 90 27 lydelse:

432 347 38 20 Till
487 346 106 28 vällofliga
609 347 178 27 borgareståndet.

261 402 68 22 Sedan
352 404 97 27 samtliga
472 404 62 21 stånd
555 404 158 21 slutbehandlat
728 404 213 27 järnvägsutskottets
956 404 65 20 andra

192 432 80 27 förslag
287 432 31 21 till
334 433 206 28 sammanjämkning
556 433 21 21 af
592 433 101 21 ståndens
709 433 129 28 skiljaktliga
853 433 70 21 beslut
940 433 34 20 vid
985 432 36 21 be-

191 461 129 27 handlingen
344 462 20 20 af
387 462 111 21 utskottets
521 462 133 21 betänkande
675 469 35 14 n:o
727 463 12 19 2
754 463 6 19 i
777 462 116 27 anledning
908 462 21 20 af
945 461 76 28 nådiga

191 490 158 27 propositionen
370 497 34 14 n:o
427 491 27 20 24
475 491 110 27 angående
601 491 72 20 vidare
689 491 224 27 järnvägsbyggnader
927 491 7 20 i
949 491 72 20 landet

192 521 55 18 samt
270 519 7 20 i
300 519 152 27 sammanhang
475 519 86 21 därmed
578 519 21 21 af
614 519 103 21 särskilda
731 519 61 22 stånd
810 519 110 21 utfärdade
936 519 84 27 inbjud-

191 547 77 27 ningar
290 547 6 20 i
319 549 76 26 ämnet,
410 548 69 22 hafva,
500 548 67 27 enligt
582 548 102 21 utskottet
699 548 182 24 tillhaydakomna
896 548 124 27 protokolls-

191 575 82 28 utdrag,
289 577 97 27 samtliga
401 577 61 20 stånd
478 577 6 20 i
500 577 37 20 sak
549 577 94 27 godkänt
658 577 111 20 utskottets
781 577 65 20 andra
857 577 163 26 sammanjämk-

190 605 148 27 ningsförslag,
360 605 68 21 sävidt
450 605 117 21 detsamma
590 605 62 21 berör
673 605 347 27 Keuru—Jyväskylä—Suolahti

190 633 40 20 och
244 627 140 27 Åbo—Karis
400 634 72 27 banor,
487 634 49 21 med
552 634 25 21 de
593 634 120 27 ändringar,
723 641 45 14 som
780 635 46 20 däri
837 634 20 21 af
868 634 153 27 prästeståndet

191 662 104 27 vidtagits.

259 690 109 27 Därjämte
391 691 63 21 hafva
476 691 146 27 ridderskapet
645 692 38 20 och
700 691 61 21 adeln
777 693 56 18 samt
848 691 172 26 borgareståndet

192 719 162 21 återremitterat
368 720 87 21 ärendet
471 720 30 21 till
517 720 202 27 järnvägsutskottet
731 721 31 20 för
773 722 97 18 närmare
881 719 138 27 formulering

191 748 39 21 och
246 748 161 27 förtydligande.

260 776 48 21 Med
324 777 100 21 afseende
440 777 50 21 härå
500 777 32 20 får
542 777 103 21 utskottet
656 777 106 20 vördsamt
772 777 79 20 föreslå
861 779 30 18 att
907 776 112 21 ständerna

190 805 69 20 såsom
282 811 48 15 svar
352 806 27 27 på
402 806 39 21 den
464 806 77 27 nådiga
562 806 156 27 propositionen
735 806 69 20 skulle
821 805 83 21 anmäla
919 808 30 18 att
963 807 56 19 stän-

191 833 66 21 derna
280 834 71 21 funnit
372 835 288 20 kommunikationsfondens
683 834 112 27 tillgångar
818 834 107 27 medgifva
940 836 29 18 att
985 834 35 21 det

190 862 21 20 af
231 862 83 21 landets
330 863 137 20 ekonomiska
482 863 103 21 intressen
603 863 109 27 påkallade
728 863 81 20 arbetet
825 863 12 20 å
851 863 168 27 järnvägsnätets

190 891 123 27 utveckling
335 892 101 27 fullföljes
459 892 6 20 i
489 894 66 19 större
578 892 127 27 omfattning
729 894 26 18 än
771 892 8 20 i
795 892 42 20 den
853 892 76 26 nådiga
945 898 74 20 propo-

190 919 91 21 sitionen
298 922 22 18 är
335 920 113 28 föreslaget
462 924 54 17 samt
527 923 30 18 att
567 921 114 20 ständerna
691 920 47 22 med
750 920 101 21 afseende
862 920 50 20 härå
923 920 94 20 beslutit:

464 991 38 24 att,
516 989 25 21 så
556 991 65 19 snart
635 989 102 21 arbetena
753 989 14 21 å
783 989 42 20 den
841 988 98 21 karelska
949 988 68 28 järn-

395 1020 68 25 vägen
487 1017 75 28 blifvit
584 1018 118 27 afslutade,
726 1024 26 14 en
775 1017 166 27 normalspårig
961 1016 58 21 bana

394 1047 49 20 med
458 1047 58 20 räler
532 1046 28 27 af
573 1048 32 19 25
620 1046 32 28 kg.
670 1046 46 21 vikt
727 1053 40 21 per
783 1048 68 18 meter
865 1046 57 20 skall
939 1046 80 27 byggas

394 1075 53 27 från
468 1075 78 21 Keuru
566 1075 79 21 station
669 1075 14 20 ä
704 1075 57 20 Vasa
772 1075 99 27 järnväg
887 1074 35 20 till
936 1074 81 28 Jyväs-

394 1104 51 27 kylä
468 1104 50 20 stad
540 1104 38 20 och
601 1103 104 27 därifrån
721 1104 76 20 vidare
814 1103 35 21 till
865 1102 104 22 Suolahti
983 1103 36 20 vik

395 1132 28 27 af
434 1132 96 25 Keitele;
547 1134 54 18 samt

461 1162 33 19 att
508 1160 37 28 för
555 1161 72 20 denna
633 1160 99 28 järnväg
741 1160 120 28 godkänna
875 1167 26 13 en
913 1160 102 20 kostnad-

395 1196 89 14 summa
506 1189 29 27 af
556 1190 130 25 8,0385,000
707 1189 70 26 mark,
801 1189 28 27 af
845 1188 80 21 hvilket
944 1188 74 27 belopp

396 1218 128 26 6,000,000
532 1218 63 20 mark
605 1218 70 20 skulle
685 1218 70 20 under
765 1217 153 21 instundande
928 1217 87 27 finans-

391 1246 79 28 period
491 1246 91 21 anvisas
604 1246 37 28 för
663 1246 86 21 banans
765 1246 126 27 byggande;
908 1246 109 20 äfvensom

463 1277 33 19 att
516 1275 38 21 hos
570 1274 65 22 Hans
651 1275 123 27 Kejserliga
789 1274 106 27 Majestät
909 1274 10 20 i
933 1274 82 20 under-

393 1303 105 27 dänighet
513 1303 93 21 anhälla
622 1305 33 19 att
670 1310 27 14 en
712 1303 167 27 normalspärig
896 1302 58 27 bana
969 1303 49 20 med

393 1332 58 20 räler
474 1332 28 27 af
523 1333 31 19 30
576 1332 33 27 kg.
633 1332 46 20 vikt
698 1339 41 20 per
753 1334 70 18 meter
837 1332 54 26 från
907 1331 46 21 Åbo
968 1332 49 20 stad

393 1360 61 28 öfver
478 1361 52 21 Salo
554 1360 81 28 köping
658 1361 35 20 till
715 1360 70 21 Karis
808 1360 82 21 station
914 1360 7 20 ä
937 1360 80 26 Hangö

394 1389 74 21 banan
478 1389 65 21 mätte
553 1389 80 27 byggas
641 1390 39 20 och
689 1390 70 20 under
766 1388 152 22 instundande
926 1388 88 27 finans-

390 1418 77 27 period
482 1418 49 20 med
546 1418 71 20 arbete
633 1418 104 27 beläggas.

254 1485 135 21 Beträffande
410 1486 124 20 anvisandet
556 1486 21 20 af
591 1486 70 20 medel
677 1486 32 20 för
723 1485 141 21 bedrifvande
880 1485 21 20 af
916 1485 99 21 arbetena

186 1514 68 20 under
277 1514 142 21 instundande
440 1514 142 28 finansperiod
599 1514 11 20 å
625 1514 115 21 sistnämda
762 1515 90 26 järnväg
875 1514 62 20 hafva
952 1516 63 18 samt-

184 1542 43 28 liga
242 1542 62 21 stånd
320 1544 112 26 uppdragit
448 1543 20 21 ät
484 1543 153 21 statsutskottet
653 1545 30 18 att
698 1543 72 20 därom
787 1543 80 27 afgifva
882 1542 83 27 förslag.
