1142 1773
372 130 180 20 Borgareständet
566 130 55 16 1894.
646 130 26 17 23
685 130 48 20 maj.
880 125 53 21 1349

133 210 72 20 kunna
221 210 66 20 blifva
302 210 162 21 undervisade».
495 210 63 20 Hvad
574 210 121 20 sedermera
710 210 133 20 vidkommer
859 210 12 26 $
886 211 19 25 4,
917 216 45 15 som

134 238 65 27 enligt
221 239 47 20 mitt
290 239 78 27 förslag
390 238 70 21 skulle
480 238 67 28 blifva
562 239 12 26 $
591 239 18 25 2,
625 245 62 14 anser
702 239 35 26 jag
753 238 123 21 densamma
891 238 72 21 kunna

133 269 92 24 antagas.
240 267 11 20 I
260 267 68 21 denna
337 267 98 27 paragraf
441 267 69 27 ligger
518 269 30 18 ett
555 267 32 20 frö
596 266 31 21 till
636 267 71 21 vidare
716 267 129 27 utveckling.
855 266 41 22 Det
905 267 61 20 heter

133 296 106 25 nämligen
263 296 46 20 här:
335 296 93 26 »Hvarje
443 296 166 20 landskommun
625 295 80 27 åligger
721 298 30 18 att
765 296 77 20 inrätta
858 296 38 20 och
912 302 53 21 upp-

134 324 96 20 rätthålla
253 324 125 21 åtminstone
402 331 26 13 en
452 324 42 20 fast
517 324 64 26 högre
597 324 116 26 folkskola;
729 324 117 27 hvarjämte
862 324 102 20 kommun

133 352 39 21 bör
193 353 55 20 tillse
272 354 29 19 att
322 353 59 27 barn,
404 353 72 20 hvilka
495 353 51 20 söka
561 353 82 20 inträde
659 353 7 20 i
681 353 81 27 skolan,
778 353 46 20 icke
840 353 77 20 afvisas
932 352 34 21 för

135 381 105 21 bristande
264 384 126 24 utrymme».
420 381 80 21 Finnes
524 381 81 21 således
627 382 8 19 i
658 382 130 20 kommunen
809 388 26 14 en
851 382 59 20 skola
925 382 40 20 och

134 410 31 20 till
189 410 69 20 denna
281 410 59 20 skola
362 410 95 20 anmälas
479 410 77 26 elever,
571 410 72 20 hvilka
658 410 32 20 till
705 410 52 26 följd
774 410 21 20 af
809 410 108 20 bristande
933 412 33 18 ut-

135 444 81 21 rymme
232 438 47 21 icke
289 438 71 21 kunde
374 440 124 26 emottagas,
509 438 23 21 så
543 439 79 27 åligger
633 438 35 21 det
679 439 131 20 kommunen
823 440 29 19 att
864 439 101 27 antingen

134 469 76 24 antaga
226 474 27 14 en
268 467 124 21 biträdande
408 467 74 27 lärare,
498 468 76 20 inrätta
590 474 25 13 en
632 474 27 19 ny
676 467 65 27 skola,
753 467 52 21 eller
816 468 25 26 på
851 470 64 18 annat
925 469 42 19 sätt

134 502 22 15 se
168 495 29 21 till
210 498 30 19 att
250 496 80 21 barnen
338 496 46 21 icke
394 496 82 20 afvisas.
493 495 42 22 Det
544 496 65 20 andra
617 498 116 19 momentet
741 497 6 19 i
756 497 123 26 paragrafen
889 496 79 21 tillåter

135 525 129 20 inrättandet
286 531 11 14 af
321 524 103 27 flyttande
440 525 66 26 högre
522 525 120 26 folkskolor,
658 525 81 20 hvilket
753 525 35 26 jag
803 531 63 14 anser
881 531 49 14 vara
946 525 21 20 af

136 553 162 21 förhållandena
312 553 112 27 päkalladt.
448 553 10 20 I
474 553 72 28 Norge
562 553 61 21 hafva
636 553 79 21 sådana
726 553 71 21 skoior
807 553 62 28 länge
880 553 87 21 arbetat.

136 582 41 26 Jag
194 588 63 15 anser
272 583 30 19 att
317 582 161 20 förhållandena
494 582 6 20 i
518 582 48 21 våra
582 582 129 27 nordligaste
727 582 126 21 kommuner
869 582 98 21 särskildt

136 610 84 27 påkalla
243 611 128 20 inrättandet
394 611 21 20 af
437 611 82 20 sådana
534 611 102 26 flyttande
652 611 65 26 högre
733 611 121 26 folkskolor,
870 611 38 20 och
924 613 43 18 tror

137 641 35 22 att,
190 639 25 20 då
231 639 112 21 tillåteisen
360 639 61 20 beror
436 639 26 27 på
479 639 106 27 pröfning,
600 639 69 28 någon
686 639 44 20 fara
747 640 32 19 för
788 639 179 21 folkskoleväsen-

137 667 35 21 det
194 667 7 20 i
225 668 56 21 detta
304 668 116 26 stadgande
435 668 47 20 icke
498 668 118 27 föreligger.
646 668 70 20 Äfven
733 668 12 26 $
762 669 11 19 5
789 668 88 21 innebär
893 674 25 15 en
934 671 34 17 ut-

138 696 99 27 veckling
260 697 21 20 af
296 696 208 21 folkskoleväsendet
523 697 3 20 i
542 697 161 20 kommunerna.
733 696 45 21 Här
794 697 84 27 stadgas
893 697 74 20 nämli-

137 731 51 20 gen:
215 724 92 28 »Hvarje
329 725 165 20 landskommun
519 731 49 14 vare
588 725 75 27 pliktig
678 727 30 18 att
723 725 71 20 indela
810 726 35 19 sitt
860 725 85 21 område
961 725 7 20 i

138 753 136 26 skoldistrikt,
306 754 88 26 lämpade
417 754 53 20 efter
494 754 25 20 de
535 753 69 21 lokala
624 753 167 27 förhållandena,
807 754 47 20 med
870 754 99 20 särskildt

139 782 99 20 afseende
263 782 41 21 fäst
329 782 50 21 därå
402 784 35 24 att,
460 782 28 21 då
510 783 59 20 skola
591 783 7 19 i
620 783 72 25 hvarje
712 782 83 21 distrikt
810 783 101 25 inrättats,
927 782 41 21 alla

139 810 50 21 barn
206 811 7 19 i
229 811 127 20 kommunen
374 811 74 20 kunna
463 811 81 20 erhålla
559 811 172 26 undervisning».
757 810 41 21 Det
811 811 65 26 gäller
887 811 81 21 således

138 841 30 18 att
190 839 26 26 på
232 839 89 20 förhand
337 841 94 25 uppgöra
446 845 26 14 en
490 839 49 27 plan
556 839 31 21 till
602 839 111 28 indelning
728 839 7 20 i
751 839 84 21 distrikt
849 840 32 20 för
897 839 71 21 vidare

138 867 132 27 anläggande
295 868 21 20 af
338 868 76 26 skolor,
430 868 54 20 dock
501 868 47 21 icke
564 870 79 24 genast,
659 870 50 19 utan
725 868 8 20 i
749 868 40 21 den
805 868 48 21 mån
870 868 99 21 behofvet

139 896 75 21 sådant
236 896 100 27 päkallar.
365 896 11 21 I
392 897 57 20 detta
465 897 101 21 afseende
582 897 135 27 sammangår
731 898 157 20 reservationen
905 904 34 13 n:o
956 898 11 19 1

138 925 49 20 med
203 925 41 20 den
260 926 67 26 tredje
342 926 166 20 reservationen.
538 925 60 21 Dock
613 926 67 20 måste
695 926 36 26 jag
746 932 50 14 anse
812 928 30 18 att
852 926 41 20 den
903 926 66 20 första

138 954 157 20 reservationen
317 954 82 26 lyckats
422 954 68 20 bättre
513 954 54 20 hvad
590 954 98 20 beträffar
710 954 173 27 formuleringen,
899 954 69 21 däruti

140 984 30 18 att
192 982 46 20 icke
262 982 36 21 det
312 982 64 27 tvång
392 982 68 21 skulle
477 982 85 28 åläggas
577 983 162 26 kommunerna,
755 989 44 14 som
816 983 71 21 kunde
903 983 65 21 blifva

140 1010 79 27 följden
236 1011 21 20 af
272 1011 161 27 bestämningen
449 1012 7 19 i
472 1011 42 21 den
530 1012 67 26 tredje
607 1012 164 20 reservationen.
794 1011 62 21 Hvad
868 1012 100 26 slutligen

141 1039 12 27 $
169 1039 12 20 6
197 1040 137 26 vidkommer,
351 1046 61 14 anser
428 1040 36 27 jag
480 1040 41 20 den
537 1040 46 20 icke
599 1040 32 20 stå
646 1040 6 20 i
669 1040 153 27 sammanhang
837 1040 47 20 med
901 1040 69 20 rubri-

141 1068 47 26 ken,
211 1068 85 20 hvarför
317 1069 35 26 jag
374 1068 55 21 hälst
445 1068 71 21 skulle
532 1075 22 14 se
569 1071 30 18 att
615 1068 69 21 denna
700 1069 97 27 paragraf
812 1069 93 27 utginge.
935 1068 34 21 En

141 1096 133 27 bestämning
290 1097 44 20 däri
350 1097 72 20 kunde
438 1097 102 27 möjligen
557 1097 53 21 dock
625 1097 94 25 beaktas,
731 1097 107 27 nämligen
849 1098 40 20 den
901 1098 6 19 i
918 1098 51 20 sista

141 1127 117 19 momentet
280 1125 71 21 därom
379 1128 29 18 att
424 1126 284 26 religionsundervisningen
725 1125 68 21 skulle
809 1126 124 20 öfvervakas
949 1126 20 20 af

141 1153 163 27 församlingens
326 1154 138 27 prästerskap.
496 1154 49 20 Man
569 1154 72 20 kunde
664 1156 92 25 upptaga
771 1154 58 21 detta
847 1154 122 28 stadgande,

140 1182 44 20 ifall
201 1182 57 21 detta
273 1182 88 27 ansåges
377 1183 79 26 nödigt.
487 1182 42 27 Jag
544 1183 32 20 för
591 1183 43 20 min
651 1183 34 20 del
701 1182 66 21 håller
778 1183 53 21 dock
842 1183 46 21 icke
899 1183 70 27 därpå,

141 1213 49 18 utan
211 1217 63 15 anser
288 1211 62 21 äfven
366 1211 70 21 denna
452 1211 135 27 bestämning
603 1212 72 20 kunna
691 1211 56 27 utgå.
777 1212 118 27 Angående
910 1212 60 20 tvån-

141 1242 35 24 get
191 1241 29 19 att
240 1240 90 26 anlägga
344 1240 70 20 skolor
436 1240 38 27 går
488 1240 103 20 utskottet
605 1240 74 26 längre
695 1242 25 18 än
737 1240 128 21 reservation
883 1241 17 19 1.
931 1240 40 21 Ut-

141 1268 77 20 skottet
242 1268 88 20 föreslår
354 1268 107 27 nämligen
485 1271 31 18 att
536 1268 64 21 minst
615 1271 78 18 tvänne
709 1268 70 21 skolor
795 1268 50 21 böra
860 1269 87 20 inrättas
962 1269 8 20 i

140 1296 109 27 kommun,
265 1296 37 21 där
317 1297 211 21 innevånareantalet
543 1297 124 27 öfverstiger
682 1297 115 27 fyratusen.
835 1297 76 21 Denna
933 1298 36 20 be-

141 1325 107 27 stämning
270 1332 62 14 anser
346 1326 35 26 jag
396 1326 76 20 endast
487 1326 50 20 med
553 1325 106 27 svårighet
673 1326 74 20 kunna
762 1326 139 26 genomföras.
932 1325 40 21 Ut-

141 1353 59 21 öfver
223 1354 26 20 de
271 1354 26 20 41
319 1354 132 26 kommuner,
467 1360 46 14 som
530 1354 87 20 alldeles
633 1354 66 20 sakna
714 1354 121 26 folkskolor,
851 1354 68 21 finnes
935 1354 36 21 det

141 1382 26 20 27
191 1388 45 14 som
252 1382 70 21 blefve
337 1384 96 24 tvungna
448 1384 31 19 att
494 1382 90 27 anlägga
600 1382 41 21 den
657 1382 66 21 andra
738 1383 80 20 skolan.
849 1382 72 21 Skulle
937 1385 32 19 ut-

141 1410 77 21 skottet
232 1410 108 27 föreslagit
355 1411 183 21 innevånaretalet
554 1411 31 21 till
594 1411 105 21 femtusen
712 1411 5 20 i
732 1411 69 21 stället
811 1412 33 20 för
854 1412 115 26 fyratusen,

140 1438 54 21 hade
217 1439 79 21 antalet
312 1440 25 20 27
354 1439 86 27 nedgått
456 1439 32 21 till
506 1440 26 20 13
556 1440 37 20 och
609 1440 162 26 bestämningen
787 1446 85 14 snarare
888 1440 83 20 kunnat

141 1469 93 25 antagas.
265 1468 41 26 Jag
318 1468 88 20 föreslår
421 1468 85 20 således
522 1470 34 21 att,
571 1468 7 20 i
594 1468 101 20 händelse
711 1468 83 20 ståndet
809 1469 98 20 omfattar
923 1468 47 21 mitt

140 1496 84 26 förslag,
247 1496 142 21 betänkandet
405 1496 69 20 skulle
490 1496 164 25 återremitteras
669 1496 32 21 till
717 1497 102 20 utskottet
833 1497 32 20 för
881 1499 29 18 att
925 1503 46 14 om-

140 1524 107 27 redigeras
262 1524 7 20 i
284 1524 36 21 det
334 1525 55 26 syfte
404 1525 36 27 jag
455 1525 95 27 angifvit.
