1142 1773
382 128 180 22 Borgareståndet
575 130 57 16 1894.
657 130 26 16 29
695 129 48 21 maj.
887 124 53 20 1527

212 209 42 20 Vid
274 209 34 21 det
324 209 84 21 ståndet
423 208 132 22 omedelbart
569 208 108 28 öfvergick
693 209 31 20 till
740 209 195 27 detaljgranskning
950 208 21 22 af

145 238 35 22 det
200 238 7 20 i
226 238 141 20 betänkandet
381 237 33 21 till
430 237 119 27 antagande
566 237 111 21 förordade
693 237 220 28 författningsförslag,
929 237 42 21 blef

145 267 116 21 detsamma
276 266 31 20 till
322 266 41 21 alla
379 266 58 20 delar
452 266 114 27 godkändt.

213 323 133 21 Beträffande
369 323 113 21 utskottets
505 323 79 27 förslag
606 323 32 21 till
661 323 127 27 kungörelse
804 323 109 27 angående
929 324 42 19 sär-

144 352 68 20 skilda
227 352 47 20 med
290 351 174 27 patentväsendet
480 352 209 26 sammanhängande
701 352 180 26 omständigheter
888 351 83 27 yttrade

213 409 25 20 hr
252 408 169 28 Wegelius:
452 408 41 28 Jag
515 409 68 20 skulle
607 410 64 26 gärna
693 409 64 20 hafva
778 410 41 20 sett
840 415 25 15 en
881 409 90 27 ändring

144 438 99 26 vidtagen
268 438 7 20 i
299 438 12 26 $
334 438 12 20 5
365 437 7 20 i
388 437 71 21 denna
474 437 132 27 kungörelse.
637 437 72 27 Enligt
725 438 70 20 denna
809 438 97 27 paragraf
921 444 50 21 eger

145 466 129 27 uppfinnare,
298 473 45 14 som
365 468 57 18 ännu
444 466 46 21 icke
507 466 87 21 alldeles
609 467 7 19 i
631 466 63 27 detalj
711 467 38 20 har
765 466 81 21 kunnat
861 473 110 20 genomar-

145 495 48 20 beta
219 495 32 20 sin
279 494 125 27 uppfinning
429 495 39 20 och
484 497 50 25 göra
551 495 40 20 den
608 495 48 20 fullt
671 495 104 27 praktiskt
789 495 116 27 tillämplig,
921 501 49 14 men

144 523 116 21 emellertid
285 523 36 20 vill
336 523 82 27 skydda
434 523 124 21 densamma
573 530 74 20 genom
665 526 29 18 att
709 523 94 21 försäkra
819 524 32 27 sig
867 530 32 14 om
915 523 56 28 prio-

144 552 49 21 ritet
208 552 31 21 till
256 551 156 28 uppfinningen,
428 552 67 21 utsikt
509 552 32 21 till
557 554 30 19 ett
601 552 86 20 rådrum
703 552 21 20 af
736 552 47 27 fyra
794 552 106 26 månader,
910 552 61 20 hvar-

145 581 68 20 under
235 581 40 20 han
292 587 49 14 vore
348 577 12 35 i
379 581 82 20 tillfälle
478 582 30 19 att
523 583 50 25 göra
588 581 114 26 ändringar
716 581 7 20 i
739 581 157 26 beskrifningen
913 581 58 20 öfver

146 609 158 27 uppfinningen.
334 609 72 27 Enligt
432 609 41 21 den
496 609 101 27 engelska
619 609 134 27 patentlagen
774 611 22 18 är
812 609 69 21 denna
897 609 29 20 tid
942 610 29 19 ett

145 638 43 21 helt
204 638 28 26 år,
248 638 38 20 och
303 640 42 18 tror
360 638 34 27 jag
410 640 30 18 att
456 644 48 14 man
521 638 53 27 egde
589 638 45 20 skäl
651 640 29 19 att
695 638 62 20 äfven
767 638 37 20 hos
813 644 34 14 oss
856 638 115 21 bestämma

145 673 26 14 en
195 667 64 26 något
280 667 72 26 längre
377 667 35 20 tid.
443 666 42 21 Det
500 668 24 19 är
539 667 42 20 ofta
597 666 59 21 fallet
671 668 36 24 att,
722 667 76 20 medan
815 667 109 26 principen
939 666 32 21 för

145 701 26 15 en
197 695 124 27 uppfinning
343 695 40 20 kan
406 701 50 14 vara
471 695 51 27 klar,
538 695 41 27 det,
594 695 33 20 för
641 697 30 18 att
686 697 51 25 göra
753 695 39 20 den
809 695 48 21 fullt
871 695 99 27 praktisk,

145 726 23 18 är
182 723 130 28 nödvändigt
328 725 29 19 att
372 723 68 21 utföra
456 730 27 14 en
498 724 69 27 färdig
581 723 85 27 modeil,
683 724 39 20 och
737 723 42 21 kan
796 724 73 20 därvid
885 723 86 21 framstå

145 752 100 21 behofvet
267 752 21 21 af
309 752 123 27 förändring
447 752 7 20 i
468 759 26 14 en
512 752 51 21 eller
577 752 51 21 flere
644 752 63 21 delar.
739 752 72 21 Såsom
828 752 69 21 denna
912 759 59 20 para-

145 781 46 26 graf
207 787 29 14 nu
252 783 22 18 är
289 781 110 25 stiliserad,
415 783 23 18 är
453 781 57 20 detta
526 781 85 20 rådrum
628 781 45 20 icke
689 781 68 20 häller
771 781 116 26 medgifvet
902 781 68 20 såsom

146 815 26 15 en
195 809 110 27 ovilkorlig
327 809 98 27 rättighet
447 809 33 20 för
496 809 144 28 uppfinnaren,
657 811 49 19 utan
723 809 36 21 det
773 811 23 18 är
811 816 25 14 en
853 809 118 27 pröfnings-

146 838 64 27 fråga,
236 838 154 21 ankommande
417 838 12 20 å
454 838 202 27 industristyrelsen,
681 839 30 20 att
733 838 57 27 gifva
805 839 30 20 ett
849 838 85 20 rädrum
950 837 21 20 af

146 867 54 20 ända
223 866 31 21 till
277 867 61 27 högst
359 867 47 26 fyra
422 866 107 22 mänader.
559 867 41 27 Jag
615 866 69 21 skulle
700 866 67 21 önska
782 868 30 20 att
827 866 70 22 denna
911 873 60 20 para-

146 895 46 27 graf
210 895 70 21 blefve
296 895 166 21 äterremitterad
477 896 33 20 för
526 895 147 27 omarbetning
687 896 7 20 i
710 896 55 26 syfte
781 897 30 19 att
825 895 21 21 ät
862 895 109 27 uppfinna-

146 930 36 14 ren
199 924 102 20 bereddes
317 930 26 14 en
359 924 111 27 ovilkorlig
485 924 100 27 rättighet
600 927 29 18 att
645 924 63 20 vinna
724 926 30 18 ett
768 924 85 20 rädrum
865 924 20 20 af
896 923 75 21 ätmin-

146 954 59 19 stone
228 959 38 14 sex
282 952 100 21 mänader
396 953 6 19 i
419 952 35 21 det
470 952 105 27 afseende,
590 959 46 14 som
651 952 71 21 denna
736 952 98 28 paragraf
849 952 122 27 innehäller,

146 981 18 20 d.
181 988 18 13 v.
215 988 15 13 s.
252 981 50 21 ernä
318 983 28 19 ett
361 981 91 27 uppskof
467 981 49 21 med
532 981 147 27 kungörandet
694 981 55 21 ända
764 981 31 21 till
811 988 38 14 sex
865 981 106 26 månader,

146 1010 68 20 under
242 1010 86 20 hvilken
353 1010 29 20 tid
410 1010 110 20 sökanden
547 1010 65 26 enligt
628 1016 74 14 senare
719 1012 115 18 momentet
849 1012 56 18 ännu
922 1015 49 15 vore

147 1038 115 27 berättigad
278 1040 30 19 att
323 1040 50 25 göra
388 1038 91 28 ändring
493 1038 7 20 i
518 1038 162 28 beskrifningen.

215 1094 69 22 Sedan
310 1095 147 21 diskussionen
483 1095 51 21 härä
556 1096 111 20 förklarats
691 1095 97 27 afslutad,
811 1095 121 21 framstälde
947 1095 25 20 hr

146 1124 122 20 talmannen
285 1124 47 20 med
349 1124 115 27 anledning
480 1124 21 20 af
516 1124 26 20 hr
556 1124 117 27 Wegelius”
688 1124 96 26 yrkande
806 1130 27 14 en
855 1123 116 27 sälydande

145 1152 279 28 omröstningsproposition:

215 1209 39 27 De,
279 1210 74 20 hvilka
376 1210 118 27 godkänna
517 1210 112 20 utskottets
651 1209 83 33 förslag
758 1210 35 20 till
815 1210 126 27 kungörelse
962 1208 10 22 i

145 1240 81 24 ämnet,
241 1240 59 19 rösta
310 1238 41 32 ja;
367 1239 31 25 de,
414 1238 35 20 det
464 1238 46 21 icke
524 1240 59 25 göra,
599 1240 59 19 rösta
673 1238 47 27 nej;

213 1266 80 21 vinner
307 1266 42 28 nej,
365 1255 42 32 har
422 1266 176 28 borgareståndet
612 1267 88 27 förenat
714 1266 34 28 sig
765 1273 35 15 om
815 1266 27 22 hr
861 1266 110 27 Wegelius

145 1295 90 27 förslag.

213 1351 77 22 Denna
304 1352 129 27 proposition
449 1352 128 20 besvarades
592 1352 48 20 med
657 1352 154 27 öfvervägande
819 1352 27 27 ja.
868 1351 104 27 Borgare-

145 1380 83 21 ståndet
250 1380 54 21 hade
326 1380 82 21 således
424 1380 138 21 oförändradt
576 1380 93 28 godkänt
685 1380 138 21 omförmälda
839 1379 132 27 kungörelse.
