1142 1773
227 133 56 21 1324
429 140 180 20 Borgareständet
621 141 57 16 1894.
703 141 22 16 21
737 140 48 20 maj.

267 218 38 27 De,
326 219 75 21 hvilka
420 220 118 27 godkänna
554 220 113 21 utskottets
682 220 83 28 förslag
781 220 10 20 i
805 219 66 27 fråga
887 226 33 14 om
934 218 90 28 privata

196 247 74 27 finska
290 248 232 27 fruntimmersskolan
537 248 10 21 i
561 248 106 27 Joensuu,
683 250 58 19 rösta
755 248 37 27 ja;
809 248 31 26 de,
856 248 35 21 det
906 248 45 20 icke
964 250 59 24 göra,

196 277 61 20 rösta
272 276 48 28 nej;

266 305 79 21 vinner
367 306 42 27 nej,
430 306 42 20 har
488 306 177 27 borgareståndet
681 306 88 20 beslutit
784 305 93 21 anhålla
893 306 33 20 att
940 304 82 28 omför-

196 333 76 21 mälda
287 334 60 20 skola
362 334 66 21 måtte
443 334 29 28 af
483 335 130 20 statsvärket
627 335 129 27 öfvertagas.

266 402 30 20 På
311 402 91 28 begäran
418 403 106 21 anstäldes
541 403 44 21 åter
601 403 105 27 votering;
723 403 38 21 och
777 410 46 13 som
840 402 73 21 därvid
929 402 94 27 afgåfvos

197 430 27 21 28
246 431 22 26 ja
290 431 38 21 och
352 432 26 20 23
400 432 41 27 nej,
458 432 54 20 hade
528 432 113 20 utskottets
656 432 133 20 betänkande
805 432 62 20 äfven
883 431 7 20 i
906 430 69 21 denna
990 429 33 21 del

197 459 70 21 blifvit
282 460 112 27 godkändt.

266 528 103 28 Slutligen
385 529 110 28 uppstälde
510 530 26 20 hr
550 529 121 21 talmannen
691 529 89 21 rörande
796 529 153 27 finskspråkiga
965 528 58 20 frun-

197 557 169 21 timmersskolan
389 559 7 19 i
418 558 30 21 S:t
468 558 77 21 Michel
565 558 158 21 nedanstående
739 557 282 28 omröstningsproposition:

266 626 38 27 De,
326 627 74 20 hvilka
419 627 119 27 godkänna
555 627 111 20 utskottets
681 627 216 27 resolutionsförslag
913 625 110 28 angående

192 655 94 27 privata
300 655 74 27 finska
388 655 234 28 fruntimmersskolan
637 656 9 20 i
663 655 35 22 S:t
712 655 88 27 Michel,
816 657 59 19 rösta
885 655 40 27 ja;
941 655 30 26 de,
988 653 35 22 det

195 683 45 21 tcke
254 686 60 25 göra,
330 685 60 20 rösta
406 684 45 27 nej;

265 713 81 20 vinner
360 713 42 27 nej,
418 713 42 20 har
476 713 176 27 borgareståndet
667 713 88 20 beslutit
770 712 93 21 anhålla
879 713 32 20 att
926 719 26 14 en
965 711 56 28 full-

195 741 89 27 ständig
306 741 216 27 fruntimmersskola
546 742 47 20 med
615 741 69 27 finskt
701 740 240 28 undervisningsspräk
957 740 66 21 måtte

195 769 112 21 därstädes
320 769 31 28 på
366 772 82 19 statens
464 770 117 21 bekostnad
595 770 97 21 inrättas
707 770 38 21 och
760 769 151 22 underhållas.

207 866 4 3 N
266 834 69 25 Äfven
358 839 89 20 rörande
470 839 70 20 denna
556 839 272 27 omröstningsproposition
845 838 105 21 anstäldes
966 839 57 19 vote-

196 873 52 21 ring,
265 867 39 20 och
319 866 102 28 framgick
438 867 59 21 däraf
512 870 30 18 att
557 867 84 21 ständet
655 867 47 21 med
720 868 25 20 32
761 867 21 27 ja
791 869 45 19 mot
847 867 25 20 17
885 867 33 27 nej
931 866 92 28 godkänt

196 896 112 20 utskottets
323 896 78 27 förslag
416 896 62 21 äfven
493 896 7 20 i
516 896 125 21 nästnämda
657 896 103 21 afseende.

265 1056 68 20 Bland
356 1056 93 21 ständets
473 1056 138 21 medlemmar
634 1056 53 21 hade
703 1056 91 21 utdelats
810 1056 39 20 och
866 1054 110 22 bordlades
992 1053 31 21 till

195 1085 61 19 nästa
273 1084 95 27 plenum:

266 1142 164 20 statsutskottets
452 1142 79 27 förslag
553 1142 31 20 till
605 1141 206 27 sammanjämkning
827 1141 20 20 af
863 1140 26 21 de
905 1140 118 26 skiljaktiga

196 1168 75 28 beslut,
288 1170 57 20 hvari
361 1170 89 21 stånden
466 1172 85 19 stannat
566 1170 34 20 vid
617 1170 156 26 behandlingen
789 1170 22 20 af
826 1169 112 21 utskottets
951 1168 72 20 betän-

195 1197 69 21 kande
288 1205 33 13 n:o
338 1198 12 20 6
366 1199 6 19 i
388 1199 116 27 anledning
519 1199 21 20 af
556 1199 76 27 nädiga
647 1199 156 27 propositionen
821 1204 34 14 n:o
873 1198 25 20 18
915 1196 108 28 angäende

194 1226 117 21 anvisande
328 1227 21 20 af
364 1227 69 21 medel
449 1228 33 20 för
497 1227 154 21 folkskolornas
666 1228 7 19 i
689 1227 71 21 landet
771 1226 112 21 underhäll
895 1225 68 21 under
973 1225 50 20 ären

196 1255 139 21 1895—1897
346 1263 4 14 ;

264 1312 106 20 allmänna
397 1312 198 21 besvärsutskottets
621 1312 132 20 betänkande
777 1318 34 14 n:o
835 1312 26 19 20
885 1310 108 27 angående
1016 1310 7 20 i

193 1340 99 26 samtliga
314 1340 61 21 stånd
398 1341 75 21 väckta
495 1340 170 26 motionsförslag
688 1347 33 14 om
745 1340 135 27 päbjudande
904 1339 21 20 af
945 1338 78 21 allmän

193 1368 54 20 läro-
264 1369 39 20 och
318 1369 100 27 skolplikt
433 1372 55 18 samt
499 1369 110 27 angående
620 1371 29 19 ett
660 1370 6 19 i
678 1368 155 22 bondeståndet
844 1368 61 20 väckt
916 1367 107 27 petitions-

194 1396 79 27 förslag
289 1404 33 14 om
338 1398 199 20 landskommuners
553 1398 142 26 förpliktande
710 1400 29 18 att
754 1398 78 20 inrätta
847 1403 26 14 en
890 1397 65 25 högre
970 1396 53 20 folk-

193 1425 70 26 skola;
280 1428 55 18 samt
479 1434 4 4 :

263 1482 107 21 allmänna
390 1483 200 21 besvärsutskottets
607 1482 133 21 betänkande
755 1488 35 14 n:o
807 1482 27 20 22
850 1482 6 20 i
872 1481 115 26 anledning
1003 1480 21 20 af

193 1510 103 21 särskilda
319 1511 6 20 i
348 1513 84 25 präste-,
448 1512 98 26 borgare-
561 1512 38 20 och
617 1511 158 20 bondestånden
793 1510 74 21 väckta
883 1509 141 28 petitionsför-
