<?xml version="1.0" encoding="UTF-8"?>
<alto xmlns="http://www.loc.gov/standards/alto/ns-v3#" xmlns:xlink="http://www.w3.org/1999/xlink" xmlns:xsi="http://www.w3.org/2001/XMLSchema-instance" xsi:schemaLocation="http://www.loc.gov/standards/alto/ns-v3# http://www.loc.gov/alto/v3/alto-3-0.xsd">
	<Description>
		<MeasurementUnit>pixel</MeasurementUnit>
		<sourceImageInformation>
			<fileName>/tmp/tess_zrq6yqa6_input.PNG</fileName>
		</sourceImageInformation>
		<OCRProcessing ID="OCR_0">
			<ocrProcessingStep>
				<processingSoftware>
					<softwareName>tesseract 5.3.4</softwareName>
				</processingSoftware>
			</ocrProcessingStep>
		</OCRProcessing>
	</Description>
	<Layout>
		<Page WIDTH="1142" HEIGHT="1773" PHYSICAL_IMG_NR="0" ID="page_0">
			<PrintSpace HPOS="0" VPOS="0" WIDTH="1142" HEIGHT="1773">
				<GraphicalElement ID="cblock_0" HPOS="1" VPOS="632" WIDTH="2" HEIGHT="589"></GraphicalElement >
				<GraphicalElement ID="cblock_1" HPOS="0" VPOS="24" WIDTH="1113" HEIGHT="7"></GraphicalElement >
				<ComposedBlock ID="cblock_2" HPOS="212" VPOS="144" WIDTH="561" HEIGHT="29">
					<TextBlock ID="block_0" HPOS="212" VPOS="144" WIDTH="561" HEIGHT="29">
						<TextLine ID="line_0" HPOS="212" VPOS="144" WIDTH="561" HEIGHT="29">
							<String ID="string_0" HPOS="212" VPOS="144" WIDTH="56" HEIGHT="21" WC="0.95" CONTENT="1288"/><SP WIDTH="146" VPOS="144" HPOS="268"/>
							<String ID="string_1" HPOS="414" VPOS="150" WIDTH="178" HEIGHT="22" WC="0.91" CONTENT="Borgareståndet"/><SP WIDTH="13" VPOS="150" HPOS="592"/>
							<String ID="string_2" HPOS="605" VPOS="152" WIDTH="58" HEIGHT="16" WC="0.96" CONTENT="1894."/><SP WIDTH="27" VPOS="152" HPOS="663"/>
							<String ID="string_3" HPOS="690" VPOS="152" WIDTH="23" HEIGHT="17" WC="0.96" CONTENT="19"/><SP WIDTH="13" VPOS="152" HPOS="713"/>
							<String ID="string_4" HPOS="726" VPOS="152" WIDTH="47" HEIGHT="21" WC="0.95" CONTENT="maj."/>
						</TextLine>
					</TextBlock>
				</ComposedBlock>
				<GraphicalElement ID="cblock_3" HPOS="181" VPOS="186" WIDTH="830" HEIGHT="3"></GraphicalElement >
				<ComposedBlock ID="cblock_4" HPOS="182" VPOS="231" WIDTH="829" HEIGHT="343">
					<TextBlock ID="block_1" HPOS="182" VPOS="231" WIDTH="829" HEIGHT="343">
						<TextLine ID="line_1" HPOS="182" VPOS="231" WIDTH="829" HEIGHT="28">
							<String ID="string_5" HPOS="182" VPOS="233" WIDTH="30" HEIGHT="19" WC="0.96" CONTENT="att"/><SP WIDTH="15" VPOS="233" HPOS="212"/>
							<String ID="string_6" HPOS="227" VPOS="231" WIDTH="41" HEIGHT="27" WC="0.96" CONTENT="jag,"/><SP WIDTH="16" VPOS="231" HPOS="268"/>
							<String ID="string_7" HPOS="284" VPOS="231" WIDTH="7" HEIGHT="21" WC="0.96" CONTENT="i"/><SP WIDTH="14" VPOS="231" HPOS="291"/>
							<String ID="string_8" HPOS="305" VPOS="231" WIDTH="67" HEIGHT="21" WC="0.96" CONTENT="likhet"/><SP WIDTH="21" VPOS="231" HPOS="372"/>
							<String ID="string_9" HPOS="393" VPOS="232" WIDTH="47" HEIGHT="20" WC="0.96" CONTENT="med"/><SP WIDTH="18" VPOS="232" HPOS="440"/>
							<String ID="string_10" HPOS="458" VPOS="232" WIDTH="35" HEIGHT="20" WC="0.93" CONTENT="hrr"/><SP WIDTH="15" VPOS="232" HPOS="493"/>
							<String ID="string_11" HPOS="508" VPOS="231" WIDTH="87" HEIGHT="21" WC="0.96" CONTENT="Castrén"/><SP WIDTH="24" VPOS="231" HPOS="595"/>
							<String ID="string_12" HPOS="619" VPOS="232" WIDTH="39" HEIGHT="21" WC="0.96" CONTENT="och"/><SP WIDTH="16" VPOS="232" HPOS="658"/>
							<String ID="string_13" HPOS="674" VPOS="231" WIDTH="124" HEIGHT="28" WC="0.96" CONTENT="Stenström,"/><SP WIDTH="19" VPOS="231" HPOS="798"/>
							<String ID="string_14" HPOS="817" VPOS="231" WIDTH="70" HEIGHT="21" WC="0.93" CONTENT="finner"/><SP WIDTH="16" VPOS="231" HPOS="887"/>
							<String ID="string_15" HPOS="903" VPOS="232" WIDTH="12" HEIGHT="26" WC="0.67" CONTENT="$"/><SP WIDTH="16" VPOS="232" HPOS="915"/>
							<String ID="string_16" HPOS="931" VPOS="231" WIDTH="12" HEIGHT="20" WC="0.97" CONTENT="6"/><SP WIDTH="16" VPOS="231" HPOS="943"/>
							<String ID="string_17" HPOS="959" VPOS="237" WIDTH="52" HEIGHT="15" WC="0.96" CONTENT="vara"/>
						</TextLine>
						<TextLine ID="line_2" HPOS="182" VPOS="259" WIDTH="826" HEIGHT="28">
							<String ID="string_18" HPOS="182" VPOS="260" WIDTH="82" HEIGHT="27" WC="0.95" CONTENT="ganska"/><SP WIDTH="16" VPOS="260" HPOS="264"/>
							<String ID="string_19" HPOS="280" VPOS="260" WIDTH="105" HEIGHT="27" WC="0.96" CONTENT="opraktisk"/><SP WIDTH="17" VPOS="260" HPOS="385"/>
							<String ID="string_20" HPOS="402" VPOS="260" WIDTH="38" HEIGHT="21" WC="0.96" CONTENT="och"/><SP WIDTH="16" VPOS="260" HPOS="440"/>
							<String ID="string_21" HPOS="456" VPOS="260" WIDTH="48" HEIGHT="27" WC="0.93" CONTENT="föga"/><SP WIDTH="16" VPOS="260" HPOS="504"/>
							<String ID="string_22" HPOS="520" VPOS="260" WIDTH="68" HEIGHT="27" WC="0.92" CONTENT="egnad"/><SP WIDTH="17" VPOS="260" HPOS="588"/>
							<String ID="string_23" HPOS="605" VPOS="263" WIDTH="29" HEIGHT="18" WC="0.96" CONTENT="att"/><SP WIDTH="22" VPOS="263" HPOS="634"/>
							<String ID="string_24" HPOS="656" VPOS="260" WIDTH="49" HEIGHT="21" WC="0.96" CONTENT="leda"/><SP WIDTH="15" VPOS="260" HPOS="705"/>
							<String ID="string_25" HPOS="720" VPOS="260" WIDTH="32" HEIGHT="21" WC="0.96" CONTENT="till"/><SP WIDTH="16" VPOS="260" HPOS="752"/>
							<String ID="string_26" HPOS="768" VPOS="260" WIDTH="26" HEIGHT="21" WC="0.96" CONTENT="de"/><SP WIDTH="16" VPOS="260" HPOS="794"/>
							<String ID="string_27" HPOS="810" VPOS="260" WIDTH="87" HEIGHT="21" WC="0.96" CONTENT="därmed"/><SP WIDTH="16" VPOS="260" HPOS="897"/>
							<String ID="string_28" HPOS="913" VPOS="259" WIDTH="95" HEIGHT="28" WC="0.94" CONTENT="åsyftade"/>
						</TextLine>
						<TextLine ID="line_3" HPOS="182" VPOS="288" WIDTH="827" HEIGHT="28">
							<String ID="string_29" HPOS="182" VPOS="288" WIDTH="78" HEIGHT="27" WC="0.96" CONTENT="målen,"/><SP WIDTH="16" VPOS="288" HPOS="260"/>
							<String ID="string_30" HPOS="276" VPOS="289" WIDTH="38" HEIGHT="20" WC="0.97" CONTENT="och"/><SP WIDTH="17" VPOS="289" HPOS="314"/>
							<String ID="string_31" HPOS="331" VPOS="289" WIDTH="88" HEIGHT="21" WC="0.95" CONTENT="emedan"/><SP WIDTH="15" VPOS="289" HPOS="419"/>
							<String ID="string_32" HPOS="434" VPOS="289" WIDTH="36" HEIGHT="27" WC="0.95" CONTENT="jag"/><SP WIDTH="14" VPOS="289" HPOS="470"/>
							<String ID="string_33" HPOS="484" VPOS="289" WIDTH="33" HEIGHT="20" WC="0.96" CONTENT="för"/><SP WIDTH="15" VPOS="289" HPOS="517"/>
							<String ID="string_34" HPOS="532" VPOS="289" WIDTH="63" HEIGHT="27" WC="0.96" CONTENT="öfrigt"/><SP WIDTH="16" VPOS="289" HPOS="595"/>
							<String ID="string_35" HPOS="611" VPOS="295" WIDTH="62" HEIGHT="15" WC="0.96" CONTENT="anser"/><SP WIDTH="15" VPOS="295" HPOS="673"/>
							<String ID="string_36" HPOS="688" VPOS="291" WIDTH="30" HEIGHT="19" WC="0.96" CONTENT="att"/><SP WIDTH="15" VPOS="291" HPOS="718"/>
							<String ID="string_37" HPOS="733" VPOS="296" WIDTH="26" HEIGHT="14" WC="0.96" CONTENT="en"/><SP WIDTH="17" VPOS="296" HPOS="759"/>
							<String ID="string_38" HPOS="776" VPOS="289" WIDTH="127" HEIGHT="27" WC="0.96" CONTENT="tjänsteman"/><SP WIDTH="11" VPOS="289" HPOS="903"/>
							<String ID="string_39" HPOS="914" VPOS="289" WIDTH="46" HEIGHT="21" WC="0.96" CONTENT="icke"/><SP WIDTH="11" VPOS="289" HPOS="960"/>
							<String ID="string_40" HPOS="971" VPOS="288" WIDTH="38" HEIGHT="21" WC="0.95" CONTENT="bör"/>
						</TextLine>
						<TextLine ID="line_4" HPOS="183" VPOS="317" WIDTH="825" HEIGHT="27">
							<String ID="string_41" HPOS="183" VPOS="323" WIDTH="47" HEIGHT="15" WC="0.95" CONTENT="mer"/><SP WIDTH="14" VPOS="323" HPOS="230"/>
							<String ID="string_42" HPOS="244" VPOS="319" WIDTH="27" HEIGHT="18" WC="0.96" CONTENT="än"/><SP WIDTH="24" VPOS="319" HPOS="271"/>
							<String ID="string_43" HPOS="295" VPOS="317" WIDTH="68" HEIGHT="27" WC="0.96" CONTENT="någon"/><SP WIDTH="25" VPOS="317" HPOS="363"/>
							<String ID="string_44" HPOS="388" VPOS="324" WIDTH="68" HEIGHT="14" WC="0.96" CONTENT="annan"/><SP WIDTH="24" VPOS="324" HPOS="456"/>
							<String ID="string_45" HPOS="480" VPOS="320" WIDTH="65" HEIGHT="18" WC="0.96" CONTENT="sättas"/><SP WIDTH="15" VPOS="320" HPOS="545"/>
							<String ID="string_46" HPOS="560" VPOS="318" WIDTH="7" HEIGHT="20" WC="0.96" CONTENT="i"/><SP WIDTH="16" VPOS="318" HPOS="567"/>
							<String ID="string_47" HPOS="583" VPOS="318" WIDTH="82" HEIGHT="20" WC="0.96" CONTENT="tillfälle"/><SP WIDTH="23" VPOS="318" HPOS="665"/>
							<String ID="string_48" HPOS="688" VPOS="320" WIDTH="30" HEIGHT="18" WC="0.96" CONTENT="att"/><SP WIDTH="15" VPOS="320" HPOS="718"/>
							<String ID="string_49" HPOS="733" VPOS="318" WIDTH="44" HEIGHT="20" WC="0.96" CONTENT="helt"/><SP WIDTH="16" VPOS="318" HPOS="777"/>
							<String ID="string_50" HPOS="793" VPOS="318" WIDTH="38" HEIGHT="20" WC="0.96" CONTENT="och"/><SP WIDTH="16" VPOS="318" HPOS="831"/>
							<String ID="string_51" HPOS="847" VPOS="318" WIDTH="65" HEIGHT="20" WC="0.93" CONTENT="hållet"/><SP WIDTH="15" VPOS="318" HPOS="912"/>
							<String ID="string_52" HPOS="927" VPOS="317" WIDTH="81" HEIGHT="21" WC="0.90" CONTENT="undan-"/>
						</TextLine>
						<TextLine ID="line_5" HPOS="183" VPOS="345" WIDTH="825" HEIGHT="28">
							<String ID="string_53" HPOS="183" VPOS="345" WIDTH="64" HEIGHT="27" WC="0.94" CONTENT="draga"/><SP WIDTH="19" VPOS="345" HPOS="247"/>
							<String ID="string_54" HPOS="266" VPOS="346" WIDTH="46" HEIGHT="20" WC="0.94" CONTENT="sina"/><SP WIDTH="15" VPOS="346" HPOS="312"/>
							<String ID="string_55" HPOS="327" VPOS="346" WIDTH="111" HEIGHT="27" WC="0.93" CONTENT="tillgångar"/><SP WIDTH="14" VPOS="346" HPOS="438"/>
							<String ID="string_56" HPOS="452" VPOS="345" WIDTH="204" HEIGHT="28" WC="0.90" CONTENT="fordringsegarene."/><SP WIDTH="30" VPOS="345" HPOS="656"/>
							<String ID="string_57" HPOS="686" VPOS="346" WIDTH="39" HEIGHT="21" WC="0.96" CONTENT="Att"/><SP WIDTH="14" VPOS="346" HPOS="725"/>
							<String ID="string_58" HPOS="739" VPOS="347" WIDTH="36" HEIGHT="26" WC="0.95" CONTENT="jag"/><SP WIDTH="19" VPOS="347" HPOS="775"/>
							<String ID="string_59" HPOS="794" VPOS="346" WIDTH="47" HEIGHT="21" WC="0.96" CONTENT="icke"/><SP WIDTH="15" VPOS="346" HPOS="841"/>
							<String ID="string_60" HPOS="856" VPOS="346" WIDTH="71" HEIGHT="21" WC="0.93" CONTENT="inlade"/><SP WIDTH="16" VPOS="346" HPOS="927"/>
							<String ID="string_61" HPOS="943" VPOS="352" WIDTH="65" HEIGHT="14" WC="0.92" CONTENT="reser-"/>
						</TextLine>
						<TextLine ID="line_6" HPOS="182" VPOS="374" WIDTH="826" HEIGHT="28">
							<String ID="string_62" HPOS="182" VPOS="374" WIDTH="72" HEIGHT="20" WC="0.91" CONTENT="vation"/><SP WIDTH="18" VPOS="374" HPOS="254"/>
							<String ID="string_63" HPOS="272" VPOS="377" WIDTH="42" HEIGHT="18" WC="0.96" CONTENT="mot"/><SP WIDTH="15" VPOS="377" HPOS="314"/>
							<String ID="string_64" HPOS="329" VPOS="374" WIDTH="91" HEIGHT="22" WC="0.96" CONTENT="beslutet"/><SP WIDTH="15" VPOS="374" HPOS="420"/>
							<String ID="string_65" HPOS="435" VPOS="374" WIDTH="97" HEIGHT="21" WC="0.96" CONTENT="härleder"/><SP WIDTH="14" VPOS="374" HPOS="532"/>
							<String ID="string_66" HPOS="546" VPOS="375" WIDTH="33" HEIGHT="27" WC="0.96" CONTENT="sig"/><SP WIDTH="14" VPOS="375" HPOS="579"/>
							<String ID="string_67" HPOS="593" VPOS="375" WIDTH="118" HEIGHT="20" WC="0.96" CONTENT="emellertid"/><SP WIDTH="17" VPOS="375" HPOS="711"/>
							<String ID="string_68" HPOS="728" VPOS="375" WIDTH="60" HEIGHT="21" WC="0.96" CONTENT="däraf"/><SP WIDTH="15" VPOS="375" HPOS="788"/>
							<String ID="string_69" HPOS="803" VPOS="377" WIDTH="30" HEIGHT="19" WC="0.96" CONTENT="att"/><SP WIDTH="14" VPOS="377" HPOS="833"/>
							<String ID="string_70" HPOS="847" VPOS="375" WIDTH="35" HEIGHT="27" WC="0.96" CONTENT="jag"/><SP WIDTH="11" VPOS="375" HPOS="882"/>
							<String ID="string_71" HPOS="893" VPOS="382" WIDTH="38" HEIGHT="13" WC="0.92" CONTENT="var"/><SP WIDTH="10" VPOS="382" HPOS="931"/>
							<String ID="string_72" HPOS="941" VPOS="375" WIDTH="67" HEIGHT="20" WC="0.91" CONTENT="öfver-"/>
						</TextLine>
						<TextLine ID="line_7" HPOS="183" VPOS="402" WIDTH="825" HEIGHT="29">
							<String ID="string_73" HPOS="183" VPOS="403" WIDTH="65" HEIGHT="27" WC="0.91" CONTENT="tygad"/><SP WIDTH="17" VPOS="403" HPOS="248"/>
							<String ID="string_74" HPOS="265" VPOS="409" WIDTH="34" HEIGHT="14" WC="0.95" CONTENT="om"/><SP WIDTH="16" VPOS="409" HPOS="299"/>
							<String ID="string_75" HPOS="315" VPOS="405" WIDTH="35" HEIGHT="25" WC="0.95" CONTENT="att,"/><SP WIDTH="15" VPOS="405" HPOS="350"/>
							<String ID="string_76" HPOS="365" VPOS="403" WIDTH="64" HEIGHT="21" WC="0.93" CONTENT="sedan"/><SP WIDTH="18" VPOS="403" HPOS="429"/>
							<String ID="string_77" HPOS="447" VPOS="403" WIDTH="187" HEIGHT="28" WC="0.91" CONTENT="utsökningslagen"/><SP WIDTH="21" VPOS="403" HPOS="634"/>
							<String ID="string_78" HPOS="655" VPOS="404" WIDTH="77" HEIGHT="20" WC="0.96" CONTENT="hunnit"/><SP WIDTH="15" VPOS="404" HPOS="732"/>
							<String ID="string_79" HPOS="747" VPOS="403" WIDTH="116" HEIGHT="21" WC="0.96" CONTENT="behandlas"/><SP WIDTH="16" VPOS="403" HPOS="863"/>
							<String ID="string_80" HPOS="879" VPOS="404" WIDTH="57" HEIGHT="20" WC="0.93" CONTENT="inom"/><SP WIDTH="15" VPOS="404" HPOS="936"/>
							<String ID="string_81" HPOS="951" VPOS="402" WIDTH="57" HEIGHT="21" WC="0.92" CONTENT="stån-"/>
						</TextLine>
						<TextLine ID="line_8" HPOS="183" VPOS="431" WIDTH="827" HEIGHT="28">
							<String ID="string_82" HPOS="183" VPOS="431" WIDTH="48" HEIGHT="26" WC="0.96" CONTENT="den,"/><SP WIDTH="16" VPOS="431" HPOS="231"/>
							<String ID="string_83" HPOS="247" VPOS="431" WIDTH="24" HEIGHT="21" WC="0.96" CONTENT="så"/><SP WIDTH="14" VPOS="431" HPOS="271"/>
							<String ID="string_84" HPOS="285" VPOS="431" WIDTH="52" HEIGHT="21" WC="0.96" CONTENT="liten"/><SP WIDTH="15" VPOS="431" HPOS="337"/>
							<String ID="string_85" HPOS="352" VPOS="432" WIDTH="29" HEIGHT="20" WC="0.96" CONTENT="tid"/><SP WIDTH="17" VPOS="432" HPOS="381"/>
							<String ID="string_86" HPOS="398" VPOS="432" WIDTH="20" HEIGHT="20" WC="0.93" CONTENT="af"/><SP WIDTH="15" VPOS="432" HPOS="418"/>
							<String ID="string_87" HPOS="433" VPOS="432" WIDTH="129" HEIGHT="27" WC="0.91" CONTENT="landtdagen"/><SP WIDTH="16" VPOS="432" HPOS="562"/>
							<String ID="string_88" HPOS="578" VPOS="432" WIDTH="69" HEIGHT="21" WC="0.96" CONTENT="skulle"/><SP WIDTH="16" VPOS="432" HPOS="647"/>
							<String ID="string_89" HPOS="663" VPOS="432" WIDTH="77" HEIGHT="22" WC="0.96" CONTENT="återstå"/><SP WIDTH="21" VPOS="432" HPOS="740"/>
							<String ID="string_90" HPOS="761" VPOS="435" WIDTH="31" HEIGHT="18" WC="0.96" CONTENT="att"/><SP WIDTH="15" VPOS="435" HPOS="792"/>
							<String ID="string_91" HPOS="807" VPOS="432" WIDTH="40" HEIGHT="21" WC="0.96" CONTENT="den"/><SP WIDTH="14" VPOS="432" HPOS="847"/>
							<String ID="string_92" HPOS="861" VPOS="432" WIDTH="149" HEIGHT="27" WC="0.96" CONTENT="omarbetning"/>
						</TextLine>
						<TextLine ID="line_9" HPOS="183" VPOS="460" WIDTH="825" HEIGHT="28">
							<String ID="string_93" HPOS="183" VPOS="460" WIDTH="7" HEIGHT="20" WC="0.96" CONTENT="i"/><SP WIDTH="16" VPOS="460" HPOS="190"/>
							<String ID="string_94" HPOS="206" VPOS="460" WIDTH="103" HEIGHT="21" WC="0.96" CONTENT="särskilda"/><SP WIDTH="23" VPOS="460" HPOS="309"/>
							<String ID="string_95" HPOS="332" VPOS="461" WIDTH="63" HEIGHT="26" WC="0.96" CONTENT="delar,"/><SP WIDTH="23" VPOS="461" HPOS="395"/>
							<String ID="string_96" HPOS="418" VPOS="467" WIDTH="45" HEIGHT="14" WC="0.95" CONTENT="som"/><SP WIDTH="23" VPOS="467" HPOS="463"/>
							<String ID="string_97" HPOS="486" VPOS="461" WIDTH="69" HEIGHT="20" WC="0.95" CONTENT="skulle"/><SP WIDTH="22" VPOS="461" HPOS="555"/>
							<String ID="string_98" HPOS="577" VPOS="461" WIDTH="95" HEIGHT="27" WC="0.96" CONTENT="påkallas"/><SP WIDTH="23" VPOS="461" HPOS="672"/>
							<String ID="string_99" HPOS="695" VPOS="461" WIDTH="21" HEIGHT="20" WC="0.93" CONTENT="af"/><SP WIDTH="21" VPOS="461" HPOS="716"/>
							<String ID="string_100" HPOS="737" VPOS="461" WIDTH="204" HEIGHT="21" WC="0.92" CONTENT="införselinstitutets"/><SP WIDTH="14" VPOS="461" HPOS="941"/>
							<String ID="string_101" HPOS="955" VPOS="466" WIDTH="53" HEIGHT="21" WC="0.92" CONTENT="upp-"/>
						</TextLine>
						<TextLine ID="line_10" HPOS="182" VPOS="489" WIDTH="825" HEIGHT="27">
							<String ID="string_102" HPOS="182" VPOS="489" WIDTH="92" HEIGHT="27" WC="0.96" CONTENT="tagande"/><SP WIDTH="15" VPOS="489" HPOS="274"/>
							<String ID="string_103" HPOS="289" VPOS="489" WIDTH="7" HEIGHT="20" WC="0.96" CONTENT="i"/><SP WIDTH="15" VPOS="489" HPOS="296"/>
							<String ID="string_104" HPOS="311" VPOS="489" WIDTH="69" HEIGHT="27" WC="0.96" CONTENT="lagen,"/><SP WIDTH="15" VPOS="489" HPOS="380"/>
							<String ID="string_105" HPOS="395" VPOS="489" WIDTH="47" HEIGHT="21" WC="0.96" CONTENT="icke"/><SP WIDTH="15" VPOS="489" HPOS="442"/>
							<String ID="string_106" HPOS="457" VPOS="489" WIDTH="72" HEIGHT="21" WC="0.96" CONTENT="vidare"/><SP WIDTH="15" VPOS="489" HPOS="529"/>
							<String ID="string_107" HPOS="544" VPOS="489" WIDTH="72" HEIGHT="21" WC="0.93" CONTENT="kunde"/><SP WIDTH="16" VPOS="489" HPOS="616"/>
							<String ID="string_108" HPOS="632" VPOS="489" WIDTH="131" HEIGHT="26" WC="0.92" CONTENT="medhinnas,"/><SP WIDTH="17" VPOS="489" HPOS="763"/>
							<String ID="string_109" HPOS="780" VPOS="490" WIDTH="39" HEIGHT="21" WC="0.96" CONTENT="och"/><SP WIDTH="16" VPOS="490" HPOS="819"/>
							<String ID="string_110" HPOS="835" VPOS="491" WIDTH="30" HEIGHT="19" WC="0.96" CONTENT="att"/><SP WIDTH="15" VPOS="491" HPOS="865"/>
							<String ID="string_111" HPOS="880" VPOS="491" WIDTH="30" HEIGHT="19" WC="0.96" CONTENT="ett"/><SP WIDTH="12" VPOS="491" HPOS="910"/>
							<String ID="string_112" HPOS="922" VPOS="489" WIDTH="85" HEIGHT="21" WC="0.88" CONTENT="beslut"/><SP WIDTH="-11" VPOS="489" HPOS="1007"/>
							<String ID="string_113" HPOS="996" VPOS="485" WIDTH="14" HEIGHT="35" WC="0.88" CONTENT="i"/>
						</TextLine>
						<TextLine ID="line_11" HPOS="184" VPOS="517" WIDTH="823" HEIGHT="28">
							<String ID="string_114" HPOS="184" VPOS="517" WIDTH="56" HEIGHT="21" WC="0.96" CONTENT="detta"/><SP WIDTH="16" VPOS="517" HPOS="240"/>
							<String ID="string_115" HPOS="256" VPOS="517" WIDTH="55" HEIGHT="27" WC="0.96" CONTENT="syfte"/><SP WIDTH="23" VPOS="517" HPOS="311"/>
							<String ID="string_116" HPOS="334" VPOS="518" WIDTH="81" HEIGHT="21" WC="0.96" CONTENT="således"/><SP WIDTH="23" VPOS="518" HPOS="415"/>
							<String ID="string_117" HPOS="438" VPOS="518" WIDTH="100" HEIGHT="27" WC="0.95" CONTENT="möjligen"/><SP WIDTH="24" VPOS="518" HPOS="538"/>
							<String ID="string_118" HPOS="562" VPOS="518" WIDTH="71" HEIGHT="21" WC="0.96" CONTENT="kunde"/><SP WIDTH="23" VPOS="518" HPOS="633"/>
							<String ID="string_119" HPOS="656" VPOS="518" WIDTH="48" HEIGHT="21" WC="0.96" CONTENT="leda"/><SP WIDTH="19" VPOS="518" HPOS="704"/>
							<String ID="string_120" HPOS="723" VPOS="519" WIDTH="70" HEIGHT="20" WC="0.96" CONTENT="därtill"/><SP WIDTH="16" VPOS="519" HPOS="793"/>
							<String ID="string_121" HPOS="809" VPOS="520" WIDTH="30" HEIGHT="19" WC="0.93" CONTENT="att"/><SP WIDTH="15" VPOS="520" HPOS="839"/>
							<String ID="string_122" HPOS="854" VPOS="518" WIDTH="90" HEIGHT="27" WC="0.91" CONTENT="uppskof"/><SP WIDTH="14" VPOS="518" HPOS="944"/>
							<String ID="string_123" HPOS="958" VPOS="517" WIDTH="49" HEIGHT="22" WC="0.96" CONTENT="med"/>
						</TextLine>
						<TextLine ID="line_12" HPOS="182" VPOS="545" WIDTH="635" HEIGHT="29">
							<String ID="string_124" HPOS="182" VPOS="545" WIDTH="74" HEIGHT="28" WC="0.93" CONTENT="lagens"/><SP WIDTH="16" VPOS="545" HPOS="256"/>
							<String ID="string_125" HPOS="272" VPOS="546" WIDTH="101" HEIGHT="21" WC="0.92" CONTENT="trädande"/><SP WIDTH="16" VPOS="546" HPOS="373"/>
							<String ID="string_126" HPOS="389" VPOS="547" WIDTH="6" HEIGHT="20" WC="0.97" CONTENT="i"/><SP WIDTH="15" VPOS="547" HPOS="395"/>
							<String ID="string_127" HPOS="410" VPOS="547" WIDTH="56" HEIGHT="20" WC="0.96" CONTENT="kraft"/><SP WIDTH="14" VPOS="547" HPOS="466"/>
							<String ID="string_128" HPOS="480" VPOS="547" WIDTH="69" HEIGHT="20" WC="0.96" CONTENT="skulle"/><SP WIDTH="15" VPOS="547" HPOS="549"/>
							<String ID="string_129" HPOS="564" VPOS="547" WIDTH="85" HEIGHT="20" WC="0.96" CONTENT="komma"/><SP WIDTH="16" VPOS="547" HPOS="649"/>
							<String ID="string_130" HPOS="665" VPOS="549" WIDTH="30" HEIGHT="18" WC="0.93" CONTENT="att"/><SP WIDTH="14" VPOS="549" HPOS="695"/>
							<String ID="string_131" HPOS="709" VPOS="553" WIDTH="39" HEIGHT="21" WC="0.91" CONTENT="ega"/><SP WIDTH="15" VPOS="553" HPOS="748"/>
							<String ID="string_132" HPOS="763" VPOS="553" WIDTH="54" HEIGHT="14" WC="0.96" CONTENT="rum."/>
						</TextLine>
					</TextBlock>
				</ComposedBlock>
				<ComposedBlock ID="cblock_5" HPOS="251" VPOS="603" WIDTH="757" HEIGHT="28">
					<TextBlock ID="block_2" HPOS="251" VPOS="603" WIDTH="757" HEIGHT="28">
						<TextLine ID="line_13" HPOS="251" VPOS="603" WIDTH="757" HEIGHT="28">
							<String ID="string_133" HPOS="251" VPOS="603" WIDTH="33" HEIGHT="21" WC="0.96" CONTENT="Hr"/><SP WIDTH="16" VPOS="603" HPOS="284"/>
							<String ID="string_134" HPOS="300" VPOS="603" WIDTH="147" HEIGHT="28" WC="0.95" CONTENT="Wegelius"/><SP WIDTH="22" VPOS="603" HPOS="447"/>
							<String ID="string_135" HPOS="469" VPOS="604" WIDTH="100" HEIGHT="21" WC="0.95" CONTENT="förenade"/><SP WIDTH="16" VPOS="604" HPOS="569"/>
							<String ID="string_136" HPOS="585" VPOS="604" WIDTH="32" HEIGHT="27" WC="0.96" CONTENT="sig"/><SP WIDTH="15" VPOS="604" HPOS="617"/>
							<String ID="string_137" HPOS="632" VPOS="604" WIDTH="32" HEIGHT="21" WC="0.95" CONTENT="till"/><SP WIDTH="16" VPOS="604" HPOS="664"/>
							<String ID="string_138" HPOS="680" VPOS="604" WIDTH="41" HEIGHT="21" WC="0.95" CONTENT="alla"/><SP WIDTH="16" VPOS="604" HPOS="721"/>
							<String ID="string_139" HPOS="737" VPOS="604" WIDTH="59" HEIGHT="21" WC="0.96" CONTENT="delar"/><SP WIDTH="15" VPOS="604" HPOS="796"/>
							<String ID="string_140" HPOS="811" VPOS="604" WIDTH="48" HEIGHT="21" WC="0.96" CONTENT="med"/><SP WIDTH="16" VPOS="604" HPOS="859"/>
							<String ID="string_141" HPOS="875" VPOS="604" WIDTH="25" HEIGHT="21" WC="0.96" CONTENT="hr"/><SP WIDTH="15" VPOS="604" HPOS="900"/>
							<String ID="string_142" HPOS="915" VPOS="603" WIDTH="93" HEIGHT="22" WC="0.96" CONTENT="Castrén."/>
						</TextLine>
					</TextBlock>
				</ComposedBlock>
				<ComposedBlock ID="cblock_6" HPOS="182" VPOS="660" WIDTH="828" HEIGHT="143">
					<TextBlock ID="block_3" HPOS="182" VPOS="660" WIDTH="828" HEIGHT="143">
						<TextLine ID="line_14" HPOS="251" VPOS="660" WIDTH="759" HEIGHT="28">
							<String ID="string_143" HPOS="251" VPOS="660" WIDTH="34" HEIGHT="21" WC="0.96" CONTENT="Hr"/><SP WIDTH="14" VPOS="660" HPOS="285"/>
							<String ID="string_144" HPOS="299" VPOS="661" WIDTH="135" HEIGHT="20" WC="0.96" CONTENT="Jansson:"/><SP WIDTH="20" VPOS="661" HPOS="434"/>
							<String ID="string_145" HPOS="454" VPOS="661" WIDTH="69" HEIGHT="21" WC="0.96" CONTENT="Också"/><SP WIDTH="15" VPOS="661" HPOS="523"/>
							<String ID="string_146" HPOS="538" VPOS="661" WIDTH="35" HEIGHT="27" WC="0.96" CONTENT="jag"/><SP WIDTH="14" VPOS="661" HPOS="573"/>
							<String ID="string_147" HPOS="587" VPOS="661" WIDTH="32" HEIGHT="20" WC="0.96" CONTENT="får"/><SP WIDTH="16" VPOS="661" HPOS="619"/>
							<String ID="string_148" HPOS="635" VPOS="661" WIDTH="81" HEIGHT="20" WC="0.93" CONTENT="anmäla"/><SP WIDTH="23" VPOS="661" HPOS="716"/>
							<String ID="string_149" HPOS="739" VPOS="663" WIDTH="30" HEIGHT="19" WC="0.96" CONTENT="att"/><SP WIDTH="14" VPOS="663" HPOS="769"/>
							<String ID="string_150" HPOS="783" VPOS="661" WIDTH="36" HEIGHT="27" WC="0.96" CONTENT="jag"/><SP WIDTH="15" VPOS="661" HPOS="819"/>
							<String ID="string_151" HPOS="834" VPOS="661" WIDTH="57" HEIGHT="21" WC="0.95" CONTENT="inom"/><SP WIDTH="17" VPOS="661" HPOS="891"/>
							<String ID="string_152" HPOS="908" VPOS="661" WIDTH="102" HEIGHT="20" WC="0.95" CONTENT="utskottet"/>
						</TextLine>
						<TextLine ID="line_15" HPOS="182" VPOS="689" WIDTH="826" HEIGHT="27">
							<String ID="string_153" HPOS="182" VPOS="689" WIDTH="38" HEIGHT="20" WC="0.93" CONTENT="har"/><SP WIDTH="16" VPOS="689" HPOS="220"/>
							<String ID="string_154" HPOS="236" VPOS="689" WIDTH="72" HEIGHT="21" WC="0.92" CONTENT="drifvit"/><SP WIDTH="15" VPOS="689" HPOS="308"/>
							<String ID="string_155" HPOS="323" VPOS="689" WIDTH="35" HEIGHT="21" WC="0.96" CONTENT="det"/><SP WIDTH="15" VPOS="689" HPOS="358"/>
							<String ID="string_156" HPOS="373" VPOS="690" WIDTH="101" HEIGHT="26" WC="0.95" CONTENT="yrkande,"/><SP WIDTH="15" VPOS="690" HPOS="474"/>
							<String ID="string_157" HPOS="489" VPOS="696" WIDTH="46" HEIGHT="14" WC="0.96" CONTENT="som"/><SP WIDTH="15" VPOS="696" HPOS="535"/>
							<String ID="string_158" HPOS="550" VPOS="690" WIDTH="37" HEIGHT="20" WC="0.96" CONTENT="här"/><SP WIDTH="18" VPOS="690" HPOS="587"/>
							<String ID="string_159" HPOS="605" VPOS="697" WIDTH="29" HEIGHT="13" WC="0.95" CONTENT="nu"/><SP WIDTH="16" VPOS="697" HPOS="634"/>
							<String ID="string_160" HPOS="650" VPOS="689" WIDTH="125" HEIGHT="22" WC="0.61" CONTENT="framhållits"/><SP WIDTH="16" VPOS="689" HPOS="775"/>
							<String ID="string_161" HPOS="791" VPOS="690" WIDTH="21" HEIGHT="20" WC="0.96" CONTENT="af"/><SP WIDTH="15" VPOS="690" HPOS="812"/>
							<String ID="string_162" HPOS="827" VPOS="690" WIDTH="25" HEIGHT="20" WC="0.96" CONTENT="hr"/><SP WIDTH="11" VPOS="690" HPOS="852"/>
							<String ID="string_163" HPOS="863" VPOS="689" WIDTH="93" HEIGHT="27" WC="0.96" CONTENT="Castrén,"/><SP WIDTH="13" VPOS="689" HPOS="956"/>
							<String ID="string_164" HPOS="969" VPOS="690" WIDTH="39" HEIGHT="20" WC="0.96" CONTENT="och"/>
						</TextLine>
						<TextLine ID="line_16" HPOS="183" VPOS="717" WIDTH="827" HEIGHT="22">
							<String ID="string_165" HPOS="183" VPOS="717" WIDTH="91" HEIGHT="21" WC="0.96" CONTENT="sålunda"/><SP WIDTH="15" VPOS="717" HPOS="274"/>
							<String ID="string_166" HPOS="289" VPOS="720" WIDTH="64" HEIGHT="19" WC="0.96" CONTENT="röstat"/><SP WIDTH="16" VPOS="720" HPOS="353"/>
							<String ID="string_167" HPOS="369" VPOS="721" WIDTH="57" HEIGHT="18" WC="0.93" CONTENT="emot"/><SP WIDTH="14" VPOS="721" HPOS="426"/>
							<String ID="string_168" HPOS="440" VPOS="718" WIDTH="204" HEIGHT="21" WC="0.91" CONTENT="införselinstitutets"/><SP WIDTH="15" VPOS="718" HPOS="644"/>
							<String ID="string_169" HPOS="659" VPOS="719" WIDTH="136" HEIGHT="20" WC="0.91" CONTENT="afskaffande."/><SP WIDTH="31" VPOS="719" HPOS="795"/>
							<String ID="string_170" HPOS="826" VPOS="718" WIDTH="62" HEIGHT="21" WC="0.93" CONTENT="Detta"/><SP WIDTH="17" VPOS="718" HPOS="888"/>
							<String ID="string_171" HPOS="905" VPOS="719" WIDTH="36" HEIGHT="19" WC="0.96" CONTENT="har"/><SP WIDTH="12" VPOS="719" HPOS="941"/>
							<String ID="string_172" HPOS="953" VPOS="718" WIDTH="57" HEIGHT="21" WC="0.96" CONTENT="skett"/>
						</TextLine>
						<TextLine ID="line_17" HPOS="182" VPOS="746" WIDTH="828" HEIGHT="28">
							<String ID="string_173" HPOS="182" VPOS="746" WIDTH="186" HEIGHT="27" WC="0.90" CONTENT="hufvudsakligast"/><SP WIDTH="15" VPOS="746" HPOS="368"/>
							<String ID="string_174" HPOS="383" VPOS="747" WIDTH="26" HEIGHT="27" WC="0.96" CONTENT="på"/><SP WIDTH="15" VPOS="747" HPOS="409"/>
							<String ID="string_175" HPOS="424" VPOS="747" WIDTH="26" HEIGHT="20" WC="0.96" CONTENT="de"/><SP WIDTH="16" VPOS="747" HPOS="450"/>
							<String ID="string_176" HPOS="466" VPOS="747" WIDTH="50" HEIGHT="24" WC="0.96" CONTENT="skäl,"/><SP WIDTH="17" VPOS="747" HPOS="516"/>
							<String ID="string_177" HPOS="533" VPOS="753" WIDTH="44" HEIGHT="14" WC="0.95" CONTENT="som"/><SP WIDTH="16" VPOS="753" HPOS="577"/>
							<String ID="string_178" HPOS="593" VPOS="747" WIDTH="65" HEIGHT="20" WC="0.95" CONTENT="redan"/><SP WIDTH="16" VPOS="747" HPOS="658"/>
							<String ID="string_179" HPOS="674" VPOS="749" WIDTH="35" HEIGHT="18" WC="0.93" CONTENT="äro"/><SP WIDTH="16" VPOS="749" HPOS="709"/>
							<String ID="string_180" HPOS="725" VPOS="747" WIDTH="133" HEIGHT="26" WC="0.91" CONTENT="framhållna,"/><SP WIDTH="16" VPOS="747" HPOS="858"/>
							<String ID="string_181" HPOS="874" VPOS="747" WIDTH="83" HEIGHT="20" WC="0.96" CONTENT="hvarför"/><SP WIDTH="16" VPOS="747" HPOS="957"/>
							<String ID="string_182" HPOS="973" VPOS="747" WIDTH="37" HEIGHT="26" WC="0.96" CONTENT="jag"/>
						</TextLine>
						<TextLine ID="line_18" HPOS="182" VPOS="775" WIDTH="745" HEIGHT="28">
							<String ID="string_183" HPOS="182" VPOS="775" WIDTH="33" HEIGHT="20" WC="0.96" CONTENT="för"/><SP WIDTH="15" VPOS="775" HPOS="215"/>
							<String ID="string_184" HPOS="230" VPOS="775" WIDTH="44" HEIGHT="20" WC="0.95" CONTENT="min"/><SP WIDTH="17" VPOS="775" HPOS="274"/>
							<String ID="string_185" HPOS="291" VPOS="775" WIDTH="34" HEIGHT="21" WC="0.95" CONTENT="del"/><SP WIDTH="15" VPOS="775" HPOS="325"/>
							<String ID="string_186" HPOS="340" VPOS="775" WIDTH="46" HEIGHT="21" WC="0.96" CONTENT="icke"/><SP WIDTH="16" VPOS="775" HPOS="386"/>
							<String ID="string_187" HPOS="402" VPOS="782" WIDTH="62" HEIGHT="14" WC="0.92" CONTENT="anser"/><SP WIDTH="16" VPOS="782" HPOS="464"/>
							<String ID="string_188" HPOS="480" VPOS="775" WIDTH="73" HEIGHT="28" WC="0.92" CONTENT="nödigt"/><SP WIDTH="14" VPOS="775" HPOS="553"/>
							<String ID="string_189" HPOS="567" VPOS="777" WIDTH="30" HEIGHT="19" WC="0.93" CONTENT="att"/><SP WIDTH="15" VPOS="777" HPOS="597"/>
							<String ID="string_190" HPOS="612" VPOS="776" WIDTH="128" HEIGHT="20" WC="0.92" CONTENT="härutinnan"/><SP WIDTH="17" VPOS="776" HPOS="740"/>
							<String ID="string_191" HPOS="757" VPOS="775" WIDTH="86" HEIGHT="28" WC="0.96" CONTENT="tillägga"/><SP WIDTH="16" VPOS="775" HPOS="843"/>
							<String ID="string_192" HPOS="859" VPOS="775" WIDTH="68" HEIGHT="28" WC="0.96" CONTENT="något."/>
						</TextLine>
					</TextBlock>
				</ComposedBlock>
				<ComposedBlock ID="cblock_7" HPOS="181" VPOS="831" WIDTH="828" HEIGHT="484">
					<TextBlock ID="block_4" HPOS="181" VPOS="831" WIDTH="828" HEIGHT="484">
						<TextLine ID="line_19" HPOS="251" VPOS="831" WIDTH="758" HEIGHT="28">
							<String ID="string_193" HPOS="251" VPOS="831" WIDTH="33" HEIGHT="22" WC="0.96" CONTENT="Hr"/><SP WIDTH="15" VPOS="831" HPOS="284"/>
							<String ID="string_194" HPOS="299" VPOS="832" WIDTH="136" HEIGHT="27" WC="0.96" CONTENT="Nybergh:"/><SP WIDTH="31" VPOS="832" HPOS="435"/>
							<String ID="string_195" HPOS="466" VPOS="833" WIDTH="41" HEIGHT="26" WC="0.96" CONTENT="Jag"/><SP WIDTH="22" VPOS="833" HPOS="507"/>
							<String ID="string_196" HPOS="529" VPOS="833" WIDTH="41" HEIGHT="20" WC="0.96" CONTENT="kan"/><SP WIDTH="23" VPOS="833" HPOS="570"/>
							<String ID="string_197" HPOS="593" VPOS="833" WIDTH="33" HEIGHT="20" WC="0.96" CONTENT="för"/><SP WIDTH="19" VPOS="833" HPOS="626"/>
							<String ID="string_198" HPOS="645" VPOS="833" WIDTH="44" HEIGHT="20" WC="0.96" CONTENT="min"/><SP WIDTH="16" VPOS="833" HPOS="689"/>
							<String ID="string_199" HPOS="705" VPOS="833" WIDTH="33" HEIGHT="20" WC="0.95" CONTENT="del"/><SP WIDTH="16" VPOS="833" HPOS="738"/>
							<String ID="string_200" HPOS="754" VPOS="833" WIDTH="47" HEIGHT="20" WC="0.96" CONTENT="icke"/><SP WIDTH="16" VPOS="833" HPOS="801"/>
							<String ID="string_201" HPOS="817" VPOS="832" WIDTH="84" HEIGHT="21" WC="0.95" CONTENT="ansluta"/><SP WIDTH="16" VPOS="832" HPOS="901"/>
							<String ID="string_202" HPOS="917" VPOS="832" WIDTH="43" HEIGHT="27" WC="0.96" CONTENT="mig"/><SP WIDTH="15" VPOS="832" HPOS="960"/>
							<String ID="string_203" HPOS="975" VPOS="832" WIDTH="34" HEIGHT="21" WC="0.92" CONTENT="till"/>
						</TextLine>
						<TextLine ID="line_20" HPOS="183" VPOS="860" WIDTH="826" HEIGHT="28">
							<String ID="string_204" HPOS="183" VPOS="860" WIDTH="26" HEIGHT="21" WC="0.96" CONTENT="de"/><SP WIDTH="16" VPOS="860" HPOS="209"/>
							<String ID="string_205" HPOS="225" VPOS="861" WIDTH="72" HEIGHT="25" WC="0.96" CONTENT="talare,"/><SP WIDTH="16" VPOS="861" HPOS="297"/>
							<String ID="string_206" HPOS="313" VPOS="867" WIDTH="45" HEIGHT="14" WC="0.96" CONTENT="som"/><SP WIDTH="17" VPOS="867" HPOS="358"/>
							<String ID="string_207" HPOS="375" VPOS="861" WIDTH="61" HEIGHT="20" WC="0.96" CONTENT="hafva"/><SP WIDTH="15" VPOS="861" HPOS="436"/>
							<String ID="string_208" HPOS="451" VPOS="861" WIDTH="62" HEIGHT="27" WC="0.96" CONTENT="yrkat"/><SP WIDTH="14" VPOS="861" HPOS="513"/>
							<String ID="string_209" HPOS="527" VPOS="861" WIDTH="27" HEIGHT="27" WC="0.92" CONTENT="på"/><SP WIDTH="15" VPOS="861" HPOS="554"/>
							<String ID="string_210" HPOS="569" VPOS="861" WIDTH="204" HEIGHT="21" WC="0.92" CONTENT="införselinstitutets"/><SP WIDTH="15" VPOS="861" HPOS="773"/>
							<String ID="string_211" HPOS="788" VPOS="861" WIDTH="154" HEIGHT="20" WC="0.93" CONTENT="bibehållande."/><SP WIDTH="15" VPOS="861" HPOS="942"/>
							<String ID="string_212" HPOS="957" VPOS="860" WIDTH="52" HEIGHT="21" WC="0.92" CONTENT="Det-"/>
						</TextLine>
						<TextLine ID="line_21" HPOS="182" VPOS="890" WIDTH="827" HEIGHT="27">
							<String ID="string_213" HPOS="182" VPOS="896" WIDTH="82" HEIGHT="14" WC="0.96" CONTENT="samma"/><SP WIDTH="15" VPOS="896" HPOS="264"/>
							<String ID="string_214" HPOS="279" VPOS="896" WIDTH="64" HEIGHT="20" WC="0.96" CONTENT="synes"/><SP WIDTH="15" VPOS="896" HPOS="343"/>
							<String ID="string_215" HPOS="358" VPOS="890" WIDTH="44" HEIGHT="26" WC="0.96" CONTENT="mig"/><SP WIDTH="15" VPOS="890" HPOS="402"/>
							<String ID="string_216" HPOS="417" VPOS="897" WIDTH="49" HEIGHT="14" WC="0.96" CONTENT="vara"/><SP WIDTH="15" VPOS="897" HPOS="466"/>
							<String ID="string_217" HPOS="481" VPOS="892" WIDTH="29" HEIGHT="19" WC="0.96" CONTENT="ett"/><SP WIDTH="16" VPOS="892" HPOS="510"/>
							<String ID="string_218" HPOS="526" VPOS="890" WIDTH="99" HEIGHT="27" WC="0.96" CONTENT="tämligen"/><SP WIDTH="17" VPOS="890" HPOS="625"/>
							<String ID="string_219" HPOS="642" VPOS="890" WIDTH="147" HEIGHT="27" WC="0.96" CONTENT="ålderdomligt"/><SP WIDTH="16" VPOS="890" HPOS="789"/>
							<String ID="string_220" HPOS="805" VPOS="890" WIDTH="88" HEIGHT="26" WC="0.95" CONTENT="institut,"/><SP WIDTH="16" VPOS="890" HPOS="893"/>
							<String ID="string_221" HPOS="909" VPOS="896" WIDTH="50" HEIGHT="21" WC="0.95" CONTENT="som,"/><SP WIDTH="15" VPOS="896" HPOS="959"/>
							<String ID="string_222" HPOS="974" VPOS="896" WIDTH="35" HEIGHT="14" WC="0.96" CONTENT="om"/>
						</TextLine>
						<TextLine ID="line_22" HPOS="183" VPOS="918" WIDTH="826" HEIGHT="28">
							<String ID="string_223" HPOS="183" VPOS="918" WIDTH="35" HEIGHT="21" WC="0.95" CONTENT="det"/><SP WIDTH="15" VPOS="918" HPOS="218"/>
							<String ID="string_224" HPOS="233" VPOS="924" WIDTH="30" HEIGHT="14" WC="0.93" CONTENT="nu"/><SP WIDTH="17" VPOS="924" HPOS="263"/>
							<String ID="string_225" HPOS="280" VPOS="918" WIDTH="130" HEIGHT="27" WC="0.91" CONTENT="afskaffades,"/><SP WIDTH="16" VPOS="918" HPOS="410"/>
							<String ID="string_226" HPOS="426" VPOS="919" WIDTH="74" HEIGHT="21" WC="0.96" CONTENT="endast"/><SP WIDTH="15" VPOS="919" HPOS="500"/>
							<String ID="string_227" HPOS="515" VPOS="918" WIDTH="68" HEIGHT="21" WC="0.93" CONTENT="skulle"/><SP WIDTH="17" VPOS="918" HPOS="583"/>
							<String ID="string_228" HPOS="600" VPOS="918" WIDTH="121" HEIGHT="22" WC="0.91" CONTENT="vederfaras"/><SP WIDTH="14" VPOS="918" HPOS="721"/>
							<String ID="string_229" HPOS="735" VPOS="919" WIDTH="36" HEIGHT="21" WC="0.96" CONTENT="sitt"/><SP WIDTH="15" VPOS="919" HPOS="771"/>
							<String ID="string_230" HPOS="786" VPOS="919" WIDTH="99" HEIGHT="27" WC="0.96" CONTENT="förtjänta"/><SP WIDTH="16" VPOS="919" HPOS="885"/>
							<String ID="string_231" HPOS="901" VPOS="918" WIDTH="45" HEIGHT="21" WC="0.96" CONTENT="öde."/><SP WIDTH="19" VPOS="918" HPOS="946"/>
							<String ID="string_232" HPOS="965" VPOS="918" WIDTH="44" HEIGHT="20" WC="0.94" CONTENT="Vill"/>
						</TextLine>
						<TextLine ID="line_23" HPOS="182" VPOS="946" WIDTH="827" HEIGHT="28">
							<String ID="string_233" HPOS="182" VPOS="953" WIDTH="50" HEIGHT="14" WC="0.94" CONTENT="man"/><SP WIDTH="16" VPOS="953" HPOS="232"/>
							<String ID="string_234" HPOS="248" VPOS="946" WIDTH="106" HEIGHT="21" WC="0.94" CONTENT="bibehålla"/><SP WIDTH="24" VPOS="946" HPOS="354"/>
							<String ID="string_235" HPOS="378" VPOS="947" WIDTH="40" HEIGHT="27" WC="0.96" CONTENT="det,"/><SP WIDTH="22" VPOS="947" HPOS="418"/>
							<String ID="string_236" HPOS="440" VPOS="947" WIDTH="23" HEIGHT="21" WC="0.96" CONTENT="så"/><SP WIDTH="23" VPOS="947" HPOS="463"/>
							<String ID="string_237" HPOS="486" VPOS="947" WIDTH="38" HEIGHT="21" WC="0.96" CONTENT="bör"/><SP WIDTH="21" VPOS="947" HPOS="524"/>
							<String ID="string_238" HPOS="545" VPOS="954" WIDTH="48" HEIGHT="14" WC="0.96" CONTENT="man"/><SP WIDTH="20" VPOS="954" HPOS="593"/>
							<String ID="string_239" HPOS="613" VPOS="947" WIDTH="127" HEIGHT="21" WC="0.96" CONTENT="åtminstone"/><SP WIDTH="17" VPOS="947" HPOS="740"/>
							<String ID="string_240" HPOS="757" VPOS="954" WIDTH="50" HEIGHT="14" WC="0.96" CONTENT="vara"/><SP WIDTH="15" VPOS="954" HPOS="807"/>
							<String ID="string_241" HPOS="822" VPOS="947" WIDTH="132" HEIGHT="21" WC="0.95" CONTENT="konsekvent"/><SP WIDTH="15" VPOS="947" HPOS="954"/>
							<String ID="string_242" HPOS="969" VPOS="947" WIDTH="40" HEIGHT="21" WC="0.96" CONTENT="och"/>
						</TextLine>
						<TextLine ID="line_24" HPOS="182" VPOS="975" WIDTH="826" HEIGHT="28">
							<String ID="string_243" HPOS="182" VPOS="975" WIDTH="96" HEIGHT="27" WC="0.95" CONTENT="tillämpa"/><SP WIDTH="22" VPOS="975" HPOS="278"/>
							<String ID="string_244" HPOS="300" VPOS="976" WIDTH="36" HEIGHT="20" WC="0.96" CONTENT="det"/><SP WIDTH="15" VPOS="976" HPOS="336"/>
							<String ID="string_245" HPOS="351" VPOS="976" WIDTH="63" HEIGHT="20" WC="0.96" CONTENT="också"/><SP WIDTH="23" VPOS="976" HPOS="414"/>
							<String ID="string_246" HPOS="437" VPOS="976" WIDTH="26" HEIGHT="27" WC="0.96" CONTENT="på"/><SP WIDTH="15" VPOS="976" HPOS="463"/>
							<String ID="string_247" HPOS="478" VPOS="976" WIDTH="95" HEIGHT="20" WC="0.96" CONTENT="enskilda"/><SP WIDTH="16" VPOS="976" HPOS="573"/>
							<String ID="string_248" HPOS="589" VPOS="976" WIDTH="127" HEIGHT="26" WC="0.90" CONTENT="tjänstemän"/><SP WIDTH="23" VPOS="976" HPOS="716"/>
							<String ID="string_249" HPOS="739" VPOS="976" WIDTH="18" HEIGHT="20" WC="0.88" CONTENT="d."/><SP WIDTH="17" VPOS="976" HPOS="757"/>
							<String ID="string_250" HPOS="774" VPOS="983" WIDTH="18" HEIGHT="13" WC="0.91" CONTENT="v."/><SP WIDTH="17" VPOS="983" HPOS="792"/>
							<String ID="string_251" HPOS="809" VPOS="982" WIDTH="15" HEIGHT="14" WC="0.87" CONTENT="s."/><SP WIDTH="15" VPOS="982" HPOS="824"/>
							<String ID="string_252" HPOS="839" VPOS="976" WIDTH="27" HEIGHT="26" WC="0.96" CONTENT="på"/><SP WIDTH="15" VPOS="976" HPOS="866"/>
							<String ID="string_253" HPOS="881" VPOS="976" WIDTH="127" HEIGHT="26" WC="0.96" CONTENT="tjänstemän"/>
						</TextLine>
						<TextLine ID="line_25" HPOS="182" VPOS="1003" WIDTH="826" HEIGHT="29">
							<String ID="string_254" HPOS="182" VPOS="1003" WIDTH="7" HEIGHT="20" WC="0.96" CONTENT="i"/><SP WIDTH="15" VPOS="1003" HPOS="189"/>
							<String ID="string_255" HPOS="204" VPOS="1003" WIDTH="64" HEIGHT="27" WC="0.96" CONTENT="bolag"/><SP WIDTH="23" VPOS="1003" HPOS="268"/>
							<String ID="string_256" HPOS="291" VPOS="1004" WIDTH="39" HEIGHT="20" WC="0.96" CONTENT="och"/><SP WIDTH="22" VPOS="1004" HPOS="330"/>
							<String ID="string_257" HPOS="352" VPOS="1004" WIDTH="38" HEIGHT="20" WC="0.96" CONTENT="hos"/><SP WIDTH="21" VPOS="1004" HPOS="390"/>
							<String ID="string_258" HPOS="411" VPOS="1004" WIDTH="80" HEIGHT="27" WC="0.96" CONTENT="privata"/><SP WIDTH="15" VPOS="1004" HPOS="491"/>
							<String ID="string_259" HPOS="506" VPOS="1010" WIDTH="105" HEIGHT="22" WC="0.96" CONTENT="personer."/><SP WIDTH="31" VPOS="1010" HPOS="611"/>
							<String ID="string_260" HPOS="642" VPOS="1004" WIDTH="64" HEIGHT="21" WC="0.96" CONTENT="Detta"/><SP WIDTH="15" VPOS="1004" HPOS="706"/>
							<String ID="string_261" HPOS="721" VPOS="1006" WIDTH="23" HEIGHT="19" WC="0.96" CONTENT="är"/><SP WIDTH="15" VPOS="1006" HPOS="744"/>
							<String ID="string_262" HPOS="759" VPOS="1004" WIDTH="117" HEIGHT="21" WC="0.96" CONTENT="emellertid"/><SP WIDTH="15" VPOS="1004" HPOS="876"/>
							<String ID="string_263" HPOS="891" VPOS="1004" WIDTH="48" HEIGHT="20" WC="0.93" CONTENT="icke"/><SP WIDTH="15" VPOS="1004" HPOS="939"/>
							<String ID="string_264" HPOS="954" VPOS="1004" WIDTH="54" HEIGHT="27" WC="0.93" CONTENT="möj-"/>
						</TextLine>
						<TextLine ID="line_26" HPOS="181" VPOS="1032" WIDTH="827" HEIGHT="28">
							<String ID="string_265" HPOS="181" VPOS="1032" WIDTH="45" HEIGHT="27" WC="0.96" CONTENT="ligt,"/><SP WIDTH="17" VPOS="1032" HPOS="226"/>
							<String ID="string_266" HPOS="243" VPOS="1034" WIDTH="23" HEIGHT="25" WC="0.96" CONTENT="ty"/><SP WIDTH="16" VPOS="1034" HPOS="266"/>
							<String ID="string_267" HPOS="282" VPOS="1032" WIDTH="35" HEIGHT="21" WC="0.96" CONTENT="det"/><SP WIDTH="15" VPOS="1032" HPOS="317"/>
							<String ID="string_268" HPOS="332" VPOS="1032" WIDTH="75" HEIGHT="27" WC="0.94" CONTENT="skulle,"/><SP WIDTH="23" VPOS="1032" HPOS="407"/>
							<String ID="string_269" HPOS="430" VPOS="1040" WIDTH="34" HEIGHT="14" WC="0.96" CONTENT="om"/><SP WIDTH="16" VPOS="1040" HPOS="464"/>
							<String ID="string_270" HPOS="480" VPOS="1033" WIDTH="35" HEIGHT="21" WC="0.96" CONTENT="det"/><SP WIDTH="22" VPOS="1033" HPOS="515"/>
							<String ID="string_271" HPOS="537" VPOS="1033" WIDTH="154" HEIGHT="27" WC="0.96" CONTENT="genomfördes,"/><SP WIDTH="16" VPOS="1033" HPOS="691"/>
							<String ID="string_272" HPOS="707" VPOS="1033" WIDTH="63" HEIGHT="20" WC="0.96" CONTENT="hafva"/><SP WIDTH="15" VPOS="1033" HPOS="770"/>
							<String ID="string_273" HPOS="785" VPOS="1032" WIDTH="31" HEIGHT="22" WC="0.96" CONTENT="till"/><SP WIDTH="16" VPOS="1032" HPOS="816"/>
							<String ID="string_274" HPOS="832" VPOS="1032" WIDTH="53" HEIGHT="27" WC="0.97" CONTENT="följd"/><SP WIDTH="16" VPOS="1032" HPOS="885"/>
							<String ID="string_275" HPOS="901" VPOS="1034" WIDTH="30" HEIGHT="19" WC="0.95" CONTENT="att"/><SP WIDTH="15" VPOS="1034" HPOS="931"/>
							<String ID="string_276" HPOS="946" VPOS="1032" WIDTH="62" HEIGHT="21" WC="0.95" CONTENT="dessa"/>
						</TextLine>
						<TextLine ID="line_27" HPOS="182" VPOS="1060" WIDTH="825" HEIGHT="28">
							<String ID="string_277" HPOS="182" VPOS="1060" WIDTH="97" HEIGHT="21" WC="0.96" CONTENT="enskilda"/><SP WIDTH="23" VPOS="1060" HPOS="279"/>
							<String ID="string_278" HPOS="302" VPOS="1061" WIDTH="126" HEIGHT="27" WC="0.96" CONTENT="tjänstemän"/><SP WIDTH="23" VPOS="1061" HPOS="428"/>
							<String ID="string_279" HPOS="451" VPOS="1062" WIDTH="43" HEIGHT="20" WC="0.93" CONTENT="ofta"/><SP WIDTH="16" VPOS="1062" HPOS="494"/>
							<String ID="string_280" HPOS="510" VPOS="1062" WIDTH="69" HEIGHT="20" WC="0.91" CONTENT="blefve"/><SP WIDTH="23" VPOS="1062" HPOS="579"/>
							<String ID="string_281" HPOS="602" VPOS="1061" WIDTH="120" HEIGHT="21" WC="0.92" CONTENT="afskedade."/><SP WIDTH="30" VPOS="1061" HPOS="722"/>
							<String ID="string_282" HPOS="752" VPOS="1061" WIDTH="45" HEIGHT="27" WC="0.96" CONTENT="Mig"/><SP WIDTH="15" VPOS="1061" HPOS="797"/>
							<String ID="string_283" HPOS="812" VPOS="1067" WIDTH="64" HEIGHT="21" WC="0.96" CONTENT="synes"/><SP WIDTH="16" VPOS="1067" HPOS="876"/>
							<String ID="string_284" HPOS="892" VPOS="1063" WIDTH="31" HEIGHT="19" WC="0.96" CONTENT="att"/><SP WIDTH="14" VPOS="1063" HPOS="923"/>
							<String ID="string_285" HPOS="937" VPOS="1063" WIDTH="70" HEIGHT="19" WC="0.96" CONTENT="staten"/>
						</TextLine>
						<TextLine ID="line_28" HPOS="182" VPOS="1088" WIDTH="825" HEIGHT="29">
							<String ID="string_286" HPOS="182" VPOS="1088" WIDTH="38" HEIGHT="22" WC="0.96" CONTENT="bör"/><SP WIDTH="15" VPOS="1088" HPOS="220"/>
							<String ID="string_287" HPOS="235" VPOS="1090" WIDTH="32" HEIGHT="20" WC="0.96" CONTENT="stå"/><SP WIDTH="16" VPOS="1090" HPOS="267"/>
							<String ID="string_288" HPOS="283" VPOS="1090" WIDTH="6" HEIGHT="20" WC="0.96" CONTENT="i"/><SP WIDTH="15" VPOS="1090" HPOS="289"/>
							<String ID="string_289" HPOS="304" VPOS="1096" WIDTH="81" HEIGHT="14" WC="0.92" CONTENT="samma"/><SP WIDTH="23" VPOS="1096" HPOS="385"/>
							<String ID="string_290" HPOS="408" VPOS="1090" WIDTH="146" HEIGHT="27" WC="0.91" CONTENT="predikament"/><SP WIDTH="21" VPOS="1090" HPOS="554"/>
							<String ID="string_291" HPOS="575" VPOS="1092" WIDTH="45" HEIGHT="18" WC="0.95" CONTENT="mot"/><SP WIDTH="22" VPOS="1092" HPOS="620"/>
							<String ID="string_292" HPOS="642" VPOS="1090" WIDTH="45" HEIGHT="20" WC="0.95" CONTENT="sina"/><SP WIDTH="23" VPOS="1090" HPOS="687"/>
							<String ID="string_293" HPOS="710" VPOS="1090" WIDTH="127" HEIGHT="26" WC="0.96" CONTENT="tjänstemän"/><SP WIDTH="24" VPOS="1090" HPOS="837"/>
							<String ID="string_294" HPOS="861" VPOS="1096" WIDTH="45" HEIGHT="14" WC="0.95" CONTENT="som"/><SP WIDTH="19" VPOS="1096" HPOS="906"/>
							<String ID="string_295" HPOS="925" VPOS="1090" WIDTH="82" HEIGHT="27" WC="0.96" CONTENT="privata"/>
						</TextLine>
						<TextLine ID="line_29" HPOS="182" VPOS="1118" WIDTH="826" HEIGHT="27">
							<String ID="string_296" HPOS="182" VPOS="1124" WIDTH="108" HEIGHT="20" WC="0.96" CONTENT="personer,"/><SP WIDTH="23" VPOS="1124" HPOS="290"/>
							<String ID="string_297" HPOS="313" VPOS="1118" WIDTH="107" HEIGHT="27" WC="0.96" CONTENT="nämligen"/><SP WIDTH="24" VPOS="1118" HPOS="420"/>
							<String ID="string_298" HPOS="444" VPOS="1120" WIDTH="30" HEIGHT="20" WC="0.96" CONTENT="att"/><SP WIDTH="22" VPOS="1120" HPOS="474"/>
							<String ID="string_299" HPOS="496" VPOS="1118" WIDTH="72" HEIGHT="21" WC="0.96" CONTENT="kunna"/><SP WIDTH="15" VPOS="1118" HPOS="568"/>
							<String ID="string_300" HPOS="583" VPOS="1118" WIDTH="71" HEIGHT="21" WC="0.95" CONTENT="fordra"/><SP WIDTH="16" VPOS="1118" HPOS="654"/>
							<String ID="string_301" HPOS="670" VPOS="1120" WIDTH="30" HEIGHT="19" WC="0.96" CONTENT="att"/><SP WIDTH="15" VPOS="1120" HPOS="700"/>
							<String ID="string_302" HPOS="715" VPOS="1118" WIDTH="41" HEIGHT="21" WC="0.96" CONTENT="den"/><SP WIDTH="16" VPOS="1118" HPOS="756"/>
							<String ID="string_303" HPOS="772" VPOS="1118" WIDTH="42" HEIGHT="26" WC="0.96" CONTENT="lön,"/><SP WIDTH="15" VPOS="1118" HPOS="814"/>
							<String ID="string_304" HPOS="829" VPOS="1124" WIDTH="46" HEIGHT="14" WC="0.96" CONTENT="som"/><SP WIDTH="16" VPOS="1124" HPOS="875"/>
							<String ID="string_305" HPOS="891" VPOS="1120" WIDTH="68" HEIGHT="18" WC="0.93" CONTENT="staten"/><SP WIDTH="16" VPOS="1120" HPOS="959"/>
							<String ID="string_306" HPOS="975" VPOS="1120" WIDTH="33" HEIGHT="18" WC="0.92" CONTENT="ut-"/>
						</TextLine>
						<TextLine ID="line_30" HPOS="181" VPOS="1146" WIDTH="828" HEIGHT="28">
							<String ID="string_307" HPOS="181" VPOS="1146" WIDTH="69" HEIGHT="20" WC="0.92" CONTENT="lofvar"/><SP WIDTH="16" VPOS="1146" HPOS="250"/>
							<String ID="string_308" HPOS="266" VPOS="1146" WIDTH="21" HEIGHT="21" WC="0.96" CONTENT="åt"/><SP WIDTH="15" VPOS="1146" HPOS="287"/>
							<String ID="string_309" HPOS="302" VPOS="1146" WIDTH="54" HEIGHT="27" WC="0.96" CONTENT="dem,"/><SP WIDTH="16" VPOS="1146" HPOS="356"/>
							<String ID="string_310" HPOS="372" VPOS="1146" WIDTH="108" HEIGHT="28" WC="0.96" CONTENT="värkligen"/><SP WIDTH="21" VPOS="1146" HPOS="480"/>
							<String ID="string_311" HPOS="501" VPOS="1147" WIDTH="54" HEIGHT="21" WC="0.95" CONTENT="skall"/><SP WIDTH="15" VPOS="1147" HPOS="555"/>
							<String ID="string_312" HPOS="570" VPOS="1147" WIDTH="85" HEIGHT="21" WC="0.96" CONTENT="komma"/><SP WIDTH="22" VPOS="1147" HPOS="655"/>
							<String ID="string_313" HPOS="677" VPOS="1147" WIDTH="48" HEIGHT="21" WC="0.96" CONTENT="dem"/><SP WIDTH="15" VPOS="1147" HPOS="725"/>
							<String ID="string_314" HPOS="740" VPOS="1146" WIDTH="88" HEIGHT="28" WC="0.96" CONTENT="tillgodo"/><SP WIDTH="17" VPOS="1146" HPOS="828"/>
							<String ID="string_315" HPOS="845" VPOS="1146" WIDTH="26" HEIGHT="28" WC="0.96" CONTENT="på"/><SP WIDTH="16" VPOS="1146" HPOS="871"/>
							<String ID="string_316" HPOS="887" VPOS="1146" WIDTH="35" HEIGHT="21" WC="0.96" CONTENT="det"/><SP WIDTH="15" VPOS="1146" HPOS="922"/>
							<String ID="string_317" HPOS="937" VPOS="1148" WIDTH="30" HEIGHT="19" WC="0.96" CONTENT="att"/><SP WIDTH="14" VPOS="1148" HPOS="967"/>
							<String ID="string_318" HPOS="981" VPOS="1146" WIDTH="28" HEIGHT="21" WC="0.96" CONTENT="de"/>
						</TextLine>
						<TextLine ID="line_31" HPOS="182" VPOS="1174" WIDTH="827" HEIGHT="28">
							<String ID="string_319" HPOS="182" VPOS="1174" WIDTH="35" HEIGHT="20" WC="0.96" CONTENT="må"/><SP WIDTH="15" VPOS="1174" HPOS="217"/>
							<String ID="string_320" HPOS="232" VPOS="1174" WIDTH="74" HEIGHT="22" WC="0.96" CONTENT="kunna"/><SP WIDTH="16" VPOS="1174" HPOS="306"/>
							<String ID="string_321" HPOS="322" VPOS="1175" WIDTH="90" HEIGHT="27" WC="0.95" CONTENT="fullgöra"/><SP WIDTH="16" VPOS="1175" HPOS="412"/>
							<String ID="string_322" HPOS="428" VPOS="1176" WIDTH="46" HEIGHT="20" WC="0.96" CONTENT="sina"/><SP WIDTH="15" VPOS="1176" HPOS="474"/>
							<String ID="string_323" HPOS="489" VPOS="1176" WIDTH="132" HEIGHT="26" WC="0.96" CONTENT="åligganden."/><SP WIDTH="30" VPOS="1176" HPOS="621"/>
							<String ID="string_324" HPOS="651" VPOS="1175" WIDTH="50" HEIGHT="21" WC="0.96" CONTENT="Man"/><SP WIDTH="17" VPOS="1175" HPOS="701"/>
							<String ID="string_325" HPOS="718" VPOS="1175" WIDTH="37" HEIGHT="21" WC="0.96" CONTENT="bör"/><SP WIDTH="20" VPOS="1175" HPOS="755"/>
							<String ID="string_326" HPOS="775" VPOS="1176" WIDTH="51" HEIGHT="20" WC="0.96" CONTENT="söka"/><SP WIDTH="16" VPOS="1176" HPOS="826"/>
							<String ID="string_327" HPOS="842" VPOS="1175" WIDTH="72" HEIGHT="27" WC="0.93" CONTENT="uppnå"/><SP WIDTH="14" VPOS="1175" HPOS="914"/>
							<String ID="string_328" HPOS="928" VPOS="1175" WIDTH="81" HEIGHT="20" WC="0.92" CONTENT="likstäl-"/>
						</TextLine>
						<TextLine ID="line_32" HPOS="181" VPOS="1202" WIDTH="828" HEIGHT="28">
							<String ID="string_329" HPOS="181" VPOS="1202" WIDTH="67" HEIGHT="27" WC="0.95" CONTENT="lighet"/><SP WIDTH="16" VPOS="1202" HPOS="248"/>
							<String ID="string_330" HPOS="264" VPOS="1203" WIDTH="90" HEIGHT="21" WC="0.96" CONTENT="emellan"/><SP WIDTH="16" VPOS="1203" HPOS="354"/>
							<String ID="string_331" HPOS="370" VPOS="1205" WIDTH="80" HEIGHT="19" WC="0.96" CONTENT="statens"/><SP WIDTH="15" VPOS="1205" HPOS="450"/>
							<String ID="string_332" HPOS="465" VPOS="1204" WIDTH="39" HEIGHT="20" WC="0.96" CONTENT="och"/><SP WIDTH="16" VPOS="1204" HPOS="504"/>
							<String ID="string_333" HPOS="520" VPOS="1203" WIDTH="95" HEIGHT="21" WC="0.96" CONTENT="enskilda"/><SP WIDTH="16" VPOS="1203" HPOS="615"/>
							<String ID="string_334" HPOS="631" VPOS="1204" WIDTH="133" HEIGHT="26" WC="0.96" CONTENT="tjänstemän,"/><SP WIDTH="15" VPOS="1204" HPOS="764"/>
							<String ID="string_335" HPOS="779" VPOS="1204" WIDTH="40" HEIGHT="20" WC="0.96" CONTENT="och"/><SP WIDTH="20" VPOS="1204" HPOS="819"/>
							<String ID="string_336" HPOS="839" VPOS="1204" WIDTH="41" HEIGHT="20" WC="0.96" CONTENT="kan"/><SP WIDTH="17" VPOS="1204" HPOS="880"/>
							<String ID="string_337" HPOS="897" VPOS="1210" WIDTH="48" HEIGHT="14" WC="0.96" CONTENT="man"/><SP WIDTH="16" VPOS="1210" HPOS="945"/>
							<String ID="string_338" HPOS="961" VPOS="1204" WIDTH="48" HEIGHT="20" WC="0.96" CONTENT="icke"/>
						</TextLine>
						<TextLine ID="line_33" HPOS="182" VPOS="1231" WIDTH="827" HEIGHT="28">
							<String ID="string_339" HPOS="182" VPOS="1231" WIDTH="58" HEIGHT="21" WC="0.95" CONTENT="detta"/><SP WIDTH="23" VPOS="1231" HPOS="240"/>
							<String ID="string_340" HPOS="263" VPOS="1238" WIDTH="77" HEIGHT="20" WC="0.95" CONTENT="genom"/><SP WIDTH="23" VPOS="1238" HPOS="340"/>
							<String ID="string_341" HPOS="363" VPOS="1234" WIDTH="30" HEIGHT="19" WC="0.96" CONTENT="att"/><SP WIDTH="22" VPOS="1234" HPOS="393"/>
							<String ID="string_342" HPOS="415" VPOS="1232" WIDTH="106" HEIGHT="21" WC="0.96" CONTENT="utsträcka"/><SP WIDTH="23" VPOS="1232" HPOS="521"/>
							<String ID="string_343" HPOS="544" VPOS="1232" WIDTH="100" HEIGHT="21" WC="0.96" CONTENT="införseln"/><SP WIDTH="24" VPOS="1232" HPOS="644"/>
							<String ID="string_344" HPOS="668" VPOS="1232" WIDTH="31" HEIGHT="21" WC="0.96" CONTENT="till"/><SP WIDTH="20" VPOS="1232" HPOS="699"/>
							<String ID="string_345" HPOS="719" VPOS="1232" WIDTH="97" HEIGHT="21" WC="0.96" CONTENT="enskilda"/><SP WIDTH="21" VPOS="1232" HPOS="816"/>
							<String ID="string_346" HPOS="837" VPOS="1232" WIDTH="132" HEIGHT="27" WC="0.96" CONTENT="tjänstemän,"/><SP WIDTH="16" VPOS="1232" HPOS="969"/>
							<String ID="string_347" HPOS="985" VPOS="1232" WIDTH="24" HEIGHT="20" WC="0.96" CONTENT="så"/>
						</TextLine>
						<TextLine ID="line_34" HPOS="181" VPOS="1260" WIDTH="828" HEIGHT="22">
							<String ID="string_348" HPOS="181" VPOS="1260" WIDTH="68" HEIGHT="20" WC="0.95" CONTENT="måste"/><SP WIDTH="24" VPOS="1260" HPOS="249"/>
							<String ID="string_349" HPOS="273" VPOS="1266" WIDTH="49" HEIGHT="15" WC="0.96" CONTENT="man"/><SP WIDTH="23" VPOS="1266" HPOS="322"/>
							<String ID="string_350" HPOS="345" VPOS="1268" WIDTH="51" HEIGHT="13" WC="0.96" CONTENT="vara"/><SP WIDTH="21" VPOS="1268" HPOS="396"/>
							<String ID="string_351" HPOS="417" VPOS="1261" WIDTH="133" HEIGHT="21" WC="0.96" CONTENT="konsekvent"/><SP WIDTH="22" VPOS="1261" HPOS="550"/>
							<String ID="string_352" HPOS="572" VPOS="1261" WIDTH="40" HEIGHT="21" WC="0.93" CONTENT="och"/><SP WIDTH="21" VPOS="1261" HPOS="612"/>
							<String ID="string_353" HPOS="633" VPOS="1260" WIDTH="88" HEIGHT="21" WC="0.92" CONTENT="afskaffa"/><SP WIDTH="24" VPOS="1260" HPOS="721"/>
							<String ID="string_354" HPOS="745" VPOS="1261" WIDTH="41" HEIGHT="21" WC="0.96" CONTENT="den"/><SP WIDTH="16" VPOS="1261" HPOS="786"/>
							<String ID="string_355" HPOS="802" VPOS="1261" WIDTH="62" HEIGHT="20" WC="0.96" CONTENT="äfven"/><SP WIDTH="17" VPOS="1261" HPOS="864"/>
							<String ID="string_356" HPOS="881" VPOS="1261" WIDTH="33" HEIGHT="20" WC="0.96" CONTENT="för"/><SP WIDTH="14" VPOS="1261" HPOS="914"/>
							<String ID="string_357" HPOS="928" VPOS="1262" WIDTH="81" HEIGHT="19" WC="0.97" CONTENT="statens"/>
						</TextLine>
						<TextLine ID="line_35" HPOS="182" VPOS="1288" WIDTH="134" HEIGHT="27">
							<String ID="string_358" HPOS="182" VPOS="1288" WIDTH="134" HEIGHT="27" WC="0.91" CONTENT="tjänstemän."/>
						</TextLine>
					</TextBlock>
				</ComposedBlock>
				<ComposedBlock ID="cblock_8" HPOS="181" VPOS="1345" WIDTH="830" HEIGHT="228">
					<TextBlock ID="block_5" HPOS="181" VPOS="1345" WIDTH="830" HEIGHT="228">
						<TextLine ID="line_36" HPOS="250" VPOS="1345" WIDTH="760" HEIGHT="29">
							<String ID="string_359" HPOS="250" VPOS="1345" WIDTH="34" HEIGHT="21" WC="0.96" CONTENT="Hr"/><SP WIDTH="14" VPOS="1345" HPOS="284"/>
							<String ID="string_360" HPOS="298" VPOS="1346" WIDTH="108" HEIGHT="20" WC="0.95" CONTENT="Heikel:"/><SP WIDTH="30" VPOS="1346" HPOS="406"/>
							<String ID="string_361" HPOS="436" VPOS="1346" WIDTH="34" HEIGHT="21" WC="0.93" CONTENT="Hr"/><SP WIDTH="14" VPOS="1346" HPOS="470"/>
							<String ID="string_362" HPOS="484" VPOS="1346" WIDTH="101" HEIGHT="28" WC="0.92" CONTENT="Nybergh"/><SP WIDTH="22" VPOS="1346" HPOS="585"/>
							<String ID="string_363" HPOS="607" VPOS="1346" WIDTH="77" HEIGHT="21" WC="0.92" CONTENT="nämde"/><SP WIDTH="17" VPOS="1346" HPOS="684"/>
							<String ID="string_364" HPOS="701" VPOS="1348" WIDTH="30" HEIGHT="19" WC="0.97" CONTENT="att"/><SP WIDTH="21" VPOS="1348" HPOS="731"/>
							<String ID="string_365" HPOS="752" VPOS="1346" WIDTH="71" HEIGHT="21" WC="0.93" CONTENT="denna"/><SP WIDTH="14" VPOS="1346" HPOS="823"/>
							<String ID="string_366" HPOS="837" VPOS="1345" WIDTH="173" HEIGHT="21" WC="0.92" CONTENT="införselinstitu-"/>
						</TextLine>
						<TextLine ID="line_37" HPOS="182" VPOS="1374" WIDTH="829" HEIGHT="28">
							<String ID="string_367" HPOS="182" VPOS="1374" WIDTH="45" HEIGHT="20" WC="0.96" CONTENT="tion"/><SP WIDTH="15" VPOS="1374" HPOS="227"/>
							<String ID="string_368" HPOS="242" VPOS="1376" WIDTH="24" HEIGHT="19" WC="0.92" CONTENT="är"/><SP WIDTH="23" VPOS="1376" HPOS="266"/>
							<String ID="string_369" HPOS="289" VPOS="1374" WIDTH="138" HEIGHT="28" WC="0.90" CONTENT="älderdomlig"/><SP WIDTH="23" VPOS="1374" HPOS="427"/>
							<String ID="string_370" HPOS="450" VPOS="1376" WIDTH="39" HEIGHT="20" WC="0.95" CONTENT="och"/><SP WIDTH="23" VPOS="1376" HPOS="489"/>
							<String ID="string_371" HPOS="512" VPOS="1376" WIDTH="70" HEIGHT="20" WC="0.95" CONTENT="därför"/><SP WIDTH="22" VPOS="1376" HPOS="582"/>
							<String ID="string_372" HPOS="604" VPOS="1377" WIDTH="65" HEIGHT="25" WC="0.96" CONTENT="gärna"/><SP WIDTH="16" VPOS="1377" HPOS="669"/>
							<String ID="string_373" HPOS="685" VPOS="1375" WIDTH="72" HEIGHT="20" WC="0.93" CONTENT="kunde"/><SP WIDTH="16" VPOS="1375" HPOS="757"/>
							<String ID="string_374" HPOS="773" VPOS="1374" WIDTH="103" HEIGHT="21" WC="0.91" CONTENT="afskaffas."/><SP WIDTH="31" VPOS="1374" HPOS="876"/>
							<String ID="string_375" HPOS="907" VPOS="1374" WIDTH="49" HEIGHT="21" WC="0.96" CONTENT="Men"/><SP WIDTH="17" VPOS="1374" HPOS="956"/>
							<String ID="string_376" HPOS="973" VPOS="1374" WIDTH="38" HEIGHT="20" WC="0.96" CONTENT="det"/>
						</TextLine>
						<TextLine ID="line_38" HPOS="182" VPOS="1402" WIDTH="827" HEIGHT="28">
							<String ID="string_377" HPOS="182" VPOS="1408" WIDTH="64" HEIGHT="20" WC="0.92" CONTENT="synes"/><SP WIDTH="17" VPOS="1408" HPOS="246"/>
							<String ID="string_378" HPOS="263" VPOS="1403" WIDTH="43" HEIGHT="27" WC="0.96" CONTENT="mig"/><SP WIDTH="22" VPOS="1403" HPOS="306"/>
							<String ID="string_379" HPOS="328" VPOS="1409" WIDTH="46" HEIGHT="14" WC="0.96" CONTENT="som"/><SP WIDTH="16" VPOS="1409" HPOS="374"/>
							<String ID="string_380" HPOS="390" VPOS="1410" WIDTH="34" HEIGHT="14" WC="0.95" CONTENT="om"/><SP WIDTH="24" VPOS="1410" HPOS="424"/>
							<String ID="string_381" HPOS="448" VPOS="1404" WIDTH="40" HEIGHT="20" WC="0.95" CONTENT="den"/><SP WIDTH="24" VPOS="1404" HPOS="488"/>
							<String ID="string_382" HPOS="512" VPOS="1404" WIDTH="68" HEIGHT="20" WC="0.96" CONTENT="skulle"/><SP WIDTH="21" VPOS="1404" HPOS="580"/>
							<String ID="string_383" HPOS="601" VPOS="1404" WIDTH="32" HEIGHT="20" WC="0.96" CONTENT="stä"/><SP WIDTH="15" VPOS="1404" HPOS="633"/>
							<String ID="string_384" HPOS="648" VPOS="1404" WIDTH="7" HEIGHT="20" WC="0.96" CONTENT="i"/><SP WIDTH="15" VPOS="1404" HPOS="655"/>
							<String ID="string_385" HPOS="670" VPOS="1404" WIDTH="39" HEIGHT="20" WC="0.93" CONTENT="full"/><SP WIDTH="16" VPOS="1404" HPOS="709"/>
							<String ID="string_386" HPOS="725" VPOS="1402" WIDTH="220" HEIGHT="22" WC="0.92" CONTENT="öfverensstämmelse"/><SP WIDTH="14" VPOS="1402" HPOS="945"/>
							<String ID="string_387" HPOS="959" VPOS="1402" WIDTH="50" HEIGHT="21" WC="0.96" CONTENT="med"/>
						</TextLine>
						<TextLine ID="line_39" HPOS="182" VPOS="1431" WIDTH="829" HEIGHT="28">
							<String ID="string_388" HPOS="182" VPOS="1436" WIDTH="26" HEIGHT="15" WC="0.96" CONTENT="en"/><SP WIDTH="16" VPOS="1436" HPOS="208"/>
							<String ID="string_389" HPOS="224" VPOS="1437" WIDTH="73" HEIGHT="14" WC="0.93" CONTENT="annan"/><SP WIDTH="15" VPOS="1437" HPOS="297"/>
							<String ID="string_390" HPOS="312" VPOS="1431" WIDTH="140" HEIGHT="28" WC="0.92" CONTENT="älderdomlig"/><SP WIDTH="22" VPOS="1431" HPOS="452"/>
							<String ID="string_391" HPOS="474" VPOS="1432" WIDTH="124" HEIGHT="27" WC="0.92" CONTENT="institution,"/><SP WIDTH="23" VPOS="1432" HPOS="598"/>
							<String ID="string_392" HPOS="621" VPOS="1432" WIDTH="106" HEIGHT="27" WC="0.93" CONTENT="nämligen"/><SP WIDTH="16" VPOS="1432" HPOS="727"/>
							<String ID="string_393" HPOS="743" VPOS="1432" WIDTH="183" HEIGHT="27" WC="0.91" CONTENT="tjänstemännens"/><SP WIDTH="15" VPOS="1432" HPOS="926"/>
							<String ID="string_394" HPOS="941" VPOS="1431" WIDTH="7" HEIGHT="20" WC="0.93" CONTENT="i"/><SP WIDTH="16" VPOS="1431" HPOS="948"/>
							<String ID="string_395" HPOS="964" VPOS="1431" WIDTH="47" HEIGHT="20" WC="0.92" CONTENT="värt"/>
						</TextLine>
						<TextLine ID="line_40" HPOS="181" VPOS="1458" WIDTH="829" HEIGHT="29">
							<String ID="string_396" HPOS="181" VPOS="1458" WIDTH="51" HEIGHT="22" WC="0.92" CONTENT="land"/><SP WIDTH="16" VPOS="1458" HPOS="232"/>
							<String ID="string_397" HPOS="248" VPOS="1460" WIDTH="149" HEIGHT="26" WC="0.92" CONTENT="oafsättlighet."/><SP WIDTH="29" VPOS="1460" HPOS="397"/>
							<String ID="string_398" HPOS="426" VPOS="1460" WIDTH="48" HEIGHT="21" WC="0.96" CONTENT="Den"/><SP WIDTH="16" VPOS="1460" HPOS="474"/>
							<String ID="string_399" HPOS="490" VPOS="1461" WIDTH="100" HEIGHT="26" WC="0.93" CONTENT="ställning"/><SP WIDTH="23" VPOS="1461" HPOS="590"/>
							<String ID="string_400" HPOS="613" VPOS="1467" WIDTH="26" HEIGHT="14" WC="0.93" CONTENT="en"/><SP WIDTH="16" VPOS="1467" HPOS="639"/>
							<String ID="string_401" HPOS="655" VPOS="1461" WIDTH="127" HEIGHT="26" WC="0.92" CONTENT="tjänsteman"/><SP WIDTH="23" VPOS="1461" HPOS="782"/>
							<String ID="string_402" HPOS="805" VPOS="1460" WIDTH="91" HEIGHT="20" WC="0.92" CONTENT="innehar"/><SP WIDTH="20" VPOS="1460" HPOS="896"/>
							<String ID="string_403" HPOS="916" VPOS="1462" WIDTH="23" HEIGHT="18" WC="0.96" CONTENT="är"/><SP WIDTH="16" VPOS="1462" HPOS="939"/>
							<String ID="string_404" HPOS="955" VPOS="1459" WIDTH="55" HEIGHT="21" WC="0.96" CONTENT="dock"/>
						</TextLine>
						<TextLine ID="line_41" HPOS="182" VPOS="1487" WIDTH="828" HEIGHT="29">
							<String ID="string_405" HPOS="182" VPOS="1487" WIDTH="45" HEIGHT="21" WC="0.96" CONTENT="helt"/><SP WIDTH="15" VPOS="1487" HPOS="227"/>
							<String ID="string_406" HPOS="242" VPOS="1494" WIDTH="72" HEIGHT="14" WC="0.96" CONTENT="annan"/><SP WIDTH="16" VPOS="1494" HPOS="314"/>
							<String ID="string_407" HPOS="330" VPOS="1490" WIDTH="26" HEIGHT="19" WC="0.96" CONTENT="än"/><SP WIDTH="17" VPOS="1490" HPOS="356"/>
							<String ID="string_408" HPOS="373" VPOS="1495" WIDTH="26" HEIGHT="14" WC="0.97" CONTENT="en"/><SP WIDTH="16" VPOS="1495" HPOS="399"/>
							<String ID="string_409" HPOS="415" VPOS="1496" WIDTH="83" HEIGHT="20" WC="0.96" CONTENT="person,"/><SP WIDTH="15" VPOS="1496" HPOS="498"/>
							<String ID="string_410" HPOS="513" VPOS="1496" WIDTH="45" HEIGHT="14" WC="0.97" CONTENT="som"/><SP WIDTH="16" VPOS="1496" HPOS="558"/>
							<String ID="string_411" HPOS="574" VPOS="1491" WIDTH="23" HEIGHT="19" WC="0.95" CONTENT="är"/><SP WIDTH="15" VPOS="1491" HPOS="597"/>
							<String ID="string_412" HPOS="612" VPOS="1489" WIDTH="7" HEIGHT="20" WC="0.95" CONTENT="i"/><SP WIDTH="15" VPOS="1489" HPOS="619"/>
							<String ID="string_413" HPOS="634" VPOS="1489" WIDTH="69" HEIGHT="27" WC="0.93" CONTENT="privat"/><SP WIDTH="14" VPOS="1489" HPOS="703"/>
							<String ID="string_414" HPOS="717" VPOS="1495" WIDTH="60" HEIGHT="14" WC="0.93" CONTENT="mans"/><SP WIDTH="16" VPOS="1495" HPOS="777"/>
							<String ID="string_415" HPOS="793" VPOS="1488" WIDTH="52" HEIGHT="21" WC="0.93" CONTENT="eller"/><SP WIDTH="11" VPOS="1488" HPOS="845"/>
							<String ID="string_416" HPOS="856" VPOS="1488" WIDTH="73" HEIGHT="27" WC="0.93" CONTENT="bolags"/><SP WIDTH="10" VPOS="1488" HPOS="929"/>
							<String ID="string_417" HPOS="939" VPOS="1488" WIDTH="71" HEIGHT="26" WC="0.96" CONTENT="tjänst."/>
						</TextLine>
						<TextLine ID="line_42" HPOS="181" VPOS="1515" WIDTH="829" HEIGHT="29">
							<String ID="string_418" HPOS="181" VPOS="1515" WIDTH="78" HEIGHT="22" WC="0.92" CONTENT="Denne"/><SP WIDTH="16" VPOS="1515" HPOS="259"/>
							<String ID="string_419" HPOS="275" VPOS="1516" WIDTH="42" HEIGHT="21" WC="0.96" CONTENT="kan"/><SP WIDTH="15" VPOS="1516" HPOS="317"/>
							<String ID="string_420" HPOS="332" VPOS="1517" WIDTH="7" HEIGHT="20" WC="0.93" CONTENT="i"/><SP WIDTH="16" VPOS="1517" HPOS="339"/>
							<String ID="string_421" HPOS="355" VPOS="1518" WIDTH="73" HEIGHT="26" WC="0.89" CONTENT="regeln"/><SP WIDTH="23" VPOS="1518" HPOS="428"/>
							<String ID="string_422" HPOS="451" VPOS="1518" WIDTH="73" HEIGHT="26" WC="0.89" CONTENT="skiljas"/><SP WIDTH="23" VPOS="1518" HPOS="524"/>
							<String ID="string_423" HPOS="547" VPOS="1517" WIDTH="92" HEIGHT="21" WC="0.92" CONTENT="därifrän"/><SP WIDTH="24" VPOS="1517" HPOS="639"/>
							<String ID="string_424" HPOS="663" VPOS="1519" WIDTH="38" HEIGHT="19" WC="0.96" CONTENT="när"/><SP WIDTH="14" VPOS="1519" HPOS="701"/>
							<String ID="string_425" HPOS="715" VPOS="1524" WIDTH="46" HEIGHT="14" WC="0.93" CONTENT="som"/><SP WIDTH="17" VPOS="1524" HPOS="761"/>
							<String ID="string_426" HPOS="778" VPOS="1517" WIDTH="54" HEIGHT="21" WC="0.91" CONTENT="hälst"/><SP WIDTH="15" VPOS="1517" HPOS="832"/>
							<String ID="string_427" HPOS="847" VPOS="1517" WIDTH="52" HEIGHT="20" WC="0.96" CONTENT="eller"/><SP WIDTH="16" VPOS="1517" HPOS="899"/>
							<String ID="string_428" HPOS="915" VPOS="1516" WIDTH="52" HEIGHT="21" WC="0.96" CONTENT="efter"/><SP WIDTH="15" VPOS="1516" HPOS="967"/>
							<String ID="string_429" HPOS="982" VPOS="1522" WIDTH="28" HEIGHT="15" WC="0.97" CONTENT="en"/>
						</TextLine>
						<TextLine ID="line_43" HPOS="181" VPOS="1544" WIDTH="830" HEIGHT="29">
							<String ID="string_430" HPOS="181" VPOS="1544" WIDTH="85" HEIGHT="22" WC="0.92" CONTENT="kortare"/><SP WIDTH="16" VPOS="1544" HPOS="266"/>
							<String ID="string_431" HPOS="282" VPOS="1545" WIDTH="42" HEIGHT="21" WC="0.92" CONTENT="tids"/><SP WIDTH="15" VPOS="1545" HPOS="324"/>
							<String ID="string_432" HPOS="339" VPOS="1546" WIDTH="138" HEIGHT="27" WC="0.92" CONTENT="uppsägning."/><SP WIDTH="30" VPOS="1546" HPOS="477"/>
							<String ID="string_433" HPOS="507" VPOS="1546" WIDTH="83" HEIGHT="21" WC="0.93" CONTENT="Statens"/><SP WIDTH="15" VPOS="1546" HPOS="590"/>
							<String ID="string_434" HPOS="605" VPOS="1546" WIDTH="127" HEIGHT="27" WC="0.92" CONTENT="tjänsteman"/><SP WIDTH="15" VPOS="1546" HPOS="732"/>
							<String ID="string_435" HPOS="747" VPOS="1548" WIDTH="24" HEIGHT="18" WC="0.96" CONTENT="är"/><SP WIDTH="15" VPOS="1548" HPOS="771"/>
							<String ID="string_436" HPOS="786" VPOS="1546" WIDTH="96" HEIGHT="20" WC="0.93" CONTENT="däremot"/><SP WIDTH="15" VPOS="1546" HPOS="882"/>
							<String ID="string_437" HPOS="897" VPOS="1544" WIDTH="114" HEIGHT="22" WC="0.92" CONTENT="tillförsäk-"/>
						</TextLine>
					</TextBlock>
				</ComposedBlock>
			</PrintSpace>
		</Page>
	</Layout>
</alto>
