1142 1773
344 145 179 21 Borgareståndet
536 146 57 16 1894.
619 146 22 17 19
655 146 59 20 april.
879 141 39 20 729

121 226 52 21 icke.
203 226 42 21 Det
264 228 23 18 är
306 226 64 20 också
384 226 84 27 möjligt
483 228 29 18 att
528 226 66 20 andra
609 226 46 20 skäl
669 226 84 20 kunnat
767 226 120 26 medvärka,
903 226 45 20 skäl

122 254 21 20 af
164 254 154 28 kvasi-politisk
341 258 37 24 art,
401 254 71 21 hvilka
494 255 35 27 jag
551 255 46 20 icke
614 261 62 14 anser
691 254 74 27 nödigt
779 256 30 19 att
825 254 38 20 här
877 254 72 20 vidare

122 283 90 27 utlägga.
242 283 10 20 I
274 283 42 21 alla
337 283 118 27 händelser,
478 283 65 21 sedan
566 283 75 27 frågan
664 283 90 21 kommit
775 283 32 21 till
823 283 75 26 denna,
913 283 36 26 jag

121 312 118 26 medgifver
260 311 40 27 det,
324 312 118 26 beklagliga
465 312 136 27 ståndpunkt,
623 312 73 20 kunde
715 312 112 20 utskottets
842 311 107 27 pluralitet

121 340 47 20 icke
184 342 66 18 annat
264 340 58 20 finna
336 342 26 18 än
379 342 30 18 att
424 340 28 20 all
468 340 133 21 sannolikhet
617 347 36 13 var
668 340 119 20 förhanden
802 342 36 24 att,
849 346 33 14 om
893 341 55 19 stän-

122 368 65 21 derna
202 368 128 21 fortfarande
346 368 92 22 vidhölle
450 370 30 20 att
489 369 240 26 koncessionssystemet
740 368 129 28 fullkomligt
879 368 69 21 skulle

122 398 86 20 ersättas
223 397 48 21 med
288 398 254 26 registreringssystemet,
558 397 132 21 stadfästelse
706 397 21 21 af
743 397 124 21 ständernas
879 396 70 22 beslut

121 425 63 21 äfven
206 426 70 21 denna
299 426 55 27 gång
377 426 69 20 skulle
469 426 108 21 uteblifva.
608 426 83 26 Frågan
709 426 62 27 gälde
787 426 68 20 under
870 426 78 20 sådana

121 453 146 22 förhållanden
292 461 34 14 om
353 454 53 21 dock
430 454 46 21 icke
500 461 26 14 en
556 454 66 21 sådan
645 454 112 27 affattning
781 454 20 21 af
829 454 119 27 aktielagen

120 482 72 22 kunde
214 483 32 20 fås
267 483 30 20 till
322 483 67 26 stånd,
412 489 44 14 som
481 484 54 20 hade
558 483 66 21 utsikt
639 485 30 19 att
688 483 64 20 vinna
767 483 138 26 stadfästelse,
920 483 27 26 på

121 517 80 15 samma
216 512 56 27 gång
287 511 41 22 den
341 511 82 21 likväl
417 507 13 37 i
436 512 121 21 hufvudsak
570 512 91 20 häfdade
673 511 125 22 ständernas
810 512 57 20 förra
877 511 70 21 stånd-

120 540 68 27 punkt
210 541 39 20 och
271 540 104 21 innebure
395 542 30 19 ett
440 541 92 26 afgjordt
547 541 102 26 framsteg
664 541 88 20 framför
767 540 42 21 den
825 539 122 22 nuvarande

121 568 165 28 lagstiftningen.
316 568 42 21 Det
373 571 73 24 syntes
461 569 102 21 utskottet
578 576 51 13 vara
643 569 101 27 tämligen
757 568 102 27 påtagligt
869 570 34 25 att,
914 575 34 14 om

121 597 119 26 aktielagen
263 597 69 21 denna
354 597 56 28 gång
433 597 69 21 skulle
524 597 56 25 falla,
597 597 41 21 den
653 597 47 21 icke
716 597 69 21 skulle
800 597 51 21 falla
866 597 81 26 framåt,

121 627 50 19 utan
186 632 50 14 man
252 626 89 21 sålunda
356 626 68 21 skulle
441 626 21 21 få
478 626 82 21 behålla
571 626 35 21 det
621 629 86 24 system,
718 632 46 14 som
775 626 32 20 för
817 625 130 21 närvarande

121 653 75 24 består,
218 654 70 21 denna
310 655 124 26 förordning
456 655 21 20 af
500 655 22 20 år
545 655 61 26 1864,
629 661 34 14 om
687 654 85 21 hvilken
789 661 24 14 en
831 655 64 20 talare
911 655 38 19 här

121 683 82 25 yttrade
225 685 29 18 att
269 683 40 20 den
327 683 45 21 icke
388 685 23 18 är
426 686 65 18 annat
506 685 25 18 än
548 685 29 19 ett
593 683 108 21 rudiment
717 683 21 20 af
753 689 26 14 en
795 683 96 27 aktielag,
909 683 38 20 och

121 711 69 20 denna
213 711 127 21 vidsträckta
362 711 152 28 pröfningsrätt
536 712 33 20 för
589 713 95 22 senaten,
700 718 45 14 som
761 718 29 13 nu
806 713 23 19 är
844 711 103 28 gällande.

120 738 42 22 Det
182 741 23 19 är
224 740 123 27 visserligen
363 743 47 18 sant
430 743 30 18 att
482 741 78 20 nämda
584 740 153 27 pröfningsrätt
751 740 100 21 stundom
867 740 81 21 kunnat

121 774 49 14 vara
186 768 31 21 till
233 768 63 27 något
311 775 61 20 gagn,
383 775 48 14 men
448 769 40 20 den
505 771 23 18 är
542 769 47 20 icke
604 769 67 20 häller
687 770 52 19 utan
751 769 46 25 sina
807 769 141 26 olägenheter,

121 796 39 21 och
182 803 49 14 man
253 797 37 20 bör
306 797 70 20 därför
402 797 51 21 söka
472 797 86 21 komma
572 797 55 20 ifrån
644 797 35 21 det
695 797 130 20 närvarande
841 799 106 24 systemet.

122 837 24 2 —
163 824 63 21 Emot
248 825 35 21 det
298 825 116 28 stadgande
430 826 101 21 utskottet
552 826 7 20 i
574 825 59 28 fråga
649 832 35 14 om
700 826 179 20 sanktionsrätten
893 825 55 20 före-

122 853 62 27 slagit
199 854 38 20 har
252 854 98 21 särskildt
365 854 21 21 af
401 855 24 20 hr
441 854 87 21 Castrén
544 855 108 20 anmärkts
673 856 30 19 att
719 854 35 21 det
769 854 68 21 skulle
853 853 94 21 medföra

121 881 127 23 tidsutdräkt
270 883 34 20 vid
326 883 109 21 bildandet
454 883 21 21 af
491 883 124 27 aktiebolag.
646 883 75 27 Någon
737 883 127 21 tidsutdräkt
879 882 68 21 skulle

120 911 135 27 naturligtvis
274 911 120 21 föranledas
410 912 64 26 däraf,
490 918 49 14 men
556 912 107 20 förefaller
678 912 41 20 den
735 912 44 26 mig
794 911 54 21 dock
863 911 46 21 icke
925 911 23 21 så

121 941 43 19 stor
186 942 29 18 att
236 940 64 27 något
314 940 111 21 nämvärdt
441 940 100 21 afseende
557 940 65 21 borde
638 940 65 21 fästas
719 940 79 26 därvid,
813 940 39 20 och
868 942 30 18 att
913 939 35 21 det

121 967 23 21 så
159 969 30 19 att
204 970 50 25 säga
268 968 107 21 rudiment
390 969 22 20 af
426 971 30 19 ett
471 969 225 26 koncessionssystem,
711 975 46 14 som
773 969 102 20 utskottet
890 968 57 20 bibe-

120 996 60 21 hållit
202 1003 77 19 genom
302 997 125 27 stadgandet
450 999 30 19 att
501 997 204 28 bolagsordningens
729 996 219 22 öfverensstämmelse

120 1024 49 22 med
192 1025 118 27 aktielagen
334 1026 63 20 mätte
420 1026 84 26 pröfvas
526 1026 22 21 af
569 1028 100 19 senatens
685 1026 263 26 ekonomiedepartement,

121 1053 69 21 skulle
205 1060 50 14 vara
269 1054 24 20 sä
307 1054 166 27 principvidrigt,
494 1055 73 26 tyckes
587 1054 44 28 mig
646 1054 47 21 icke
706 1061 49 13 vara
766 1054 63 21 fallet.
859 1053 42 27 Jag
911 1054 38 20 ber

121 1083 29 19 att
170 1082 22 20 fä
214 1082 69 21 erinra
305 1085 30 19 att
355 1083 7 20 i
377 1082 90 22 Förenta
483 1084 98 26 staterna,
597 1090 45 14 som
658 1083 54 21 dock
728 1085 35 18 äro
779 1082 169 21 aktieväsendets

120 1110 118 21 förlofvade
260 1111 56 26 land,
339 1111 127 21 åtminstone
482 1112 7 20 i
505 1112 26 20 de
546 1114 66 18 större
628 1113 99 25 staterna,
743 1118 35 14 om
793 1111 82 21 hvilkas
890 1110 59 28 lagar

120 1138 36 27 jag
177 1139 52 27 tagit
250 1139 126 27 kännedom,
397 1146 26 14 en
439 1140 233 27 korporationsurkund
689 1140 38 20 bör
742 1140 93 20 utfärdas
851 1140 21 20 af
887 1141 61 19 stats-

121 1166 223 23 sekreterareämbotet
363 1168 66 21 innan
445 1168 120 28 aktiebolag
579 1168 33 21 fär
627 1174 61 15 anses
704 1168 87 21 bildadt.
819 1168 64 20 Hvad
899 1174 49 14 man

121 1201 62 15 anser
205 1196 32 27 sig
259 1196 73 21 kunna
354 1197 129 21 underkasta
506 1197 32 27 sig
560 1198 7 19 i
589 1197 57 21 detta
660 1197 57 27 land,
733 1196 38 21 där
785 1196 30 22 tid
831 1198 23 19 är
868 1202 81 22 pengar

120 1230 46 14 mer
181 1226 27 18 än
223 1224 70 28 nägon
308 1225 144 27 annorstädes,
468 1226 36 20 det
519 1226 59 20 torde
593 1232 50 14 man
655 1225 34 21 väl
700 1225 63 21 ocksä
775 1225 73 21 kunna
858 1225 39 21 hos
907 1230 40 15 oss.

120 1251 41 22 Det
182 1253 38 20 har
235 1253 63 21 ocksä
313 1254 107 20 anmärkts
436 1256 29 19 att
481 1254 102 21 utskottet
598 1254 69 20 skulle
683 1254 61 27 gifvit
758 1256 88 18 senaten
861 1260 46 14 mer
921 1255 27 19 än

120 1282 88 20 senaten
224 1281 78 28 begärt,
316 1282 8 20 i
339 1282 23 21 sä
377 1282 65 21 mätto
458 1282 108 27 nämligen
581 1284 31 19 att
626 1282 8 20 i
649 1282 113 21 utskottets
773 1282 132 21 betänkande
916 1281 32 21 till

120 1309 41 21 den
181 1310 159 27 ifrägavarande
363 1311 124 27 paragrafen
510 1311 79 27 tillagts
612 1310 126 28 stadgandet
753 1313 35 24 att,
804 1317 34 14 om
853 1310 96 27 bolagets

120 1338 134 22 värksamhet
269 1341 23 18 är
307 1339 65 21 sädan
394 1342 29 18 att
436 1340 124 20 densamma
570 1339 92 27 lagligen
673 1339 33 21 fär
716 1339 89 27 utöfvas,
816 1338 132 22 stadfästelse

120 1366 54 20 skall
196 1366 12 21 å
231 1367 193 27 bolagsordningen
447 1368 115 20 meddelas.
592 1368 68 26 Ingen
676 1368 42 20 kan
733 1367 34 21 väl
782 1368 74 20 inbilla
871 1367 32 26 sig
919 1368 30 19 att

120 1396 98 20 senatens
245 1396 261 27 ekonomiedepartement
530 1396 110 27 värkligen
666 1396 67 27 enligt
758 1396 35 20 det
816 1394 132 22 närvarande

122 1425 102 24 systemet
238 1424 69 21 skulle
318 1424 101 21 stadfästa
430 1431 27 14 en
471 1424 172 28 bolagsordning,
655 1431 35 14 om
701 1424 162 21 värksamheten
877 1423 70 21 strede

120 1453 44 19 mot
178 1452 42 26 god
236 1452 35 21 sed
288 1453 40 21 och
338 1453 77 20 allmän
428 1453 96 27 ordning.
556 1450 94 24 Öfveralt
660 1453 38 21 har
709 1453 240 26 koncessionssystemet

120 1480 115 27 uppfattats
257 1481 22 20 sä
302 1483 30 19 att
353 1482 78 26 jämväl
454 1482 126 26 pröfningen
601 1482 60 20 häraf
675 1483 24 19 är
713 1483 30 19 ett
758 1484 95 18 moment
867 1480 22 21 af
904 1480 45 21 det-

120 1514 86 15 samma.
236 1508 70 28 Därpä
322 1510 41 20 kan
379 1510 64 20 bland
460 1512 64 18 annat
540 1510 84 21 anföras
639 1510 71 20 säsom
725 1510 60 20 bevis
800 1510 41 20 den
857 1508 91 22 svenska

119 1536 180 28 bolagskomitens
321 1538 139 27 betänkande,
483 1538 89 28 afgifvet
593 1538 34 21 för
645 1541 30 18 ett
689 1545 38 20 par
742 1538 24 20 är
780 1538 93 26 tillbaka,
888 1537 60 21 hvari
