1142 1773
232 143 40 20 962
436 148 181 22 Borgareståndet
630 149 57 17 1894.
712 150 14 16 4
738 149 48 21 maj.

202 228 38 21 där
262 234 26 16 en
311 228 88 22 särskild
420 229 56 21 skatt
490 229 83 27 påföres
588 228 201 28 ölutskänkningen,
804 228 24 21 så
843 229 23 19 är
881 228 35 20 det
931 229 30 19 ett
975 227 56 21 brott

202 259 44 19 mot
261 257 97 27 gällande
372 257 64 27 lagar,
451 258 7 20 i
474 258 115 27 anledning
604 258 75 20 hvaraf
693 257 64 27 något
773 257 71 21 vidare
857 256 116 28 stadgande
983 256 48 20 icke

202 285 102 21 behöfver
318 286 84 21 införas.
426 286 135 22 Beträffande
577 286 25 21 hr
615 286 88 21 Idmans
719 285 141 27 anmärkning
874 286 45 20 mot
929 284 101 22 utskottet

202 316 30 19 att
253 314 35 21 det
303 314 46 22 icke
365 315 37 21 har
416 315 81 27 antagit
512 315 41 21 den
568 314 7 21 i
591 314 158 22 reservationen
765 321 35 14 n:o
817 314 11 20 1
845 314 94 20 uttalade
954 313 77 27 princi-

202 349 41 21 pen
266 345 30 19 att
318 343 153 21 kommunerna
494 343 27 28 på
539 343 72 21 landet
627 343 65 21 borde
708 349 39 21 ega
762 344 41 19 rätt
818 344 35 25 att,
869 349 35 14 om
920 342 25 21 de
961 341 23 21 så
999 341 32 21 för

202 371 51 27 godt
274 371 64 28 finna,
360 372 55 21 neka
430 372 42 21 den
488 379 29 13 nu
532 372 7 20 i
554 372 61 28 lagen
631 372 110 27 medgifna
757 371 125 27 rättigheten
897 371 34 20 för
945 370 86 27 gästgif-

202 400 97 21 verierna
313 402 29 19 att
357 400 50 22 idka
422 401 144 27 utskänkning
585 401 21 21 af
621 400 26 28 öl,
662 400 33 21 får
709 400 36 27 jag
760 400 98 21 meddela
873 401 30 19 att
918 399 113 21 utskottets

202 429 106 27 majoritet
322 429 44 28 gått
380 432 25 18 ut
419 429 54 21 ifrån
490 430 40 20 den
546 429 143 28 synpunkten,
705 429 70 21 såsom
788 428 63 21 äfven
866 428 7 20 i
889 427 142 22 betänkandet

202 457 127 28 framhålles,
352 460 29 19 att
403 458 66 27 enligt
488 465 30 14 nu
533 458 99 27 gällande
649 458 134 27 bestämning
797 457 8 20 i
820 456 211 27 maltdrycksförord-

202 487 79 26 ningen
297 487 102 20 kommun
414 487 42 21 kan
472 487 45 20 från
534 493 26 15 en
575 487 135 27 gästgifvare,
721 486 86 21 hvilken
817 486 38 21 har
866 486 55 27 gjort
931 485 32 28 sig
974 485 57 26 skyl-

202 515 36 27 dig
260 515 32 21 till
314 515 106 21 missbruk
443 515 35 21 vid
501 515 144 28 utskänkning
661 515 22 21 af
698 515 26 26 öl,
739 515 22 20 få
776 515 71 20 denna
862 514 99 27 rättighet
976 513 55 21 bort-

202 545 68 26 tagen.
300 544 30 27 Ty
352 544 7 21 i
382 545 12 26 $
417 545 27 20 23
465 545 7 20 i
495 544 283 27 maltdrycksförordningen
800 543 69 21 finnes
889 542 98 28 stadgadt
1001 544 31 19 att

202 573 109 26 kommun,
331 579 34 14 om
381 573 40 21 den
437 573 42 20 kan
494 573 72 26 styrka
582 575 30 18 att
627 573 108 20 missbruk
750 574 35 25 egt
800 578 53 20 rum,
869 571 75 22 endast
959 571 72 21 behöf-

203 607 36 15 ver
254 601 70 21 vända
338 601 32 27 sig
385 601 32 21 till
431 601 153 28 länestyrelsen
600 601 33 21 för
648 603 30 19 att
693 601 21 21 få
727 600 302 27 ölutskänkningsrättigheten

202 629 109 28 fråntagen
335 630 147 27 gästgifvaren.
512 630 161 21 Kommunerna
697 636 39 21 ega
759 629 108 21 dessutom
889 631 41 18 rätt
951 631 30 18 att
996 628 33 20 vid

202 659 119 26 antagande
344 659 21 20 af
386 659 127 27 gästgifvare
535 659 71 20 lämna
628 659 36 20 sitt
685 658 108 21 utlåtande
809 658 59 21 öfver
883 657 26 21 de
925 663 106 22 personer,

202 687 72 20 hvilka
289 687 79 21 ansöka
382 687 257 28 gästgifvarerättigheter,
655 687 23 20 så
693 689 31 18 att
739 687 26 20 de
781 687 65 20 redan
858 686 27 21 då
895 686 73 21 kunna
979 686 52 20 kon-

202 715 86 21 trollera
302 717 30 20 att
348 716 25 21 de
388 716 21 21 få
424 716 32 21 till
471 716 127 27 gästgifvare
614 722 107 21 personer,
741 715 72 21 hvilka
829 715 61 20 äfven
905 715 8 20 i
929 715 56 20 detta
1001 714 30 21 af-

202 744 78 21 seende
301 744 95 27 uppfylla
416 745 146 27 fordringarna
577 745 27 26 på
619 744 143 27 ordentlighet
777 744 39 21 och
833 743 114 27 duglighet,
963 743 24 20 så
1002 745 29 18 att

202 773 26 20 de
251 772 46 21 icke
320 773 90 21 behöfva
428 773 72 21 befara
521 775 30 19 att
566 773 145 27 gästgifveriet
725 772 122 21 förvandlas
863 772 31 21 till
910 778 25 14 en
952 771 79 26 ölkrog.

202 801 40 21 Om
265 801 102 22 utskottet
388 808 30 15 nu
440 802 62 21 äfven
526 802 104 21 erkänner
652 804 30 19 att
705 801 106 21 missbruk
829 801 39 20 har
883 802 35 25 egt
932 807 47 14 rum
996 800 34 20 vid

202 830 193 27 ölutskänkningen
410 830 27 27 på
452 832 30 19 ett
496 830 57 21 antal
567 830 153 27 gästgifverier,
735 831 23 19 är
774 830 35 21 det
821 830 22 27 ju
855 829 46 21 icke
912 829 64 26 något
985 828 46 21 skäl

202 860 30 19 att
246 858 98 27 förbjuda
360 859 40 20 alla
415 859 126 27 gästgifvare
557 865 26 14 en
599 859 66 20 sådan
681 859 103 26 rättighet,
801 858 26 21 då
840 858 35 21 det
886 857 65 21 redan
961 857 70 20 finnes

202 887 70 21 medel
287 889 29 19 att
331 888 27 27 på
372 890 65 18 annat
452 890 40 19 sätt
507 888 60 27 stäfja
583 888 75 20 sådant
674 888 54 26 ofog.
758 886 43 22 Det
819 887 42 21 kan
876 887 23 27 ju
915 886 46 21 icke
977 885 54 21 und-

202 916 65 26 vikas,
290 916 71 21 hvilka
377 916 144 21 restriktioner
536 923 49 14 man
601 918 26 19 än
645 918 43 25 gör,
704 918 30 18 att
749 922 50 14 man
814 916 47 20 icke
876 915 27 27 på
918 914 112 28 gästgifve-

202 944 70 21 rierna
287 946 58 19 ännu
361 945 68 21 under
443 945 63 27 långa
520 945 55 21 tider
590 945 97 21 kommer
702 946 30 19 att
747 950 22 15 se
787 944 102 21 berusade
903 943 128 27 människor,

202 973 39 21 och
264 973 106 21 missbruk
392 974 22 20 af
436 974 20 20 öl
480 974 39 20 och
538 974 67 20 andra
619 973 177 27 alkoholdrycker
811 973 91 24 komma,
918 972 62 20 äfven
997 978 33 14 om

201 1001 174 22 restriktionerna
398 1002 69 21 blefve
482 1002 55 20 huru
554 1002 60 20 svåra
629 1008 47 14 som
691 1002 60 26 hälst,
767 1003 31 19 att
813 1008 39 20 ega
867 1007 47 14 rum
930 1000 23 21 så
968 1000 63 27 länge

201 1030 47 20 icke
264 1036 27 15 en
306 1030 83 27 stegrad
405 1030 129 28 upplysning
548 1030 121 21 förmildrar
684 1030 90 21 sederna
797 1030 39 20 och
847 1029 85 27 sålänge
945 1028 87 28 upplys-

201 1058 81 28 ningen
297 1059 47 21 icke
359 1059 67 21 tillika
441 1066 38 21 ger
494 1059 125 21 människan
634 1059 66 20 insikt
715 1065 35 14 om
766 1058 72 21 vikten
855 1058 20 20 af
886 1058 45 20 att
925 1053 11 39 i
944 1057 87 21 allmän-

201 1087 36 21 het
258 1087 94 27 iakttaga
374 1088 118 27 måttlighet
506 1088 6 20 i
528 1088 46 20 sina
595 1088 128 26 njutningar.
753 1086 43 28 Jag
811 1086 68 21 skulle
896 1086 69 21 därför
981 1092 50 14 anse

202 1117 30 19 att
247 1116 102 21 utskottet
363 1116 7 20 i
386 1116 70 21 denna
471 1116 34 21 del
520 1116 38 20 har
573 1116 26 27 på
615 1116 49 20 fallt
679 1116 45 20 skäl
741 1115 108 21 bibehållit
864 1115 127 26 rättigheten
1002 1116 31 19 att

202 1144 105 49 Ska
329 1144 20 21 öl
372 1144 21 21 åt
415 1145 88 21 resande
525 1144 33 21 för
579 1144 134 28 gästgifvare,
736 1144 71 20 hvilka
823 1144 50 26 vilja
889 1143 96 27 begagna
1000 1143 32 27 sig

216 1173 50 21 äraf.

271 1230 33 20 Hr
324 1230 178 21 Andersson:
533 1230 33 21 On
587 1232 45 19 taas
654 1230 153 21 käsiteltävänä
830 1230 49 25 asia,
894 1229 50 27 joka
960 1228 72 27 näkyy

201 1258 116 27 ajautuvan
333 1259 65 21 tuolle
413 1259 119 21 tunnetulle
548 1259 79 26 karille,
638 1259 60 20 kaksi
709 1260 72 25 säätyä
795 1258 62 20 kahta
868 1259 93 19 vastaan.
983 1256 49 21 Että

201 1287 50 20 nim.
274 1288 83 26 pappis-
379 1288 21 26 ja
420 1288 199 26 talonpoikaissääty
634 1288 133 26 hyväksyvät
783 1286 127 21 ensimäisen
926 1285 106 21 vastalau-

200 1322 58 20 seen,
274 1316 68 21 lienee
358 1316 51 26 yhtä
424 1322 85 14 varmaa
525 1316 52 20 kuin
593 1316 60 20 sekin
669 1318 43 18 että
727 1315 91 21 ritaristo
833 1316 22 26 ja
871 1314 62 22 aateli
948 1314 21 27 ja
985 1320 47 20 por-

201 1344 117 27 varissääty
340 1344 132 27 hyväksyvät
492 1344 123 21 mietinnön.
647 1344 72 21 Siihen
741 1344 128 27 päätökseen
888 1345 76 25 täytyy
979 1342 53 21 tulla

201 1372 52 21 kuin
270 1373 73 27 näkee,
359 1375 42 19 että
418 1374 27 20 14
460 1373 168 21 tuomiokunnan
645 1372 106 28 edustajat
765 1373 22 26 ja
803 1373 12 20 3
831 1371 156 28 pappissäädyn
1001 1371 30 26 jä-

200 1403 61 19 sentä
284 1404 49 18 ovat
354 1402 86 20 tehneet
459 1402 130 26 anomuksia,
604 1402 65 26 joissa
684 1408 28 14 on
728 1401 100 25 vaadittu,
845 1400 50 21 ettei
910 1399 121 21 kievareille

200 1430 78 20 maalla
302 1430 112 20 annettaisi
437 1430 93 21 oikeutta
546 1430 79 26 myydä
640 1429 157 27 mallasjuomia
812 1429 66 21 ilman
894 1428 88 21 kunnan
998 1428 34 20 lu-

200 1459 58 19 vatta
279 1458 21 27 ja
322 1458 48 21 siitä
384 1460 42 20 että
441 1459 105 20 ritariston
562 1459 21 27 ja
599 1458 77 21 aatelin
692 1458 51 21 sekä
757 1457 177 28 porvarissäädyn
951 1457 82 26 jäsenet

201 1486 165 21 valiokunnassa
388 1489 49 19 ovat
458 1487 100 21 laatineet
579 1487 124 21 mietinnön.
733 1486 56 21 Näin
813 1486 57 21 ollen
886 1487 86 25 näyttää
986 1484 46 27 jok-

200 1515 89 21 seenkin
305 1516 167 26 tarpeettomalta
487 1517 53 19 tästä
555 1516 76 20 asiasta
641 1515 131 27 pitemmältä
783 1514 77 28 puhua.
883 1514 86 21 Tahdon
986 1513 46 20 kui-

200 1543 75 21 tenkin
299 1544 104 21 äänelläni
426 1544 114 21 kannattaa
563 1544 144 20 ensimmäistä
730 1543 149 21 vastalausetta
901 1543 21 27 ja
944 1541 88 22 samalla
