1142 1773
358 143 180 21 Borgareståndet
551 144 58 17 1894.
632 144 27 17 28
671 144 48 21 maj.
869 138 53 21 1457

124 230 27 14 en
167 224 33 20 för
215 226 43 18 stor
272 223 56 21 vinst
343 223 27 28 på
385 223 191 27 arbetsgifvarenes
591 223 124 27 bekostnad,
727 224 40 20 och
782 230 49 14 man
843 223 53 21 skall
906 223 47 21 icke

125 258 51 14 vara
198 252 50 27 nöjd
271 252 48 20 med
341 252 119 26 försäkring
475 252 7 20 i
498 252 85 26 sådana,
598 254 51 19 utan
665 252 81 27 påyrka
762 254 29 19 att
807 252 146 27 försäkringen

125 280 35 21 mä
175 281 73 21 kunna
263 282 60 26 göras
339 282 51 20 utan
406 282 30 19 att
451 280 105 21 anstalten
566 280 106 22 beräknar
681 281 32 27 sig
724 280 70 28 någon
807 281 54 20 vinst
878 280 18 20 d.
908 287 18 13 v.
937 286 15 15 s.

126 310 7 20 i
156 316 26 14 en
205 309 129 21 statsanstalt
357 309 52 21 eller
423 309 7 20 i
446 309 127 27 ömsesidiga
590 309 106 21 anstalter.
727 309 84 21 Smärre
827 309 126 26 ömsesidiga

126 338 142 27 inrättningar
294 344 62 14 anser
382 338 35 26 jag
441 338 47 20 icke
516 338 66 20 häller
597 340 66 24 gärna
678 338 73 20 kunna
767 338 85 20 komma
866 338 7 20 i
889 338 64 26 fråga,

126 367 90 21 emedan
244 366 138 26 olycksfallen
406 366 85 21 komma
514 369 29 18 att
563 366 65 21 blifva
651 367 33 20 för
698 366 21 21 få
734 366 33 21 för
782 368 30 19 att
827 366 35 21 det
877 366 77 27 nödiga

125 395 99 21 intresset
248 394 53 21 skall
323 394 162 21 vidmakthållas
504 395 39 21 och
559 395 129 21 anstalterna
704 395 63 21 äfven
783 395 51 21 böra
849 395 63 21 hafva
927 401 27 15 en

126 424 43 20 viss
184 423 146 27 utsträckning
346 423 32 21 för
393 426 31 18 att
438 423 74 21 kunna
528 423 61 27 åtaga
604 424 33 26 sig
652 424 80 20 sådana
747 423 146 27 förbindelser,
908 430 46 14 som

126 452 134 27 utbetalning
282 452 20 21 af
324 452 100 21 lifräntor.
455 452 41 27 Jag
517 454 43 19 tror
575 452 71 21 därför
661 454 30 19 att
706 452 43 21 förr
764 452 51 21 eller
831 459 74 14 senare
920 459 35 20 yr-

127 481 84 20 kanden
226 481 27 27 på
268 481 128 21 inrättandet
410 481 21 20 af
446 487 27 14 en
489 481 130 21 statsanstalt
634 481 86 20 komma
736 483 30 18 att
781 481 120 21 framträda.
922 480 32 21 Då

127 516 49 14 man
198 509 135 21 föreskrifver
355 509 137 27 obligatorisk
514 509 125 27 försäkring,
654 510 23 20 sä
692 509 55 21 skall
762 516 48 14 man
826 510 47 21 icke
888 509 67 21 häller

127 538 73 21 kunna
222 538 138 27 undandraga
376 538 32 27 sig
424 540 30 19 att
468 538 128 27 tillmötesgå
611 538 57 21 detta
684 538 101 27 yrkande.
817 538 48 21 Men
881 538 36 21 det
931 540 24 18 är

127 567 45 20 min
187 567 141 26 öfvertygelse
343 569 30 18 att
388 567 65 20 saken
468 567 49 20 icke
533 569 23 18 är
570 567 123 27 tillräckligt
707 567 68 26 viktig
789 567 33 20 för
833 569 29 18 att
870 567 85 26 betinga

127 595 121 21 införandet
264 595 20 21 af
299 601 26 15 en
341 595 65 20 sådan
422 595 209 28 försäkringsanstalt
646 595 47 21 med
711 597 30 19 ett
756 595 107 28 vidlyftigt
878 595 77 20 maski-

127 624 52 26 neri,
202 630 46 15 som
264 624 43 21 helt
322 624 69 20 säkert
406 624 54 20 skall
475 624 86 21 komma
576 626 30 19 att
621 624 95 21 medföra
731 624 81 27 ganska
827 627 56 18 stora
899 624 56 20 kost-

128 652 71 21 nader.
228 652 10 21 I
258 653 73 26 själfva
348 653 72 20 värket
436 654 35 19 äro
488 652 26 21 de
530 653 112 26 olycksfall
657 653 49 20 med
722 653 132 26 allvarligare
869 652 86 28 påföljd,

127 687 47 14 som
198 681 84 21 inträffa
305 681 7 20 i
339 681 25 20 de
380 681 134 20 industriella
530 681 81 27 yrkena
625 681 8 20 i
648 681 47 21 vårt
709 681 50 20 land
783 681 38 21 och
837 681 32 21 för
884 681 71 21 hvilka

128 709 182 28 försäkringsplikt
332 709 94 25 föreslås,
447 709 47 21 icke
510 710 24 20 så
548 710 83 27 många,
647 716 46 14 som
708 716 51 14 man
775 710 59 21 torde
849 709 106 22 föreställa

128 738 37 27 sig.
195 738 108 21 Utskottet
329 738 103 21 beräknar
456 738 8 20 i
489 738 31 21 sin
547 738 126 27 motivering
689 738 26 27 på
730 738 85 21 sidorna
832 739 25 20 10
873 739 39 20 och
929 738 25 20 11

128 767 80 20 antalet
230 767 79 20 sådana
325 767 111 26 olycksfall
451 766 65 21 bland
533 767 26 20 de
574 767 119 27 kategorier
709 767 101 26 arbetare,
826 773 45 14 som
887 766 68 21 skulle

129 802 50 13 vara
204 795 154 21 underkastade
384 795 70 20 denna
480 795 40 27 lag,
539 795 31 21 till
586 795 98 28 omkring
697 796 41 20 200
754 802 35 14 om
804 795 49 21 året.
883 795 73 27 Enligt

128 823 327 28 olycksfallförsäkringsbolaget
478 823 82 22 Patrias
575 824 124 25 erfarenhet,
715 824 86 21 hvilken
817 824 93 21 sträcker
925 824 31 27 sig

128 852 44 21 fem
188 852 22 21 år
225 852 87 21 tillbaka
328 853 38 20 och
383 852 68 21 under
466 852 85 21 hvilken
568 853 30 20 tid
614 855 29 18 ett
659 855 66 18 större
741 853 58 20 antal
815 853 94 20 arbetare
921 859 35 14 va-

129 881 27 21 rit
178 881 121 21 försäkrade
315 883 26 19 än
358 881 40 27 det,
414 887 46 15 som
475 881 51 21 stått
541 881 102 21 utskottet
659 881 35 21 vid
710 881 145 27 uppgörandet
871 881 22 21 af
908 881 48 21 dess

128 910 91 20 statistik
234 910 32 20 till
282 910 58 24 buds,
356 909 82 28 uppgår
453 910 57 20 detta
526 910 57 20 antal
593 910 32 20 till
635 910 28 20 40
674 910 91 21 dödsfall
777 910 37 20 och
829 910 40 20 180
881 910 75 20 invali-

128 938 107 27 ditetsfall,
256 938 21 20 in
302 944 83 14 summa
410 938 41 20 220
468 938 52 21 eller
535 939 64 27 något
614 945 59 15 mera
688 941 26 18 än
731 939 101 21 utskottet
847 938 108 21 beräknar.

129 966 51 22 Men
203 974 29 13 nu
251 968 23 19 är
288 967 59 21 fallet
362 966 36 22 det
419 969 30 18 att
464 967 42 21 den
522 967 52 21 allra
589 969 77 19 största
681 967 62 21 delen
760 967 21 21 af
797 967 60 21 dessa
873 967 84 26 olycks-

128 995 38 21 fall
191 997 35 19 äro
254 996 21 20 af
299 995 79 27 ganska
403 995 79 27 lindrig
505 998 37 18 art.
571 996 73 26 Enligt
660 996 82 20 Patrias
758 996 119 20 erfarenhet
892 996 65 26 stiger

129 1024 139 27 procenttalet
288 1024 20 20 af
324 1024 25 20 de
364 1024 174 27 invaliditetsfall,
554 1031 44 14 som
615 1024 96 21 medföra
726 1024 83 21 mindre
824 1026 27 18 än
867 1024 26 21 50
909 1030 48 21 pro-

128 1055 60 18 cents
213 1052 123 27 invaliditet,
361 1052 26 20 då
412 1052 82 21 således
520 1053 180 27 arbetsförmågan
725 1055 23 18 är
763 1053 128 21 förminskad
908 1052 49 21 med

130 1081 82 21 mindre
235 1083 27 19 än
284 1081 84 27 hälften,
392 1081 31 20 till
446 1081 26 20 96
489 1081 27 25 %/,
533 1082 21 20 af
569 1081 40 21 alia
625 1082 167 20 invaliditetsfall
807 1082 39 20 och
862 1082 25 20 de
903 1081 54 21 äter-

129 1110 87 20 stäende
239 1110 47 27 fyra
308 1112 113 24 procenten
438 1111 36 19 äro
490 1110 27 20 de
533 1110 172 27 invaliditetsfall,
721 1116 46 14 som
783 1110 94 21 medföra
892 1110 65 26 högre

129 1138 52 26 grad
208 1138 22 20 af
253 1138 118 21 invaliditet
395 1140 27 18 än
446 1138 25 20 50
487 1141 93 24 procent.
611 1138 86 21 Säledes
713 1140 35 19 äro
765 1139 26 20 de
807 1141 53 18 mest
876 1138 82 27 behjär-

128 1167 114 21 tansvärda
269 1167 63 21 fallen
358 1166 86 27 mycket
465 1166 27 21 fä
522 1166 50 22 Men
595 1174 35 14 om
653 1174 49 14 man
726 1174 28 13 nu
778 1167 68 21 skulle
862 1173 51 14 anse
929 1168 30 19 att

128 1195 72 21 denna
216 1196 116 26 beräkning
347 1195 94 27 grundar
456 1195 32 27 sig
503 1196 27 26 pä
546 1196 60 20 altför
621 1196 83 26 fätaligt
718 1196 96 20 material
829 1196 32 20 för
877 1197 30 26 att
917 1195 41 21 till-

129 1224 105 20 erkännas
257 1224 85 26 vitsord,
357 1223 23 21 sä
399 1223 37 21 vill
451 1224 36 26 jag
502 1224 73 21 anföra
591 1224 55 21 hvad
662 1224 147 21 erfarenheten
825 1224 47 20 från
887 1224 71 20 Öster-

129 1252 52 27 rike,
208 1252 37 21 där
272 1252 136 28 obligatorisk
432 1252 243 28 olycksfallsförsäkring
696 1253 53 20 varit
765 1252 106 28 påbjuden
887 1252 71 26 någon

130 1281 36 26 tid,
182 1281 164 27 vidhandenger.
377 1280 54 21 1890
448 1283 46 24 steg
509 1282 108 26 nämligen
632 1281 140 27 procenttalet
787 1282 21 20 af
823 1281 26 21 de
860 1280 98 21 invalidi-

129 1310 85 26 tetsfall,
229 1316 45 14 som
290 1309 108 21 medförde
414 1309 83 21 mindre
512 1311 28 19 än
556 1310 26 20 50
598 1312 98 25 procents
706 1310 125 26 invaliditet,
843 1310 31 20 till
885 1310 27 20 73
925 1309 34 26 %/g,

128 1338 34 26 de,
179 1344 45 14 som
249 1338 108 21 medförde
382 1338 64 26 högre
467 1339 27 19 än
511 1338 27 21 50
553 1341 98 25 procents
666 1338 124 27 invaliditet,
806 1338 31 21 till
853 1338 25 20 27
894 1337 29 27 %,
938 1337 21 21 af

130 1366 41 21 alla
187 1366 171 21 invaliditetsfall.
378 1366 56 26 Taga
450 1366 21 20 vi
486 1366 58 22 detta
560 1367 67 21 såsom
644 1374 61 14 norm
721 1367 63 20 äfven
799 1367 33 20 för
847 1366 45 21 vårt
902 1365 57 27 land,

128 1394 26 21 så
174 1395 69 21 skulle
266 1395 78 21 antalet
359 1394 117 27 olycksfall,
492 1401 47 15 som
554 1396 95 20 medföra
664 1396 58 26 lägre
739 1395 50 26 grad
806 1395 21 21 af
841 1394 119 21 invaliditet

130 1425 28 19 än
182 1424 26 20 50
224 1424 34 27 %p,
273 1424 54 26 stiga
342 1423 31 21 till
389 1423 90 27 ungefär
495 1424 41 20 132
552 1424 39 21 och
607 1424 32 26 de,
655 1430 45 14 som
716 1424 95 20 medföra
827 1424 64 26 högre
907 1423 52 27 grad

130 1452 22 20 af
167 1452 119 21 invaliditet
301 1454 27 19 än
344 1452 25 20 50
384 1453 95 25 procent,
494 1452 33 21 till
542 1453 27 20 48
586 1459 34 14 om
636 1452 51 27 äret,
702 1452 94 21 förutom
812 1452 25 21 de
853 1452 27 20 40
897 1451 62 21 döds-

130 1480 71 21 fallen.
230 1480 64 22 Detta
319 1480 57 21 antal
401 1479 84 21 svärare
512 1481 111 27 olycksfall
646 1487 62 15 anser
722 1481 35 27 jag
773 1487 50 14 vara
837 1480 62 21 altför
914 1480 46 20 litet

130 1508 33 21 för
188 1511 30 19 att
244 1509 103 21 motivera
371 1508 121 21 införandet
515 1510 21 20 af
552 1516 26 14 en
593 1509 135 21 statsanstalt.
759 1508 72 28 Enligt
846 1509 45 20 min
906 1508 55 21 äsikt

130 1537 71 21 blefve
226 1538 65 20 saken
317 1536 121 28 tillräckligt
457 1536 148 29 tillgodosedd,
621 1544 34 14 om
671 1537 137 28 obligatorisk
823 1536 137 28 ersättnings-

868 1576 23 18 92
