1142 1773
352 148 179 21 Borgareståndet
544 148 57 17 1894.
627 148 23 17 19
663 148 47 22 maj.
863 143 53 20 1291

189 228 38 26 De,
243 228 75 21 hvilka
338 228 74 21 såsom
434 228 218 27 kontraproposition
675 230 45 19 mot
735 228 114 21 utskottets
863 228 83 27 förslag

120 256 36 21 till
171 257 78 27 lydelse
264 256 36 28 för
314 258 14 25 $
344 258 14 19 6
373 257 49 27 kap.
440 258 14 19 4
469 257 55 27 vilja
540 258 82 26 antaga
635 257 150 27 paragrafens
799 256 148 21 återremiss
936 252 15 37 i

119 286 36 20 det
169 285 57 28 syfte
241 285 27 21 hr
282 284 97 22 Neovius
401 285 121 28 föreslagit,
538 287 60 19 rösta
608 285 40 27 ja;
671 286 32 26 de,
719 286 36 20 det
772 285 45 21 icke
832 285 61 27 vilja,
909 287 36 19 rö-

117 316 38 19 sta
170 314 47 27 nej;

188 342 81 21 vinner
283 342 43 27 nej,
342 342 42 20 har
400 342 176 27 borgareståndet
590 342 9 21 i
614 342 82 21 sådant
711 342 100 28 afseende
826 342 122 27 föredragit

120 371 127 21 återremiss
262 370 28 28 af
299 370 139 28 paragrafen
454 370 10 21 i
478 371 36 20 det
528 371 57 27 syfte
600 371 27 21 hr
645 370 90 22 Castrén
747 371 103 27 påyrkat.

193 433 161 28 Propositionen
376 433 127 21 besvarades
526 434 48 20 med
598 434 156 27 öfvervägande
777 434 41 27 nej,
841 433 30 21 till
894 433 52 28 följd

122 462 74 21 hvaraf
211 464 60 19 nästa
286 462 272 27 omröstningsproposition
575 463 66 20 erhöll
657 462 158 21 nedanstående
831 462 90 27 lydelse:

191 525 39 26 De,
247 525 73 20 hvilka
335 525 117 27 godkänna
475 525 111 21 utskottets
600 525 84 27 förslag
708 525 35 20 till
759 525 78 27 lydelse
852 525 36 27 för
902 525 15 26 $
934 525 14 20 6

122 553 49 28 kap.
186 555 14 19 4
215 553 149 28 oförändradt,
380 555 60 19 rösta
454 553 37 27 ja;
508 554 31 26 de,
556 554 35 20 det
604 553 45 21 icke
663 556 61 25 göra,
740 555 59 19 rösta
815 553 48 28 nej;

191 582 80 21 vinner
286 582 42 27 nej,
344 582 42 21 har
402 582 176 27 borgareståndet
588 582 170 21 återremitterat
764 581 139 28 paragrafen
913 581 36 22 till

121 611 103 20 utskoltet
238 611 10 20 i
262 611 35 20 det
311 611 57 27 syfte
381 611 27 20 hr
426 610 90 21 Castrén
531 611 120 27 föreslagit.

192 673 41 21 Vid
249 673 82 21 anstäld
347 674 97 27 votering
460 673 126 22 besvarades
601 674 159 27 propositionen
775 674 48 21 med
839 674 26 20 19
877 673 22 27 ja
909 673 40 21 och

122 703 29 20 35
167 703 40 26 nej.
238 701 72 22 Såsom
327 702 94 21 ständets
438 703 70 20 beslut
522 703 143 20 antecknades
681 703 82 20 således
778 704 30 19 att
823 702 10 27 $
850 702 11 20 6
878 702 46 27 kap.
935 703 14 19 4

121 731 174 20 återremitterats
310 731 32 20 till
358 731 102 20 utskottet
474 731 33 20 för
522 733 30 18 att
567 731 162 21 omformuleras
744 731 7 20 i
767 731 74 20 sådant
852 731 55 26 syfte
919 732 30 19 att

123 761 41 18 rätt
179 759 31 20 till
225 759 88 21 införsel
328 759 6 20 i
350 759 140 27 gäldenärens
505 760 36 20 lön
557 760 52 20 eller
623 760 88 27 pension
728 759 69 21 blefve
813 759 61 21 äfven
885 759 64 20 fram-

122 787 60 21 deles
198 788 126 26 bibehållen,
340 788 54 21 dock
409 788 91 21 sålunda
515 790 30 19 att
560 789 75 20 endast
651 795 26 14 en
693 788 103 27 tredjedel
811 788 22 21 af
848 787 35 21 lön
898 787 52 21 eller

122 817 89 26 pension
227 816 57 27 finge
306 819 59 24 tagas
380 817 7 20 i
402 817 92 26 anspråk
517 817 31 20 till
571 817 59 27 gälds
649 817 110 26 betalning
773 817 40 20 och
829 818 29 19 att
872 816 77 27 ifråga-

123 845 93 20 varande
224 845 35 20 del
269 845 21 20 äf
300 845 63 21 lönen
374 845 52 21 eller
436 845 116 28 pensionen
564 845 119 21 fördelades
694 845 91 21 emellan
795 845 97 26 samtliga
903 845 47 20 bor-

123 875 96 25 genärer,
234 880 44 14 som
296 874 74 20 vunnit
385 874 93 27 införsel,
493 874 7 20 i
516 874 131 21 förhållande
659 874 30 21 till
700 874 157 27 fordringarnas
869 873 80 27 belopp.

122 902 76 21 Tillika
214 902 68 21 skulle
297 903 102 21 utskottet
414 909 118 21 uppmanas
547 905 30 19 att
597 903 78 27 jämväl
691 902 130 21 beträffande
837 902 66 27 öfriga
918 902 31 20 uti

124 930 144 22 betänkandet
282 931 104 27 ingående
402 931 215 27 författningsförslag
633 932 85 26 vidtaga
733 932 42 20 den
789 930 161 28 omredigering,

123 965 47 15 som
187 960 21 20 af
222 959 94 21 ståndets
332 966 51 20 nyss
398 960 79 21 fattade
493 960 71 21 beslut
578 960 127 27 påkallades.

193 1022 56 21 Utan
266 1022 119 21 diskussion
402 1022 133 28 godkändes:

483 1115 12 20 5
517 1114 74 21 KAP.

234 1171 39 21 Om
288 1173 83 19 utmätt
385 1172 115 26 egendoms
515 1171 160 28 förvandlande
691 1172 10 20 i
712 1171 133 28 penningar.

483 1257 12 20 6
514 1257 76 21 KAP.

126 1313 42 21 Om
183 1313 140 27 redovisning
339 1313 39 21 och
397 1313 128 28 fördelning
540 1314 31 26 af
587 1313 58 21 hvad
659 1314 36 20 till
709 1313 56 28 följd
779 1313 29 27 af
819 1312 130 28 utmätning

489 1342 93 28 influtit.

484 1428 10 20 7
515 1427 74 21 KAP.

125 1484 42 22 Om
182 1484 108 27 kvarstad,
314 1484 209 28 skingringsförbud
544 1486 59 19 samt
622 1484 132 28 reseförbud,
777 1484 25 21 så
818 1483 37 21 ock
871 1489 78 15 annan

233 1513 174 27 handräckning,
423 1520 48 14 som
486 1513 29 27 af
526 1513 163 27 öfverexekutor
704 1512 37 21 må
755 1512 80 28 gifvas.
