1142 1773
340 144 179 22 Borgareståndet
532 144 57 17 1894.
613 144 24 17 21
650 144 59 21 april.
869 138 40 21 787

112 224 65 22 borde
192 225 23 27 ju
230 224 48 21 mitt
292 224 99 27 yttrande
407 224 63 21 hafva
492 224 55 21 visat
567 226 30 19 att
611 224 36 27 jag
662 224 133 27 väsentligen
811 224 71 20 ställer
896 224 45 26 mig

111 253 27 27 pä
153 260 26 14 en
196 259 69 15 annan
282 252 130 28 ständpunkt
428 255 25 19 än
470 255 143 19 reservanten.
643 253 41 27 Jag
695 252 42 21 kan
748 252 47 21 icke
805 252 58 20 finna
875 254 66 18 annat

112 283 27 19 än
160 283 30 19 att
212 282 24 20 hr
251 278 89 30 Öhman,
364 283 50 19 utan
439 283 30 19 att
490 281 163 27 nödvändigtvis
669 281 70 27 skyllä
753 280 27 28 pä
795 281 49 27 mig,
859 280 82 20 kunnat

112 310 98 21 meddela
225 310 46 20 sina
286 310 110 20 värderika
412 310 154 27 upplysningar
576 312 108 25 gentemot
694 310 164 26 reservationen,
869 308 72 21 hvilka

111 339 33 20 för
159 338 63 27 öfrigt
236 338 55 21 hade
313 338 83 21 kunnat
417 338 22 21 få
460 339 55 27 plats
537 339 7 20 i
564 338 74 27 själfva
654 338 149 26 betänkandet,
819 338 23 20 sä
857 337 84 21 sakrika

112 374 45 14 som
174 367 25 21 de
216 367 54 21 visat
284 367 37 27 sig.
351 366 33 22 Dä
398 368 36 26 jag
456 367 7 21 i
484 368 48 20 mitt
546 367 65 21 första
627 366 136 28 andragande
779 366 68 21 talade
863 372 35 15 om
913 372 28 14 en

112 396 81 27 sorglös
208 396 105 26 ekonomi,
336 396 23 20 sä
381 396 73 27 gjorde
476 396 36 27 jag
530 396 36 20 det
580 396 43 26 just
638 396 7 20 i
661 396 41 20 den
719 395 94 27 riktning
824 395 25 20 hr
864 394 77 22 Heikel

113 427 71 19 senast
199 424 105 21 mähända
319 424 81 21 klarare
424 426 25 18 än
472 424 35 27 jag
529 424 120 21 framhällit.
679 424 42 27 Jag
739 424 38 20 har
792 424 86 20 därmed
894 423 47 21 icke

113 453 56 21 velat
190 453 66 21 uttala
281 455 29 19 ett
335 453 89 20 klander
446 455 108 25 gentemot
577 453 39 21 den
640 452 124 21 nuvarande
786 451 157 22 finansförvalt-

113 482 85 27 ningen,
214 482 62 20 hvars
292 481 65 28 lugna
380 482 130 27 opartiskhet
531 482 36 27 jag
588 483 23 19 är
634 481 41 21 den
691 481 66 21 första
771 483 30 19 att
816 481 126 20 konstatera.

112 510 49 22 Men
177 511 35 27 jag
227 511 39 20 har
280 510 56 21 velat
350 510 42 21 tala
408 517 34 14 om
458 512 108 25 systemet,
579 510 6 20 i
603 510 80 21 hvilket
698 510 119 26 ständerna,
833 509 68 21 säsom
917 509 26 20 hr

113 539 77 21 Heikel
205 539 73 27 riktigt
294 539 102 21 anmärkt,
418 541 36 18 äro
470 539 43 20 lika
528 539 97 27 skyldiga
641 545 45 14 som
702 539 131 26 regeringen.
863 537 42 21 Det
920 539 25 18 är

113 569 29 20 ett
157 568 73 27 riktigt
244 567 86 27 uttryck
345 569 30 19 att
390 567 21 20 vi
427 567 62 21 hafva
505 567 106 21 hushällat
627 567 68 21 säsom
712 567 110 27 förmögna
835 569 49 18 män
893 568 50 25 göra

114 596 40 21 det.
184 596 49 21 Men
250 596 27 21 dä
292 596 21 20 vi
335 603 30 13 nu
387 596 89 21 kommit
498 596 32 21 till
550 596 65 21 insikt
630 603 34 13 om
681 597 30 20 att
727 596 35 20 det
777 595 104 21 mähända
896 595 47 20 icke

114 627 23 18 är
158 625 24 20 sä
203 625 44 20 helt
270 625 48 20 med
341 625 130 25 rikedomen,
494 625 66 20 mäste
581 625 20 20 vi
624 625 67 20 ändra
706 627 79 24 system
801 624 39 21 och
856 624 35 20 det
907 629 39 14 var

114 653 74 21 främst
202 653 33 21 för
250 655 30 19 att
295 653 66 20 uttala
376 653 44 27 mig
435 653 7 20 i
458 653 41 21 den
515 653 128 27 riktningen,
659 659 46 15 som
715 653 36 27 jag
766 653 42 20 höll
820 653 46 20 mitt
879 652 66 20 första

115 681 142 28 andragande.

186 749 70 22 Sedan
272 750 42 21 den
330 750 108 21 allmänna
453 750 148 21 diskussionen
617 750 88 21 härmed
721 750 111 21 förklarats
847 749 98 26 afslutad,

115 779 108 27 öfvergick
241 778 85 22 ståndet
340 778 32 21 till
388 779 196 27 detaljgranskning
599 779 21 20 af
639 779 25 20 de
673 779 103 20 särskilda
785 778 160 27 afdelningarna

115 807 21 21 af
151 807 148 27 betänkandet,
312 807 39 21 och
366 807 123 27 godkändes
505 807 72 21 därvid
594 809 51 19 utan
658 807 120 21 diskussion
789 807 112 21 utskottets
913 808 33 19 ut-

115 835 85 22 talande
225 835 69 21 under
317 835 126 21 rubrikerna
467 836 129 21 vallmänna
625 836 152 21 statsmedlen»
803 836 38 20 och
869 836 78 20 »stats-

115 864 140 21 inkomster».

187 926 134 22 Beträffande
337 927 119 21 uttalandet
471 927 69 21 under
554 927 100 21 rubriken
673 927 171 27 »statsutgifter»
862 926 86 27 yttrade

186 996 24 20 hr
232 995 171 27 Wegelius:
434 995 44 21 Min
502 996 87 26 mening
611 998 24 18 är
657 996 47 20 icke
723 998 30 18 att
768 995 98 27 fördjupa
881 994 66 28 mig
935 990 15 36 i

117 1024 65 27 nägra
197 1024 144 27 päminnelser
355 1024 7 20 i
378 1024 116 27 anledning
513 1024 21 20 af
547 1024 234 27 statsräkenskapernas
793 1023 154 28 uppställande.

117 1052 42 22 Det
174 1054 23 19 är
211 1054 30 19 att
253 1052 80 28 hoppas
348 1054 30 19 att
393 1052 27 21 de
442 1052 84 28 förslag,
542 1053 71 20 hvilka
628 1053 143 21 statutskottet
787 1053 38 20 har
837 1052 110 26 framstält,

118 1081 99 21 särskildt
231 1081 27 27 pä
273 1081 46 21 sida
335 1081 33 27 16,
383 1081 60 21 skola
458 1081 58 27 gifva
538 1081 89 27 uppslag
649 1081 33 21 till
700 1081 80 21 sädana
795 1080 153 27 förändringar,

118 1116 46 15 som
179 1110 96 20 medföra
297 1116 27 14 en
347 1110 133 27 sakenligare
503 1110 40 20 och
565 1110 96 27 redigare
677 1109 146 28 uppställning
837 1110 21 20 af
873 1109 75 20 räken-

119 1139 103 27 skaperna
246 1138 61 21 äfven
329 1138 66 20 innan
418 1138 42 21 den
483 1138 69 21 under
567 1138 118 28 beredning
701 1138 91 21 varande
805 1138 106 21 reformen
927 1137 23 21 af

118 1169 80 19 statens
220 1166 223 28 räkenskapsväsende
475 1167 77 21 hinner
574 1167 85 21 komma
682 1167 32 21 till
736 1167 118 21 utförande.
887 1166 62 20 Dock

119 1202 64 20 synes
205 1196 44 26 mig
271 1195 41 21 den
335 1195 63 27 kläm,
421 1202 45 14 som
488 1196 143 20 förekommer
650 1195 27 27 pä
692 1195 46 21 sida
754 1196 25 20 16
796 1196 39 20 och
850 1194 100 22 särskildt

118 1224 135 28 placeringen
270 1224 21 20 af
303 1224 65 21 orden
386 1226 72 18 »utom
473 1224 101 20 kolumn»
592 1230 50 14 vara
657 1224 65 27 nägot
737 1224 149 21 vilseledande.
916 1222 34 22 Dä

119 1259 50 15 man
184 1252 56 21 läser
262 1252 70 21 denna
354 1252 64 27 kläm,
440 1252 32 21 fär
488 1259 49 14 man
554 1252 35 21 det
603 1252 84 27 intryck
703 1254 30 19 att
748 1252 116 22 detsamma
879 1252 72 20 skulle

119 1281 103 21 innebära
236 1281 48 21 icke
299 1283 30 19 att
344 1281 26 21 de
386 1283 76 25 poster,
478 1281 72 21 hvilka
565 1281 48 27 ingå
629 1281 69 21 under
708 1281 101 21 rubriken
818 1280 133 27 »leverering

119 1312 59 18 utom
195 1310 73 20 värket
283 1310 52 20 eller
350 1309 130 27 öfverföring
495 1310 47 20 frän
558 1310 66 20 andra
639 1310 85 20 fonder»
739 1310 39 20 och
793 1309 102 21 innebära
907 1308 44 21 till-

120 1338 56 21 skott
190 1338 32 20 till
238 1338 186 26 ärsinkomsterna,
439 1338 69 21 skulle
524 1338 127 27 framflyttas
667 1338 39 20 och
722 1338 61 20 äfven
793 1338 56 20 inom
860 1337 90 21 kolumn

120 1367 128 25 observeras,
275 1368 52 19 utan
352 1368 30 19 att
408 1366 36 21 det
469 1366 48 22 hela
542 1367 75 20 endast
642 1366 61 28 gälde
724 1373 26 14 en
767 1367 107 27 operation
891 1367 60 19 utom

120 1395 93 21 kolumn.
244 1395 74 21 Skulle
340 1402 50 14 man
419 1397 62 25 säga:
514 1395 137 21 »Emellertid
678 1402 50 14 vore
753 1395 107 21 bokslutet
884 1394 68 27 enligt

120 1424 113 21 utskottets
248 1424 64 20 tanke
327 1430 45 14 mer
388 1424 110 26 sakenligt,
510 1430 34 14 om
554 1424 171 27 uppställningen
736 1424 7 20 i
753 1422 198 29 kapitalräkningen

120 1452 71 21 blefve
206 1452 90 21 sålunda
312 1452 80 20 ändrad
408 1454 30 18 att
460 1452 41 20 alla
517 1452 26 21 de
559 1452 152 27 öfverföringar
726 1452 47 20 från
789 1452 65 20 andra
869 1451 83 26 fonder,

122 1488 45 14 som
184 1480 108 28 värkligen
316 1482 76 26 utgöra
414 1480 90 21 tillskott
524 1481 31 20 till
578 1480 161 28 årsinkomsten,
758 1480 70 21 blefve
843 1482 109 25 upptagna

121 1511 94 19 närmast
246 1509 53 21 efter
326 1509 138 27 afdelningen
492 1509 193 21 »statsinkomster»
713 1509 40 21 och
778 1511 58 19 utom
861 1508 90 20 kolumn

122 1538 84 20 utförda
221 1538 7 20 i
244 1544 26 14 en
286 1544 83 14 summa
384 1537 50 21 med
450 1538 92 27 denna»,
564 1537 69 21 skulle
654 1544 50 14 man
719 1537 66 21 förstå
799 1539 30 19 att
845 1536 108 28 uttrycket
