1142 1773
354 135 178 21 Borgareståndet
544 135 57 17 1894.
620 136 19 16 11
651 135 48 21 maj.
862 130 53 20 1037

114 214 100 28 lyftigare
229 216 25 19 än
272 214 47 27 den,
330 222 34 14 om
379 215 87 21 hvilken
481 215 7 20 i
504 215 56 21 detta
570 215 209 27 petitionsmemorial
797 217 23 18 är
829 214 65 28 fråga,
905 215 39 20 och

114 245 32 19 att
160 244 7 19 i
183 243 26 21 de
225 243 21 21 af
261 244 25 20 hr
301 243 117 21 Stenström
434 244 97 26 upplästa
546 244 155 26 handlingarna
722 243 64 21 bland
801 246 66 18 annat
881 243 63 21 äfven

114 274 24 18 är
153 272 99 20 förutsatt
267 278 26 14 en
310 272 87 27 djupare
413 272 67 20 farled
496 274 26 18 än
538 272 40 21 den
596 272 102 20 utskottet
713 272 38 20 har
766 272 99 20 förordat.
895 271 49 21 Men

114 300 67 21 sedan
203 300 35 27 jag
254 300 37 21 har
314 300 46 21 hört
376 301 24 20 hr
422 300 128 21 Stenströms
573 300 137 26 andragande
733 300 40 21 och
787 300 70 21 finner
872 302 29 18 att
917 306 26 14 en

116 329 160 27 undersökning
291 329 39 21 har
345 329 69 21 blifvit
429 329 66 27 gjord,
512 329 36 20 vill
562 330 35 26 jag
608 329 33 21 för
651 330 44 20 min
712 329 34 21 del
761 329 47 21 icke
824 328 73 21 vidare
912 328 32 21 stå

115 357 27 27 på
157 357 113 21 utskottets
285 358 63 26 kläm,
371 360 50 18 utan
438 359 65 25 gärna
525 358 73 20 förena
618 358 43 26 mig
677 358 48 20 med
741 358 25 20 hr
781 358 124 25 Stenström,
921 358 22 25 ty

116 386 108 20 klämmen
239 386 140 21 motiverades
395 386 21 20 af
430 386 103 21 utskottet
555 386 135 21 uteslutande
705 387 44 26 just
765 386 94 27 därmed,
874 386 68 20 såsom

115 414 65 21 också
195 414 21 21 af
238 415 118 20 motiverna
379 414 98 28 framgår,
500 417 30 18 att
552 415 114 27 utredning
686 415 47 21 icke
749 414 86 28 förelåg.
866 414 32 21 Då
914 420 29 14 nu

116 443 115 26 utredning
252 443 118 28 föreligger,
393 443 41 21 kan
458 450 26 14 en
508 443 65 21 sådan
596 444 143 26 kanalisering
759 443 64 21 äfven
838 443 7 20 i
861 443 82 20 mindre

115 472 88 27 omfång
218 473 38 19 när
271 479 45 14 som
333 472 53 21 hälst
401 472 43 26 ske,
460 472 27 21 då
502 472 42 21 den
560 479 61 14 anses
637 472 20 21 af
673 472 99 21 behofvet
783 471 103 28 påkallad.
902 471 41 28 Jag

115 507 64 14 anser
194 503 30 18 att
238 501 113 20 ständerna
367 501 69 20 under
450 501 80 20 sådana
544 501 148 20 förhållanden
707 501 47 20 icke
770 501 72 20 vidare
854 500 89 21 behöfva

116 529 7 20 i
138 529 66 21 saken
220 529 88 27 ingripa.

186 591 32 21 Hr
233 591 173 22 Stenström:
436 592 42 27 Jag
495 592 47 21 ville
559 592 48 21 med
623 592 116 27 anledning
757 592 21 21 af
793 592 26 20 hr
832 591 113 27 Tallgvists

116 623 86 18 senaste
218 621 97 26 yttrande
332 623 77 18 nämna
432 623 30 18 att
476 621 36 20 det
528 621 32 20 väl
576 627 49 20 eger
641 621 31 20 sin
689 621 100 26 riktighet
803 623 30 18 att
843 620 35 21 det
889 620 56 20 kost-

118 649 138 26 nadsförslag,
272 649 80 21 hvilket
367 649 21 21 af
402 649 44 27 mig
462 649 86 26 berörts,
564 649 97 21 omfattar
675 649 104 27 betydligt
794 649 150 20 vidsträcktare

117 677 87 21 arbeten
227 679 26 19 än
270 678 54 20 hvad
348 685 44 14 som
409 678 77 21 afses
476 672 15 38 i
507 678 236 27 petitionsmemorialet.
774 677 60 21 Dock
853 676 93 27 framgår

116 706 23 21 af
154 706 26 21 de
196 707 21 20 af
232 706 43 27 mig
290 706 118 28 åberopade
424 707 154 26 handlingarna
600 708 29 19 att
645 707 21 20 af
681 706 41 21 den
738 706 135 21 totalsumma
889 705 56 21 kost-

118 734 155 27 nadsförslaget
288 737 108 25 upptager,
412 735 52 21 eller
480 735 88 27 336,396
585 735 59 20 mark
661 735 26 20 50
698 735 71 27 penni,
780 735 64 20 minst
854 734 90 26 220,000

118 763 59 49 mar
193 763 85 21 komme
302 765 30 20 att
348 763 74 28 belöpa
444 764 33 27 sig
491 764 27 27 pä
538 763 35 21 det
588 764 7 19 i
610 763 233 27 petitionsmemorialet
858 762 87 21 afsedda

117 794 87 19 arbetet.

187 848 154 21 Diskussionen
364 849 116 20 afslutades
503 849 92 27 härmed,
615 849 107 21 hvarefter
737 849 25 20 hr
776 848 121 21 talmannen
914 847 32 21 till

117 878 53 20 först
185 877 122 21 framstälde
323 877 93 27 följande
432 877 282 28 omröstningsproposition:

188 940 39 26 De,
251 940 75 21 hvilka
348 940 73 21 säsom
444 940 217 28 kontraproposition
675 942 46 18 mot
735 940 113 20 utskottets
863 938 83 28 förslag

119 968 11 21 i
144 968 66 28 fråga
226 976 36 13 om
273 969 245 27 petitionsmemorialet
527 976 39 14 n:o
576 970 29 20 10
615 968 55 28 vilja
681 970 82 26 antaga
774 968 27 21 hr
812 968 134 20 Stenströms

118 997 90 27 förslag,
222 999 60 19 rösta
292 998 41 27 ja;
350 998 30 25 de,
395 997 35 21 det
444 997 45 21 icke
505 997 59 28 vilja,
579 999 60 19 rösta
654 997 49 27 nej;

188 1026 80 20 vinner
282 1026 43 27 nej,
342 1026 41 20 har
399 1026 176 27 borgareständet
590 1026 9 20 i
613 1025 82 22 sädant
710 1025 100 27 afseende
825 1024 122 28 föredragit

118 1054 28 21 hr
164 1054 126 27 Stigzelius"
302 1054 89 28 förslag.

189 1117 162 27 Propositionen
366 1117 128 21 besvarades
504 1117 49 21 med
564 1117 156 27 öfvervägande
730 1117 27 27 ja,
768 1116 31 22 till
810 1116 53 27 följd
873 1116 75 20 hvaraf

119 1146 41 20 den
177 1146 86 27 slutliga
278 1146 301 27 omröstningspropositionen
599 1146 66 20 erhöll
681 1145 158 21 nedanstäende
856 1144 91 27 lydelse:

189 1208 39 28 De,
243 1209 75 21 hvilka
332 1209 117 27 godkänna
464 1209 112 20 utskottets
591 1208 83 28 förslag
685 1208 134 27 beträffande
827 1207 119 29 petitions-

118 1237 139 21 memorialet
272 1244 38 14 n:o
326 1238 34 26 10,
375 1239 60 19 rösta
444 1237 42 27 ja;
502 1238 31 26 de,
549 1238 35 20 det
598 1237 45 21 icke
657 1239 60 25 göra,
731 1238 60 20 rösta
806 1236 50 28 nej;

188 1266 81 20 vinner
290 1266 42 27 nej,
355 1266 42 20 har
419 1265 177 28 borgareständet
619 1265 88 21 beslutit
729 1267 33 19 att
775 1264 174 28 ifrågavarande

116 1294 226 28 petitionsmemorial
356 1294 45 21 icke
416 1294 58 21 skall
489 1294 35 21 till
538 1294 74 28 någon
627 1294 79 28 åtgärd
720 1294 122 27 föranleda.

189 1357 163 27 Propositionen
375 1357 127 21 besvarades
524 1357 48 21 med
596 1357 155 27 öfvervägande
774 1357 41 26 nej,
839 1356 40 21 och
894 1356 55 20 hade

119 1385 85 22 ståndet
219 1386 89 26 således,
330 1386 50 20 med
394 1386 137 20 förkastande
554 1386 21 21 af
590 1386 112 20 utskottets
717 1385 84 27 förslag,
817 1384 88 22 beslutit
920 1386 30 19 att

120 1414 116 21 omordade
251 1414 212 27 petitionsmemorial
478 1414 47 21 icke
540 1414 69 20 skulle
625 1414 32 20 till
669 1414 70 27 någon
751 1413 72 27 åtgärd
833 1413 116 21 föranleda.

190 1471 118 26 Angående
325 1471 112 21 utskottets
452 1471 79 27 förslag
546 1471 48 21 med
611 1471 115 27 anledning
737 1471 20 20 af
768 1471 181 27 petitionsmemo-

120 1500 62 20 rialet
198 1506 34 14 n:o
250 1500 25 20 11
292 1506 34 14 om
350 1499 188 21 åstadkommande
562 1500 20 20 af
597 1506 27 14 en
647 1499 71 21 flötled
735 1500 32 20 för
782 1500 59 20 stock
857 1498 92 22 emellan

120 1528 72 20 Saima
208 1528 39 20 och
262 1528 103 27 Päijänne
381 1529 86 20 vattnen
484 1528 90 27 uppstod
590 1528 93 27 följande
699 1528 130 20 diskussion:
