1142 1773
355 136 177 22 Borgareståndet
546 138 55 16 1894.
626 138 22 16 16
661 138 47 20 maj.
867 132 54 20 1155

190 218 34 20 Hr
244 217 224 27 Schybergson:
499 217 33 21 Hr
554 218 155 27 Neppenström
732 218 38 20 har
793 218 31 20 till
844 217 43 27 mig
903 217 48 21 stält

122 246 72 28 frågan
218 234 104 43 huruvida
337 246 35 26 jag
388 248 22 18 är
425 246 80 20 beredd
520 246 26 27 på
562 246 39 20 den
625 246 164 21 eventualiteten
807 248 30 18 att
852 233 34 33 alt
895 246 56 26 järn-

123 274 163 28 vägsbyggande
310 275 6 19 i
338 274 72 21 landet
433 274 68 21 under
524 274 40 21 den
586 276 106 19 närmaste
715 274 168 35 treärsperioden
897 273 54 21 skall

122 304 100 26 upphöra.
252 303 62 20 Hvad
330 302 98 22 beträffar
449 302 308 28 Keuru—Jyväskylä-banan,
779 303 23 21 sä
817 304 38 20 har
869 303 35 27 jag
919 308 32 15 re-

123 332 41 20 dan
180 332 75 20 uttalat
270 332 42 26 mig
328 332 100 26 tämligen
445 332 81 26 tydligt.
556 325 41 33 Jag
613 325 78 27 önskar
706 320 51 32 icke
769 332 48 20 dess
833 331 117 21 utförande.

123 360 11 20 I
149 360 40 21 den
207 360 61 20 delen
294 360 59 20 torde
380 360 34 27 jag
439 360 90 21 sålunda
552 360 46 21 icke
622 360 90 21 behöfva
727 360 57 27 gifva
800 360 64 27 något
879 360 72 20 vidare

124 395 48 14 svar
194 388 27 28 på
244 389 24 20 hr
290 388 167 28 Neppenströms
479 389 64 27 fråga.
573 388 63 21 Hvad
653 389 44 21 åter
712 388 99 22 beträffar
825 388 126 25 kustbanan,

123 417 23 21 så
161 417 41 21 blir
224 417 46 21 mitt
292 424 48 14 svar
363 417 133 27 naturligtvis
520 419 29 19 ett
567 420 69 18 annat.
667 417 49 21 Men
733 418 27 20 då
777 418 32 26 jag
825 418 83 20 befarar
923 418 29 19 att

123 446 25 21 hr
172 446 155 27 Neppenström
350 446 39 20 och
412 446 53 20 hans
487 445 184 28 meningsfränder
691 446 46 21 icke
757 446 12 21 ä
784 446 31 21 sin
832 446 45 21 sida
893 445 59 22 skola

124 481 50 14 vara
190 475 48 20 med
255 481 34 14 om
312 475 70 20 denna
404 474 60 27 bana,
487 475 23 20 så
525 475 66 20 måste
607 475 35 27 jag
657 475 34 20 väl
706 475 59 20 finna
780 475 43 26 mig
839 475 7 20 i
861 477 30 18 att
906 474 46 21 icke

124 503 67 21 häller
206 503 41 21 den
263 503 85 27 bygges.
379 503 63 20 Detta
465 505 23 18 är
502 504 48 20 mitt
565 503 62 21 enkla
643 510 48 14 svar
705 503 28 28 på
747 504 26 19 hr
787 503 167 28 Neppenströms

123 532 65 27 fråga.
218 532 42 27 Jag
280 533 38 19 har
340 532 12 20 å
374 532 66 20 andra
459 532 60 20 sidan
535 532 38 21 fått
588 539 48 14 svar
651 533 27 26 på
693 532 41 21 den
750 532 59 27 fråga
823 533 36 26 jag
873 531 79 28 gjorde,

124 561 106 20 huruvida
250 567 49 14 man
323 560 64 21 bland
408 561 54 26 dem,
482 567 45 14 som
546 561 117 20 förfäktade
679 561 204 26 Jyväskylä-banan,
899 560 54 21 före-

124 589 53 27 drog
192 591 30 18 ett
237 589 71 20 enkelt
323 589 67 27 afslag
405 589 89 20 framom
510 596 26 14 en
552 589 146 21 kombination
714 589 49 21 med
783 589 120 22 kustbanan.
920 588 32 21 Hr

124 617 102 21 Schvindt
251 618 38 20 har
310 617 105 28 nämligen
439 618 61 26 gifvit
522 618 43 27 mig
587 620 70 19 svaret
673 620 30 19 att
717 618 42 20 han
775 618 121 26 föredrager
912 617 41 20 den

124 646 56 21 förra
196 646 170 21 eventualiteten.
396 646 42 27 Jag
452 647 107 20 förmodar
574 649 29 18 att
619 647 41 20 han
672 647 70 20 därtill
753 647 37 20 har
801 647 53 20 varit
865 647 88 25 bemyn-

124 675 47 26 gad,
194 677 22 24 ty
239 675 122 20 därförutan
388 675 76 20 uttalar
487 681 48 14 man
551 675 46 20 icke
613 677 29 18 ett
657 675 75 21 sådant
748 681 43 14 ord.
821 675 42 20 Vid
879 674 76 21 sådant

124 703 132 20 förhållande
279 703 37 20 har
334 704 36 26 jag
384 703 111 27 ingenting
510 706 64 18 annat
590 705 26 19 än
630 705 30 19 att
675 704 65 27 draga
755 703 162 21 konsekvensen
933 703 21 20 af

125 732 47 20 mitt
194 731 127 27 föregående
342 732 114 21 uttalande.
486 732 41 27 Jag
546 732 88 21 föreslår
657 732 70 21 därför
748 734 29 19 att
798 732 89 26 ståndet,
905 731 48 21 med

124 760 136 21 förkastande
281 761 21 20 af
324 761 41 20 den
384 761 76 26 nådiga
475 761 157 27 propositionen
649 761 110 26 angående
774 760 180 27 Keuru—Jyväs-

124 789 143 26 kylä-banans
288 789 118 27 byggande,
421 789 7 20 i
444 789 62 27 öfrigt
521 789 64 21 måtte
601 789 82 21 biträda
698 790 25 19 hr
737 789 89 21 Heikels
841 789 84 26 förslag.

194 817 32 21 Hr
251 817 161 28 Neppenström,
438 818 43 20 min
509 818 62 20 ärade
597 820 39 18 vän
657 818 26 27 på
697 817 98 21 Joensuu
811 817 90 27 bänken,
917 817 38 20 har

125 846 51 21 känt
201 846 32 27 sig
258 846 220 21 framkommenderad
501 847 39 20 och
563 846 46 21 icke
632 848 51 19 trott
698 847 32 26 sig
745 846 50 21 böra
810 847 71 20 lämna
896 846 59 20 mina

126 876 83 19 senaste
225 875 37 20 ord
278 875 32 20 till
325 875 78 21 honom
419 875 135 21 obesvarade.
583 875 41 27 Jag
640 875 53 21 hade
710 881 41 21 nog
766 877 73 19 väntat
851 875 41 27 det,
904 880 51 15 men

124 904 36 26 jag
175 903 54 21 hade
245 905 72 19 väntat
332 905 30 20 att
377 904 41 20 han
442 904 32 20 sin
498 910 54 14 vana
570 904 105 27 likmätigt
690 904 69 20 skulle
775 904 54 20 varit
844 910 25 14 en
886 903 69 21 smula

126 932 89 27 roligare
231 934 27 18 än
274 932 41 20 han
331 932 70 20 denna
416 932 56 27 gång
487 939 42 14 var.
559 932 49 21 Men
625 932 35 21 det
675 934 23 19 är
712 932 47 21 icke
775 932 59 21 alltid
850 938 49 14 man
910 932 7 20 i
930 932 25 20 hr

125 960 167 28 Neppenströms
307 960 100 27 ställning
422 962 42 19 kan
483 968 50 14 vara
548 961 80 27 primus
644 961 55 21 inter
713 967 67 21 pares.
810 961 11 20 I
836 961 41 27 dag
892 960 63 20 hafva

126 989 107 27 nämligen
248 989 103 21 rekorden
367 989 27 27 på
416 990 25 20 de
456 990 120 26 personliga
591 990 100 20 utfallens
707 989 85 21 område
807 990 55 20 varit
877 989 79 20 sådana

126 1019 30 19 att
171 1018 66 20 andra
252 1017 62 21 hafva
330 1018 55 26 gjort
400 1018 78 20 honom
501 1020 51 18 äran
571 1018 80 27 stridig,
667 1018 39 20 och
721 1018 36 26 jag
772 1018 41 20 kan
828 1018 47 20 icke
891 1019 65 19 annat

126 1048 27 18 än
179 1046 117 26 lyckönska
323 1047 77 20 honom
426 1046 32 21 till
482 1048 31 19 att
534 1047 41 20 han
597 1047 47 20 icke
659 1047 39 20 har
713 1046 58 21 täflat
785 1046 49 21 med
851 1046 104 27 åtskilliga

126 1074 72 27 andra,
223 1081 46 14 som
290 1075 62 20 hafva
372 1075 38 21 fält
432 1075 38 21 ord
493 1076 40 20 och
555 1075 91 27 uttryck,
661 1075 72 21 hvilka
748 1082 49 14 man
814 1075 46 21 icke
875 1075 7 19 i
899 1074 56 21 detta

126 1103 61 21 stånd
203 1105 24 19 är
243 1110 39 14 van
298 1104 40 20 vid.

195 1155 33 21 Hr
242 1155 124 21 Lindén:
397 1155 42 27 Jag
459 1156 37 20 har
520 1156 73 20 endast
616 1155 73 28 begärt
712 1155 60 21 ordet
786 1156 33 20 för
834 1156 29 20 att
879 1154 77 21 under-

127 1184 59 20 stöda
203 1184 25 20 hr
242 1184 88 21 Heikels
346 1184 84 27 förslag.
460 1184 42 27 Jag
517 1184 140 21 understöder
672 1184 41 27 det,
729 1184 67 20 ehuru
811 1184 36 27 jag
862 1183 47 21 icke
925 1183 31 20 till

127 1212 41 21 alla
183 1212 59 21 delar
257 1213 41 20 kan
322 1213 112 26 godkänna
454 1212 122 21 detsamma.
607 1212 28 21 Sä
650 1214 13 19 t.
679 1219 33 14 ex.
729 1212 95 28 angifver
839 1213 25 19 hr
879 1212 77 28 Heikel

126 1240 63 22 Karis
205 1241 69 21 säsom
297 1241 213 27 anknytningspunkt
534 1242 32 20 för
580 1241 43 21 den
638 1243 69 19 västra
723 1241 104 21 bandelen
844 1240 21 21 af
879 1234 77 26 Åbo—

126 1265 221 42 Helsingfors-banan.
382 1270 74 20 Redan
473 1270 26 20 då
518 1270 107 27 petitonen
642 1276 34 14 om
692 1270 112 26 byggande
821 1269 20 21 af
857 1269 100 26 Helsing-

127 1304 252 20 fors—Åbo-kustbanan
401 1304 146 21 remitterades
562 1304 32 21 till
619 1304 207 27 järnvägsutskottet,
848 1310 37 14 var
899 1303 36 27 jag
950 1302 7 21 i

127 1332 82 21 tillfälle
231 1334 30 19 att
284 1332 65 21 uttala
365 1332 43 21 min
426 1332 54 21 åsikt
495 1333 7 20 i
518 1333 69 20 denna
602 1332 65 28 fråga,
686 1333 38 20 och
742 1332 36 20 vill
793 1333 35 26 jag
842 1332 47 20 icke
906 1338 29 13 nu
950 1331 7 20 i

128 1361 70 21 denna
214 1361 64 21 stund
296 1363 115 25 yttermera
426 1361 87 21 därmed
534 1364 91 24 upptaga
648 1361 93 21 ståndets
757 1368 42 20 nog
814 1360 92 27 dyrbara
921 1360 36 20 tid.

128 1389 32 21 Då
183 1396 26 14 en
233 1389 56 27 gång
307 1390 202 26 järnvägsutskottet
528 1390 47 20 med
599 1390 32 20 sin
648 1390 225 26 fackmannakunskap
897 1388 61 27 gifvit

128 1418 36 20 sitt
185 1418 71 20 förord
278 1419 32 19 för
332 1418 62 20 Karis
417 1418 90 20 framom
530 1418 85 20 Ekenäs
631 1418 69 20 såsom
716 1418 41 20 den
773 1418 132 27 lämpligaste
921 1423 37 14 an-

128 1446 213 28 knytningspunkten
358 1446 32 21 för
404 1446 41 21 den
462 1448 69 19 västra
555 1446 103 21 bandelen
679 1447 39 20 och
733 1447 36 26 jag
784 1447 61 19 äfven
862 1448 23 18 är
900 1445 58 21 med-

128 1477 63 19 veten
208 1482 34 13 om
268 1477 30 19 att
322 1476 35 26 jag
382 1475 18 26 ej
427 1475 41 20 kan
492 1475 64 20 vinna
571 1475 108 27 pluralitet
693 1475 33 20 för
741 1475 43 20 min
801 1475 60 25 åsikt,
876 1474 33 20 får
923 1474 36 26 jag

128 1503 136 27 naturligtvis
279 1504 128 20 underkasta
423 1504 43 26 mig
482 1504 61 20 detta.
573 1504 42 26 Jag
637 1504 124 26 godkänner
774 1504 24 20 hr
813 1502 88 22 Heikels
917 1502 42 20 för-
