1142 1773
373 129 180 21 Borgareständet
566 130 57 17 1894.
647 131 26 16 26
686 130 48 21 maj.
881 124 54 21 1431

219 248 155 34 Lördagen
395 248 58 28 den
471 249 34 27 26
522 249 62 34 maj
603 249 42 27 kl.
664 250 33 27 12
715 249 38 34 på
772 250 104 33 dagen.

209 317 41 21 Vid
266 317 115 21 värkstäldt
396 324 81 21 upprop
493 318 106 21 befunnos
613 318 95 22 ståndets
719 318 98 28 samtliga
827 318 138 21 medlemmar

141 346 138 26 närvarande,
303 346 92 21 förutom
421 346 25 20 hr
470 342 116 32 Öhberg,
613 353 46 15 som
675 347 88 21 anhällit
779 350 30 18 att
823 347 33 21 för
870 346 95 22 enskilda

140 374 177 28 angelägenheter
331 374 22 21 fä
368 381 50 14 vara
433 374 147 29 fränvarande,
595 376 110 20 äfvensom
721 376 25 20 hr
761 375 148 27 Schvindt,
919 382 46 14 som

140 403 80 21 anmält
235 403 152 27 sjukdomsfall.

209 460 33 21 Hr
266 459 173 22 Lönnbecks
464 460 99 21 anhållan
587 463 30 19 att
631 461 33 21 för
679 461 96 21 enskilda
791 461 176 28 angelägenheter

141 489 21 20 få
189 489 65 20 utebli
278 489 45 20 från
349 495 75 15 senare
449 489 63 21 delen
537 490 21 20 af
579 489 80 28 dagens
674 489 87 28 plenum
777 493 55 18 samt
846 490 47 21 från
907 490 59 21 mån-

140 517 81 28 dagens
237 517 39 22 och
291 518 107 27 tisdagens
413 518 62 27 plena
490 518 44 21 blef
549 518 21 21 af
584 518 84 21 ståndet
683 518 93 21 bifallen.

212 677 112 28 Upplästes
349 678 31 21 till
404 678 105 27 justering
534 679 38 20 och
597 678 122 27 godkändes
734 679 103 21 särskilda
852 679 75 27 utdrag
943 685 25 14 ur

141 705 184 28 borgareståndets
341 707 34 20 vid
391 708 83 20 senaste
490 707 87 27 plenum
593 707 59 20 förda
667 707 111 27 protokoll.

212 878 150 22 Antecknades
386 880 31 20 att
432 878 46 22 från
494 879 139 21 medstånden
649 879 118 21 ankommit
782 879 102 21 särskilda
899 881 70 25 proto-

142 906 138 28 kollsutdrag.

212 1048 117 29 Föredrogs
356 1050 44 28 lag-
426 1051 39 20 och
490 1050 213 22 ekonomiutskottets
728 1050 35 21 vid
784 1053 83 19 senaste
883 1051 87 27 plenum

144 1077 115 28 bordlagda
281 1079 66 21 andra
368 1079 79 27 förslag
470 1079 31 21 till
517 1079 206 27 sammanjämkning
745 1079 21 21 af
788 1079 100 21 ständens
913 1079 58 27 skilj-

144 1106 72 27 aktiga
242 1106 71 22 beslut
339 1108 35 20 vid
399 1108 159 27 behandlingen
573 1108 21 20 af
609 1108 112 21 utskottets
736 1108 133 21 betänkande
885 1114 34 14 n:o
935 1109 14 19 4
964 1108 7 20 i

143 1134 117 28 anledning
284 1136 22 20 af
331 1136 76 27 nådiga
431 1137 158 27 propositionen
614 1143 35 14 n:o
665 1137 27 20 25
708 1136 110 28 angående
834 1139 29 19 ett
878 1136 93 27 tilläges-

143 1162 117 28 stadgande
282 1164 32 21 till
334 1164 153 28 förordningen
503 1172 34 14 om
553 1165 127 27 näringarna
695 1165 22 21 af
731 1165 41 21 den
789 1166 26 20 31
831 1171 56 15 mars
904 1165 66 26 1879;

144 1192 40 20 och
200 1191 43 21 blef
258 1192 57 22 detta
337 1194 297 27 sammanjämkningsförslag
649 1194 22 20 af
685 1193 84 21 ständet
785 1195 50 19 utan
851 1193 121 21 diskussion

144 1220 114 27 godkändt.

214 1375 117 29 Föredrogs
357 1376 44 28 lag-
428 1376 39 21 och
492 1376 213 22 ekonomiutskottets
732 1376 33 20 vid
787 1378 83 19 senaste
885 1374 88 28 plenum

145 1404 117 27 bordlagda
283 1404 79 28 förslag
382 1405 32 21 till
429 1405 207 27 sammanjämkning
651 1405 21 21 af
687 1404 101 22 ständens
803 1404 120 28 skiljaktiga
937 1403 36 22 be-

146 1433 43 21 slut
212 1433 35 20 vid
270 1432 157 28 behandlingen
443 1434 21 20 af
480 1434 112 20 utskottets
607 1433 134 21 betänkande
757 1440 34 14 n:o
807 1434 13 20 8
835 1434 8 20 i
858 1432 115 28 anledning

146 1461 22 21 af
182 1461 78 27 nädiga
274 1462 158 27 propositionen
448 1468 34 15 n:o
499 1462 27 21 16
542 1462 109 28 angäende
667 1462 134 27 sparbanker.

216 1518 57 21 Utan
289 1518 141 28 anmärkning
445 1518 123 28 godkändes
584 1518 27 27 $$
627 1519 18 26 3,
662 1518 18 27 6,
697 1519 33 27 10,
747 1519 26 20 12
789 1519 39 21 och
844 1518 32 21 16.
