1142 1773
331 131 178 21 Borgareständet
522 132 56 16 1894.
603 132 26 16 24
642 132 58 20 april.
863 126 40 20 809

108 210 104 28 ritningar
227 211 21 21 af
263 211 163 27 fästningsvärk,
442 212 38 20 och
495 212 36 26 jag
546 212 79 20 förmär
639 212 47 20 icke
702 211 58 21 finna
775 211 65 27 nägot
855 211 81 27 rimligt

108 239 45 21 skäl
174 240 86 21 hvarför
282 246 48 14 man
352 240 8 20 i
383 240 99 20 afseende
498 240 12 20 å
525 240 48 20 dem
589 240 38 20 här
642 240 69 20 skulle
727 240 76 20 förfara
819 240 117 26 lindrigare

108 270 26 18 än
150 274 49 15 man
218 268 65 20 förfar
299 268 5 20 i
320 268 61 20 deras
396 268 109 26 hemland;
522 270 89 19 tvärtom
627 270 24 18 är
665 268 118 21 straffarten
799 269 38 20 hos
853 274 34 14 oss
902 274 34 14 re-

108 296 40 21 dan
165 296 114 27 lindrigare
294 296 31 21 till
341 296 51 28 följd
408 297 60 20 däraf
484 298 29 20 att
528 297 37 20 vär
580 296 112 28 strafflag
686 292 12 36 i
704 297 116 21 allmänhet
830 299 22 18 är
862 296 75 20 lindri-

109 331 49 20 gare
174 327 26 19 än
216 325 26 21 de
258 325 61 21 flesta
334 332 42 20 nya
392 325 113 21 utländska
520 325 123 28 strafflagar.

177 381 33 21 Hr
224 382 125 28 Elving:
379 382 42 26 Jag
442 382 50 21 ville
514 382 47 21 icke
576 384 51 25 göra
643 382 90 27 anspräk
749 382 26 27 pä
791 384 30 18 att
836 382 47 20 med
900 382 38 20 nä-

110 417 42 20 gon
168 410 90 27 juridisk
274 411 113 21 auktoritet
402 411 72 26 afgöra
490 411 59 21 öfver
564 411 26 21 de
605 411 76 27 inkast,
697 417 46 14 som
759 411 20 20 af
795 411 25 20 hr
834 410 103 26 Nybergh

110 439 70 21 blifvit
202 439 122 22 framstälda
340 440 129 21 beträffande
486 440 35 21 det
536 440 130 27 berättigade
681 440 8 20 i
705 442 29 18 att
749 440 74 25 stadga
838 439 100 27 vilkorlig

111 468 76 21 förlust
210 468 20 20 af
246 468 164 27 medborgerligt
424 469 127 26 förtroende,
567 469 26 20 då
609 475 26 14 en
652 468 64 21 sådan
734 469 81 26 princip
831 468 66 27 enligt
913 469 25 19 hr

111 496 113 27 Nyberghs
251 497 82 27 uppgift
354 497 66 20 redan
443 499 23 18 är
489 497 130 21 utmönstrad
638 497 45 20 från
701 497 41 20 den
758 503 43 20 nya
816 497 121 27 strafflagen

112 531 75 21 genom
204 525 41 21 den
261 526 89 27 ändring
372 525 123 21 densamma
510 528 71 19 senast
597 525 118 28 undergått.
738 525 50 21 Men
803 525 35 27 jag
856 525 38 21 ber
909 527 30 19 att

112 553 129 21 beträffande
258 554 11 27 $
286 555 10 19 1
313 554 21 20 få
349 554 81 27 påpeka
446 556 35 24 att,
496 554 69 21 sävidt
579 555 35 26 jag
629 554 42 21 kan
687 554 64 26 finna,
768 554 55 21 brott
831 556 43 18 mot
882 554 58 21 stad-

112 582 78 27 gandet
212 583 6 19 i
242 583 69 20 denna
334 583 97 26 paragraf
453 583 73 20 kunna
541 583 137 26 förekomma,
693 583 72 20 hvilka
780 583 31 20 als
826 583 46 20 icke
889 583 50 20 böra

112 610 101 21 bedömas
236 611 23 20 sä
279 613 85 25 strängt,
380 618 45 14 som
441 612 25 19 hr
481 611 102 27 Nybergh
598 614 69 18 ansett
682 618 51 14 vara
748 611 131 27 berättigadt.
908 611 31 26 Ty

114 639 35 20 det
175 639 40 20 kan
232 640 76 27 hända,
328 640 70 21 säsom
413 640 102 21 utskottet
530 641 7 20 i
552 641 33 20 sin
601 640 21 21 af
637 640 26 20 hr
677 640 92 21 Jansson
785 640 64 20 redan
866 639 74 21 äbero-

113 667 54 28 pade
182 668 127 27 motivering
324 671 66 24 säger,
406 670 29 19 att
450 675 26 14 en
493 675 82 21 person,
591 675 44 14 som
653 669 71 26 begätt
739 670 30 19 ett
784 668 60 27 brott,
859 668 82 21 hvilket

114 696 60 21 faller
190 697 68 20 under
273 697 12 26 $
302 697 18 27 1,
336 697 55 27 gjort
406 697 36 20 det
457 697 21 20 af
494 697 179 21 obetänksamhet.
703 697 49 20 Han
769 697 36 20 har
821 697 46 20 icke
883 697 58 20 velat

114 724 66 21 skada
204 725 60 26 riket,
286 726 42 20 han
343 726 38 20 har
396 725 54 21 blott
465 726 34 20 vid
516 726 35 21 det
566 726 119 27 ögonblick,
702 725 26 21 dä
743 725 160 28 publikationen
919 725 23 20 af

114 759 27 15 en
168 753 79 28 ritning
272 754 84 26 skedde,
382 754 46 21 icke
454 754 89 21 kommit
558 756 29 19 att
602 754 91 21 betänka
709 756 30 19 att
755 754 40 21 den
811 754 7 20 i
833 753 108 22 anseende

114 781 32 21 till
161 782 63 26 ryska
243 783 65 20 rikets
323 783 97 20 säkerhet
435 783 54 20 hade
506 783 46 20 bort
567 783 66 20 hällas
648 783 85 26 hemlig.
764 783 49 20 Han
829 783 40 20 kan
887 782 54 21 dock

114 810 47 21 icke
184 811 88 20 förneka
287 813 35 25 att,
337 811 45 21 ifall
398 812 41 20 han
455 814 63 25 egnat
533 811 73 27 frägan
622 814 30 18 ett
667 813 96 18 närmare
779 811 164 27 öfvervägande,

114 839 42 20 han
183 839 54 21 hade
263 840 53 20 varit
330 840 113 21 medveten
459 847 34 13 om
509 842 30 19 att
554 840 75 21 sädant
644 839 177 28 hemlighällande
837 839 46 21 bort
898 839 43 20 ske.

114 867 42 21 Det
181 867 101 22 behöfver
304 868 89 21 sålunda
416 869 7 20 i
445 869 75 27 själfva
545 869 72 20 värket
632 869 47 21 icke
695 869 102 27 föreligga
813 868 69 27 någon
897 869 46 19 mot

116 896 64 20 rikets
195 897 97 21 säkerhet
307 897 67 21 riktad
392 897 96 27 brottslig
503 898 67 20 afsikt.
601 897 77 21 Likaså
693 897 70 21 träffar
777 898 23 26 ju
816 896 126 28 paragrafen

116 924 62 21 äfven
194 925 78 21 sådana
288 926 42 26 fall,
346 926 38 20 där
399 926 63 27 ingen
478 926 66 21 skada
559 926 60 21 skett.
644 926 50 20 Med
709 926 82 26 hänsyn
808 925 69 21 därtill
888 925 55 20 hade

116 953 36 21 det
174 953 80 22 kanske
273 954 53 21 varit
347 956 73 19 rättast
435 956 30 20 att
480 954 76 21 föreslå
572 961 26 14 en
615 961 70 14 annan
701 954 96 26 straffart,
813 954 23 20 så
851 956 30 18 att
895 954 48 20 icke

117 982 138 28 ovilkorligen
276 983 150 21 tukthusstraff
438 983 54 21 hade
508 983 47 21 bort
569 983 52 27 följa
636 983 26 27 på
678 983 83 25 brottet,
777 983 39 20 och
831 982 27 20 då
873 982 71 20 skulle

117 1010 41 21 den
183 1011 21 20 af
228 1011 24 20 hr
277 1012 101 26 Nybergh
400 1014 44 18 mot
459 1012 124 27 paragrafen
599 1012 81 20 riktade
696 1011 168 27 anmärkningen
879 1010 64 21 äfven

117 1039 63 20 hafva
204 1039 92 22 förfallit.
325 1040 49 21 Men
403 1040 112 21 utskottets
540 1040 91 21 sträfvan
657 1042 30 18 att
702 1040 47 20 med
766 1040 82 26 hänsyn
863 1039 31 21 till
911 1045 33 14 sa-

117 1067 53 21 kens
186 1067 144 22 beskaffenhet
344 1069 46 21 icke
406 1069 78 21 föreslå
499 1069 66 20 andra
580 1069 115 26 ändringar
709 1070 26 18 än
753 1068 32 26 de,
801 1074 46 15 som
862 1068 82 20 utskot-

118 1098 30 18 tet
168 1096 65 27 ansåg
254 1104 50 14 vara
319 1097 172 27 oundgängligen
506 1098 134 26 nödvändiga
663 1097 32 20 för
710 1099 30 19 att
755 1097 46 21 icke
816 1096 129 21 hårresande

118 1124 198 22 missförhållanden
341 1126 91 20 emellan
457 1126 56 21 brott
538 1126 37 20 och
601 1126 60 20 straff
683 1126 69 20 skulle
767 1126 73 20 kunna
855 1124 89 27 inträffa,

118 1153 75 27 gjorde
218 1155 30 19 att
272 1154 102 21 utskottet
400 1154 29 21 lät
455 1154 168 21 tukthusstraffet
639 1154 84 20 kvarstå
739 1154 68 20 såsom
823 1153 122 27 ovilkorligt

120 1182 37 20 och
185 1182 75 21 endast
281 1183 123 21 inskränkte
420 1183 32 27 sig
466 1183 32 21 till
514 1185 30 19 att
559 1185 50 25 göra
624 1182 104 21 förlusten
743 1183 22 20 af
779 1181 166 27 medborgerligt

118 1210 121 22 förtroende
254 1211 103 27 vilkorlig.
380 1211 49 21 Men
446 1212 57 20 detta
518 1218 37 14 var
570 1211 26 21 då
611 1212 63 20 äfven
690 1211 135 27 nödvändigt,
837 1212 21 25 ty
867 1216 79 14 annars

119 1238 69 22 skulle
210 1239 182 27 disproportionen
417 1240 78 21 mellan
511 1240 56 20 brott
582 1240 39 20 och
637 1239 60 21 straff
709 1240 82 20 kunnat
807 1239 64 21 blifva
887 1240 58 19 ännu

119 1267 125 27 orimligare.
274 1268 134 21 Beträffande
432 1268 65 21 första
522 1271 117 18 momentet
661 1268 21 20 af
704 1268 11 26 $&
738 1269 12 19 3
766 1268 36 20 vill
817 1268 35 26 jag
867 1269 78 19 nämna

120 1298 30 18 att
173 1296 35 27 jag
232 1296 34 21 för
283 1297 44 20 min
344 1297 33 21 del
393 1300 69 18 ansett
476 1297 36 21 det
527 1297 43 21 lika
586 1296 131 28 nödvändigt
731 1298 30 19 att
776 1298 51 24 göra
842 1296 104 20 förlusten

120 1324 21 21 af
161 1324 164 28 medborgerligt
339 1326 121 20 förtroende
475 1326 104 26 vilkorlig,
595 1328 22 24 ty
633 1325 38 21 där
685 1325 114 27 föreligger
812 1325 24 27 ju
851 1325 6 20 i
873 1324 74 26 hvarje

119 1353 38 20 fall
182 1360 26 14 en
235 1356 45 18 mot
305 1354 65 20 rikets
385 1354 97 20 säkerhet
497 1354 104 20 förrädisk
617 1354 68 20 afsikt.
717 1352 169 22 Vidkommande
901 1352 48 20 åter

120 1382 12 26 8
155 1382 14 20 4
192 1382 73 26 tyckes
288 1382 35 21 det
340 1382 44 27 mig
399 1388 45 15 som
460 1389 34 14 om
511 1382 37 21 där
564 1389 45 14 mer
623 1384 27 18 än
666 1382 103 26 någonsin
785 1382 80 20 straffet
880 1380 67 27 enligt

119 1410 158 27 propositionen
292 1411 69 21 skulle
376 1410 74 21 kunna
465 1410 66 21 blifva
546 1410 137 28 synnerligen
692 1410 87 27 obilligt.
803 1410 34 20 Hr
844 1409 103 27 Nybergh

120 1438 39 21 har
180 1441 46 24 sagt
241 1441 30 19 att
286 1439 37 21 där
344 1440 8 19 i
374 1439 73 27 hvarje
470 1439 37 21 fall
528 1439 114 27 föreligger
664 1442 30 18 ett
717 1439 57 26 svek,
797 1441 22 24 ty
842 1444 105 21 personen

120 1467 38 21 har
187 1471 63 17 utan
278 1467 142 27 vederbörligt
441 1468 94 20 tillstånd
551 1474 78 20 genom
644 1467 132 27 fördöljande
793 1467 20 21 af
828 1467 36 20 sitt
879 1465 69 27 stånd,

120 1496 36 20 sitt
171 1502 66 14 namn
252 1496 52 20 eller
318 1496 33 20 sin
367 1496 139 27 nationalitet,
521 1496 52 21 eller
588 1498 65 18 annat
668 1496 57 26 svek,
735 1495 108 21 förskaffat
859 1495 32 27 sig
905 1494 43 21 till-

120 1524 59 20 träde
204 1524 32 20 till
262 1524 64 28 något
350 1524 64 26 ryska
432 1524 64 21 rikets
511 1524 156 28 fästningsvärk
683 1524 52 20 eller
750 1524 140 27 örlogshamn,
905 1522 44 21 för-
