1142 1773
378 127 179 21 Borgareståndet
569 128 57 17 1894.
651 129 28 16 28
691 128 48 21 maj.
886 123 55 20 1493

140 206 78 21 mande
234 207 88 27 oriktiga
337 207 128 27 hänvisning
480 207 32 21 till
536 208 4 26 $
564 208 5 20 9
585 214 85 15 momm.
685 209 14 19 4
715 208 40 20 och
771 208 12 20 5
798 210 65 19 rättas
877 208 32 21 till
927 208 12 27 $
955 208 13 21 9

140 242 86 14 momm.
244 236 12 20 5
272 236 39 20 och
327 236 18 20 6.

211 292 12 27 $
240 292 25 20 11
282 294 74 26 antogs
372 292 133 21 oförändrad.

214 348 40 22 Om
270 349 12 27 $
298 349 26 20 12
339 349 83 27 yttrade

213 406 25 20 hr
252 406 142 20 Jusélius:
419 406 11 20 I
446 406 12 26 $
474 406 12 20 6
503 406 21 20 af
540 406 40 21 den
596 406 78 28 nådiga
689 406 158 28 propositionen
863 406 105 22 förekom-

142 440 45 15 mer
210 434 42 21 den
274 434 161 28 bestämningen
459 436 30 19 att
511 436 41 20 rätt
575 435 32 21 till
629 435 130 21 skadestånd
778 435 47 22 icke
840 435 128 22 tillkommer

142 463 55 21 enka
220 463 40 21 och
283 463 57 28 barn,
363 470 45 14 som
431 463 65 21 lefvat
515 463 68 22 skilda
598 464 47 20 från
661 471 94 14 mannen
770 465 39 20 och
824 464 74 21 fadern
914 466 54 19 samt

143 491 21 21 af
187 492 70 21 denne
279 492 47 21 icke
348 491 86 28 åtnjutit
456 492 117 21 underhåll.
610 492 48 21 Den
681 493 56 20 förra
760 493 63 20 delen
845 493 21 20 af
891 493 78 20 nämda

142 520 98 27 paragraf
254 520 61 28 ingår
329 520 70 21 såsom
414 521 64 21 första
493 523 95 19 moment
603 521 7 20 i
625 521 12 27 $
655 521 32 27 12,
703 527 49 15 men
768 521 42 21 den
821 527 74 15 senare
905 521 63 21 delen

142 551 23 18 är
187 549 113 21 utesluten.
330 549 37 21 Uti
389 549 144 21 betänkandet
555 550 37 20 har
613 549 34 28 jag
669 549 48 22 icke
732 550 82 21 kunnat
829 550 58 21 finna
902 549 65 28 några

142 577 65 21 motiv
228 578 34 20 för
276 577 70 22 denna
362 578 137 27 uteslutning,
515 579 40 20 och
570 578 26 21 då
612 579 35 20 det
663 585 63 20 synes
742 579 44 27 mig
801 585 45 14 som
862 585 34 14 om
912 579 55 20 stad-

142 606 78 27 gandet
244 606 54 21 hade
321 607 45 20 haft
388 607 45 20 skäl
455 607 33 20 för
510 607 38 27 sig,
562 607 123 21 hemställer
699 607 36 27 jag
750 614 35 14 om
800 607 120 21 återremiss
935 607 33 20 för

142 635 112 20 införande
270 635 20 20 af
306 635 70 21 denna
391 635 140 27 bestämning.

210 691 33 22 Hr
265 691 118 22 Kurtén:
413 692 61 21 Inom
497 692 103 21 utskottet
622 699 37 14 var
675 692 36 21 det
725 693 60 27 fråga
800 699 34 14 om
851 693 57 20 detta
923 699 44 14 mo-

142 722 58 19 ment
222 721 40 20 och
284 721 102 21 stannade
409 721 103 21 utskottet
534 721 35 20 vid
584 721 92 21 beslutet
699 723 30 19 att
744 721 93 22 utesluta
851 723 117 19 momentet

142 749 21 20 af
178 749 41 20 den
236 749 61 20 orsak
313 751 29 19 att
358 749 110 21 arbetaren
484 749 44 21 ofta
543 756 48 21 nog,
606 750 125 26 isynnerhet
745 750 69 21 under
829 750 54 21 tider
893 749 22 21 af
925 749 42 21 nöd

142 777 39 21 och
197 777 58 28 brist,
270 777 95 28 begifver
380 778 32 27 sig
427 778 105 21 hemifrån
547 778 26 27 på
585 778 174 27 arbetsförtjänst.
784 778 50 21 Han
845 777 123 28 uppehåller

142 806 32 27 sig
196 806 58 21 inom
277 806 72 21 landet
372 807 40 20 och
434 807 90 20 hustrun
540 807 60 20 föder
615 807 32 27 sig
663 807 22 20 så
701 807 51 27 godt
767 807 43 20 hon
825 807 69 21 under
909 806 59 21 tiden

144 834 48 21 kan.
217 834 33 21 Då
266 835 67 21 bättre
348 835 54 21 tider
416 835 84 22 inträffa
516 836 38 20 och
569 835 42 21 han
627 835 148 27 återkommer,
789 835 71 28 börjar
874 835 42 21 han
927 841 42 21 nog

143 863 45 21 åter
210 865 30 19 att
262 863 124 21 underhålla
409 864 75 20 hustru
508 864 39 21 och
569 864 58 21 barn.
657 863 43 22 Det
722 871 50 14 vore
791 864 26 21 då
833 864 82 27 obilligt
929 863 40 21 och

144 892 97 20 orättvist
264 894 34 25 att,
320 892 2 20 i
339 892 99 22 händelse
454 893 42 20 han
512 899 77 21 genom
605 899 26 15 en
647 893 176 27 olyckshändelse
838 892 132 28 bortrycktes

140 920 47 21 från
210 920 66 28 lifvet,
299 921 89 21 hustrun
410 921 47 21 icke
479 921 70 21 skulle
570 921 20 21 få
614 921 122 27 understöd,
755 922 26 20 då
797 922 26 20 de
837 922 47 20 icke
900 921 69 21 blifvit

140 948 93 28 lagligen
252 949 73 27 skilda,
345 952 49 18 utan
410 950 52 20 blott
478 950 52 21 brist
544 950 27 27 på
586 950 71 21 arbete
673 950 73 21 drifvit
760 950 79 21 honom
855 950 26 28 på
896 956 27 14 en
939 949 29 21 tid

140 977 48 21 bort
203 978 54 20 ifrån
272 978 98 21 hemmet.

209 1034 33 22 Hr
264 1035 132 21 Jusölius:
427 1036 41 26 Jag
490 1036 39 20 har
551 1036 46 21 icke
619 1036 83 20 kunnat
724 1036 65 21 förstå
812 1038 30 19 att
861 1042 26 14 en
903 1034 65 22 sådan

143 1063 93 28 tillfällig
260 1064 121 21 skilsmässa
403 1064 37 21 här
462 1064 70 22 skulle
555 1071 50 14 vara
627 1064 80 27 afsedd,
727 1066 51 19 utan
794 1064 80 28 antagit
889 1065 30 20 att
934 1063 36 21 det

140 1092 66 27 gäller
224 1092 79 21 sådana
318 1092 44 27 fall,
376 1092 27 21 då
418 1093 102 21 makarna
535 1093 32 21 för
582 1093 73 27 längre
666 1093 30 21 tid
710 1093 53 21 eller
773 1092 105 22 definitivt
887 1092 80 21 lämnat

140 1120 124 22 hvarandra.
294 1121 42 27 Jag
351 1121 103 22 vidhåller
469 1121 72 21 därför
556 1122 46 20 mitt
617 1122 84 27 förslag.

209 1177 33 21 Hr
256 1177 132 22 Kurtén:
419 1178 41 21 Det
482 1178 111 28 upplystes
615 1179 58 20 inom
697 1178 102 22 utskottet
822 1180 30 19 att
874 1177 36 21 det
925 1177 43 21 ofta

140 1212 42 21 nog
198 1206 53 21 skall
266 1213 50 14 vara
331 1206 59 22 fallet
405 1207 99 21 särskildt
520 1208 47 20 med
583 1207 198 27 sågvärksarbetare
797 1209 30 19 att
837 1206 26 22 de
873 1206 95 27 aflägsna

141 1234 32 28 sig
194 1234 47 21 från
264 1235 92 21 hemmet
378 1235 27 27 på
420 1236 169 27 arbetsförtjenst
604 1236 39 20 och
659 1236 108 21 därunder
781 1236 47 20 icke
843 1234 125 22 underhålla

140 1263 75 21 hustru
231 1264 39 20 och
286 1264 57 20 barn.

210 1320 69 21 Sedan
305 1320 148 22 diskussionen
478 1321 112 21 förklarats
614 1321 97 27 afslutad,
727 1320 134 22 framstäldes
875 1319 94 27 följande

140 1349 270 27 omröstningsproposition
417 1356 3 14 :

211 1405 39 27 De,
266 1406 74 20 hvilka
354 1406 117 27 godkänna
485 1406 114 21 utskottets
613 1406 84 27 förslag
714 1406 35 20 till
765 1406 78 28 lydelse
858 1405 36 28 för
909 1404 15 28 $
941 1404 28 21 12

142 1433 150 28 oförändradt,
308 1436 60 19 rösta
377 1434 41 28 ja;
434 1435 30 26 de,
480 1435 37 20 det
531 1434 44 21 icke
588 1437 61 25 göra,
665 1436 60 19 rösta
739 1434 50 28 nej;

209 1462 81 21 vinner
311 1463 43 27 nej,
370 1463 42 21 har
427 1463 178 28 borgareståndet
619 1463 89 21 beslutit
723 1462 160 22 återremittera
895 1468 72 21 para-

138 1490 80 28 grafen
234 1491 36 21 till
284 1492 102 20 utskottet
400 1491 10 21 i
424 1492 35 20 det
472 1492 59 27 syfte
548 1492 27 20 hr
589 1491 98 21 Jusélius
699 1491 104 28 påyrkat.
