1142 1773
348 123 179 21 Borgareståndet
540 124 57 16 1894.
622 123 26 17 30
662 123 59 21 april.
878 118 41 20 887

189 203 33 21 Hr
232 189 2 2 |
244 202 190 22 Dahlström:
458 202 40 21 För
522 202 69 21 sävidt
606 203 35 27 jag
657 202 42 21 kan
715 202 70 21 erinra
800 202 44 27 mig
859 202 93 21 behand-

122 230 71 28 lingen
218 232 21 20 af
261 231 69 21 denna
352 231 59 27 fråga
434 232 6 19 i
460 231 108 26 utskottet,
585 234 91 24 utspann
694 231 32 27 sig
742 231 72 21 därom
829 231 65 27 ingen
911 231 40 19 dis-

122 259 92 21 kussion.
244 260 42 27 Jag
301 260 72 27 gjorde
389 260 53 20 blott
457 260 47 20 mitt
520 260 101 26 yrkande,
638 266 50 14 men
703 259 42 21 fick
760 260 53 20 intet
831 259 120 21 understöd.

190 317 32 20 Hr
244 316 142 22 Castrén:
408 317 63 20 Tosin
488 323 26 15 en
530 318 63 19 aivan
610 317 100 20 varmasti
725 317 78 21 muista
818 316 73 21 minkä
906 322 45 14 ver-

121 352 37 14 ran
182 347 56 19 tässä
260 346 77 20 asiasta
359 346 164 20 valiokunnassa
545 346 154 26 keskusteltiin,
722 352 55 14 vaan
799 351 38 15 sen
853 344 99 21 varmasti

122 374 98 26 muistan,
244 376 43 18 että
310 374 70 21 kaikki
397 376 60 19 muut
472 372 146 23 valiokunnan
634 374 83 27 jäsenet
731 374 101 27 puistivat
847 374 104 26 päätänsä,

122 402 44 21 kun
182 403 37 20 hra
235 402 121 21 Dahlström
372 403 157 21 ehdotuksensa
544 402 48 22 teki.

190 459 33 22 Hr
253 459 228 28 Schybergson:
503 460 33 21 Hr
565 459 132 22 Dahlströms
723 462 47 19 näst
787 460 50 20 sista
853 459 99 27 yttrande

122 489 112 26 bestyrker
258 489 44 26 mig
317 491 115 24 yttermera
446 489 8 20 i
469 489 57 20 mina
543 489 170 26 betänkligheter
728 495 33 14 om
778 488 175 27 genomförandet

122 517 22 21 af
158 517 53 21 hans
226 517 85 27 förslag,
327 517 25 20 dä
368 524 49 14 man
434 517 68 21 skulle
518 517 67 21 blifva
601 519 95 25 tvungen
713 519 29 18 att
757 517 76 27 frängä
845 517 35 20 det
890 516 63 21 enkla

122 546 180 25 kontrollsystem,
326 553 45 13 som
393 546 8 20 i
424 546 70 21 denna
514 546 203 27 beskattningsform
733 548 23 18 är
771 545 48 21 dess
835 545 51 21 allra
901 547 52 18 star-

122 574 60 21 kaste
197 574 51 21 sida.
279 574 49 20 Men
345 575 54 20 hvad
415 581 45 14 som
477 575 6 20 i
499 575 41 20 alla
556 575 38 20 fall
609 575 93 26 framgär
717 574 129 27 fullkomligt
861 574 54 20 klart
931 575 22 18 är

124 605 35 19 att,
182 609 34 14 om
232 609 49 14 man
303 603 36 20 vill
355 605 77 25 antaga
448 603 11 27 $
476 604 12 19 3
504 603 66 20 sädan
587 603 25 20 hr
627 603 120 20 Dahlström
765 603 88 20 föreslär
869 603 46 25 den,
931 602 23 21 sä

124 631 66 21 mäste
213 638 48 13 man
284 631 32 21 för
336 632 112 20 införande
470 632 21 20 af
510 632 40 21 den
567 632 22 20 af
603 632 79 20 honom
698 631 120 27 föreslagna
833 631 118 20 kontrollen

124 660 84 27 vidtaga
226 660 148 27 förändringar
389 661 61 20 äfven
466 661 7 19 i
489 660 66 21 andra
572 660 121 27 paragrafer
707 660 40 21 och
762 660 86 27 tillägga
864 659 89 21 bestäm-

124 689 78 26 ningen
225 695 33 14 om
283 689 54 20 huru
361 689 117 20 kontrollen
503 689 7 20 i
534 689 101 20 afseende
659 689 12 20 ä
694 689 25 20 de
736 689 21 20 af
771 689 78 20 honom
865 688 88 21 berörda

124 717 118 26 dryckerna
257 717 54 20 skall
326 717 98 21 särskildt
439 717 110 21 anordnas.

192 774 33 20 Hr
248 773 189 22 Dahlström:
460 774 41 21 För
526 775 44 20 min
587 774 33 21 del
637 774 40 21 kan
694 775 36 26 jag
745 774 46 21 icke
806 774 47 20 inse
869 773 85 21 hvarför

125 802 35 21 det
176 803 69 20 skulle
262 803 65 20 blifva
342 809 25 14 en
384 803 158 27 nödvändighet
557 805 30 18 att
601 803 99 20 förändra
711 805 102 24 systemet
824 802 129 21 beträffande

124 831 120 21 kontrollen
266 831 59 21 öfver
340 831 148 21 användandet
503 832 21 20 af
540 832 51 20 malt
607 831 34 20 vid
658 831 156 27 bryggerierna,
830 831 6 20 i
852 831 100 20 händelse

124 866 49 13 man
196 860 70 20 skulle
288 860 78 27 bevilja
392 860 132 21 skattefrihet
538 861 33 20 för
587 867 60 20 svag-
663 860 39 20 och
717 859 164 21 iskällardricka.
912 859 41 27 Jag

124 888 38 20 har
176 889 23 26 ju
215 889 142 27 uttryckligen
375 889 85 21 betonat
475 891 30 18 att
520 889 119 21 kontrollen
655 889 39 20 bör
709 889 98 20 förblifva
823 888 129 26 densamma,

124 923 49 14 men
199 917 32 20 för
251 919 30 19 att
296 918 98 20 särskildt
408 918 122 20 konstatera
545 920 30 18 att
590 918 58 20 detta
663 917 46 27 slag
724 918 21 20 af
760 917 90 27 drycker
864 917 33 20 för
912 916 41 21 till-

124 945 59 21 fället
203 946 35 20 vid
254 946 64 27 något
332 946 100 27 bryggeri
447 946 114 26 tillvärkas,
577 946 68 20 skulle
661 946 149 26 öltillvärkare,
826 946 69 20 därest
911 945 40 20 han

124 974 36 20 vill
184 974 97 27 begagna
304 975 32 26 sig
354 975 21 20 af
390 974 109 21 förmänen
516 975 21 20 af
552 975 138 26 skattefrihet,
705 974 51 21 böra
771 974 88 21 bekosta
875 980 25 14 en
917 973 36 21 ed-

125 1008 84 20 svuren,
236 1003 22 20 af
273 1005 132 25 guvernören
423 1003 51 21 eller
489 1010 70 14 annan
575 1003 126 27 myndighet
716 1003 98 27 godkänd
830 1002 122 21 kontrollör.

124 1031 38 20 Att
185 1032 57 20 detta
265 1032 26 26 pä
306 1032 64 26 nägot
385 1034 41 18 sätt
440 1032 69 20 skulle
525 1032 87 20 invärka
628 1032 26 26 pä
669 1034 102 24 systemet
786 1032 32 20 för
833 1030 119 21 kontrollen

125 1059 57 21 inser
201 1060 35 26 jag
256 1060 48 20 rakt
324 1060 52 21 icke.
406 1060 33 21 Hr
454 1060 147 27 Schybergson
625 1060 74 27 påstod
716 1063 35 23 att,
766 1060 7 20 i
789 1059 100 21 händelse
905 1059 47 21 mitt

125 1088 77 26 förslag
225 1088 69 21 skulle
316 1089 128 27 godkännas,
480 1091 20 19 det
516 1096 50 14 vore
582 1089 131 27 nödvändigt
727 1091 30 18 att
779 1088 7 20 i
801 1088 151 26 förordningen

125 1116 67 21 införa
208 1117 148 27 stipulationer
372 1117 128 21 beträffande
516 1118 70 20 denna
601 1117 98 21 kontroll.
730 1117 62 21 Detta
808 1119 23 18 är
841 1116 53 21 dock
905 1116 47 20 icke

125 1145 64 27 fallet,
212 1147 23 25 ty
250 1146 7 19 i
273 1146 11 25 $
302 1146 26 20 15
344 1146 95 27 angifves
455 1146 141 27 uttryckligen
612 1146 27 27 pä
654 1146 62 20 hvem
733 1145 36 21 det
784 1145 124 21 ankommer
923 1146 30 19 att

125 1176 49 24 göra
190 1174 150 28 stipulationen
358 1174 128 21 beträffande
502 1174 179 21 maltkontrollen.
711 1174 44 21 Där
771 1174 59 20 heter
845 1174 35 20 det
893 1175 59 19 näm-

124 1202 66 26 ligen:
216 1203 29 20 »Å
271 1205 99 19 senatens
393 1203 258 27 ekonomiedepartement
670 1203 124 20 ankommer
809 1204 30 19 att
854 1202 98 20 meddela

126 1230 25 21 de
174 1232 96 20 närmare
294 1232 135 25 föreskrifter,
450 1238 46 14 som
518 1232 6 20 i
540 1232 100 20 afseende
656 1231 12 21 å
684 1231 155 27 bevillningens
855 1230 96 28 uppbörd

125 1260 38 20 och
180 1259 124 27 debitering,
320 1260 118 21 kontrollen
454 1260 59 20 öfver
528 1260 165 27 tillvärkningen
704 1260 21 20 af
737 1259 142 27 maltdrycker
897 1260 54 20 samt

125 1288 32 20 för
172 1288 134 27 tillämpning
322 1289 21 20 af
358 1289 69 20 denna
442 1288 125 28 förordning
582 1289 7 19 i
605 1288 63 27 öfrigt
683 1288 96 21 befinnas
794 1287 157 27 erforderliga».

125 1316 74 21 Under
224 1316 78 21 sådana
327 1317 145 21 förhållanden
498 1319 23 18 är
546 1317 35 21 det
602 1317 23 27 ju
651 1317 54 21 klart
727 1319 30 18 att
772 1317 35 20 det
822 1316 129 21 tillkommer

125 1347 86 18 senaten
228 1345 52 21 eller
296 1346 40 20 den
348 1346 124 26 myndighet
484 1346 61 20 Hans
556 1345 97 27 Majestät
666 1345 92 27 behagar
770 1345 69 21 därtill
851 1344 100 21 förordna

125 1375 29 19 att
180 1373 71 21 lämna
276 1374 130 20 föreskrifter
430 1374 129 20 beträffande
582 1374 119 20 kontrollen
725 1374 63 20 också
809 1374 7 20 i
831 1372 120 22 förenämdt

125 1402 105 20 afseende.

193 1458 69 21 Sedan
284 1458 147 21 diskussionen
447 1459 87 21 härmed
550 1459 111 20 förklarats
677 1458 97 27 afslutad,
789 1458 122 21 framstälde
927 1458 25 20 hr

125 1486 122 22 talmannen
279 1487 31 21 till
339 1487 93 21 ständets
458 1488 130 20 besvarande
614 1487 158 21 nedanstående
799 1486 152 27 omröstnings-

125 1516 138 26 proposition:
