1142 1773
225 128 41 21 898
436 135 178 21 Borgareständet
627 137 58 17 1894.
709 137 13 16 2
735 137 47 20 maj.

264 213 77 22 Likasä
363 215 123 26 godkändes
502 215 113 21 utskottets
631 215 206 27 resolutionsförslag
853 222 34 14 om
903 215 74 27 anslag
992 216 33 20 för

196 242 111 22 aflönande
323 243 21 21 af
359 243 67 21 lärare
442 244 39 20 och
496 244 118 20 lärarinnor
629 244 35 20 vid
680 244 145 21 folkskolorna
839 244 27 27 pä
881 244 77 21 landet.

263 305 40 21 Till
328 306 114 27 afgörande
467 309 90 25 upptogs
582 307 50 20 härä
657 307 112 21 utskottets
788 306 208 27 resolutionsförslag
1011 307 12 20 å

196 334 84 20 sidorna
297 335 11 19 7
325 335 39 20 och
380 336 13 19 8
408 335 110 27 angående
534 335 91 28 ändring
640 336 21 20 af
677 336 12 26 &
701 336 40 20 134
751 336 6 20 i
765 335 258 27 folkskoleförordningen

195 362 41 21 den
260 363 25 20 11
308 364 41 26 maj
367 364 55 20 1866
438 364 39 20 och
492 364 61 20 häraf
567 364 109 27 päkalladt
691 364 74 28 anslag
780 364 32 20 till
828 364 195 27 löneförhöjningar

194 391 22 21 ät
239 391 161 22 folkskollärare
422 393 38 20 och
490 392 119 21 lärarinnor
633 393 26 27 pä
678 392 83 27 landet;
777 395 54 19 samt
846 393 7 20 i
869 392 153 27 sammanhang

194 420 94 27 härmed,
303 420 83 27 jämlikt
402 421 94 21 ständets
511 421 41 21 den
569 422 26 20 13
606 421 97 21 sistlidna
713 428 57 14 mars
778 421 72 21 därom
859 421 79 21 fattade
947 420 76 28 beslut,

262 483 108 21 allmänna
393 484 198 21 besvärsutskottets
613 485 135 20 betänkande
769 491 35 14 n:o
820 485 13 20 8
848 485 7 20 i
871 485 115 26 anledning
1002 484 21 20 af

194 513 30 19 ett
246 512 6 20 i
273 511 24 22 R.
320 519 16 14 o.
353 513 25 20 A.
394 513 118 21 inlämnadt
527 513 209 27 petitionsmemorial
753 520 34 14 om
803 513 90 27 höjande
909 513 21 21 af
945 513 78 20 nämde

194 539 78 22 lärares
288 541 39 20 och
343 541 129 21 lärarinnors
487 541 162 21 löneförmäner.

262 603 67 22 Ordet
344 603 102 28 begärdes
459 604 72 21 härvid
548 605 21 20 af

262 667 24 20 hr
301 667 187 28 Appelberg,
503 674 45 15 som
564 667 93 28 yttrade:
688 667 33 21 Dä
736 667 74 27 frägan
826 674 33 14 om
876 667 145 22 förbättrande

192 695 21 21 af
235 695 199 22 folkskollärarenes
456 697 39 20 och
519 697 157 20 lärarinnornas
705 696 119 21 lönevilkor
839 699 69 18 senast
924 703 37 14 var
976 697 45 20 före

191 724 7 20 i
224 724 58 21 detta
304 724 68 27 stånd,
394 725 110 21 förordade
527 725 35 28 jag
585 731 26 15 en
635 725 65 20 sådan
716 725 6 20 i
739 725 94 27 enlighet
849 725 48 20 med
913 725 107 20 allmänna

191 752 199 22 besvärsutskottets
414 754 137 27 betänkande,
567 753 89 21 sålunda
672 753 106 28 nämligen
795 755 29 19 att
840 753 41 21 den
896 754 124 20 nuvarande

191 787 25 14 ur
232 781 122 21 statsmedel
369 782 105 27 utgäende
490 782 134 27 grundlönen
640 782 53 21 efter
708 782 43 21 fem
766 782 33 21 ärs
815 782 64 27 tjänst
894 782 69 21 skulle
978 782 42 21 för-

191 809 51 21 ökas
264 810 49 21 med
330 811 26 20 10
367 811 33 26 ?/,,
416 811 54 20 efter
484 811 28 20 tio
529 811 23 20 är
566 811 49 20 med
631 811 27 20 20
669 812 28 25 */,
713 811 38 20 och
769 811 53 20 efter
836 811 80 20 femton
933 810 23 21 är
970 811 48 20 med

191 839 27 20 20
232 839 32 26 9/,.
295 838 125 22 Emellertid
445 839 131 21 förkastades
602 839 57 21 detta
687 839 134 21 betänkande
846 839 21 20 af
891 839 35 21 två
951 839 69 26 stånd,

190 867 108 27 nämligen
321 867 21 21 af
364 867 24 21 R.
404 875 18 13 o.
437 869 26 19 A.
479 868 39 21 och
533 867 155 22 bondeståndet
703 868 38 21 och
759 868 56 21 detta
831 867 46 21 icke
893 867 125 28 vilkorligen

191 898 50 18 utan
258 896 144 28 ovilkorligen.
425 896 75 28 Någon
516 896 111 28 hållpunkt
642 897 33 20 för
690 903 26 14 en
733 896 107 21 blifvande
856 896 163 27 sammanjämk-

189 924 52 27 ning
250 924 111 22 lämnades
374 926 26 26 ej.
428 925 74 21 Under
508 925 61 21 dessa
579 925 147 21 förhållanden
739 925 54 21 hade
807 925 34 21 det
849 925 66 27 enligt
923 925 47 21 mitt
977 925 42 21 för-

189 953 106 21 menande
317 954 53 20 varit
392 956 55 18 mest
468 954 86 21 korrekt
568 956 30 18 att
614 954 101 20 utskottet
730 954 47 20 icke
793 954 68 20 skulle
877 954 63 20 hafva
955 954 65 20 fram-

189 981 45 27 lagt
248 981 71 27 något,
336 982 22 21 så
374 984 30 19 att
418 984 57 25 säga,
490 982 303 28 sammanjämkningsförslag,
803 984 51 19 utan
865 984 69 18 ansett
944 982 74 27 frågan

188 1010 100 20 förfallen
312 1010 33 21 för
370 1011 70 21 denna
467 1011 106 27 landtdag.
602 1010 150 28 Egendomligt
776 1010 68 21 skulle
860 1010 35 21 det
912 1017 54 20 vara,
984 1017 35 13 om

190 1037 56 22 detta
262 1039 166 21 statsutskottets
443 1040 79 26 förslag
537 1039 68 21 skulle
621 1040 48 20 leda
685 1040 31 20 till
731 1039 94 24 resultat,
841 1039 26 21 dä
883 1039 26 20 de
925 1039 51 26 skäl,
992 1039 27 27 pä

188 1066 72 21 hvilka
284 1067 41 21 den
344 1068 87 20 afsedda
445 1068 198 27 löneförhöjningen
659 1068 22 20 af
696 1070 78 19 tvänne
790 1068 61 20 ständ
867 1068 84 26 afslogs,
967 1074 50 14 voro

188 1096 22 19 af
232 1101 86 15 snarare
339 1096 111 27 principiel
472 1098 26 19 än
514 1096 124 21 ekonomisk
654 1098 67 19 natur.
751 1096 64 21 Detta
831 1096 60 20 ständ
908 1098 23 18 är
947 1098 71 18 natur-

188 1124 71 27 ligtvis
275 1124 147 22 oförhindradt
438 1127 30 19 att
482 1125 52 21 fatta
550 1125 74 21 sädant
641 1125 74 27 beslut,
731 1131 45 15 som
793 1125 35 21 det
843 1131 62 14 anser
915 1124 102 27 lämpligt,

187 1158 51 15 men
260 1152 70 22 finner
352 1154 36 26 jag
408 1156 30 18 att
456 1154 36 20 det
507 1154 53 20 varit
575 1160 57 14 mera
648 1153 123 27 formenligt
786 1154 39 20 och
841 1159 58 15 mera
914 1153 103 26 hänsyns-

188 1180 48 21 fullt
258 1183 45 19 mot
326 1181 25 21 de
374 1182 36 20 tvä
432 1182 68 27 ständ,
523 1188 45 14 som
591 1182 84 27 afslagit
697 1182 70 20 denna
790 1182 177 26 löneförhöjning,
983 1188 34 14 om

188 1210 155 20 statsutskottet
358 1210 69 21 skulle
442 1210 44 21 haft
502 1210 41 21 den
559 1210 134 28 uppfattning
708 1212 30 19 att
753 1210 23 20 R.
793 1217 17 14 o.
826 1211 25 19 A.
868 1212 54 18 samt
937 1210 80 20 bonde-

187 1237 95 21 ständets
305 1238 113 27 afböjande
441 1240 21 20 af
480 1239 107 21 allmänna
605 1239 200 21 besvärsutskottets
821 1238 134 21 betänkande
969 1238 49 21 icke

187 1266 66 21 tilläte
270 1268 30 19 ett
314 1267 100 27 förnyadt
430 1268 133 26 upptagande
579 1268 21 20 af
615 1268 121 26 petitionen.
762 1267 41 27 Jag
819 1267 65 21 afstär
899 1266 117 22 emellertid

186 1294 47 21 från
249 1296 31 20 att
294 1297 51 25 göra
360 1295 66 28 något
440 1296 95 26 yrkande
551 1296 7 20 i
573 1296 79 27 frågan,
668 1298 52 18 utan
735 1296 38 20 har
789 1296 74 20 endast
879 1295 56 21 velat
950 1295 67 21 uttala

188 1323 56 21 detta
260 1323 71 21 säsom
347 1330 26 14 en
389 1324 78 21 allmän
483 1324 146 28 anmärkning.

254 1386 34 20 Hr
302 1386 184 22 Dahlström:
516 1386 34 22 Dä
572 1387 35 21 det
623 1387 20 20 af
658 1387 25 20 hr
698 1387 122 27 Appelberg
836 1386 113 21 omnämda
965 1386 53 27 peti-

186 1414 191 22 tionsmemorialet
398 1422 35 14 om
448 1416 120 26 förhöjning
584 1416 21 20 af
619 1415 200 21 folkskollärarenes
835 1415 38 21 och
889 1415 128 20 lärarinnor-

186 1449 39 14 nas
240 1442 28 28 pä
282 1443 74 21 landet
370 1444 158 21 löneförmäner
542 1446 71 18 senast
632 1444 143 20 behandlades
790 1444 7 20 i
813 1444 57 20 detta
885 1443 68 27 ständ,
961 1445 56 19 utta-

184 1470 49 22 lade
255 1472 42 26 jag,
320 1472 69 20 ehuru
411 1473 48 20 med
483 1479 26 14 en
528 1472 41 21 viss
585 1472 84 27 tvekan,
683 1474 30 19 ett
727 1472 72 21 förord
814 1472 33 20 för
861 1471 156 28 godkännande

187 1500 21 20 af
224 1500 41 20 den
281 1500 63 28 kläm,
359 1501 33 21 till
407 1501 86 21 hvilken
509 1500 158 22 vederbörande
678 1501 81 21 utskott
769 1501 94 26 kommit,
873 1500 65 20 likväl
949 1500 69 20 under

186 1528 153 28 förutsättning
354 1531 30 19 att
395 1529 218 28 bevillningsfondens
626 1529 117 28 tillgängar,
753 1529 106 21 hvarifrän
872 1528 71 22 härtill
953 1528 65 21 erfor-
