1142 1773
218 130 55 20 1204
419 135 179 21 Borgareståndet
615 136 57 16 1894.
697 136 21 16 17
731 136 47 20 maj.

189 216 26 28 på
230 216 69 28 grund
316 216 20 21 af
352 216 65 27 några
431 216 85 27 intryck
531 216 46 20 från
593 216 44 20 min
654 216 104 21 barndom
777 219 50 17 utan
838 216 7 20 i
857 216 111 20 kilometer
979 214 38 20 och

190 245 114 21 vidblifver
318 247 30 19 att
363 246 21 20 af
399 245 43 27 mig
458 245 88 21 anförda
562 245 28 20 tal
607 245 133 27 någorlunda
755 244 56 21 hålla
822 245 74 20 sträck.
918 244 32 20 Hr
962 242 56 22 Neo-

190 274 46 20 vius
258 274 98 20 framhöll
379 274 72 20 vidare
467 276 30 18 att
512 274 36 20 det
563 276 23 18 är
603 274 43 26 just
661 273 58 20 invid
735 273 134 27 Tjärholmen
885 273 38 21 och
939 272 5 20 i
961 272 57 26 Tjär-

190 302 153 27 holmssundet,
358 309 45 14 som
419 302 212 27 landningsbryggan
646 302 69 20 finnes
733 302 32 20 för
780 302 135 26 ångbåtarna.
945 300 73 21 Allde-

190 330 31 22 les
241 331 117 21 detsamma
379 331 38 21 har
436 332 35 26 jag
492 333 52 25 sagt,
568 331 53 20 blott
643 330 48 21 med
708 330 35 21 det
758 330 74 27 tillägg
847 332 30 19 att
891 330 38 20 här
944 329 75 21 endast

190 360 73 20 kunna
279 360 75 26 anlöpa
370 360 45 20 små
431 360 64 22 båtar,
510 366 39 14 sex
565 359 31 21 till
605 360 33 26 sju
647 359 31 21 fot
687 359 139 27 djupgående.
856 358 73 27 Aldrig
938 354 32 37 har
983 358 36 26 jag

190 388 67 20 häller
280 388 76 27 pästätt
378 390 30 19 att
426 388 48 20 icke
488 388 27 27 på
531 388 66 27 några
612 388 122 20 kilometers
749 387 84 21 afstånd
849 387 45 21 från
910 386 108 22 Fredriks-

190 417 64 20 hamn
276 417 68 21 skulle
367 416 69 21 finnas
459 418 29 19 ett
503 416 106 28 ypperligt
624 416 157 26 hamnområde,
798 416 37 20 där
850 416 114 20 monitorer
979 415 39 20 och

191 445 65 21 andra
271 445 129 28 krigsfartyg
414 446 74 20 kunna
504 446 64 20 vinna
583 445 69 27 skydd
668 445 33 20 för
716 445 85 20 vinden.
830 445 97 20 Tvärtom
944 444 75 21 betvif-

192 474 32 20 lar
238 474 35 27 jag
296 475 56 20 detta
368 475 31 20 als
414 475 52 20 icke.
497 474 41 27 Jag
553 475 37 19 har
606 474 75 20 endast
696 476 46 25 sagt
757 476 30 18 att
802 474 73 20 staden
892 473 37 20 har
944 475 75 25 ytterst

191 505 57 18 stora
270 503 130 27 svårigheter
422 503 32 20 för
476 505 29 19 att
528 503 60 20 ställa
611 503 33 26 sig
664 503 7 19 i
687 503 68 20 direkt
771 502 183 21 kommunikation
970 501 47 20 med

192 531 56 21 detta
269 531 151 21 hamnområde
442 532 39 20 och
502 534 30 18 att
552 531 61 21 dessa
629 531 61 20 svåra
705 531 210 20 hamnförhållanden
932 529 87 21 framför

192 560 29 21 alt
244 560 50 21 böra
316 561 124 26 upphjälpas
460 561 65 19 innan
548 560 74 20 staden
644 560 39 20 kan
700 559 126 28 pretendera
841 561 30 19 att
885 559 21 20 få
922 565 25 14 en
962 559 57 26 järn-

192 591 44 24 väg.
260 589 62 20 Hvad
338 589 32 20 för
386 589 63 26 öfrigt
465 589 97 20 beträffar
573 589 40 20 den
625 588 67 26 trafik,
703 595 45 14 som
760 589 68 20 banan
843 589 37 19 har
891 589 30 19 att
933 589 85 24 emotse,

192 619 36 18 äro
244 617 34 20 väl
294 617 40 21 alla
350 618 97 26 kalkyler
462 624 45 14 mer
525 617 52 21 eller
592 617 83 20 mindre
691 617 172 27 approximativa.
893 617 42 26 Jag
949 615 70 22 tviflar

190 646 51 21 icke
264 646 26 27 pä
310 648 30 19 att
362 646 180 21 kommerserädet
557 646 100 26 Ahlgvist
672 645 66 21 lofvat
753 645 66 21 anlita
835 645 184 21 Fredrikshamns-

192 675 68 20 banan
285 675 21 20 sä
329 675 86 26 mycket
435 681 45 14 som
504 675 87 26 möjligt,
613 681 48 14 men
685 674 33 20 väl
736 674 132 27 ifrägasätter
881 674 36 27 jag
933 675 29 18 att
977 673 42 20 han

192 703 97 20 kommer
314 706 30 18 att
364 705 50 26 göra
437 704 40 26 det,
494 710 34 14 om
551 703 35 20 det
607 705 23 18 är
651 703 97 20 förenadt
769 703 48 20 med
837 703 115 26 pekuniära
968 708 52 20 upp-

193 731 105 28 offringar.

261 800 33 20 Hr
315 800 146 21 Neovius:
492 800 41 27 Jag
553 800 41 20 kan
616 800 46 20 icke
685 799 112 21 underläta
819 801 30 18 att
871 801 107 24 gentemot
996 799 25 20 hr

194 828 79 21 Genetz
296 831 78 18 nämna
395 831 30 18 att
448 829 25 20 de
496 829 75 26 fartyg,
593 835 46 14 som
658 835 29 14 nu
703 828 62 20 landa
781 828 5 20 i
804 828 40 20 den
861 827 159 28 ifrågavarande

193 857 99 25 hamnen,
303 859 35 19 äro
355 864 57 14 mera
428 859 26 19 än
470 858 33 26 sju
519 857 31 20 fot
566 857 139 27 djupgäende.
727 856 44 21 Där
787 857 75 26 anlöpa
877 856 56 21 Sven
944 855 77 28 Dufva,

194 885 132 28 Björneborg
347 887 39 20 och
410 886 61 21 Oulu.
501 886 41 27 Jag
563 886 84 20 minnes
669 885 46 21 icke
739 885 48 21 med
804 885 102 27 säkerhet,
922 891 48 14 men
985 885 36 27 jag

193 916 44 19 tror
259 917 30 18 att
312 915 25 20 de
357 915 41 21 alla
414 917 35 18 äro
465 921 58 14 mera
538 916 26 19 än
581 916 32 25 sju
630 914 31 21 fot
676 914 139 27 djupgående.
846 914 49 20 Med
911 913 56 21 Oulu
984 914 38 20 har

194 943 36 20 det
252 943 54 21 dock
330 944 53 20 varit
406 944 58 20 fallet
480 945 29 19 att
525 943 41 21 den
583 943 113 21 emellanåt
712 943 45 20 icke
774 943 81 20 kunnat
871 942 75 27 anlöpa
963 942 58 20 bron.

194 971 50 21 Men
266 978 34 14 om
322 972 24 20 hr
366 972 79 21 Genetz
460 972 40 20 läst
515 971 237 27 petitionsmemorialet,
768 971 65 21 borde
849 971 41 20 han
906 970 63 21 hafva
985 970 36 20 ob-

194 1003 94 17 serverat
310 1003 30 18 att
356 1000 35 21 det
406 1001 78 26 förslag
499 1000 33 20 för
552 1000 145 27 upprensning
712 1000 21 20 af
748 1000 98 26 hamnen,
862 999 79 21 hvilket
956 999 66 20 redan

194 1030 23 19 är
232 1029 113 27 uppgjordt
361 1030 39 20 och
416 1029 68 21 afsedt
499 1031 29 19 att
543 1029 86 26 utföras,
638 1028 46 21 icke
697 1028 53 21 efter
767 1028 254 27 järnvägsanläggningen

194 1059 52 19 utan
266 1058 44 20 före
326 1058 129 25 densamma,
470 1058 38 26 gär
523 1058 24 20 ut
561 1057 26 27 pä
603 1059 29 19 att
647 1057 98 27 fördjupa
761 1056 99 22 bassinen
876 1056 58 20 invid
950 1056 72 20 molon

194 1086 36 20 vid
246 1086 57 20 detta
318 1086 55 20 sund
389 1086 31 20 till
436 1088 30 19 ett
481 1086 51 27 djup
548 1086 21 20 af
583 1086 47 26 fyra
647 1086 38 20 och
701 1092 25 14 en
739 1086 44 20 half
795 1088 72 24 meter,
878 1085 79 21 hvilket
969 1084 54 21 dock

194 1116 23 18 är
232 1120 59 15 mera
306 1117 27 18 än
349 1115 33 27 sju
398 1115 35 21 fot.
463 1114 50 21 Alla
528 1114 26 21 de
569 1114 180 27 förutsättningar,
765 1120 47 14 som
827 1114 25 20 hr
867 1114 79 20 Genetz
962 1114 61 26 gjort,

194 1144 36 19 äro
246 1143 90 21 sälunda
351 1144 109 26 uppfylda.
482 1143 78 21 Staden
576 1143 96 21 kommer
687 1144 30 19 att
733 1149 104 21 upprensa
853 1142 32 20 sin
898 1142 71 26 hamn,
981 1142 42 20 den

194 1171 32 21 fär
240 1172 60 20 invid
316 1172 76 27 själfva
406 1172 100 20 stranden
523 1178 27 14 en
566 1172 77 26 bassin,
659 1178 44 14 som
720 1171 41 21 blir
776 1171 47 27 fyra
838 1171 39 21 och
888 1177 26 15 en
925 1170 44 21 half
979 1176 44 15 me-

194 1201 33 19 ter
242 1200 58 27 djup,
316 1200 39 21 och
371 1200 43 21 lika
430 1200 50 27 djup
500 1200 40 20 blir
555 1200 47 21 hela
619 1200 41 20 den
676 1200 73 26 farled,
765 1206 45 14 som
826 1200 96 20 kommer
937 1200 30 20 att
981 1199 42 21 för-

195 1234 39 14 ena
255 1228 71 21 denna
342 1229 70 20 bassin
428 1229 48 20 med
492 1229 41 20 den
550 1231 54 24 yttre
621 1229 97 20 hamnen.
748 1228 109 27 Förslaget
872 1230 23 18 är
910 1228 113 26 uppgjordt

195 1256 21 21 af
240 1257 98 27 ingeniör
362 1257 107 27 Lindberg
492 1258 38 20 och
555 1257 96 21 baseradt
673 1257 27 27 pä
719 1257 165 27 undersökning.
915 1256 108 20 Arbetena

195 1285 85 21 komma
296 1286 63 20 äfven
375 1288 30 18 att
422 1286 82 27 vidtaga
520 1286 48 20 med
585 1286 35 20 det
635 1286 52 20 allra
703 1286 71 20 första.

264 1348 33 20 Hr
313 1348 125 27 Genetz,
453 1355 45 14 som
515 1348 87 20 anhällit
618 1355 35 14 om
669 1348 64 27 ordet,
750 1348 68 21 afstod
838 1348 98 20 därifrän.

265 1411 70 21 Sedan
359 1412 147 20 diskussionen
530 1411 50 21 härä
602 1411 112 21 förklarats
736 1411 99 26 afslutad,
858 1410 123 22 framstälde
999 1410 26 20 hr

195 1439 123 21 talmannen
335 1440 32 20 till
382 1440 52 21 först
450 1446 25 14 en
492 1440 116 26 sälydande
625 1440 282 27 omröstningsproposition
900 1435 10 37 :

266 1502 38 26 De,
316 1502 75 21 hvilka
399 1502 72 22 säsom
482 1502 215 27 kontraproposition
707 1504 47 19 mot
763 1502 113 21 utskottets
883 1501 142 21 resolutions-

196 1530 84 28 förslag
304 1531 134 27 beträffande
458 1530 244 28 petitionsmemorialet
724 1538 37 14 n:o
783 1532 28 20 15
829 1530 56 28 vilja
900 1532 83 25 antaga
998 1530 27 20 hr
