1142 1773
218 134 40 20 900
425 140 178 21 Borgarestandet
617 141 57 16 1894.
699 141 13 16 2
724 140 47 20 maj.

258 219 32 21 Hr
311 220 126 21 Lindén:
469 220 30 22 På
521 220 60 21 sidan
599 221 10 20 7
628 220 77 21 uttalar
727 220 154 20 statsutskottet
899 219 68 21 såsom
984 218 33 21 sin

189 248 55 21 åsikt
266 250 30 20 att
315 249 98 21 behofvet
435 249 33 21 för
486 249 159 21 folkskollärare
662 249 39 21 och
716 248 118 21 lärarinnor
849 248 21 20 af
885 254 25 14 en
927 247 90 21 löneför-

188 277 90 27 höjning
292 277 68 21 skulle
376 284 50 14 vara
441 278 135 27 tillgodosedt
591 278 127 20 åtminstone
731 277 114 26 tilsvidare,
856 276 45 21 ifall
919 279 30 18 ett
959 276 58 20 löne-

189 306 89 20 tillskott
298 306 22 21 af
342 306 26 20 10
384 306 27 27 ?/,
433 306 69 21 skulle
524 306 119 28 medgifvas
666 306 48 21 dem
739 306 61 20 hvart
814 306 64 20 femte
894 305 27 21 är.
953 304 64 20 Stats-

189 334 103 21 utskottet
313 336 61 26 säger
396 335 115 27 nämligen:
544 334 48 22 »Ett
614 335 58 20 inom
695 334 101 21 utskottet
818 334 62 21 väckt
894 333 79 26 förslag
988 335 30 18 att

188 363 122 21 härutöfver
325 366 69 24 stegra
409 364 197 26 löneförhöjningen
623 364 38 20 har
676 363 101 21 utskottet
793 363 18 27 ej
828 362 81 21 kunnat
925 361 92 26 omfatta,

189 393 51 19 enär
256 392 34 20 det
304 392 212 21 förhandenvarande
531 392 101 21 behofvet
647 392 65 20 redan
731 398 76 21 genom
823 392 38 20 här
876 391 62 21 ofvan
954 390 63 20 fram-

188 420 68 21 stälda
271 420 79 28 förslag
365 421 58 21 torde
438 421 66 21 blifva
519 420 156 28 tillgodosedt».
699 420 42 28 Jag
757 420 48 21 ville
816 420 37 20 här
866 420 74 20 endast
952 418 66 22 uttala

190 450 30 20 att
240 449 36 28 jag
297 449 47 21 icke
366 449 41 21 kan
430 450 58 27 hylla
511 450 70 21 denna
604 449 60 27 äsikt,
680 451 50 19 utan
745 455 62 14 anser
821 449 36 27 jag
872 450 30 19 att
917 448 36 21 det
967 454 50 14 vore

190 477 53 22 bäde
267 478 33 21 väl
323 478 100 27 behöfligt
438 479 38 20 och
493 478 92 27 önskligt
601 480 30 19 att
646 477 286 28 folkskollärarepersonalen
948 476 69 21 skulle

189 506 80 21 erhälla
290 507 40 20 den
353 507 176 27 löneförhöjning,
552 513 45 14 som
619 506 107 21 allmänna
749 505 210 22 besvärsutskottet
948 501 13 38 i
982 505 36 20 sitt

188 535 134 21 betänkande
345 542 33 14 n:o
402 536 12 20 8
436 536 7 20 i
466 536 116 26 anledning
605 535 21 21 af
648 535 51 21 etti
714 535 24 20 R.
754 542 17 13 o.
788 535 25 20 A.
828 535 118 20 inlämnadt
965 533 52 28 peti-

188 564 168 21 tionsmemorial
378 571 35 14 om
435 564 91 27 höjande
549 565 22 20 af
593 564 68 21 lärare
677 564 39 20 och
732 563 127 21 lärarinnors
875 563 35 20 vid
925 562 92 21 folksko-

188 592 61 21 lorna
271 592 156 21 löneförmäner
449 593 113 26 föreslagit.
592 592 34 21 Då
648 592 64 21 likväl
735 592 57 21 detta
815 591 133 22 betänkande
970 591 47 21 icke

189 621 77 21 vunnit
281 621 161 27 ständerbeslut,
458 622 123 27 därigenom
597 623 30 19 att
641 621 36 21 två
692 621 61 20 stånd
768 622 86 19 motsatt
869 621 32 26 sig
916 622 101 25 antagan-

189 649 36 21 det
247 649 21 21 af
290 650 121 27 detsamma,
426 650 24 21 så
465 651 37 20 ber
516 651 36 26 jag
567 652 30 19 att
612 649 21 21 få
648 650 73 21 förena
737 649 43 27 mig
795 649 48 21 med
860 649 156 21 reservationen

188 685 35 14 n:o
246 679 18 26 1,
285 685 44 14 som
334 674 15 36 i
368 679 42 20 alla
424 679 38 20 fall
477 679 92 21 tilldelar
583 678 286 27 folkskollärarepersonalen
885 678 40 21 den
942 679 75 19 största

188 713 15 42 =
226 702 48 57 liga
297 707 176 28 löneförhöjning,
496 714 45 15 som
564 707 32 21 för
619 707 92 21 tillfället
733 707 59 20 torde
815 707 72 20 kunna
910 706 107 21 komma
999 702 22 37 i

198 742 54 21 råga.

257 792 33 21 Hr
312 793 164 20 Borenius:
506 793 42 27 Jag
570 793 92 27 begärde
686 793 60 20 ordet
768 793 33 20 för
821 794 30 19 att
871 794 55 25 yttra
947 792 43 27 mig
1010 792 7 20 i

188 827 82 14 samma
284 821 94 28 riktning
394 828 45 14 som
455 822 36 20 hrr
506 821 75 21 Idman
598 821 38 21 och
653 821 87 21 Lindén.
766 821 68 21 Också
849 821 36 27 jag
900 827 37 14 var
952 821 64 20 bland

189 849 55 27 dem,
267 856 45 14 som
335 850 79 26 yrkade
436 850 27 27 på
478 852 29 19 att
533 850 173 27 borgareståndet
728 849 69 21 skulle
819 852 76 25 antaga
911 849 106 21 allmänna

189 878 199 22 besvärsutskottets
403 879 63 21 kläm.
491 879 33 21 Då
540 879 117 21 emellertid
673 879 156 20 reservationen
846 885 34 14 n:o
897 879 11 20 1
920 880 97 19 närmare

188 907 96 21 ansluter
299 907 32 27 sig
346 907 32 21 till
393 908 70 20 denna
478 908 56 20 kläm
556 910 26 18 än
599 908 165 20 statsutskottets
779 907 114 27 uttalande,
909 909 59 25 tager
982 907 36 27 jag

187 936 45 26 mig
254 935 90 21 friheten
366 936 78 21 föreslå
467 939 29 18 att
518 936 84 21 ståndet
625 936 49 20 ville
689 939 76 24 antaga
781 936 156 20 reservationen
954 942 34 14 n:o
1005 936 11 20 I

188 964 88 20 framför
292 964 112 21 utskottets
419 965 83 27 förslag.
532 964 42 22 Det
590 964 82 28 belopp,
688 964 100 21 hvarmed
804 964 213 27 folkskolebudgeten

187 992 124 26 härigenom
332 992 70 22 blefve
418 993 60 25 ökad,
494 995 22 19 är
530 994 24 26 ju
569 993 55 21 dock
638 993 153 27 jämförelsevis
806 993 66 27 ringa,
887 999 49 15 men
952 992 65 21 saken

188 1021 96 21 däremot
306 1023 76 25 ytterst
404 1022 179 27 behjärtansvärd.
613 1021 33 21 Då
669 1028 25 14 ur
716 1021 143 21 betänkandet
880 1021 93 27 framgår
988 1023 29 19 att

187 1050 64 20 äfven
273 1050 35 27 jag
331 1050 67 20 delvis
418 1050 119 21 öfvervarat
560 1050 112 21 utskottets
695 1050 129 26 behandling
846 1050 21 20 af
883 1050 34 21 det
933 1049 84 27 förelig-

188 1078 70 27 gande
282 1078 92 27 ärendet,
396 1078 37 22 ber
454 1079 36 27 jag
512 1079 21 21 få
554 1079 84 21 anmäla
653 1081 30 19 att
698 1079 23 21 så
736 1079 47 21 icke
799 1078 53 22 varit
866 1078 59 22 fallet
941 1078 76 21 beträf-

187 1106 65 21 fande
276 1107 40 21 den
341 1113 30 14 nu
393 1107 161 27 ifrågavarande
577 1107 61 21 delen
663 1107 59 21 däraf
744 1108 38 20 och
805 1109 30 19 att
855 1108 36 26 jag
905 1107 27 27 på
947 1107 70 21 denna

188 1135 70 27 grund
282 1135 46 21 icke
351 1136 67 20 häller
439 1136 154 21 undertecknat
615 1136 164 26 reservationen,
801 1136 86 21 oaktadt
905 1136 41 27 jag,
961 1135 56 21 hvad

189 1164 48 20 dess
253 1164 55 26 syfte
324 1164 138 27 vidkommer,
478 1164 129 28 fullkomligt
622 1164 95 21 ansluter
731 1164 44 28 mig
790 1164 32 21 till
837 1164 129 21 densamma.

256 1220 33 21 Hr
304 1221 137 21 Burman:
472 1221 32 21 Då
520 1221 174 27 borgareständet
709 1222 38 20 har
762 1221 139 21 öfverlämnat
917 1221 21 21 ät
955 1223 62 19 stats-

187 1249 103 21 utskottet
313 1251 29 19 att
363 1250 65 20 uttala
448 1250 32 27 sig
494 1250 7 20 i
517 1250 57 20 detta
589 1250 78 20 ärende
683 1250 39 20 och
738 1250 57 20 detta
810 1250 108 21 uttalande
935 1256 28 14 nu
979 1250 38 20 har

186 1277 74 27 ingätt,
283 1280 50 18 utan
357 1280 29 18 att
409 1278 64 27 nägot
492 1279 102 26 viktigare
610 1278 72 27 inlägg
697 1280 44 19 mot
757 1278 116 21 detsamma
889 1278 65 26 enligt
969 1278 48 20 mitt

186 1306 139 21 förmenande
347 1306 121 28 förefinnes,
490 1307 23 21 sä
534 1307 37 21 ber
589 1308 36 26 jag
646 1309 30 19 att
691 1307 21 20 få
727 1307 84 21 ansluta
825 1307 44 27 mig
884 1307 31 21 till
931 1308 85 19 statsut-

186 1334 90 21 skottets
291 1334 83 28 förslag.

255 1391 34 21 Hr
303 1391 115 28 Elving:
448 1392 11 20 I
481 1394 87 19 motsats
591 1392 32 21 till
646 1392 39 21 den
705 1395 84 18 senaste
804 1392 63 21 ärade
883 1392 80 21 talaren
979 1392 38 21 ber

185 1420 36 26 jag
243 1420 33 20 för
298 1420 44 20 min
366 1420 34 21 del
423 1420 21 21 fä
467 1420 129 22 understöda
611 1421 158 21 reservationen
785 1428 34 14 n:o
836 1422 17 20 1.
883 1420 42 22 Det
940 1421 39 20 har
993 1421 22 26 ju

186 1449 54 20 varit
262 1448 114 21 alvarsamt
398 1449 59 27 fräga
479 1456 33 14 om
536 1451 30 19 att
583 1449 146 21 lärarinnorna
744 1450 69 20 skulle
829 1456 62 14 anses
906 1449 110 27 pensions-

186 1477 92 27 mässiga
293 1477 53 21 efter
362 1478 26 20 25
404 1477 34 21 ärs
454 1478 68 26 tjänst.
552 1477 42 21 Det
609 1478 107 21 förefaller
731 1478 44 27 mig
789 1478 54 21 dock
859 1478 64 27 nägot
933 1477 83 21 sentida

185 1507 31 19 att
230 1506 54 25 yrka
299 1506 27 26 pä
341 1512 26 14 en
383 1506 175 27 löneförhöjning,
573 1512 46 15 som
635 1506 69 21 skulle
719 1506 83 21 inträffa
813 1506 34 21 vid
859 1506 40 21 den
911 1506 104 27 tidpunkt,

185 1533 27 21 dä
228 1534 26 20 de
270 1534 66 27 enligt
352 1534 69 21 denna
437 1534 134 28 uppfattning
587 1534 69 22 blefve
672 1535 192 27 pensionsmässiga
875 1535 38 21 och
925 1534 90 21 sälunda
