1142 1773
222 121 55 20 1404
410 128 178 18 Borgareståndet
601 129 56 16 1894.
682 129 25 16 25
720 129 46 20 maj.

191 206 77 28 bevilja
290 207 61 21 dessa
374 208 72 27 anslag
468 211 131 23 gemensamt
621 208 49 21 med
693 214 27 15 en
736 208 147 27 sammanlagd
898 215 83 15 summa
996 208 22 20 af

192 236 88 26 105,000
296 236 65 20 mark.
392 236 26 21 Sä
433 237 62 21 hafva
510 237 113 21 ständerna
639 238 81 20 förfarit
735 237 39 21 och
790 238 65 26 ingen
870 237 39 21 har
925 239 46 25 sagt
986 238 30 19 att

190 264 58 21 detta
270 271 38 14 var
329 264 80 28 illojalt.
438 265 68 21 Fallet
528 268 23 18 är
571 266 87 20 alldeles
674 266 85 27 analogt
774 266 50 20 med
840 266 35 21 det
890 272 29 14 nu
935 266 82 21 föreva-

190 293 72 27 rande,
277 293 53 21 blott
345 296 30 18 att
389 300 48 14 man
454 294 6 20 i
476 294 36 20 det
526 294 56 21 förra
597 294 59 21 fallet
671 294 105 21 måhända
792 295 39 20 har
846 296 65 20 större
927 294 45 22 skäl
987 296 31 19 att

190 322 42 20 tala
247 328 34 14 om
298 322 103 27 illojalitet
416 324 26 19 än
459 329 35 14 nu.

259 378 33 21 Hr
306 379 218 27 Neppenström:
554 380 41 27 Jag
618 380 37 20 ber
675 380 76 21 endast
772 383 30 18 att
817 380 20 21 få
854 380 101 21 anmärka
971 383 43 18 mot

190 408 36 20 det
240 408 22 20 af
276 408 26 20 hr
316 408 77 27 Elving
415 409 37 20 här
473 409 141 21 framkastade
637 409 107 27 exemplet
769 411 31 19 att
815 409 36 21 det
866 409 87 21 alldeles
967 409 48 21 icke

190 442 72 21 passar
276 436 21 21 in
314 436 7 21 i
336 437 138 22 förevarande
489 437 63 27 fråga.
570 438 55 20 Vore
643 438 36 21 det
693 438 52 21 först
760 438 40 21 och
811 438 74 21 främst
895 438 119 27 ständerna,

190 471 44 14 som
251 465 72 21 härvid
340 466 68 21 skulle
430 467 63 20 hafva
508 467 36 20 det
565 467 50 20 sista
631 467 64 26 ordet,
714 467 23 20 så
753 469 44 18 tror
811 467 35 26 jag
861 467 110 25 bestämdt,
993 467 21 27 ja

189 494 36 27 jag
236 495 22 19 är
269 494 61 21 säker
340 494 69 28 därpå,
418 497 29 19 att
458 495 36 21 det
504 495 145 27 föreliggande
660 495 99 27 förslaget
770 495 148 28 accepterades
929 495 20 21 af
959 495 54 21 dem.

190 522 48 21 Men
256 523 26 20 då
298 523 35 20 det
354 523 69 21 finnes
438 530 26 14 en
488 530 70 14 annan
573 524 64 26 makt,
660 530 44 14 som
721 524 62 21 äfven
801 524 38 21 har
854 524 115 27 någonting
984 526 30 19 att

190 553 55 24 säga,
261 551 23 21 så
300 551 82 22 befarar
396 553 40 26 jag,
452 552 69 21 såsom
536 553 35 26 jag
586 553 65 20 redan
668 555 63 19 nämt,
752 555 30 18 att
797 553 104 21 hvardera
915 553 99 27 frågorna

190 579 85 21 komma
298 583 30 18 att
342 581 88 23 förfalla,
452 587 33 14 om
503 581 25 20 de
551 581 108 20 inkomma
675 581 31 21 till
722 581 66 21 första
803 581 138 21 statsmakten
956 582 7 19 i
979 581 34 20 det

190 608 65 27 skick,
271 615 45 14 som
333 616 29 13 nu
378 609 91 21 föreslås.
500 609 40 21 Det
556 612 23 18 är
594 610 71 21 därför
679 617 46 14 som
739 611 37 26 jag
791 610 47 21 icke
854 610 41 21 kan
911 612 55 19 rösta
981 609 32 21 för

190 637 56 20 detta
262 637 84 28 förslag,
368 645 48 14 men
432 638 38 28 går
492 639 95 20 däremot
607 639 85 26 mycket
707 641 65 25 gärna
788 639 22 20 in
825 639 27 27 på
867 641 30 18 att
912 641 55 18 rösta
982 639 34 20 för

190 666 103 21 hvardera
308 666 100 27 banorna,
423 673 34 15 om
473 667 26 21 de
515 667 72 27 skiljas
603 667 26 21 åt.
659 667 30 27 Ty
705 667 48 21 med
769 674 31 14 nu
816 667 143 28 föreliggande
972 667 41 20 för-

190 694 45 27 slag
250 695 91 20 riskerar
355 702 55 20 man,
426 696 66 27 enligt
512 696 45 20 min
571 696 140 27 uppfattning,
732 696 104 21 hvardera
851 696 105 21 banornas
971 695 42 24 fall,

190 723 25 20 då
232 729 48 14 man
296 724 7 19 i
319 726 85 19 motsatt
425 725 37 20 fall
478 725 66 26 enligt
567 725 46 20 mitt
629 725 138 20 förmenande
788 725 47 20 icke
851 725 68 20 skulle
934 724 81 21 riskera

190 751 71 22 vidare
277 754 26 19 än
319 753 99 26 möjligen
435 753 41 21 den
492 759 40 15 ena
547 753 81 20 banans
643 753 142 21 förkastande.

258 809 33 20 Hr
306 806 111 25 Öhman:
442 810 75 21 Ehuru
532 811 35 26 jag
583 810 66 21 måste
665 811 107 26 medgifva
789 813 30 18 att
833 810 181 27 järnvägsutskot-

189 839 29 19 tet
234 837 35 21 vid
286 839 144 26 uppgörandet
451 839 21 20 af
486 839 56 20 detta
562 839 297 27 sammanjämkningsförslag
875 839 44 20 haft
933 839 81 27 ganska

189 868 55 18 stora
261 867 129 27 svårigheter
411 869 29 19 att
462 868 129 26 öfvervinna,
614 868 41 20 kan
677 868 36 27 jag
727 867 66 21 likväl
809 868 46 21 icke
870 867 144 21 tillbakahålla

189 895 41 20 den
243 895 81 21 åsikten
340 898 30 18 att
386 896 101 21 utskottet
501 897 6 19 i
524 896 63 28 något
603 897 63 27 högre
682 896 48 21 mån
746 898 26 19 än
790 903 45 14 som
847 897 112 20 erfordrats
972 896 42 21 till-

189 923 97 27 godosett
308 924 26 21 de
357 924 82 27 åsikter,
462 925 70 21 hvilka
556 926 54 26 gjort
632 926 32 25 sig
686 925 98 27 gällande
807 926 56 20 inom
880 927 77 25 präste-
973 925 40 20 och

190 952 166 21 bondeständen.
385 953 41 21 För
441 956 30 18 att
486 954 83 20 komma
586 954 77 20 därhän
681 954 37 20 har
733 954 103 20 utskottet
851 954 62 20 äfven
924 954 90 26 nödgats

189 980 91 27 åberopa
296 988 25 14 en
338 982 68 26 grund
422 982 32 20 för
469 982 239 27 sammanjämkningen,
724 982 87 21 hvilken
826 983 35 26 jag
877 982 32 21 för
923 982 44 20 min
978 982 35 20 del

188 1009 46 21 icke
251 1009 41 21 kan
308 1010 116 27 godkänna.
453 1010 106 22 Utskottet
575 1011 60 20 anför
650 1011 106 27 nämligen
773 1011 69 20 såsom
859 1011 68 27 grund
943 1010 71 21 därför

188 1037 26 27 på
230 1038 45 20 sida
291 1039 21 19 4:
337 1041 29 18 att
386 1041 78 25 präste-
480 1040 38 20 och
542 1040 170 20 bondeståndens
736 1040 70 20 beslut
822 1046 34 14 om
873 1040 70 20 denna
957 1040 58 26 järn-

188 1068 50 25 vägs
254 1066 138 22 fortsättande
407 1067 31 21 till
459 1068 95 20 Suolabti
576 1068 188 20 öfverensstämma
781 1068 48 20 med
845 1068 112 20 utskottets
971 1068 42 20 för-

187 1094 51 26 slag,
254 1098 54 18 samt
323 1096 6 20 i
345 1096 93 26 följande
454 1096 82 26 stycke:
559 1098 29 19 att
601 1098 78 25 präste-
695 1097 39 20 och
751 1096 171 21 bondeståndens
937 1096 76 26 beslut,

187 1125 30 19 att
233 1130 29 14 nu
285 1124 161 26 ifrågavarande
470 1125 53 21 bana
547 1125 64 21 borde
635 1126 79 26 byggas
731 1125 159 27 normalspårig,
906 1125 107 20 öfverens-

187 1154 90 18 stämma
293 1153 47 20 med
357 1153 111 21 utskottets
484 1154 39 20 och
540 1154 76 26 nådiga
626 1154 169 27 propositionens
806 1154 83 26 förslag.
906 1153 107 21 Utskottet

187 1180 123 21 framhåller
325 1181 89 21 sålunda
429 1184 78 18 tvänne
522 1182 103 20 särskilda
640 1182 79 27 gånger
738 1183 33 19 sin
788 1182 55 20 åsikt
858 1182 68 20 såsom
943 1182 68 26 grund

186 1208 33 20 för
234 1210 240 28 sammanjämkningen.
504 1212 61 19 Detta
584 1217 63 14 anser
667 1212 36 26 jag
724 1211 47 20 icke
787 1217 50 14 vara
852 1211 6 20 i
875 1210 31 21 sin
923 1210 91 27 ordning

187 1238 39 20 och
242 1238 38 20 har
303 1238 71 21 därför
395 1241 51 18 trott
468 1239 42 26 mig
534 1246 27 13 nu
587 1239 49 21 böra
651 1239 116 21 framställa
783 1239 141 27 anmärkning
939 1239 73 20 därom

187 1266 47 20 med
251 1266 82 27 hänsyn
356 1267 32 20 till
404 1270 29 18 att
448 1268 26 24 vi,
498 1274 32 14 om
554 1268 35 26 jag
612 1268 23 20 så
650 1268 31 20 får
696 1270 55 24 säga,
768 1274 29 14 nu
813 1268 56 20 lefva
885 1268 6 20 i
907 1274 105 14 samman-

185 1294 173 28 jämkningarnas
380 1296 105 20 tidehvarf
507 1296 38 20 och
569 1296 35 21 det
627 1296 41 21 kan
691 1303 49 14 vara
755 1296 46 21 fara
818 1296 59 20 värdt
892 1298 35 23 att,
943 1296 70 20 därest

186 1328 26 15 en
228 1323 66 21 sådan
311 1324 70 26 grund
397 1324 32 20 för
444 1325 206 27 sammanjämkning
669 1325 32 20 får
717 1331 86 21 passera
818 1324 115 26 oanmärkt,
949 1324 62 21 äfven

186 1351 66 21 andra
276 1352 79 21 utskott
378 1353 70 21 kunde
471 1353 84 21 komma
578 1355 29 19 att
623 1353 60 21 stöda
697 1354 32 26 sig
744 1353 27 27 på
787 1353 111 21 enahanda
913 1352 98 27 grunder.

185 1379 11 21 I
211 1380 76 26 själfva
303 1381 147 21 hufvudsaken
467 1381 34 21 vill
518 1382 40 26 jag,
574 1382 86 20 oaktadt
674 1382 36 26 jag
725 1388 63 14 anser
804 1384 29 19 att
849 1382 101 20 utskottet
965 1381 49 21 icke

185 1408 49 20 stält
250 1408 80 27 kyrkan
354 1410 53 20 midt
422 1410 6 20 i
445 1409 49 27 byn,
516 1410 59 26 dock,
598 1410 33 20 för
645 1413 30 18 att
697 1410 102 27 möjligen
815 1410 145 20 åstadkomma
975 1416 36 14 en-

185 1436 61 21 dräkt
257 1437 7 20 i
275 1438 71 26 saken,
357 1440 55 19 rösta
423 1438 33 21 för
465 1439 330 27 sammanjämkningsförslagets
805 1438 126 28 antagande,
943 1438 69 20 öfver-

184 1465 65 26 tygad
266 1472 45 14 som
325 1466 36 27 jag
376 1469 24 18 är
414 1469 35 24 att,
469 1467 2 20 i
486 1467 100 21 händelse
599 1467 69 21 denna
679 1467 208 27 sammanjämkning
898 1467 21 20 af
933 1468 79 26 präste-

184 1494 39 20 och
248 1494 159 22 bondestånden
431 1495 148 27 tillbakavisas,
603 1496 35 20 det
660 1496 47 20 icke
729 1498 24 18 är
778 1495 173 27 borgareståndet
972 1495 39 21 och

183 1521 24 21 R.
224 1528 18 14 o.
258 1523 32 26 A,
313 1530 45 14 som
382 1524 62 20 hafva
467 1524 148 20 åstadkommit
637 1524 36 21 det
688 1524 87 27 möjliga
791 1524 109 21 resultatet
921 1526 30 18 att
964 1523 50 21 icke
