1142 1773
230 136 55 20 1012
434 143 179 21 Borgareständet
631 143 58 17 1894.
713 143 12 17 9
739 143 47 21 maj.

200 221 100 27 görande,
322 222 71 20 hvilka
416 222 136 27 olägenheter
574 222 72 21 frukta
669 222 26 21 de
718 224 30 19 att
767 222 59 21 skola
841 222 84 20 inträffa
941 222 32 20 för
989 221 40 21 den

200 250 102 21 händelse
317 252 30 19 att
362 250 113 21 ständerna
491 250 83 21 besluta
589 252 30 20 att
635 251 70 21 denna
729 250 110 22 skrifvelse
855 250 54 21 skall
925 249 104 28 offentlig-

200 279 76 27 göras?
300 278 40 22 För
355 280 44 20 min
415 279 34 21 del
464 279 42 21 kan
522 280 34 26 jag
571 279 47 21 icke
633 280 47 20 inse
696 282 30 18 att
742 279 65 28 några
823 279 137 27 olägenheter
970 278 59 21 däraf

199 307 69 21 skulle
284 307 88 21 inträffa.
401 308 41 27 Jag
464 308 42 20 kan
528 308 47 21 icke
599 308 58 21 finna
682 310 30 19 att
735 308 36 21 det
786 314 50 14 vore
852 308 45 20 skäl
913 310 36 25 att,
964 307 66 21 sedan

200 336 58 21 detta
273 336 109 27 aktstycke
405 336 90 21 kommit
517 336 32 21 till
569 336 27 21 H.
613 336 40 22 M:s
669 336 128 27 kännedom,
813 336 130 21 undanhålla
958 336 73 21 landet

200 364 122 22 detsamma.
353 364 41 22 Det
410 365 118 21 innehåller
542 366 24 26 ju
581 366 54 20 intet
657 368 65 18 annat
737 367 27 19 än
780 364 125 22 ständernas
921 364 108 22 uttalande

199 395 31 19 att
245 393 21 20 vi
282 395 35 19 äro
334 394 136 27 öfvertygade
486 400 34 14 om
536 396 31 18 att
581 394 27 20 H.
624 394 27 20 M.
668 394 69 21 såsom
760 394 73 27 lagens
853 394 74 27 högsta
944 394 85 20 väktare

200 421 65 21 äfven
280 422 54 20 skall
350 422 53 21 vaka
418 422 60 22 öfver
492 422 91 28 hälgden
600 422 21 21 af
637 422 50 21 våra
702 422 135 28 grundlagar,
848 424 55 19 samt
918 422 67 21 tillika
1001 424 29 19 ett

199 450 109 21 uttalande
331 451 21 21 af
366 451 124 21 ständernas
514 451 138 22 oinskränkta
675 451 122 22 förtroende
816 450 32 22 till
863 450 84 22 landets
962 457 67 14 nuva-

199 479 66 21 rande
280 480 95 21 monark.
404 480 42 27 Jag
461 480 41 21 kan
519 480 46 21 icke
580 480 59 21 finna
655 482 30 19 att
700 479 199 28 offentliggörandet
915 480 21 20 af
951 481 29 20 ett
995 479 32 20 så-

198 507 52 22 dant
266 508 108 27 aktstycke
390 509 7 20 i
412 509 64 27 något
491 509 100 21 afseende
607 509 69 21 skulle
687 509 66 20 skada
764 509 81 25 landet;
859 510 89 19 tvärtom
961 507 66 22 måste

199 536 36 21 det
250 543 73 21 gagna.
353 537 41 28 Jag
408 538 64 26 yrkar
487 537 53 21 altså
555 537 26 28 på
597 537 48 21 dess
661 537 195 28 offentliggörande.

265 599 34 21 Hr
312 599 143 22 Jusélius:
486 597 70 24 Äfven
571 601 36 26 jag
623 601 38 20 ber
675 603 30 18 att
720 600 21 21 få
757 601 6 20 i
779 600 42 21 allo
837 600 72 21 förena
922 600 44 27 mig
977 599 47 21 med

196 628 27 21 de
239 628 77 25 herrar,
332 628 72 21 hvilka
426 629 62 26 yrkat
502 629 27 27 på
552 629 131 21 omedelbart
698 629 138 21 fortsättande
852 629 48 20 med
917 628 109 27 trycknin-

196 663 41 21 gen
254 657 21 20 af
290 657 94 21 ståndets
396 657 110 28 protokoll.

265 719 33 22 Hr
313 720 147 22 Stenroth:
486 721 42 27 Jag
543 721 49 21 ville
604 721 75 21 endast
689 721 139 28 komplettera
841 721 47 20 mitt
898 720 127 28 föregående

195 749 99 26 yttrande
317 755 77 21 genom
413 752 29 19 att
456 750 86 27 inlägga
557 756 25 14 en
599 757 92 20 gensaga
707 752 44 19 mot
766 752 30 19 att
811 750 38 20 här
864 749 94 28 återigen
973 749 7 20 i
996 749 29 20 af-

195 779 43 25 ton,
261 777 69 21 såsom
350 778 62 21 äfven
428 779 62 27 förut,
506 779 36 20 har
558 778 71 21 såsom
644 779 46 20 stöd
706 779 33 20 för
754 779 41 20 den
810 778 73 27 åtgärd
899 784 49 15 man
963 777 62 28 påyr-

194 806 37 21 kat
252 805 134 28 framdragits
410 807 133 21 valmännen.
573 807 42 27 Jag
637 807 43 20 kan
702 807 33 21 för
749 807 45 20 min
811 807 34 20 del
860 807 47 20 icke
921 806 59 21 finna
995 808 30 19 att

195 834 21 21 vi
231 835 63 20 hafva
309 835 71 28 någon
395 836 56 27 slags
467 838 40 19 rätt
522 838 30 19 att
566 836 67 21 vältra
648 835 55 21 ifrån
719 842 34 14 oss
769 837 98 19 ansvaret
885 835 33 21 för
933 835 54 20 hvad
1004 835 20 20 vi

194 865 52 25 göra
268 863 27 27 på
310 863 50 21 våra
375 865 89 20 valmän.
494 864 42 21 Det
551 866 23 19 är
589 865 20 20 vi
625 871 46 14 som
687 864 50 21 bära
753 865 100 20 ansvaret
867 864 32 20 för
915 863 25 21 de
956 863 68 27 åtgär-

194 892 44 26 der,
261 898 46 15 som
330 893 20 20 vi
370 895 56 25 göra,
450 894 39 20 och
504 894 20 19 vi
541 893 72 21 kunna
629 893 46 21 icke
691 893 95 21 försvara
801 893 48 21 dem
865 892 50 21 med
930 894 29 19 att
975 892 50 21 våra

194 920 85 21 valmän
296 921 66 21 önska
377 922 23 20 så
415 922 51 21 eller
482 924 29 18 att
526 922 50 20 våra
592 922 83 20 valmän
692 922 51 27 eljes
759 921 70 21 skulle
844 921 21 21 få
881 927 25 15 en
916 921 46 21 skef
971 927 53 21 upp-

193 949 93 27 fattning
300 950 22 20 af
336 950 50 21 våra
402 950 135 27 åtgöranden.
560 950 41 28 Jag
617 950 36 20 vill
668 950 33 21 för
716 950 64 27 öfrigt
795 950 91 27 tillägga,
897 950 68 20 såsom
977 956 48 14 svar

193 977 27 27 på
235 978 55 20 hvad
305 978 26 20 hr
346 978 52 22 Lille
414 979 74 27 anfört,
504 981 30 19 att
550 979 35 21 det
599 979 23 27 ju
637 981 24 19 är
675 979 58 21 svårt
747 981 30 19 att
797 979 1 20 i
815 978 70 21 denna
900 978 37 21 sak
951 978 73 20 anföra

193 1006 66 27 några
274 1006 64 28 fakta,
354 1007 35 21 det
402 1007 61 21 beror
475 1007 26 28 på
512 1008 90 20 enhvars
613 1008 120 26 subjektiva
743 1007 137 28 uppfattning
892 1007 21 21 af
923 1006 99 27 sakläget.

262 1074 33 22 Hr
317 1075 149 27 Federley:
496 1076 42 27 Jag
560 1075 65 28 vågar
647 1076 66 22 uttala
736 1076 42 20 den
801 1075 169 27 förhoppningen
993 1076 30 20 att

192 1102 59 21 inom
272 1104 58 20 detta
345 1104 61 20 stånd
422 1104 46 21 icke
483 1104 69 21 finnes
567 1110 28 15 en
610 1104 55 22 enda
680 1104 99 25 medlem,
795 1110 46 14 som
856 1104 46 20 icke
918 1103 105 27 själfstän-

192 1131 45 27 digt
252 1132 65 27 vågar
332 1132 32 21 stå
378 1133 33 20 för
426 1133 55 21 hvad
497 1133 41 21 han
553 1133 38 21 här
605 1132 8 21 i
628 1133 83 21 ståndet
725 1133 40 21 har
778 1134 66 25 yttrat
859 1132 40 21 och
913 1132 56 27 gjort
984 1132 39 21 och

192 1166 46 14 som
261 1160 69 22 skulle
353 1161 51 27 vilja
420 1161 108 28 därvidlag
544 1161 70 28 skjuta
628 1162 89 20 framför
731 1162 33 26 sig
779 1161 46 21 sina
841 1160 85 22 valmän
941 1161 40 20 och
997 1160 25 22 de

192 1188 97 28 uppdrag
311 1189 27 21 de
360 1190 102 27 möjligen
482 1190 66 27 gifvit.
578 1190 33 20 En
633 1196 71 15 annan
726 1190 39 21 sak
779 1192 25 18 är
819 1189 35 21 det
869 1191 30 19 att
913 1189 21 21 vi
949 1189 74 21 kunna

191 1216 64 22 hafva
278 1218 144 28 skyldigheter
444 1218 63 21 också
529 1220 108 26 gentemot
662 1218 49 22 våra
726 1218 91 21 valmän.
848 1217 39 28 Då,
902 1218 70 20 såsom
987 1217 36 22 det

191 1245 56 21 skett
262 1246 7 20 i
285 1246 70 21 denna
370 1246 65 28 fråga,
451 1247 47 21 hela
512 1247 73 21 landet
600 1247 70 21 såsom
686 1254 27 14 en
728 1254 51 14 man
797 1248 117 26 uppmanat
929 1247 46 20 sina
990 1252 32 15 re-

190 1276 148 25 presentanter
352 1278 30 18 att
397 1276 105 20 frambära
517 1276 33 20 till
564 1276 26 20 H.
607 1276 27 20 M.
647 1282 27 15 en
684 1276 157 26 framställning
852 1282 34 14 om
897 1275 26 21 de
934 1274 88 28 bekym-

191 1308 51 22 mer,
266 1309 46 15 som
334 1304 7 20 i
364 1304 62 20 dessa
441 1304 101 27 alvarliga
564 1304 71 28 frågor
653 1304 63 21 hafva
731 1304 86 21 härskat
831 1304 58 20 inom
905 1303 78 27 landet,
998 1303 23 21 så

190 1331 64 21 hafva
277 1332 21 20 vi
320 1332 64 21 också
406 1339 26 14 en
456 1332 120 28 skyldighet
598 1333 56 21 inför
674 1332 50 22 våra
739 1333 86 21 valmän
841 1334 30 19 att
886 1332 71 21 lämna
971 1331 49 21 dem

190 1359 84 22 tillfälle
289 1362 31 20 att
334 1360 90 22 bedöma
439 1361 7 21 i
461 1361 86 21 hvilken
563 1361 49 21 mån
628 1362 20 20 vi
663 1361 70 21 såsom
749 1362 170 26 representanter
934 1361 33 20 för
976 1360 45 21 lan-

190 1388 36 20 det
240 1388 64 22 hafva
320 1391 114 19 motsvarat
449 1389 82 21 landets
546 1390 166 28 förhoppningar
725 1390 27 28 på
767 1396 40 14 oss.

259 1450 33 22 Hr
306 1451 115 28 Elving:
445 1451 33 21 Då
493 1452 72 26 frågan
582 1459 34 14 om
632 1454 63 20 sättet
710 1453 32 21 för
758 1452 58 21 detta
827 1452 88 21 ärendes
927 1452 93 21 behand-

189 1478 45 28 ling
249 1479 7 20 i
272 1480 73 26 början
362 1480 21 21 af
398 1480 129 28 landtdagen
542 1480 86 28 förelåg,
644 1481 65 21 hörde
721 1482 36 26 jag
769 1481 33 21 till
815 1481 54 26 dem,
880 1487 44 15 som
936 1480 83 22 röstade

188 1507 34 21 för
234 1510 30 18 ett
279 1508 71 22 sekret
365 1509 125 27 förfarande,
514 1510 89 20 emedan
619 1510 36 20 det
669 1510 54 20 efter
737 1510 46 20 min
799 1510 135 26 uppfattning
950 1509 70 21 varit
1009 1503 15 37 i

188 1536 76 27 högsta
278 1537 52 27 grad
346 1538 114 27 ogranlaga
475 1538 38 20 och
530 1538 123 27 opassande,
669 1545 34 13 om
719 1540 30 19 ett
764 1538 77 21 sådant
851 1538 110 27 aktstycke
974 1544 45 14 som
