1142 1773
364 126 178 21 Borgareständet
556 126 57 18 1894.
637 127 13 17 9
663 127 48 20 maj.
881 120 41 22 983

192 205 33 21 Hr
239 205 143 21 Jusélius
404 206 72 21 anhöll
492 212 34 15 om
541 206 330 28 sammanjämkningsförslagets
886 208 65 25 ytter-

124 234 66 27 ligare
206 234 154 28 bordläggning
375 234 32 21 till
422 236 60 20 nästa
497 235 93 27 plenum.

192 290 33 22 Hr
248 291 175 28 Appelberg
446 292 92 26 yttrade:
568 292 11 20 I
603 292 222 21 öfverensstämmelse
851 291 48 21 med
925 291 26 21 de

124 319 64 21 ärade
208 322 160 19 reservanterna
390 320 69 21 finner
481 320 63 21 äfven
568 320 36 28 jag
619 320 57 21 detta
692 320 259 27 sammanjämkningsför-

125 348 45 27 slag
192 348 19 27 ej
236 348 35 21 det
293 348 77 21 minsta
392 351 51 25 göra
464 349 45 21 skäl
528 349 32 21 för
575 349 36 21 sitt
626 356 71 14 namn.
728 349 11 21 1
754 349 73 27 hvarje
842 348 21 22 af
879 349 25 20 de
920 350 31 19 tre

124 376 98 28 punkter,
237 377 60 21 hvari
312 379 78 25 präste-
406 378 39 20 och
460 377 161 21 bondestånden
637 377 88 21 beslutit
739 378 56 20 olika
806 377 49 21 med
865 377 24 21 R.
898 384 18 14 o.
925 377 25 20 A.

124 407 56 19 samt
202 405 178 27 borgareståndet,
403 406 62 21 hafva
488 406 108 27 nämligen
612 406 26 21 de
654 406 35 21 två
704 406 131 21 förstnämda
850 406 101 21 ståndens

125 434 70 20 beslut
217 434 128 27 fullkomligt
368 434 138 22 oförändrade
522 435 106 28 upptagits
643 435 6 20 i
665 434 146 28 föreliggande
826 434 79 28 förslag
919 434 32 21 till

124 463 213 27 sammanjämkning,
359 465 51 19 utan
433 465 30 20 att
478 470 50 14 man
543 463 41 22 fäst
599 463 36 22 det
650 464 78 21 minsta
743 463 100 22 afseende
859 463 34 21 vid
909 463 42 20 för-

122 493 34 20 sta
176 491 40 21 och
239 491 67 28 tredje
328 492 94 21 ståndets
444 492 59 21 åsikt.
533 491 33 22 Då
587 492 160 21 förhållandena
768 499 28 14 nu
815 494 36 19 äro
866 492 85 26 sådana,

123 519 42 22 kan
187 520 36 27 jag
237 520 47 21 icke
299 520 58 21 finna
372 520 70 28 någon
458 521 115 27 anledning
593 521 33 20 för
640 521 175 27 borgareståndet
830 523 30 18 att
875 523 76 24 antaga

123 549 58 20 detta
203 548 84 27 förslag,
312 549 39 21 och
367 549 77 21 tillåter
458 550 36 27 jag
509 550 43 27 mig
567 549 71 21 därför
653 549 154 22 vördsammast
823 549 84 21 anhålla
922 551 29 19 att

122 577 86 21 ståndet
222 577 65 21 måtte
303 577 101 22 vidblifva
420 578 35 21 sitt
470 578 55 21 förra
542 578 74 21 beslut.

192 634 33 21 Hr
247 634 155 28 Wegelius
424 635 143 21 understödde
589 635 26 21 hr
629 635 103 21 Jusölius'
747 635 80 28 förslag
841 641 34 15 om
892 637 59 19 ären-

123 663 47 21 dets
185 663 122 28 ytterligare
323 663 160 28 bordläggning.

190 720 49 21 Med
265 720 115 28 anledning
401 721 59 21 häraf
483 721 43 21 blef
547 721 161 27 ifrågavarande
724 721 227 28 sammanjämknings-

121 749 79 27 förslag
217 749 109 28 bordlagdt
341 749 32 21 till
388 751 60 19 nästa
462 749 93 28 plenum.

191 886 119 27 Föredrogs
331 887 39 20 och
385 886 122 28 godkändes
523 889 51 18 utan
591 886 121 22 diskussion
729 886 170 22 bankutskottets
915 886 35 21 vid

123 917 83 19 senaste
222 915 86 27 plenum
325 915 115 27 bordlagda
456 916 78 26 förslag
549 915 31 21 till
596 916 208 26 sammanjämkning
819 916 21 20 af
851 914 100 22 ståndens

122 944 122 28 skiljaktiga
263 944 70 20 beslut
348 944 35 20 vid
400 944 157 27 behandlingen
572 944 21 20 af
609 944 113 21 utskottets
737 944 134 21 betänkande
887 950 35 14 n:o
938 944 12 20 2

122 972 112 28 angående
249 975 47 24 nytt
312 972 128 28 reglemente
457 972 39 21 och
512 979 29 20 ny
557 974 40 19 stat
613 972 32 21 för
660 972 102 21 Finlands
778 972 61 21 bank.

192 1114 118 28 Föredrogs
326 1115 169 21 bankutskottets
512 1116 33 20 vid
557 1117 83 20 senaste
653 1115 88 27 plenum
753 1115 115 28 bordlagda
879 1115 73 21 betän-

124 1143 69 21 kande
208 1150 36 14 n:o
260 1145 12 19 5
288 1144 7 20 i
310 1144 116 27 anledning
441 1144 21 21 af
478 1144 105 21 värkstäld
599 1144 132 27 granskning
741 1144 22 21 af
772 1143 101 22 Finlands
885 1143 66 21 banks

124 1172 89 26 styrelse
229 1172 39 21 och
284 1172 94 21 tillstånd
394 1172 68 22 under
478 1172 50 22 åren
545 1173 146 21 1891—1893.

193 1229 66 21 Ordet
280 1229 102 27 begärdes
406 1229 31 21 till
458 1230 53 20 först
534 1230 20 20 af
573 1230 26 20 hr
613 1229 161 27 Borenius,
797 1236 45 14 som
857 1228 94 28 yttrade:

123 1257 74 21 Såsom
220 1258 36 21 det
278 1264 37 14 var
340 1260 30 19 att
384 1258 87 26 förutse,
486 1258 39 20 har
540 1258 113 21 utskottets
668 1258 131 27 granskning
814 1258 21 21 af
850 1257 102 21 Finlands

123 1286 68 21 banks
214 1286 89 27 styrelse
326 1287 39 21 och
380 1286 95 22 tillstånd
491 1288 114 25 utmynnat
619 1286 8 21 i
642 1288 30 20 ett
687 1286 79 28 ampelt
781 1286 135 22 erkännande
931 1286 22 20 af

123 1314 157 28 förvaltningen
303 1315 69 21 under
392 1315 42 21 den
456 1315 119 27 granskade
596 1314 108 28 perioden,
726 1315 86 27 hvilket,
839 1321 34 15 om
889 1314 64 21 också

122 1343 54 21 intet
198 1345 66 19 annat
284 1343 72 21 kunde
379 1345 79 25 väntas,
480 1344 93 20 likafullt
593 1346 24 18 är
638 1345 29 19 ett
688 1343 137 28 förhållande,
841 1350 47 14 som
903 1342 49 22 med

123 1372 70 27 glädje
208 1372 43 20 kan
267 1372 21 20 af
303 1372 95 21 bankens
414 1372 128 27 principaler
556 1374 120 19 annoteras.
705 1372 71 21 Jämte
792 1372 35 21 det
842 1372 35 27 jag
892 1371 8 21 i
911 1371 41 21 allo

123 1400 124 21 instämmer
271 1400 7 21 i
304 1400 57 22 detta
386 1400 171 22 bankutskottets
580 1400 136 22 erkännande
739 1400 109 22 äfvensom
867 1400 7 20 i
890 1400 26 20 de
932 1400 21 20 af

123 1428 103 22 utskottet
250 1429 74 27 gjorda
348 1429 113 27 förslagen,
487 1429 38 21 ber
548 1429 36 27 jag
599 1429 75 21 endast
689 1430 30 20 att
733 1429 50 21 med
798 1428 66 28 några
879 1428 38 21 ord
931 1428 22 21 få

123 1456 75 22 beröra
221 1463 26 15 en
270 1457 116 27 stilisering
407 1457 27 27 på
457 1457 46 21 sida
519 1458 27 20 15
561 1458 6 20 i
585 1457 148 21 betänkandet.
764 1457 107 21 Utskottet
886 1458 67 26 yttrar

122 1486 34 26 sig
182 1485 26 27 på
234 1486 57 20 detta
316 1486 60 21 ställe
403 1492 35 14 om
454 1492 26 15 en
496 1486 22 20 af
533 1486 133 21 direktionen
683 1486 40 20 den
741 1486 11 20 1
769 1486 112 21 december
898 1485 54 21 1892

122 1514 110 27 ifrågasatt
256 1514 75 28 partiel
354 1514 188 28 ränteförhöjning.
573 1514 77 21 Denna
665 1514 182 28 ränteförhöjning
862 1514 55 20 hade
932 1513 21 21 af
