1142 1773
218 127 54 20 1332
424 133 179 21 Borgareständet
616 134 56 16 1894.
696 134 26 16 23
735 133 46 20 maj.

188 213 57 27 löitä,
259 213 58 27 jotka
338 214 64 20 muka
424 214 96 21 katsovat
540 214 178 20 mahdottomaksi
741 216 42 18 että
798 220 27 14 ne
841 213 100 27 henkilöt,
956 213 58 27 jotka

188 242 162 21 eduskunnassa
364 243 137 21 kannattavat
516 243 81 27 samoja
613 242 130 27 mielipiteitä
758 242 51 20 kuin
826 242 92 26 hallitus,
931 242 83 20 tekevät

188 271 40 20 sitä
252 271 184 25 vakaumuksesta,
460 272 144 26 jonkatäbden
629 272 62 20 heille
715 271 109 21 keksitään
848 271 48 20 aina
921 271 92 26 huonoja

188 300 113 26 motiiveja.
331 299 26 21 Ei
372 300 99 26 juolahda
488 300 77 20 näiden
580 300 97 27 herrojen
694 300 146 20 mieleenkään
857 301 42 19 että
914 299 100 21 tällainen

187 328 175 21 kannattaminen
376 328 78 21 todella
470 329 102 27 tapahtuu
589 329 183 20 vakaumuksesta.

256 396 33 21 Hr
303 389 103 28 Lilius:
436 397 42 27 Jag
500 398 38 20 har
560 397 75 21 endast
650 397 73 27 bogärt
741 397 60 21 ordet
816 397 33 20 för
864 398 30 20 att
909 397 6 19 i
931 396 82 21 korthet

188 425 104 21 beteckna
307 426 36 20 hrr
357 426 87 20 Heikels
460 426 39 20 och
514 426 65 20 Lilles
595 426 113 20 obevisade
725 425 160 27 beskyllningar
899 425 69 21 säsom
984 426 29 20 ett

187 454 33 20 för
235 454 57 21 detta
307 454 61 21 ständ
384 454 96 28 ovärdigt
494 454 95 28 politiskt
603 454 124 28 fyrvärkeri.

255 522 33 21 Dä
304 523 68 20 under
387 523 40 21 den
444 530 30 13 nu
495 523 104 21 afslutade
621 523 148 20 diskussionen
786 523 63 26 nägot
865 523 98 20 särskildt
979 529 34 20 yr-

187 551 70 21 kande
280 552 46 20 icke
348 552 120 26 framstälts,
491 552 43 21 blef
556 552 160 27 ifrågavarande
740 551 117 27 berättelse,
881 552 67 20 såsom
966 551 46 20 icke

186 580 152 21 föranledande
361 581 31 20 till
408 581 68 27 någon
498 581 71 26 åtgärd
587 581 46 20 från
650 580 183 27 borgareståndets
849 581 51 25 sida,
915 580 48 27 lagd
981 579 31 21 till

186 609 160 26 handlingarna.

255 775 70 21 Sedan
341 776 201 21 ekonomiutskottet
557 777 31 20 uti
604 776 110 21 skrifvelse
730 776 21 20 af
767 776 40 20 den
826 776 25 20 18
868 775 144 21 innevarande

185 803 41 27 maj
244 803 164 28 tillkännagifvit
423 807 30 18 att
468 805 112 20 utskottets
596 805 134 20 betänkande
746 811 35 14 n:o
799 805 22 20 11
841 805 6 19 i
864 804 115 26 anledning
992 803 21 21 af

186 832 103 21 särskilda
303 833 58 20 inom
377 835 78 25 präste-
471 834 38 20 och
526 833 159 21 bondestånden
703 833 74 21 väckta
792 833 101 21 motions-
910 833 39 20 och
960 832 52 27 peti-

184 861 141 27 tionsförslag,
349 862 110 26 äsyftande
482 862 90 27 ändring
595 863 21 20 af
636 863 177 26 förordningarna
836 862 21 20 af
873 861 41 21 den
930 862 11 19 2
959 861 52 27 april

188 890 55 20 1883
260 890 38 20 och
316 891 11 19 9
342 891 47 26 juni
415 891 53 20 1892
491 891 110 27 angäende
624 891 123 27 försäljning
771 891 38 20 och
833 890 143 26 utskänkning
991 890 22 20 af

184 918 149 28 maltdrycker,
350 919 68 21 blifvit
434 920 20 20 af
470 920 22 20 R.
509 926 18 14 o.
543 921 25 19 A.
584 922 54 18 samt
654 919 173 27 borgareständet
838 919 113 27 godkändt,
962 925 49 14 men

185 948 30 19 att
230 949 78 25 prästo-
325 948 39 20 och
380 948 158 21 bondeständen
555 949 83 20 förenat
659 948 32 27 sig
707 954 34 14 om
757 948 42 20 den
815 948 64 20 första
895 947 116 21 betänkan-

184 975 36 21 det
242 976 112 26 vidfogade
377 977 135 27 reservation,
535 977 38 20 har
595 977 160 24 bondeståndet,
781 978 51 19 enär
859 976 89 20 sålunda
975 975 36 21 två

184 1004 62 20 ständ
262 1007 85 18 stannat
369 1007 43 18 mot
428 1005 34 20 tvä
478 1006 6 20 i
500 1006 56 20 olika
578 1006 70 20 beslut
664 1007 54 19 samt
732 1005 162 26 ifrägavarande
910 1004 101 21 motions-

184 1032 40 20 och
239 1033 179 27 petitionsförslag
434 1034 36 20 vid
485 1034 75 20 sådant
582 1034 131 20 förhållande
735 1034 93 24 förfallit,
851 1040 76 20 genom
945 1033 65 27 depu-

184 1061 66 21 tation
266 1061 93 27 inbjudit
374 1062 18 27 ej
409 1062 82 21 mindre
507 1062 174 28 borgareständet
695 1064 28 18 än
738 1062 69 26 äfven,
827 1062 26 27 pä
869 1064 40 18 sätt
925 1064 28 18 ett
969 1061 41 21 till-

183 1089 43 21 lika
241 1090 32 20 till
289 1090 84 21 ständet
395 1090 154 22 öfverlämnadt
571 1091 194 27 protokollsutdrag
787 1090 102 27 utvisade,
910 1090 23 21 R.
949 1096 18 14 o.
983 1090 26 20 A.

183 1120 35 24 att,
234 1118 50 21 med
306 1119 130 27 frängäende
458 1120 22 20 af
494 1120 47 20 sina
564 1120 88 26 tidigare
667 1120 7 20 i
690 1120 64 20 saken
770 1119 80 21 fattade
866 1119 75 26 beslut,
956 1119 7 20 i
980 1118 30 21 af-

183 1147 79 20 seende
278 1147 12 20 å
304 1148 91 26 ändring
410 1148 21 20 af
447 1149 26 19 12
490 1149 12 26 $
518 1149 6 19 i
540 1148 151 28 förordningen
707 1148 22 20 af
747 1148 40 20 den
805 1148 12 20 2
833 1148 53 27 april
902 1148 55 20 1883
973 1154 37 14 an-

183 1176 48 25 taga
247 1182 26 14 en
289 1176 80 20 motion
385 1176 21 20 af
421 1176 42 21 den
477 1177 88 27 lydelse,
587 1184 47 14 som
649 1177 118 27 föreslagits
791 1176 31 21 uti
837 1176 173 27 landtdagsmän-

182 1210 42 14 nen
240 1204 143 27 Tensikkalas,
399 1204 93 28 Ojanens
514 1212 26 14 m.
557 1206 32 20 fl:s
611 1205 208 27 motionsmemorial,
835 1205 49 21 med
901 1205 40 20 den
957 1204 52 20 afvi-

182 1232 58 20 kelse
257 1232 62 21 likväl
336 1236 30 18 att
381 1234 126 26 gästgifvare
524 1234 25 27 pä
565 1234 72 20 landet
653 1234 52 26 egde
721 1234 100 26 rättighet
836 1236 30 18 att
876 1233 48 21 med
936 1233 73 21 veder-

182 1260 94 21 börande
293 1261 111 21 kommuns
420 1262 93 21 tillständ
530 1262 21 21 ät
566 1263 89 20 resande
671 1262 31 21 till
723 1262 102 26 förtäring
841 1262 26 27 pä
883 1262 69 20 stället
967 1262 42 20 för-

182 1289 52 27 sälja
250 1290 148 27 maltdrycker,
414 1294 54 17 samt
483 1293 30 19 att
528 1292 202 20 ekonomiutskottet
752 1290 70 21 skulle
839 1290 78 21 erhålla
933 1290 6 20 i
956 1296 51 21 upp-

182 1317 52 27 drag
250 1320 30 18 att
295 1320 95 20 närmare
407 1319 114 21 formulera
537 1320 57 20 detta
609 1319 177 27 motionsförslag.

248 1380 34 20 Dä
299 1381 165 21 bondeständets
480 1382 143 26 omförmälda,
641 1382 34 20 vid
691 1383 84 19 senaste
791 1381 88 27 plenum
894 1382 33 20 för
942 1381 66 21 andra

180 1408 84 48 gången
281 1409 115 27 bordlagda
411 1410 128 27 inbjudning
555 1417 29 14 nu
600 1411 31 20 till
647 1410 72 28 åtgärd
742 1411 99 26 företogs,
857 1410 102 27 begärdes
975 1416 33 14 or-

196 1439 20 18 et
231 1437 21 20 af

248 1500 26 19 hr
290 1499 97 28 Malin,
410 1507 45 14 som
479 1501 91 26 yttrade:
601 1501 33 21 Då
657 1502 23 20 R.
696 1508 17 14 o.
730 1502 25 20 A.
778 1501 67 21 redan
868 1502 38 21 har
928 1502 80 28 antagit

179 1526 165 23 bondeståndets
367 1529 133 27 inbjudning,
523 1530 22 20 så
562 1532 22 18 är
599 1530 36 21 det
651 1530 32 20 väl
699 1530 46 20 icke
761 1530 21 20 af
798 1530 70 26 någon
892 1531 115 29 betydelse,
