1142 1773
222 128 54 20 1130
408 134 177 22 Borgareståndet
598 136 57 16 1894.
680 136 23 16 16
715 135 46 20 maj.

191 214 36 26 jag
250 214 36 20 vill
309 214 83 21 villfara
414 214 52 22 eder
482 215 87 26 önskan,
584 221 49 15 men
649 215 35 27 jag
699 214 83 21 fordrar
796 216 29 19 att
840 214 21 20 ni
877 213 63 22 också
955 214 7 20 i
978 214 41 20 viss

192 242 48 20 mån
258 242 53 21 skall
326 242 76 22 beakta
418 243 55 21 hvad
488 244 36 26 jag
539 250 62 14 anser
615 245 46 19 rätt.
677 256 27 2 —
719 243 33 21 Hr
767 243 154 27 Neppenström
936 242 39 21 har
989 242 30 20 vi-

192 271 50 20 dare
265 271 67 27 frågat
354 272 85 20 hvarför
460 272 36 27 jag
518 272 46 21 icke
579 272 8 20 i
602 272 56 21 detta
674 272 154 27 sammanhang
843 273 79 26 upptog
937 271 41 21 alla
993 270 26 22 de

192 299 68 21 banor
274 306 44 14 som
334 300 119 27 ifrågasatts
469 301 6 20 i
490 300 212 28 järnvägsutskottets
717 300 139 21 betänkande.
879 299 33 21 Hr
921 300 98 26 Neppen-

191 330 65 18 ström
274 328 65 22 måste
354 329 47 21 icke
416 329 63 21 hafva
494 330 47 20 hört
556 331 30 19 att
600 330 35 26 jag
651 329 109 27 värkligen
775 328 97 21 framhöll
885 330 30 20 att
924 329 41 27 jag,
979 328 2 20 i
993 328 26 20 de

192 356 104 21 klämmar
315 358 35 26 jag
364 358 129 26 framstälde,
508 358 112 20 förordade
636 358 41 20 alla
693 358 26 20 de
735 358 72 26 banor,
822 357 71 21 hvilka
907 358 36 26 jag
958 362 62 15 anser

191 387 32 19 att
236 386 114 20 ständerna
364 386 33 21 för
413 386 131 22 närvarande
560 386 59 21 skola
634 386 84 21 besluta
733 386 32 21 till
780 386 117 21 utförande.
920 386 40 20 För
975 385 43 20 min

192 413 34 21 del
250 414 36 20 vill
308 415 35 27 jag
364 415 47 20 icke
431 415 35 28 vid
482 415 70 21 denna
566 415 101 27 landtdag
682 415 83 21 besluta
781 422 34 14 om
831 415 65 20 andra
911 414 66 21 banor
992 416 26 18 än

192 442 92 21 Keuru—
296 443 122 27 Jyväskylä,
447 444 34 21 Abo
493 457 10 2 —
512 444 134 27 Helsingfors
662 444 38 21 och
717 443 243 27 Mäntyluoto-banorna.
987 442 32 21 De

192 471 67 27 öfriga
282 472 34 20 mä
338 472 33 21 för
394 473 70 20 denna
486 473 55 26 gång
565 473 61 20 hvila.
664 473 63 20 Hvad
749 479 30 14 nu
802 472 99 21 särskildt
924 471 96 21 beträffar

192 499 98 27 Raumo-,
311 501 133 26 Nykarleby-
466 501 38 21 och
520 501 286 26 Fredrikshamns-banorna,
821 507 45 14 som
883 501 24 20 hr
921 501 95 26 Neppen-

191 531 67 18 ström
280 529 113 28 framdrog,
416 530 22 20 sä
461 530 38 20 har
514 530 62 27 ingen
593 536 36 15 ens
645 530 108 27 föreslagit
769 532 30 18 att
814 529 25 21 de
855 529 68 21 skulle
939 529 80 20 utföras

192 557 32 20 för
240 558 136 21 statsvärkets
392 559 95 26 räkning.
514 558 42 21 Det
570 559 38 20 har
623 559 53 20 blott
691 559 114 20 framstälts
820 558 112 27 petitioner
947 557 72 21 därom

192 588 30 18 att
244 586 61 21 dessa
328 587 71 24 banor,
422 587 6 20 i
444 587 100 21 händelse
561 587 25 21 de
602 587 81 27 byggas
699 587 20 20 af
734 587 81 27 privata
830 587 68 26 bolag,
914 586 25 21 dä
955 586 64 21 mätte

192 615 21 19 af
228 617 68 18 staten
312 615 180 22 subventioneras.
516 616 107 21 Anhällan
640 623 34 13 om
690 616 60 21 dessa
767 615 152 21 subventioner
928 615 41 20 kan
983 621 36 14 en-

192 643 38 26 ligt
251 644 44 19 min
317 644 135 27 uppfattning
468 645 46 20 icke
530 647 73 24 utgöra
619 646 29 19 ett
663 651 48 14 svar
726 645 27 26 pä
767 644 156 27 propositionen
940 650 33 14 om
990 643 30 20 vi-

194 671 49 22 dare
258 673 226 27 järnvägsbyggnader
498 673 6 20 i
519 673 78 27 landet,
612 675 51 19 utan
681 673 42 26 bör,
738 673 45 20 ifall
799 673 83 20 ständet
897 672 52 21 eller
963 674 56 19 stän-

193 700 66 21 derna
282 701 71 20 förena
376 702 32 26 sig
432 702 78 25 därom,
533 702 126 21 framställas
675 702 99 20 särskildt
789 701 6 20 i
811 701 153 27 petitionsform
980 701 39 20 och

190 729 90 20 sälunda
296 730 61 20 äfven
374 730 115 21 behandlas
505 731 6 20 i
526 731 153 25 sammanhang
694 730 48 21 med
758 730 211 27 järnvägsutskottets
984 729 35 21 be-

190 757 106 22 tänkande
312 759 89 20 rörande
417 759 34 20 vid
468 759 69 21 denna
549 759 101 27 landtdag
666 759 122 21 framstälda
803 758 216 27 järnvägspetitioner.

192 799 26 2 -—
242 786 43 21 Hrr
308 786 98 21 Stenroth
430 788 39 20 och
484 788 136 27 Acjmelaeus
636 787 61 21 hafva
714 787 71 21 vidare
803 789 66 18 varmt
884 786 93 21 förordat
992 793 26 14 en

191 815 268 28 sammanbindningsbana
475 817 33 20 via
524 816 130 27 Suonenjoki
669 816 92 21 emellan
777 816 66 20 Vasa-
859 815 39 21 och
909 815 110 20 Savolaks-

192 843 94 21 banorna
302 845 38 19 och
356 844 64 21 bland
437 847 65 18 annat
516 845 69 20 säsom
601 845 46 20 stöd
663 845 32 20 för
711 845 122 20 densamma
849 844 69 21 anfört
929 843 90 21 utlätan-

192 872 43 20 den
258 872 45 21 frän
321 873 49 21 flere
386 873 163 21 österbottniska
565 873 70 21 städer
649 873 39 21 och
705 873 131 28 kommuner,
852 873 44 20 däri
912 872 25 21 de
953 872 66 21 uttala

192 903 30 18 att
243 907 25 14 en
286 902 58 26 dylik
360 902 267 27 sammanbindningsbana
642 902 78 27 jämväl
736 902 32 20 för
783 902 135 20 Österbotten
933 907 50 14 vore
998 901 21 20 af

191 932 43 17 stor
256 930 114 26 betydelse.
401 930 41 27 Jag
458 931 36 21 ber
510 933 29 19 att
555 931 20 20 fä
591 931 52 20 fästa
659 931 26 20 de
701 930 64 21 värda
780 931 111 20 herrarnes
907 929 111 27 uppmärk-

190 958 84 20 samhet
296 959 72 20 därvid
392 961 35 25 att,
450 959 27 21 dä
500 960 25 20 de
542 959 163 21 österbottniska
721 959 98 21 städerna
834 958 23 21 sä
872 958 93 21 uttalade
981 958 37 27 sig,

192 986 59 27 fräga
268 994 36 13 var
319 994 34 14 om
370 994 25 14 en
412 988 268 27 sammanbindningsbana
695 988 53 20 ifrän
765 987 74 21 Keuru
855 987 31 21 till
901 986 118 27 Jyväskylä

190 1015 40 20 och
253 1015 90 21 därifrån
368 1016 72 20 vidare
463 1017 7 19 i
492 1016 103 27 sydostlig
616 1016 99 27 riktning.
745 1016 33 20 En
798 1016 65 20 sådan
879 1015 54 21 bana
949 1015 68 20 skalle

191 1042 65 22 blifva
272 1044 20 20 af
307 1046 52 19 stort
374 1051 54 21 gagn
444 1045 33 20 för
487 1042 139 24 Österbotten.
652 1044 46 22 Den
715 1044 68 21 skulle
795 1044 68 20 såsom
875 1050 26 14 en
913 1050 105 14 samman-

191 1071 170 28 bindningsbana
383 1074 130 26 väsentligen
530 1074 92 20 förkorta
638 1073 105 21 afståndet
759 1073 90 21 emellan
866 1072 77 20 nämda
959 1072 59 20 land-

190 1100 52 27 skap
266 1101 38 21 och
328 1103 56 19 östra
406 1102 97 26 Finland,
519 1102 30 20 S:t
564 1102 128 26 Petersburg
708 1102 37 20 och
762 1101 101 21 utlandet.
894 1100 62 21 Hvad
972 1100 46 20 där-

190 1131 58 18 emot
272 1130 65 25 angår
359 1136 25 14 en
401 1131 267 27 sammanbindningsbana
684 1130 48 21 med
749 1130 40 20 den
806 1129 147 27 egendomliga
968 1129 50 20 rikt-

189 1158 58 26 ning,
264 1164 44 14 som
325 1164 29 14 nu
370 1159 101 26 förordas,
486 1159 52 21 eller
552 1159 45 20 från
614 1159 73 21 Keuru
704 1158 31 21 till
745 1158 118 27 Jyväskylä
877 1158 38 20 och
926 1157 91 21 därifrån

190 1186 7 19 i
213 1186 117 27 nordostlig
352 1188 94 25 riktning
465 1188 31 20 till
512 1188 129 26 Suonenjoki
658 1188 39 20 och
712 1187 91 27 Kuopio,
819 1187 40 20 kan
875 1187 36 26 jag
926 1187 33 19 för
973 1186 44 20 min

189 1214 34 20 del
239 1214 67 28 aldrig
321 1217 56 19 rösta
392 1216 32 20 för
440 1222 25 14 en
482 1216 63 20 sådan
562 1216 169 26 bansträckning.
753 1215 47 21 Den
817 1215 47 26 kan,
875 1215 68 20 såsom
955 1214 62 21 äfven

190 1242 25 20 hr
237 1242 97 22 Stenroth
358 1244 90 27 medgaf,
465 1245 62 20 hafva
542 1245 69 27 någon
628 1245 50 20 liten
694 1244 174 26 lokalbetydelse,
884 1250 47 14 men
947 1243 70 27 någon

189 1272 269 28 sammanbindningsbana
481 1273 39 21 blir
544 1274 39 20 den
607 1273 53 26 icke,
684 1275 23 24 ty
729 1273 42 20 den
794 1272 162 21 tillfredsställer
971 1271 46 21 icke

189 1300 63 26 något
274 1300 131 22 trafikbehof.
436 1301 32 21 De
490 1302 57 20 foror
569 1302 58 20 skola
650 1302 70 20 säkert
735 1308 49 14 vara
804 1301 37 20 lätt
856 1300 99 26 räknade,
971 1306 45 14 som

188 1328 33 20 för
236 1330 132 20 närvarande
383 1330 26 26 gå
420 1330 90 21 emellan
526 1330 117 27 Jyväskylä
659 1330 38 20 och
714 1329 131 27 Suonenjoki
860 1329 52 21 eller
927 1328 89 27 Kuopio.

188 1356 76 22 Denna
281 1357 54 21 bana
351 1358 37 20 har
404 1358 71 21 därför
489 1359 86 26 mycket
589 1359 46 20 litet
650 1358 51 21 eller
717 1359 52 20 intet
785 1358 45 20 skäl
845 1358 33 20 för
893 1357 36 27 sig.

257 1414 33 20 Hr
312 1414 142 22 Castrén:
485 1415 45 21 Hra
552 1416 109 26 puhemies
684 1422 26 14 on
731 1415 79 27 säädyn
827 1414 190 21 keskusteltavaksi

188 1442 102 26 esittänyt
312 1444 235 20 rautatievaliokunnan
564 1444 117 20 mietinnön
697 1450 35 14 n:o
749 1444 18 25 2,
783 1445 67 19 mutta
866 1443 62 20 tähän
945 1442 70 20 asiaan

188 1477 27 14 on
235 1474 39 23 nyt
289 1472 112 20 sekoitettu
418 1473 66 20 muita
500 1472 143 27 kysymyksiä,
658 1472 51 27 joita
725 1472 19 20 ei
759 1472 34 20 ole
809 1471 98 26 käsitelty
923 1471 93 27 puheen-

187 1499 100 21 alaisessa
309 1500 144 27 mietinnössä,
476 1508 53 13 vaan
552 1501 61 27 joista
628 1501 123 20 valiokunta
767 1507 27 14 on
811 1502 89 19 antanut
915 1499 100 27 erityisen

186 1528 124 20 mietinnön.
340 1529 55 21 Näin
418 1530 56 20 ollen
497 1530 57 20 minä
577 1530 106 26 pyytäisin
705 1530 37 20 hra
765 1528 156 28 puhemieheltä
943 1528 73 27 kysyä,
