1142 1773
338 147 179 21 Borgareståndet
531 148 56 17 1894.
612 149 13 15 4
638 148 48 21 maj.
859 142 40 20 955

98 226 48 21 icke
168 226 72 21 kunde
262 226 22 21 af
302 227 114 21 ständerna
430 228 94 26 antagas.
554 227 87 21 Kanske
657 227 108 21 förefaller
781 227 36 21 det
831 227 7 21 i
854 227 72 27 början

99 254 65 28 något
184 254 66 26 hårdt,
273 262 49 14 men
344 255 36 21 det
406 255 40 21 blir
470 256 59 20 alltid
556 256 65 26 fallet,
647 256 26 20 då
689 256 138 27 någonting
816 250 15 37 i
844 256 84 20 restrik-

98 283 98 27 tionsväg
219 283 100 27 vidtages,
340 286 29 18 att
384 284 70 27 någon
470 284 32 21 till
518 290 26 15 en
560 284 74 27 början
651 284 60 20 däraf
726 284 76 21 träffas.
832 284 58 21 Visst
905 286 23 18 är

98 312 68 27 enligt
180 312 45 20 min
241 312 54 21 åsikt
310 314 29 19 att
354 312 93 21 handeln
464 312 69 22 skulle
550 313 63 21 vinna
630 312 111 28 betydligt,
756 319 34 15 om
807 313 40 21 den
859 312 68 22 skulle

98 340 79 21 ordnas
192 340 69 21 såsom
277 340 101 22 utskottet
392 341 94 21 föreslår.

167 397 33 21 Hr
220 397 86 21 Lille:
328 398 34 20 Hr
386 398 99 20 Renlund
502 400 62 25 säger
579 400 30 19 att
623 398 130 21 vinhandeln
771 398 37 20 bör
823 398 58 20 finna
896 398 32 26 sig

98 426 8 20 i
129 432 26 15 en
179 426 64 20 sådan
266 426 125 28 anordning,
414 433 44 14 som
475 427 38 20 här
534 428 23 19 är
571 427 126 27 föreslagen,
713 428 55 20 samt
783 429 30 19 att
828 433 49 14 man
892 426 35 21 vid

99 455 192 28 köpmannamöten
307 455 45 21 icke
368 455 45 21 haft
428 455 63 28 något
507 458 30 19 att
552 455 101 21 anmärka
664 458 45 19 mot
721 462 26 15 en
759 455 65 21 sådan
838 455 90 21 bestäm-

98 484 73 21 melse.
201 483 223 28 Köpmannamötenas
442 484 114 21 auktoritet
577 485 7 19 i
605 484 27 21 all
656 486 42 25 ära,
714 487 44 18 tror
772 485 36 26 jag
823 484 54 21 dock
892 486 35 25 att,

98 519 36 14 om
150 512 108 27 värkligen
274 513 26 20 de
315 519 105 21 personer,
437 513 71 20 hvilka
524 513 69 20 skulle
609 513 91 20 drabbas
716 513 21 20 af
747 515 30 19 ett
788 513 76 20 sådant
872 513 56 20 stad-

98 541 77 27 gande,
200 541 69 20 blifvit
288 541 71 27 hörda,
382 541 61 21 deras
466 541 109 22 uttalande
598 542 7 20 i
621 542 70 20 denna
706 541 59 27 fråga
781 541 68 21 skulle
865 541 62 21 hafva

98 569 48 21 låtit
166 569 44 21 helt
232 570 133 21 annorlunda
387 572 27 19 än
437 570 55 21 hvad
513 571 25 20 hr
552 570 99 21 Renlund
667 570 109 21 framstält.
807 569 41 22 Det
868 569 59 22 torde

98 598 110 21 dessutom
230 598 47 21 icke
300 599 72 20 kunna
394 599 99 20 förnekas
517 601 29 18 att
567 599 38 20 här
619 601 24 18 är
657 599 60 27 fråga
733 605 34 14 om
783 601 30 18 att
828 599 57 20 stifta
900 605 27 14 en

98 626 41 27 lag,
163 633 45 14 som
228 627 95 21 kommer
342 629 30 19 att
397 627 95 21 medföra
507 627 33 21 för
555 634 24 14 en
597 627 78 27 mängd
691 627 112 21 affärsmän
819 627 108 27 betydliga

98 655 221 27 egendomsförluster,
335 656 105 20 måhända
456 656 61 21 deras
533 656 85 27 slutliga
633 656 58 26 ruin;
708 662 48 15 men
772 656 7 20 i
795 656 36 21 det
845 656 82 20 afseen-

99 683 37 22 det
157 687 42 17 tror
222 684 35 27 jag
278 686 30 19 att
330 685 114 20 ständerna
466 685 68 20 måste
558 691 48 14 vara
622 685 86 26 mycket
723 685 118 20 aktsamma
856 684 26 27 på
897 685 30 20 att

99 712 47 21 icke
171 712 42 21 låta
229 713 120 20 känsloskäl
364 713 82 20 diktera
461 713 47 21 sina
522 713 72 27 motiv,
610 716 52 18 utan
678 715 49 24 taga
741 713 83 26 hänsyn
839 713 31 20 till
886 713 41 20 den

98 747 59 14 rama
180 741 150 28 värkligheten.
359 741 77 22 Denna
455 741 35 28 lag
513 743 28 26 är,
561 743 61 26 säger
641 748 56 20 man,
716 748 26 14 en
759 741 168 28 ötvergångslag,

100 769 39 21 och
161 770 36 27 jag
214 770 104 21 erkänner
333 770 40 21 det.
403 770 49 21 Men
469 770 23 21 så
508 770 86 27 mycket
609 772 66 19 större
691 770 45 21 skäl
752 772 23 19 är
790 770 35 21 det
841 772 30 19 att
884 770 43 20 låta

100 798 42 21 den
165 798 65 21 värka
252 799 55 20 hvad
328 799 41 20 den
392 799 41 20 kan
453 799 70 20 under
538 799 26 20 de
579 799 23 20 år
617 799 41 20 den
675 799 41 20 kan
733 799 59 20 träda
807 799 7 20 i
829 798 97 27 gällande

98 827 56 20 kraft
170 827 38 20 och
224 827 46 20 icke
286 829 50 25 göra
347 827 62 21 altför
419 830 57 18 stora
488 827 88 28 ingrepp
587 827 7 20 i
607 834 29 14 nu
648 827 114 21 bestående
775 827 151 21 förhållanden.

168 883 32 21 Hr
222 883 151 28 Nybergh:
396 883 33 22 Hr
444 883 64 22 Lilles
522 884 79 28 förslag
611 886 30 19 att
651 884 196 28 försäljningstiden
858 883 68 21 skulle

100 912 117 21 utsträckas
240 912 31 21 till
287 912 27 21 kl.
336 913 6 20 9
358 920 33 13 om
408 913 93 26 aftonen,
517 913 80 21 hvilket
612 913 80 27 förslag
706 913 69 21 skulle
791 913 55 27 gälla
861 914 65 19 samt-

98 940 43 28 liga
156 941 154 27 försäljningar,
325 941 53 21 låter
393 942 53 20 efter
461 942 46 20 min
522 942 63 20 tanke
601 941 47 21 icke
663 942 75 20 förena
753 942 32 26 sig
801 941 48 21 med
860 941 66 21 andra

99 972 117 18 momentet
239 970 7 20 i
263 970 10 20 1
290 970 12 27 $
318 970 7 20 i
340 970 112 21 utskottets
468 970 139 25 betänkande,
624 970 81 22 hvilket
720 972 94 18 moment
830 972 23 18 är
868 973 59 17 anta-

98 1000 36 25 get
157 998 21 20 af
198 998 89 21 ståndet.
317 998 72 28 Enligt
412 998 56 21 detta
484 1001 95 19 moment
593 999 32 20 får
641 998 107 27 nämligen
764 998 162 21 minuthandeln

99 1026 49 21 med
176 1033 88 21 'svagare
290 1027 127 27 rusdrycker
445 1029 52 19 utan
528 1027 98 21 särskildt
657 1027 93 21 tillstånd
779 1028 83 20 utöfvas
892 1026 34 21 »af

99 1055 49 26 den,
170 1062 45 14 som
238 1056 89 20 innehar
348 1056 99 27 rättighet
470 1058 30 18 att
522 1056 130 20 utminutera
669 1056 89 20 bränvin
778 1056 40 20 och
840 1055 86 21 därmed

99 1084 98 20 likstälda
215 1084 109 26 drycker».
354 1084 32 21 Då
402 1091 29 13 nu
447 1084 67 27 dessa,
530 1091 46 14 som
591 1084 130 21 utminutera
737 1084 96 27 bränvin,
847 1084 46 20 icke
905 1083 22 22 få

99 1112 56 21 hålla
170 1112 46 21 sina
232 1112 84 22 butiker
330 1113 73 27 längre
419 1114 69 26 öppna
504 1114 27 19 än
547 1113 32 21 till
594 1113 27 20 kl.
638 1113 12 20 6
666 1112 27 28 på
709 1113 92 26 aftonen,
817 1118 64 21 synes
891 1112 36 21 det

99 1140 47 22 icke
168 1141 68 21 häller
257 1148 50 14 vara
325 1142 81 27 möjligt
422 1144 30 18 att
467 1141 67 21 tillåta
550 1148 25 14 en
591 1142 73 26 längre
680 1141 41 21 tids
726 1140 178 29 öppenhållande
919 1140 8 21 i

100 1169 99 21 afseende
222 1169 12 21 å
256 1170 125 27 försäljning
402 1170 20 21 af
445 1176 89 20 svagare
555 1170 133 26 rusdrycker.
719 1170 136 20 Åtminstone
874 1170 7 20 i
897 1169 30 21 af-

100 1198 77 20 seende
199 1198 11 20 å
232 1198 79 21 sådana
326 1198 151 21 kombinerade
492 1198 151 28 försäljningar
657 1198 54 21 låter
726 1199 32 27 sig
773 1198 57 22 detta
845 1198 83 20 således

99 1226 47 21 icke
162 1227 139 27 genomföras.

172 1284 32 20 Hr
224 1280 118 25 Öhman:
366 1284 42 27 Jag
430 1284 97 21 anhåller
542 1286 29 19 att
586 1284 21 20 få
623 1284 129 21 understöda
767 1284 25 20 hr
807 1284 64 20 Lilles
886 1284 42 20 för-

100 1312 50 28 slag.
181 1312 10 21 I
206 1312 116 28 anledning
336 1313 22 20 af
372 1313 41 21 den
424 1313 142 27 anmärkning
576 1313 25 20 hr
612 1312 103 27 Nybergh
726 1312 122 21 framstälde
867 1318 62 14 anser

99 1341 36 27 jag
160 1340 52 22 dock
238 1341 77 27 skäligt
337 1348 50 14 vara
409 1343 30 19 att
456 1341 70 21 införa
542 1344 29 18 ett
585 1341 78 27 tydligt
678 1341 116 27 stadgande
810 1341 73 20 därom
899 1342 30 18 att

100 1370 32 20 för
152 1369 65 21 sådan
240 1370 137 21 kombinerad
400 1370 76 20 handel
499 1370 186 27 bestämningarna
703 1370 7 20 i
726 1369 152 27 förordningen
893 1374 35 14 om

99 1398 125 27 försäljning
248 1398 22 21 af
290 1398 142 27 spritdrycker
454 1398 41 20 blir
516 1398 103 27 gällande.
649 1398 43 27 Jag
710 1398 89 20 föreslår
814 1398 70 20 därför
899 1398 30 20 att

100 1426 102 21 utskottet
218 1426 64 22 måtte
298 1427 213 27 uppmärksamgöras
528 1427 69 27 härpå.

169 1483 32 21 Hr
222 1483 91 21 Lille:
336 1484 42 27 Jag
393 1484 38 20 har
446 1484 70 20 blifvit
531 1483 146 21 förekommen
693 1483 21 20 af
729 1483 25 20 hr
769 1479 89 24 Öhman.
887 1482 42 21 Det

100 1512 96 20 kommer
210 1512 135 27 naturligtvis
360 1514 30 19 att
406 1512 65 20 blifva
487 1512 57 21 olika
559 1512 158 26 bestämningar
732 1511 97 27 gällande
845 1511 32 20 för
896 1512 33 19 ut-

100 1540 129 27 minutering
252 1540 20 20 af
295 1540 93 21 starkare
410 1540 145 28 spritdrycker
574 1540 19 20 d.
609 1546 19 14 v.
643 1546 14 14 s.
675 1540 89 20 bränvin
786 1540 39 20 och
841 1545 87 21 svagare
