1142 1773
356 137 179 21 Borgareständet
553 138 55 16 1894.
633 138 26 17 25
672 138 39 20 maj
868 131 54 21 1425

123 218 142 21 slutsumman
288 217 32 21 för
342 217 48 21 hela
412 217 101 21 trienniet
535 217 40 21 blir
591 217 82 21 säledes
689 218 112 26 4,245,000
817 217 64 21 mark.
911 217 41 27 Jag

124 246 122 22 hemställer
267 246 104 20 huruvida
393 246 47 20 icke
463 246 62 20 dessa
547 245 76 28 belopp
646 246 72 20 kunde
734 252 30 14 nu
779 248 75 25 genast
868 246 83 20 fixeras.

193 298 33 20 Hr
240 294 110 24 Öhman
367 297 95 21 biträdde
478 297 26 20 hr
518 296 87 22 Heikels
621 297 84 27 förslag.

193 349 33 20 Hr
245 356 51 14 von
315 349 98 21 Pfaler
428 349 144 21 understödde
587 349 78 27 jämväl
681 349 24 20 hr
720 348 89 22 Heikels
825 348 78 28 förslag
917 354 35 15 om

124 377 126 27 återremiss,
265 378 24 20 sä
303 378 85 26 mycket
403 378 65 20 hällre
485 384 45 14 som
547 378 25 20 de
588 378 21 20 af
624 377 24 21 hr
659 377 87 21 Castrén
758 377 88 21 anförda
857 377 96 21 siffrorna

124 406 48 21 icke
193 406 179 21 öfverensstämde
395 406 48 21 med
467 406 26 20 de
516 406 106 27 uppgifter
640 406 25 20 hr
679 405 121 21 Dahlström
817 406 88 27 tidigare
921 406 32 20 uti

125 442 30 13 nu
170 434 159 28 ifrägavarande
345 435 99 21 afseende
459 434 86 21 lämnat.

196 486 10 21 I
222 487 114 27 anledning
351 487 21 20 af
387 487 25 20 de
428 487 123 20 framstälda
566 487 124 26 yrkandena
706 487 158 20 öfverlämnade
879 487 26 20 hr
915 486 37 21 tal-

127 521 92 14 mannen
243 516 32 20 till
290 515 93 22 ständets
406 515 131 22 besvarande
559 522 26 14 en
601 515 117 27 sälydande
734 515 219 28 omröstningspropo-

126 543 72 21 sition:

196 595 39 27 De,
259 595 73 21 hvilka
355 595 72 21 såsom
450 595 217 28 kontraproposition
689 597 46 19 mot
761 595 112 21 utskottets
897 602 56 14 reso-

126 624 166 28 lutionsförslag
308 624 8 20 i
331 624 64 27 fräga
411 631 35 14 om
459 624 148 21 beräknandet
616 624 29 27 af
651 624 124 21 inkomsten
788 624 53 27 frän
851 624 102 27 stämpel-

128 652 148 29 bevillmingen
298 653 54 28 vilja
375 655 82 25 antaga
472 653 28 20 hr
522 653 89 20 Heikels
626 653 89 27 förslag,
731 655 59 19 rösta
801 653 40 27 ja;
865 653 32 26 de,
919 653 35 20 det

126 681 46 21 icke
186 682 62 27 vilja,
263 683 59 20 rösta
337 681 47 28 nej;

196 711 80 20 vinner
294 710 40 27 nej,
351 711 41 20 har
408 710 176 27 borgareständet
599 710 9 20 i
622 709 81 22 sädant
718 709 101 28 afseende
833 709 121 28 föredragit

126 739 28 20 hr
171 738 101 21 Castrens
286 739 89 27 förslag.

196 790 162 27 Propositionen
374 791 127 20 besvarades
517 791 49 20 med
581 790 156 27 öfvervägande
752 790 27 27 ja,
795 790 39 21 och
845 789 66 22 erhöll
921 789 32 21 till

128 818 51 27 följd
195 819 60 20 häraf
270 819 40 20 den
326 819 84 27 slutliga
425 819 159 27 propositionen
599 819 159 20 nedanstäende
774 819 90 26 lydelse:

196 869 38 28 De,
254 871 74 20 hvilka
341 871 117 27 godkänna
474 871 245 27 bevillningsutskottets
734 870 9 21 i
759 871 46 20 dess
821 869 133 22 betänkande

127 906 38 13 n:o
180 900 14 19 4
209 900 122 26 uppgjorda
342 899 118 27 beräkning
472 900 29 26 af
508 900 123 20 inkomsten
641 900 54 26 från
705 899 248 27 stämpelbevillningen,

127 929 60 19 rösta
196 928 41 26 ja;
254 928 30 26 de,
300 928 35 20 det
349 928 45 20 icke
408 930 59 25 göra,
483 930 61 18 rösta
558 928 47 27 nej;

196 956 80 21 vinner
291 957 42 27 nej,
349 957 42 20 har
406 957 176 27 borgareständet
597 956 104 28 omfattat
716 956 27 21 hr
759 956 89 21 Heikels
863 956 89 27 förslag.

197 1012 160 28 Propositionen
381 1013 126 21 besvarades
530 1014 47 20 med
599 1013 156 27 öfvervägande
771 1014 40 26 nej,
827 1014 7 20 i
850 1012 105 22 anseende

128 1042 84 20 hvartill
236 1042 172 26 borgareständet
423 1042 87 21 beslutit
526 1042 91 21 anmoda
632 1042 231 26 bevillningsutskottet
879 1044 35 24 att,
929 1041 26 27 pä

128 1070 68 26 grund
217 1070 21 20 af
258 1070 54 21 hvad
334 1071 82 20 ständet
431 1071 58 20 säväl
505 1071 88 27 tidigare
610 1077 45 14 som
671 1071 34 20 vid
723 1071 79 26 dagens
817 1071 87 27 plenum
919 1070 36 20 be-

128 1099 64 21 slutit,
209 1101 93 25 uppgöra
318 1106 28 19 ny
362 1100 116 25 beräkning
494 1100 21 20 af
530 1100 120 20 inkomsten
664 1099 45 21 utaf
721 1099 234 28 stämpelbevillningen

128 1127 68 20 under
210 1127 143 21 instundande
368 1128 149 27 finansperiod.

197 1218 118 28 Föredrogs
330 1218 242 28 bevillningsutskottets
588 1219 35 20 vid
639 1220 83 20 senaste
737 1218 87 28 plenum
841 1218 115 27 bordlagda

129 1247 134 21 betänkande
274 1254 34 14 n:o
320 1249 12 19 5
344 1248 6 19 i
362 1248 148 26 anledning.af
522 1248 75 26 nådiga
609 1248 157 27 propositionen
777 1254 34 14 n:o
823 1248 12 20 9
847 1246 108 28 angående

129 1275 118 27 bevillning
262 1276 33 20 för
310 1276 40 20 fast
365 1276 104 27 egendom
485 1276 40 20 och
540 1276 98 20 inkomst.

198 1332 66 21 Ordet
286 1332 102 27 begärdes
404 1332 20 21 af
440 1333 25 20 hr
479 1332 175 27 Dahlström,
669 1339 45 14 som
731 1333 91 27 yttrade:
839 1332 33 22 Då
886 1332 71 27 någon

129 1360 89 21 särskild
242 1361 210 27 inkomstbevillning
474 1362 55 20 efter
566 1368 11 14 de
600 1368 29 14 nu
652 1361 79 21 fattade
747 1361 97 21 besluten
859 1361 46 21 icke
921 1360 36 22 be-

129 1389 80 27 höfves,
231 1390 89 20 föreslår
340 1390 36 27 jag
398 1392 30 18 att
450 1390 114 21 utskottets
587 1390 133 21 betänkande
743 1390 64 21 måtte
830 1390 72 27 läggas
925 1390 32 20 till

129 1418 159 27 handlingarna.

198 1474 33 20 Hr
252 1474 116 22 Heikel:
391 1474 41 21 Det
455 1477 23 19 är
497 1476 118 26 säkerligen
636 1475 47 21 icke
699 1476 51 20 utan
765 1475 79 27 fägnad
859 1475 98 27 borgare-

130 1502 84 21 ståndet
236 1503 89 21 kommit
347 1504 32 20 till
402 1504 40 20 den
466 1504 157 27 öfvertygelsen
639 1506 30 18 att
685 1504 34 20 det
735 1504 69 20 såsom
820 1504 137 27 synnerligen

130 1533 113 25 ogynsamt
266 1532 93 20 ansedda
380 1532 126 27 finansläget
528 1533 53 20 dock
597 1532 87 21 faktiskt
699 1532 54 21 visat
768 1532 32 28 sig
815 1532 23 21 så
853 1533 104 27 gynsamt,

866 1572 23 17 90
