<?xml version="1.0" encoding="UTF-8"?>
<alto xmlns="http://www.loc.gov/standards/alto/ns-v3#" xmlns:xlink="http://www.w3.org/1999/xlink" xmlns:xsi="http://www.w3.org/2001/XMLSchema-instance" xsi:schemaLocation="http://www.loc.gov/standards/alto/ns-v3# http://www.loc.gov/alto/v3/alto-3-0.xsd">
	<Description>
		<MeasurementUnit>pixel</MeasurementUnit>
		<sourceImageInformation>
			<fileName>/tmp/tess_ekrx5yy8_input.PNG</fileName>
		</sourceImageInformation>
		<OCRProcessing ID="OCR_0">
			<ocrProcessingStep>
				<processingSoftware>
					<softwareName>tesseract 5.3.4</softwareName>
				</processingSoftware>
			</ocrProcessingStep>
		</OCRProcessing>
	</Description>
	<Layout>
		<Page WIDTH="1142" HEIGHT="1773" PHYSICAL_IMG_NR="0" ID="page_0">
			<PrintSpace HPOS="0" VPOS="0" WIDTH="1142" HEIGHT="1773">
				<GraphicalElement ID="cblock_0" HPOS="0" VPOS="26" WIDTH="8" HEIGHT="763"></GraphicalElement >
				<ComposedBlock ID="cblock_1" HPOS="232" VPOS="127" WIDTH="572" HEIGHT="28">
					<TextBlock ID="block_0" HPOS="232" VPOS="127" WIDTH="572" HEIGHT="28">
						<TextLine ID="line_0" HPOS="232" VPOS="127" WIDTH="572" HEIGHT="28">
							<String ID="string_0" HPOS="232" VPOS="127" WIDTH="42" HEIGHT="21" WC="0.96" CONTENT="872"/><SP WIDTH="156" VPOS="127" HPOS="274"/>
							<String ID="string_1" HPOS="430" VPOS="134" WIDTH="179" HEIGHT="20" WC="0.91" CONTENT="Borgareståndet"/><SP WIDTH="13" VPOS="134" HPOS="609"/>
							<String ID="string_2" HPOS="622" VPOS="135" WIDTH="59" HEIGHT="16" WC="0.95" CONTENT="1894."/><SP WIDTH="24" VPOS="135" HPOS="681"/>
							<String ID="string_3" HPOS="705" VPOS="135" WIDTH="28" HEIGHT="16" WC="0.96" CONTENT="30"/><SP WIDTH="14" VPOS="135" HPOS="733"/>
							<String ID="string_4" HPOS="747" VPOS="134" WIDTH="57" HEIGHT="21" WC="0.87" CONTENT="april."/>
						</TextLine>
					</TextBlock>
				</ComposedBlock>
				<GraphicalElement ID="cblock_2" HPOS="204" VPOS="162" WIDTH="827" HEIGHT="15"></GraphicalElement >
				<ComposedBlock ID="cblock_3" HPOS="199" VPOS="212" WIDTH="830" HEIGHT="509">
					<TextBlock ID="block_1" HPOS="200" VPOS="212" WIDTH="829" HEIGHT="279">
						<TextLine ID="line_1" HPOS="203" VPOS="212" WIDTH="826" HEIGHT="29">
							<String ID="string_5" HPOS="203" VPOS="212" WIDTH="76" HEIGHT="21" WC="0.92" CONTENT="möiset"/><SP WIDTH="22" VPOS="212" HPOS="279"/>
							<String ID="string_6" HPOS="301" VPOS="215" WIDTH="60" HEIGHT="19" WC="0.96" CONTENT="verot"/><SP WIDTH="22" VPOS="215" HPOS="361"/>
							<String ID="string_7" HPOS="383" VPOS="216" WIDTH="49" HEIGHT="18" WC="0.96" CONTENT="ovat"/><SP WIDTH="22" VPOS="216" HPOS="432"/>
							<String ID="string_8" HPOS="454" VPOS="214" WIDTH="71" HEIGHT="20" WC="0.96" CONTENT="vääriä"/><SP WIDTH="13" VPOS="214" HPOS="525"/>
							<String ID="string_9" HPOS="538" VPOS="214" WIDTH="22" HEIGHT="27" WC="0.97" CONTENT="ja"/><SP WIDTH="15" VPOS="214" HPOS="560"/>
							<String ID="string_10" HPOS="575" VPOS="214" WIDTH="110" HEIGHT="21" WC="0.96" CONTENT="rasittavat"/><SP WIDTH="15" VPOS="214" HPOS="685"/>
							<String ID="string_11" HPOS="700" VPOS="214" WIDTH="79" HEIGHT="26" WC="0.96" CONTENT="köyhiä"/><SP WIDTH="14" VPOS="214" HPOS="779"/>
							<String ID="string_12" HPOS="793" VPOS="216" WIDTH="112" HEIGHT="19" WC="0.96" CONTENT="enemmän"/><SP WIDTH="16" VPOS="216" HPOS="905"/>
							<String ID="string_13" HPOS="921" VPOS="214" WIDTH="50" HEIGHT="20" WC="0.93" CONTENT="kuin"/><SP WIDTH="17" VPOS="214" HPOS="971"/>
							<String ID="string_14" HPOS="988" VPOS="214" WIDTH="41" HEIGHT="20" WC="0.93" CONTENT="rik-"/>
						</TextLine>
						<TextLine ID="line_2" HPOS="202" VPOS="241" WIDTH="827" HEIGHT="29">
							<String ID="string_15" HPOS="202" VPOS="241" WIDTH="58" HEIGHT="21" WC="0.96" CONTENT="kaita"/><SP WIDTH="12" VPOS="241" HPOS="260"/>
							<String ID="string_16" HPOS="272" VPOS="248" WIDTH="27" HEIGHT="14" WC="0.96" CONTENT="on"/><SP WIDTH="16" VPOS="248" HPOS="299"/>
							<String ID="string_17" HPOS="315" VPOS="242" WIDTH="44" HEIGHT="20" WC="0.96" CONTENT="niin"/><SP WIDTH="15" VPOS="242" HPOS="359"/>
							<String ID="string_18" HPOS="374" VPOS="242" WIDTH="77" HEIGHT="27" WC="0.96" CONTENT="selvää,"/><SP WIDTH="16" VPOS="242" HPOS="451"/>
							<String ID="string_19" HPOS="467" VPOS="244" WIDTH="57" HEIGHT="19" WC="0.96" CONTENT="etten"/><SP WIDTH="16" VPOS="244" HPOS="524"/>
							<String ID="string_20" HPOS="540" VPOS="242" WIDTH="59" HEIGHT="21" WC="0.96" CONTENT="katso"/><SP WIDTH="18" VPOS="242" HPOS="599"/>
							<String ID="string_21" HPOS="617" VPOS="242" WIDTH="152" HEIGHT="28" WC="0.96" CONTENT="tarpeelliseksi"/><SP WIDTH="16" VPOS="242" HPOS="769"/>
							<String ID="string_22" HPOS="785" VPOS="243" WIDTH="46" HEIGHT="20" WC="0.93" CONTENT="siitä"/><SP WIDTH="15" VPOS="243" HPOS="831"/>
							<String ID="string_23" HPOS="846" VPOS="242" WIDTH="130" HEIGHT="28" WC="0.92" CONTENT="pitemmältä"/><SP WIDTH="15" VPOS="242" HPOS="976"/>
							<String ID="string_24" HPOS="991" VPOS="249" WIDTH="38" HEIGHT="21" WC="0.92" CONTENT="pu-"/>
						</TextLine>
						<TextLine ID="line_3" HPOS="202" VPOS="270" WIDTH="825" HEIGHT="28">
							<String ID="string_25" HPOS="202" VPOS="270" WIDTH="48" HEIGHT="26" WC="0.93" CONTENT="hua,"/><SP WIDTH="26" VPOS="270" HPOS="250"/>
							<String ID="string_26" HPOS="276" VPOS="270" WIDTH="58" HEIGHT="27" WC="0.94" CONTENT="jollei"/><SP WIDTH="26" VPOS="270" HPOS="334"/>
							<String ID="string_27" HPOS="360" VPOS="271" WIDTH="82" HEIGHT="21" WC="0.93" CONTENT="vastoin"/><SP WIDTH="24" VPOS="271" HPOS="442"/>
							<String ID="string_28" HPOS="466" VPOS="271" WIDTH="97" HEIGHT="21" WC="0.92" CONTENT="luuloani"/><SP WIDTH="26" VPOS="271" HPOS="563"/>
							<String ID="string_29" HPOS="589" VPOS="271" WIDTH="145" HEIGHT="21" WC="0.96" CONTENT="valiokunnan"/><SP WIDTH="16" VPOS="271" HPOS="734"/>
							<String ID="string_30" HPOS="750" VPOS="271" WIDTH="138" HEIGHT="27" WC="0.93" CONTENT="mielipidettä"/><SP WIDTH="14" VPOS="271" HPOS="888"/>
							<String ID="string_31" HPOS="902" VPOS="271" WIDTH="125" HEIGHT="27" WC="0.86" CONTENT="puolusteta."/>
						</TextLine>
						<TextLine ID="line_4" HPOS="202" VPOS="298" WIDTH="825" HEIGHT="29">
							<String ID="string_32" HPOS="202" VPOS="298" WIDTH="72" HEIGHT="21" WC="0.95" CONTENT="Kuten"/><SP WIDTH="24" VPOS="298" HPOS="274"/>
							<String ID="string_33" HPOS="298" VPOS="300" WIDTH="21" HEIGHT="25" WC="0.95" CONTENT="jo"/><SP WIDTH="25" VPOS="300" HPOS="319"/>
							<String ID="string_34" HPOS="344" VPOS="300" WIDTH="80" HEIGHT="25" WC="0.95" CONTENT="sanoin,"/><SP WIDTH="26" VPOS="300" HPOS="424"/>
							<String ID="string_35" HPOS="450" VPOS="300" WIDTH="85" HEIGHT="27" WC="0.96" CONTENT="tahdon,"/><SP WIDTH="15" VPOS="300" HPOS="535"/>
							<String ID="string_36" HPOS="550" VPOS="300" WIDTH="32" HEIGHT="26" WC="0.95" CONTENT="jos"/><SP WIDTH="20" VPOS="300" HPOS="582"/>
							<String ID="string_37" HPOS="602" VPOS="306" WIDTH="66" HEIGHT="14" WC="0.95" CONTENT="veron"/><SP WIDTH="21" VPOS="306" HPOS="668"/>
							<String ID="string_38" HPOS="689" VPOS="300" WIDTH="86" HEIGHT="20" WC="0.96" CONTENT="korotus"/><SP WIDTH="16" VPOS="300" HPOS="775"/>
							<String ID="string_39" HPOS="791" VPOS="300" WIDTH="111" HEIGHT="20" WC="0.93" CONTENT="havaitaan"/><SP WIDTH="22" VPOS="300" HPOS="902"/>
							<String ID="string_40" HPOS="924" VPOS="300" WIDTH="103" HEIGHT="27" WC="0.93" CONTENT="tarpeelli-"/>
						</TextLine>
						<TextLine ID="line_5" HPOS="201" VPOS="327" WIDTH="826" HEIGHT="29">
							<String ID="string_41" HPOS="201" VPOS="327" WIDTH="57" HEIGHT="21" WC="0.93" CONTENT="seksi"/><SP WIDTH="15" VPOS="327" HPOS="258"/>
							<String ID="string_42" HPOS="273" VPOS="340" WIDTH="28" HEIGHT="2" WC="0.92" CONTENT="—"/><SP WIDTH="15" VPOS="340" HPOS="301"/>
							<String ID="string_43" HPOS="316" VPOS="330" WIDTH="67" HEIGHT="19" WC="0.96" CONTENT="mutta"/><SP WIDTH="15" VPOS="330" HPOS="383"/>
							<String ID="string_44" HPOS="398" VPOS="328" WIDTH="121" HEIGHT="21" WC="0.97" CONTENT="ainoastaan"/><SP WIDTH="17" VPOS="328" HPOS="519"/>
							<String ID="string_45" HPOS="536" VPOS="328" WIDTH="54" HEIGHT="21" WC="0.96" CONTENT="siinä"/><SP WIDTH="15" VPOS="328" HPOS="590"/>
							<String ID="string_46" HPOS="605" VPOS="328" WIDTH="137" HEIGHT="28" WC="0.93" CONTENT="tapauksessa"/><SP WIDTH="17" VPOS="328" HPOS="742"/>
							<String ID="string_47" HPOS="759" VPOS="340" WIDTH="25" HEIGHT="3" WC="0.91" CONTENT="-—"/><SP WIDTH="11" VPOS="340" HPOS="784"/>
							<String ID="string_48" HPOS="795" VPOS="328" WIDTH="104" HEIGHT="21" WC="0.92" CONTENT="äänelläni"/><SP WIDTH="15" VPOS="328" HPOS="899"/>
							<String ID="string_49" HPOS="914" VPOS="328" WIDTH="113" HEIGHT="21" WC="0.96" CONTENT="kannattaa"/>
						</TextLine>
						<TextLine ID="line_6" HPOS="201" VPOS="355" WIDTH="826" HEIGHT="28">
							<String ID="string_50" HPOS="201" VPOS="355" WIDTH="166" HEIGHT="27" WC="0.96" CONTENT="kysymyksessä"/><SP WIDTH="15" VPOS="355" HPOS="367"/>
							<String ID="string_51" HPOS="382" VPOS="356" WIDTH="75" HEIGHT="21" WC="0.96" CONTENT="olevan"/><SP WIDTH="17" VPOS="356" HPOS="457"/>
							<String ID="string_52" HPOS="474" VPOS="363" WIDTH="65" HEIGHT="15" WC="0.96" CONTENT="veron"/><SP WIDTH="15" VPOS="363" HPOS="539"/>
							<String ID="string_53" HPOS="554" VPOS="357" WIDTH="155" HEIGHT="26" WC="0.96" CONTENT="korottamista;"/><SP WIDTH="18" VPOS="357" HPOS="709"/>
							<String ID="string_54" HPOS="727" VPOS="363" WIDTH="53" HEIGHT="14" WC="0.96" CONTENT="vaan"/><SP WIDTH="16" VPOS="363" HPOS="780"/>
							<String ID="string_55" HPOS="796" VPOS="357" WIDTH="44" HEIGHT="20" WC="0.96" CONTENT="kun"/><SP WIDTH="16" VPOS="357" HPOS="840"/>
							<String ID="string_56" HPOS="856" VPOS="363" WIDTH="35" HEIGHT="15" WC="0.96" CONTENT="sen"/><SP WIDTH="18" VPOS="363" HPOS="891"/>
							<String ID="string_57" HPOS="909" VPOS="359" WIDTH="54" HEIGHT="24" WC="0.96" CONTENT="teen,"/><SP WIDTH="16" VPOS="359" HPOS="963"/>
							<String ID="string_58" HPOS="979" VPOS="358" WIDTH="48" HEIGHT="20" WC="0.96" CONTENT="teen"/>
						</TextLine>
						<TextLine ID="line_7" HPOS="201" VPOS="385" WIDTH="826" HEIGHT="27">
							<String ID="string_59" HPOS="201" VPOS="390" WIDTH="38" HEIGHT="15" WC="0.93" CONTENT="sen"/><SP WIDTH="23" VPOS="390" HPOS="239"/>
							<String ID="string_60" HPOS="262" VPOS="385" WIDTH="121" HEIGHT="21" WC="0.92" CONTENT="armollisen"/><SP WIDTH="23" VPOS="385" HPOS="383"/>
							<String ID="string_61" HPOS="406" VPOS="386" WIDTH="108" HEIGHT="26" WC="0.93" CONTENT="esityksen"/><SP WIDTH="20" VPOS="386" HPOS="514"/>
							<String ID="string_62" HPOS="534" VPOS="386" WIDTH="161" HEIGHT="20" WC="0.92" CONTENT="mainitsemista"/><SP WIDTH="16" VPOS="386" HPOS="695"/>
							<String ID="string_63" HPOS="711" VPOS="386" WIDTH="71" HEIGHT="26" WC="0.95" CONTENT="syistä."/><SP WIDTH="31" VPOS="386" HPOS="782"/>
							<String ID="string_64" HPOS="813" VPOS="385" WIDTH="92" HEIGHT="21" WC="0.96" CONTENT="Samalla"/><SP WIDTH="14" VPOS="385" HPOS="905"/>
							<String ID="string_65" HPOS="919" VPOS="386" WIDTH="108" HEIGHT="20" WC="0.96" CONTENT="rohkenen"/>
						</TextLine>
						<TextLine ID="line_8" HPOS="202" VPOS="413" WIDTH="825" HEIGHT="27">
							<String ID="string_66" HPOS="202" VPOS="419" WIDTH="37" HEIGHT="14" WC="0.96" CONTENT="sen"/><SP WIDTH="21" VPOS="419" HPOS="239"/>
							<String ID="string_67" HPOS="260" VPOS="413" WIDTH="79" HEIGHT="27" WC="0.96" CONTENT="nojalla"/><SP WIDTH="20" VPOS="413" HPOS="339"/>
							<String ID="string_68" HPOS="359" VPOS="414" WIDTH="52" HEIGHT="20" WC="0.96" CONTENT="mitä"/><SP WIDTH="22" VPOS="414" HPOS="411"/>
							<String ID="string_69" HPOS="433" VPOS="414" WIDTH="49" HEIGHT="21" WC="0.96" CONTENT="olen"/><SP WIDTH="22" VPOS="414" HPOS="482"/>
							<String ID="string_70" HPOS="504" VPOS="414" WIDTH="103" HEIGHT="21" WC="0.96" CONTENT="lausunut"/><SP WIDTH="15" VPOS="414" HPOS="607"/>
							<String ID="string_71" HPOS="622" VPOS="414" WIDTH="105" HEIGHT="23" WC="0.94" CONTENT="ehdottaa,"/><SP WIDTH="15" VPOS="414" HPOS="727"/>
							<String ID="string_72" HPOS="742" VPOS="416" WIDTH="43" HEIGHT="19" WC="0.96" CONTENT="että"/><SP WIDTH="15" VPOS="416" HPOS="785"/>
							<String ID="string_73" HPOS="800" VPOS="420" WIDTH="21" HEIGHT="15" WC="0.97" CONTENT="se"/><SP WIDTH="16" VPOS="420" HPOS="821"/>
							<String ID="string_74" HPOS="837" VPOS="414" WIDTH="64" HEIGHT="20" WC="0.96" CONTENT="kohta"/><SP WIDTH="16" VPOS="414" HPOS="901"/>
							<String ID="string_75" HPOS="917" VPOS="415" WIDTH="12" HEIGHT="19" WC="0.96" CONTENT="3"/><SP WIDTH="16" VPOS="415" HPOS="929"/>
							<String ID="string_76" HPOS="945" VPOS="414" WIDTH="82" HEIGHT="26" WC="0.96" CONTENT="sivulla,"/>
						</TextLine>
						<TextLine ID="line_9" HPOS="200" VPOS="442" WIDTH="827" HEIGHT="28">
							<String ID="string_77" HPOS="200" VPOS="442" WIDTH="57" HEIGHT="27" WC="0.96" CONTENT="jossa"/><SP WIDTH="15" VPOS="442" HPOS="257"/>
							<String ID="string_78" HPOS="272" VPOS="442" WIDTH="123" HEIGHT="21" WC="0.96" CONTENT="valiokunta"/><SP WIDTH="15" VPOS="442" HPOS="395"/>
							<String ID="string_79" HPOS="410" VPOS="443" WIDTH="75" HEIGHT="27" WC="0.96" CONTENT="puhuu"/><SP WIDTH="15" VPOS="443" HPOS="485"/>
							<String ID="string_80" HPOS="500" VPOS="442" WIDTH="118" HEIGHT="22" WC="0.96" CONTENT="välillisistä"/><SP WIDTH="15" VPOS="442" HPOS="618"/>
							<String ID="string_81" HPOS="633" VPOS="443" WIDTH="92" HEIGHT="21" WC="0.96" CONTENT="veroista"/><SP WIDTH="14" VPOS="443" HPOS="725"/>
							<String ID="string_82" HPOS="739" VPOS="443" WIDTH="21" HEIGHT="26" WC="0.96" CONTENT="ja"/><SP WIDTH="11" VPOS="443" HPOS="760"/>
							<String ID="string_83" HPOS="771" VPOS="442" WIDTH="122" HEIGHT="21" WC="0.96" CONTENT="suosittelee"/><SP WIDTH="11" VPOS="442" HPOS="893"/>
							<String ID="string_84" HPOS="904" VPOS="443" WIDTH="57" HEIGHT="26" WC="0.93" CONTENT="niitä,"/><SP WIDTH="11" VPOS="443" HPOS="961"/>
							<String ID="string_85" HPOS="972" VPOS="442" WIDTH="55" HEIGHT="28" WC="0.93" CONTENT="pois-"/>
						</TextLine>
						<TextLine ID="line_10" HPOS="200" VPOS="470" WIDTH="106" HEIGHT="21">
							<String ID="string_86" HPOS="200" VPOS="470" WIDTH="106" HEIGHT="21" WC="0.92" CONTENT="tettaisiin."/>
						</TextLine>
					</TextBlock>
					<TextBlock ID="block_2" HPOS="199" VPOS="499" WIDTH="828" HEIGHT="222">
						<TextLine ID="line_11" HPOS="268" VPOS="499" WIDTH="759" HEIGHT="28">
							<String ID="string_87" HPOS="268" VPOS="499" WIDTH="78" HEIGHT="21" WC="0.95" CONTENT="Tämän"/><SP WIDTH="27" VPOS="499" HPOS="346"/>
							<String ID="string_88" HPOS="373" VPOS="500" WIDTH="75" HEIGHT="21" WC="0.95" CONTENT="ohessa"/><SP WIDTH="25" VPOS="500" HPOS="448"/>
							<String ID="string_89" HPOS="473" VPOS="507" WIDTH="27" HEIGHT="14" WC="0.95" CONTENT="on"/><SP WIDTH="26" VPOS="507" HPOS="500"/>
							<String ID="string_90" HPOS="526" VPOS="500" WIDTH="74" HEIGHT="21" WC="0.95" CONTENT="minun"/><SP WIDTH="16" VPOS="500" HPOS="600"/>
							<String ID="string_91" HPOS="616" VPOS="500" WIDTH="144" HEIGHT="27" WC="0.96" CONTENT="ilmoitettava,"/><SP WIDTH="16" VPOS="500" HPOS="760"/>
							<String ID="string_92" HPOS="776" VPOS="502" WIDTH="47" HEIGHT="25" WC="0.96" CONTENT="että,"/><SP WIDTH="15" VPOS="502" HPOS="823"/>
							<String ID="string_93" HPOS="838" VPOS="500" WIDTH="45" HEIGHT="21" WC="0.96" CONTENT="kun"/><SP WIDTH="18" VPOS="500" HPOS="883"/>
							<String ID="string_94" HPOS="901" VPOS="500" WIDTH="46" HEIGHT="21" WC="0.93" CONTENT="luin"/><SP WIDTH="16" VPOS="500" HPOS="947"/>
							<String ID="string_95" HPOS="963" VPOS="500" WIDTH="64" HEIGHT="20" WC="0.93" CONTENT="valio-"/>
						</TextLine>
						<TextLine ID="line_12" HPOS="199" VPOS="527" WIDTH="828" HEIGHT="28">
							<String ID="string_96" HPOS="199" VPOS="527" WIDTH="87" HEIGHT="22" WC="0.95" CONTENT="kunnan"/><SP WIDTH="27" VPOS="527" HPOS="286"/>
							<String ID="string_97" HPOS="313" VPOS="529" WIDTH="161" HEIGHT="20" WC="0.93" CONTENT="muodostaman"/><SP WIDTH="27" VPOS="529" HPOS="474"/>
							<String ID="string_98" HPOS="501" VPOS="529" WIDTH="87" HEIGHT="20" WC="0.94" CONTENT="lauseen"/><SP WIDTH="16" VPOS="529" HPOS="588"/>
							<String ID="string_99" HPOS="604" VPOS="529" WIDTH="97" HEIGHT="20" WC="0.96" CONTENT="viimeksi"/><SP WIDTH="16" VPOS="529" HPOS="701"/>
							<String ID="string_100" HPOS="717" VPOS="529" WIDTH="122" HEIGHT="21" WC="0.96" CONTENT="mainitusta"/><SP WIDTH="19" VPOS="529" HPOS="839"/>
							<String ID="string_101" HPOS="858" VPOS="529" WIDTH="107" HEIGHT="26" WC="0.96" CONTENT="kohdasta,"/><SP WIDTH="17" VPOS="529" HPOS="965"/>
							<String ID="string_102" HPOS="982" VPOS="529" WIDTH="45" HEIGHT="19" WC="0.96" CONTENT="luin"/>
						</TextLine>
						<TextLine ID="line_13" HPOS="200" VPOS="557" WIDTH="827" HEIGHT="28">
							<String ID="string_103" HPOS="200" VPOS="563" WIDTH="66" HEIGHT="14" WC="0.87" CONTENT="sanan"/><SP WIDTH="28" VPOS="563" HPOS="266"/>
							<String ID="string_104" HPOS="294" VPOS="557" WIDTH="184" HEIGHT="21" WC="0.80" CONTENT="»veroesineiden»"/><SP WIDTH="30" VPOS="557" HPOS="478"/>
							<String ID="string_105" HPOS="508" VPOS="557" WIDTH="83" HEIGHT="21" WC="0.92" CONTENT="sanaksi"/><SP WIDTH="28" VPOS="557" HPOS="591"/>
							<String ID="string_106" HPOS="619" VPOS="558" WIDTH="194" HEIGHT="27" WC="0.90" CONTENT="»veromuotojen»,"/><SP WIDTH="24" VPOS="558" HPOS="813"/>
							<String ID="string_107" HPOS="837" VPOS="557" WIDTH="65" HEIGHT="21" WC="0.96" CONTENT="kuten"/><SP WIDTH="17" VPOS="557" HPOS="902"/>
							<String ID="string_108" HPOS="919" VPOS="563" WIDTH="36" HEIGHT="15" WC="0.96" CONTENT="sen"/><SP WIDTH="16" VPOS="563" HPOS="955"/>
							<String ID="string_109" HPOS="971" VPOS="557" WIDTH="56" HEIGHT="27" WC="0.96" CONTENT="pitää"/>
						</TextLine>
						<TextLine ID="line_14" HPOS="200" VPOS="585" WIDTH="826" HEIGHT="28">
							<String ID="string_110" HPOS="200" VPOS="585" WIDTH="47" HEIGHT="20" WC="0.90" CONTENT="olla."/><SP WIDTH="36" VPOS="585" HPOS="247"/>
							<String ID="string_111" HPOS="283" VPOS="585" WIDTH="113" HEIGHT="22" WC="0.83" CONTENT="Veroesine"/><SP WIDTH="15" VPOS="585" HPOS="396"/>
							<String ID="string_112" HPOS="411" VPOS="593" WIDTH="27" HEIGHT="14" WC="0.93" CONTENT="on"/><SP WIDTH="14" VPOS="593" HPOS="438"/>
							<String ID="string_113" HPOS="452" VPOS="586" WIDTH="139" HEIGHT="27" WC="0.14" CONTENT="skatteobjekt"/><SP WIDTH="15" VPOS="586" HPOS="591"/>
							<String ID="string_114" HPOS="606" VPOS="586" WIDTH="43" HEIGHT="21" WC="0.93" CONTENT="tahi"/><SP WIDTH="12" VPOS="586" HPOS="649"/>
							<String ID="string_115" HPOS="661" VPOS="586" WIDTH="163" HEIGHT="27" WC="0.43" CONTENT="skatteföremäl"/><SP WIDTH="13" VPOS="586" HPOS="824"/>
							<String ID="string_116" HPOS="837" VPOS="586" WIDTH="46" HEIGHT="21" WC="0.93" CONTENT="eikä"/><SP WIDTH="10" VPOS="586" HPOS="883"/>
							<String ID="string_117" HPOS="893" VPOS="585" WIDTH="133" HEIGHT="28" WC="0.89" CONTENT="skatteform."/>
						</TextLine>
						<TextLine ID="line_15" HPOS="200" VPOS="613" WIDTH="827" HEIGHT="28">
							<String ID="string_118" HPOS="200" VPOS="613" WIDTH="90" HEIGHT="22" WC="0.96" CONTENT="Muuten"/><SP WIDTH="22" VPOS="613" HPOS="290"/>
							<String ID="string_119" HPOS="312" VPOS="615" WIDTH="85" HEIGHT="26" WC="0.96" CONTENT="pyydän"/><SP WIDTH="16" VPOS="615" HPOS="397"/>
							<String ID="string_120" HPOS="413" VPOS="615" WIDTH="64" HEIGHT="20" WC="0.93" CONTENT="saada"/><SP WIDTH="15" VPOS="615" HPOS="477"/>
							<String ID="string_121" HPOS="492" VPOS="615" WIDTH="147" HEIGHT="26" WC="0.91" CONTENT="nöyrimmästi"/><SP WIDTH="16" VPOS="615" HPOS="639"/>
							<String ID="string_122" HPOS="655" VPOS="615" WIDTH="104" HEIGHT="26" WC="0.96" CONTENT="ehdottaa,"/><SP WIDTH="16" VPOS="615" HPOS="759"/>
							<String ID="string_123" HPOS="775" VPOS="616" WIDTH="47" HEIGHT="25" WC="0.96" CONTENT="että,"/><SP WIDTH="15" VPOS="616" HPOS="822"/>
							<String ID="string_124" HPOS="837" VPOS="615" WIDTH="32" HEIGHT="26" WC="0.96" CONTENT="jos"/><SP WIDTH="16" VPOS="615" HPOS="869"/>
							<String ID="string_125" HPOS="885" VPOS="621" WIDTH="64" HEIGHT="14" WC="0.93" CONTENT="veron"/><SP WIDTH="16" VPOS="621" HPOS="949"/>
							<String ID="string_126" HPOS="965" VPOS="614" WIDTH="62" HEIGHT="21" WC="0.92" CONTENT="koro-"/>
						</TextLine>
						<TextLine ID="line_16" HPOS="199" VPOS="642" WIDTH="828" HEIGHT="29">
							<String ID="string_127" HPOS="199" VPOS="644" WIDTH="34" HEIGHT="19" WC="0.96" CONTENT="tus"/><SP WIDTH="16" VPOS="644" HPOS="233"/>
							<String ID="string_128" HPOS="249" VPOS="642" WIDTH="153" HEIGHT="28" WC="0.96" CONTENT="hyväksytään,"/><SP WIDTH="15" VPOS="642" HPOS="402"/>
							<String ID="string_129" HPOS="417" VPOS="644" WIDTH="95" HEIGHT="27" WC="0.93" CONTENT="säätyjen"/><SP WIDTH="17" VPOS="644" HPOS="512"/>
							<String ID="string_130" HPOS="529" VPOS="643" WIDTH="247" HEIGHT="27" WC="0.92" CONTENT="vastauskirjoituksessa"/><SP WIDTH="15" VPOS="643" HPOS="776"/>
							<String ID="string_131" HPOS="791" VPOS="643" WIDTH="118" HEIGHT="26" WC="0.96" CONTENT="lausutaan,"/><SP WIDTH="16" VPOS="643" HPOS="909"/>
							<String ID="string_132" HPOS="925" VPOS="645" WIDTH="42" HEIGHT="18" WC="0.93" CONTENT="että"/><SP WIDTH="15" VPOS="645" HPOS="967"/>
							<String ID="string_133" HPOS="982" VPOS="645" WIDTH="45" HEIGHT="18" WC="0.93" CONTENT="sää-"/>
						</TextLine>
						<TextLine ID="line_17" HPOS="200" VPOS="671" WIDTH="827" HEIGHT="28">
							<String ID="string_134" HPOS="200" VPOS="671" WIDTH="37" HEIGHT="26" WC="0.93" CONTENT="dyt"/><SP WIDTH="25" VPOS="671" HPOS="237"/>
							<String ID="string_135" HPOS="262" VPOS="673" WIDTH="49" HEIGHT="19" WC="0.95" CONTENT="ovat"/><SP WIDTH="26" VPOS="673" HPOS="311"/>
							<String ID="string_136" HPOS="337" VPOS="672" WIDTH="147" HEIGHT="27" WC="0.96" CONTENT="hyväksyneet"/><SP WIDTH="24" VPOS="672" HPOS="484"/>
							<String ID="string_137" HPOS="508" VPOS="678" WIDTH="65" HEIGHT="15" WC="0.96" CONTENT="veron"/><SP WIDTH="22" VPOS="678" HPOS="573"/>
							<String ID="string_138" HPOS="595" VPOS="672" WIDTH="48" HEIGHT="20" WC="0.96" CONTENT="sillä"/><SP WIDTH="14" VPOS="672" HPOS="643"/>
							<String ID="string_139" HPOS="657" VPOS="671" WIDTH="162" HEIGHT="27" WC="0.96" CONTENT="edellytyksellä"/><SP WIDTH="16" VPOS="671" HPOS="819"/>
							<String ID="string_140" HPOS="835" VPOS="672" WIDTH="49" HEIGHT="20" WC="0.96" CONTENT="ettei"/><SP WIDTH="16" VPOS="672" HPOS="884"/>
							<String ID="string_141" HPOS="900" VPOS="671" WIDTH="59" HEIGHT="21" WC="0.93" CONTENT="tullia"/><SP WIDTH="16" VPOS="671" HPOS="959"/>
							<String ID="string_142" HPOS="975" VPOS="671" WIDTH="52" HEIGHT="21" WC="0.93" CONTENT="mal-"/>
						</TextLine>
						<TextLine ID="line_18" HPOS="199" VPOS="700" WIDTH="592" HEIGHT="21">
							<String ID="string_143" HPOS="199" VPOS="700" WIDTH="61" HEIGHT="21" WC="0.93" CONTENT="taista"/><SP WIDTH="16" VPOS="700" HPOS="260"/>
							<String ID="string_144" HPOS="276" VPOS="700" WIDTH="98" HEIGHT="21" WC="0.92" CONTENT="alenneta"/><SP WIDTH="15" VPOS="700" HPOS="374"/>
							<String ID="string_145" HPOS="389" VPOS="701" WIDTH="47" HEIGHT="20" WC="0.93" CONTENT="ensi"/><SP WIDTH="14" VPOS="701" HPOS="436"/>
							<String ID="string_146" HPOS="450" VPOS="700" WIDTH="219" HEIGHT="21" WC="0.92" CONTENT="rahainhoitokauden"/><SP WIDTH="16" VPOS="700" HPOS="669"/>
							<String ID="string_147" HPOS="685" VPOS="700" WIDTH="106" HEIGHT="21" WC="0.96" CONTENT="kuluessa."/>
						</TextLine>
					</TextBlock>
				</ComposedBlock>
				<ComposedBlock ID="cblock_4" HPOS="190" VPOS="757" WIDTH="835" HEIGHT="799">
					<TextBlock ID="block_3" HPOS="190" VPOS="757" WIDTH="835" HEIGHT="799">
						<TextLine ID="line_19" HPOS="266" VPOS="757" WIDTH="759" HEIGHT="28">
							<String ID="string_148" HPOS="266" VPOS="757" WIDTH="33" HEIGHT="21" WC="0.14" CONTENT="Hr"/><SP WIDTH="14" VPOS="757" HPOS="299"/>
							<String ID="string_149" HPOS="313" VPOS="757" WIDTH="118" HEIGHT="22" WC="0.14" CONTENT="Idman:"/><SP WIDTH="31" VPOS="757" HPOS="431"/>
							<String ID="string_150" HPOS="462" VPOS="758" WIDTH="75" HEIGHT="21" WC="0.95" CONTENT="Under"/><SP WIDTH="21" VPOS="758" HPOS="537"/>
							<String ID="string_151" HPOS="558" VPOS="765" WIDTH="29" HEIGHT="13" WC="0.93" CONTENT="nu"/><SP WIDTH="22" VPOS="765" HPOS="587"/>
							<String ID="string_152" HPOS="609" VPOS="757" WIDTH="109" HEIGHT="28" WC="0.93" CONTENT="pågående"/><SP WIDTH="15" VPOS="757" HPOS="718"/>
							<String ID="string_153" HPOS="733" VPOS="757" WIDTH="142" HEIGHT="21" WC="0.92" CONTENT="ständermöte"/><SP WIDTH="16" VPOS="757" HPOS="875"/>
							<String ID="string_154" HPOS="891" VPOS="757" WIDTH="37" HEIGHT="21" WC="0.95" CONTENT="har"/><SP WIDTH="15" VPOS="757" HPOS="928"/>
							<String ID="string_155" HPOS="943" VPOS="757" WIDTH="23" HEIGHT="20" WC="0.95" CONTENT="sä"/><SP WIDTH="16" VPOS="757" HPOS="966"/>
							<String ID="string_156" HPOS="982" VPOS="757" WIDTH="43" HEIGHT="21" WC="0.96" CONTENT="ofta"/>
						</TextLine>
						<TextLine ID="line_20" HPOS="196" VPOS="785" WIDTH="829" HEIGHT="28">
							<String ID="string_157" HPOS="196" VPOS="785" WIDTH="126" HEIGHT="22" WC="0.90" CONTENT="framhällits"/><SP WIDTH="22" VPOS="785" HPOS="322"/>
							<String ID="string_158" HPOS="344" VPOS="788" WIDTH="30" HEIGHT="19" WC="0.96" CONTENT="att"/><SP WIDTH="21" VPOS="788" HPOS="374"/>
							<String ID="string_159" HPOS="395" VPOS="787" WIDTH="20" HEIGHT="20" WC="0.96" CONTENT="vi"/><SP WIDTH="16" VPOS="787" HPOS="415"/>
							<String ID="string_160" HPOS="431" VPOS="787" WIDTH="33" HEIGHT="20" WC="0.93" CONTENT="för"/><SP WIDTH="14" VPOS="787" HPOS="464"/>
							<String ID="string_161" HPOS="478" VPOS="786" WIDTH="143" HEIGHT="21" WC="0.93" CONTENT="instundande"/><SP WIDTH="16" VPOS="786" HPOS="621"/>
							<String ID="string_162" HPOS="637" VPOS="786" WIDTH="143" HEIGHT="27" WC="0.92" CONTENT="finansperiod"/><SP WIDTH="15" VPOS="786" HPOS="780"/>
							<String ID="string_163" HPOS="795" VPOS="788" WIDTH="36" HEIGHT="18" WC="0.93" CONTENT="äro"/><SP WIDTH="15" VPOS="788" HPOS="831"/>
							<String ID="string_164" HPOS="846" VPOS="786" WIDTH="7" HEIGHT="20" WC="0.93" CONTENT="i"/><SP WIDTH="17" VPOS="786" HPOS="853"/>
							<String ID="string_165" HPOS="870" VPOS="785" WIDTH="62" HEIGHT="22" WC="0.92" CONTENT="behof"/><SP WIDTH="15" VPOS="785" HPOS="932"/>
							<String ID="string_166" HPOS="947" VPOS="786" WIDTH="22" HEIGHT="20" WC="0.93" CONTENT="af"/><SP WIDTH="14" VPOS="786" HPOS="969"/>
							<String ID="string_167" HPOS="983" VPOS="786" WIDTH="42" HEIGHT="20" WC="0.92" CONTENT="för-"/>
						</TextLine>
						<TextLine ID="line_21" HPOS="193" VPOS="814" WIDTH="831" HEIGHT="28">
							<String ID="string_168" HPOS="193" VPOS="814" WIDTH="67" HEIGHT="21" WC="0.89" CONTENT="ökade"/><SP WIDTH="28" VPOS="814" HPOS="260"/>
							<String ID="string_169" HPOS="288" VPOS="815" WIDTH="122" HEIGHT="27" WC="0.92" CONTENT="inkomster,"/><SP WIDTH="26" VPOS="815" HPOS="410"/>
							<String ID="string_170" HPOS="436" VPOS="817" WIDTH="30" HEIGHT="19" WC="0.96" CONTENT="att"/><SP WIDTH="23" VPOS="817" HPOS="466"/>
							<String ID="string_171" HPOS="489" VPOS="815" WIDTH="20" HEIGHT="20" WC="0.93" CONTENT="vi"/><SP WIDTH="22" VPOS="815" HPOS="509"/>
							<String ID="string_172" HPOS="531" VPOS="815" WIDTH="46" HEIGHT="20" WC="0.93" CONTENT="icke"/><SP WIDTH="16" VPOS="815" HPOS="577"/>
							<String ID="string_173" HPOS="593" VPOS="815" WIDTH="74" HEIGHT="20" WC="0.93" CONTENT="kunna"/><SP WIDTH="16" VPOS="815" HPOS="667"/>
							<String ID="string_174" HPOS="683" VPOS="815" WIDTH="71" HEIGHT="26" WC="0.93" CONTENT="undgä"/><SP WIDTH="16" VPOS="815" HPOS="754"/>
							<String ID="string_175" HPOS="770" VPOS="821" WIDTH="42" HEIGHT="20" WC="0.93" CONTENT="nya"/><SP WIDTH="15" VPOS="821" HPOS="812"/>
							<String ID="string_176" HPOS="827" VPOS="815" WIDTH="84" HEIGHT="25" WC="0.92" CONTENT="skatter,"/><SP WIDTH="16" VPOS="815" HPOS="911"/>
							<String ID="string_177" HPOS="927" VPOS="821" WIDTH="49" HEIGHT="14" WC="0.93" CONTENT="vare"/><SP WIDTH="17" VPOS="821" HPOS="976"/>
							<String ID="string_178" HPOS="993" VPOS="815" WIDTH="31" HEIGHT="26" WC="0.96" CONTENT="sig"/>
						</TextLine>
						<TextLine ID="line_22" HPOS="193" VPOS="843" WIDTH="831" HEIGHT="26">
							<String ID="string_179" HPOS="193" VPOS="843" WIDTH="66" HEIGHT="20" WC="0.96" CONTENT="sedan"/><SP WIDTH="16" VPOS="843" HPOS="259"/>
							<String ID="string_180" HPOS="275" VPOS="845" WIDTH="30" HEIGHT="19" WC="0.96" CONTENT="att"/><SP WIDTH="15" VPOS="845" HPOS="305"/>
							<String ID="string_181" HPOS="320" VPOS="843" WIDTH="61" HEIGHT="21" WC="0.93" CONTENT="dessa"/><SP WIDTH="16" VPOS="843" HPOS="381"/>
							<String ID="string_182" HPOS="397" VPOS="843" WIDTH="65" HEIGHT="21" WC="0.92" CONTENT="blifva"/><SP WIDTH="20" VPOS="843" HPOS="462"/>
							<String ID="string_183" HPOS="482" VPOS="844" WIDTH="81" HEIGHT="20" WC="0.91" CONTENT="direkta"/><SP WIDTH="22" VPOS="844" HPOS="563"/>
							<String ID="string_184" HPOS="585" VPOS="843" WIDTH="52" HEIGHT="21" WC="0.93" CONTENT="eller"/><SP WIDTH="22" VPOS="843" HPOS="637"/>
							<String ID="string_185" HPOS="659" VPOS="843" WIDTH="105" HEIGHT="21" WC="0.92" CONTENT="indirekta"/><SP WIDTH="23" VPOS="843" HPOS="764"/>
							<String ID="string_186" HPOS="787" VPOS="843" WIDTH="51" HEIGHT="20" WC="0.93" CONTENT="eller"/><SP WIDTH="23" VPOS="843" HPOS="838"/>
							<String ID="string_187" HPOS="861" VPOS="843" WIDTH="110" HEIGHT="26" WC="0.92" CONTENT="bädadera,"/><SP WIDTH="24" VPOS="843" HPOS="971"/>
							<String ID="string_188" HPOS="995" VPOS="846" WIDTH="29" HEIGHT="17" WC="0.96" CONTENT="att"/>
						</TextLine>
						<TextLine ID="line_23" HPOS="195" VPOS="871" WIDTH="828" HEIGHT="28">
							<String ID="string_189" HPOS="195" VPOS="871" WIDTH="74" HEIGHT="21" WC="0.91" CONTENT="tvifvel"/><SP WIDTH="25" VPOS="871" HPOS="269"/>
							<String ID="string_190" HPOS="294" VPOS="878" WIDTH="34" HEIGHT="14" WC="0.96" CONTENT="om"/><SP WIDTH="26" VPOS="878" HPOS="328"/>
							<String ID="string_191" HPOS="354" VPOS="872" WIDTH="57" HEIGHT="21" WC="0.93" CONTENT="detta"/><SP WIDTH="25" VPOS="872" HPOS="411"/>
							<String ID="string_192" HPOS="436" VPOS="872" WIDTH="82" HEIGHT="21" WC="0.91" CONTENT="faktum"/><SP WIDTH="25" VPOS="872" HPOS="518"/>
							<String ID="string_193" HPOS="543" VPOS="873" WIDTH="19" HEIGHT="26" WC="0.92" CONTENT="ej"/><SP WIDTH="16" VPOS="873" HPOS="562"/>
							<String ID="string_194" HPOS="578" VPOS="872" WIDTH="59" HEIGHT="21" WC="0.93" CONTENT="torde"/><SP WIDTH="16" VPOS="872" HPOS="637"/>
							<String ID="string_195" HPOS="653" VPOS="871" WIDTH="120" HEIGHT="22" WC="0.93" CONTENT="förefinnas."/><SP WIDTH="30" VPOS="871" HPOS="773"/>
							<String ID="string_196" HPOS="803" VPOS="871" WIDTH="52" HEIGHT="21" WC="0.95" CONTENT="Lika"/><SP WIDTH="16" VPOS="871" HPOS="855"/>
							<String ID="string_197" HPOS="871" VPOS="871" WIDTH="23" HEIGHT="21" WC="0.95" CONTENT="sä"/><SP WIDTH="15" VPOS="871" HPOS="894"/>
							<String ID="string_198" HPOS="909" VPOS="871" WIDTH="54" HEIGHT="21" WC="0.96" CONTENT="klart"/><SP WIDTH="15" VPOS="871" HPOS="963"/>
							<String ID="string_199" HPOS="978" VPOS="878" WIDTH="45" HEIGHT="14" WC="0.96" CONTENT="som"/>
						</TextLine>
						<TextLine ID="line_24" HPOS="194" VPOS="900" WIDTH="829" HEIGHT="28">
							<String ID="string_200" HPOS="194" VPOS="900" WIDTH="57" HEIGHT="21" WC="0.93" CONTENT="detta"/><SP WIDTH="16" VPOS="900" HPOS="251"/>
							<String ID="string_201" HPOS="267" VPOS="900" WIDTH="82" HEIGHT="22" WC="0.93" CONTENT="säledes"/><SP WIDTH="15" VPOS="900" HPOS="349"/>
							<String ID="string_202" HPOS="364" VPOS="903" WIDTH="29" HEIGHT="25" WC="0.96" CONTENT="är,"/><SP WIDTH="16" VPOS="903" HPOS="393"/>
							<String ID="string_203" HPOS="409" VPOS="903" WIDTH="23" HEIGHT="19" WC="0.93" CONTENT="är"/><SP WIDTH="15" VPOS="903" HPOS="432"/>
							<String ID="string_204" HPOS="447" VPOS="901" WIDTH="63" HEIGHT="21" WC="0.92" CONTENT="äfven"/><SP WIDTH="16" VPOS="901" HPOS="510"/>
							<String ID="string_205" HPOS="526" VPOS="903" WIDTH="29" HEIGHT="19" WC="0.96" CONTENT="att"/><SP WIDTH="15" VPOS="903" HPOS="555"/>
							<String ID="string_206" HPOS="570" VPOS="901" WIDTH="64" HEIGHT="20" WC="0.96" CONTENT="bland"/><SP WIDTH="17" VPOS="901" HPOS="634"/>
							<String ID="string_207" HPOS="651" VPOS="901" WIDTH="26" HEIGHT="21" WC="0.93" CONTENT="de"/><SP WIDTH="15" VPOS="901" HPOS="677"/>
							<String ID="string_208" HPOS="692" VPOS="900" WIDTH="105" HEIGHT="21" WC="0.90" CONTENT="indirekta"/><SP WIDTH="10" VPOS="900" HPOS="797"/>
							<String ID="string_209" HPOS="807" VPOS="900" WIDTH="108" HEIGHT="21" WC="0.92" CONTENT="skatterna"/><SP WIDTH="15" VPOS="900" HPOS="915"/>
							<String ID="string_210" HPOS="930" VPOS="900" WIDTH="31" HEIGHT="26" WC="0.96" CONTENT="de,"/><SP WIDTH="16" VPOS="900" HPOS="961"/>
							<String ID="string_211" HPOS="977" VPOS="906" WIDTH="46" HEIGHT="15" WC="0.96" CONTENT="som"/>
						</TextLine>
						<TextLine ID="line_25" HPOS="194" VPOS="928" WIDTH="828" HEIGHT="29">
							<String ID="string_212" HPOS="194" VPOS="928" WIDTH="44" HEIGHT="21" WC="0.91" CONTENT="afse"/><SP WIDTH="25" VPOS="928" HPOS="238"/>
							<String ID="string_213" HPOS="263" VPOS="929" WIDTH="47" HEIGHT="27" WC="0.90" CONTENT="lyx-"/><SP WIDTH="27" VPOS="929" HPOS="310"/>
							<String ID="string_214" HPOS="337" VPOS="930" WIDTH="39" HEIGHT="20" WC="0.93" CONTENT="och"/><SP WIDTH="23" VPOS="930" HPOS="376"/>
							<String ID="string_215" HPOS="399" VPOS="929" WIDTH="186" HEIGHT="28" WC="0.91" CONTENT="njutningsmedel,"/><SP WIDTH="26" VPOS="929" HPOS="585"/>
							<String ID="string_216" HPOS="611" VPOS="930" WIDTH="50" HEIGHT="20" WC="0.93" CONTENT="böra"/><SP WIDTH="26" VPOS="930" HPOS="661"/>
							<String ID="string_217" HPOS="687" VPOS="929" WIDTH="84" HEIGHT="21" WC="0.92" CONTENT="komma"/><SP WIDTH="16" VPOS="929" HPOS="771"/>
							<String ID="string_218" HPOS="787" VPOS="929" WIDTH="7" HEIGHT="20" WC="0.92" CONTENT="i"/><SP WIDTH="15" VPOS="929" HPOS="794"/>
							<String ID="string_219" HPOS="809" VPOS="928" WIDTH="64" HEIGHT="27" WC="0.92" CONTENT="fräga,"/><SP WIDTH="16" VPOS="928" HPOS="873"/>
							<String ID="string_220" HPOS="889" VPOS="930" WIDTH="55" HEIGHT="19" WC="0.96" CONTENT="samt"/><SP WIDTH="15" VPOS="930" HPOS="944"/>
							<String ID="string_221" HPOS="959" VPOS="928" WIDTH="63" HEIGHT="21" WC="0.96" CONTENT="bland"/>
						</TextLine>
						<TextLine ID="line_26" HPOS="194" VPOS="957" WIDTH="829" HEIGHT="27">
							<String ID="string_222" HPOS="194" VPOS="957" WIDTH="62" HEIGHT="21" WC="0.92" CONTENT="dessa"/><SP WIDTH="22" VPOS="957" HPOS="256"/>
							<String ID="string_223" HPOS="278" VPOS="964" WIDTH="74" HEIGHT="14" WC="0.92" CONTENT="senare"/><SP WIDTH="22" VPOS="964" HPOS="352"/>
							<String ID="string_224" HPOS="374" VPOS="958" WIDTH="26" HEIGHT="21" WC="0.92" CONTENT="de"/><SP WIDTH="16" VPOS="958" HPOS="400"/>
							<String ID="string_225" HPOS="416" VPOS="958" WIDTH="72" HEIGHT="21" WC="0.92" CONTENT="ställas"/><SP WIDTH="14" VPOS="958" HPOS="488"/>
							<String ID="string_226" HPOS="502" VPOS="958" WIDTH="8" HEIGHT="20" WC="0.93" CONTENT="i"/><SP WIDTH="15" VPOS="958" HPOS="510"/>
							<String ID="string_227" HPOS="525" VPOS="958" WIDTH="86" HEIGHT="21" WC="0.92" CONTENT="främsta"/><SP WIDTH="15" VPOS="958" HPOS="611"/>
							<String ID="string_228" HPOS="626" VPOS="960" WIDTH="98" HEIGHT="24" WC="0.92" CONTENT="rummet,"/><SP WIDTH="15" VPOS="960" HPOS="724"/>
							<String ID="string_229" HPOS="739" VPOS="957" WIDTH="78" HEIGHT="26" WC="0.93" CONTENT="hvilka,"/><SP WIDTH="14" VPOS="957" HPOS="817"/>
							<String ID="string_230" HPOS="831" VPOS="958" WIDTH="65" HEIGHT="26" WC="0.92" CONTENT="jämte"/><SP WIDTH="15" VPOS="958" HPOS="896"/>
							<String ID="string_231" HPOS="911" VPOS="957" WIDTH="33" HEIGHT="21" WC="0.93" CONTENT="sin"/><SP WIDTH="16" VPOS="957" HPOS="944"/>
							<String ID="string_232" HPOS="960" VPOS="964" WIDTH="63" HEIGHT="20" WC="0.88" CONTENT="egen-"/>
						</TextLine>
						<TextLine ID="line_27" HPOS="193" VPOS="986" WIDTH="828" HEIGHT="28">
							<String ID="string_233" HPOS="193" VPOS="986" WIDTH="51" HEIGHT="26" WC="0.92" CONTENT="skap"/><SP WIDTH="16" VPOS="986" HPOS="244"/>
							<String ID="string_234" HPOS="260" VPOS="988" WIDTH="30" HEIGHT="19" WC="0.95" CONTENT="att"/><SP WIDTH="16" VPOS="988" HPOS="290"/>
							<String ID="string_235" HPOS="306" VPOS="988" WIDTH="74" HEIGHT="26" WC="0.93" CONTENT="utgöra"/><SP WIDTH="16" VPOS="988" HPOS="380"/>
							<String ID="string_236" HPOS="396" VPOS="986" WIDTH="188" HEIGHT="28" WC="0.91" CONTENT="njutningsmedel,"/><SP WIDTH="15" VPOS="986" HPOS="584"/>
							<String ID="string_237" HPOS="599" VPOS="986" WIDTH="69" HEIGHT="21" WC="0.88" CONTENT="tillika"/><SP WIDTH="15" VPOS="986" HPOS="668"/>
							<String ID="string_238" HPOS="683" VPOS="986" WIDTH="63" HEIGHT="20" WC="0.93" CONTENT="hafva"/><SP WIDTH="13" VPOS="986" HPOS="746"/>
							<String ID="string_239" HPOS="759" VPOS="986" WIDTH="95" HEIGHT="27" WC="0.92" CONTENT="skadliga"/><SP WIDTH="13" VPOS="986" HPOS="854"/>
							<String ID="string_240" HPOS="867" VPOS="986" WIDTH="154" HEIGHT="26" WC="0.92" CONTENT="bivärkningar."/>
						</TextLine>
						<TextLine ID="line_28" HPOS="192" VPOS="1014" WIDTH="829" HEIGHT="28">
							<String ID="string_241" HPOS="192" VPOS="1014" WIDTH="40" HEIGHT="20" WC="0.89" CONTENT="Till"/><SP WIDTH="16" VPOS="1014" HPOS="232"/>
							<String ID="string_242" HPOS="248" VPOS="1014" WIDTH="61" HEIGHT="21" WC="0.96" CONTENT="dessa"/><SP WIDTH="15" VPOS="1014" HPOS="309"/>
							<String ID="string_243" HPOS="324" VPOS="1021" WIDTH="75" HEIGHT="15" WC="0.93" CONTENT="senare"/><SP WIDTH="16" VPOS="1021" HPOS="399"/>
							<String ID="string_244" HPOS="415" VPOS="1016" WIDTH="77" HEIGHT="20" WC="0.93" CONTENT="räknar"/><SP WIDTH="15" VPOS="1016" HPOS="492"/>
							<String ID="string_245" HPOS="507" VPOS="1016" WIDTH="35" HEIGHT="26" WC="0.93" CONTENT="jag"/><SP WIDTH="15" VPOS="1016" HPOS="542"/>
							<String ID="string_246" HPOS="557" VPOS="1015" WIDTH="178" HEIGHT="26" WC="0.92" CONTENT="maltdryckerna,"/><SP WIDTH="16" VPOS="1015" HPOS="735"/>
							<String ID="string_247" HPOS="751" VPOS="1014" WIDTH="86" HEIGHT="28" WC="0.92" CONTENT="specielt"/><SP WIDTH="16" VPOS="1014" HPOS="837"/>
							<String ID="string_248" HPOS="853" VPOS="1014" WIDTH="46" HEIGHT="21" WC="0.92" CONTENT="ölet."/><SP WIDTH="23" VPOS="1014" HPOS="899"/>
							<String ID="string_249" HPOS="922" VPOS="1014" WIDTH="49" HEIGHT="21" WC="0.92" CONTENT="Med"/><SP WIDTH="9" VPOS="1014" HPOS="971"/>
							<String ID="string_250" HPOS="980" VPOS="1014" WIDTH="41" HEIGHT="21" WC="0.92" CONTENT="den"/>
						</TextLine>
						<TextLine ID="line_29" HPOS="193" VPOS="1042" WIDTH="828" HEIGHT="28">
							<String ID="string_251" HPOS="193" VPOS="1043" WIDTH="55" HEIGHT="27" WC="0.91" CONTENT="höga"/><SP WIDTH="25" VPOS="1043" HPOS="248"/>
							<String ID="string_252" HPOS="273" VPOS="1043" WIDTH="173" HEIGHT="27" WC="0.91" CONTENT="alkoholprocent"/><SP WIDTH="25" VPOS="1043" HPOS="446"/>
							<String ID="string_253" HPOS="471" VPOS="1050" WIDTH="46" HEIGHT="14" WC="0.92" CONTENT="som"/><SP WIDTH="25" VPOS="1050" HPOS="517"/>
							<String ID="string_254" HPOS="542" VPOS="1044" WIDTH="45" HEIGHT="20" WC="0.92" CONTENT="värt"/><SP WIDTH="22" VPOS="1044" HPOS="587"/>
							<String ID="string_255" HPOS="609" VPOS="1043" WIDTH="21" HEIGHT="21" WC="0.90" CONTENT="öl"/><SP WIDTH="15" VPOS="1043" HPOS="630"/>
							<String ID="string_256" HPOS="645" VPOS="1044" WIDTH="90" HEIGHT="20" WC="0.92" CONTENT="innehar"/><SP WIDTH="15" VPOS="1044" HPOS="735"/>
							<String ID="string_257" HPOS="750" VPOS="1043" WIDTH="66" HEIGHT="21" WC="0.92" CONTENT="mäste"/><SP WIDTH="16" VPOS="1043" HPOS="816"/>
							<String ID="string_258" HPOS="832" VPOS="1043" WIDTH="35" HEIGHT="20" WC="0.93" CONTENT="det"/><SP WIDTH="15" VPOS="1043" HPOS="867"/>
							<String ID="string_259" HPOS="882" VPOS="1042" WIDTH="139" HEIGHT="27" WC="0.92" CONTENT="ovilkorligen"/>
						</TextLine>
						<TextLine ID="line_30" HPOS="192" VPOS="1071" WIDTH="830" HEIGHT="28">
							<String ID="string_260" HPOS="192" VPOS="1072" WIDTH="100" HEIGHT="20" WC="0.91" CONTENT="hänföras"/><SP WIDTH="28" VPOS="1072" HPOS="292"/>
							<String ID="string_261" HPOS="320" VPOS="1072" WIDTH="31" HEIGHT="20" WC="0.93" CONTENT="till"/><SP WIDTH="27" VPOS="1072" HPOS="351"/>
							<String ID="string_262" HPOS="378" VPOS="1072" WIDTH="166" HEIGHT="27" WC="0.91" CONTENT="rusdryckernas"/><SP WIDTH="23" VPOS="1072" HPOS="544"/>
							<String ID="string_263" HPOS="567" VPOS="1072" WIDTH="91" HEIGHT="20" WC="0.91" CONTENT="omräde."/><SP WIDTH="30" VPOS="1072" HPOS="658"/>
							<String ID="string_264" HPOS="688" VPOS="1072" WIDTH="42" HEIGHT="26" WC="0.96" CONTENT="Jag"/><SP WIDTH="16" VPOS="1072" HPOS="730"/>
							<String ID="string_265" HPOS="746" VPOS="1074" WIDTH="35" HEIGHT="18" WC="0.93" CONTENT="vet"/><SP WIDTH="15" VPOS="1074" HPOS="781"/>
							<String ID="string_266" HPOS="796" VPOS="1071" WIDTH="123" HEIGHT="27" WC="0.92" CONTENT="visserligen"/><SP WIDTH="16" VPOS="1071" HPOS="919"/>
							<String ID="string_267" HPOS="935" VPOS="1073" WIDTH="30" HEIGHT="19" WC="0.93" CONTENT="att"/><SP WIDTH="14" VPOS="1073" HPOS="965"/>
							<String ID="string_268" HPOS="979" VPOS="1071" WIDTH="43" HEIGHT="21" WC="0.93" CONTENT="ölet"/>
						</TextLine>
						<TextLine ID="line_31" HPOS="194" VPOS="1100" WIDTH="827" HEIGHT="27">
							<String ID="string_269" HPOS="194" VPOS="1100" WIDTH="20" HEIGHT="21" WC="0.93" CONTENT="af"/><SP WIDTH="15" VPOS="1100" HPOS="214"/>
							<String ID="string_270" HPOS="229" VPOS="1100" WIDTH="92" HEIGHT="27" WC="0.96" CONTENT="mången"/><SP WIDTH="16" VPOS="1100" HPOS="321"/>
							<String ID="string_271" HPOS="337" VPOS="1107" WIDTH="62" HEIGHT="15" WC="0.93" CONTENT="anses"/><SP WIDTH="16" VPOS="1107" HPOS="399"/>
							<String ID="string_272" HPOS="415" VPOS="1100" WIDTH="70" HEIGHT="22" WC="0.96" CONTENT="såsom"/><SP WIDTH="15" VPOS="1100" HPOS="485"/>
							<String ID="string_273" HPOS="500" VPOS="1103" WIDTH="29" HEIGHT="19" WC="0.93" CONTENT="ett"/><SP WIDTH="15" VPOS="1103" HPOS="529"/>
							<String ID="string_274" HPOS="544" VPOS="1100" WIDTH="157" HEIGHT="27" WC="0.93" CONTENT="näringsmedel"/><SP WIDTH="16" VPOS="1100" HPOS="701"/>
							<String ID="string_275" HPOS="717" VPOS="1100" WIDTH="40" HEIGHT="21" WC="0.95" CONTENT="och"/><SP WIDTH="16" VPOS="1100" HPOS="757"/>
							<String ID="string_276" HPOS="773" VPOS="1102" WIDTH="29" HEIGHT="18" WC="0.96" CONTENT="att"/><SP WIDTH="15" VPOS="1102" HPOS="802"/>
							<String ID="string_277" HPOS="817" VPOS="1100" WIDTH="36" HEIGHT="20" WC="0.96" CONTENT="det"/><SP WIDTH="15" VPOS="1100" HPOS="853"/>
							<String ID="string_278" HPOS="868" VPOS="1100" WIDTH="26" HEIGHT="26" WC="0.54" CONTENT="pä"/><SP WIDTH="8" VPOS="1100" HPOS="894"/>
							<String ID="string_279" HPOS="902" VPOS="1100" WIDTH="41" HEIGHT="20" WC="0.54" CONTENT="den"/><SP WIDTH="9" VPOS="1100" HPOS="943"/>
							<String ID="string_280" HPOS="952" VPOS="1100" WIDTH="69" HEIGHT="26" WC="0.96" CONTENT="grund"/>
						</TextLine>
						<TextLine ID="line_32" HPOS="192" VPOS="1128" WIDTH="829" HEIGHT="25">
							<String ID="string_281" HPOS="192" VPOS="1129" WIDTH="112" HEIGHT="24" WC="0.91" CONTENT="försvaras,"/><SP WIDTH="25" VPOS="1129" HPOS="304"/>
							<String ID="string_282" HPOS="329" VPOS="1136" WIDTH="49" HEIGHT="14" WC="0.93" CONTENT="men"/><SP WIDTH="25" VPOS="1136" HPOS="378"/>
							<String ID="string_283" HPOS="403" VPOS="1130" WIDTH="47" HEIGHT="20" WC="0.91" CONTENT="icke"/><SP WIDTH="26" VPOS="1130" HPOS="450"/>
							<String ID="string_284" HPOS="476" VPOS="1129" WIDTH="48" HEIGHT="21" WC="0.96" CONTENT="dess"/><SP WIDTH="24" VPOS="1129" HPOS="524"/>
							<String ID="string_285" HPOS="548" VPOS="1129" WIDTH="83" HEIGHT="21" WC="0.93" CONTENT="mindre"/><SP WIDTH="21" VPOS="1129" HPOS="631"/>
							<String ID="string_286" HPOS="652" VPOS="1129" WIDTH="43" HEIGHT="20" WC="0.93" CONTENT="stär"/><SP WIDTH="16" VPOS="1129" HPOS="695"/>
							<String ID="string_287" HPOS="711" VPOS="1129" WIDTH="35" HEIGHT="21" WC="0.96" CONTENT="det"/><SP WIDTH="15" VPOS="1129" HPOS="746"/>
							<String ID="string_288" HPOS="761" VPOS="1128" WIDTH="41" HEIGHT="21" WC="0.96" CONTENT="fast"/><SP WIDTH="15" VPOS="1128" HPOS="802"/>
							<String ID="string_289" HPOS="817" VPOS="1130" WIDTH="30" HEIGHT="18" WC="0.96" CONTENT="att"/><SP WIDTH="15" VPOS="1130" HPOS="847"/>
							<String ID="string_290" HPOS="862" VPOS="1128" WIDTH="49" HEIGHT="21" WC="0.93" CONTENT="dess"/><SP WIDTH="15" VPOS="1128" HPOS="911"/>
							<String ID="string_291" HPOS="926" VPOS="1128" WIDTH="95" HEIGHT="25" WC="0.92" CONTENT="närings-"/>
						</TextLine>
						<TextLine ID="line_33" HPOS="192" VPOS="1156" WIDTH="829" HEIGHT="28">
							<String ID="string_292" HPOS="192" VPOS="1157" WIDTH="65" HEIGHT="21" WC="0.95" CONTENT="värde"/><SP WIDTH="23" VPOS="1157" HPOS="257"/>
							<String ID="string_293" HPOS="280" VPOS="1159" WIDTH="23" HEIGHT="19" WC="0.95" CONTENT="är"/><SP WIDTH="23" VPOS="1159" HPOS="303"/>
							<String ID="string_294" HPOS="326" VPOS="1158" WIDTH="85" HEIGHT="26" WC="0.96" CONTENT="mycket"/><SP WIDTH="21" VPOS="1158" HPOS="411"/>
							<String ID="string_295" HPOS="432" VPOS="1158" WIDTH="50" HEIGHT="21" WC="0.96" CONTENT="litet."/><SP WIDTH="30" VPOS="1158" HPOS="482"/>
							<String ID="string_296" HPOS="512" VPOS="1158" WIDTH="34" HEIGHT="20" WC="0.92" CONTENT="En"/><SP WIDTH="15" VPOS="1158" HPOS="546"/>
							<String ID="string_297" HPOS="561" VPOS="1158" WIDTH="48" HEIGHT="20" WC="0.95" CONTENT="liter"/><SP WIDTH="15" VPOS="1158" HPOS="609"/>
							<String ID="string_298" HPOS="624" VPOS="1157" WIDTH="20" HEIGHT="21" WC="0.95" CONTENT="öl"/><SP WIDTH="16" VPOS="1157" HPOS="644"/>
							<String ID="string_299" HPOS="660" VPOS="1157" WIDTH="119" HEIGHT="21" WC="0.89" CONTENT="innehåller"/><SP WIDTH="15" VPOS="1157" HPOS="779"/>
							<String ID="string_300" HPOS="794" VPOS="1156" WIDTH="89" HEIGHT="28" WC="0.95" CONTENT="ungefär"/><SP WIDTH="14" VPOS="1156" HPOS="883"/>
							<String ID="string_301" HPOS="897" VPOS="1156" WIDTH="24" HEIGHT="21" WC="0.95" CONTENT="sä"/><SP WIDTH="15" VPOS="1156" HPOS="921"/>
							<String ID="string_302" HPOS="936" VPOS="1156" WIDTH="85" HEIGHT="27" WC="0.96" CONTENT="mycket"/>
						</TextLine>
						<TextLine ID="line_34" HPOS="192" VPOS="1184" WIDTH="829" HEIGHT="30">
							<String ID="string_303" HPOS="192" VPOS="1186" WIDTH="100" HEIGHT="27" WC="0.91" CONTENT="ägghvita"/><SP WIDTH="22" VPOS="1186" HPOS="292"/>
							<String ID="string_304" HPOS="314" VPOS="1192" WIDTH="46" HEIGHT="14" WC="0.96" CONTENT="som"/><SP WIDTH="17" VPOS="1192" HPOS="360"/>
							<String ID="string_305" HPOS="377" VPOS="1186" WIDTH="40" HEIGHT="21" WC="0.96" CONTENT="130"/><SP WIDTH="16" VPOS="1186" HPOS="417"/>
							<String ID="string_306" HPOS="433" VPOS="1193" WIDTH="29" HEIGHT="21" WC="0.93" CONTENT="gr."/><SP WIDTH="16" VPOS="1193" HPOS="462"/>
							<String ID="string_307" HPOS="478" VPOS="1186" WIDTH="72" HEIGHT="27" WC="0.92" CONTENT="mjölk,"/><SP WIDTH="16" VPOS="1186" HPOS="550"/>
							<String ID="string_308" HPOS="566" VPOS="1186" WIDTH="26" HEIGHT="20" WC="0.96" CONTENT="60"/><SP WIDTH="17" VPOS="1186" HPOS="592"/>
							<String ID="string_309" HPOS="609" VPOS="1192" WIDTH="29" HEIGHT="21" WC="0.96" CONTENT="gr."/><SP WIDTH="16" VPOS="1192" HPOS="638"/>
							<String ID="string_310" HPOS="654" VPOS="1186" WIDTH="51" HEIGHT="20" WC="0.97" CONTENT="bröd"/><SP WIDTH="17" VPOS="1186" HPOS="705"/>
							<String ID="string_311" HPOS="722" VPOS="1186" WIDTH="52" HEIGHT="20" WC="0.96" CONTENT="eller"/><SP WIDTH="15" VPOS="1186" HPOS="774"/>
							<String ID="string_312" HPOS="789" VPOS="1186" WIDTH="27" HEIGHT="20" WC="0.96" CONTENT="28"/><SP WIDTH="16" VPOS="1186" HPOS="816"/>
							<String ID="string_313" HPOS="832" VPOS="1192" WIDTH="29" HEIGHT="20" WC="0.93" CONTENT="gr."/><SP WIDTH="17" VPOS="1192" HPOS="861"/>
							<String ID="string_314" HPOS="878" VPOS="1185" WIDTH="50" HEIGHT="26" WC="0.92" CONTENT="kött,"/><SP WIDTH="15" VPOS="1185" HPOS="928"/>
							<String ID="string_315" HPOS="943" VPOS="1185" WIDTH="40" HEIGHT="21" WC="0.96" CONTENT="och"/><SP WIDTH="15" VPOS="1185" HPOS="983"/>
							<String ID="string_316" HPOS="998" VPOS="1184" WIDTH="23" HEIGHT="21" WC="0.96" CONTENT="sä"/>
						</TextLine>
						<TextLine ID="line_35" HPOS="192" VPOS="1213" WIDTH="829" HEIGHT="29">
							<String ID="string_317" HPOS="192" VPOS="1214" WIDTH="87" HEIGHT="27" WC="0.96" CONTENT="mycket"/><SP WIDTH="22" VPOS="1214" HPOS="279"/>
							<String ID="string_318" HPOS="301" VPOS="1214" WIDTH="137" HEIGHT="28" WC="0.96" CONTENT="kolhydrater"/><SP WIDTH="18" VPOS="1214" HPOS="438"/>
							<String ID="string_319" HPOS="456" VPOS="1221" WIDTH="45" HEIGHT="15" WC="0.96" CONTENT="som"/><SP WIDTH="17" VPOS="1221" HPOS="501"/>
							<String ID="string_320" HPOS="518" VPOS="1215" WIDTH="40" HEIGHT="20" WC="0.96" CONTENT="150"/><SP WIDTH="16" VPOS="1215" HPOS="558"/>
							<String ID="string_321" HPOS="574" VPOS="1221" WIDTH="29" HEIGHT="20" WC="0.96" CONTENT="gr."/><SP WIDTH="17" VPOS="1221" HPOS="603"/>
							<String ID="string_322" HPOS="620" VPOS="1214" WIDTH="57" HEIGHT="21" WC="0.95" CONTENT="bröd."/><SP WIDTH="31" VPOS="1214" HPOS="677"/>
							<String ID="string_323" HPOS="708" VPOS="1214" WIDTH="51" HEIGHT="20" WC="0.95" CONTENT="Man"/><SP WIDTH="15" VPOS="1214" HPOS="759"/>
							<String ID="string_324" HPOS="774" VPOS="1214" WIDTH="69" HEIGHT="20" WC="0.96" CONTENT="skulle"/><SP WIDTH="16" VPOS="1214" HPOS="843"/>
							<String ID="string_325" HPOS="859" VPOS="1214" WIDTH="70" HEIGHT="20" WC="0.93" CONTENT="därför"/><SP WIDTH="14" VPOS="1214" HPOS="929"/>
							<String ID="string_326" HPOS="943" VPOS="1213" WIDTH="22" HEIGHT="21" WC="0.91" CONTENT="få"/><SP WIDTH="14" VPOS="1213" HPOS="965"/>
							<String ID="string_327" HPOS="979" VPOS="1213" WIDTH="42" HEIGHT="21" WC="0.93" CONTENT="för-"/>
						</TextLine>
						<TextLine ID="line_36" HPOS="192" VPOS="1242" WIDTH="829" HEIGHT="28">
							<String ID="string_328" HPOS="192" VPOS="1244" WIDTH="45" HEIGHT="19" WC="0.92" CONTENT="tära"/><SP WIDTH="15" VPOS="1244" HPOS="237"/>
							<String ID="string_329" HPOS="252" VPOS="1243" WIDTH="81" HEIGHT="27" WC="0.93" CONTENT="ganska"/><SP WIDTH="15" VPOS="1243" HPOS="333"/>
							<String ID="string_330" HPOS="348" VPOS="1243" WIDTH="134" HEIGHT="27" WC="0.92" CONTENT="respektabla"/><SP WIDTH="14" VPOS="1243" HPOS="482"/>
							<String ID="string_331" HPOS="496" VPOS="1243" WIDTH="103" HEIGHT="27" WC="0.91" CONTENT="mängder"/><SP WIDTH="15" VPOS="1243" HPOS="599"/>
							<String ID="string_332" HPOS="614" VPOS="1243" WIDTH="26" HEIGHT="26" WC="0.91" CONTENT="öl,"/><SP WIDTH="17" VPOS="1243" HPOS="640"/>
							<String ID="string_333" HPOS="657" VPOS="1242" WIDTH="80" HEIGHT="21" WC="0.93" CONTENT="hvilket"/><SP WIDTH="14" VPOS="1242" HPOS="737"/>
							<String ID="string_334" HPOS="751" VPOS="1249" WIDTH="50" HEIGHT="14" WC="0.96" CONTENT="man"/><SP WIDTH="16" VPOS="1249" HPOS="801"/>
							<String ID="string_335" HPOS="817" VPOS="1242" WIDTH="26" HEIGHT="27" WC="0.96" CONTENT="pä"/><SP WIDTH="13" VPOS="1242" HPOS="843"/>
							<String ID="string_336" HPOS="856" VPOS="1242" WIDTH="70" HEIGHT="26" WC="0.96" CONTENT="grund"/><SP WIDTH="11" VPOS="1242" HPOS="926"/>
							<String ID="string_337" HPOS="937" VPOS="1242" WIDTH="20" HEIGHT="20" WC="0.93" CONTENT="af"/><SP WIDTH="11" VPOS="1242" HPOS="957"/>
							<String ID="string_338" HPOS="968" VPOS="1242" WIDTH="53" HEIGHT="20" WC="0.92" CONTENT="ölets"/>
						</TextLine>
						<TextLine ID="line_37" HPOS="193" VPOS="1270" WIDTH="828" HEIGHT="29">
							<String ID="string_339" HPOS="193" VPOS="1272" WIDTH="116" HEIGHT="20" WC="0.91" CONTENT="diuretiska"/><SP WIDTH="23" VPOS="1272" HPOS="309"/>
							<String ID="string_340" HPOS="332" VPOS="1272" WIDTH="131" HEIGHT="27" WC="0.92" CONTENT="egenskaper"/><SP WIDTH="15" VPOS="1272" HPOS="463"/>
							<String ID="string_341" HPOS="478" VPOS="1272" WIDTH="7" HEIGHT="20" WC="0.93" CONTENT="i"/><SP WIDTH="15" VPOS="1272" HPOS="485"/>
							<String ID="string_342" HPOS="500" VPOS="1272" WIDTH="77" HEIGHT="26" WC="0.92" CONTENT="mänga"/><SP WIDTH="15" VPOS="1272" HPOS="577"/>
							<String ID="string_343" HPOS="592" VPOS="1271" WIDTH="38" HEIGHT="21" WC="0.96" CONTENT="fall"/><SP WIDTH="15" VPOS="1271" HPOS="630"/>
							<String ID="string_344" HPOS="645" VPOS="1273" WIDTH="24" HEIGHT="19" WC="0.96" CONTENT="är"/><SP WIDTH="14" VPOS="1273" HPOS="669"/>
							<String ID="string_345" HPOS="683" VPOS="1271" WIDTH="7" HEIGHT="20" WC="0.93" CONTENT="i"/><SP WIDTH="15" VPOS="1271" HPOS="690"/>
							<String ID="string_346" HPOS="705" VPOS="1271" WIDTH="62" HEIGHT="21" WC="0.92" CONTENT="ständ"/><SP WIDTH="16" VPOS="1271" HPOS="767"/>
							<String ID="string_347" HPOS="783" VPOS="1270" WIDTH="37" HEIGHT="27" WC="0.95" CONTENT="till,"/><SP WIDTH="15" VPOS="1270" HPOS="820"/>
							<String ID="string_348" HPOS="835" VPOS="1271" WIDTH="34" HEIGHT="19" WC="0.96" CONTENT="för"/><SP WIDTH="14" VPOS="1271" HPOS="869"/>
							<String ID="string_349" HPOS="883" VPOS="1272" WIDTH="30" HEIGHT="19" WC="0.96" CONTENT="att"/><SP WIDTH="16" VPOS="1272" HPOS="913"/>
							<String ID="string_350" HPOS="929" VPOS="1270" WIDTH="40" HEIGHT="21" WC="0.93" CONTENT="den"/><SP WIDTH="17" VPOS="1270" HPOS="969"/>
							<String ID="string_351" HPOS="986" VPOS="1272" WIDTH="35" HEIGHT="18" WC="0.92" CONTENT="nä-"/>
						</TextLine>
						<TextLine ID="line_38" HPOS="192" VPOS="1298" WIDTH="827" HEIGHT="30">
							<String ID="string_352" HPOS="192" VPOS="1300" WIDTH="48" HEIGHT="27" WC="0.96" CONTENT="ring"/><SP WIDTH="22" VPOS="1300" HPOS="240"/>
							<String ID="string_353" HPOS="262" VPOS="1300" WIDTH="69" HEIGHT="20" WC="0.93" CONTENT="skulle"/><SP WIDTH="23" VPOS="1300" HPOS="331"/>
							<String ID="string_354" HPOS="354" VPOS="1300" WIDTH="88" HEIGHT="28" WC="0.92" CONTENT="uppnäs,"/><SP WIDTH="22" VPOS="1300" HPOS="442"/>
							<String ID="string_355" HPOS="464" VPOS="1307" WIDTH="44" HEIGHT="14" WC="0.93" CONTENT="som"/><SP WIDTH="16" VPOS="1307" HPOS="508"/>
							<String ID="string_356" HPOS="524" VPOS="1302" WIDTH="13" HEIGHT="19" WC="0.91" CONTENT="t."/><SP WIDTH="17" VPOS="1302" HPOS="537"/>
							<String ID="string_357" HPOS="554" VPOS="1306" WIDTH="32" HEIGHT="14" WC="0.93" CONTENT="ex."/><SP WIDTH="17" VPOS="1306" HPOS="586"/>
							<String ID="string_358" HPOS="603" VPOS="1302" WIDTH="156" HEIGHT="25" WC="0.93" CONTENT="representeras"/><SP WIDTH="16" VPOS="1302" HPOS="759"/>
							<String ID="string_359" HPOS="775" VPOS="1299" WIDTH="20" HEIGHT="21" WC="0.96" CONTENT="af"/><SP WIDTH="16" VPOS="1299" HPOS="795"/>
							<String ID="string_360" HPOS="811" VPOS="1305" WIDTH="26" HEIGHT="15" WC="0.93" CONTENT="en"/><SP WIDTH="16" VPOS="1305" HPOS="837"/>
							<String ID="string_361" HPOS="853" VPOS="1299" WIDTH="72" HEIGHT="27" WC="0.93" CONTENT="vanlig"/><SP WIDTH="14" VPOS="1299" HPOS="925"/>
							<String ID="string_362" HPOS="939" VPOS="1298" WIDTH="80" HEIGHT="26" WC="0.92" CONTENT="mältid,"/>
						</TextLine>
						<TextLine ID="line_39" HPOS="192" VPOS="1327" WIDTH="829" HEIGHT="27">
							<String ID="string_363" HPOS="192" VPOS="1335" WIDTH="50" HEIGHT="14" WC="0.96" CONTENT="men"/><SP WIDTH="20" VPOS="1335" HPOS="242"/>
							<String ID="string_364" HPOS="262" VPOS="1328" WIDTH="28" HEIGHT="21" WC="0.96" CONTENT="dä"/><SP WIDTH="14" VPOS="1328" HPOS="290"/>
							<String ID="string_365" HPOS="304" VPOS="1328" WIDTH="69" HEIGHT="21" WC="0.96" CONTENT="skulle"/><SP WIDTH="15" VPOS="1328" HPOS="373"/>
							<String ID="string_366" HPOS="388" VPOS="1335" WIDTH="50" HEIGHT="14" WC="0.96" CONTENT="man"/><SP WIDTH="16" VPOS="1335" HPOS="438"/>
							<String ID="string_367" HPOS="454" VPOS="1329" WIDTH="7" HEIGHT="20" WC="0.96" CONTENT="i"/><SP WIDTH="15" VPOS="1329" HPOS="461"/>
							<String ID="string_368" HPOS="476" VPOS="1329" WIDTH="39" HEIGHT="21" WC="0.96" CONTENT="och"/><SP WIDTH="15" VPOS="1329" HPOS="515"/>
							<String ID="string_369" HPOS="530" VPOS="1328" WIDTH="49" HEIGHT="21" WC="0.93" CONTENT="med"/><SP WIDTH="16" VPOS="1328" HPOS="579"/>
							<String ID="string_370" HPOS="595" VPOS="1328" WIDTH="118" HEIGHT="21" WC="0.91" CONTENT="detsamma"/><SP WIDTH="14" VPOS="1328" HPOS="713"/>
							<String ID="string_371" HPOS="727" VPOS="1328" WIDTH="64" HEIGHT="20" WC="0.91" CONTENT="hafva"/><SP WIDTH="14" VPOS="1328" HPOS="791"/>
							<String ID="string_372" HPOS="805" VPOS="1327" WIDTH="135" HEIGHT="27" WC="0.91" CONTENT="inmundigat"/><SP WIDTH="15" VPOS="1327" HPOS="940"/>
							<String ID="string_373" HPOS="955" VPOS="1333" WIDTH="28" HEIGHT="15" WC="0.96" CONTENT="en"/><SP WIDTH="15" VPOS="1333" HPOS="983"/>
							<String ID="string_374" HPOS="998" VPOS="1327" WIDTH="23" HEIGHT="20" WC="0.96" CONTENT="sä"/>
						</TextLine>
						<TextLine ID="line_40" HPOS="191" VPOS="1356" WIDTH="829" HEIGHT="28">
							<String ID="string_375" HPOS="191" VPOS="1363" WIDTH="49" HEIGHT="21" WC="0.78" CONTENT="pass"/><SP WIDTH="25" VPOS="1363" HPOS="240"/>
							<String ID="string_376" HPOS="265" VPOS="1357" WIDTH="106" HEIGHT="27" WC="0.93" CONTENT="ordentlig"/><SP WIDTH="25" VPOS="1357" HPOS="371"/>
							<String ID="string_377" HPOS="396" VPOS="1357" WIDTH="126" HEIGHT="27" WC="0.91" CONTENT="mältidssup"/><SP WIDTH="25" VPOS="1357" HPOS="522"/>
							<String ID="string_378" HPOS="547" VPOS="1358" WIDTH="29" HEIGHT="20" WC="0.95" CONTENT="att"/><SP WIDTH="15" VPOS="1358" HPOS="576"/>
							<String ID="string_379" HPOS="591" VPOS="1363" WIDTH="51" HEIGHT="14" WC="0.96" CONTENT="man"/><SP WIDTH="15" VPOS="1363" HPOS="642"/>
							<String ID="string_380" HPOS="657" VPOS="1356" WIDTH="69" HEIGHT="21" WC="0.93" CONTENT="skulle"/><SP WIDTH="16" VPOS="1356" HPOS="726"/>
							<String ID="string_381" HPOS="742" VPOS="1356" WIDTH="63" HEIGHT="21" WC="0.96" CONTENT="hafva"/><SP WIDTH="15" VPOS="1356" HPOS="805"/>
							<String ID="string_382" HPOS="820" VPOS="1356" WIDTH="39" HEIGHT="20" WC="0.96" CONTENT="fått"/><SP WIDTH="16" VPOS="1356" HPOS="859"/>
							<String ID="string_383" HPOS="875" VPOS="1358" WIDTH="29" HEIGHT="18" WC="0.93" CONTENT="ett"/><SP WIDTH="15" VPOS="1358" HPOS="904"/>
							<String ID="string_384" HPOS="919" VPOS="1356" WIDTH="50" HEIGHT="26" WC="0.96" CONTENT="godt"/><SP WIDTH="15" VPOS="1356" HPOS="969"/>
							<String ID="string_385" HPOS="984" VPOS="1362" WIDTH="36" HEIGHT="14" WC="0.96" CONTENT="rus"/>
						</TextLine>
						<TextLine ID="line_41" HPOS="191" VPOS="1384" WIDTH="829" HEIGHT="29">
							<String ID="string_386" HPOS="191" VPOS="1385" WIDTH="27" HEIGHT="27" WC="0.92" CONTENT="pä"/><SP WIDTH="22" VPOS="1385" HPOS="218"/>
							<String ID="string_387" HPOS="240" VPOS="1385" WIDTH="69" HEIGHT="27" WC="0.90" CONTENT="köpet."/><SP WIDTH="30" VPOS="1385" HPOS="309"/>
							<String ID="string_388" HPOS="339" VPOS="1385" WIDTH="48" HEIGHT="21" WC="0.96" CONTENT="Den"/><SP WIDTH="21" VPOS="1385" HPOS="387"/>
							<String ID="string_389" HPOS="408" VPOS="1386" WIDTH="84" HEIGHT="27" WC="0.93" CONTENT="dagliga"/><SP WIDTH="16" VPOS="1386" HPOS="492"/>
							<String ID="string_390" HPOS="508" VPOS="1385" WIDTH="146" HEIGHT="21" WC="0.92" CONTENT="erfarenheten"/><SP WIDTH="15" VPOS="1385" HPOS="654"/>
							<String ID="string_391" HPOS="669" VPOS="1385" WIDTH="32" HEIGHT="20" WC="0.92" CONTENT="lär"/><SP WIDTH="15" VPOS="1385" HPOS="701"/>
							<String ID="string_392" HPOS="716" VPOS="1385" WIDTH="109" HEIGHT="21" WC="0.96" CONTENT="dessutom"/><SP WIDTH="15" VPOS="1385" HPOS="825"/>
							<String ID="string_393" HPOS="840" VPOS="1386" WIDTH="30" HEIGHT="19" WC="0.93" CONTENT="att"/><SP WIDTH="15" VPOS="1386" HPOS="870"/>
							<String ID="string_394" HPOS="885" VPOS="1384" WIDTH="43" HEIGHT="20" WC="0.93" CONTENT="ölet"/><SP WIDTH="15" VPOS="1384" HPOS="928"/>
							<String ID="string_395" HPOS="943" VPOS="1386" WIDTH="23" HEIGHT="18" WC="0.97" CONTENT="är"/><SP WIDTH="15" VPOS="1386" HPOS="966"/>
							<String ID="string_396" HPOS="981" VPOS="1384" WIDTH="39" HEIGHT="20" WC="0.96" CONTENT="och"/>
						</TextLine>
						<TextLine ID="line_42" HPOS="191" VPOS="1412" WIDTH="829" HEIGHT="29">
							<String ID="string_397" HPOS="191" VPOS="1414" WIDTH="109" HEIGHT="20" WC="0.96" CONTENT="användes"/><SP WIDTH="15" VPOS="1414" HPOS="300"/>
							<String ID="string_398" HPOS="315" VPOS="1414" WIDTH="70" HEIGHT="21" WC="0.93" CONTENT="såsom"/><SP WIDTH="16" VPOS="1414" HPOS="385"/>
							<String ID="string_399" HPOS="401" VPOS="1414" WIDTH="110" HEIGHT="27" WC="0.91" CONTENT="rusdryck."/><SP WIDTH="30" VPOS="1414" HPOS="511"/>
							<String ID="string_400" HPOS="541" VPOS="1414" WIDTH="41" HEIGHT="27" WC="0.96" CONTENT="Jag"/><SP WIDTH="16" VPOS="1414" HPOS="582"/>
							<String ID="string_401" HPOS="598" VPOS="1414" WIDTH="37" HEIGHT="20" WC="0.25" CONTENT="har"/><SP WIDTH="4" VPOS="1414" HPOS="635"/>
							<String ID="string_402" HPOS="639" VPOS="1408" WIDTH="14" HEIGHT="38" WC="0.25" CONTENT="i"/><SP WIDTH="20" VPOS="1408" HPOS="653"/>
							<String ID="string_403" HPOS="673" VPOS="1413" WIDTH="104" HEIGHT="27" WC="0.96" CONTENT="åtskilliga"/><SP WIDTH="16" VPOS="1413" HPOS="777"/>
							<String ID="string_404" HPOS="793" VPOS="1413" WIDTH="23" HEIGHT="21" WC="0.93" CONTENT="är"/><SP WIDTH="15" VPOS="1413" HPOS="816"/>
							<String ID="string_405" HPOS="831" VPOS="1413" WIDTH="60" HEIGHT="20" WC="0.96" CONTENT="suttit"/><SP WIDTH="15" VPOS="1413" HPOS="891"/>
							<String ID="string_406" HPOS="906" VPOS="1412" WIDTH="68" HEIGHT="21" WC="0.93" CONTENT="såsom"/><SP WIDTH="16" VPOS="1412" HPOS="974"/>
							<String ID="string_407" HPOS="990" VPOS="1412" WIDTH="30" HEIGHT="20" WC="0.87" CONTENT="le-"/>
						</TextLine>
						<TextLine ID="line_43" HPOS="191" VPOS="1441" WIDTH="828" HEIGHT="29">
							<String ID="string_408" HPOS="191" VPOS="1442" WIDTH="73" HEIGHT="21" WC="0.92" CONTENT="damot"/><SP WIDTH="24" VPOS="1442" HPOS="264"/>
							<String ID="string_409" HPOS="288" VPOS="1442" WIDTH="7" HEIGHT="20" WC="0.93" CONTENT="i"/><SP WIDTH="27" VPOS="1442" HPOS="295"/>
							<String ID="string_410" HPOS="322" VPOS="1442" WIDTH="258" HEIGHT="28" WC="0.92" CONTENT="fattigvärdsdirektionen"/><SP WIDTH="25" VPOS="1442" HPOS="580"/>
							<String ID="string_411" HPOS="605" VPOS="1442" WIDTH="12" HEIGHT="20" WC="0.92" CONTENT="&amp;"/><SP WIDTH="25" VPOS="1442" HPOS="617"/>
							<String ID="string_412" HPOS="642" VPOS="1442" WIDTH="41" HEIGHT="20" WC="0.96" CONTENT="den"/><SP WIDTH="25" VPOS="1442" HPOS="683"/>
							<String ID="string_413" HPOS="708" VPOS="1444" WIDTH="39" HEIGHT="24" WC="0.93" CONTENT="ort,"/><SP WIDTH="21" VPOS="1444" HPOS="747"/>
							<String ID="string_414" HPOS="768" VPOS="1442" WIDTH="86" HEIGHT="20" WC="0.92" CONTENT="hvilken"/><SP WIDTH="15" VPOS="1442" HPOS="854"/>
							<String ID="string_415" HPOS="869" VPOS="1442" WIDTH="36" HEIGHT="26" WC="0.96" CONTENT="jag"/><SP WIDTH="14" VPOS="1442" HPOS="905"/>
							<String ID="string_416" HPOS="919" VPOS="1441" WIDTH="38" HEIGHT="20" WC="0.91" CONTENT="har"/><SP WIDTH="12" VPOS="1441" HPOS="957"/>
							<String ID="string_417" HPOS="969" VPOS="1442" WIDTH="50" HEIGHT="19" WC="0.91" CONTENT="äran"/>
						</TextLine>
						<TextLine ID="line_44" HPOS="190" VPOS="1469" WIDTH="830" HEIGHT="29">
							<String ID="string_418" HPOS="190" VPOS="1472" WIDTH="152" HEIGHT="26" WC="0.92" CONTENT="representera,"/><SP WIDTH="16" VPOS="1472" HPOS="342"/>
							<String ID="string_419" HPOS="358" VPOS="1472" WIDTH="40" HEIGHT="20" WC="0.93" CONTENT="och"/><SP WIDTH="16" VPOS="1472" HPOS="398"/>
							<String ID="string_420" HPOS="414" VPOS="1471" WIDTH="111" HEIGHT="26" WC="0.92" CONTENT="därunder,"/><SP WIDTH="15" VPOS="1471" HPOS="525"/>
							<String ID="string_421" HPOS="540" VPOS="1471" WIDTH="90" HEIGHT="20" WC="0.92" CONTENT="likasom"/><SP WIDTH="16" VPOS="1471" HPOS="630"/>
							<String ID="string_422" HPOS="646" VPOS="1470" WIDTH="62" HEIGHT="21" WC="0.92" CONTENT="äfven"/><SP WIDTH="16" VPOS="1470" HPOS="708"/>
							<String ID="string_423" HPOS="724" VPOS="1476" WIDTH="78" HEIGHT="21" WC="0.96" CONTENT="genom"/><SP WIDTH="15" VPOS="1476" HPOS="802"/>
							<String ID="string_424" HPOS="817" VPOS="1470" WIDTH="45" HEIGHT="20" WC="0.93" CONTENT="min"/><SP WIDTH="15" VPOS="1470" HPOS="862"/>
							<String ID="string_425" HPOS="877" VPOS="1469" WIDTH="106" HEIGHT="27" WC="0.92" CONTENT="egenskap"/><SP WIDTH="16" VPOS="1469" HPOS="983"/>
							<String ID="string_426" HPOS="999" VPOS="1469" WIDTH="21" HEIGHT="20" WC="0.96" CONTENT="af"/>
						</TextLine>
						<TextLine ID="line_45" HPOS="190" VPOS="1497" WIDTH="831" HEIGHT="29">
							<String ID="string_427" HPOS="190" VPOS="1499" WIDTH="134" HEIGHT="27" WC="0.92" CONTENT="fattigläkare"/><SP WIDTH="22" VPOS="1499" HPOS="324"/>
							<String ID="string_428" HPOS="346" VPOS="1500" WIDTH="7" HEIGHT="20" WC="0.96" CONTENT="i"/><SP WIDTH="22" VPOS="1500" HPOS="353"/>
							<String ID="string_429" HPOS="375" VPOS="1500" WIDTH="147" HEIGHT="26" WC="0.96" CONTENT="Tammerfors,"/><SP WIDTH="15" VPOS="1500" HPOS="522"/>
							<String ID="string_430" HPOS="537" VPOS="1501" WIDTH="58" HEIGHT="19" WC="0.93" CONTENT="snart"/><SP WIDTH="16" VPOS="1501" HPOS="595"/>
							<String ID="string_431" HPOS="611" VPOS="1498" WIDTH="61" HEIGHT="28" WC="0.92" CONTENT="sagdt"/><SP WIDTH="15" VPOS="1498" HPOS="672"/>
							<String ID="string_432" HPOS="687" VPOS="1499" WIDTH="99" HEIGHT="27" WC="0.91" CONTENT="dagligen"/><SP WIDTH="15" VPOS="1499" HPOS="786"/>
							<String ID="string_433" HPOS="801" VPOS="1498" WIDTH="44" HEIGHT="21" WC="0.93" CONTENT="haft"/><SP WIDTH="16" VPOS="1498" HPOS="845"/>
							<String ID="string_434" HPOS="861" VPOS="1500" WIDTH="30" HEIGHT="18" WC="0.96" CONTENT="att"/><SP WIDTH="14" VPOS="1500" HPOS="891"/>
							<String ID="string_435" HPOS="905" VPOS="1500" WIDTH="51" HEIGHT="24" WC="0.96" CONTENT="göra"/><SP WIDTH="15" VPOS="1500" HPOS="956"/>
							<String ID="string_436" HPOS="971" VPOS="1497" WIDTH="50" HEIGHT="21" WC="0.96" CONTENT="med"/>
						</TextLine>
						<TextLine ID="line_46" HPOS="191" VPOS="1526" WIDTH="829" HEIGHT="30">
							<String ID="string_437" HPOS="191" VPOS="1528" WIDTH="53" HEIGHT="20" WC="0.96" CONTENT="ölets"/><SP WIDTH="16" VPOS="1528" HPOS="244"/>
							<String ID="string_438" HPOS="260" VPOS="1528" WIDTH="52" HEIGHT="21" WC="0.96" CONTENT="offer"/><SP WIDTH="15" VPOS="1528" HPOS="312"/>
							<String ID="string_439" HPOS="327" VPOS="1528" WIDTH="39" HEIGHT="21" WC="0.96" CONTENT="och"/><SP WIDTH="16" VPOS="1528" HPOS="366"/>
							<String ID="string_440" HPOS="382" VPOS="1529" WIDTH="35" HEIGHT="27" WC="0.95" CONTENT="jag"/><SP WIDTH="15" VPOS="1529" HPOS="417"/>
							<String ID="string_441" HPOS="432" VPOS="1529" WIDTH="37" HEIGHT="20" WC="0.92" CONTENT="har"/><SP WIDTH="15" VPOS="1529" HPOS="469"/>
							<String ID="string_442" HPOS="484" VPOS="1528" WIDTH="98" HEIGHT="20" WC="0.96" CONTENT="särskildt"/><SP WIDTH="15" VPOS="1528" HPOS="582"/>
							<String ID="string_443" HPOS="597" VPOS="1528" WIDTH="64" HEIGHT="20" WC="0.96" CONTENT="riktat"/><SP WIDTH="14" VPOS="1528" HPOS="661"/>
							<String ID="string_444" HPOS="675" VPOS="1527" WIDTH="44" HEIGHT="21" WC="0.96" CONTENT="min"/><SP WIDTH="12" VPOS="1527" HPOS="719"/>
							<String ID="string_445" HPOS="731" VPOS="1527" WIDTH="186" HEIGHT="27" WC="0.96" CONTENT="uppmärksamhet"/><SP WIDTH="10" VPOS="1527" HPOS="917"/>
							<String ID="string_446" HPOS="927" VPOS="1526" WIDTH="26" HEIGHT="27" WC="0.96" CONTENT="pä"/><SP WIDTH="10" VPOS="1526" HPOS="953"/>
							<String ID="string_447" HPOS="963" VPOS="1528" WIDTH="57" HEIGHT="18" WC="0.96" CONTENT="detta"/>
						</TextLine>
					</TextBlock>
				</ComposedBlock>
			</PrintSpace>
		</Page>
	</Layout>
</alto>
