1142 1773
372 124 180 22 Borgareståndet
564 125 57 17 1894.
645 125 26 17 23
684 125 47 20 maj.
881 119 53 21 1351

136 205 183 21 tulevaisuudessa
342 205 41 21 olla
406 206 98 20 suureksi
523 205 110 27 hyödyksi,
650 205 50 23 kun,
716 205 64 21 kuten
797 205 80 25 luulen,
892 204 73 27 joskus

137 233 53 21 vielä
206 234 86 26 yleinen
308 234 189 26 oppivelvollisuus
514 240 138 15 maassamme
669 234 118 20 säädetään.
817 234 60 20 Tästä
893 235 72 25 syystä

136 262 84 26 pyydän
238 262 64 20 saada
318 262 113 21 kannattaa
447 262 79 21 tätäkin
543 269 49 14 osaa
608 262 143 21 valiokunnan
768 262 139 20 mietinnöstä.

204 319 33 20 Hr
252 318 217 28 Schybergson:
500 319 42 26 Jag
557 320 38 20 har
610 320 73 26 begärt
699 319 59 21 ordet
774 319 31 21 för
822 318 45 21 atti
879 318 28 20 alt
918 318 47 21 huf-

137 347 121 27 vudsakligt
284 348 72 20 förena
381 348 44 27 mig
448 354 33 14 om
506 348 25 20 hr
553 348 87 27 HElvings
662 348 115 20 uttalande.
810 347 46 21 Den
883 349 82 18 senaste

136 376 80 21 talaren
239 376 38 20 har
299 376 123 25 visserligen
442 379 46 23 sagt
504 378 30 19 att
549 383 48 14 man
615 377 28 20 uti
661 377 70 20 denna
746 376 59 27 fråga
820 376 22 27 ju
859 376 42 20 förr
917 376 47 20 dess

136 405 65 20 hällre
226 405 37 20 bör
285 406 5 18 i
315 405 183 27 lagstiftningsväg
514 405 102 21 fastställa
632 406 55 20 vissa
703 406 110 26 principer.
844 404 49 20 Men
909 404 55 20 huru

135 433 118 21 tilltalande
274 434 34 20 det
324 435 25 19 än
365 434 40 20 kan
423 441 49 13 vara
488 436 30 19 att
534 434 20 20 få
569 440 25 14 en
611 434 65 20 sådan
693 434 88 27 princip,
797 440 45 14 som
858 433 106 21 öfverens-

134 465 102 18 stämmer
260 463 48 20 med
332 469 37 14 ens
395 463 140 27 uppfattning,
558 463 6 20 i
587 463 184 26 lagstiftningsväg
787 462 86 24 uttalad,
889 462 22 20 sä
927 462 38 20 bör

135 498 49 13 man
206 491 54 20 dock
277 491 90 20 betänka
382 494 30 18 att
428 492 40 25 det,
484 493 39 18 när
538 498 48 13 man
603 491 81 21 skrider
699 491 32 21 till
747 491 132 26 lagstiftning
894 490 26 27 pä
935 493 30 18 ett

134 519 97 26 ömtåligt
254 520 86 20 område
362 527 46 14 som
424 521 62 24 detta,
503 522 23 18 är
540 520 7 20 i
564 521 39 26 hög
619 521 50 26 grad
687 520 116 25 betänkligt
819 521 29 19 att
863 521 50 25 göra
929 519 35 20 det

136 552 49 17 utan
209 550 30 19 att
261 549 99 26 förslaget
382 551 23 18 är
428 549 53 20 efter
504 553 104 22 noggrant
623 549 156 26 öfvervägande
796 548 113 27 uppgjordt
924 548 39 20 och

135 577 34 20 väl
193 579 77 24 moget.
300 577 97 20 TJikasom
421 578 25 20 hr
468 577 78 26 Elving
569 584 61 14 anser
651 578 36 26 jag
710 577 62 20 äfven
789 580 30 17 att
834 577 52 20 intet
901 576 22 21 af
937 576 26 20 de

134 605 146 28 föreliggande
296 605 104 28 förslagen
417 606 63 27 fyller
497 606 72 21 måttet
585 613 36 14 ens
638 606 143 21 närmelsevis.
811 605 63 21 Hvad
888 611 28 14 nu
928 605 34 20 be-

135 634 70 21 träffar
230 634 26 21 de
281 634 21 21 af
324 635 24 20 hr
371 635 94 20 Neovius
488 635 119 26 föreslagna
627 635 175 26 förändringarna
819 635 7 19 i
842 634 39 20 den
898 633 65 21 första

134 663 164 26 reservationen,
309 663 37 20 har
359 663 35 21 det
409 663 128 21 ätminstone
553 663 32 20 för
600 663 43 27 mig
655 663 47 21 icke
716 663 53 21 varit
781 663 82 26 möjligt
874 665 30 18 att
915 662 48 20 fullt

134 691 96 27 uppfatta
246 691 60 21 deras
322 692 103 20 innebörd
441 693 39 20 och
497 695 30 17 att
542 692 88 20 sälunda
646 692 57 20 bilda
719 692 44 27 mig
779 698 25 14 en
821 691 141 26 öfvertygelse

134 727 34 13 om
192 721 5 19 i
222 720 86 21 hvilken
324 721 48 20 män
388 721 70 20 denna
474 721 128 20 reservation
619 721 122 26 därigenom
759 721 80 25 vinner,
854 720 6 20 i
877 719 85 21 hvilken

134 749 49 20 män
206 749 52 20 icke.
290 749 43 20 Och
348 749 35 26 jag
398 749 75 20 tänker
489 752 30 17 att
534 749 35 21 det
585 756 88 14 numera
689 749 53 20 skall
759 756 48 13 vara
823 748 95 27 omöjligt
933 750 30 18 att

134 777 26 27 pä
176 777 64 20 basen
256 777 21 20 af
293 778 139 27 väsentligare
448 778 185 27 ändringsförslag,
649 785 45 13 som
711 777 114 21 framträda
835 777 58 20 inom
907 777 56 20 stän-

133 805 48 27 den,
203 806 22 20 fä
248 808 28 18 ett
298 806 114 27 lagförslag
434 807 31 20 till
481 806 67 21 ständ.
578 807 41 26 Jag
634 807 85 20 förenar
735 807 42 26 mig
793 806 70 20 därför
878 812 33 13 om
928 812 35 19 yr-

133 834 79 21 kandet
234 836 30 19 att
286 835 74 26 frägan
382 835 33 20 för
438 835 70 20 denna
527 835 54 27 gäng
596 835 56 27 finge
668 835 89 20 förfalla.
787 834 63 21 Hvad
865 835 35 26 jag
916 834 47 20 där-

133 865 57 18 emot
213 863 65 20 hällre
301 863 68 20 skulle
393 864 62 20 hafva
478 864 78 20 biträdt
578 870 49 14 vore
643 870 26 14 en
686 864 87 27 petition
789 863 32 21 till
836 863 126 27 regeringen

134 898 35 14 om
192 894 30 18 att
238 892 40 20 den
295 892 30 20 till
342 894 58 19 nästa
417 892 102 26 landtdag
534 892 67 21 skulle
617 893 108 27 förelägga
740 893 113 20 ständerna
869 891 93 28 proposi-

132 920 45 20 tion
200 921 6 20 i
230 922 76 25 ämnet,
326 921 96 25 grundad
441 921 27 27 pä
483 921 124 27 fullständig
623 921 122 27 beredning.
776 921 48 21 Men
842 920 39 21 den
898 920 64 26 kläm,

132 955 46 14 som
201 949 6 20 i
231 949 57 21 detta
311 950 99 21 afseende
433 950 114 26 föreligger
569 950 30 20 uti
618 950 40 20 den
675 950 50 20 sista
741 950 163 23 reservationen,
920 948 42 22 till-

133 977 131 21 fredsställer
285 978 47 20 icke
351 978 43 27 mig
410 979 38 20 och
464 979 36 26 jag
515 978 79 28 nödgas
611 978 70 21 därför
696 978 114 21 inskränka
826 978 43 27 mig
885 977 31 21 till
932 979 30 19 att

132 1006 69 20 säsom
225 1006 25 20 hr
272 1006 77 28 Elving
372 1007 66 21 uttala
458 1007 42 21 den
521 1007 168 27 förhoppningen
713 1009 29 19 att
758 1007 124 27 regeringen
899 1006 62 20 äfven

133 1037 51 18 utan
207 1041 25 14 en
256 1034 65 21 sädan
345 1036 87 26 petition
456 1036 47 20 frän
519 1036 123 20 ständernas
658 1036 45 20 sida
719 1036 46 20 icke
781 1035 53 21 skall
852 1034 110 21 underläta

132 1065 31 19 att
185 1066 47 24 taga
248 1063 65 21 saken
328 1064 7 20 i
351 1064 156 27 öfvervägande
524 1065 37 20 och
577 1064 32 21 till
625 1064 174 21 nästkommande
815 1063 101 27 landtdag
932 1062 29 21 af-

132 1092 70 20 lämna
218 1092 128 27 proposition
363 1092 50 21 däri.

200 1148 34 21 Hr
256 1149 162 27 Wegelius:
449 1149 42 27 Jag
514 1149 37 21 ber
573 1151 29 19 att
624 1149 7 21 i
646 1149 120 21 hufvudsak
783 1149 20 21 fä
819 1148 84 22 ansluta
917 1148 44 27 mig

132 1177 32 21 till
185 1177 24 21 hr
232 1177 100 21 Neovius'
349 1178 83 27 förslag.
464 1178 30 20 Pä
518 1178 34 21 det
567 1180 40 18 sätt
623 1178 41 20 han
680 1178 38 20 har
733 1178 113 26 begränsat
861 1176 100 27 förslaget

132 1206 32 20 till
187 1206 34 27 lag
240 1206 69 21 skulle
325 1206 117 21 detsamma
457 1207 115 20 inskränka
587 1207 32 27 sig
634 1207 6 20 i
657 1206 120 21 hufvudsak
793 1206 31 21 till
840 1206 121 27 skyldighet

132 1234 32 21 för
186 1234 217 22 landskommunerna
427 1237 30 19 att
479 1236 77 20 inrätta
579 1235 126 21 ätminstone
729 1242 26 14 en
771 1236 64 26 högre
851 1234 41 21 fast
907 1234 54 20 folk-

132 1263 65 26 skola,
220 1264 39 20 och
282 1264 74 26 själfva
379 1264 137 27 lagförslaget
538 1264 38 20 har
590 1264 23 26 ju
629 1264 6 20 i
651 1264 57 20 detta
723 1264 37 20 fall
775 1264 46 20 icke
838 1263 23 20 sä
876 1262 85 27 mycket

132 1294 47 24 nytt
200 1294 30 18 att
252 1292 88 27 erbjuda
363 1294 30 19 att
416 1299 48 14 man
490 1292 88 21 behöfde
594 1292 64 27 draga
673 1293 7 19 i
697 1292 132 21 betänkande
845 1294 30 18 att
891 1292 70 20 denna

132 1320 55 27 gäng
202 1320 71 21 skrida
290 1320 31 21 till
336 1327 26 14 en
379 1321 73 27 ätgärd
468 1321 7 20 i
491 1321 56 21 detta
558 1321 61 27 syfte,
630 1322 32 20 för
673 1321 85 21 hvilken
770 1320 114 21 ständerna
895 1319 66 21 redan

131 1349 57 20 förut
203 1349 75 21 uttalat
294 1349 36 27 sig.
352 1349 42 21 Det
408 1352 24 18 är
447 1350 75 20 endast
537 1350 7 20 i
560 1350 64 26 nägra
639 1350 21 20 fä
675 1350 92 26 punkter
781 1356 46 14 som
838 1349 35 27 jag
883 1348 38 20 ber
931 1350 30 18 att

131 1377 21 21 fä
168 1377 70 21 afvika
253 1377 46 21 frän
315 1378 25 20 hr
354 1378 102 21 Neovius'
472 1378 84 26 förslag.
586 1378 72 27 Enligt
673 1378 53 21 hans
741 1378 78 27 förslag
837 1376 68 22 skulle
916 1376 44 28 lag-

132 1406 100 26 förslaget
247 1406 6 20 i
269 1406 64 20 första
355 1407 158 20 reservationen
532 1407 71 26 läggas
619 1407 31 20 till
665 1406 75 27 grund,
756 1406 53 21 dock
825 1405 90 21 sälunda
931 1407 30 18 att

131 1434 91 21 därifrän
246 1434 69 21 skulle
339 1435 103 20 uteslutas
464 1435 26 21 de
514 1435 34 21 tvä
570 1436 65 20 första
656 1435 154 27 paragraferna.
840 1434 63 21 Detta
919 1434 41 20 för-

131 1462 87 21 anleder
234 1463 133 27 naturligtvis
383 1470 26 14 en
426 1464 175 26 omformulering
616 1464 21 20 af
653 1464 12 26 $
681 1464 19 26 3,
716 1464 39 20 och
771 1463 68 21 skulle
855 1463 35 27 jag
905 1462 55 20 före-

131 1491 31 20 slä
178 1493 29 19 att
223 1492 70 20 denna
308 1492 178 27 omformulering
500 1492 69 21 skulle
585 1492 106 21 ombetros
706 1492 103 20 utskottet
824 1490 90 22 sälunda
930 1492 30 19 att

131 1519 40 21 den
188 1520 65 21 borde
269 1520 37 20 ske
321 1520 7 20 i
344 1520 35 21 det
394 1520 56 27 syfte
466 1523 30 18 att
511 1521 7 19 i
534 1520 60 21 dessa
609 1521 64 27 högre
689 1520 116 21 folkskolor
820 1520 65 20 borde
901 1518 58 22 med-
