1142 1773
355 136 179 21 Borgareständet
546 138 57 16 1894.
627 138 26 16 23
667 138 47 20 maj.
869 132 54 20 1339

124 218 36 19 ten
183 218 108 25 gentemot
313 217 139 21 tillsättandet
474 218 21 20 af
519 224 26 14 en
561 217 211 27 ständerdelegation.
802 217 60 21 Dock
878 217 73 20 tänker

124 246 35 26 jag
182 246 42 26 mig
240 247 30 18 att
285 252 26 14 en
327 245 118 27 delegation
463 246 49 20 med
528 246 39 20 den
584 246 125 20 förändrade
726 246 88 27 uppgift,
830 252 44 14 som
891 245 21 21 af
927 246 24 19 hr

124 274 102 21 Schvindt
247 274 124 26 föreslagits,
395 274 66 21 bättre
485 275 122 20 försvarade
622 275 33 20 sin
670 275 54 27 plats
740 276 27 18 än
783 274 112 21 utskottets
910 274 41 20 för-

124 302 52 27 slag,
194 302 39 21 och
249 302 36 20 ber
300 303 34 26 jag
350 303 72 20 därför
438 305 29 19 att
483 303 21 20 fä
520 303 72 21 förena
609 304 42 26 mig
667 310 33 14 om
717 303 40 20 den
774 303 21 20 af
811 304 24 19 hr
851 302 101 21 Schvindt

124 331 123 21 framstälda
264 330 112 22 klämmen.

192 405 33 21 Hr
247 405 137 21 Neovius:
408 406 42 26 Jag
472 406 86 20 förenar
580 406 42 26 mig
639 406 130 26 fullkomligt
784 412 34 14 om
835 406 39 20 den
899 405 54 21 äsikt

124 434 26 20 hr
164 434 78 26 Elving
257 434 75 20 uttalat
348 434 71 20 därom
444 436 29 18 att
488 434 190 28 bankfullmäktige
695 434 46 21 icke
757 436 35 18 äro
809 434 98 27 lämpliga
923 436 30 18 att

125 463 50 27 ingä
197 463 5 20 i
226 463 39 20 den
290 463 142 22 kommission,
454 463 89 21 hvarom
559 464 36 20 här
611 464 52 20 varit
678 463 64 27 fräga.
773 463 41 20 För
829 463 71 26 hvarje
916 463 36 20 be-

127 492 91 27 fattning
241 491 51 21 böra
314 491 66 21 därtill
405 492 101 27 lämpliga
528 498 100 21 personer
650 495 58 18 utses
731 492 39 20 och
791 493 35 26 jag
847 498 62 14 anser
924 494 29 17 att

127 520 196 27 bankfullmäktige,
345 527 44 14 som
413 522 35 19 äro
471 521 90 20 utsedda
583 521 32 20 för
637 527 26 14 en
685 521 44 20 helt
743 527 71 14 annan
831 520 122 27 befattning,

126 549 48 21 icke
189 549 163 26 nödvändigtvis
368 549 70 27 lämpa
452 549 32 26 sig
500 549 33 20 för
548 550 47 26 den,
611 556 44 13 som
672 549 69 20 skulle
757 549 85 20 komma
857 551 30 18 att
897 549 56 26 äläg-

126 585 38 20 gas
187 578 48 21 dem
258 577 66 28 enligt
346 578 24 19 hr
388 577 88 21 Heikels
492 578 83 27 förslag.
606 578 64 21 Utom
686 578 55 20 hvad
758 578 25 20 hr
797 578 77 26 Elving
890 577 63 21 fram-

127 607 60 20 hällit
208 609 24 18 är
254 606 70 21 denna
339 606 21 20 af
375 607 43 26 mig
437 609 71 18 senast
531 607 87 20 anförda
634 607 109 26 synpunkt
758 607 21 20 af
794 605 159 22 bestämmande

128 638 37 17 art.
194 635 101 20 Däremot
319 641 63 20 synes
405 635 43 26 mig
468 641 27 14 en
512 635 35 21 del
564 636 21 19 af
600 635 24 20 hr
639 635 88 20 Heikels
742 635 79 27 förslag
837 641 50 14 vara
903 634 50 21 värd

127 663 123 21 beaktande.
282 663 70 20 Gäller
368 663 34 21 det
419 663 106 28 nämligen
543 666 29 19 att
587 665 141 19 sammanföra
740 664 25 20 de
778 663 110 21 Antellska
899 669 54 14 sam-

126 691 97 28 lingarna
246 692 48 20 med
314 692 25 20 de
356 692 65 20 andra
437 692 121 27 samlingar,
574 699 45 14 som
634 693 124 26 regeringen
775 693 116 25 öfvertagit,
908 691 45 21 dels

126 721 46 20 frän
194 721 151 25 universitetet,
369 721 45 20 dels
434 721 44 20 frän
496 724 65 17 annat
576 721 48 26 häll,
640 727 63 20 synes
720 721 35 20 det
770 721 63 20 äfven
849 720 104 27 själffallet

127 752 30 17 att
172 749 103 26 styrelsen
292 749 52 20 skall
360 756 39 19 ega
414 751 30 19 att
460 753 46 17 utse
523 756 25 14 en
566 750 32 20 del
610 750 21 20 af
641 750 167 20 medlemmarna
821 750 6 19 i
841 749 40 20 den
894 749 59 20 kom-

126 778 94 26 mission,
238 784 44 14 som
299 780 58 24 tager
372 778 73 26 frågan
462 785 35 13 om
513 779 62 20 hand.
597 778 48 21 Mitt
660 778 78 27 förslag
755 785 49 14 vore
818 778 81 20 således
918 777 35 20 det

126 808 30 19 att
171 806 118 27 ständerna,
304 807 6 19 i
327 807 93 26 enlighet
435 807 47 20 med
504 807 54 20 hvad
575 807 30 20 uti
621 807 64 20 första
700 807 106 20 klämmen
824 807 25 26 pä
865 806 45 20 sida
926 806 25 19 16

126 835 88 20 föresläs
236 835 22 20 af
281 835 106 26 utskottet,
407 835 69 20 skulle
493 837 46 19 utse
555 842 106 21 personer,
677 835 71 20 hvilka
763 835 56 27 finge
836 835 5 20 i
857 835 96 26 uppdrag

126 865 36 25 att,
177 864 64 26 jämte
257 863 26 21 de
299 863 21 21 af
335 863 103 27 styrelsen
452 864 33 20 för
501 864 69 21 denna
585 864 59 27 fräga
661 864 94 26 utsedda,
772 864 96 20 utarbeta
879 863 73 20 försla-

124 894 37 25 get
176 892 31 20 till
223 892 175 21 nästkommande
413 892 109 28 landtdag.
551 892 42 22 Det
608 895 22 18 är
645 893 6 20 i
668 893 57 21 detta
740 893 100 20 afseende
855 893 36 26 jag
903 892 49 20 ville

124 920 110 21 modifiera
257 921 25 20 hr
303 920 88 22 Heikels
413 921 84 27 förslag.
528 921 11 21 I
561 922 100 20 händelse
685 922 46 20 icke
748 922 111 20 utskottets
874 920 79 27 förslag

124 949 72 26 redan,
211 956 77 20 genom
304 949 160 27 bestämningen
481 953 31 17 att
528 950 134 27 suppleanter
677 950 51 20 böra
744 953 63 21 utses,
822 950 54 20 hade
887 949 66 21 förut-

126 980 40 18 sett
182 978 40 20 den
239 978 165 21 eventualiteten
420 980 30 19 att
465 978 106 21 ordinarie
580 979 144 27 medlemmar,
734 979 89 20 utsedda
835 978 33 20 vid
883 978 69 20 denna

125 1006 107 28 landtdag,
254 1006 72 21 kunde
350 1007 53 27 afgä,
426 1007 69 21 skulle
520 1008 116 26 uppdraget
657 1009 35 24 att,
707 1008 8 19 i
730 1007 101 21 händelse
847 1007 20 20 af
883 1006 68 26 behof,

126 1037 46 19 utse
195 1042 100 20 personer
317 1036 6 20 i
347 1036 25 20 de
389 1036 117 26 afgångnes
522 1036 59 20 ställe
605 1036 72 20 kunna
693 1036 142 20 öfverlämnas
850 1035 21 21 åt
887 1034 65 21 bank-

125 1063 137 25 fullmäktige.
293 1064 35 20 Nu
343 1066 23 18 är
381 1064 57 20 detta
454 1064 118 21 emellertid
587 1065 46 20 icke
649 1065 22 20 af
687 1064 98 21 behofvet
800 1064 113 27 påkalladt,
926 1063 26 20 då

126 1092 100 21 utskottet
241 1092 87 21 föreslår
344 1095 29 18 att
389 1096 57 17 utom
463 1093 35 20 två
515 1093 96 21 ordinare
627 1093 116 21 ledamöter
765 1093 62 21 äfven
850 1095 30 18 tre
903 1098 49 20 sup-

125 1120 95 27 pleanter
234 1121 70 21 skulle
320 1123 62 19 utses.

192 1189 33 21 Hr
240 1189 152 21 Schvindt:
409 1190 45 20 Hra
468 1190 102 20 Heikelin
587 1190 89 21 ehdotus
691 1196 62 15 eroaa
763 1190 74 20 minun
850 1189 103 21 ehdotuk-

125 1218 78 20 sestani
226 1218 78 20 ensiksi
328 1218 58 27 siinä,
410 1220 42 19 että
472 1219 70 20 hänen
558 1219 157 21 ehdotuksensa
731 1219 90 20 mukaan
837 1218 46 21 olisi
900 1224 53 20 pyy-

126 1245 88 28 dettävä,
231 1248 42 19 että
288 1247 86 20 hallitus
390 1247 92 21 asettaisi
499 1248 165 26 kysymyksessä
679 1248 76 20 olevan
771 1246 181 26 kommissioonin,

123 1274 75 21 minun
214 1275 140 21 ehdotukseni
370 1276 92 20 mukaan
479 1278 57 18 tämä
552 1276 46 20 olisi
613 1276 95 26 säätyjen
725 1278 119 18 asetettava.
871 1275 81 20 Toinen

124 1305 78 25 erotus,
225 1304 55 20 ellen
304 1304 71 20 väärin
399 1304 91 26 kuullut,
507 1311 27 13 on
550 1311 28 19 se,
595 1306 41 19 että
651 1305 38 20 hra
703 1304 100 21 Heikelin
821 1303 131 22 ehdotuksen

124 1332 92 20 mukaan
238 1332 172 21 valtuuskunnan
435 1333 46 20 olisi
506 1335 113 18 annettava
641 1333 90 21 ehdotus
753 1333 123 20 ainoastaan
899 1332 53 26 siitä,

124 1360 67 20 miten
206 1360 100 27 nykyiset.
323 1361 94 20 Antellin
434 1361 122 21 kokoelmat
571 1364 48 18 ovat
635 1362 170 20 vastaisuudessa
816 1361 136 24 hoidettavat,

124 1388 74 21 minun
222 1389 140 21 ehdotukseni
385 1392 45 18 taas
451 1390 91 26 sisältää,
566 1392 41 18 että
626 1390 173 20 valtuuskunnan
815 1389 59 21 tulisi
889 1388 63 21 tehdä

124 1417 90 21 ehdotus
229 1418 63 20 niistä
307 1418 170 27 toimenpiteistä,
492 1419 60 26 jotka
566 1418 95 21 Antellin
678 1418 93 21 Suomen
788 1418 95 20 kansalle
894 1418 57 20 teke-

124 1446 52 20 miin
198 1446 271 26 testamenttimääräyksiin
494 1447 84 21 nähden
601 1447 184 21 tulevaisuudessa
807 1448 144 19 osottautuvat

123 1474 153 27 tarpeellisiksi,
302 1481 15 14 s.
340 1482 18 13 o.
374 1477 61 24 myös
451 1475 67 21 miten
534 1475 95 21 Antellin
645 1476 202 26 testamenttirahoja
863 1474 89 21 tulevai-

123 1502 103 21 suudessa
249 1510 28 13 on
300 1503 126 26 käytettävä.
456 1504 39 20 Jos
511 1504 74 26 säädyt
601 1504 55 20 eivät
671 1504 46 20 ensi
733 1503 150 28 valtiopäivillä
899 1504 54 19 tästä
