1142 1773
214 115 56 21 1032
420 122 179 21 Borgareståndet
611 122 57 18 1894.
693 123 19 16 11
725 122 48 21 maj.

184 202 36 27 jag
242 202 54 26 icke,
322 202 40 21 och
377 202 57 21 detta
449 202 93 27 framgår
556 202 47 21 icke
618 202 69 21 häller
701 202 22 21 af
738 202 26 21 de
780 202 43 27 mig
839 201 93 27 delgifna
947 200 68 21 hand-

185 230 103 28 lingarna,
304 243 27 2 —
346 230 94 22 anbefalt
454 231 163 27 öfverstyrelsen
634 231 33 21 för
682 232 50 25 väg-
744 230 39 21 och
794 228 222 23 vattenkommunika-

186 259 98 21 tionerna
306 260 30 20 att
358 259 42 21 låta
421 259 89 21 anställa
533 259 160 27 undersökning
711 260 8 20 i
734 258 100 22 afseende
850 258 12 21 å
877 258 137 27 möjligheten

186 289 30 19 att
232 287 145 21 åstadkomma
392 294 26 14 en
434 288 97 26 segelbar
545 288 184 21 kommunikation
745 287 92 22 emellan
853 287 26 21 de
894 287 7 21 i
911 286 52 28 Lojo
975 286 41 21 och

186 315 83 22 Vichtis
290 316 90 21 socknar
403 316 108 27 befintliga
533 318 66 19 större
615 317 90 27 sjöarna,
721 318 51 19 utan
788 316 63 20 äfven
867 318 30 18 att
911 322 26 14 en
955 314 60 28 dylik

186 344 161 28 undersökning
372 344 64 22 våren
461 345 54 21 1876
539 345 69 21 blifvit
623 345 107 21 värkstäld
746 345 39 20 och
801 344 134 21 betänkande
950 344 66 26 jämte

186 373 182 27 kostnadsförslag
392 374 31 20 till
450 374 113 27 kejserliga
587 376 88 18 senaten
702 374 21 20 af
743 373 165 27 öfverstyrelsen
923 372 94 27 insändt,

187 401 80 27 hvarpå
289 402 112 27 kejserliga
422 405 86 18 senaten
531 402 7 20 i
554 402 110 21 skrifvelse
681 402 32 21 för
729 402 40 20 den
787 402 26 20 16
829 401 115 21 november
960 401 56 21 1876

187 430 107 21 meddelat
321 431 115 21 resolution
461 431 7 20 i
491 431 71 21 saken.
592 431 41 27 Jag
659 430 95 22 anhåller
779 430 108 21 vördsamt
902 432 30 18 att
946 429 21 21 få
983 429 32 21 till

188 459 78 28 nödiga
282 459 58 21 delar
355 459 87 28 uppläsa
458 459 25 22 de
499 460 21 20 af
535 460 44 27 mig
594 459 89 22 berörda
699 459 164 28 handlingarna:

466 534 94 27 »Utdrag
583 535 21 20 af
626 534 132 27 protokollet,
779 533 56 22 fördt
854 533 34 21 vid
904 533 114 28 kejserliga

396 563 143 21 direktionens
554 563 32 20 för
597 565 49 25 väg-
657 563 40 21 och
708 562 308 21 vattenkommunikationerna

395 592 6 20 i
417 591 89 21 Finland
530 591 156 21 sammanträde
702 592 5 20 i
724 591 135 27 Helsingfors
881 591 41 21 den
944 591 27 20 23
986 590 31 21 fe-

395 620 72 21 bruari
483 621 60 20 1853.

260 687 127 28 Föredrogs:
410 688 62 21 Hans
494 688 108 21 excellens
619 689 50 20 herr
683 688 194 27 tjänstförrättande
893 687 126 28 generalgu-

189 718 113 21 vernören,
324 717 204 27 generallöjtnanten
554 717 40 20 och
609 717 98 20 riddaren
724 717 167 26 Rokassowskys
907 716 110 21 skrifvelse

189 745 21 20 af
234 745 42 20 den
299 745 26 21 21
342 745 96 21 sistlidna
452 746 83 27 januari
551 746 19 26 (2
586 745 145 21 innevarande
747 745 100 26 februari)
863 745 64 27 jämte
943 751 25 14 en
985 745 34 20 för

189 773 106 28 åtskillige
310 774 247 27 lägenhetsinnehafvare
573 774 6 20 i
595 774 88 27 Vichtis,
699 773 69 27 Karis,
784 773 105 28 Karislojo
906 773 38 21 och
965 773 53 27 Lojo

189 802 91 21 socknar
305 802 32 21 till
361 803 220 27 generalguvernören
607 803 54 20 stäld
683 803 38 20 och
739 802 94 27 ingifven
849 802 66 27 skrift,
931 802 44 20 däri
991 802 28 20 de

188 832 66 25 yttrat
269 831 33 20 sin
317 831 80 21 önskan
414 833 30 19 att
458 837 27 15 en
500 831 257 21 vattenkommunikation
774 831 64 20 måtte
853 831 88 20 inrättas
957 830 62 27 längs

189 859 109 27 Vanjärvi,
322 859 126 22 Hiidenvesi
473 860 39 21 och
536 859 53 28 Lojo
612 860 57 27 sjöar
684 859 31 21 till
731 859 76 21 Svartå
821 859 55 21 bruk
891 859 39 20 och
947 859 71 20 vidare

188 888 61 27 längs
273 888 63 21 Karis
356 888 12 21 ä
383 888 32 21 till
430 889 52 27 Pojo
499 888 62 22 viken
577 889 21 20 af
613 888 98 28 saltsjön;
727 889 6 20 i
749 888 118 27 anledning
881 888 74 20 hvaraf
970 888 50 20 herr

188 916 195 27 tjänstförrättande
406 917 220 27 generalguvernören
642 917 100 21 affordrat
757 916 112 28 kejserliga
885 916 133 21 direktionen

190 945 50 21 dess
256 945 108 21 utlåtande
379 945 7 21 i
402 948 76 18 ämnet.

259 973 123 28 Upplästes;
403 974 50 21 därå
469 974 111 27 kejserliga
595 974 133 21 direktionen
745 974 32 20 till
792 974 49 20 herr
856 973 106 21 öfversten
979 973 39 21 och

190 1002 99 20 riddaren
313 1002 113 28 Stjernvall
448 1003 158 21 öfverlämnade
622 1004 30 20 att
667 1002 42 21 låta
725 1002 26 28 på
767 1002 70 21 stället
852 1002 86 20 förrätta
953 1002 66 20 erfor-

191 1030 68 27 derlig
274 1030 161 28 undersökning
450 1034 54 18 samt
520 1034 35 24 att,
571 1032 66 20 sedan
653 1031 75 21 sådant
743 1031 62 27 skett,
820 1030 49 21 med
885 1030 135 21 betänkande

189 1059 7 20 i
212 1059 88 21 ärendet
314 1059 118 26 inkomma;
448 1060 7 20 i
471 1060 79 21 hvilket
570 1060 100 21 afseende
692 1060 155 26 handlingarna
862 1059 64 27 jämte
943 1058 76 28 utdrag

190 1087 21 21 af
226 1087 58 21 detta
298 1088 104 27 protokoll
418 1088 68 21 skulle
501 1088 49 21 herr
564 1088 106 21 öfversten
686 1088 123 21 tillställas.»

261 1152 9 11 »
275 1144 37 21 Uti
326 1144 111 22 skrifvelse
452 1145 22 21 af
488 1145 42 21 den
547 1146 26 20 14
588 1145 121 27 september
725 1146 54 20 1875
795 1151 34 14 n:o
846 1144 41 21 602
902 1144 39 20 har
951 1144 69 20 öfver-

190 1172 104 27 styrelsen
310 1173 34 21 för
358 1175 50 25 väg-
423 1174 39 20 och
478 1174 310 20 vattenkommunikationerna
807 1172 94 22 anbefalt
916 1172 104 21 distrikts-

190 1201 128 27 ingeniören
333 1202 8 20 i
355 1202 229 21 Väst-Tavastländska
599 1202 106 21 distriktet
720 1204 29 19 att
760 1201 89 21 anställa
860 1200 161 28 undersökning

190 1229 33 21 för
238 1230 26 20 de
280 1230 57 20 inom
356 1230 80 21 Vichtis
451 1231 39 21 och
505 1230 52 28 Lojo
568 1230 91 21 socknar
670 1230 89 27 belägna
769 1232 67 19 större
847 1230 66 27 sjöars
923 1229 97 21 sättande

190 1258 7 20 i
212 1258 98 27 segelbar
325 1258 183 22 kommunikation
524 1259 48 21 med
587 1259 120 21 hvarandra
721 1261 56 19 samt
791 1260 30 19 att
837 1260 94 25 uppgöra
945 1257 75 21 ritnin-

190 1293 38 21 gar
243 1287 41 21 och
299 1287 181 27 kostnadsförslag
499 1288 34 20 för
548 1288 119 20 desammas
689 1287 144 27 kanalisering
848 1286 31 21 till
895 1286 79 21 sådana
989 1286 31 20 di-

190 1315 124 21 mensioner
336 1316 204 21 ortsförhållandena
564 1316 85 27 betinga
665 1316 40 20 och
720 1318 29 19 att
765 1315 87 21 därmed
867 1316 64 26 jämte
947 1314 73 21 betän-

190 1343 71 21 kande
276 1344 8 20 i
300 1344 65 21 saken
381 1344 31 20 till
436 1344 163 27 öfverstyrelsen
614 1344 115 21 inkomma.
759 1344 125 21 Sedermera
899 1344 38 20 har
952 1343 69 21 öfver-

190 1372 106 26 styrelsen
316 1373 65 26 jämte
397 1373 110 21 skrifvelse
522 1373 22 21 af
558 1373 41 21 den
617 1374 25 20 18
657 1373 84 27 januari
751 1372 146 21 innevarande
907 1372 24 20 år
941 1378 34 14 n:o
988 1371 33 27 51,

190 1400 33 20 för
238 1402 30 19 att
284 1401 35 20 vid
334 1401 112 27 förslagets
462 1401 121 27 afgifvande
599 1403 59 25 tagas
673 1402 7 20 i
696 1401 145 26 betraktande,
857 1400 122 21 öfversändt
993 1406 28 14 en

190 1428 22 21 af
226 1428 99 28 ingeniör
340 1429 23 21 C.
379 1430 23 20 G.
419 1430 103 20 Sanmark
544 1430 32 20 till
591 1430 165 26 öfverstyrelsen
779 1429 78 21 aflåten
873 1428 111 22 skrifvelse
1000 1428 22 20 af

191 1457 42 21 den
250 1458 26 20 11
293 1458 103 20 sistvikna
411 1458 89 27 januari,
516 1458 149 21 innehållande
688 1458 180 26 kostnadsförslag
883 1458 7 20 i
906 1456 115 27 anledning

191 1485 21 21 af
228 1486 89 21 friherre
340 1486 22 21 F.
379 1486 89 22 Linders
490 1487 74 27 gjorda
587 1486 97 21 anhållan
709 1493 34 15 om
760 1486 183 21 undanskaffande
959 1485 20 21 af
994 1491 27 15 en
