1142 1773
228 128 54 20 1022
428 135 179 21 Borgareståndet
620 136 57 17 1894.
703 138 19 15 11
735 137 48 20 maj.

268 214 38 27 De,
322 214 75 22 hvilka
410 216 118 27 godkänna
545 216 149 27 lagutskottets
709 216 317 28 sammanjämkningsförslag

198 243 150 27 oförändradt,
364 246 59 19 rösta
432 244 42 28 ja;
490 244 31 27 de,
536 244 35 21 det
585 244 46 22 icke
645 247 60 25 göra,
721 246 60 20 rösta
797 245 50 27 nej;

266 272 80 21 vinner
355 272 42 28 nej,
409 273 41 20 har
460 273 178 27 borgareståndet
649 274 89 20 beslutit
745 274 161 20 återremittera
913 279 114 15 samman-

192 300 236 28 jämkningsförslaget
443 302 35 20 till
492 302 103 21 utskottet
609 302 10 20 i
633 302 35 21 det
682 302 58 28 syfte
755 302 28 21 hr
798 302 100 21 Juselius
908 301 118 27 föreslagit.

266 364 160 27 Propositionen
448 364 127 22 besvarades
601 365 48 21 med
675 365 158 27 öfvervägande
856 365 41 27 nej,
919 364 32 21 till
973 364 52 27 följd

197 392 74 20 hvaraf
286 393 84 21 ständet
384 393 82 21 säledes
482 394 86 20 beslutit
583 396 35 24 att,
634 394 49 21 med
699 394 137 20 förkastande
847 394 21 20 af
877 393 149 28 lagutskottets

197 421 302 28 sammanjämkningsförslag,
515 422 153 22 äterremittera
683 423 119 21 detsamma
817 422 32 21 till
865 422 102 21 utskottet
976 421 49 21 med

196 449 106 22 anmodan
318 452 30 20 att
363 452 93 26 uppgöra
473 452 47 26 nytt
534 451 301 28 sammanjämkningsförslag
852 452 8 20 i
875 450 151 27 hufvudsaklig

197 478 219 23 Ofverensstämmelse
432 479 48 21 med
496 479 23 21 R.
536 487 18 14 o.
569 481 38 20 A:s
623 483 56 18 samt
694 480 185 27 borgareständets
894 480 7 20 i
912 479 64 22 saken
987 479 39 20 fat-

196 507 48 21 tade
260 507 74 22 beslut.

265 656 117 29 Föredrogs
405 658 164 21 statsutskottets
593 658 36 21 vid
651 660 84 19 senaste
753 658 89 27 plenum
858 657 116 28 bordlagda
990 657 35 21 be-

196 685 107 22 tänkande
326 693 34 14 n:o
384 687 11 20 7
418 687 7 20 i
448 687 116 26 anledning
585 687 22 20 af
626 687 78 28 nädiga
719 687 160 27 propositionen
895 693 34 14 n:o
946 687 26 20 20
988 693 37 14 an-

196 713 82 28 gående
294 715 116 21 anvisande
425 715 21 21 af
458 715 70 22 medel
540 715 31 21 till
583 715 136 22 bestridande
729 716 21 20 af
760 715 143 22 kostnaderna
914 715 33 21 för
956 715 69 20 landt-

196 743 67 27 dagen
283 743 60 21 1897.

266 800 148 22 Betänkandet
429 801 43 21 blef
488 803 50 19 utan
555 801 122 21 diskussion
691 801 115 26 godkändt.

264 978 118 28 Föredrogs
396 979 213 27 järnvägsutskottets
624 979 35 21 vid
675 979 88 27 plenum
779 979 42 21 den
833 980 10 20 7
855 980 42 26 maj
909 978 116 28 bordlagda

196 1006 135 22 betänkande
354 1014 34 14 n:o
405 1008 13 20 3
433 1008 49 20 med
504 1008 117 27 anledning
644 1008 21 20 af
688 1008 103 21 särskilda
815 1008 32 21 till
869 1008 26 21 de
910 1007 114 28 höglofliga

194 1035 90 21 ständen
299 1036 122 22 inlämnade
437 1036 179 28 petitionsförslag
636 1043 34 14 om
687 1036 244 28 kanaliseringsarbeten
945 1036 8 20 i
968 1036 55 21 olika

194 1064 60 21 delar
268 1064 21 21 af
304 1064 77 22 landet.

262 1127 40 20 Till
317 1128 115 26 afgörande
453 1130 90 25 upptogs
564 1128 75 21 främst
661 1128 114 21 utskottets
790 1128 79 27 förslag
884 1128 7 20 i
907 1127 116 27 anledning

194 1155 21 21 af
229 1156 203 27 petitionsförslaget
452 1163 34 14 n:o
503 1157 10 20 1
531 1163 34 14 om
586 1156 144 28 kanalisering
745 1157 22 20 af
783 1156 114 22 Vuoksens
913 1162 62 14 norra
990 1158 32 18 ut-

193 1184 65 26 flöde;
276 1184 39 21 och
331 1184 102 28 begärdes
449 1185 59 21 ordet
523 1185 74 21 härvid
613 1185 22 21 af

262 1247 26 21 hr
303 1247 152 28 Borenius,
478 1254 45 14 som
546 1248 93 27 yttrade:
669 1248 42 21 Det
734 1248 42 20 kan
799 1248 106 20 mähända
926 1246 97 22 förefalla

193 1276 64 27 djärft
272 1278 30 18 att
316 1276 8 20 i
339 1282 27 15 en
381 1276 59 28 fräga
456 1277 21 20 af
492 1277 22 20 sä
530 1277 77 27 speciel
623 1278 63 19 natur
701 1283 46 14 som
763 1276 70 21 denna
849 1276 104 28 uppträda
963 1277 60 25 gent-

193 1306 57 19 emot
264 1305 214 27 järnvägsutskottets
498 1305 169 21 fackauktoritet.
697 1305 38 21 Att
755 1305 36 27 jag
807 1304 65 21 likväl
888 1304 76 21 dristar
979 1304 44 27 mig

192 1333 27 27 pä
234 1333 58 21 detta
315 1334 115 26 vägstycke
452 1333 70 21 finner
543 1334 32 20 sin
598 1334 117 26 förklaring
735 1334 6 20 i
758 1334 40 20 den
821 1333 156 26 omständighet
993 1334 30 19 att

192 1362 76 26 frågan
284 1362 34 20 vid
342 1362 128 26 föregående
493 1362 125 21 landtdagar
640 1362 7 20 i
663 1362 174 27 borgareständet
860 1362 48 20 med
925 1362 35 20 det
976 1368 46 13 var-

192 1392 67 18 maste
275 1391 89 20 intresse
380 1391 112 21 omfattats.
514 1390 33 21 Dä
562 1391 74 27 frägan
653 1391 34 20 vid
705 1391 54 20 1885
776 1390 33 21 ärs
824 1390 103 27 landtdag
941 1389 81 27 föreläg

192 1418 32 20 till
240 1418 131 28 behandling
386 1419 7 20 i
408 1419 57 21 detta
480 1419 68 27 ständ,
567 1419 84 27 yttrade
667 1420 32 26 sig
716 1426 27 14 en
759 1419 48 21 ärad
824 1419 73 27 talare,
912 1418 32 21 till
959 1418 63 20 hvars

192 1447 22 20 af
229 1447 74 21 tanke-
326 1448 39 20 och
388 1448 185 26 omdömesskärpa
595 1448 101 26 präglade
718 1448 113 26 yttranden
856 1448 21 20 vi
898 1447 23 21 sä
937 1447 48 26 ofta,
1001 1446 21 27 ja

193 1475 69 27 oftast,
275 1476 63 21 äfven
354 1476 34 20 vid
405 1476 71 21 denna
485 1476 102 27 landtdag
597 1476 88 27 lyssnat,
695 1478 30 19 att
735 1476 71 21 denna
817 1475 204 22 kommunikations-

191 1504 65 27 fräga,
272 1504 55 21 hvad
344 1504 48 21 dess
407 1505 246 27 välsignelsebringande
669 1505 129 27 värkningar
813 1505 92 26 vidkom,
916 1503 105 21 mähända

192 1532 46 21 stod
256 1532 64 21 bland
344 1533 26 21 de
385 1533 87 21 främsta
487 1534 6 19 i
509 1534 77 26 landet,
609 1534 39 20 och
672 1540 81 14 samma
776 1533 134 27 betingelser,
933 1539 45 14 som
995 1532 26 20 dä
