1142 1773
328 132 178 20 Borgareständet
520 132 57 17 1894.
602 132 26 17 26
641 132 59 21 april.
868 128 41 20 843

182 212 26 27 88
225 212 27 20 15
268 212 39 20 och
324 212 25 20 16
365 213 89 26 antogos
469 214 51 19 utan
537 212 126 21 diskussion.

180 268 11 20 I
206 268 117 27 anledning
338 268 20 20 af
374 268 12 27 $
404 268 25 21 17
446 268 82 27 yttrade

179 324 25 21 hr
218 324 190 28 Appelberg:
430 324 11 22 I
456 326 139 26 paragrafens
614 326 99 20 nästsista
728 326 87 27 mening
833 326 106 21 förekom-

111 359 47 15 mer
181 353 127 27 stadgandet
323 355 30 19 att
367 353 134 28 förteckning
518 354 59 20 öfver
592 354 97 27 samtliga
705 354 119 26 aktieegare
839 354 54 21 skall
908 354 30 21 bi-

111 381 60 27 fogas
196 381 157 28 anmälningen.
382 382 42 27 Jag
445 382 58 21 inser
526 383 18 27 ej
569 382 85 22 hvartill
677 382 57 22 detta
753 383 116 27 stadgande
885 383 53 21 skall

112 410 62 27 tjäna.
204 410 110 27 Aktierna,
334 410 128 22 åtminstone
476 411 8 20 i
499 413 68 19 större
582 411 69 27 bolag,
667 411 69 21 såsom
752 412 130 27 exempelvis
897 412 42 20 för-

110 438 168 28 säkringsbolag,
293 441 36 19 äro
344 439 23 27 ju
383 439 112 27 vanligtvis
511 440 45 21 vidt
571 440 86 27 spridda
673 440 39 21 och
728 440 86 27 ombyta
829 446 62 22 egare
900 440 39 21 tidt

110 467 42 21 och
179 467 48 21 ofta.
257 467 33 21 Dä
305 468 147 27 aktieegarens
466 475 65 14 namn
548 469 71 20 därför
630 469 47 20 icke
692 469 60 21 torde
767 476 50 13 vara
832 469 21 21 af
868 469 69 27 nägon

111 496 91 21 särskild
217 496 117 27 betydelse,
349 496 32 21 fär
395 497 36 27 jag
445 497 77 21 föreslä
538 499 29 19 att
578 497 70 21 denna
658 497 134 28 bestämning
802 497 69 22 skulle
882 497 55 28 utgä.

181 553 34 22 Hr
235 553 107 22 Malin:
366 554 42 27 Jag
429 555 71 20 anhöll
524 561 35 15 om
583 554 60 21 ordet
665 555 32 20 för
712 556 30 19 att
757 557 50 24 säga
822 555 116 20 detsamma

112 588 48 15 som
182 583 25 20 hr
221 582 122 28 Appelberg
358 583 66 21 redan
439 585 70 25 yttrat.
540 583 74 21 Säsom
630 585 29 19 ett
674 583 46 20 skäl
735 583 32 21 till
781 583 86 21 hvarför
881 583 58 21 detta

111 610 117 28 stadgande
248 611 64 21 borde
336 611 102 22 uteslutas
463 612 36 21 vill
514 613 35 26 jag
564 611 118 22 emellertid
697 614 58 18 ännu
770 612 73 21 anföra
858 614 30 19 att
903 612 6 20 i
925 612 13 26 8

114 639 26 21 18
162 639 103 28 päbjudes
280 642 36 25 att,
330 640 8 20 i
353 640 101 21 händelse
470 641 69 27 någon
555 640 90 27 ändring
660 640 7 20 i
683 640 35 21 det
733 640 137 27 förhållande,
885 640 53 21 hvil-

113 667 36 22 ket
163 668 39 21 har
216 668 70 21 blifvit
301 669 94 20 anmäldt
410 669 32 20 till
457 669 164 28 inregistrering,
637 669 99 27 inträffar,
752 669 98 20 anmälan
865 669 73 20 därom

114 696 53 21 skall
189 698 67 25 göras.
286 697 36 20 Nu
336 697 42 21 kan
394 697 58 22 detta
467 697 116 28 stadgande
599 697 101 27 möjligen
715 697 68 21 tolkas
798 697 89 21 sälunda
903 699 35 25 att,

113 731 35 14 om
170 725 56 21 aktie
246 725 98 27 ombyter
358 732 69 21 egare,
442 726 62 21 äfven
520 727 73 20 därom
609 726 37 21 hos
661 726 275 27 registreringsmyndighe-

113 755 37 19 ten
165 753 53 21 skall
234 754 100 23 anmälas.
360 753 43 22 Det
418 755 42 20 kan
476 755 122 27 visserligen
614 755 63 20 äfven
693 755 68 20 tolkas
776 755 26 27 pä
817 757 65 18 annat
892 757 46 24 sätt,

113 788 50 15 men
187 782 7 21 i
210 782 41 21 alla
266 783 113 20 händelser
393 785 23 19 är
432 783 35 21 det
482 783 95 28 otydligt.
607 783 11 21 I
632 783 67 21 likhet
714 783 48 21 med
777 784 26 20 hr
816 783 123 28 Appelberg

113 817 63 14 anser
198 811 36 27 jag
260 811 40 21 den
326 812 183 27 omständigheten
532 814 30 19 att
582 811 134 28 förteckning
738 812 59 21 öfver
819 812 119 27 aktieegare

113 839 105 21 inlämnas
240 839 46 22 icke
302 840 63 21 hafva
380 840 70 27 nägon
466 841 102 20 invärkan
583 841 27 27 pä
625 842 30 19 ett
670 841 130 27 aktiebolags
810 842 67 19 större
887 840 52 21 eller

113 867 83 22 mindre
211 868 127 22 förtroende.

182 925 33 21 Hr
230 925 127 21 Genetz:
377 926 61 21 Utom
454 929 30 18 att
499 926 64 22 ocksä
577 927 35 27 jag
628 926 140 21 understöder
777 926 24 20 hr
811 926 128 27 Appelberg,

113 953 70 21 skulle
208 954 35 27 jag
258 954 51 27 vilja
324 954 129 22 beträffande
469 955 65 21 första
549 957 116 19 momentet
679 955 6 20 i
703 955 12 27 $
732 955 25 20 17
773 956 50 26 göra
838 961 27 14 en
885 954 54 20 min-

116 982 38 21 dre
176 982 91 21 erinran.
296 983 12 20 I
327 983 59 27 fråga
402 990 34 14 om
451 984 62 26 lagen
530 990 34 14 om
579 983 120 27 aktiebolag
715 985 64 25 antog
794 983 145 27 borgarestän-

116 1010 36 21 det
172 1013 30 19 ett
216 1011 22 21 af
252 1012 26 20 hr
292 1011 94 21 Jusölius
402 1012 119 21 framstäldt
536 1012 78 28 förslag
629 1014 30 19 att
674 1012 131 20 stadfästelse
821 1012 21 20 af
856 1011 83 27 bolags-

114 1039 92 27 ordning
221 1040 71 21 kunde
306 1040 108 21 meddelas
429 1041 21 20 af
465 1041 112 27 kejserliga
593 1043 87 19 senaten
696 1040 53 21 eller
763 1040 21 21 af
798 1047 69 14 annan
878 1046 62 20 myn-

116 1068 78 27 dighet,
216 1074 46 15 som
285 1068 61 21 Hans
368 1068 98 28 Majestät
488 1070 33 20 för
543 1069 120 21 ändamälet
678 1069 71 21 kunde
765 1069 104 21 förordna.
899 1068 42 27 Jag

115 1096 75 27 tycker
212 1099 30 19 att
264 1097 36 21 det
314 1098 72 20 därför
400 1104 50 14 vore
466 1104 58 15 mera
538 1098 133 20 konsekvent
687 1098 38 20 och
740 1104 58 14 mera
813 1096 127 22 anslutande

114 1125 34 26 sig
162 1125 32 21 till
210 1127 29 19 ett
254 1126 22 20 af
291 1126 173 26 borgareständet
478 1126 89 28 tidigare
577 1126 75 21 fattadt
668 1126 75 26 beslut,
753 1133 34 13 om
798 1126 64 21 första
872 1125 68 27 punk-

115 1155 35 19 ten
172 1153 56 28 finge
251 1154 90 27 ungefär
361 1154 93 28 följande
470 1155 148 27 formulering:
637 1155 80 27 »dagen
733 1155 34 20 för
781 1154 160 27 bolagsordnin-

114 1188 54 21 gens
183 1183 120 27 antagande
318 1183 110 21 äfvensom
444 1184 68 27 dagen
528 1184 32 20 för
575 1183 134 21 densammas
724 1183 164 21 fastställande».

183 1239 34 21 Hr
238 1239 111 21 Lilius:
373 1240 93 21 Samalla
487 1240 45 21 kun
555 1240 73 27 yhdyn
651 1240 38 21 hra
710 1240 151 27 Appelberg'in
883 1239 59 21 teke-

115 1270 63 18 mään
193 1268 151 27 ehdotukseen,
359 1269 107 27 pyytäisin
479 1269 64 21 saada
558 1269 104 27 ehdottaa,
673 1270 42 20 että
726 1268 66 22 viides
801 1269 22 27 ja
832 1268 110 21 seitsemäs

116 1296 64 21 kohta
195 1298 53 20 tästä
262 1297 110 27 pykälästä
386 1298 92 26 jätetään
493 1298 52 26 pois.
574 1297 59 21 Minä
645 1304 26 14 en
683 1297 118 27 puolestani
812 1299 39 19 näe
863 1296 78 21 mitään

117 1327 90 19 tarvetta
222 1326 54 20 siinä
291 1326 126 27 lueteltujen
432 1326 88 27 tietojen
535 1326 181 21 merkitsemiseen
733 1325 209 28 kaupparekisteriin.

184 1382 33 21 Hr
231 1382 158 28 Nybergh:
404 1382 43 22 Det
462 1390 37 14 var
514 1385 30 19 att
558 1383 81 21 förutse
654 1384 30 19 att
697 1382 164 27 anmärkningar
872 1381 70 21 skulle

117 1412 61 26 göras
200 1411 6 20 i
230 1411 58 27 fräga
311 1418 33 14 om
364 1412 42 20 den
422 1411 133 27 förteckning
570 1411 59 21 öfver
644 1411 97 27 samtliga
756 1411 125 27 aktieegare,
896 1416 46 14 som

116 1441 124 19 omnämnes
264 1440 8 20 i
296 1440 51 21 sista
371 1442 123 19 momentet.
523 1440 33 20 En
582 1440 140 26 anmärkning
739 1440 8 20 i
763 1439 56 21 detta
834 1439 55 27 syfte
905 1438 38 21 har

116 1468 66 26 gjorts
201 1468 63 21 äfven
279 1468 7 20 i
301 1468 67 28 öfriga
384 1468 68 27 ständ,
466 1474 49 15 men
531 1474 64 21 synes
611 1468 36 21 det
661 1468 44 27 mig
720 1474 45 14 som
781 1474 34 14 om
830 1474 50 14 man
895 1466 48 22 icke

116 1496 69 21 skulle
209 1496 63 21 hafva
296 1496 49 22 fullt
367 1497 62 21 fattat
444 1497 124 27 betydelsen
584 1497 21 20 af
620 1496 39 22 och
675 1496 119 21 ändamälet
809 1496 47 21 med
873 1496 70 20 denna

118 1524 139 28 bestämning,
282 1525 39 21 och
347 1525 67 21 mäste
439 1525 35 21 det
498 1525 64 21 ocksä
578 1525 117 27 medgifvas
711 1527 30 18 att
755 1524 112 21 utskottets
881 1524 62 20 moti-
