1142 1773
234 134 54 20 1052
432 140 178 22 Borgareståndet
623 142 56 16 1894.
706 142 22 16 15
740 142 47 19 maj.

203 220 73 20 meillä
296 220 117 22 mielestäni
437 228 26 14 on
486 222 22 26 jo
531 221 112 21 liiaksikin.
673 221 38 21 Jos
735 222 36 20 siis
786 220 107 22 tarkastan
909 221 123 21 ehdotettua

204 248 209 22 vekselileimaveroa
428 250 60 20 miltä
503 249 100 21 kannalta
619 250 93 25 tahansa,
728 250 45 20 niin
788 256 27 14 en
826 250 35 20 voi
871 250 52 20 tulla
933 249 98 21 muuhun

203 278 129 26 päätökseen
348 278 50 20 kuin
415 280 41 19 että
473 284 22 15 se
511 278 19 21 ei
546 278 33 21 ole
595 278 84 21 meidän
693 278 78 21 oloihin
783 278 121 21 mitenkään
915 278 116 21 soveltuva.

204 306 51 20 Kun
280 306 120 21 valiokunta
421 309 99 25 perustaa
535 307 157 21 ehdotuksensa
708 307 54 21 vielä
777 306 52 24 sillä,
846 308 42 20 että
904 313 23 14 se
943 306 89 22 vekseli-

204 334 120 27 leimavero,
347 335 43 27 jota
411 338 39 24 nyt
472 336 132 26 ehdotetaan,
623 342 28 14 on
666 336 45 20 niin
727 335 110 25 vähäinen,
853 336 49 20 ettei
919 342 22 14 se
956 336 77 20 miten-

204 363 54 21 kään
276 363 44 21 tule
335 364 126 20 rasittavasti
478 364 163 27 vaikuttamaan,
657 364 44 20 niin
714 364 85 27 pyydän
811 364 67 21 siihen
889 364 145 26 huomauttaa,

205 394 43 18 että
270 392 32 26 jos
317 392 75 21 kerran
409 399 27 14 on
452 392 80 21 vekseli
549 393 128 27 hyväksytty
693 392 162 24 veroesineeksi,
870 393 44 20 niin
931 399 27 14 on
975 392 57 28 kyllä

204 420 76 27 helppo
299 421 62 21 sitten
378 427 62 15 veroa
456 421 101 21 korottaa.
587 421 39 21 Jos
641 422 148 20 valtiovarasto
806 422 99 20 tarvitsee
920 421 113 27 lisätuloja,

204 448 45 21 niin
268 449 79 26 tietysti
362 450 44 21 ensi
424 450 74 27 sijassa
513 450 134 27 käännytään
664 450 66 21 niihin
747 450 211 23 omaisuusluokkiin,
973 450 59 27 jotka

203 478 21 27 jo
248 480 48 18 ovat
316 479 150 20 veroesineiksi
489 479 134 26 hyväksytyt.
653 479 42 21 Sen
719 479 56 20 takia
797 479 57 26 juuri
870 485 27 14 on
913 479 118 20 mielestäni

204 507 83 20 erittäin
310 507 90 26 tärkeää,
418 509 42 19 että
476 507 122 21 ennenkuin
614 507 50 27 joku
681 507 189 27 omaisuusobjekti
886 507 145 27 hyväksytään

205 535 161 27 veroesineeksi,
382 536 83 20 tarkoin
480 536 115 26 mietitään,
610 537 60 26 josko
686 538 56 19 tämä
758 536 155 21 veroesineeksi
929 543 27 14 on
972 542 60 15 sove-

204 563 46 21 lias.
280 563 41 22 Sen
343 564 78 27 nojalla
443 565 51 20 mitä
517 565 89 20 minulla
623 571 26 14 on
666 565 53 20 ollut
735 565 79 20 kunnia
830 565 79 26 esittää,
925 565 106 27 pyytäisin

206 592 119 27 puolestani
347 593 103 27 ehdottaa,
474 593 48 21 ettei
546 595 65 26 sääty,
625 594 38 26 jos,
681 593 97 21 niinkuin
794 593 58 21 minä
867 593 48 21 olen
931 593 102 27 ajatellut,

206 621 126 26 lopullisesti
355 622 119 27 ryhdytään
496 622 110 21 mietintöä
627 622 223 21 kokonaisuudessaan
867 622 166 27 käsittelemään,

204 649 122 27 hyväksyisi
354 653 38 24 nyt
416 651 162 20 mainitsemiani
606 651 61 20 uusia
693 651 125 20 verotuksia.
856 651 90 26 Pyydän
968 651 62 20 sitten

204 678 241 26 erityis-keskustelussa
470 679 63 21 saada
556 679 114 21 lähemmin
693 679 64 21 tehdä
776 685 27 15 ne
819 679 130 27 ehdotukset,
965 679 66 27 joihin

204 706 75 21 katson
295 707 75 21 olevan
386 709 66 26 syytä.

273 763 33 21 Hr
327 763 187 22 Dahlström:
545 765 32 20 Hr
599 772 42 13 von
657 765 72 21 Pfaler
743 765 86 20 inledde
844 765 36 20 sitt
895 764 136 28 andragande

203 792 49 21 med
276 792 35 21 det
331 793 68 21 kända
422 794 123 27 ordspråket
567 794 92 27 »aptiten
675 796 66 18 växer
755 793 76 21 medan
847 800 49 13 man
912 795 63 24 äter»,
991 793 40 20 och

204 821 36 20 det
261 821 66 21 mäste
347 822 22 26 ju
393 822 117 27 medgifvas
533 825 30 18 att
582 822 57 21 detta
655 822 100 27 ordspräk
772 822 38 20 har
824 823 33 19 sin
872 821 53 21 fulla
941 821 90 28 tillämp-

204 849 53 28 ning
283 849 26 28 pä
336 849 240 29 bevillningsutskottets
601 851 72 21 arbete
698 851 129 20 beträffande
853 850 178 27 stämpelskatten.

204 877 50 22 Men
277 879 35 26 jag
327 879 64 27 vägar
406 879 54 21 dock
476 881 31 19 tro
524 882 35 22 att,
575 879 26 21 dä
616 879 231 27 bevillningsutskottet
863 879 44 21 dels
922 878 109 28 föreslagit

204 913 26 15 en
247 907 82 27 förhöjd
346 908 145 27 stämpelskatt
505 908 33 20 för
554 908 105 28 ätskilliga
669 908 65 21 redan
745 908 57 20 förut
813 908 128 26 förefintliga
951 907 78 21 skatte-

203 936 95 26 föremål,
314 936 45 20 dels
375 936 63 21 också
453 937 71 20 utsökt
539 944 42 19 nya
597 937 84 27 sådana,
697 937 56 21 detta
769 936 54 21 dock
839 936 46 21 icke
901 936 38 20 bör
953 936 78 20 räknas

204 964 102 21 utskottet
321 964 31 21 till
368 964 46 28 last,
430 968 28 24 ty,
474 966 48 20 med
538 966 118 20 kännedom
674 966 71 20 därom
763 967 30 19 att
804 965 6 20 i
821 964 209 27 bevillningsfonden

204 992 114 21 förefinnes
340 1000 26 14 en
382 1000 42 20 nog
439 996 43 18 stor
498 994 51 20 brist
564 996 29 18 att
608 994 57 26 fylla,
682 994 42 21 höll
740 993 230 27 bevillningsutskottet
985 993 46 21 före

204 1023 30 19 att
257 1022 70 21 denna
350 1022 52 20 brist
422 1022 119 28 lämpligast
564 1022 71 21 kunde
655 1022 63 27 fyllas
733 1028 77 21 genom
826 1022 104 20 indirekta
945 1021 85 27 skatter,

204 1050 33 20 för
258 1050 69 20 såvidt
349 1050 75 21 sådant
444 1051 72 21 kunde
532 1051 42 27 ske,
590 1051 39 21 och
645 1051 121 26 därigenom
783 1050 102 27 möjligen
899 1050 132 21 förekomma

204 1078 121 21 införandet
348 1079 20 20 af
390 1079 26 21 de
440 1080 81 20 direkta
538 1080 112 20 skatterna.
679 1080 33 20 Hr
727 1079 99 21 Stenroth
842 1079 44 20 åter
901 1078 108 21 kritiserar
1023 1079 7 19 i

204 1107 36 20 sitt
261 1107 135 27 andragande
420 1108 102 20 särskilda
545 1108 240 27 bevillningsutskottets
806 1107 79 26 förslag
901 1106 129 22 beträffande

204 1136 177 26 stämpelafgiften
405 1136 33 20 för
456 1136 315 28 bouppteckningsinstrument.
802 1136 33 20 Hr
849 1135 99 21 Stenroth
963 1137 66 25 säger,

204 1164 69 20 säsom
294 1164 42 20 han
352 1164 63 21 redan
433 1165 67 21 under
516 1165 173 21 remissdebatten
705 1164 87 28 yrkade,
808 1167 30 18 att
853 1163 177 28 stämpelafgiften

205 1192 47 21 bort
274 1192 50 28 utgä
347 1193 46 21 icke
409 1193 53 21 efter
478 1194 149 26 behällningen
642 1194 7 20 i
665 1194 48 20 boet
730 1196 49 18 utan
797 1193 52 21 efter
865 1192 90 21 andelen
967 1192 8 20 i
986 1192 44 21 det-

204 1227 87 15 samma.
321 1221 119 27 Medgifvas
462 1222 66 21 mäste
551 1222 33 20 väl
602 1224 30 19 att
647 1229 34 13 om
697 1222 58 20 detta
770 1222 25 20 hr
810 1221 109 21 Stenroths
935 1220 96 27 yrkande

203 1250 112 26 ingenting
338 1252 23 18 är
381 1250 61 27 sagdt
461 1251 6 19 i
489 1251 112 20 utskottets
619 1250 139 22 betänkande.
789 1250 49 20 Men
855 1250 70 20 denna
940 1249 37 20 sak
993 1249 38 20 har

204 1278 53 20 dock
282 1278 45 20 icke
351 1278 69 21 blifvit
442 1279 21 20 af
484 1279 101 21 utskottet
608 1279 71 27 glömd
702 1279 39 21 och
764 1278 46 21 icke
833 1278 67 20 häller
917 1277 113 21 förbisedd.

203 1306 68 28 Fråga
287 1307 37 20 har
339 1308 90 20 tvärtom
445 1308 53 20 varit
513 1308 45 20 före
573 1309 30 19 att
618 1308 63 20 också
696 1308 7 20 i
719 1308 57 20 detta
791 1307 50 20 land
853 1307 68 20 införa
932 1306 98 27 stämpel-

203 1335 56 21 skatt
282 1335 26 27 på
328 1335 70 27 grund
414 1336 21 20 af
450 1336 63 21 andel
528 1336 6 20 i
551 1336 32 26 bo;
599 1342 49 14 men
663 1336 26 20 då
705 1336 6 20 i
727 1336 116 20 allmänhet
859 1334 172 28 kapitalbildnin-

203 1370 41 20 gen
259 1364 7 20 i
282 1364 72 20 landet
370 1366 22 18 är
407 1364 51 20 liten
475 1365 38 20 och
529 1364 26 21 de
570 1364 153 28 behållningar,
739 1371 45 14 som
800 1363 115 21 förefinnas
927 1363 7 20 i
946 1362 85 28 respek-

202 1392 44 20 tive
269 1392 33 26 bo,
324 1392 154 27 jämförelsevis
500 1393 51 26 små,
569 1393 48 21 kom
634 1393 101 21 utskottet
750 1392 33 21 till
798 1392 41 21 den
855 1391 131 27 slutledning
1001 1393 30 19 att

203 1422 30 19 ett
257 1420 75 21 sådant
357 1420 121 22 förfarande
501 1421 139 28 ovilkorligen
663 1422 68 20 skulle
753 1421 86 20 komma
862 1422 30 19 att
913 1420 118 26 nedbringa

203 1448 174 28 stämpelskatten
393 1449 33 21 för
441 1450 311 27 bouppteckningsinstrument
762 1449 32 21 till
805 1451 30 19 ett
846 1449 119 20 minimum.
989 1448 42 26 Jag

203 1477 43 26 vill,
271 1477 33 21 för
329 1480 29 18 att
381 1477 146 28 åskådliggöra
549 1478 62 27 detta,
634 1478 75 21 endast
731 1478 121 26 framdraga
874 1479 30 19 ett
927 1476 103 27 exempel.

202 1506 73 26 Antag
298 1508 29 18 att
348 1506 42 20 den
412 1506 98 21 behållna
526 1507 131 27 egendomen
673 1507 21 20 af
709 1509 30 19 ett
754 1506 27 21 bo
798 1506 80 27 uppgår
893 1505 32 21 till
941 1505 89 23 100.000

202 1534 66 20 mark.
299 1534 72 28 Enligt
393 1535 40 21 den
456 1535 64 27 skala,
543 1542 44 14 som
611 1535 69 21 blifvit
695 1536 21 20 af
731 1534 232 27 bevillningsutskottet
977 1540 54 20 upp-
