1142 1773
214 126 55 20 1214
422 132 178 21 Borgareståndet
613 134 56 16 1894.
695 134 23 16 18
730 133 47 21 maj.

254 212 211 27 järnvägsutskottets
490 212 134 22 betänkande
641 219 34 14 n:o
692 213 12 20 5
719 212 7 20 i
742 212 117 28 anledning
873 212 22 21 af
910 214 29 19 ett
954 212 58 20 inom

185 240 154 28 prästeståndet
359 241 61 21 väckt
442 241 179 27 petitionsförslag
643 248 34 14 om
699 241 112 21 införande
826 241 22 21 af
863 243 66 19 större
944 240 69 22 farha-

186 269 77 27 stighet
278 270 12 20 å
306 272 78 18 statens
399 270 121 27 järnvägar;
537 270 38 20 och

255 326 107 21 allmänna
377 326 198 22 besvärsutskottets
591 326 134 22 betänkande
740 333 35 14 n:o
791 326 26 20 21
834 326 7 20 i
857 326 115 28 anledning
990 326 23 21 af

186 357 29 19 ett
237 355 7 20 i
267 355 155 21 bondeståndet
446 356 62 20 väckt
523 356 179 26 petitionsförslag
717 362 34 14 om
767 355 124 27 förändring
906 356 21 20 af
942 355 69 27 Borgå

185 384 85 26 lyceum
286 384 32 20 till
333 384 151 26 samlärovärk;
501 387 55 17 samt

255 440 31 22 till
302 441 130 28 måndagens
448 441 97 28 plenum:

254 498 107 21 allmänna
383 499 200 20 besvärsutskottets
606 498 133 21 betänkande
760 505 35 14 n:o
818 498 26 21 19
865 497 109 28 angående
990 497 19 28 ej

185 527 83 20 mindre
291 527 77 21 vården
392 527 21 20 af
435 527 26 21 de
484 533 77 21 genom
583 529 125 18 testamente
731 527 21 20 af
767 527 112 20 framlidne
896 527 115 20 medicine-

185 555 125 21 licentiaten
332 555 94 21 Herman
450 556 89 20 Frithiof
558 555 73 22 Antell
646 555 102 21 Finlands
763 555 44 21 folk
823 555 99 21 tillfallna
936 557 79 25 mynt-,

187 584 138 26 antikvitets-,
348 585 77 25 konst-,
448 591 26 14 m.
498 584 20 21 fl.
534 585 121 26 samlingar,
670 586 27 19 än
713 584 39 21 ock
768 584 103 21 särskilda
885 584 7 20 i
907 584 24 21 R.
947 591 17 14 o.
981 584 32 26 A.,

186 614 79 26 präste-
284 615 54 18 samt
353 613 179 27 borgarestånden
548 613 74 21 väckta
637 613 179 27 petitionsförslag
832 619 33 14 om
882 612 130 28 uppförande

186 641 21 21 af
228 641 170 27 museibyggnad
414 641 58 21 såväl
487 642 32 20 för
534 642 26 20 de
575 641 112 21 Antellska
703 641 144 28 samlingarna
862 648 46 14 som
923 641 33 21 för
971 643 41 18 sta-

185 672 47 19 tens
248 670 151 27 arkeologiska,
414 671 112 20 historiska
542 671 39 20 och
596 670 142 27 etnografiska
753 670 124 27 samlingar;
894 670 40 20 och

254 727 212 22 ekonomiutskottets
489 727 133 21 betänkande
645 734 34 13 n:o
704 727 25 20 13
745 727 7 20 i
767 727 116 27 anledning
898 727 21 20 af
934 728 78 19 tvänne

185 755 32 21 till
236 755 154 22 bondeståndet
405 756 121 21 inlämnade
542 756 79 27 förslag
635 756 32 20 till
678 756 113 27 petitioner
801 755 112 27 åsyftande
922 755 91 21 befräm-

184 784 64 27 jande
272 785 21 20 af
314 785 46 20 lån-
381 785 39 21 och
442 785 253 27 sparkasseinrättningar
719 786 54 19 samt
788 785 66 20 andra
869 784 97 27 åtgärder
980 783 32 22 till

185 813 144 21 förbättrande
344 814 22 20 af
380 813 84 21 mindre
476 813 259 28 lägenhetsinnehafvares
752 813 107 27 ställning.

254 945 91 21 Plenum
362 946 107 26 upplöstes
484 945 27 21 kl.
528 946 26 20 12
569 945 27 27 på
611 947 78 19 natten.

798 1000 20 18 In
829 1000 62 18 fidem:

736 1036 26 20 A.
785 1035 22 21 V.
823 1035 118 27 Lindberg.

325 1202 151 33 Fredagen
495 1202 57 26 den
571 1202 33 26 18
624 1201 60 33 maj
703 1202 42 26 kl.
763 1201 18 27 6
799 1208 24 20 e.
842 1208 39 20 m.

254 1271 42 21 Vid
313 1271 116 21 värkstäldt
446 1277 80 21 upprop
542 1270 105 21 befunnos
663 1270 93 21 ständets
767 1270 98 26 samtliga
874 1269 140 21 medlemmar

184 1300 139 27 närvarande,
339 1302 59 18 utom
413 1301 25 19 hr
473 1300 116 26 Äkesson,
604 1306 46 14 som
663 1298 80 22 anmält
754 1298 154 27 sjukdomsfall.

255 1431 113 27 Upplästes
391 1432 32 20 till
445 1431 103 28 justering
570 1431 39 21 och
631 1430 123 28 godkändes
778 1429 103 21 särskilda
896 1428 76 27 utdrag
987 1434 27 14 ur

186 1460 185 27 borgareständets
387 1460 35 20 vid
438 1462 82 19 senaste
536 1460 87 27 plenum
639 1458 60 22 förda
714 1458 111 28 protokoll.
