1142 1773
212 126 56 20 1048
426 133 178 21 Borgareståndet
617 135 58 16 1894.
701 135 22 17 15
735 135 48 20 maj.

185 212 85 26 komité,
290 218 44 15 som
353 213 96 21 tillsattes
464 214 32 21 för
512 216 30 19 att
557 216 95 26 uppgöra
667 216 30 19 ett
712 214 6 20 i
734 214 85 21 formelt
833 214 100 21 afseende
948 214 65 21 ända-

183 239 149 28 målsenligare
347 241 78 28 förslag
440 242 32 21 till
488 249 29 20 ny
532 242 221 28 stämpelförfattning,
761 242 73 28 erhöll,
850 243 65 26 enligt
931 243 83 27 uppgift

184 268 7 21 i
214 268 49 22 dess
286 269 138 28 betänkande,
446 271 120 21 sedermera
590 278 26 14 en
638 272 105 20 anmodan
759 274 30 18 att
804 273 94 25 uppgöra
914 272 41 20 den
970 278 43 20 nya

183 297 63 27 lagen
266 297 22 21 så
309 300 29 19 att
353 299 242 28 stämpelbevillningen,
611 306 46 14 som
672 300 33 20 för
720 304 83 17 senaste
819 300 142 27 finansperiod
977 300 36 21 be-

183 326 105 21 räknades
310 326 71 22 lämna
403 334 26 14 en
452 328 123 28 behållning
598 329 21 20 af
642 329 91 26 850,000
754 328 60 21 mark
829 335 33 14 om
879 328 49 27 året,
944 328 69 22 skulle

184 354 92 28 förhöjas
298 356 47 20 med
364 356 27 20 25
407 357 12 19 å
435 357 26 20 30
477 358 26 24 %
527 357 19 20 d.
563 364 18 14 v.
597 364 15 14 s.
628 357 32 21 till
675 357 58 21 cirka
750 358 109 26 1,100,000
875 357 65 21 mark.
969 356 45 22 Ko-

183 383 67 21 mitén
273 384 115 27 uppgjorde
411 385 35 21 sitt
467 385 78 27 förslag
560 386 39 20 och
615 386 146 27 projekterade
778 386 44 20 däri
845 386 102 20 särskilda
971 392 42 20 nya

184 411 152 28 skatteformer,
351 413 26 27 på
392 414 69 26 grund
476 414 74 21 hvaraf
566 414 38 21 och
619 414 79 27 jämväl
713 421 78 19 genom
805 414 40 21 den
866 414 148 28 omarbetning

184 440 21 21 af
220 440 100 28 förslaget
334 441 7 20 i
357 442 63 27 öfrigt
434 448 46 15 som
495 442 93 22 komitén
604 443 82 27 företog
702 443 40 21 den
761 443 98 26 inkomst,
871 450 44 14 som
927 450 28 13 nu
966 442 46 21 från

184 469 233 29 stämpelbevillningen
442 471 137 26 beräknades,
601 472 69 21 skulle
690 472 69 27 uppgå
774 471 31 22 till
822 472 109 27 1,167,000
947 471 66 21 mark.

183 497 60 21 Dock
260 499 92 26 antydde
367 499 92 22 komitén
476 502 35 25 att,
527 507 35 14 om
577 501 122 26 ytterligare
715 501 122 27 förhöjning
851 501 22 20 af
888 501 82 20 skatten
981 507 32 14 er-

183 526 116 26 fordrades,
315 527 41 21 den
372 528 71 21 kunde
459 529 89 20 erhållas
564 535 77 21 genom
657 529 145 27 stämpelskatt
818 529 11 20 å
845 529 87 21 särskila
947 529 66 20 andra

184 555 146 27 skatteobjekt.
360 555 66 22 Dessa
449 557 150 21 observerades
622 558 62 21 äfven
708 558 7 20 i
733 558 157 27 propositionen
907 557 31 21 till
953 558 60 20 inne-

184 583 93 22 varande
288 584 106 27 landtdag,
405 585 39 21 och
455 586 66 27 enligt
531 586 40 21 den
584 586 77 27 nådiga
671 587 157 26 propositionen
838 586 69 21 skulle
915 586 98 27 stämpel-

184 612 82 21 skatten
288 613 70 27 uppgå
381 613 30 21 till
436 615 108 26 1,566,000
567 615 60 20 mark
651 621 33 14 om
708 615 49 21 året.
788 614 69 21 Sedan
877 615 136 27 bevillnings-

183 641 103 21 utskottet
308 648 88 15 numera
418 643 121 27 genomgått
559 643 158 28 propositionen
738 644 39 20 och
793 644 55 27 gjort
863 644 35 20 sitt
913 643 78 27 förslag
1005 643 7 20 i

184 669 71 27 saken,
267 669 37 21 har
314 670 101 21 utskottet
425 671 89 22 kommit
523 672 32 20 till
566 678 27 15 en
605 672 127 21 årsinkomst
742 672 21 21 af
773 673 7 19 i
791 672 64 21 rundt
865 672 29 21 tal
904 672 109 27 1,650,000

183 698 60 20 mark
266 698 52 21 eller
339 701 76 19 rättare
439 700 108 27 1,684,590
568 701 65 20 mark.
665 700 39 21 Om
728 707 48 14 man
793 701 63 20 också
871 701 46 20 icke
932 701 81 26 tager
1003 694 15 38 i

183 726 139 22 betraktande
338 729 30 19 att
383 728 101 21 särskilda
500 731 139 26 reservanter,
655 729 68 21 såsom
741 729 130 28 exempelvis
887 729 126 21 underteck-

183 761 66 14 naren
266 755 21 21 af
303 757 155 20 reservationen
475 764 33 14 n:o
526 759 17 25 7,
559 758 122 27 ytterligare
697 758 59 21 tänkt
771 758 32 27 sig
819 765 26 14 en
861 758 120 27 förhöjning
992 758 22 20 af

184 783 83 21 skatten
289 784 47 21 med
360 791 16 14 c.
401 785 88 27 100,000
512 786 65 27 mark,
600 787 138 26 hvarigenom
754 787 40 20 den
811 787 68 20 skulle
896 786 69 27 uppgå
980 786 33 21 till

185 812 110 27 1,784,000
318 813 64 27 mark,
404 813 22 21 så
441 814 69 21 finner
524 821 49 14 man
589 815 6 20 i
612 815 41 21 alla
669 815 36 20 fall
721 817 30 19 att
766 822 49 13 man
838 815 45 20 från
900 815 41 20 den
956 815 57 20 siffra

184 841 20 20 af
227 841 91 27 850,000
340 842 66 27 mark,
427 849 45 14 som
495 850 37 14 var
553 843 107 21 beräknad
677 843 34 21 vid
727 845 84 19 senaste
825 843 149 27 finansperiod,
989 843 25 21 så

184 869 133 28 småningom
332 870 90 22 kommit
436 871 31 21 till
483 873 29 20 ett
528 871 82 29 belopp,
625 872 150 22 motsvarande
791 872 35 21 det
841 872 84 21 dubbla.

252 899 39 20 Att
313 900 171 26 stämpelskatten
507 901 38 21 har
567 908 27 14 en
617 901 87 21 elastisk
727 903 68 25 natur,
817 900 69 22 finner
909 907 47 14 man
975 900 39 21 lätt

183 926 65 27 häraf,
264 933 34 15 om
314 934 49 14 man
378 928 47 21 icke
441 931 56 19 vetat
512 930 36 20 det
563 930 62 22 förut,
641 936 48 14 men
706 930 62 20 söker
777 936 48 14 man
839 931 30 19 att
878 929 58 21 finna
947 929 65 27 några

183 955 95 27 grunder
292 956 32 20 för
340 956 124 27 afgörandet
483 958 54 20 huru
554 958 70 21 denna
640 958 99 21 elastiska
755 958 56 20 skatt
820 964 30 14 nu
861 958 53 20 skall
925 958 22 20 af
957 960 56 18 stän-

184 983 65 21 derna
272 984 114 28 användas,
409 985 23 21 så
455 986 77 21 saknar
550 993 49 14 man
615 987 6 20 i
637 987 36 20 det
689 988 105 20 närmaste
810 987 72 26 hvarje
898 986 114 27 utredning

183 1012 79 20 härom.
288 1012 11 21 I
314 1013 42 21 den
371 1014 51 20 sista
436 1016 157 20 reservationen
610 1015 38 21 har
662 1015 126 21 framhållits
801 1017 30 19 att
842 1015 57 21 inom
911 1015 102 21 utskottet

183 1040 55 21 varit
258 1040 88 28 påtänkt
363 1044 30 19 att
414 1042 25 21 de
455 1043 55 21 olika
526 1044 197 26 stämpelskatterna
739 1044 69 20 skulle
824 1044 21 20 af
861 1043 101 21 utskottet
976 1050 36 14 an-

183 1069 78 21 ordnas
284 1070 6 20 i
314 1076 25 14 en
363 1070 43 21 viss
428 1072 94 27 ordning,
541 1072 106 21 beroende
663 1072 26 27 på
705 1072 61 21 deras
781 1074 66 18 större
863 1072 52 20 eller
929 1072 83 20 mindre

182 1097 130 28 lämplighet,
328 1098 39 21 och
382 1106 48 14 man
447 1100 66 21 måste
528 1100 91 28 beklaga
631 1103 30 18 att
677 1100 56 21 detta
748 1100 47 21 icke
808 1100 21 21 af
840 1100 101 21 utskottet
952 1100 61 20 värk-

182 1126 66 26 stälts,
264 1128 22 25 ty
302 1126 26 22 då
344 1127 68 21 skulle
427 1135 50 14 man
490 1128 127 22 åtminstone
627 1129 46 21 från
686 1129 69 21 denna
767 1129 109 27 synpunkt
885 1128 45 21 haft
942 1128 70 27 någon

182 1154 89 28 ledning
294 1155 32 21 för
341 1156 147 28 bedömandet,
503 1158 6 20 i
525 1158 85 20 hvilken
627 1158 50 20 mån
693 1158 26 20 de
735 1164 28 14 nu
779 1157 120 27 föreslagna
914 1157 98 27 stämpel-

182 1182 108 22 skatterna
305 1184 65 21 borde
386 1184 85 22 komma
486 1186 30 20 till
532 1186 142 27 användning.
705 1186 10 20 I
730 1186 73 27 hvarje
819 1186 36 20 fall
871 1186 77 20 saknar
962 1192 50 14 man

182 1211 42 21 den
247 1212 164 28 hufvudsakliga
433 1214 97 27 grunden
553 1214 33 21 för
601 1214 124 27 afgörandet
740 1215 21 20 af
777 1215 70 20 denna
862 1214 43 27 sak,
921 1214 27 20 då
962 1220 49 14 man

180 1240 49 20 icke
248 1240 82 22 kunnat
346 1242 78 20 erhålla
441 1242 67 28 någon
525 1243 114 27 utredning
655 1250 35 14 om
706 1243 35 21 det
756 1243 83 27 belopp,
855 1249 44 14 som
915 1242 22 21 af
951 1244 60 19 stats-

182 1268 103 22 utskottet
304 1276 62 14 anses
386 1270 74 28 nödigt
474 1273 30 19 att
518 1271 173 27 sammanbringa
706 1278 77 20 genom
799 1271 213 27 stämpelbevillning.

250 1297 125 22 Emellertid
397 1299 142 21 förekommer
559 1300 6 20 i
582 1300 57 21 detta
654 1300 79 27 förslag
747 1300 32 20 till
793 1300 219 26 stämpelförordning,

182 1324 70 22 såsom
276 1326 34 20 vid
333 1327 176 22 remissdebatien
532 1328 63 21 också
617 1328 126 28 påpekades,
759 1328 103 21 särskilda
877 1335 43 19 nya
935 1328 77 20 skatte-

182 1353 72 27 objekt
283 1356 39 19 och
345 1356 98 20 särskildt
466 1356 40 21 den
530 1363 42 20 nya
595 1357 109 27 principen
734 1359 30 19 att
786 1357 56 21 vissa
865 1356 148 27 afhandlingar

182 1382 92 21 emellan
296 1383 96 21 enskilda
408 1384 58 21 skola
482 1385 196 27 stämpelbeläggas,
693 1385 53 27 icke,
761 1385 70 21 såsom
847 1385 88 27 tidigare
951 1385 61 26 skett,

181 1410 36 21 vid
233 1410 62 22 deras
311 1412 118 27 uppteende
445 1413 35 21 vid
495 1414 91 20 domstol
601 1414 52 20 eller
668 1414 131 27 myndighet,
815 1416 51 18 utan
882 1413 131 21 omedelbart

181 1438 36 21 vid
244 1440 148 26 uppgörandet
413 1441 52 21 eller
487 1442 151 21 utlämnandet.
676 1442 42 21 Det
739 1443 38 19 har
800 1442 89 27 tidigare
912 1441 100 28 påpekats

180 1467 73 21 hvilka
276 1468 136 28 svårigheter,
435 1470 81 28 obehag
534 1471 40 20 och
589 1470 150 21 kontroverser
754 1470 71 21 denna
840 1470 87 28 princip,
941 1470 70 20 införd

180 1495 40 21 hos
243 1502 41 21 oss,
307 1497 105 27 själffallet
434 1498 66 21 måste
524 1499 101 26 medföra,
647 1506 48 14 men
713 1501 72 25 tyvärr
800 1499 77 20 saknar
892 1505 49 14 man
957 1498 7 20 i
979 1500 33 19 ut-

181 1524 90 22 skottets
287 1525 133 22 betänkande
436 1527 72 27 hvarje
524 1528 93 26 antydan
633 1534 34 14 om
685 1530 30 18 att
730 1528 102 20 utskottet
848 1527 69 21 skulle
928 1527 84 21 beaktat
