1142 1773
207 123 55 20 1334
408 130 177 20 Borgareståndet
603 130 56 16 1894.
684 130 25 16 23
722 130 47 20 maj.

178 209 75 21 endast
275 211 29 19 att
327 212 49 24 göra
400 210 116 21 tillståndet
540 210 69 20 därtill
625 210 106 21 beroende
747 210 21 20 af
783 210 142 20 kommunens
941 209 64 27 bifall,

176 238 70 20 skulle
268 238 34 27 jag
326 239 62 20 äfven
410 239 33 20 för
464 239 45 20 min
532 238 34 21 del
589 238 26 21 be
640 241 29 18 att
691 239 21 20 få
731 238 106 26 tillstyrka
853 238 58 20 bifall
927 238 29 21 till
973 239 31 20 in-

177 266 139 28 bjudningen.

247 335 32 21 Hr
301 336 161 20 Schvindt:
493 336 38 20 Jos
547 342 22 14 se
585 342 26 14 on
628 338 57 23 totta,
701 336 50 20 mitä
767 336 37 20 hra
819 335 66 21 Malin
901 336 62 20 täällä
979 342 26 14 on

177 367 98 20 sanonut,
297 366 47 24 että,
366 365 32 26 jos
420 364 222 27 talonpoikaissäädyn
665 364 90 21 ehdotus
779 364 152 26 hyväksytään,
951 364 54 20 olut-

177 392 112 21 teollisuus
311 399 97 15 monessa
431 393 185 27 paikkakunnassa
639 394 76 26 joutuu
738 393 61 20 aivan
816 393 129 26 perikatoon,
960 393 45 19 niin

178 427 26 14 on
220 421 58 27 juuri
294 423 55 19 tämä
364 422 72 20 seikka
451 422 69 20 selvin
535 422 90 20 todistus
641 422 52 26 siitä,
709 423 42 19 että
767 422 59 20 niillä
840 421 91 21 seuduin
942 421 63 21 kesti-

178 450 90 20 kievarit
290 453 48 18 ovat
361 450 119 27 täydellisiä
502 450 117 27 kapakoita,
641 450 46 21 sillä
703 452 88 19 muuton
806 450 66 21 niissä
887 450 19 21 ei
923 450 82 21 voitaisi

178 479 44 20 niin
239 485 99 14 suuressa
353 481 105 19 määrässä
474 479 95 21 kuluttaa
585 479 73 27 olutta,
673 481 42 19 että
730 485 27 15 ne
773 481 70 18 tämän
859 479 73 20 kautta
947 479 58 26 yksi-

179 509 54 18 nään
251 507 163 21 kannattaisivat
430 508 123 21 kokonaisia
568 508 93 21 tehtaita.

246 582 34 20 Hr
301 582 179 28 Holmberg:
504 582 41 21 För
566 583 25 20 de
613 582 66 27 flesta,
695 583 71 20 hvilka
782 582 93 21 erkänna
891 583 40 20 den
947 582 58 20 kom-

178 611 87 20 munala
288 611 162 26 själfstyrelsens
473 611 106 27 principer
601 618 44 13 som
669 618 26 14 en
720 611 67 27 viktig
809 611 69 20 faktor
900 611 7 20 i
922 611 83 20 landets

179 639 137 21 ekonomiska
340 640 39 20 och
402 640 78 21 sociala
506 640 127 26 utveckling,
657 640 52 20 skall
734 640 33 20 väl
791 639 32 21 till
838 646 26 14 en
880 639 74 27 början
970 639 35 20 det

177 667 85 28 förslag,
286 675 45 14 som
354 669 35 20 det
412 669 130 20 hedervärda
558 669 164 20 bondeständets
738 668 129 27 inbjudning
882 668 123 26 innehäller,

178 696 98 21 förefalla
291 703 44 14 som
352 703 26 14 en
395 697 59 27 billig
470 697 103 20 anhällan.
598 697 41 21 Det
654 697 66 26 gäller
734 697 23 26 ju
773 700 30 17 att
814 697 74 20 endast
899 697 106 25 medgifva

178 725 217 21 landskommunerna
417 728 40 18 rätt
480 728 30 18 att
525 726 116 20 bestämma
657 725 104 21 huruvida
777 725 146 27 ölförsäljning
938 725 25 27 pä
979 725 26 20 de

178 753 57 20 inom
260 754 153 21 kommunerna
436 754 128 27 förefintliga
586 754 174 27 gästgifverierna
783 754 53 20 skall
860 754 21 20 fä
904 760 38 20 ega
958 760 47 14 rum

178 782 52 21 eller
250 783 53 20 icke.
332 783 83 20 'Tänker
430 790 48 13 man
495 783 53 21 dock
564 783 79 26 längre,
659 783 26 27 pä
701 783 25 20 de
742 783 108 26 antagliga
865 782 104 27 följderna
985 782 20 21 af

178 817 27 14 en
226 811 66 20 sädan
315 811 120 28 medgifven
458 813 46 25 rätt,
528 811 22 21 sä
566 814 43 18 tror
623 812 36 26 jag
674 814 29 18 att
719 811 34 21 det
769 813 23 18 är
807 811 154 27 otvifvelaktigt
977 813 29 18 att

178 845 27 14 en
228 839 65 21 sädan
315 842 46 20 rätt,
384 840 70 26 gifven
478 841 21 20 ät
520 840 223 25 landskommunerna,
763 839 55 21 skall
834 847 50 13 vara
899 839 42 21 lika
956 839 49 21 med

177 869 31 19 ett
230 868 94 27 generelt
346 868 76 21 förbud
447 869 7 20 i
481 868 427 28 maltdrycksförsäljnings-förordningen
931 870 30 19 att
979 868 27 27 pä

178 897 174 27 gästgifverierna
365 898 104 20 utskänka
484 898 21 20 ät
521 898 88 20 resande
626 898 25 20 öl.
681 898 29 26 Ty
726 898 35 26 jag
777 897 70 21 tviflar
862 897 46 21 icko
925 899 28 18 att
964 897 41 20 den

178 925 108 27 agitation,
306 932 45 14 som
366 926 7 20 i
389 926 35 21 det
439 926 51 21 allra
506 926 59 20 bästa
581 926 54 26 syfte
651 926 65 20 sedan
733 932 25 14 en
775 926 30 20 tid
822 926 39 20 och
876 926 129 20 fortfarande

177 954 54 20 ifrån
248 954 285 28 nykterhetsföreningarnas
548 955 46 20 sida
610 954 78 21 drifves
699 955 46 20 icke
757 954 54 21 blott
822 957 43 17 mot
878 954 128 20 missbruket

179 982 21 20 af
224 982 42 21 alla
282 983 162 27 alkoholhaltiga
460 984 91 26 drycker
566 986 51 18 utan
633 984 61 20 äfven
710 985 43 19 mut
769 983 36 21 det
821 983 94 26 mättliga
931 983 75 20 bruket

178 1011 65 25 däraf,
259 1011 54 21 skall
328 1012 62 20 hafva
406 1012 71 20 denna
493 1012 77 20 värkan
588 1012 47 20 med
651 1012 36 26 sig.
711 1012 41 20 Det
768 1012 93 26 följande
877 1014 72 24 steget,
960 1018 46 14 som

178 1039 54 21 ifrän
256 1040 57 20 detta
336 1040 40 20 häll
400 1040 52 21 skall
475 1042 59 25 tagas
557 1043 44 17 mot
615 1040 183 27 ölhandteringen,
814 1042 23 18 är
852 1040 154 26 otvifvelaktigt

178 1070 30 18 att
230 1068 66 21 värka
317 1068 33 21 för
372 1069 119 21 införandet
513 1069 7 20 i
536 1069 77 20 nämda
629 1068 282 28 ölförsäljningsförfattning
927 1075 26 14 en
970 1068 35 21 be-

177 1097 115 27 stämning,
307 1104 44 14 som
367 1098 67 26 ingätt
449 1098 7 20 i
472 1098 131 20 motionerna
619 1098 34 20 vid
666 1097 128 27 föregäende
807 1097 40 20 och
857 1096 71 22 denna
939 1097 67 20 landt-

178 1125 42 27 dag
242 1126 41 20 och
305 1132 45 14 som
372 1126 62 26 lyder
456 1128 29 18 att
507 1126 54 20 ifrän
577 1126 172 27 ölbryggerierna
763 1126 48 20 icke
827 1126 31 20 till
874 1125 132 27 afhämtning

178 1153 33 21 får
225 1154 97 27 försäljas
338 1154 19 20 öl
370 1154 21 21 ät
406 1154 66 21 andra
488 1156 25 18 än
530 1161 106 21 personer,
651 1154 72 21 hvilka
738 1154 84 21 erhållit
834 1154 89 20 särskild
934 1154 72 26 rättig-

178 1182 36 20 het
236 1184 31 19 att
289 1183 78 20 handla
389 1183 48 21 med
454 1183 69 21 denna
540 1190 54 14 vara.
624 1182 63 22 Detta
703 1183 89 20 innebär
807 1184 30 19 att
853 1182 40 21 den
910 1182 95 20 enskilde

178 1210 47 21 icke
240 1217 48 14 mer
302 1213 22 18 är
340 1212 115 26 berättigad
472 1214 29 18 att
517 1212 53 26 köpa
585 1212 36 20 sitt
632 1212 19 20 öl
663 1215 65 17 annat
740 1214 26 18 än
778 1211 21 20 af
810 1211 195 26 minuthandlande,

178 1239 40 20 och
231 1239 27 20 dä
270 1239 216 21 landskommunerna
496 1247 30 13 nu
536 1240 65 21 redan
613 1246 38 21 ega
662 1240 98 27 rättighet
771 1242 30 18 att
813 1240 63 20 äfven
890 1240 116 20 bestämma

178 1267 72 21 hvilka
274 1268 38 20 och
333 1275 33 13 om
384 1268 64 26 några
464 1268 59 21 skola
538 1269 79 20 erhålla
633 1275 26 14 en
675 1269 64 20 sådan
755 1270 42 18 rätt
812 1268 31 20 till
859 1268 147 20 minutbandel

178 1296 48 20 med
248 1296 26 27 öl,
290 1297 23 20 sä
328 1296 54 21 skall
398 1297 48 20 med
461 1297 91 27 mycken
569 1297 134 21 sannolikhet
718 1297 26 27 pä
759 1297 78 25 många
853 1296 75 21 ställen
945 1296 61 21 äfven

178 1324 50 27 inga
251 1325 281 27 minuthandelsrättigheter
554 1326 20 20 af
596 1326 155 20 kommunerna
771 1325 74 27 gifvas.
875 1324 63 21 Detta
953 1325 53 20 skall

178 1353 136 27 naturligtvis
336 1354 62 20 hafva
421 1354 31 20 till
474 1354 51 27 följd
548 1356 29 19 att
598 1354 73 27 hvarje
693 1354 126 27 ölbryggare
843 1353 26 27 pä
884 1354 121 20 landsorten

178 1381 55 21 skall
256 1382 67 21 mästa
340 1383 94 26 upphöra
449 1382 48 21 med
513 1383 33 20 sin
562 1383 80 27 näring,
657 1385 24 24 ty
696 1383 27 20 dä
738 1383 42 20 han
796 1382 47 21 icke
859 1382 32 20 fär
906 1382 51 26 sälja
973 1382 33 20 sin

178 1416 56 20 vara,
250 1410 25 20 sä
290 1412 22 18 är
327 1411 41 20 den
383 1411 7 20 i
405 1411 149 27 näringslagan
569 1411 109 27 medgifna
693 1411 125 26 rättigheten
835 1413 30 18 att
879 1410 22 21 få
911 1410 96 21 tillvärka

178 1444 66 15 varan
268 1439 22 20 af
310 1439 64 26 ingen
393 1440 114 26 betydelse.
538 1439 41 21 Det
593 1440 70 26 frägas
679 1446 29 14 nu
724 1446 33 14 om
774 1439 109 27 värkligen
901 1439 40 20 den
956 1439 51 26 fara,

179 1473 46 14 som
245 1468 127 26 rättigheten
388 1470 29 18 att
432 1468 27 27 pä
474 1468 122 27 gästgifveri
611 1468 22 20 ät
648 1468 88 21 resande
753 1468 106 20 utskänka
875 1468 26 26 öl,
917 1474 44 14 som
977 1474 30 13 nu

179 1494 69 22 finnes
272 1496 122 27 medgifven
417 1497 31 20 uti
470 1496 68 28 lagen,
554 1498 23 19 är
592 1497 21 20 af
628 1497 41 20 den
686 1496 109 28 betydelse
818 1498 30 18 att
863 1502 49 14 man
929 1496 37 20 bör
981 1496 26 26 gä

178 1524 22 20 in
223 1524 27 27 pä
271 1524 158 28 medgifvandet
444 1527 30 19 att
489 1525 68 21 införa
572 1525 71 21 vidare
659 1526 146 20 restriktioner
819 1524 8 20 i
842 1524 166 28 ölförsäljnings-
