1142 1773
232 124 55 20 1098
433 132 178 21 Borgareständet
624 132 57 17 1894.
707 132 22 18 16
741 132 48 21 maj.

338 280 154 34 Onsdagen
511 280 57 28 den
587 280 33 28 16
638 280 61 34 maj
719 280 40 27 kl.
779 280 16 27 6
814 288 24 19 e.
857 288 38 19 m.

272 365 41 21 Vid
336 366 114 21 värkstäldt
473 373 81 21 upprop
577 366 105 22 befunnos
705 366 94 21 ständets
814 366 97 28 samtliga
926 366 101 22 medlem"

200 399 46 15 mar
256 394 131 21 närvarande
398 394 91 22 förutom
506 395 24 21 hr
544 395 149 27 Forselius,
703 395 26 27 pä
740 395 69 27 grund
821 396 20 20 af
851 395 89 27 tidigare
956 397 71 19 utvär-

200 422 52 21 kadt
267 422 99 27 tillständ,
382 424 39 20 och
436 424 25 20 hr
476 430 49 14 von
542 424 100 26 Pfaler,
658 430 45 14 som
719 424 80 20 anmält
814 424 31 27 sig
860 424 122 20 förhindrad
996 426 30 18 att

199 450 83 22 infinna
298 451 31 28 sig
344 452 35 20 vid
395 452 73 27 början
484 452 20 21 af
520 452 79 28 dagens
613 452 93 28 plenum.

270 607 112 27 Upplästes
404 607 32 21 till
457 608 105 27 justering
583 609 39 20 och
645 608 122 27 godkändes
791 608 102 21 särskilda
909 608 76 28 utdrag
1000 615 26 14 ur

199 634 183 29 borgareständets
399 636 34 21 vid
449 639 83 18 senaste
548 637 86 27 plenum
649 637 61 21 förda
725 637 109 27 protokoll.

267 784 151 22 Antecknades
441 788 30 19 att
492 786 46 21 frän
561 786 139 21 medständen
724 786 88 21 anländt
834 787 102 20 särskilda
953 789 71 25 proto-

197 812 137 29 kollsutdrag.

265 957 33 21 Hr
320 957 123 21 talmannen
466 958 139 28 tillkännagaf
627 960 30 19 att
679 958 233 22 talmanskonferensen
936 958 87 22 beslutit

194 985 80 21 föreslä
291 986 35 20 det
342 986 88 21 ständen
445 987 65 21 mätte
526 986 129 28 bemyndiga
669 987 193 21 landtmarskalken
879 988 39 20 och
933 987 89 21 talmän-

195 1021 42 14 nen
261 1016 30 19 att
312 1014 39 21 hos
373 1015 53 21 hans
441 1015 107 21 excellens
564 1016 220 26 generalguvernören
799 1016 12 20 å
827 1016 100 20 ständens
943 1018 79 25 vägnar

195 1043 85 21 anhälla
302 1042 36 22 det
355 1044 53 20 hans
426 1044 107 21 excellens
551 1044 50 21 ville
616 1044 105 21 frambära
736 1044 125 21 ständernas
876 1044 146 28 underdäniga

194 1071 182 27 lyckönskningar
390 1072 6 20 i
412 1072 100 21 anledning
538 1072 21 21 af
570 1072 61 21 Hans
641 1072 118 28 Kejserliga
769 1073 86 27 Höghet
865 1073 156 27 Tronföljarens

192 1100 126 27 födelsedag
341 1100 40 21 den
401 1101 25 20 18
449 1101 40 21 och
510 1079 67 43 Deras
597 1101 118 27 Kejserliga
730 1101 132 27 Majestäters
877 1101 144 28 kröningsdag

194 1128 40 21 den
252 1130 26 19 27
295 1128 86 28 dennes,
397 1130 38 20 och
452 1130 43 20 blef
510 1130 56 20 detta
582 1130 244 21 talmanskonferensens
841 1130 79 27 förslag
935 1130 22 20 af
964 1130 57 21 stän-

192 1157 38 21 det
245 1157 101 27 enhälligt
361 1157 114 27 godkändt.

261 1300 70 21 Jämte
357 1300 111 22 skrifvelse
492 1300 46 22 från
566 1302 288 20 referendariesekreteraren
877 1301 8 20 i
907 1300 112 28 kejserliga

191 1330 101 20 senatens
318 1329 240 27 ekomiedepartements
583 1330 69 20 kansli
676 1330 54 21 hade
753 1330 117 20 ankommit
892 1330 40 20 och
955 1329 64 21 bland

190 1357 96 21 ståndets
308 1357 140 21 medlemmar
464 1358 102 21 utdelats:
582 1358 112 22 berättelse
709 1358 31 21 till
756 1358 199 21 storfurstendömet
970 1358 49 20 Fin-

190 1385 62 21 lands
275 1386 32 20 till
330 1386 78 20 allmän
430 1386 102 28 landtdag
553 1387 8 20 i
578 1386 134 28 Helsingfors
728 1387 23 21 år
767 1388 56 20 1894
837 1386 182 21 sammankallade

190 1414 88 21 ständer
293 1421 34 13 om
342 1414 116 27 styrelsens
474 1415 139 27 tillgöranden
629 1416 7 20 i
651 1416 115 26 anledning
782 1416 21 20 af
813 1415 25 21 de
849 1415 46 21 utaf
905 1415 114 21 ständerna

190 1442 36 20 vid
248 1442 130 28 landtdagen
401 1443 23 21 år
445 1444 53 20 1891
515 1444 78 21 fattade
609 1444 75 27 beslut,
700 1444 70 21 hvilka
786 1444 77 20 vunnit
877 1443 61 21 Hans
953 1443 66 27 Maje-

189 1472 42 20 stät
246 1470 116 28 Kejsarens
378 1472 39 20 och
434 1472 139 21 Storfurstens
584 1472 77 28 nådiga
674 1472 57 21 bifall
743 1473 39 20 och
795 1472 138 24 stadfästelse,
946 1472 73 21 äfven-

189 1505 47 15 som
259 1500 90 20 rörande
372 1500 54 21 hvad
443 1500 27 21 H.
486 1500 25 22 K.
526 1500 28 21 M.
569 1501 7 20 i
591 1501 64 27 öfrigt
669 1501 26 27 på
710 1501 69 27 grund
795 1501 22 21 af
832 1500 187 28 förhandlingarna

189 1528 36 20 vid
241 1528 65 27 sagda
321 1528 102 28 landtdag
438 1529 68 21 täckts
521 1529 105 21 förordna.
