1142 1773
235 128 41 20 810
432 133 177 21 Borgareståndet
623 134 56 16 1894.
704 133 27 17 24
744 132 58 22 april.

204 213 102 21 skansadt
321 213 63 27 läger,
400 213 139 28 krigsfartyg»
557 220 18 14 o.
591 220 15 14 s.
623 220 18 13 v.
669 213 128 27 Paragrafen
813 215 22 19 är
851 214 33 20 väl
901 214 131 20 tillkommen

205 244 45 18 mot
265 242 96 27 spioneri.
390 242 42 21 Det
447 242 101 20 behöfver
564 242 116 21 emellertid
697 242 30 20 als
742 242 47 20 icke
805 249 50 13 vara
870 248 27 15 en
912 242 65 27 spion,
987 248 46 14 som

205 272 38 25 gör
258 271 32 27 sig
305 271 83 26 skyldig
404 270 31 21 till
450 271 57 21 detta
523 270 60 21 brott.
606 270 50 21 Som
671 271 123 27 paragrafen
811 273 23 18 är
849 270 134 25 formulerad,
995 271 38 21 har

204 299 34 21 för
253 299 39 21 den
312 306 87 20 persons
415 299 107 27 handling,
538 306 45 14 som
599 299 61 21 faller
675 300 69 20 under
759 299 70 21 denna
845 300 102 26 paragraf,
964 300 68 26 möjli-

204 334 41 20 gen
272 328 81 20 kunnat
379 328 101 26 föreligga
506 330 29 18 ett
560 330 47 18 rent
622 328 21 20 af
658 328 90 20 rörande
764 328 71 23 motiv,
851 328 67 20 ehuru
934 328 41 20 han
991 330 41 19 satt

204 356 58 21 detta
288 357 34 19 sitt
347 356 77 27 hjärtas
450 356 41 21 bud
515 357 59 20 öfver
597 356 40 21 den
655 356 118 27 borgerliga
789 356 72 27 lagens
879 357 151 21 bestämmelse.

203 384 114 21 Därunder
339 385 41 21 kan
396 385 56 27 falla,
468 385 74 21 tänker
556 386 35 26 jag
606 385 49 27 mig,
671 388 13 17 t.
701 392 32 14 ex.
751 385 34 21 det
801 385 36 21 fall
861 388 30 18 att
907 392 25 14 en
948 392 82 20 person,

204 419 45 15 som
272 414 6 20 i
300 415 29 19 ett
350 414 156 26 fästningsvärk
521 414 38 20 har
573 414 33 20 sin
622 414 32 20 far
669 414 52 20 eller
737 414 31 20 sin
786 420 45 14 mor
845 414 27 27 på
887 414 143 26 dödsbädden,

203 442 47 21 icke
276 442 41 21 kan
336 442 77 21 motstå
431 443 31 20 sin
480 442 85 27 längtan
581 444 30 19 att
626 442 78 21 besöka
721 442 69 21 denna
807 446 60 22 samt,
883 445 50 18 utan
950 444 29 19 att
995 442 34 21 be-

202 471 65 20 tänka
283 471 35 20 det
333 471 108 27 brottsliga
456 472 7 19 i
478 471 32 20 sin
527 471 107 27 handling,
651 473 88 19 utsätter
754 471 32 27 sig
799 471 32 21 för
846 471 40 20 alla
897 471 103 27 påföljder
1010 471 21 20 af

203 499 125 21 densamma
350 500 39 20 och
416 500 48 21 med
491 500 132 27 fördöljande
639 500 21 20 af
675 500 36 20 sitt
726 500 60 20 stånd
803 500 39 20 och
858 500 35 20 sitt
909 507 63 13 namn
989 500 41 20 för-

203 528 78 21 skaffar
296 529 31 25 sig
342 529 90 20 tillträde
448 529 29 20 till
495 529 127 26 fästningen,
637 529 69 20 säsom
723 529 60 26 sagdt
800 529 51 20 blott
866 529 33 20 för
914 531 29 18 att
958 529 72 20 kunna

202 557 80 20 tillföra
297 563 25 14 en
339 557 82 21 döende
437 558 36 20 sitt
488 557 72 21 afsked
577 557 52 21 eller
644 563 26 15 en
687 557 50 20 sista
752 559 57 18 tröst.
835 557 58 20 Skall
909 564 30 13 nu
955 564 25 14 en
997 557 32 21 sä-

202 585 44 20 dan
261 592 75 17 person
358 586 137 27 ovilkorligen
511 586 33 20 för
559 586 70 21 denna
645 586 102 27 handling
766 586 99 27 stämplas
885 585 68 21 säsom
970 586 60 27 spion

203 614 39 20 och
268 614 81 21 straffas
375 615 47 20 med
448 615 74 20 förlust
538 615 20 20 af
574 615 165 26 medborgerligt
753 615 126 24 förtroende,
896 615 26 20 dä
937 618 43 17 tror
995 615 34 26 jag

202 642 47 21 icke
265 645 30 18 att
310 649 26 14 en
352 643 63 27 riktig
430 643 120 28 proportion
566 643 78 21 mellan
661 643 59 21 straff
734 643 39 20 och
790 643 54 20 brott
859 643 116 27 föreligger.

272 699 32 21 Hr
318 699 149 22 Jansson:
498 700 41 21 Det
562 707 63 20 synes
645 701 42 26 mig
703 700 64 27 nägot
783 700 106 26 underligt
905 702 29 18 att
949 702 29 18 ett
994 707 34 19 yr-

202 728 70 21 kande
294 728 26 27 pä
343 729 143 27 likformighet
507 729 21 20 af
543 729 40 21 den
599 732 37 21 art,
652 736 45 13 som
713 729 25 20 hr
753 729 102 26 Nybergh
871 729 37 20 här
923 729 37 20 har
975 729 54 20 före-

202 756 69 27 slagit,
296 757 52 20 skall
376 757 103 21 försvaras
505 758 47 20 med
575 761 30 17 ett
621 758 22 20 sä
659 760 46 19 rent
721 757 84 21 formelt
821 757 45 20 skäl
881 763 45 14 som
943 757 34 20 det
1000 759 29 18 att

203 785 37 20 vär
267 785 99 28 strafflag,
392 787 63 20 sädan
482 786 40 21 den
549 793 29 14 nu
593 789 24 18 är
631 787 86 24 ändrad,
733 786 47 21 icke
797 792 44 14 mer
857 786 80 20 känner
952 785 31 21 till
999 788 30 18 ett

202 813 122 22 fakultativt
346 815 118 20 ädömande
486 815 22 20 af
525 815 75 20 förlust
616 815 21 20 af
653 814 164 28 medborgerligt
832 814 125 21 förtroende.
987 814 42 27 Jag

202 842 38 21 ber
267 845 29 18 att
323 846 44 17 mot
392 843 24 20 hr
438 843 101 27 Nybergh
555 844 6 20 i
577 844 56 20 detta
649 843 100 21 afseende
765 843 20 20 få
801 843 90 27 åberopa
907 843 52 20 hans
975 849 54 20 egna

201 873 119 25 argument.
350 871 10 21 I
387 872 127 26 strafflagen,
542 872 65 21 sådan
633 872 39 21 den
701 871 163 28 ursprungligen
880 871 70 27 lydde,
965 871 62 21 fanns

202 899 58 21 detta
284 900 124 21 fakultativa
430 901 118 21 ädömande
564 902 21 19 af
600 901 76 21 förlust
691 901 21 20 af
728 900 164 27 medborgerligt
907 900 120 20 förtroende

201 928 99 26 gällande
316 929 33 20 för
364 929 65 27 nägra
444 929 103 21 särskilda
562 930 43 20 fall.
632 929 39 21 Om
687 930 23 20 sä
727 936 36 14 var
778 928 141 21 förhällandet
934 928 93 27 tidigare,

201 957 25 20 sä
246 960 35 18 vet
295 958 35 26 jag
345 958 47 20 icke
408 960 29 18 att
453 958 82 26 regelns
551 958 180 27 äterupptagande
746 958 7 20 i
769 957 160 27 straffsystemet
944 957 32 20 för
991 957 36 20 nä-

201 992 39 20 gra
262 986 121 26 paragrafer
406 986 20 21 af
447 987 70 20 denna
540 987 124 26 förordning
679 986 69 21 skulle
763 986 102 20 innebära
881 988 66 18 större
963 985 64 21 vädor

200 1014 34 20 för
259 1014 157 27 enhetligheten
436 1015 7 20 i
466 1015 56 21 detta
538 1017 79 25 system
633 1017 26 19 än
676 1015 58 26 dylik
750 1014 111 21 fakultativ
877 1014 150 21 straffbestäm-

200 1042 78 21 melses
294 1043 115 21 förekomst
424 1044 6 20 i
446 1044 39 20 den
503 1044 149 27 ursprungliga
667 1043 128 27 strafflagen.
818 1043 62 21 Hvad
897 1043 44 20 äter
952 1042 75 21 beträf-

200 1070 34 21 far
260 1071 25 20 hr
309 1071 113 27 Nyberghs
447 1072 140 28 anmärkning
612 1075 44 18 mot
678 1073 13 19 4
715 1072 18 26 S,
749 1072 64 20 sådan
830 1072 40 20 den
886 1071 142 21 förekommer

200 1099 8 20 i
230 1100 112 20 utskottets
364 1100 140 25 betänkande,
519 1101 37 20 ber
567 1101 36 27 jag
618 1104 30 18 att
663 1101 6 20 i
685 1100 41 21 allo
743 1100 20 20 fä
779 1100 72 21 förena
869 1100 43 26 mig
928 1100 47 20 med
992 1099 35 21 det

200 1128 116 27 uttalande,
332 1135 45 14 som
393 1129 25 20 hr
432 1129 78 26 Elving
525 1130 87 26 afgifvit.

270 1185 33 20 Hr
316 1185 143 27 Nybergh:
481 1186 33 20 Hr
529 1186 77 26 Elving
622 1186 77 21 nämde
715 1186 68 20 säsom
800 1184 97 28 exempel
913 1184 26 27 pä
947 1184 80 27 olämp-

199 1212 95 28 ligheten
316 1214 22 20 af
361 1214 35 20 det
419 1221 29 13 nu
470 1214 119 27 föreslagna
611 1214 126 27 stadgandet
760 1214 36 20 det
810 1214 37 20 fall
863 1215 30 19 att
908 1219 26 14 en
950 1218 77 22 person

198 1241 110 21 förskaffat
330 1242 32 26 sig
385 1242 91 22 tillträde
499 1243 30 20 till
556 1249 25 14 en
598 1243 137 20 anförvandts
751 1242 109 21 dödsbädd
875 1242 7 20 i
898 1241 64 27 nägot
977 1241 50 20 fäst-

199 1270 122 26 ningsvärk.
351 1270 41 28 Jag
415 1271 37 21 ber
474 1274 30 18 att
525 1272 21 20 fä
570 1271 111 21 framhälla
704 1274 29 18 att
749 1271 56 21 detta
821 1270 98 27 exempel
935 1270 30 20 als
979 1269 47 21 icke

198 1298 73 20 träffar
286 1299 35 20 det
344 1300 179 27 ändringsförslag
543 1300 35 26 jag
593 1300 80 26 gjorde,
689 1303 20 23 ty
727 1299 56 21 detta
799 1299 89 20 innebär
903 1298 73 21 endast
991 1300 36 24 att,

198 1326 39 21 där
259 1327 149 21 tukthusstraff
428 1328 88 26 ädömts,
532 1328 37 20 där
585 1328 86 21 ädömes
686 1328 62 20 äfven
764 1328 75 20 förlust
855 1327 21 21 af
891 1326 135 27 medborger-

197 1354 39 28 ligt
258 1356 128 27 förtroende,
408 1363 48 14 men
474 1357 36 20 där
525 1357 156 27 fängelsestraff
695 1356 87 24 ädömts,
799 1356 37 20 där
851 1356 48 26 kan,
914 1361 50 15 men
979 1354 46 21 icke

197 1383 39 21 bör
255 1384 76 21 förlust
346 1384 22 21 af
382 1385 164 27 medborgerligt
561 1385 121 21 förtroende
698 1385 91 21 ädömas.
820 1384 10 20 I
846 1387 29 17 ett
894 1384 75 20 sådant
988 1383 37 20 fall

196 1418 46 14 som
266 1412 36 21 det
321 1413 21 20 af
357 1413 25 20 hr
398 1413 77 27 Elving
489 1414 135 26 framdragna
645 1414 102 26 föreligga
766 1412 93 22 särdeles
875 1411 150 21 förmildrande

196 1441 188 27 omständigheter,
400 1442 40 20 och
455 1442 68 21 skulle
540 1442 76 21 brottet
631 1442 72 20 därför
717 1442 121 26 antagligen
855 1440 77 27 ädraga
944 1440 81 26 förbry-

196 1470 60 20 taren
280 1470 74 20 endast
376 1470 156 28 fängelsestraff
552 1471 39 20 och
613 1470 83 21 säledes
719 1470 76 20 förlust
817 1470 21 20 af
861 1468 165 27 medborgerligt

195 1497 124 21 förtroende
334 1498 48 21 icke
398 1498 90 22 behöfva
503 1499 92 21 ädömas.
620 1498 32 22 De
663 1498 186 28 omständigheter,
859 1504 46 14 som
916 1498 23 19 hr
947 1497 78 27 Elving

195 1525 7 20 i
226 1526 64 27 öfrigt
314 1526 115 22 framhällit
444 1528 88 20 rörande
549 1528 11 26 $
578 1528 18 27 1,
612 1527 107 27 nämligen
735 1529 30 19 att
780 1527 38 20 där
833 1526 69 21 skulle
917 1526 85 20 komma
1017 1525 8 20 i
