1142 1773
205 132 55 22 1510
408 139 178 21 Borgareståndet
599 140 58 17 1894.
681 140 27 17 28
720 140 47 20 maj.

244 208 148 27 lagutskottets
414 208 78 27 förslag
513 208 31 21 till
563 208 207 27 sammanjämkning
785 208 22 20 af
822 208 26 20 de
865 208 66 21 delvis
947 208 57 27 skilj-

177 236 70 27 aktiga
263 236 75 28 beslut,
353 236 59 21 hvari
427 237 89 21 stånden
533 239 84 19 stannat
633 237 35 20 vid
684 237 157 26 behandlingen
857 237 21 20 af
893 237 111 21 utskottets

177 264 134 22 betänkande
334 272 34 14 n:o
392 266 12 20 5
427 266 7 20 i
457 266 116 26 anledning
589 266 20 20 af
625 266 76 26 nådiga
717 265 158 27 propositionen
891 272 35 14 n:o
941 266 14 20 4
970 272 34 14 om

177 293 118 25 antagande
317 294 21 20 af
353 300 28 21 ny
397 294 162 28 utsökningslag
574 296 54 19 samt
643 294 60 20 däraf
717 294 112 27 påkallade
845 294 114 26 ändringar
975 294 29 20 uti

176 322 103 21 särskilda
294 322 157 28 författningar;

244 380 212 26 järnvägsutskottets
471 380 65 20 andra
552 380 79 26 förslag
645 380 32 20 till
692 380 207 26 sammanjämkning
915 380 21 20 af
948 378 55 22 stån-

176 408 52 20 dens
251 408 119 28 skiljaktiga
393 408 69 21 beslut
482 409 35 20 vid
533 408 157 27 behandlingen
706 409 21 20 af
743 408 112 21 utskottets
871 407 132 22 betänkande

177 442 35 15 n:o
228 437 12 20 2
257 436 7 21 i
280 436 115 29 anledning
410 438 21 20 af
446 437 78 28 nådiga
539 437 156 28 propositionen
712 444 33 14 n:o
762 438 29 19 24
806 436 110 28 angående
932 436 71 21 vidare

175 465 224 28 järnvägsbyggnader
414 467 7 19 i
436 466 84 27 landet;

245 522 107 21 allmänna
376 523 199 21 besvärsutskottets
597 523 80 27 förslag
699 523 32 20 till
754 523 206 26 sammanjämkning
983 522 21 21 af

177 549 101 22 ståndens
303 551 119 27 skiljaktiga
444 552 70 21 beslut
536 552 6 19 i
566 551 116 28 anledning
705 551 21 21 af
741 551 113 21 utskottets
870 551 133 22 betänkande

176 585 35 14 n:o
239 579 27 21 19
291 579 109 28 angående
427 580 18 27 ej
472 580 82 21 mindre
577 580 78 21 vården
672 580 21 20 af
708 580 25 21 de
749 587 78 20 genom
843 582 124 19 testamente
983 580 21 20 af

176 607 114 22 framlidne
305 609 227 20 medicinelicentiaten
548 609 95 21 Herman
658 609 89 20 Frithiof
762 609 75 20 Antell
849 608 100 21 Finlands
960 608 44 21 folk

177 636 99 21 tillfallna
300 640 76 24 mynt-,
403 637 137 28 antikvitets-,
566 638 72 20 konst-
663 637 48 21 med
727 637 51 21 flere
795 637 114 27 samlingar
923 639 26 18 än
965 637 39 20 ock

176 665 103 21 särskilda
300 665 6 20 i
321 665 24 21 R.
360 673 18 13 o.
395 667 31 24 A.,
442 668 78 25 präste-
536 668 54 19 samt
612 666 179 27 borgarestånden
807 666 75 20 väckta
897 665 107 28 petitions-

178 693 78 28 förslag
272 701 34 13 om
322 695 131 26 uppförande
469 695 21 20 af
505 695 154 27 museibygnad
675 695 57 20 såväl
745 695 34 20 för
790 695 25 20 de
828 694 112 21 Antellska
950 700 54 15 sam-

177 722 98 27 lingarna
297 729 45 14 som
361 723 33 20 för
416 725 79 19 statens
515 723 152 28 arkeologiska,
682 723 113 20 historiska
811 723 37 20 och
865 723 139 27 etnografiska

176 751 126 27 samlingar;
318 754 54 18 samt

245 808 108 21 allmänna
377 809 200 21 besvärsutskottets
601 809 79 27 förslag
707 809 32 20 till
763 809 206 27 sammanjämkning
984 808 21 21 af

176 835 102 22 ståndens
300 837 119 27 skiljaktiga
442 837 70 21 beslut
533 838 7 19 i
562 837 59 28 fråga
639 844 35 14 om
689 837 114 21 utskottets
818 837 133 21 betänkande
967 844 37 14 n:o

177 865 26 20 20
230 865 110 28 angående
365 866 7 20 i
397 866 97 28 samtliga
520 867 60 20 stånd
604 866 75 21 väckta
694 866 171 27 motionsförslag
881 872 35 15 om
931 865 73 28 påbju-

177 894 69 21 dande
270 894 21 21 af
313 894 78 21 allmän
414 895 54 21 läro-
490 895 39 21 och
548 895 100 27 skolplikt
663 897 54 18 samt
733 895 110 27 angående
859 895 50 20 ett
903 890 15 37 i
925 894 79 21 bonde-

176 922 84 21 ståndet
284 923 60 21 väckt
367 924 179 27 petitionsförslag
568 930 34 14 om
618 923 231 21 landskommunernas
865 923 139 27 förpliktande

176 953 30 19 att
220 951 78 21 inrätta
313 958 25 14 en
354 952 65 27 högre
434 952 116 26 folkskola;
566 952 109 21 äfvensom

244 1008 33 21 till
292 1008 119 28 onsdagens
426 1009 98 27 plenum:

244 1066 45 27 lag-
304 1066 40 20 och
359 1066 212 21 ekonomiutskottets
594 1066 133 21 betänkande
747 1072 36 14 n:o
800 1066 12 20 9
831 1066 6 20 i
853 1066 115 26 anledning
983 1065 22 21 af

176 1095 30 19 ett
220 1094 59 21 inom
295 1094 173 27 borgareståndet
489 1095 118 20 inlämnadt
622 1095 171 27 motionsförslag
809 1094 110 27 angående
935 1094 69 21 ötver-

176 1122 166 22 enskommelser
361 1123 79 21 mellan
462 1124 161 20 stadskommun
639 1124 39 20 och
693 1125 117 25 tomtegare
826 1130 35 13 om
876 1122 128 28 gatuunder-

174 1151 76 21 hållets
266 1152 150 26 öfvertagande
432 1152 20 20 af
468 1152 134 21 kommunen.

244 1265 34 21 Hr
300 1266 122 20 talmannen
442 1266 125 21 meddelade
590 1268 30 19 att
642 1268 60 18 nästa
717 1266 87 27 plenum
821 1266 84 20 komme
921 1267 29 19 att
966 1271 39 21 ega

175 1300 47 14 rum
238 1294 97 27 tisdagen
352 1294 41 21 den
409 1295 27 20 29
453 1294 80 22 dennes
548 1294 27 21 kl.
591 1294 12 20 6
620 1301 16 14 e.
653 1301 28 14 m.

245 1402 91 21 Plenum
352 1402 108 28 upplöstes
476 1403 26 20 kl.
520 1404 46 26 1,20
582 1402 27 28 på
623 1404 79 20 natten.

790 1431 21 17 In
823 1430 61 18 fidem:

727 1465 27 21 A.
779 1465 22 21 V.
817 1464 116 28 Lindberg.
