1142 1773
723 116 16 11 hd

374 128 180 20 Borgareständet
566 130 56 15 1894.
639 120 12 34 1
667 129 51 21 juni.
878 123 55 21 1619

135 209 47 21 sedt
195 210 33 20 för
242 209 123 27 monarken,
380 209 48 21 icke
451 209 69 21 skulle
535 209 7 20 i
557 209 62 21 förtid
642 209 85 21 komma
749 209 32 21 till
797 208 163 28 offentligheten.

135 238 49 21 Men
199 238 36 27 jag
250 244 34 14 ser
299 238 53 20 dock
368 238 7 20 i
391 238 70 20 denna
476 238 143 27 misstydning
634 238 21 20 af
670 238 125 20 ständernas
811 238 65 20 motiv
887 244 27 14 en
925 243 37 15 an-

135 266 87 27 ledning
238 268 30 19 att
282 266 128 21 ätminstone
426 272 89 15 numera
538 268 61 25 öppet
615 266 65 21 uttala
696 266 55 21 hvad
767 266 35 28 jag
817 266 7 20 i
839 266 70 21 denna
924 266 37 20 sak

136 296 39 20 har
190 295 26 27 pä
232 295 81 27 hjärtat.

206 438 114 27 Upplästes
336 438 32 21 till
382 438 105 27 justering
503 438 39 21 och
558 438 121 27 godkändes
695 439 30 20 ett
741 438 76 27 utdrag
829 444 26 15 ur
865 438 98 27 borgare-

138 466 95 22 ständets
248 467 35 20 vid
300 467 79 27 dagens
394 467 88 27 plenum
498 467 60 20 förda
573 467 110 27 protokoll.

207 627 33 21 Hr
254 627 122 21 talmannen
392 627 126 21 meddelade
533 629 29 19 att
577 629 60 19 nästa
652 627 87 28 plenum
753 627 84 22 komme
853 629 30 20 att
897 626 66 22 hällas

138 656 8 21 i
162 656 40 27 dag
217 656 27 21 kl.
262 657 10 20 7
290 662 16 15 e.
322 663 33 20 m.,
371 655 65 22 hvarä
450 656 88 27 plenum
555 656 106 27 upplöstes
677 656 26 21 kl.
721 657 61 26 12,40
798 663 17 14 e.
831 663 27 14 m.

750 713 21 17 In
783 713 62 17 fidem:

689 747 26 20 A.
736 747 23 21 V.
776 747 118 27 Lindberg.

364 924 119 27 Samma
502 924 56 34 dag
578 924 39 26 kl.
637 924 14 28 7
671 931 24 20 e.
714 931 39 19 m.

210 1016 42 20 Vid
268 1016 115 20 värkstäldt
398 1022 82 20 upprop
496 1015 105 21 befunnos
612 1015 93 21 ständets
721 1015 97 27 samtliga
829 1015 138 21 medlemmar

142 1044 136 21 närvarande.

212 1181 112 27 Upplästes
347 1181 32 21 till
400 1181 106 27 justering
529 1182 38 20 och
590 1181 123 27 godkändes
735 1180 103 21 särskilda
853 1180 76 27 utdrag
944 1186 26 14 ur

143 1209 183 28 borgareständets
343 1210 35 20 vid
394 1212 83 19 senaste
493 1210 86 27 plenum
595 1210 60 21 förda
671 1209 110 28 protokoll.

212 1352 61 22 Efter
295 1352 71 21 därom
390 1352 67 21 skedd
480 1352 99 21 anmälan
602 1352 97 21 inträdde
715 1352 124 21 biträdande
854 1350 117 23 ceremoni-

143 1382 112 26 mästaren,
271 1381 120 21 direktören
401 1382 7 20 i
418 1381 104 21 Finlands
532 1381 132 27 statskontor,
675 1381 200 27 kammarjunkaren
889 1378 82 22 Oskar

142 1409 157 21 Mechelin
321 1410 39 20 och
383 1410 79 27 inbjöd,
484 1410 7 20 i
514 1410 28 20 H.
566 1410 39 20 M:s
627 1409 115 27 Kejsarens
763 1410 40 20 och
830 1408 141 22 Storfurstens

143 1444 66 14 namn
232 1438 39 21 och
289 1438 27 27 pä
332 1438 118 27 befallning
465 1438 21 21 af
501 1438 55 21 hans
571 1438 95 21 exellens
681 1438 227 27 generalguvernören,
923 1436 48 21 bor-

143 1466 135 27 gareständet
300 1469 29 19 att
351 1466 77 21 bivista
456 1466 147 28 gudstjänsten
625 1467 7 20 i
653 1466 168 27 Nikolaikyrkan
849 1466 7 20 i
882 1471 89 21 morgon

143 1495 27 20 kl.
194 1495 26 20 11
244 1495 13 20 f.
280 1502 27 14 m.
324 1495 39 21 och
378 1497 30 19 att
424 1495 92 21 därefter
532 1495 12 21 å
558 1495 119 27 Kejserliga
692 1495 71 21 slottet
777 1495 110 21 öfvervara
902 1493 69 21 landt-

144 1523 80 27 dagens
239 1524 115 27 högtidliga
370 1523 120 21 afslutande
506 1524 41 20 och
562 1524 123 20 ständernas
700 1523 187 21 hemförlofvande.
