1142 1773
351 137 179 21 Borgareständet
542 138 59 16 1894.
627 138 21 16 15
661 138 47 20 muj.
862 132 54 20 1049

117 218 69 21 denna
202 218 46 20 sida
263 218 20 20 af
298 218 71 20 saken.
394 217 42 21 Det
451 217 55 21 enda
522 224 48 14 man
586 217 69 21 finner
670 217 7 20 i
693 217 56 21 detta
766 217 99 21 afseende
880 218 23 19 är
916 218 30 19 att

116 246 102 21 utskottet
236 246 98 21 särskildt
350 246 184 21 rekommenderat
549 246 173 27 stämpelskatten
737 246 28 27 pä
780 246 74 20 växlar
877 245 71 21 därför

117 277 29 19 att
171 275 41 21 den
235 275 48 20 med
306 274 121 27 obetydliga
450 274 52 21 eller
523 274 49 27 inga
595 274 207 21 kontrollkostnader
825 274 120 26 antagligen

116 303 86 21 komme
218 305 30 19 att
263 303 65 21 blifva
343 310 25 14 en
384 303 154 27 jämförelsevis
554 303 40 27 god
610 303 151 21 inkomstkälla
773 303 32 20 för
815 302 132 21 statsvärket.

116 331 42 22 Det
173 334 23 18 är
212 332 123 26 visserligen
352 336 47 16 sant
414 333 30 19 att
458 332 50 26 inga
524 331 207 21 kontrollkostnader
746 331 59 21 häraf
820 330 126 26 föranledas,

117 367 49 15 men
187 360 35 21 det
237 360 67 21 finnes
320 360 46 21 icke
382 360 67 21 häller
463 360 70 27 nägon
549 360 98 21 kontroll.
676 360 51 20 Man
743 360 44 26 har,
802 366 34 14 om
852 360 48 20 med
916 359 31 20 af-

117 389 41 21 sikt
174 389 51 21 eller
240 389 52 26 icke,
307 389 141 21 öfverhufvud
464 389 35 20 vid
515 389 70 21 denna
600 389 141 27 propositions
757 388 136 28 uppgörande
909 388 39 20 all-

118 418 57 21 deles
198 418 46 20 icke
267 418 55 26 gjort
346 418 78 26 förslag
447 424 34 14 om
505 417 64 27 några
591 417 191 27 kontrollätgärder
796 417 7 20 i
819 416 100 21 afseende
935 416 12 20 &

118 446 171 28 stämpelskatten
313 446 11 21 &
348 446 71 27 dylika
442 446 126 27 handlingar
586 446 91 21 emellan
694 446 102 26 enskilda,
811 452 46 14 som
873 447 75 26 genast

117 476 35 20 vid
168 475 146 28 uppgörandet
328 475 60 21 skola
403 475 195 27 stämpelbeläggas.
624 475 49 21 Men
689 475 35 26 jag
737 474 63 27 vägar
811 477 31 18 tro
855 476 30 19 att
897 480 48 14 man

117 504 47 21 icke
186 504 42 21 kan
251 503 63 21 tänka
336 503 32 27 sig
390 506 30 19 att
442 503 70 22 denna
534 503 90 22 kontroll
640 503 114 21 framdeles
769 503 44 21 helt
828 503 38 20 och
882 502 66 21 hället

118 533 52 20 skall
186 533 73 20 kunna
275 532 106 26 uteblifva,
397 535 51 18 utan
464 539 49 14 man
529 532 66 21 mäste
607 532 33 21 väl
650 533 80 20 förutse
742 534 35 24 att,
788 531 64 21 sedan
864 531 83 21 skatten

118 562 34 20 väl
173 561 89 20 kommit
277 561 31 20 till
323 561 67 25 ständ,
406 567 49 14 man
471 561 54 20 skall
540 561 59 20 finna
614 561 41 20 den
671 567 40 14 ena
727 561 52 20 eller
794 560 65 21 andra
875 559 72 22 anled-

118 590 79 27 ningen
221 591 29 19 att
272 589 84 21 försöka
378 589 146 21 åstadkomma
546 589 97 27 kontroll,
667 589 39 21 och
729 589 36 20 det
779 591 23 18 är
818 589 26 20 dä
859 595 45 14 som
921 588 27 21 de

119 619 82 26 obehag
223 618 99 27 begynna
345 619 45 20 visa
412 619 38 26 sig,
470 625 45 14 som
531 625 48 14 man
595 625 30 14 nu
641 618 88 21 alldeles
744 618 47 20 icke
806 617 36 20 vill
859 624 28 14 se.
916 617 30 26 Ty

119 647 35 21 det
177 649 23 18 är
221 647 23 26 ju
267 647 117 27 uppenbart
400 649 34 24 att,
451 647 27 20 dä
493 647 72 26 dylika
580 647 149 26 afhandlingar
744 646 89 21 emellan
851 645 96 22 enskilda

118 675 67 22 mäste
206 675 144 27 obligatoriskt
370 675 196 27 stämpelbeläggas,
581 675 46 21 frän
644 677 80 19 statens
739 675 46 20 sida
799 675 67 20 mäste
882 675 66 20 förut-

119 706 64 19 sättas
206 706 30 19 att
258 704 68 27 nägon
351 704 160 27 undersökning
534 704 62 21 ocksä
619 704 52 20 skall
688 710 39 21 ega
742 710 47 13 rum
805 703 98 21 däröfver
918 704 31 19 att

120 733 58 26 dylik
193 733 217 26 stämpelbeläggning
425 733 57 25 sker;
496 733 38 20 och
551 739 48 14 man
612 733 41 20 kan
665 732 33 21 väl
708 732 47 21 icke
766 732 63 21 tänka
839 732 32 26 sig
883 733 66 19 annat

119 763 26 19 än
169 763 29 19 att
219 761 79 27 följden
321 761 67 21 måste
411 761 65 20 blifva
499 767 26 14 en
544 761 159 27 undersökning
719 761 22 20 af
756 761 25 20 de
797 761 152 26 inrättningars

120 790 173 27 växelportföljer
314 797 26 13 m.
356 797 27 13 m.
399 789 73 27 dylikt,
488 790 71 20 hvilka
575 790 62 20 hafva
653 791 30 19 att
698 791 51 23 göra
764 789 48 20 med
829 789 26 20 de
871 789 76 20 skatte-

120 819 76 26 objekt,
212 825 45 14 som
273 825 29 14 nu
318 818 84 21 komme
418 820 30 19 att
463 818 138 21 underkastas
617 825 27 14 en
660 818 59 26 dylik
735 818 60 20 skatt.

187 846 33 21 Dä
235 853 29 14 nu
280 847 66 20 tillika
362 847 26 20 de
404 847 152 26 skatteformer,
571 853 45 14 som
632 847 38 20 här
685 849 35 18 äro
737 853 42 20 nya
797 846 18 21 d.
828 853 17 13 v.
859 852 14 14 s.
885 847 64 19 stäm-

120 875 117 28 pelskatten
261 875 26 28 pä
310 875 108 27 aktiebref,
441 875 144 27 obligationer,
609 875 148 28 depositioner,
772 873 178 28 försäkringsbref

120 905 39 20 och
179 904 79 26 växlar,
279 904 68 21 säsom
366 904 57 21 förut
436 904 106 27 päpekats,
559 904 65 21 mäste
640 904 95 20 medföra
751 910 25 14 en
793 903 104 27 väsentlig
912 902 37 21 ök-

120 933 52 27 ning
186 933 21 20 af
222 933 148 21 skattebördan
386 933 32 20 för
433 932 157 27 affärsvärlden,
605 933 40 21 och
660 939 49 14 man
724 932 47 21 icke
787 932 38 20 har
835 932 68 26 nägon
915 933 34 19 ut-

120 962 90 26 redning
234 968 40 20 om,
296 962 6 19 i
323 962 85 20 hvilken
424 962 48 20 män
490 962 69 20 denna
575 961 134 21 skattebörda
725 963 23 18 är
763 961 21 21 af
799 960 100 22 behofvet
913 959 37 27 pä-

120 990 76 25 kallad,
216 990 23 20 sä
254 990 68 20 skulle
337 990 35 27 jag
388 990 31 20 för
434 990 43 20 min
495 990 33 20 del
544 990 107 20 vördsamt
665 989 78 21 föreslä
758 992 30 18 att
802 988 148 28 borgarestän-

120 1019 35 21 det
170 1031 27 3 —
214 1018 26 21 dä
254 1025 49 14 man
319 1019 46 21 icke
381 1020 71 26 gärna,
467 1018 23 21 sä
505 1019 59 27 längt
579 1025 45 14 som
639 1018 170 28 landtdagstiden
822 1018 65 20 redan
899 1017 50 20 fort-

120 1047 80 26 skridit,
215 1047 41 21 kan
272 1047 70 21 lämna
358 1047 157 27 behandlingen
532 1048 20 20 af
567 1047 57 21 detta
635 1047 134 21 betänkande
781 1046 44 21 helt
835 1046 39 21 och
886 1045 65 21 hället

120 1076 105 20 beroende
241 1088 27 3 —
284 1076 49 20 ville
349 1076 83 20 besluta
447 1078 30 18 att
492 1076 127 20 ätminstone
635 1076 26 20 de
677 1076 91 26 punkter
783 1075 7 20 i
801 1074 149 26 betänkandet,

120 1104 71 20 hvilka
206 1104 55 27 gälla
276 1104 61 21 dessa
353 1111 41 20 nya
410 1104 152 27 skatteformer,
578 1104 64 21 mätte
653 1104 124 27 uppskjutas
788 1104 32 20 till
830 1103 48 21 dess
889 1104 62 19 stats-

120 1133 112 21 utskottets
248 1132 114 27 utredning
378 1133 109 27 angående
503 1133 117 20 utsikterna
635 1134 30 19 att
680 1132 73 21 kunna
769 1132 88 21 betäcka
872 1132 26 20 de
914 1131 37 20 be-

120 1161 42 25 hof,
184 1168 45 14 som
252 1161 47 21 med
323 1161 198 27 bevillningsmedel
543 1161 50 21 böra
614 1161 103 26 bekostas,
733 1161 88 20 kommit
837 1160 113 21 ständerna

120 1190 108 20 tillhanda.
257 1189 41 21 Det
320 1192 23 18 är
365 1190 125 27 visserligen
512 1193 47 18 sant
577 1192 30 19 att
622 1190 61 20 dessa
698 1189 141 27 skatteobjekt
853 1190 36 19 äro
906 1194 44 14 om-
971 1209 1 3 .

120 1218 78 21 nämda
220 1218 8 20 i
250 1218 76 27 många
349 1218 56 21 olika
421 1218 97 28 punkter,
533 1219 38 20 och
587 1218 36 21 det
637 1218 41 20 blir
693 1218 46 20 från
756 1218 70 20 denna
841 1216 110 28 synpunkt

121 1247 56 21 svärt
200 1248 30 20 att
252 1247 84 27 vidtaga
358 1253 26 15 en
407 1247 65 20 sädan
494 1247 125 26 anordning,
635 1253 55 20 men,
706 1246 71 21 sävida
793 1252 49 15 man
858 1252 30 14 nu
903 1245 48 21 icke

122 1275 129 21 omedelbart
262 1275 36 20 vill
310 1275 52 21 afslä
373 1276 61 20 dessa
448 1276 218 26 skatteförhöjningar,
677 1275 80 21 hvilket
766 1274 104 21 mähända
878 1274 73 20 kunde

122 1304 42 26 ske,
187 1310 34 14 om
245 1310 48 14 man
317 1310 49 15 vore
390 1304 60 20 säker
473 1304 26 27 pä
518 1306 29 18 att
563 1304 76 26 nödiga
655 1304 70 20 medel
741 1303 121 21 därförutan
879 1302 72 20 kunde

122 1332 187 27 sammanbringas,
332 1332 60 21 torde
414 1333 6 19 i
440 1332 40 20 alla
496 1332 37 21 fall
548 1334 29 19 ett
593 1332 62 21 altför
669 1332 60 26 längt
744 1332 91 27 uppskof
849 1331 47 21 icke
912 1336 39 22 ega

120 1367 54 17 rum,
190 1367 32 14 om
239 1360 91 22 beslutet
345 1361 30 20 uti
391 1360 161 28 ifrägavarande
567 1360 58 21 delar
641 1360 130 28 uppskjutes,
786 1360 39 20 och
835 1359 68 21 skulle
916 1359 36 27 jag

121 1389 70 21 därför
213 1389 53 27 väga
288 1389 84 21 förorda
395 1389 57 21 detta
467 1390 47 20 mitt
529 1389 78 27 förslag
622 1389 32 21 till
670 1389 183 27 borgareständets
869 1388 83 26 behjär-

120 1418 68 20 tande.

190 1474 32 20 Hr
249 1474 159 21 Stenroth:
449 1474 72 21 Kuten
547 1474 105 21 edellinen
678 1474 81 27 puhuja
784 1474 44 20 niin
853 1473 96 21 minäkin

122 1502 119 28 puolestani
265 1502 81 27 katson,
369 1504 42 19 että
432 1509 28 14 ne
478 1503 131 25 ehdotukset,
625 1503 50 26 joita
691 1502 123 21 valiokunta
830 1504 56 19 tässä
900 1502 52 20 mie-

122 1531 122 21 tinnössään
260 1531 67 26 tekee,
344 1533 48 19 ovat
407 1537 80 21 sangen
503 1531 80 21 tärkeät
597 1532 27 26 ja,
634 1532 32 26 jos
676 1537 27 15 ne
713 1531 153 27 hyväksytään,
879 1530 74 20 vaiku-
