1142 1773
345 128 181 21 Borgareständet
540 128 55 17 1894.
619 129 26 16 24
657 128 48 21 maj.
856 122 54 20 1389

179 209 161 27 Propositionen
356 209 128 21 besvarades
500 208 47 21 med
564 208 156 27 öfvervägande
735 209 27 26 ja.

180 267 32 20 5:0
243 266 39 25 De,
305 266 75 21 hvilka
402 266 55 27 vilja
479 266 75 20 skrida
577 266 35 20 till
633 266 205 27 detaljgranskning
854 265 28 27 af
893 265 43 21 all-

109 298 86 18 männa
206 295 188 21 besvärutskottets
406 302 32 13 nu
449 294 174 28 ifrågavarande
633 294 238 28 författningsförslag,
879 295 60 19 rösta

107 324 37 27 ja;
160 324 32 26 de,
208 324 35 20 det
257 323 45 21 icke
317 323 61 27 vilja,
394 325 60 19 rösta
470 323 48 27 nej;

179 352 80 21 vinner
281 352 41 27 nej,
338 352 42 20 har
396 352 182 26 borgareständet,
594 352 50 20 med
658 352 142 27 förkastande
815 351 29 27 af
855 351 81 27 försla-

109 383 36 25 get
159 381 9 20 i
178 381 50 21 dess
243 380 76 27 helhet,
336 380 104 28 omfattat
455 380 27 21 hr
500 380 160 28 Schybergsons
675 380 66 21 kläm.

180 438 160 27 Propositionen
356 438 107 27 afgjordes
479 438 81 21 medels
571 438 104 26 votering;
693 438 38 21 och
743 437 136 22 alldenstund
892 437 47 21 där-

111 467 35 20 vid
162 467 95 26 afgäfvos
274 467 25 20 16
314 467 21 26 ja
350 467 39 20 och
406 467 25 20 37
444 467 41 26 nej,
500 467 52 20 hade
564 467 83 20 ständet
658 467 86 20 beslutit
756 467 93 20 förkasta
859 466 81 21 utskot-

112 497 40 19 tets
168 495 133 21 betänkande
312 495 48 21 med
372 495 44 20 däri
429 495 32 21 till
474 495 119 27 antagande
603 495 112 21 förordade
726 495 214 27 författningsförslag

111 526 55 19 samt
180 524 83 21 förenat
273 524 31 27 sig
315 530 34 14 om
360 531 26 13 en
398 524 87 25 petition
499 524 71 20 därom
582 526 29 18 att
624 524 31 20 till
667 524 114 21 ständerna
792 524 35 20 vid
838 525 102 19 nästsam-

111 553 153 20 manträdande
280 553 100 26 landtdag
396 553 64 20 måtte
477 553 141 20 öfverlämnas
633 553 130 26 proposition
775 553 31 20 till
817 552 123 27 förordning

110 581 111 27 angäende
236 581 145 27 befrämjande
397 581 21 20 af
433 581 128 21 folkskolors
574 581 119 21 inrättande
705 581 7 20 i
723 581 217 20 landskommunerna

112 610 66 27 enligt
200 610 41 21 den
264 609 67 28 grund
348 611 30 19 att
392 610 218 21 landskommunerna
626 610 70 21 blefve
712 609 155 28 skyldigkända
883 612 34 21 att,
933 609 7 20 i

111 639 49 20 män
177 639 21 20 af
214 639 98 21 behofvet
327 639 37 20 och
381 639 49 20 med
445 639 113 20 införande
573 639 21 20 af
609 639 206 26 distriktsindelning
826 638 51 21 eller
887 638 54 21 efter

111 673 71 14 annan
198 667 80 21 ordnad
294 667 55 27 plan,
364 667 77 21 inrätta
456 667 122 20 folkskolor.

180 798 118 27 Föredrogs
321 799 159 26 delegationens
503 799 33 20 för
558 799 141 27 uppresandet
721 799 22 20 af
763 805 28 14 en
811 798 83 23 ärestod
910 798 31 21 till

112 827 118 21 åminnelse
246 827 21 20 af
282 827 246 28 Kejsaren-Storfursten
543 827 124 21 Alexander
681 827 22 21 II
715 827 35 21 vid
761 830 82 18 senaste
854 827 88 27 plenum

114 855 70 21 härtill
200 856 116 27 bordlagda
331 856 110 21 skrifvelse
453 855 32 22 till
498 856 114 21 ständerna
620 856 48 21 med
680 856 137 27 redovisning
827 856 18 27 ej
859 855 83 21 mindre

112 885 60 20 öfver
194 885 179 21 omhänderhafda
388 885 71 21 medel
474 885 33 20 för
522 887 157 19 monumentets
695 885 131 27 uppförande
841 886 27 19 än
883 884 61 21 öfver

115 913 114 27 utgifterna
251 914 33 20 för
306 914 167 26 högtidligheten
496 914 36 20 vid
548 914 47 20 dess
611 914 131 27 aftäckning;
759 914 39 20 och
814 913 43 21 blef
873 913 70 21 denna

113 942 110 20 skrifvelse
240 942 21 20 af
276 942 84 21 ständet
374 942 123 21 remitterad
514 942 31 21 till
560 942 160 21 statsutskottet.

184 1085 118 27 Föredrogs
324 1085 214 27 järnvägsutskottets
561 1085 35 21 vid
618 1087 83 19 senaste
724 1085 87 27 plenum
827 1084 116 28 bordlagda

117 1113 79 28 förslag
216 1113 32 21 till
271 1114 207 27 sammanjämkning
501 1114 22 20 af
538 1114 99 21 ständens
653 1114 68 21 delvis
737 1114 120 27 skiljaktiga
873 1113 70 21 beslut

116 1142 36 20 vid
175 1142 158 28 behandlingen
355 1143 21 20 af
399 1142 114 21 utskottets
535 1142 133 22 betänkande
691 1149 35 14 n:o
743 1143 11 20 1
770 1142 7 21 i
793 1142 115 27 anledning
923 1142 21 20 af

115 1170 104 22 särskilda
234 1171 112 27 petitioner
361 1171 111 27 angående
487 1171 258 27 järnvägsanläggninpar.

185 1227 70 22 Sedan
271 1228 25 20 hr
311 1228 95 21 Malin
426 1228 90 21 anhällit
531 1235 33 14 om
580 1228 154 28 bordläggning
750 1228 21 21 af
786 1228 93 26 ärendet,
894 1234 50 14 men

116 1256 59 21 detta
190 1256 95 27 yrkande
300 1257 47 21 icke
363 1257 77 21 vunnit
455 1257 122 27 understöd,
593 1257 43 21 blef
651 1256 293 28 sammanjämkningsförsla-

117 1287 36 25 get
167 1285 7 20 i
190 1285 48 21 dess
253 1285 71 21 helhet
339 1286 21 20 af
374 1285 86 21 ståndet
474 1286 114 26 godkändt.

186 1439 118 28 Föredrogs
326 1440 148 27 lagutskottets
491 1440 35 20 vid
542 1442 81 19 senaste
639 1440 87 27 plenum
743 1440 116 27 bordlagda
873 1439 73 21 betän-

118 1468 70 21 kande
210 1474 35 15 n:o
269 1469 26 20 10
318 1469 8 20 i
347 1468 117 27 anledning
479 1468 21 20 af
516 1468 101 21 särskilda
632 1469 59 20 inom
706 1468 24 21 R.
747 1469 58 20 o.'A.
821 1470 56 19 samt
899 1467 47 21 bor-

118 1503 60 21 gare-
201 1497 38 20 och
256 1496 161 22 bondestånden
436 1497 77 21 väckta
529 1497 78 27 förslag
621 1496 32 22 till
669 1497 87 27 petition
772 1503 35 14 om
822 1498 125 26 prässange-

118 1525 163 27 lägenheternas
296 1525 109 21 ordnande
421 1532 79 20 genom
516 1525 77 21 allmän
608 1526 40 27 lag.
