1142 1773
345 121 180 21 Borgareståndet
537 122 60 17 1894.
625 122 21 16 15
659 122 48 20 maj.
857 116 53 21 1081

114 206 25 17 hr
154 202 86 22 Castrén
257 202 85 27 upplyst
356 202 79 25 därom,
450 202 106 21 huruvida
571 202 102 20 utskottet
688 202 45 20 haft
748 204 29 18 ett
792 201 76 21 sådant
882 201 36 21 fall
933 202 6 20 i

114 231 104 21 tankarna
240 230 26 21 då
288 230 35 22 det
345 230 117 21 stiliserade
485 230 130 27 stadgandet.
646 230 44 27 Mig
705 236 65 21 synes
791 232 31 18 att
837 230 35 20 det
887 230 54 20 hade

115 260 54 20 varit
184 259 45 21 skäl
245 261 29 19 att
289 266 77 20 genom
381 265 26 15 en
424 265 71 15 annan
511 259 96 21 lokution
622 259 38 20 här
675 262 49 24 taga
738 259 84 26 hänsyn
837 258 32 21 till
885 258 56 21 detta

116 288 84 27 vanliga
214 288 136 21 förhållande.

183 345 33 21 Hr
238 344 116 22 Genetz:
384 345 11 21 I
417 345 67 21 likhet
507 345 47 21 med
577 345 102 21 utskottet
701 345 98 20 omfattar
822 344 61 21 äfven
906 344 36 27 jag

115 374 109 27 principen
240 380 33 14 om
288 374 118 26 progressiv
419 374 140 27 beskattning,
569 380 49 14 men
630 376 43 18 tror
683 374 54 20 dock
758 375 29 19 att
797 373 26 21 hr
833 372 110 28 Wegelius

116 403 38 20 har
176 402 80 27 ganska
271 402 84 27 mycket
370 402 45 21 skäl
430 402 62 21 äfven
509 403 32 20 för
556 402 35 21 sitt
606 402 115 28 påstående
744 404 30 18 att
789 402 60 20 dessa
865 401 77 27 språng

115 431 46 21 från
180 431 42 21 den
237 437 40 15 ena
292 431 107 27 kategorin
416 431 31 21 till
464 431 40 21 den
520 431 66 21 andra
601 433 36 19 äro
653 431 64 27 något
731 432 57 19 stora
803 430 40 21 och
858 430 85 20 komma

115 462 30 19 att
160 460 64 21 värka
239 460 101 27 stötande,
356 460 27 21 då
398 460 26 21 de
440 460 105 27 tillämpas
560 461 6 19 i
581 460 118 27 praktiken.
729 459 41 28 Jag
785 459 68 21 skulle
869 462 31 17 tro
911 461 30 18 att

116 495 48 14 man
186 489 49 20 med
255 495 26 14 en
301 489 63 27 något
379 489 134 20 annorlunda
528 489 139 27 formulering
682 491 51 18 utan
750 489 61 20 dessa
826 488 119 26 kategorier

116 517 72 21 kunde
211 517 50 21 ernå
283 524 80 14 samma
385 517 88 21 resultat
495 524 45 14 som
564 517 107 21 utskottet.
701 517 40 21 Om
763 523 48 14 man
829 516 116 21 bibehåller

116 546 38 27 2:,,
170 547 27 26 %%
212 546 33 20 för
260 546 35 21 det
309 546 37 21 fall
367 548 30 19 att
412 546 151 27 behållningen
578 546 7 20 i
601 546 49 21 boet
665 546 46 20 icke
727 546 125 26 öfverstiger
868 545 74 26 10,000

116 575 66 26 mark,
204 575 23 20 så
250 575 94 20 kommer
366 581 49 14 man
438 575 112 20 utskottets
572 575 89 20 resultat
683 575 80 26 ganska
782 576 50 19 nära
848 576 49 18 utan
914 575 30 19 att

116 603 112 21 nämvärdt
243 603 59 26 bryta
318 603 162 21 konformiteten
497 603 49 21 med
562 606 29 18 att
605 603 74 21 fastslå
701 605 30 19 att
745 603 33 20 för
793 603 72 26 hvarje
875 602 68 21 öfver-

116 632 113 27 skjutande
246 632 60 24 1,000
322 632 58 21 mark
396 634 114 25 procenten
526 632 51 21 ökas
592 632 48 21 med
657 638 25 14 en
694 631 151 21 hundradedel.
862 631 81 20 Skatte-

117 661 119 27 stegringen
253 661 99 27 fortlöper
368 661 26 20 då
408 661 8 20 i
431 667 26 14 en
474 661 46 26 ked,
536 661 24 20 så
574 663 35 24 att,
621 661 26 20 då
659 667 48 14 man
721 661 95 20 kommer
828 660 31 21 till
870 660 73 27 högsta

117 689 109 27 kategorin
254 689 18 20 d.
289 696 18 13 v.
322 696 15 14 s.
354 690 95 26 200,00&
465 689 71 21 marks
554 689 123 27 behållning
691 689 7 20 i
714 689 55 26 boet,
784 689 82 20 skatten
882 689 63 26 utgör

118 718 57 27 21/,,
190 718 28 26 %
240 718 8 20 i
262 718 69 21 stället
346 718 32 21 för
394 718 48 27 11/,
458 718 28 26 %/,
502 718 65 27 enligt
579 718 112 20 utskottets
703 717 85 28 förslag.
812 717 130 27 Härigenom

118 747 68 20 skulle
200 753 50 14 man
266 747 47 20 med
331 747 134 20 undvikande
481 747 21 20 af
517 749 66 18 större
599 746 216 44 kontinuitetssprång
832 746 49 20 ernå
899 745 44 21 det-

118 781 85 21 samma,
219 782 45 14 som
280 775 100 21 utskottet
395 775 67 21 afsett.

186 838 33 21 Hr
234 838 157 27 Wegelius:
414 838 41 20 För
470 839 30 20 att
516 837 130 22 återkomma
661 837 31 21 till
709 838 35 20 det
757 837 20 21 af
788 838 25 20 hr
823 837 120 21 Dahlström

118 867 120 27 åberopade
261 867 107 27 exemplet
396 867 75 26 skulle,
494 867 67 27 enligt
583 867 48 21 mitt
645 867 85 26 förslag,
745 867 32 20 för
793 866 75 26 99,000
884 865 59 21 mark

120 895 78 21 betalas
213 896 41 20 465
271 896 58 20 mark
345 896 39 20 och
399 896 33 20 för
448 896 89 26 100,000
553 896 60 20 mark
629 895 79 21 betalas
723 896 42 20 470
781 895 65 21 mark.

188 958 69 21 Sedan
274 958 147 21 diskussionen
443 958 65 27 härpå
531 958 110 20 förklarats
664 958 98 26 afslutad,
783 957 120 21 framstälde
919 957 26 20 hr

120 987 120 20 talmannen
257 987 31 21 till
304 987 51 21 först
371 987 129 21 beträffande
515 987 37 20 hrr
566 986 117 26 Wegelius”
694 987 39 20 och
745 986 85 22 Genetz”
841 985 102 21 särskilda

119 1016 78 26 förslag
212 1016 32 20 till
259 1016 90 26 ändring
364 1016 21 20 af
400 1015 178 27 stämpelafgiften
589 1016 33 20 för
633 1015 312 27 bouppteckningsinstrument

120 1044 92 27 följande
228 1044 282 27 omröstningsproposition:

190 1106 39 27 De,
245 1106 74 21 hvilka
340 1106 71 22 såsom
435 1106 217 28 kontraproposition
675 1108 45 20 mot
734 1107 113 21 utskottets
861 1106 83 27 förslag

120 1136 70 20 under
218 1135 105 21 rubriken
354 1135 344 27 »bouppteckningsinstrument»
725 1135 54 27 vilja
813 1137 82 25 antaga
917 1135 28 20 hr

125 1164 110 27 Wegelius”
250 1164 88 28 förslag,
354 1166 59 18 rösta
423 1164 41 27 ja;
480 1164 32 26 de,
528 1164 35 20 det
578 1164 44 20 icke
637 1164 61 27 vilja,
714 1166 59 18 rösta
788 1164 45 27 nej;

189 1192 79 21 vinner
283 1193 42 27 nej,
341 1193 42 20 har
398 1192 176 28 borgareståndet
589 1193 10 20 i
613 1192 81 21 sådant
709 1192 100 28 afseende
824 1192 122 28 föredragit

120 1221 26 21 hr
165 1220 88 22 Genetx
269 1222 89 26 förslag.

188 1284 42 20 Vid
246 1284 81 21 anstäld
344 1284 96 27 votering
457 1284 96 32 afgäfvos
575 1285 27 20 32
617 1284 21 27 ja
654 1284 39 20 och
709 1284 27 20 25
752 1284 41 27 nej,
808 1284 49 20 med
873 1283 73 21 anled-

120 1312 51 28 ning
191 1313 73 20 hvaraf
286 1313 93 27 följande
402 1313 273 27 omröstningsproposition
697 1312 66 21 erhöll
787 1311 158 22 nedanstäende

120 1341 92 26 lydelse:

189 1404 38 26 De,
243 1404 74 20 hvilka
330 1404 118 27 godkänna
462 1404 113 20 utskottets
590 1404 83 27 förslag
689 1404 71 20 under
774 1403 105 21 rubriken
893 1403 50 21 »bo-

119 1432 306 28 uppteckningsinstrument»
444 1433 151 27 oförändradt,
610 1434 60 19 rösta
679 1432 40 28 ja;
736 1432 31 27 de,
779 1432 34 21 det
825 1432 45 20 icke
883 1434 62 25 göra,

119 1462 59 20 rösta
193 1461 45 27 nej;

189 1489 80 21 vinner
283 1489 43 27 nej,
342 1489 42 21 har
399 1489 176 27 borgareständet
589 1489 89 27 förenat
692 1490 34 26 sig
741 1496 35 14 om
791 1489 27 21 hr
853 1488 93 28 Wegelius”

119 1517 89 28 förslag.
