1142 1773
221 127 55 21 1470
430 133 177 21 Borgareståndet
621 134 56 16 1894.
702 134 27 16 28
741 133 48 20 maj.

193 214 39 20 och
254 213 7 21 i
282 214 39 20 och
335 213 49 21 med
400 214 117 20 detsamma
532 213 63 21 äfven
610 213 6 21 i
633 213 122 21 hufvudsak
770 212 113 28 godkänna
899 212 122 26 detsamma,

192 244 51 19 utan
270 244 29 19 att
326 242 174 28 borgareståndet
526 242 65 21 måtte
607 242 94 21 förkasta
716 241 102 27 förslaget
833 243 54 19 samt
902 241 67 21 tillika
984 248 37 13 an-

192 270 58 21 hålla
273 277 33 14 om
323 271 128 27 proposition
467 270 32 21 till
514 272 61 19 nästa
589 270 102 27 landtdag
707 277 34 14 om
757 270 103 20 utsträckt
875 270 146 25 ansvarsskyl-

193 299 74 27 dighet
282 300 32 20 för
329 299 165 27 arbetsgifvaren
510 301 109 25 gentemot
634 299 26 21 de
676 298 118 28 olycksfall,
810 305 45 14 som
871 298 73 21 kunna
959 297 62 21 träffa

192 328 54 20 hans
262 328 94 21 arbetare
371 328 7 20 i
393 328 72 26 yrkets
481 328 120 20 utöfvande.

262 384 33 21 Hr
310 384 153 22 Kullhem:
480 384 60 22 Flere
556 385 65 21 talare
637 385 27 20 ha
679 384 98 21 hänvisat
791 384 32 21 till
839 384 26 21 de
881 383 140 28 sifferuppgif-

193 415 37 25 ter,
246 420 46 14 som
314 413 69 21 finnas
405 413 27 28 pä
453 414 77 26 pagina
547 414 24 20 17
588 414 39 20 och
644 414 26 20 18
686 413 21 21 af
722 412 149 28 betänkandet,
887 413 38 20 där
939 414 29 20 ett
982 412 38 20 fall

193 442 100 21 relateras
315 442 47 21 frän
385 448 26 15 en
434 442 68 21 fabrik
524 442 37 21 här
582 442 7 21 i
605 442 78 27 landet,
699 442 66 27 enligt
781 441 79 22 hvilket
875 441 109 21 resultatet
999 440 22 21 af

194 477 25 14 en
237 471 91 21 inrättad
344 471 303 26 olvcksfallsförsäkringsfond
664 471 78 20 utfallit
757 471 86 26 mycket
857 470 163 27 fördelaktigare

194 499 33 21 för
248 499 75 21 firman
345 502 27 18 än
394 500 59 21 fallet
469 500 69 20 skulle
553 499 63 21 hafva
631 500 59 25 varit,
706 506 34 14 om
756 499 242 26 olycksfallsförsäkring
1012 498 8 21 i

193 530 30 19 ett
244 528 68 27 privat
334 528 62 27 bolag
416 529 54 20 hade
493 529 88 20 kommit
603 528 32 21 till
658 528 67 21 ständ.
755 527 34 21 En
811 527 65 21 talare
896 527 39 21 har
949 529 71 19 senast

194 558 46 25 sagt
258 559 30 18 att
303 557 60 20 dessa
379 557 68 20 siffror
462 559 36 18 äro
514 557 21 20 af
550 557 41 20 den
607 559 75 18 största
698 557 110 26 betydelse
823 556 32 21 för
870 556 79 27 frägan.
978 555 42 27 Jag

194 585 11 20 å
228 585 44 20 min
295 585 45 21 sida
362 585 40 21 kan
418 586 46 20 icke
480 585 88 21 tillmäta
584 585 61 21 dessa
660 585 68 20 siffror
743 585 42 21 den
801 585 51 20 allra
867 585 78 20 minsta
960 584 59 27 bety-

194 613 63 22 delse.
288 613 41 22 Det
351 616 23 19 är
396 614 104 27 själffallet
522 616 30 19 att
571 614 111 27 olycksfall
698 614 47 21 icke
760 613 83 21 inträffa
858 613 32 21 till
905 613 42 20 lika
963 613 56 20 antal

193 643 39 20 och
254 643 50 20 med
327 643 42 20 lika
391 643 88 26 alvarlig
500 643 78 27 päföljä
603 643 68 20 under
693 642 41 21 alla
757 643 28 20 är.
815 642 96 21 Tvärtom
928 642 40 20 kan
984 641 36 21 det

192 671 70 20 under
276 673 30 18 ett
321 671 23 20 är
358 671 52 21 eller
426 671 67 21 under
508 678 26 14 en
550 671 51 27 följd
618 671 21 20 af
654 671 23 20 är
691 671 84 21 inträffa
790 673 30 18 att
835 671 75 20 endast
925 672 29 19 ett
969 670 50 21 fätal

193 699 111 26 olycksfall
327 700 21 20 af
372 700 108 27 obetydlig
502 702 32 19 art
555 700 136 26 förekomma,
706 700 78 20 medan
800 699 69 21 under
884 705 27 15 en
926 699 93 26 följande

192 728 73 27 period
290 730 28 19 ett
341 728 87 21 alldeles
448 730 86 19 motsatt
556 729 131 20 förhällande
710 728 41 21 kan
771 735 37 20 ega
825 735 53 13 rum.
909 727 72 21 Skulle
996 727 23 20 sä

192 756 46 21 icke
261 763 49 14 vara
325 757 65 26 fallet,
405 757 23 20 sä
443 764 49 14 vore
509 757 270 26 olycksfallsförsäkringen
793 757 23 26 ju
833 756 87 21 alldeles
936 755 83 28 onödig.

192 785 78 20 Härtill
286 785 96 22 kommer
396 788 58 18 ännu
470 788 29 19 att
515 786 30 20 uti
562 786 60 20 dessa
638 785 65 28 ärliga
719 785 216 27 utbetalningsposter
951 784 12 21 ä
978 784 41 21 986

192 814 60 20 mark
276 815 25 19 71
318 815 64 26 penni
398 815 84 26 mycket
497 815 35 20 väl
547 815 72 20 kunna
635 814 55 27 ingå,
706 815 38 20 och
759 815 37 26 jag
811 816 87 25 antager
913 815 61 19 äfven
990 815 30 18 att

192 842 23 20 sä
237 844 23 19 är
276 842 63 24 fallet,
358 843 206 20 invaliditetsräntor.
595 843 44 20 Och
655 843 32 20 för
702 845 30 18 att
747 842 102 27 kalkylen
864 842 54 21 skall
932 841 88 21 framstä

191 871 7 20 i
214 871 36 21 sitt
266 873 54 19 rätta
334 871 42 27 ljus
389 871 64 21 borde
470 871 60 21 dessa
545 873 72 19 räntor
632 871 145 27 kapitaliseras
793 871 40 21 och
843 871 123 27 frändragas
977 870 42 21 den

193 899 127 28 behällning,
330 907 46 13 som
389 907 29 14 nu
434 900 87 28 pävisas.
546 900 41 28 Jag
602 903 43 18 tror
661 902 30 19 att
705 900 110 21 resultatet
831 900 26 20 dä
872 899 68 21 skulle
954 899 66 20 blifva

192 930 30 18 ett
237 930 70 19 annat.

260 985 33 21 Hr
313 985 155 28 Nybergh:
492 985 74 21 Ehuru
589 986 41 20 den
654 985 107 21 allmänna
784 985 149 21 diskussionen
953 984 65 21 redan

191 1013 69 27 dragit
282 1014 58 27 längt
355 1016 23 19 ut
392 1014 27 27 pä
434 1014 57 21 tiden
508 1014 39 20 och
561 1014 35 27 jag
611 1016 44 18 tror
670 1016 30 18 att
715 1014 26 20 de
756 1014 61 20 flesta
832 1014 63 20 hafva
911 1013 60 21 fattat
986 1014 32 19 sin

191 1042 87 27 mening
300 1042 7 20 i
330 1042 71 27 saken,
424 1043 38 21 ber
482 1043 36 27 jag
540 1044 57 19 ännu
619 1044 30 19 att
670 1042 21 21 fä
707 1044 93 26 upptaga
815 1042 94 20 ständets
925 1041 30 21 tid
970 1041 49 21 med

191 1070 66 27 nägra
280 1071 43 26 ord,
346 1071 54 21 hälst
421 1072 36 26 jag
479 1071 54 21 dock
556 1073 43 19 tror
613 1073 30 19 att
659 1071 69 21 denna
744 1070 118 22 tidsförlust
877 1070 96 21 kommer
987 1070 32 20 till

191 1099 54 25 godo
262 1099 35 21 vid
313 1099 236 27 specialbehandlingen
564 1100 21 20 af
601 1100 12 26 $
629 1100 19 24 4,
662 1106 45 14 som
721 1099 66 27 gäller
797 1098 222 28 försäkringstvänget.

190 1127 33 21 Hr
245 1127 95 22 Jusölius
362 1128 83 26 yttrade
468 1130 30 19 att
520 1128 41 20 han
577 1135 38 13 var
629 1130 58 19 emot
702 1127 219 27 försäkringstvänget
935 1127 61 21 äfven
1012 1127 7 20 i

191 1156 41 20 den
245 1156 54 21 form
317 1156 101 21 utskottet
432 1156 89 22 föreslär
536 1156 122 26 detsamma,
673 1156 90 21 emedan
779 1156 42 20 han
837 1156 45 20 däri
898 1155 37 27 säg
948 1157 29 19 ett
987 1156 32 20 frö

191 1184 31 20 till
246 1191 27 14 en
296 1185 29 21 alt
347 1191 45 15 mer
414 1185 102 21 utsträckt
535 1185 124 27 försäkring.
689 1185 41 20 För
744 1184 44 21 min
805 1184 34 21 del
855 1190 34 15 ser
903 1184 36 27 jag
954 1184 65 20 saken

190 1212 66 27 nägot
270 1213 140 27 annorlunda,
424 1214 36 26 jag
475 1220 33 14 ser
522 1214 55 20 fröet
592 1214 64 20 redan
673 1214 44 20 däri
733 1215 30 19 att
779 1219 48 14 man
843 1212 89 22 föreslär
947 1218 26 14 en
987 1215 32 17 ut-

190 1241 80 21 sträckt
290 1242 134 27 ansvarighet
446 1242 47 20 frän
516 1242 177 26 arbetsgifvarens
716 1242 45 20 sida
784 1242 33 20 för
839 1240 118 28 olycksfall,
973 1247 46 14 som

191 1270 81 20 drabba
294 1270 123 21 arbetarene
433 1271 6 19 i
455 1271 85 20 arbetet.
571 1270 50 21 Man
636 1271 38 20 har
688 1270 8 20 i
711 1270 58 21 detta
785 1270 100 20 afseende
898 1276 26 14 en
940 1269 79 27 ganska

190 1298 86 21 talande
292 1299 120 21 erfarenhet
426 1299 46 21 frän
488 1299 26 21 de
529 1299 79 26 länder,
625 1299 37 20 där
677 1299 65 21 sedan
758 1304 27 15 en
801 1298 73 27 längre
889 1298 30 20 tid
933 1298 87 20 tillbaka

190 1332 27 15 en
238 1327 37 27 lag
296 1328 66 20 redan
385 1328 81 20 funnits
482 1334 35 14 om
532 1328 103 20 utsträckt
650 1328 135 25 ansvarighet
800 1327 26 27 pä
842 1326 178 26 arbetsgifvarens

190 1355 46 21 sida
256 1356 33 20 för
304 1356 62 20 dessa
382 1356 116 26 olycksfall.
528 1356 11 20 I
554 1356 107 26 Tyskland
677 1355 127 21 emanerade
820 1356 41 20 den
877 1355 66 21 första
957 1354 62 28 lagen

190 1390 34 14 om
248 1390 28 14 en
292 1384 59 26 dylik
366 1385 103 20 utsträckt
483 1385 134 27 ansvarighet
633 1384 22 20 är
671 1384 61 21 1871.
762 1384 61 20 Efter
838 1386 77 18 tretton
931 1383 32 21 ärs
978 1383 42 21 för-

188 1412 50 27 lopp
262 1412 55 21 hade
339 1419 51 14 man
412 1413 88 21 kommit
523 1413 31 20 till
575 1413 66 20 insikt
655 1420 35 13 om
706 1415 29 18 att
751 1412 36 21 det
802 1412 101 26 tillständ,
918 1412 7 20 i
941 1412 80 20 hvilket

189 1440 63 27 lagen
269 1440 27 21 dä
311 1441 73 27 bragte
399 1441 141 21 förhällandet
554 1441 79 21 mellan
648 1441 152 27 arbetsgifvare
816 1441 39 20 och
871 1440 102 26 arbetare,
983 1446 38 14 var

190 1468 23 21 sä
234 1476 49 20 pass
306 1470 83 26 olidligt
404 1472 30 18 att
448 1470 117 27 nägonting
580 1470 66 20 mäste
662 1470 21 20 af
697 1470 162 26 lagstiftningen
874 1469 95 27 tillgöras
988 1468 33 20 för

190 1499 30 19 att
240 1497 148 22 ästadkomma
410 1500 30 19 ett
455 1500 64 19 annat
534 1498 91 27 sakläge.
655 1498 62 20 Detta
733 1498 88 27 olidliga
835 1497 95 21 tillständ
947 1496 73 21 bestod

190 1526 45 20 däri
258 1528 36 26 att,
317 1526 65 22 sedan
405 1534 50 14 man
476 1528 7 19 i
506 1527 58 27 fräga
587 1533 34 14 om
645 1526 111 27 olycksfall
771 1527 8 20 i
794 1526 81 21 arbetet
889 1525 56 21 hade
960 1525 61 27 gifvit
