1142 1773
370 136 179 21 Borgareståndet
562 137 56 17 1894.
642 138 22 16 15
676 137 48 21 maj.

879 131 54 21 1093

136 216 55 21 hvad
210 223 30 13 nu
256 216 95 27 gällande
367 216 123 26 förordning
505 216 72 21 härom
593 216 90 27 stadgar.
712 216 51 20 Däri
779 218 60 25 säges
854 216 36 20 det
905 218 59 18 näm-

135 244 58 27 ligen
222 246 30 19 att
274 244 79 21 kronan
376 245 38 20 har
435 244 134 22 förmånsrätt
591 246 33 19 för
643 245 150 27 kartasigillata
809 244 85 21 medlen
914 250 49 14 men

136 273 48 21 icke
199 273 33 21 för
246 273 96 21 förrådet.
373 273 41 27 Jag
428 273 90 21 föreslår
532 275 30 19 att
576 274 124 26 paragrafen
717 274 108 20 uteslutes.

205 335 33 21 Hr
256 335 174 21 Dahlström:
461 336 41 27 Jag
524 336 38 21 har
576 336 67 20 delvis
659 336 69 20 blifvit
743 336 144 20 förekommen
904 335 21 21 af
939 335 26 20 hr

138 364 93 21 Castrén.
261 364 41 27 Jag
322 364 36 20 vill
378 364 53 21 dock
447 364 82 28 påpeka
544 367 29 18 att
589 365 35 20 det
639 365 43 27 just
697 372 38 13 var
749 365 8 19 i
773 364 54 27 syfte
843 366 29 19 att
887 364 21 20 få
923 364 40 20 den

137 399 15 14 s.
168 393 19 20 k.
203 394 56 25 tysta
274 393 161 21 förmänsrätten
451 393 109 27 aflägsnad
581 400 46 14 som
643 394 42 20 den
699 392 161 28 ifrågavarande
873 392 91 21 bestäm-

137 422 79 26 ningen
240 421 99 27 infördes,
362 422 39 20 och
424 422 66 27 ansäg
512 428 50 14 man
584 424 35 19 att,
635 422 28 20 dä
677 422 126 20 statsvärket
818 424 23 18 är
856 427 61 21 egare
933 420 32 22 till

137 450 187 27 stämpelförrädet,
340 450 35 21 det
390 450 46 21 icke
452 457 78 21 genom
546 450 56 21 detta
617 451 7 20 i
639 450 136 28 försäljarens
785 450 58 27 värjo
857 450 108 27 befintliga

136 479 71 20 förräd
223 479 38 20 bör
275 479 72 20 kunna
362 479 42 20 lida
420 479 68 27 nägon
505 479 81 27 förlust,
602 481 50 19 utan
666 481 23 19 är
701 479 36 21 det
747 486 76 21 genom
836 479 26 20 de
873 479 91 20 försälda

137 507 190 28 stämpelmärkena
350 514 26 15 en
399 508 65 21 sädan
487 508 77 21 förlust
583 508 102 27 möjligen
703 508 72 21 kunde
791 507 97 21 äsamkas
903 509 61 19 stats-

138 537 78 20 värket.
241 535 49 22 Men
306 537 46 20 icke
368 543 37 14 ens
421 537 57 20 detta
493 539 24 18 är
532 537 107 27 antagligt,
654 540 23 23 ty
693 537 66 20 kändt
773 539 23 18 är
811 538 30 20 att
855 536 21 21 af
891 536 74 21 veder-

137 564 94 21 börande
246 565 108 27 försäljare
370 565 139 28 ovilkorligen
526 565 104 21 erfordras
645 565 48 21 fullt
709 565 131 27 vederhäftig
854 565 86 27 borgen.

206 627 32 21 Hr
260 627 144 22 Jusölius:
434 628 34 21 Hr
491 627 86 22 Castrén
600 629 38 20 har
657 628 75 21 uttalat
747 628 29 21 alt
791 628 54 21 hvad
861 628 35 27 jag
910 627 55 20 hade

138 657 30 20 att
190 656 78 27 anföra,
291 657 39 20 och
351 657 37 20 ber
409 657 35 26 jag
466 657 33 20 för
522 657 40 20 den
586 657 56 20 skull
658 659 29 18 att
701 657 22 20 fä
738 657 73 20 förena
826 657 44 26 mig
885 663 34 14 om
935 657 31 19 att

138 685 70 20 denna
223 685 102 27 paragraf,
341 685 68 20 säsom
425 685 88 21 alldeles
529 685 110 28 obehöflig,
655 685 64 21 mätte
735 685 56 28 utgä.

204 747 34 21 Hr
253 747 127 22 Genetz:
410 748 41 27 Jag
467 749 33 20 för
515 749 43 20 min
574 749 34 20 del
624 749 68 20 skulle
708 748 45 21 åter
768 748 77 21 föreslå
855 750 30 19 att
895 747 70 21 denna

137 776 98 27 paragraf
254 777 68 20 skulle
338 779 87 18 ersättas
441 777 49 21 med
507 777 148 21 motsvarande
671 777 133 27 bestämning
819 777 7 20 i
841 775 125 28 propositio-

137 811 48 20 nen,
201 805 106 27 nämligen
324 805 12 27 &
352 806 32 20 22.

206 861 34 21 Hr
262 861 168 29 Stigzelius:
461 863 41 27 Jag
526 865 42 18 tror
583 865 30 18 att
628 863 113 21 utskottets
756 863 88 27 mening
859 862 38 20 har
912 861 55 21 varit

138 892 29 19 att
189 891 95 27 pointera
304 893 30 19 att
349 892 123 27 försäljaren
488 892 47 20 icke
551 892 37 20 har
603 892 92 20 handeln
711 892 69 20 säsom
796 892 32 20 sin
845 897 53 21 egen
913 892 52 18 utan

138 919 76 21 endast
229 919 37 21 har
282 920 41 20 den
338 920 7 20 i
361 920 136 21 kommission
515 921 38 20 och
569 920 70 21 därför
655 922 23 18 är
693 920 85 27 skyldig
793 922 30 19 att
838 920 71 20 lämna
923 918 44 22 till-

138 947 54 21 baka
207 948 186 27 stämpelförrädet.
420 949 165 27 Bestämningen
602 949 71 21 kunde
689 949 82 21 säledes
787 948 65 27 enligt
867 948 44 20 min
922 954 44 14 me-

137 976 52 27 ning
208 976 21 21 fä
244 976 90 28 kvarstä,
350 978 67 20 ehuru
433 978 136 20 förmänsrätt
584 978 124 27 visserligen
724 980 23 18 är
762 979 30 19 ett
807 977 64 27 nägot
886 976 81 27 olämp-

136 1004 39 28 ligt
190 1005 44 20 ord.

206 1062 32 20 Hr
262 1062 132 22 Castrén:
426 1063 39 21 Om
488 1064 113 20 utskottets
624 1064 63 20 afsikt
702 1064 38 20 har
755 1064 54 20 varit
824 1063 40 21 den
880 1068 45 15 som
941 1062 26 20 hr

138 1090 112 27 Stigzelius
271 1091 120 27 framhällit,
415 1092 81 21 hvilket
515 1093 35 26 jag
571 1092 54 21 dock
640 1093 47 21 icke
702 1095 41 23 vet,
759 1092 26 20 dä
799 1092 36 27 jag
849 1091 48 21 icke
912 1090 55 21 varit

137 1119 133 21 närvarande
292 1120 34 20 vid
351 1120 35 22 det
408 1121 161 27 sammanträde,
585 1121 38 20 där
637 1121 125 27 paragrafen
778 1119 149 27 behandlades,
943 1120 24 19 är

138 1147 36 21 det
195 1148 7 20 i
224 1148 73 27 hvarje
320 1149 100 21 händelse
442 1149 130 27 fullkomligt
590 1150 133 27 öfverflödigt
739 1151 30 19 att
783 1149 70 21 denna
868 1148 99 27 paragraf

138 1176 126 26 bibehälles;
281 1177 39 21 och
336 1178 116 21 bibehälles
467 1178 102 27 därjämte
585 1178 48 21 dess
649 1178 124 21 nuvarande
788 1176 145 28 formulering,
943 1176 24 21 sä

138 1206 23 19 är
176 1204 41 22 den
233 1205 154 28 otvifvelaktigt
402 1206 88 21 alldeles
506 1206 149 22 vilseledande.

206 1267 33 21 Hr
260 1268 140 22 Jusölius:
430 1269 40 21 Till
488 1269 56 21 hvad
560 1270 24 20 hr
599 1269 87 21 Castrén
702 1276 30 14 nu
747 1269 70 21 anfört
832 1268 37 20 vill
883 1268 36 27 jag
933 1269 33 25 yt-

138 1296 98 27 terligare
256 1297 81 27 päpeka
358 1299 29 19 att
407 1298 35 20 det
457 1298 34 20 väl
508 1298 67 27 aldrig
590 1298 60 21 torde
665 1298 82 21 inträffa
763 1300 29 19 att
807 1297 70 27 nägon
893 1296 74 21 försäl-

137 1324 45 27 jare
197 1325 65 27 köper
277 1326 177 27 stämpelmärken
470 1326 21 21 af
506 1326 81 21 kronan
603 1327 7 20 i
625 1327 41 20 fast
680 1326 96 28 räkning,
791 1326 41 21 och
846 1327 31 19 att
887 1324 36 22 det
934 1324 33 21 sä-

138 1352 58 22 ledes
215 1353 61 21 faller
291 1354 21 20 af
327 1354 32 28 sig
374 1354 56 28 själft
445 1356 31 20 att
490 1355 191 27 stämpelmärkena
696 1355 84 21 tillhöra
794 1355 87 20 kronan.
911 1352 55 22 Däi

138 1381 183 29 konkursstadgan
344 1383 127 21 hestämmes
494 1386 31 18 att
546 1384 55 20 hvad
623 1390 45 14 som
691 1384 39 20 hör
751 1390 70 14 annan
843 1382 33 22 till
893 1382 74 20 främst

138 1410 138 28 undantages,
295 1411 24 21 sä
336 1411 40 21 kan
392 1412 35 26 jag
441 1412 48 20 icke
506 1414 63 19 annat
584 1412 46 21 inse
645 1414 27 19 än
689 1414 30 19 att
733 1412 80 20 kronan
829 1411 38 21 bör
882 1410 21 21 fä
918 1413 49 25 taga

138 1438 47 22 bort
200 1438 46 22 sina
261 1440 183 28 stämpelmärken,
460 1440 46 21 ifall
522 1440 35 22 det
571 1440 38 28 gär
623 1440 26 28 pä
664 1440 36 22 tok
715 1440 49 22 med
779 1440 130 27 försäljaren.

207 1500 33 22 Hr
254 1500 178 24 Liukkonen:
456 1503 112 27 Pyytäisin
583 1503 144 25 huomauttaa,
743 1504 42 20 että
799 1502 88 22 kaikilta
902 1502 65 20 kruu-

138 1536 45 14 nun
205 1529 161 23 kantomiehiltä
388 1531 112 21 vaaditaan
524 1532 96 20 takausta
640 1532 21 27 ja
683 1531 101 21 sittenkin
807 1538 28 14 on
851 1530 116 21 kruunulla
