1142 1773
225 130 41 21 994
432 137 179 21 Borgareständet
624 138 57 17 1894.
705 138 12 16 9
730 138 48 20 maj.

197 217 29 19 att
248 216 41 21 den
304 216 43 21 stär
361 216 69 21 under
445 217 95 27 offentlig
555 217 98 27 kontroll,
668 224 50 14 men
734 218 35 20 det
784 217 43 21 stär
842 218 79 20 enhvar
936 218 44 20 fritt
995 219 30 19 att

196 244 59 28 börja
278 244 140 22 bankrörelse.
449 245 103 21 Särskildt
573 248 24 18 är
612 246 169 21 bankirrörelsen
798 252 26 14 en
841 246 26 20 fri
882 246 81 27 näring,
979 252 46 14 som

195 273 47 21 icke
258 273 43 21 stär
316 274 68 20 under
400 274 68 27 nägon
484 274 98 21 kontroll.
613 274 41 28 Jag
669 276 44 19 tror
727 274 78 28 jämväl
821 276 30 19 att
867 275 26 20 de
909 275 115 21 aktionärs-

195 302 111 27 intressen,
330 308 45 15 som
398 303 25 20 hr
437 302 77 28 Elving
530 303 23 20 sä
568 303 67 21 starkt
649 303 93 27 betonat,
757 303 42 21 tala
814 303 121 27 tillräckligt
947 304 33 20 för
995 305 30 19 att

195 330 48 21 med
268 331 41 20 den
330 331 138 27 konkurrens,
491 338 45 14 som
559 332 66 20 redan
646 332 70 20 finnes
737 332 40 21 och
792 338 45 14 som
853 332 107 20 sannolikt
975 332 48 20 med

195 359 58 21 tiden
270 359 40 21 blir
325 360 29 20 alt
368 361 66 19 större
450 360 78 20 mellan
543 360 184 27 privatbankerna,
743 360 35 22 det
793 360 54 21 skall
857 360 57 28 ligga
929 361 6 20 i
951 360 73 26 dessas

194 388 91 20 intresse
308 390 29 20 att
359 388 47 21 icke
428 388 55 21 hälla
498 390 132 20 räntesatsen
646 389 65 27 högre
727 391 27 19 än
769 389 160 21 förhällandena
944 389 79 27 kräfva,

195 418 23 24 ty
240 416 35 21 det
297 416 85 28 främjar
397 417 47 21 icke
459 417 206 21 aktionärsintresset
681 419 30 19 att
725 418 57 27 ligga
797 418 48 20 med
861 424 26 14 en
904 420 43 19 stor
962 418 61 20 kassa

195 445 6 20 i
217 444 70 22 stället
308 445 33 21 för
364 447 29 20 att
414 446 49 21 läna
485 448 23 19 ut
531 446 46 21 sina
598 446 75 27 medel,
689 452 35 15 om
740 447 35 20 det
791 446 63 21 ocksä
869 446 48 21 sker
931 446 31 21 till
977 446 47 22 litet

194 473 58 28 lägre
275 476 65 19 ränta.
370 474 104 27 Slutligen
497 475 37 20 ber
556 475 41 27 jag,
620 475 26 21 dä
668 482 49 14 man
739 475 124 27 framdragit
877 475 146 27 privatbanks-

193 502 105 27 intresset,
314 505 30 18 att
358 503 21 20 fä
394 505 78 19 nämna
494 505 30 20 att
539 510 80 14 samma
635 504 60 26 äsikt,
711 510 45 15 som
771 505 36 26 jag
822 504 35 21 vid
874 504 70 21 denna
954 504 68 21 landt-

195 531 40 27 dag
258 531 112 21 framställt
391 532 89 21 rörande
504 532 41 21 den
566 533 73 26 politik
654 532 102 21 Finlands
773 533 55 20 bank
844 533 37 20 bör
897 533 56 27 följa,
969 535 53 18 utta-

193 559 49 22 lade
264 560 36 27 jag
322 560 63 21 redan
409 561 23 20 är
448 561 54 20 1888
518 561 47 20 kort
580 561 53 21 efter
649 561 36 21 det
699 561 102 21 Finlands
817 561 55 21 bank
889 561 85 28 började
990 563 33 19 ut-

194 588 83 21 sträcka
298 589 32 20 sin
350 589 127 21 länerörelse
492 590 39 20 och
546 589 51 22 flere
613 590 23 20 är
651 590 66 21 innan
732 591 35 26 jag
783 590 44 21 blef
841 590 181 27 privatbankman.

263 662 33 21 Hr
310 662 111 28 Elving:
451 663 33 21 Hr
505 663 89 22 Heikels
609 664 51 21 sista
675 664 37 21 ord
729 664 56 27 gifva
801 665 44 26 mig
860 665 115 26 anledning
990 665 32 20 till

194 691 42 20 den
252 691 116 28 förklaring
384 694 30 19 att
428 693 47 20 mitt
490 693 97 26 yttrande
603 693 31 20 als
649 693 47 20 icke
711 693 44 27 gält
769 693 26 20 hr
806 692 77 22 Heikel
894 695 51 19 utan
956 693 65 21 saken

192 720 7 20 i
215 719 120 22 allmänhet.
365 720 100 21 Hvarken
488 721 8 20 i
515 721 58 20 mina
589 721 37 21 ord
642 721 18 27 ej
677 721 67 21 häller
759 722 6 20 i
781 722 48 20 mitt
843 722 68 26 hjärta
934 722 38 20 har
986 722 35 27 jag

192 748 114 21 betecknat
320 749 177 27 privatbankerna
512 749 70 21 såsom
597 750 107 27 glupande
721 750 74 27 ulfvar,
806 750 71 21 hvilka
887 750 27 27 gå
925 751 97 26 omkring

193 777 40 20 och
248 777 52 20 söka
314 778 62 20 hvem
393 778 25 20 de
434 778 105 27 uppsluka
554 778 82 21 mände.
663 778 51 21 Men
729 779 35 26 jag
781 779 106 20 betraktar
901 779 120 27 privatban-

192 805 66 21 kerna
282 805 68 21 såsom
372 806 148 28 affärsföretag,
544 807 37 20 där
603 813 49 14 man
671 809 65 25 gärna
751 813 34 15 ser
800 809 29 19 att
844 808 82 20 vinsten
943 807 40 21 blir
998 808 23 20 sä

193 836 48 25 stor,
250 841 47 14 som
312 835 41 20 den
369 835 152 28 anständigtvis
537 835 40 21 kan
594 835 71 27 blifva,
681 836 39 20 och
736 836 62 21 dessa
813 835 85 22 affärers
913 836 108 21 räntabili-

192 864 30 19 tet
244 863 62 20 beror
328 863 26 27 pä
374 863 106 22 storleken
496 864 20 21 af
532 864 41 21 den
589 871 78 21 marge,
683 871 45 14 som
744 865 103 20 existerar
862 865 90 20 emellan
968 865 52 20 inlä-

192 892 72 27 nings-
288 892 39 20 och
350 892 188 27 utläningsräntan,
561 893 84 21 hvarför
668 893 105 27 själffallet
796 900 26 14 en
849 894 90 20 tendens
953 893 67 21 måste

192 921 50 26 göra
266 920 32 27 sig
320 920 98 28 gällande
440 923 31 19 att
492 922 21 20 fä
528 921 181 27 inläningsräntan
725 922 41 21 ned
783 922 39 20 och
839 922 182 27 utläningsräntan

191 955 49 21 upp.
270 948 41 22 För
334 950 62 26 öfrigt
418 952 44 19 tror
483 950 35 27 jag
540 952 29 19 att
583 951 36 27 jag
634 950 47 21 icke
697 952 22 18 är
735 957 73 14 ensam
825 957 33 14 om
873 950 40 21 den
930 950 91 28 uppfatt-

191 978 80 26 ningen
294 979 29 19 att
345 978 40 20 den
410 978 60 21 svåra
492 979 58 21 tiden
573 979 46 21 icke
643 979 72 27 vidtog
738 979 23 20 år
784 979 61 27 1891,
866 979 71 21 därom
953 980 68 20 vittna

191 1006 144 26 mångfaldiga
350 1006 124 22 uttalanden
490 1007 35 21 vid
542 1008 54 20 1891
613 1007 33 21 års
662 1008 106 26 landtdag.
791 1008 39 20 Att
840 1008 41 20 den
892 1008 61 20 svåra
963 1008 57 20 tiden

190 1034 47 21 icke
260 1034 108 28 upphörde
392 1035 22 21 så
430 1038 58 18 snart
504 1042 46 14 som
565 1042 48 14 man
630 1036 72 20 tänkte
717 1036 32 27 sig
765 1043 37 13 var
817 1036 123 27 visserligen
955 1036 65 21 fallet.

190 1062 42 28 Jag
254 1064 44 20 tror
321 1063 63 21 också
399 1065 30 19 att
443 1070 49 15 man
508 1064 7 20 i
531 1064 57 21 detta
603 1064 100 22 afseende
719 1072 38 14 var
771 1064 65 28 något
851 1065 32 20 för
898 1065 122 27 sangvinisk

191 1092 39 20 och
252 1092 121 20 förhastade
394 1092 32 28 sig
441 1093 7 19 i
464 1093 32 20 sin
512 1093 135 27 uppfattning
662 1094 35 20 vid
714 1094 54 20 1891
785 1093 34 21 års
834 1093 106 27 landtdag.
969 1093 51 21 Men

190 1120 35 26 jag
240 1120 38 20 vill
294 1120 53 21 dock
363 1121 70 21 erinra
448 1128 34 14 om
498 1124 30 18 att
543 1122 75 20 efteråt
633 1122 180 27 omständigheter
824 1122 115 27 inträffade,
951 1122 69 21 såsom

190 1148 105 22 missväxt
310 1149 40 21 och
366 1149 73 28 dylikt,
456 1150 71 20 hvilka
542 1150 47 21 icke
605 1150 72 21 kunde
692 1150 91 21 förutses
799 1150 22 20 år
837 1150 61 22 1891.

258 1216 34 21 Hr
306 1216 118 22 Heikel:
450 1218 41 21 Det
506 1220 23 18 är
543 1218 24 27 ju
582 1218 87 21 alldeles
685 1218 126 28 uppenbart,
827 1218 68 21 såsom
906 1218 25 21 hr
942 1218 78 27 Elving

190 1247 66 25 säger,
280 1247 30 19 att
334 1252 26 14 en
383 1248 44 19 stor
442 1246 82 21 skilnad
542 1246 92 22 emellan
648 1246 117 28 inlånings-
781 1247 39 21 oeh
837 1247 181 27 utlåningsräntan

188 1273 70 28 ligger
272 1274 8 20 i
294 1274 188 27 privatbankernas
497 1275 96 21 intresse.
623 1275 49 21 Men
690 1276 36 26 jag
741 1278 44 18 tror
799 1277 30 19 att
844 1276 25 20 hr
883 1275 78 27 Elving
975 1276 44 20 må-

190 1304 32 19 ste
237 1302 95 21 erkänna
347 1305 30 19 att
392 1303 67 21 likaså
474 1310 26 14 en
516 1306 44 18 stor
575 1304 83 20 skilnad
675 1304 91 21 emellan
782 1304 85 27 inköps-
883 1304 39 21 och
937 1304 82 27 försälj-

188 1331 108 27 ningspris
311 1331 67 27 ligger
392 1332 8 20 i
415 1332 72 27 hvarje
502 1332 102 27 köpmans
619 1332 95 21 intresse.
745 1332 50 21 Men
811 1332 35 21 det
861 1332 43 21 står
919 1332 42 21 lika
973 1332 47 21 litet

188 1359 7 20 i
210 1360 190 26 privatbankernas
415 1366 46 15 som
476 1361 7 19 i
498 1360 42 21 den
552 1361 95 21 enskilde
657 1361 168 21 affärsmannens
835 1361 58 21 makt
905 1363 30 19 att
946 1361 73 21 kunna

188 1387 118 21 bestämma
329 1388 70 21 denna
424 1389 104 27 differens,
551 1391 51 19 utan
625 1389 42 21 den
690 1390 61 20 beror
766 1389 27 27 på
809 1390 141 20 marknadens
965 1390 53 26 läge.

187 1416 30 20 Af
239 1422 82 15 samma
343 1417 51 27 skäl,
417 1424 46 14 som
485 1424 50 14 man
552 1418 63 26 yrkat
629 1418 27 25 på
671 1424 25 14 en
713 1418 110 20 statsbank
845 1418 33 20 för
893 1420 29 18 att
937 1418 81 27 reglera

188 1446 139 26 räntesatsen,
342 1445 65 21 borde
422 1452 50 14 man
487 1446 53 26 yrka
555 1446 27 27 på
597 1448 30 19 att
642 1448 67 19 staten
727 1446 38 21 bör
780 1446 95 21 bedrifva
886 1448 12 19 t.
910 1453 33 14 ex.
956 1452 62 21 span-

187 1472 133 22 målshandel
341 1474 52 20 eller
414 1474 75 21 handel
519 1475 48 20 med
583 1475 83 21 diverse
682 1475 65 21 andra
763 1475 256 27 nödvändighetsartiklar

186 1501 34 21 för
235 1504 30 18 att
281 1502 89 21 sålunda
385 1502 55 21 hålla
456 1503 64 27 priset
535 1503 44 27 lågt
594 1503 39 21 och
648 1504 33 20 för
696 1506 29 18 att
740 1504 47 20 icke
800 1503 66 21 tillåta
877 1504 36 20 det
923 1503 95 21 enskilda

186 1530 101 21 intresset
302 1532 50 25 göra
368 1531 32 27 sig
416 1532 102 26 gällande.
