1142 1773
384 130 180 20 Borgareständet
577 131 58 16 1894.
659 132 28 16 24
699 131 48 20 maj.
891 126 54 20 1381

149 210 274 26 fullmäktiginstitutionen,
447 216 45 14 som
516 211 36 26 jag
573 210 33 21 för
627 211 43 19 min
687 210 35 21 del
737 217 62 14 anser
816 218 49 13 vara
879 211 7 19 i
901 211 74 27 högsta

149 239 51 27 grad
224 238 104 21 önskvärd
352 239 39 20 och
414 245 44 14 som
483 239 35 20 väl
534 239 63 21 också
613 239 174 25 borgareståndet
801 239 33 21 för
849 239 32 20 sin
897 239 34 21 del
947 240 28 20 alt

150 267 178 27 fortsättningsvis
344 267 49 21 ville
408 267 65 21 hafva
488 268 131 26 genomförd.
649 267 41 21 Det
706 270 23 18 är
744 268 67 27 enligt
825 268 44 20 min
885 269 90 25 uppfatt-

150 296 52 26 ning
224 302 26 14 en
274 296 102 26 väsentlig
399 296 83 20 skilnad
506 296 91 20 emellan
621 296 131 25 uttalanden,
776 303 45 14 som
844 296 89 27 afgifvas
954 296 22 20 af

151 326 98 24 experter
264 327 50 17 utan
331 325 140 26 ansvarighet,
493 324 40 21 och
548 325 26 20 de
590 326 54 26 vota,
665 332 45 14 som
727 325 6 20 i
749 325 33 21 för
797 325 83 21 banken
897 324 78 28 viktiga

150 352 71 26 frågor
236 352 68 21 skulle
319 353 85 20 komma
420 355 29 19 att
464 353 90 27 afgifvas
570 354 21 20 af
605 360 107 20 personer,
728 354 72 20 hvilka
815 356 50 23 göra
881 354 56 20 detta
952 354 23 20 så

151 383 29 18 att
195 382 49 26 säga
260 387 27 14 ex
303 381 68 21 officio
388 382 37 20 och
442 382 70 20 under
527 382 74 20 känsla
616 382 21 20 af
652 382 141 27 ansvarighet,
809 382 62 20 äfven
884 389 34 14 om
929 388 46 21 per-

150 416 91 14 sonerna
256 410 32 20 för
303 410 63 26 öfrigt
380 417 50 14 vore
446 410 89 21 alldeles
550 410 42 21 lika
607 410 153 22 kvalifiserade.
791 410 42 22 Det
847 411 68 27 ligger
929 410 46 21 icke

152 437 115 28 någorting
289 438 158 28 förolämpande
463 439 7 20 i
486 446 27 14 en
537 438 65 22 sådan
625 440 69 20 tanke.
725 439 42 21 Det
790 441 23 19 är
827 440 23 27 ju
865 440 111 27 ingenting

152 469 64 18 annat
231 469 26 18 än
273 467 43 21 helt
331 468 107 27 naturligt.
468 468 42 27 Jag
525 468 38 21 ber
578 468 70 21 därför
663 470 30 19 att
708 468 22 21 få
745 469 94 26 afstyrka
857 470 30 19 ett
901 469 75 20 sådant

151 495 83 28 förslag.

220 552 32 21 Hr
273 559 51 14 von
346 553 108 21 Pfaler:
486 553 42 28 Jag
550 553 68 21 skulle
641 553 26 21 be
683 555 30 20 att
728 554 21 20 få
765 554 104 26 tillstyrka
885 554 92 26 godkän-

152 581 69 20 nande
244 581 21 21 af
286 581 26 20 hr
332 581 88 21 Heikels
441 582 85 27 förslag.
556 581 41 22 Det
618 589 64 20 synes
697 583 44 26 mig
757 585 30 18 att
802 583 26 20 de
845 583 132 26 synpunkter

152 610 112 21 ständerna
286 610 35 20 vid
344 611 126 26 föregående
495 611 125 27 landtdagar
643 611 55 20 velat
719 611 112 27 tillgodose
853 617 76 21 genom
945 613 32 18 ut-

152 639 78 20 seende
246 639 20 20 af
280 639 112 20 förstärkta
407 639 191 27 bankfullmäktige
610 639 127 21 åtminstone
748 640 7 20 i
766 640 69 27 någon
846 640 49 20 mån
905 640 72 20 kunde

152 667 64 20 vinna
232 667 98 21 afseende
346 674 76 20 genom
439 674 26 14 en
482 668 134 27 bestämning
631 675 34 14 om
682 668 73 27 dylika
770 670 103 25 experter.
903 668 42 21 Det
955 670 23 19 är

152 696 22 26 ju
191 696 117 27 uppenbart
331 699 29 18 att
383 696 53 21 dock
460 699 30 18 ett
512 699 66 18 större
601 697 103 20 samband
720 697 90 20 emellan
827 697 150 20 affärsvärlden

152 725 40 20 och
206 724 102 27 styrelsen
328 725 27 22 af
370 725 102 20 Finlands
488 725 56 20 bank
560 725 41 21 kan
621 732 39 20 ega
676 732 53 20 rum,
746 726 26 20 dä
787 726 190 26 bankfullmäktige

152 755 64 18 sättas
231 753 7 20 i
253 753 82 21 tillfälle
356 756 30 18 att
401 754 51 20 höra
473 754 96 21 enskilda
590 761 102 20 personer
706 755 7 19 i
729 754 84 21 banken
829 755 89 20 rörande
933 755 45 19 vik-

152 781 43 27 tiga
210 781 181 27 angelägenheter.
422 782 30 21 På
467 783 69 26 grund
558 783 59 20 häraf
638 783 39 20 och
693 783 27 20 då
735 783 35 27 jag
785 783 46 20 icke
855 783 66 20 häller
936 783 41 20 kan

152 809 58 21 finna
226 812 30 18 att
271 810 41 21 den
328 817 27 14 nu
373 810 145 28 föreliggande
533 811 157 21 instruktionen
706 811 69 21 skulle
791 812 68 20 direkt
871 811 107 28 medgifva

152 838 140 21 tillkallandet
315 839 21 20 af
351 839 71 26 dylika
446 841 104 26 experter,
566 840 55 21 hälst
637 840 12 26 $
664 840 20 27 4,
699 847 47 14 som
761 840 86 27 stadgar
862 847 33 14 om
913 840 64 21 bank-

154 867 144 27 fullmäktiges
320 868 204 28 förtegenhetsplikt,
540 875 63 20 synes
614 869 43 26 mig
673 869 58 27 gifva
746 869 46 21 stöd
808 869 33 21 för
851 869 127 27 antagandet

153 898 30 18 att
208 896 199 28 bankfullmäktiges
432 898 173 20 sammanträden
630 898 47 20 icke
701 898 22 20 af
747 898 65 20 andra
835 904 101 21 personer
957 898 22 20 få

153 924 126 28 Ofvervaras,
302 925 68 21 skulle
392 926 35 26 jag
449 926 33 20 för
498 926 44 20 min
558 926 34 21 del
608 926 26 21 be
650 928 30 19 att
694 926 21 20 få
731 926 105 27 tillstyrka
851 926 25 20 hr
890 926 88 21 Heikels

153 953 83 27 förslag.

221 1010 32 21 Hr
268 1010 138 21 Neovius:
437 1011 45 27 Mig
497 1018 65 20 synes
577 1014 30 18 att
623 1012 25 20 de
664 1012 77 20 ställen
756 1012 6 20 i
778 1012 112 20 utskottets
905 1012 74 20 betän-

153 1039 75 26 kande,
244 1039 71 21 hvilka
330 1040 25 20 hr
370 1040 77 20 Heikel
463 1040 90 27 uppläst,
575 1042 35 18 äro
626 1040 137 27 synnerligen
785 1041 84 21 talande
885 1042 44 19 mot
944 1041 35 20 det

154 1068 78 26 förslag
247 1068 39 20 han
304 1068 59 27 gjort.
394 1068 176 21 Bankutskottets
585 1069 140 21 medlemmar
740 1070 111 20 framhålla
866 1070 23 26 ju
905 1071 29 19 att
949 1069 30 20 äf-

154 1102 40 15 ven
210 1099 50 18 utan
277 1097 88 20 särskild
382 1097 107 21 föreskrift
505 1097 52 21 eller
572 1097 172 27 bemyndigande
765 1098 132 26 fullmäktige
913 1098 66 20 mäste

154 1131 61 14 anses
231 1125 147 21 oförhindrade
394 1128 36 24 att,
446 1126 33 20 för
494 1126 42 20 den
552 1126 99 21 händelse
675 1126 26 21 de
717 1133 51 14 anse
783 1126 45 21 skäl
845 1126 69 21 därtill
930 1133 50 13 vara

153 1153 123 27 förhanden,
298 1154 84 20 rädföra
403 1154 32 27 sig
458 1154 49 21 med
530 1154 139 28 sakkunnige,
693 1155 39 20 och
753 1155 102 21 utskottet
870 1155 36 20 vill
921 1155 23 27 ju
960 1155 18 27 ej

153 1182 67 20 häller
241 1182 32 21 för
288 1182 33 21 sin
343 1182 34 21 del
392 1182 95 27 afstyrka
509 1185 29 19 ett
554 1183 75 21 sädant
644 1184 174 26 tillvägagäende.
849 1184 130 26 Visserligen

154 1210 58 27 böra,
228 1211 68 20 såsom
306 1211 26 20 hr
346 1218 42 13 von
403 1211 72 21 Pfaler
491 1212 76 20 nämde
583 1212 39 20 och
638 1212 7 20 i
661 1212 12 26 $
689 1213 14 19 4
718 1212 90 26 stadgas,
825 1212 155 20 bankfullmäk-

153 1239 43 27 tige
211 1240 104 26 förtegadt
330 1240 78 20 bevara
423 1240 35 26 alt,
474 1246 45 14 som
536 1240 65 26 angär
612 1240 107 21 enskildes
729 1240 147 22 förhällanden
887 1241 30 20 till
929 1240 52 21 ban-

155 1268 47 27 ken,
218 1268 109 21 äfvensom
342 1268 56 20 hvad
413 1268 7 20 i
436 1268 64 28 öfrigt
515 1269 34 20 vid
559 1269 156 27 förvaltningen
727 1270 42 20 kan
778 1269 95 21 förefalla
884 1270 21 20 af
915 1269 66 21 sädan

154 1296 144 21 beskaffenhet
314 1298 29 20 att
359 1297 35 21 det
408 1297 48 21 icke
477 1304 67 20 yppas
560 1297 39 21 mä.
630 1297 48 21 Men
696 1298 35 20 det
746 1300 23 18 är
784 1304 26 15 en
827 1298 89 26 ofantlig
930 1298 51 20 skil-

154 1325 41 20 nad
211 1325 90 21 emellan
317 1325 55 21 hvad
388 1325 38 21 här
448 1325 80 27 åsyftas
551 1326 39 20 och
606 1326 35 21 det
656 1333 45 13 som
718 1326 53 26 egde
787 1333 54 20 rum,
856 1327 7 19 i
879 1326 100 21 händelse

154 1353 189 27 bankfullmäktige
358 1354 32 20 till
405 1354 84 20 enskild
505 1354 114 21 konferens
635 1354 69 21 skulle
719 1355 80 21 inkalla
809 1361 106 21 personer,
927 1354 54 20 hvil-

154 1382 38 20 kas
207 1382 78 21 äsikter
307 1382 26 21 de
356 1382 94 21 önskade
472 1383 58 20 höra.
560 1382 41 22 Det
623 1383 108 21 förefaller
753 1384 43 26 mig
819 1384 63 20 äfven
898 1383 83 27 tydligt,

154 1412 113 19 tvärtemot
289 1410 25 21 hr
335 1410 89 22 Heikels
447 1411 121 27 pästäende,
591 1414 30 18 att
636 1412 141 26 inryckandet
791 1412 22 20 af
828 1418 26 14 en
871 1412 58 26 dylik
945 1412 36 20 be-

154 1439 121 21 stämmelse
290 1440 8 19 i
312 1440 146 20 intruktionen
474 1440 70 20 skulle
565 1440 86 20 komma
666 1442 30 18 att
712 1440 66 20 blifva
793 1443 30 18 ett
838 1442 97 24 surrogat
949 1440 33 20 för

154 1468 41 20 den
211 1468 125 26 institution,
352 1468 83 20 hvartill
452 1468 114 21 ständerna
581 1469 65 20 redan
662 1469 7 20 i
685 1468 66 21 äratal
767 1469 92 20 sträfvat.
883 1468 43 21 Och
938 1470 44 19 tror

154 1496 35 27 jag
205 1498 29 19 att
250 1496 47 20 hela
312 1496 73 27 frägan
402 1502 34 14 om
452 1496 114 21 förstärkta
577 1497 190 27 bankfullmäktige
778 1498 123 26 härigenom
912 1497 69 21 skulle

155 1524 85 21 komma
256 1526 30 19 att
300 1524 88 21 förfalla.
418 1524 42 28 Jag
475 1525 33 20 fär
531 1525 26 27 pä
572 1526 61 20 dessa
655 1525 46 21 skäl
719 1526 73 20 förena
807 1526 44 27 mig
866 1532 34 14 om
916 1525 66 21 bank-
