<?xml version="1.0" encoding="UTF-8"?>
<alto xmlns="http://www.loc.gov/standards/alto/ns-v3#" xmlns:xlink="http://www.w3.org/1999/xlink" xmlns:xsi="http://www.w3.org/2001/XMLSchema-instance" xsi:schemaLocation="http://www.loc.gov/standards/alto/ns-v3# http://www.loc.gov/alto/v3/alto-3-0.xsd">
	<Description>
		<MeasurementUnit>pixel</MeasurementUnit>
		<sourceImageInformation>
			<fileName>/tmp/tess_mbsufmv5_input.PNG</fileName>
		</sourceImageInformation>
		<OCRProcessing ID="OCR_0">
			<ocrProcessingStep>
				<processingSoftware>
					<softwareName>tesseract 5.3.4</softwareName>
				</processingSoftware>
			</ocrProcessingStep>
		</OCRProcessing>
	</Description>
	<Layout>
		<Page WIDTH="1142" HEIGHT="1773" PHYSICAL_IMG_NR="0" ID="page_0">
			<PrintSpace HPOS="0" VPOS="0" WIDTH="1142" HEIGHT="1773">
				<ComposedBlock ID="cblock_0" HPOS="213" VPOS="122" WIDTH="560" HEIGHT="28">
					<TextBlock ID="block_0" HPOS="213" VPOS="122" WIDTH="560" HEIGHT="28">
						<TextLine ID="line_0" HPOS="213" VPOS="122" WIDTH="560" HEIGHT="28">
							<String ID="string_0" HPOS="213" VPOS="122" WIDTH="54" HEIGHT="21" WC="0.96" CONTENT="1210"/><SP WIDTH="151" VPOS="122" HPOS="267"/>
							<String ID="string_1" HPOS="418" VPOS="128" WIDTH="180" HEIGHT="22" WC="0.91" CONTENT="Borgareståndet"/><SP WIDTH="13" VPOS="128" HPOS="598"/>
							<String ID="string_2" HPOS="611" VPOS="129" WIDTH="55" HEIGHT="17" WC="0.94" CONTENT="1894."/><SP WIDTH="26" VPOS="129" HPOS="666"/>
							<String ID="string_3" HPOS="692" VPOS="128" WIDTH="21" HEIGHT="17" WC="0.96" CONTENT="17"/><SP WIDTH="13" VPOS="128" HPOS="713"/>
							<String ID="string_4" HPOS="726" VPOS="128" WIDTH="47" HEIGHT="21" WC="0.96" CONTENT="maj."/>
						</TextLine>
					</TextBlock>
				</ComposedBlock>
				<GraphicalElement ID="cblock_1" HPOS="211" VPOS="158" WIDTH="799" HEIGHT="12"></GraphicalElement >
				<ComposedBlock ID="cblock_2" HPOS="181" VPOS="206" WIDTH="827" HEIGHT="58">
					<TextBlock ID="block_1" HPOS="181" VPOS="206" WIDTH="827" HEIGHT="58">
						<TextLine ID="line_1" HPOS="251" VPOS="206" WIDTH="757" HEIGHT="30">
							<String ID="string_5" HPOS="251" VPOS="209" WIDTH="161" HEIGHT="27" WC="0.95" CONTENT="Propositionen"/><SP WIDTH="17" VPOS="209" HPOS="412"/>
							<String ID="string_6" HPOS="429" VPOS="209" WIDTH="127" HEIGHT="21" WC="0.96" CONTENT="besvarades"/><SP WIDTH="16" VPOS="209" HPOS="556"/>
							<String ID="string_7" HPOS="572" VPOS="208" WIDTH="35" HEIGHT="21" WC="0.96" CONTENT="vid"/><SP WIDTH="16" VPOS="208" HPOS="607"/>
							<String ID="string_8" HPOS="623" VPOS="209" WIDTH="98" HEIGHT="26" WC="0.96" CONTENT="votering"/><SP WIDTH="15" VPOS="209" HPOS="721"/>
							<String ID="string_9" HPOS="736" VPOS="208" WIDTH="48" HEIGHT="20" WC="0.96" CONTENT="med"/><SP WIDTH="17" VPOS="208" HPOS="784"/>
							<String ID="string_10" HPOS="801" VPOS="208" WIDTH="27" HEIGHT="20" WC="0.96" CONTENT="38"/><SP WIDTH="15" VPOS="208" HPOS="828"/>
							<String ID="string_11" HPOS="843" VPOS="208" WIDTH="21" HEIGHT="27" WC="0.96" CONTENT="ja"/><SP WIDTH="16" VPOS="208" HPOS="864"/>
							<String ID="string_12" HPOS="880" VPOS="208" WIDTH="39" HEIGHT="20" WC="0.96" CONTENT="och"/><SP WIDTH="12" VPOS="208" HPOS="919"/>
							<String ID="string_13" HPOS="931" VPOS="207" WIDTH="24" HEIGHT="20" WC="0.96" CONTENT="11"/><SP WIDTH="13" VPOS="207" HPOS="955"/>
							<String ID="string_14" HPOS="968" VPOS="206" WIDTH="40" HEIGHT="27" WC="0.95" CONTENT="nej,"/>
						</TextLine>
						<TextLine ID="line_2" HPOS="181" VPOS="237" WIDTH="544" HEIGHT="27">
							<String ID="string_15" HPOS="181" VPOS="237" WIDTH="136" HEIGHT="27" WC="0.96" CONTENT="hvarigenom"/><SP WIDTH="18" VPOS="237" HPOS="317"/>
							<String ID="string_16" HPOS="335" VPOS="238" WIDTH="111" HEIGHT="21" WC="0.96" CONTENT="utskottets"/><SP WIDTH="16" VPOS="238" HPOS="446"/>
							<String ID="string_17" HPOS="462" VPOS="238" WIDTH="56" HEIGHT="20" WC="0.95" CONTENT="kläm"/><SP WIDTH="18" VPOS="238" HPOS="518"/>
							<String ID="string_18" HPOS="536" VPOS="238" WIDTH="69" HEIGHT="20" WC="0.95" CONTENT="blifvit"/><SP WIDTH="15" VPOS="238" HPOS="605"/>
							<String ID="string_19" HPOS="620" VPOS="237" WIDTH="105" HEIGHT="27" WC="0.96" CONTENT="godkänd."/>
						</TextLine>
					</TextBlock>
				</ComposedBlock>
				<ComposedBlock ID="cblock_3" HPOS="180" VPOS="292" WIDTH="829" HEIGHT="87">
					<TextBlock ID="block_2" HPOS="180" VPOS="292" WIDTH="829" HEIGHT="87">
						<TextLine ID="line_3" HPOS="250" VPOS="292" WIDTH="759" HEIGHT="30">
							<String ID="string_20" HPOS="250" VPOS="294" WIDTH="58" HEIGHT="21" WC="0.92" CONTENT="Enär"/><SP WIDTH="15" VPOS="294" HPOS="308"/>
							<String ID="string_21" HPOS="323" VPOS="294" WIDTH="94" HEIGHT="22" WC="0.92" CONTENT="ståndets"/><SP WIDTH="15" VPOS="294" HPOS="417"/>
							<String ID="string_22" HPOS="432" VPOS="294" WIDTH="99" HEIGHT="28" WC="0.96" CONTENT="samtliga"/><SP WIDTH="22" VPOS="294" HPOS="531"/>
							<String ID="string_23" HPOS="553" VPOS="294" WIDTH="71" HEIGHT="21" WC="0.93" CONTENT="beslut"/><SP WIDTH="15" VPOS="294" HPOS="624"/>
							<String ID="string_24" HPOS="639" VPOS="294" WIDTH="90" HEIGHT="27" WC="0.91" CONTENT="ansågos"/><SP WIDTH="23" VPOS="294" HPOS="729"/>
							<String ID="string_25" HPOS="752" VPOS="293" WIDTH="69" HEIGHT="21" WC="0.96" CONTENT="såsom"/><SP WIDTH="17" VPOS="293" HPOS="821"/>
							<String ID="string_26" HPOS="838" VPOS="292" WIDTH="113" HEIGHT="27" WC="0.93" CONTENT="definitiva,"/><SP WIDTH="16" VPOS="292" HPOS="951"/>
							<String ID="string_27" HPOS="967" VPOS="292" WIDTH="42" HEIGHT="20" WC="0.91" CONTENT="för-"/>
						</TextLine>
						<TextLine ID="line_4" HPOS="180" VPOS="321" WIDTH="826" HEIGHT="29">
							<String ID="string_28" HPOS="180" VPOS="323" WIDTH="91" HEIGHT="21" WC="0.92" CONTENT="anledde"/><SP WIDTH="23" VPOS="323" HPOS="271"/>
							<String ID="string_29" HPOS="294" VPOS="324" WIDTH="113" HEIGHT="20" WC="0.93" CONTENT="utskottets"/><SP WIDTH="23" VPOS="324" HPOS="407"/>
							<String ID="string_30" HPOS="430" VPOS="323" WIDTH="207" HEIGHT="27" WC="0.90" CONTENT="resolutionsförslag"/><SP WIDTH="24" VPOS="323" HPOS="637"/>
							<String ID="string_31" HPOS="661" VPOS="323" WIDTH="11" HEIGHT="20" WC="0.90" CONTENT="å"/><SP WIDTH="23" VPOS="323" HPOS="672"/>
							<String ID="string_32" HPOS="695" VPOS="322" WIDTH="46" HEIGHT="21" WC="0.96" CONTENT="sida"/><SP WIDTH="24" VPOS="322" HPOS="741"/>
							<String ID="string_33" HPOS="765" VPOS="323" WIDTH="41" HEIGHT="19" WC="0.96" CONTENT="154"/><SP WIDTH="22" VPOS="323" HPOS="806"/>
							<String ID="string_34" HPOS="828" VPOS="322" WIDTH="47" HEIGHT="20" WC="0.96" CONTENT="icke"/><SP WIDTH="16" VPOS="322" HPOS="875"/>
							<String ID="string_35" HPOS="891" VPOS="322" WIDTH="30" HEIGHT="20" WC="0.96" CONTENT="till"/><SP WIDTH="17" VPOS="322" HPOS="921"/>
							<String ID="string_36" HPOS="938" VPOS="321" WIDTH="68" HEIGHT="27" WC="0.95" CONTENT="någon"/>
						</TextLine>
						<TextLine ID="line_5" HPOS="180" VPOS="351" WIDTH="80" HEIGHT="28">
							<String ID="string_37" HPOS="180" VPOS="351" WIDTH="80" HEIGHT="28" WC="0.96" CONTENT="åtgärd."/>
						</TextLine>
					</TextBlock>
				</ComposedBlock>
				<ComposedBlock ID="cblock_4" HPOS="179" VPOS="494" WIDTH="828" HEIGHT="137">
					<TextBlock ID="block_3" HPOS="179" VPOS="494" WIDTH="828" HEIGHT="137">
						<TextLine ID="line_6" HPOS="250" VPOS="494" WIDTH="757" HEIGHT="28">
							<String ID="string_38" HPOS="250" VPOS="494" WIDTH="118" HEIGHT="28" WC="0.96" CONTENT="Föredrogs"/><SP WIDTH="15" VPOS="494" HPOS="368"/>
							<String ID="string_39" HPOS="383" VPOS="495" WIDTH="39" HEIGHT="21" WC="0.96" CONTENT="och"/><SP WIDTH="16" VPOS="495" HPOS="422"/>
							<String ID="string_40" HPOS="438" VPOS="495" WIDTH="123" HEIGHT="27" WC="0.93" CONTENT="godkändes"/><SP WIDTH="16" VPOS="495" HPOS="561"/>
							<String ID="string_41" HPOS="577" VPOS="495" WIDTH="44" HEIGHT="27" WC="0.91" CONTENT="lag-"/><SP WIDTH="16" VPOS="495" HPOS="621"/>
							<String ID="string_42" HPOS="637" VPOS="495" WIDTH="39" HEIGHT="20" WC="0.93" CONTENT="och"/><SP WIDTH="13" VPOS="495" HPOS="676"/>
							<String ID="string_43" HPOS="689" VPOS="495" WIDTH="212" HEIGHT="20" WC="0.92" CONTENT="ekonomiutskottets"/><SP WIDTH="13" VPOS="495" HPOS="901"/>
							<String ID="string_44" HPOS="914" VPOS="495" WIDTH="34" HEIGHT="20" WC="0.93" CONTENT="vid"/><SP WIDTH="16" VPOS="495" HPOS="948"/>
							<String ID="string_45" HPOS="964" VPOS="494" WIDTH="43" HEIGHT="27" WC="0.91" CONTENT="ple-"/>
						</TextLine>
						<TextLine ID="line_7" HPOS="179" VPOS="522" WIDTH="828" HEIGHT="28">
							<String ID="string_46" HPOS="179" VPOS="529" WIDTH="53" HEIGHT="14" WC="0.96" CONTENT="num"/><SP WIDTH="17" VPOS="529" HPOS="232"/>
							<String ID="string_47" HPOS="249" VPOS="523" WIDTH="40" HEIGHT="21" WC="0.96" CONTENT="den"/><SP WIDTH="18" VPOS="523" HPOS="289"/>
							<String ID="string_48" HPOS="307" VPOS="524" WIDTH="24" HEIGHT="20" WC="0.96" CONTENT="11"/><SP WIDTH="18" VPOS="524" HPOS="331"/>
							<String ID="string_49" HPOS="349" VPOS="524" WIDTH="81" HEIGHT="20" WC="0.93" CONTENT="dennes"/><SP WIDTH="23" VPOS="524" HPOS="430"/>
							<String ID="string_50" HPOS="453" VPOS="523" WIDTH="116" HEIGHT="27" WC="0.91" CONTENT="bordlagda"/><SP WIDTH="24" VPOS="523" HPOS="569"/>
							<String ID="string_51" HPOS="593" VPOS="523" WIDTH="134" HEIGHT="21" WC="0.96" CONTENT="betänkande"/><SP WIDTH="23" VPOS="523" HPOS="727"/>
							<String ID="string_52" HPOS="750" VPOS="530" WIDTH="34" HEIGHT="14" WC="0.96" CONTENT="n:o"/><SP WIDTH="17" VPOS="530" HPOS="784"/>
							<String ID="string_53" HPOS="801" VPOS="523" WIDTH="12" HEIGHT="20" WC="0.96" CONTENT="6"/><SP WIDTH="16" VPOS="523" HPOS="813"/>
							<String ID="string_54" HPOS="829" VPOS="524" WIDTH="6" HEIGHT="19" WC="0.96" CONTENT="i"/><SP WIDTH="20" VPOS="524" HPOS="835"/>
							<String ID="string_55" HPOS="855" VPOS="523" WIDTH="116" HEIGHT="26" WC="0.96" CONTENT="anledning"/><SP WIDTH="16" VPOS="523" HPOS="971"/>
							<String ID="string_56" HPOS="987" VPOS="522" WIDTH="20" HEIGHT="21" WC="0.96" CONTENT="af"/>
						</TextLine>
						<TextLine ID="line_8" HPOS="180" VPOS="551" WIDTH="826" HEIGHT="28">
							<String ID="string_57" HPOS="180" VPOS="553" WIDTH="30" HEIGHT="20" WC="0.96" CONTENT="ett"/><SP WIDTH="15" VPOS="553" HPOS="210"/>
							<String ID="string_58" HPOS="225" VPOS="552" WIDTH="58" HEIGHT="20" WC="0.91" CONTENT="inom"/><SP WIDTH="24" VPOS="552" HPOS="283"/>
							<String ID="string_59" HPOS="307" VPOS="552" WIDTH="173" HEIGHT="27" WC="0.91" CONTENT="borgareständet"/><SP WIDTH="23" VPOS="552" HPOS="480"/>
							<String ID="string_60" HPOS="503" VPOS="553" WIDTH="62" HEIGHT="20" WC="0.93" CONTENT="väckt"/><SP WIDTH="22" VPOS="553" HPOS="565"/>
							<String ID="string_61" HPOS="587" VPOS="552" WIDTH="172" HEIGHT="27" WC="0.91" CONTENT="motionsförslag"/><SP WIDTH="22" VPOS="552" HPOS="759"/>
							<String ID="string_62" HPOS="781" VPOS="552" WIDTH="90" HEIGHT="21" WC="0.96" CONTENT="rörande"/><SP WIDTH="23" VPOS="552" HPOS="871"/>
							<String ID="string_63" HPOS="894" VPOS="551" WIDTH="112" HEIGHT="21" WC="0.96" CONTENT="förändrad"/>
						</TextLine>
						<TextLine ID="line_9" HPOS="179" VPOS="580" WIDTH="828" HEIGHT="28">
							<String ID="string_64" HPOS="179" VPOS="580" WIDTH="83" HEIGHT="27" WC="0.96" CONTENT="lydelse"/><SP WIDTH="16" VPOS="580" HPOS="262"/>
							<String ID="string_65" HPOS="278" VPOS="581" WIDTH="21" HEIGHT="20" WC="0.96" CONTENT="af"/><SP WIDTH="15" VPOS="581" HPOS="299"/>
							<String ID="string_66" HPOS="314" VPOS="581" WIDTH="26" HEIGHT="26" WC="0.88" CONTENT="$$"/><SP WIDTH="18" VPOS="581" HPOS="340"/>
							<String ID="string_67" HPOS="358" VPOS="581" WIDTH="24" HEIGHT="20" WC="0.95" CONTENT="11"/><SP WIDTH="25" VPOS="581" HPOS="382"/>
							<String ID="string_68" HPOS="407" VPOS="581" WIDTH="39" HEIGHT="20" WC="0.96" CONTENT="och"/><SP WIDTH="17" VPOS="581" HPOS="446"/>
							<String ID="string_69" HPOS="463" VPOS="581" WIDTH="26" HEIGHT="20" WC="0.95" CONTENT="13"/><SP WIDTH="15" VPOS="581" HPOS="489"/>
							<String ID="string_70" HPOS="504" VPOS="581" WIDTH="7" HEIGHT="20" WC="0.95" CONTENT="i"/><SP WIDTH="17" VPOS="581" HPOS="511"/>
							<String ID="string_71" HPOS="528" VPOS="581" WIDTH="151" HEIGHT="27" WC="0.96" CONTENT="förordningen"/><SP WIDTH="24" VPOS="581" HPOS="679"/>
							<String ID="string_72" HPOS="703" VPOS="588" WIDTH="33" HEIGHT="13" WC="0.94" CONTENT="om"/><SP WIDTH="17" VPOS="588" HPOS="736"/>
							<String ID="string_73" HPOS="753" VPOS="581" WIDTH="44" HEIGHT="27" WC="0.94" CONTENT="jakt"/><SP WIDTH="19" VPOS="581" HPOS="797"/>
							<String ID="string_74" HPOS="816" VPOS="581" WIDTH="39" HEIGHT="20" WC="0.93" CONTENT="och"/><SP WIDTH="16" VPOS="581" HPOS="855"/>
							<String ID="string_75" HPOS="871" VPOS="581" WIDTH="99" HEIGHT="26" WC="0.92" CONTENT="djurfång"/><SP WIDTH="16" VPOS="581" HPOS="970"/>
							<String ID="string_76" HPOS="986" VPOS="580" WIDTH="21" HEIGHT="20" WC="0.96" CONTENT="af"/>
						</TextLine>
						<TextLine ID="line_10" HPOS="180" VPOS="609" WIDTH="269" HEIGHT="22">
							<String ID="string_77" HPOS="180" VPOS="609" WIDTH="41" HEIGHT="21" WC="0.96" CONTENT="den"/><SP WIDTH="17" VPOS="609" HPOS="221"/>
							<String ID="string_78" HPOS="238" VPOS="610" WIDTH="26" HEIGHT="20" WC="0.96" CONTENT="10"/><SP WIDTH="16" VPOS="610" HPOS="264"/>
							<String ID="string_79" HPOS="280" VPOS="609" WIDTH="93" HEIGHT="21" WC="0.96" CONTENT="februari"/><SP WIDTH="16" VPOS="609" HPOS="373"/>
							<String ID="string_80" HPOS="389" VPOS="610" WIDTH="60" HEIGHT="21" WC="0.96" CONTENT="1868."/>
						</TextLine>
					</TextBlock>
				</ComposedBlock>
				<ComposedBlock ID="cblock_5" HPOS="177" VPOS="752" WIDTH="829" HEIGHT="142">
					<TextBlock ID="block_4" HPOS="177" VPOS="752" WIDTH="829" HEIGHT="142">
						<TextLine ID="line_11" HPOS="248" VPOS="752" WIDTH="758" HEIGHT="28">
							<String ID="string_81" HPOS="248" VPOS="752" WIDTH="54" HEIGHT="27" WC="0.91" CONTENT="Lag-"/><SP WIDTH="16" VPOS="752" HPOS="302"/>
							<String ID="string_82" HPOS="318" VPOS="753" WIDTH="39" HEIGHT="20" WC="0.93" CONTENT="och"/><SP WIDTH="16" VPOS="753" HPOS="357"/>
							<String ID="string_83" HPOS="373" VPOS="753" WIDTH="212" HEIGHT="21" WC="0.91" CONTENT="ekonomiutskottets"/><SP WIDTH="16" VPOS="753" HPOS="585"/>
							<String ID="string_84" HPOS="601" VPOS="753" WIDTH="35" HEIGHT="20" WC="0.96" CONTENT="vid"/><SP WIDTH="16" VPOS="753" HPOS="636"/>
							<String ID="string_85" HPOS="652" VPOS="753" WIDTH="86" HEIGHT="27" WC="0.96" CONTENT="plenum"/><SP WIDTH="17" VPOS="753" HPOS="738"/>
							<String ID="string_86" HPOS="755" VPOS="753" WIDTH="40" HEIGHT="20" WC="0.96" CONTENT="den"/><SP WIDTH="18" VPOS="753" HPOS="795"/>
							<String ID="string_87" HPOS="813" VPOS="753" WIDTH="25" HEIGHT="20" WC="0.95" CONTENT="11"/><SP WIDTH="17" VPOS="753" HPOS="838"/>
							<String ID="string_88" HPOS="855" VPOS="752" WIDTH="80" HEIGHT="21" WC="0.92" CONTENT="dennes"/><SP WIDTH="10" VPOS="752" HPOS="935"/>
							<String ID="string_89" HPOS="945" VPOS="752" WIDTH="61" HEIGHT="21" WC="0.92" CONTENT="bord-"/>
						</TextLine>
						<TextLine ID="line_12" HPOS="178" VPOS="781" WIDTH="828" HEIGHT="27">
							<String ID="string_90" HPOS="178" VPOS="781" WIDTH="64" HEIGHT="27" WC="0.96" CONTENT="lagda"/><SP WIDTH="23" VPOS="781" HPOS="242"/>
							<String ID="string_91" HPOS="265" VPOS="781" WIDTH="134" HEIGHT="21" WC="0.96" CONTENT="betänkande"/><SP WIDTH="23" VPOS="781" HPOS="399"/>
							<String ID="string_92" HPOS="422" VPOS="789" WIDTH="34" HEIGHT="13" WC="0.95" CONTENT="n:o"/><SP WIDTH="18" VPOS="789" HPOS="456"/>
							<String ID="string_93" HPOS="474" VPOS="783" WIDTH="10" HEIGHT="19" WC="0.94" CONTENT="7"/><SP WIDTH="17" VPOS="783" HPOS="484"/>
							<String ID="string_94" HPOS="501" VPOS="782" WIDTH="6" HEIGHT="20" WC="0.94" CONTENT="i"/><SP WIDTH="17" VPOS="782" HPOS="507"/>
							<String ID="string_95" HPOS="524" VPOS="781" WIDTH="116" HEIGHT="27" WC="0.96" CONTENT="anledning"/><SP WIDTH="23" VPOS="781" HPOS="640"/>
							<String ID="string_96" HPOS="663" VPOS="782" WIDTH="21" HEIGHT="20" WC="0.96" CONTENT="af"/><SP WIDTH="23" VPOS="782" HPOS="684"/>
							<String ID="string_97" HPOS="707" VPOS="783" WIDTH="77" HEIGHT="19" WC="0.96" CONTENT="tvänne"/><SP WIDTH="20" VPOS="783" HPOS="784"/>
							<String ID="string_98" HPOS="804" VPOS="781" WIDTH="31" HEIGHT="20" WC="0.95" CONTENT="till"/><SP WIDTH="17" VPOS="781" HPOS="835"/>
							<String ID="string_99" HPOS="852" VPOS="781" WIDTH="154" HEIGHT="20" WC="0.96" CONTENT="bondeståndet"/>
						</TextLine>
						<TextLine ID="line_13" HPOS="178" VPOS="809" WIDTH="828" HEIGHT="28">
							<String ID="string_100" HPOS="178" VPOS="809" WIDTH="123" HEIGHT="21" WC="0.93" CONTENT="inlämnade"/><SP WIDTH="15" VPOS="809" HPOS="301"/>
							<String ID="string_101" HPOS="316" VPOS="810" WIDTH="179" HEIGHT="27" WC="0.92" CONTENT="petitionsförslag"/><SP WIDTH="15" VPOS="810" HPOS="495"/>
							<String ID="string_102" HPOS="510" VPOS="810" WIDTH="110" HEIGHT="27" WC="0.96" CONTENT="angående"/><SP WIDTH="16" VPOS="810" HPOS="620"/>
							<String ID="string_103" HPOS="636" VPOS="811" WIDTH="91" HEIGHT="20" WC="0.96" CONTENT="revision"/><SP WIDTH="18" VPOS="811" HPOS="727"/>
							<String ID="string_104" HPOS="745" VPOS="811" WIDTH="21" HEIGHT="20" WC="0.96" CONTENT="af"/><SP WIDTH="15" VPOS="811" HPOS="766"/>
							<String ID="string_105" HPOS="781" VPOS="810" WIDTH="39" HEIGHT="20" WC="0.96" CONTENT="och"/><SP WIDTH="16" VPOS="810" HPOS="820"/>
							<String ID="string_106" HPOS="836" VPOS="809" WIDTH="73" HEIGHT="28" WC="0.96" CONTENT="tillägg"/><SP WIDTH="11" VPOS="809" HPOS="909"/>
							<String ID="string_107" HPOS="920" VPOS="809" WIDTH="31" HEIGHT="21" WC="0.93" CONTENT="till"/><SP WIDTH="11" VPOS="809" HPOS="951"/>
							<String ID="string_108" HPOS="962" VPOS="809" WIDTH="44" HEIGHT="27" WC="0.92" CONTENT="gäl-"/>
						</TextLine>
						<TextLine ID="line_14" HPOS="178" VPOS="837" WIDTH="827" HEIGHT="29">
							<String ID="string_109" HPOS="178" VPOS="837" WIDTH="64" HEIGHT="22" WC="0.95" CONTENT="lande"/><SP WIDTH="16" VPOS="837" HPOS="242"/>
							<String ID="string_110" HPOS="258" VPOS="838" WIDTH="124" HEIGHT="27" WC="0.96" CONTENT="förordning"/><SP WIDTH="23" VPOS="838" HPOS="382"/>
							<String ID="string_111" HPOS="405" VPOS="845" WIDTH="34" HEIGHT="14" WC="0.96" CONTENT="om"/><SP WIDTH="22" VPOS="845" HPOS="439"/>
							<String ID="string_112" HPOS="461" VPOS="839" WIDTH="45" HEIGHT="26" WC="0.96" CONTENT="jakt"/><SP WIDTH="23" VPOS="839" HPOS="506"/>
							<String ID="string_113" HPOS="529" VPOS="839" WIDTH="38" HEIGHT="20" WC="0.90" CONTENT="och"/><SP WIDTH="22" VPOS="839" HPOS="567"/>
							<String ID="string_114" HPOS="589" VPOS="839" WIDTH="100" HEIGHT="27" WC="0.90" CONTENT="djurfång"/><SP WIDTH="15" VPOS="839" HPOS="689"/>
							<String ID="string_115" HPOS="704" VPOS="839" WIDTH="21" HEIGHT="20" WC="0.96" CONTENT="af"/><SP WIDTH="16" VPOS="839" HPOS="725"/>
							<String ID="string_116" HPOS="741" VPOS="839" WIDTH="41" HEIGHT="20" WC="0.96" CONTENT="den"/><SP WIDTH="17" VPOS="839" HPOS="782"/>
							<String ID="string_117" HPOS="799" VPOS="838" WIDTH="26" HEIGHT="21" WC="0.96" CONTENT="10"/><SP WIDTH="16" VPOS="838" HPOS="825"/>
							<String ID="string_118" HPOS="841" VPOS="838" WIDTH="93" HEIGHT="21" WC="0.96" CONTENT="februari"/><SP WIDTH="17" VPOS="838" HPOS="934"/>
							<String ID="string_119" HPOS="951" VPOS="838" WIDTH="54" HEIGHT="21" WC="0.96" CONTENT="1868"/>
						</TextLine>
						<TextLine ID="line_15" HPOS="177" VPOS="867" WIDTH="453" HEIGHT="27">
							<String ID="string_120" HPOS="177" VPOS="867" WIDTH="126" HEIGHT="27" WC="0.95" CONTENT="godkändes"/><SP WIDTH="16" VPOS="867" HPOS="303"/>
							<String ID="string_121" HPOS="319" VPOS="867" WIDTH="101" HEIGHT="21" WC="0.96" CONTENT="likaledes"/><SP WIDTH="17" VPOS="867" HPOS="420"/>
							<String ID="string_122" HPOS="437" VPOS="869" WIDTH="50" HEIGHT="19" WC="0.96" CONTENT="utan"/><SP WIDTH="17" VPOS="869" HPOS="487"/>
							<String ID="string_123" HPOS="504" VPOS="867" WIDTH="126" HEIGHT="21" WC="0.96" CONTENT="diskussion."/>
						</TextLine>
					</TextBlock>
				</ComposedBlock>
				<ComposedBlock ID="cblock_6" HPOS="176" VPOS="1014" WIDTH="829" HEIGHT="86">
					<TextBlock ID="block_5" HPOS="176" VPOS="1014" WIDTH="829" HEIGHT="86">
						<TextLine ID="line_16" HPOS="247" VPOS="1014" WIDTH="758" HEIGHT="30">
							<String ID="string_124" HPOS="247" VPOS="1014" WIDTH="117" HEIGHT="28" WC="0.93" CONTENT="Föredrogs"/><SP WIDTH="15" VPOS="1014" HPOS="364"/>
							<String ID="string_125" HPOS="379" VPOS="1016" WIDTH="212" HEIGHT="27" WC="0.92" CONTENT="järnvägsutskottets"/><SP WIDTH="17" VPOS="1016" HPOS="591"/>
							<String ID="string_126" HPOS="608" VPOS="1016" WIDTH="34" HEIGHT="21" WC="0.96" CONTENT="vid"/><SP WIDTH="16" VPOS="1016" HPOS="642"/>
							<String ID="string_127" HPOS="658" VPOS="1016" WIDTH="87" HEIGHT="28" WC="0.95" CONTENT="plenum"/><SP WIDTH="16" VPOS="1016" HPOS="745"/>
							<String ID="string_128" HPOS="761" VPOS="1016" WIDTH="41" HEIGHT="20" WC="0.95" CONTENT="den"/><SP WIDTH="13" VPOS="1016" HPOS="802"/>
							<String ID="string_129" HPOS="815" VPOS="1016" WIDTH="26" HEIGHT="20" WC="0.96" CONTENT="15"/><SP WIDTH="11" VPOS="1016" HPOS="841"/>
							<String ID="string_130" HPOS="852" VPOS="1016" WIDTH="80" HEIGHT="20" WC="0.93" CONTENT="dennes"/><SP WIDTH="11" VPOS="1016" HPOS="932"/>
							<String ID="string_131" HPOS="943" VPOS="1015" WIDTH="62" HEIGHT="20" WC="0.91" CONTENT="bord-"/>
						</TextLine>
						<TextLine ID="line_17" HPOS="176" VPOS="1043" WIDTH="829" HEIGHT="29">
							<String ID="string_132" HPOS="176" VPOS="1043" WIDTH="63" HEIGHT="27" WC="0.64" CONTENT="lagda"/><SP WIDTH="24" VPOS="1043" HPOS="239"/>
							<String ID="string_133" HPOS="263" VPOS="1044" WIDTH="133" HEIGHT="21" WC="0.96" CONTENT="betänkande"/><SP WIDTH="21" VPOS="1044" HPOS="396"/>
							<String ID="string_134" HPOS="417" VPOS="1051" WIDTH="34" HEIGHT="14" WC="0.95" CONTENT="n:o"/><SP WIDTH="23" VPOS="1051" HPOS="451"/>
							<String ID="string_135" HPOS="474" VPOS="1046" WIDTH="13" HEIGHT="19" WC="0.96" CONTENT="4"/><SP WIDTH="22" VPOS="1046" HPOS="487"/>
							<String ID="string_136" HPOS="509" VPOS="1045" WIDTH="7" HEIGHT="20" WC="0.96" CONTENT="i"/><SP WIDTH="22" VPOS="1045" HPOS="516"/>
							<String ID="string_137" HPOS="538" VPOS="1045" WIDTH="117" HEIGHT="27" WC="0.96" CONTENT="anledning"/><SP WIDTH="22" VPOS="1045" HPOS="655"/>
							<String ID="string_138" HPOS="677" VPOS="1045" WIDTH="21" HEIGHT="21" WC="0.96" CONTENT="af"/><SP WIDTH="15" VPOS="1045" HPOS="698"/>
							<String ID="string_139" HPOS="713" VPOS="1047" WIDTH="29" HEIGHT="19" WC="0.96" CONTENT="ett"/><SP WIDTH="15" VPOS="1047" HPOS="742"/>
							<String ID="string_140" HPOS="757" VPOS="1045" WIDTH="58" HEIGHT="20" WC="0.93" CONTENT="inom"/><SP WIDTH="17" VPOS="1045" HPOS="815"/>
							<String ID="string_141" HPOS="832" VPOS="1044" WIDTH="173" HEIGHT="27" WC="0.93" CONTENT="borgareständet"/>
						</TextLine>
						<TextLine ID="line_18" HPOS="177" VPOS="1072" WIDTH="826" HEIGHT="28">
							<String ID="string_142" HPOS="177" VPOS="1072" WIDTH="63" HEIGHT="21" WC="0.93" CONTENT="väckt"/><SP WIDTH="15" VPOS="1072" HPOS="240"/>
							<String ID="string_143" HPOS="255" VPOS="1073" WIDTH="178" HEIGHT="27" WC="0.91" CONTENT="petitionsförslag"/><SP WIDTH="15" VPOS="1073" HPOS="433"/>
							<String ID="string_144" HPOS="448" VPOS="1080" WIDTH="34" HEIGHT="14" WC="0.96" CONTENT="om"/><SP WIDTH="16" VPOS="1080" HPOS="482"/>
							<String ID="string_145" HPOS="498" VPOS="1074" WIDTH="110" HEIGHT="20" WC="0.96" CONTENT="införande"/><SP WIDTH="16" VPOS="1074" HPOS="608"/>
							<String ID="string_146" HPOS="624" VPOS="1074" WIDTH="21" HEIGHT="20" WC="0.93" CONTENT="af"/><SP WIDTH="14" VPOS="1074" HPOS="645"/>
							<String ID="string_147" HPOS="659" VPOS="1073" WIDTH="98" HEIGHT="21" WC="0.92" CONTENT="zontariff"/><SP WIDTH="11" VPOS="1073" HPOS="757"/>
							<String ID="string_148" HPOS="768" VPOS="1073" WIDTH="12" HEIGHT="21" WC="0.93" CONTENT="å"/><SP WIDTH="12" VPOS="1073" HPOS="780"/>
							<String ID="string_149" HPOS="792" VPOS="1073" WIDTH="83" HEIGHT="20" WC="0.96" CONTENT="landets"/><SP WIDTH="12" VPOS="1073" HPOS="875"/>
							<String ID="string_150" HPOS="887" VPOS="1073" WIDTH="116" HEIGHT="27" WC="0.96" CONTENT="järnvägar."/>
						</TextLine>
					</TextBlock>
				</ComposedBlock>
				<ComposedBlock ID="cblock_7" HPOS="173" VPOS="1128" WIDTH="831" HEIGHT="427">
					<TextBlock ID="block_6" HPOS="173" VPOS="1128" WIDTH="831" HEIGHT="427">
						<TextLine ID="line_19" HPOS="247" VPOS="1128" WIDTH="757" HEIGHT="29">
							<String ID="string_151" HPOS="247" VPOS="1128" WIDTH="66" HEIGHT="22" WC="0.96" CONTENT="Ordet"/><SP WIDTH="22" VPOS="1128" HPOS="313"/>
							<String ID="string_152" HPOS="335" VPOS="1130" WIDTH="102" HEIGHT="26" WC="0.95" CONTENT="begärdes"/><SP WIDTH="15" VPOS="1130" HPOS="437"/>
							<String ID="string_153" HPOS="452" VPOS="1130" WIDTH="21" HEIGHT="21" WC="0.96" CONTENT="af"/><SP WIDTH="15" VPOS="1130" HPOS="473"/>
							<String ID="string_154" HPOS="488" VPOS="1131" WIDTH="25" HEIGHT="20" WC="0.93" CONTENT="hr"/><SP WIDTH="15" VPOS="1131" HPOS="513"/>
							<String ID="string_155" HPOS="528" VPOS="1130" WIDTH="145" HEIGHT="23" WC="0.90" CONTENT="Neovius,"/><SP WIDTH="16" VPOS="1130" HPOS="673"/>
							<String ID="string_156" HPOS="689" VPOS="1137" WIDTH="45" HEIGHT="14" WC="0.96" CONTENT="som"/><SP WIDTH="16" VPOS="1137" HPOS="734"/>
							<String ID="string_157" HPOS="750" VPOS="1130" WIDTH="93" HEIGHT="27" WC="0.96" CONTENT="yttrade:"/><SP WIDTH="18" VPOS="1130" HPOS="843"/>
							<String ID="string_158" HPOS="861" VPOS="1129" WIDTH="72" HEIGHT="21" WC="0.93" CONTENT="Skulle"/><SP WIDTH="14" VPOS="1129" HPOS="933"/>
							<String ID="string_159" HPOS="947" VPOS="1130" WIDTH="57" HEIGHT="26" WC="0.92" CONTENT="järn-"/>
						</TextLine>
						<TextLine ID="line_20" HPOS="176" VPOS="1158" WIDTH="828" HEIGHT="28">
							<String ID="string_160" HPOS="176" VPOS="1158" WIDTH="156" HEIGHT="26" WC="0.92" CONTENT="vägsutskottet"/><SP WIDTH="22" VPOS="1158" HPOS="332"/>
							<String ID="string_161" HPOS="354" VPOS="1158" WIDTH="62" HEIGHT="21" WC="0.96" CONTENT="hafva"/><SP WIDTH="22" VPOS="1158" HPOS="416"/>
							<String ID="string_162" HPOS="438" VPOS="1159" WIDTH="110" HEIGHT="21" WC="0.96" CONTENT="inskränkt"/><SP WIDTH="15" VPOS="1159" HPOS="548"/>
							<String ID="string_163" HPOS="563" VPOS="1159" WIDTH="32" HEIGHT="27" WC="0.96" CONTENT="sig"/><SP WIDTH="15" VPOS="1159" HPOS="595"/>
							<String ID="string_164" HPOS="610" VPOS="1159" WIDTH="31" HEIGHT="20" WC="0.96" CONTENT="till"/><SP WIDTH="16" VPOS="1159" HPOS="641"/>
							<String ID="string_165" HPOS="657" VPOS="1159" WIDTH="26" HEIGHT="21" WC="0.96" CONTENT="de"/><SP WIDTH="16" VPOS="1159" HPOS="683"/>
							<String ID="string_166" HPOS="699" VPOS="1159" WIDTH="35" HEIGHT="21" WC="0.96" CONTENT="två"/><SP WIDTH="15" VPOS="1159" HPOS="734"/>
							<String ID="string_167" HPOS="749" VPOS="1159" WIDTH="51" HEIGHT="20" WC="0.96" CONTENT="sista"/><SP WIDTH="15" VPOS="1159" HPOS="800"/>
							<String ID="string_168" HPOS="815" VPOS="1158" WIDTH="102" HEIGHT="21" WC="0.94" CONTENT="styckena"/><SP WIDTH="16" VPOS="1158" HPOS="917"/>
							<String ID="string_169" HPOS="933" VPOS="1158" WIDTH="20" HEIGHT="20" WC="0.96" CONTENT="af"/><SP WIDTH="16" VPOS="1158" HPOS="953"/>
							<String ID="string_170" HPOS="969" VPOS="1158" WIDTH="35" HEIGHT="20" WC="0.96" CONTENT="sitt"/>
						</TextLine>
						<TextLine ID="line_21" HPOS="176" VPOS="1186" WIDTH="828" HEIGHT="28">
							<String ID="string_171" HPOS="176" VPOS="1186" WIDTH="141" HEIGHT="24" WC="0.96" CONTENT="betänkande,"/><SP WIDTH="13" VPOS="1186" HPOS="317"/>
							<String ID="string_172" HPOS="330" VPOS="1186" WIDTH="23" HEIGHT="21" WC="0.96" CONTENT="så"/><SP WIDTH="11" VPOS="1186" HPOS="353"/>
							<String ID="string_173" HPOS="364" VPOS="1187" WIDTH="54" HEIGHT="21" WC="0.96" CONTENT="hade"/><SP WIDTH="10" VPOS="1187" HPOS="418"/>
							<String ID="string_174" HPOS="428" VPOS="1188" WIDTH="36" HEIGHT="26" WC="0.96" CONTENT="jag"/><SP WIDTH="7" VPOS="1188" HPOS="464"/>
							<String ID="string_175" HPOS="471" VPOS="1188" WIDTH="46" HEIGHT="20" WC="0.96" CONTENT="icke"/><SP WIDTH="9" VPOS="1188" HPOS="517"/>
							<String ID="string_176" HPOS="526" VPOS="1188" WIDTH="73" HEIGHT="26" WC="0.96" CONTENT="begärt"/><SP WIDTH="7" VPOS="1188" HPOS="599"/>
							<String ID="string_177" HPOS="606" VPOS="1188" WIDTH="65" HEIGHT="26" WC="0.96" CONTENT="ordet,"/><SP WIDTH="9" VPOS="1188" HPOS="671"/>
							<String ID="string_178" HPOS="680" VPOS="1190" WIDTH="22" HEIGHT="24" WC="0.96" CONTENT="ty"/><SP WIDTH="9" VPOS="1190" HPOS="702"/>
							<String ID="string_179" HPOS="711" VPOS="1188" WIDTH="26" HEIGHT="26" WC="0.96" CONTENT="på"/><SP WIDTH="8" VPOS="1188" HPOS="737"/>
							<String ID="string_180" HPOS="745" VPOS="1188" WIDTH="58" HEIGHT="20" WC="0.96" CONTENT="detta"/><SP WIDTH="8" VPOS="1188" HPOS="803"/>
							<String ID="string_181" HPOS="811" VPOS="1186" WIDTH="61" HEIGHT="21" WC="0.96" CONTENT="ställe"/><SP WIDTH="10" VPOS="1186" HPOS="872"/>
							<String ID="string_182" HPOS="882" VPOS="1186" WIDTH="122" HEIGHT="21" WC="0.96" CONTENT="framhåller"/>
						</TextLine>
						<TextLine ID="line_22" HPOS="175" VPOS="1214" WIDTH="829" HEIGHT="29">
							<String ID="string_183" HPOS="175" VPOS="1214" WIDTH="203" HEIGHT="27" WC="0.91" CONTENT="järnvägsutskottet"/><SP WIDTH="14" VPOS="1214" HPOS="378"/>
							<String ID="string_184" HPOS="392" VPOS="1218" WIDTH="30" HEIGHT="18" WC="0.96" CONTENT="att"/><SP WIDTH="18" VPOS="1218" HPOS="422"/>
							<String ID="string_185" HPOS="440" VPOS="1216" WIDTH="101" HEIGHT="20" WC="0.96" CONTENT="utskottet"/><SP WIDTH="11" VPOS="1216" HPOS="541"/>
							<String ID="string_186" HPOS="552" VPOS="1218" WIDTH="69" HEIGHT="18" WC="0.95" CONTENT="ansett"/><SP WIDTH="15" VPOS="1218" HPOS="621"/>
							<String ID="string_187" HPOS="636" VPOS="1216" WIDTH="72" HEIGHT="27" WC="0.93" CONTENT="frågan"/><SP WIDTH="12" VPOS="1216" HPOS="708"/>
							<String ID="string_188" HPOS="720" VPOS="1216" WIDTH="103" HEIGHT="26" WC="0.91" CONTENT="»förtjäna"/><SP WIDTH="8" VPOS="1216" HPOS="823"/>
							<String ID="string_189" HPOS="831" VPOS="1215" WIDTH="97" HEIGHT="26" WC="0.93" CONTENT="alvarligt"/><SP WIDTH="7" VPOS="1215" HPOS="928"/>
							<String ID="string_190" HPOS="935" VPOS="1214" WIDTH="69" HEIGHT="21" WC="0.92" CONTENT="öfver-"/>
						</TextLine>
						<TextLine ID="line_23" HPOS="176" VPOS="1243" WIDTH="828" HEIGHT="28">
							<String ID="string_191" HPOS="176" VPOS="1243" WIDTH="102" HEIGHT="27" WC="0.93" CONTENT="vägande,"/><SP WIDTH="16" VPOS="1243" HPOS="278"/>
							<String ID="string_192" HPOS="294" VPOS="1244" WIDTH="107" HEIGHT="26" WC="0.92" CONTENT="grundadt"/><SP WIDTH="8" VPOS="1244" HPOS="401"/>
							<String ID="string_193" HPOS="409" VPOS="1244" WIDTH="26" HEIGHT="27" WC="0.96" CONTENT="på"/><SP WIDTH="9" VPOS="1244" HPOS="435"/>
							<String ID="string_194" HPOS="444" VPOS="1251" WIDTH="109" HEIGHT="20" WC="0.96" CONTENT="noggrann"/><SP WIDTH="9" VPOS="1251" HPOS="553"/>
							<String ID="string_195" HPOS="562" VPOS="1244" WIDTH="121" HEIGHT="21" WC="0.96" CONTENT="kännedom"/><SP WIDTH="8" VPOS="1244" HPOS="683"/>
							<String ID="string_196" HPOS="691" VPOS="1251" WIDTH="34" HEIGHT="13" WC="0.96" CONTENT="om"/><SP WIDTH="11" VPOS="1251" HPOS="725"/>
							<String ID="string_197" HPOS="736" VPOS="1243" WIDTH="268" HEIGHT="28" WC="0.91" CONTENT="järnvägsförvaltningens"/>
						</TextLine>
						<TextLine ID="line_24" HPOS="176" VPOS="1271" WIDTH="827" HEIGHT="28">
							<String ID="string_198" HPOS="176" VPOS="1271" WIDTH="94" HEIGHT="27" WC="0.96" CONTENT="detaljer,"/><SP WIDTH="23" VPOS="1271" HPOS="270"/>
							<String ID="string_199" HPOS="293" VPOS="1272" WIDTH="65" HEIGHT="20" WC="0.95" CONTENT="innan"/><SP WIDTH="23" VPOS="1272" HPOS="358"/>
							<String ID="string_200" HPOS="381" VPOS="1273" WIDTH="47" HEIGHT="20" WC="0.96" CONTENT="med"/><SP WIDTH="20" VPOS="1273" HPOS="428"/>
							<String ID="string_201" HPOS="448" VPOS="1273" WIDTH="132" HEIGHT="21" WC="0.96" CONTENT="bestämdhet"/><SP WIDTH="16" VPOS="1273" HPOS="580"/>
							<String ID="string_202" HPOS="596" VPOS="1273" WIDTH="41" HEIGHT="20" WC="0.93" CONTENT="kan"/><SP WIDTH="16" VPOS="1273" HPOS="637"/>
							<String ID="string_203" HPOS="653" VPOS="1273" WIDTH="82" HEIGHT="26" WC="0.92" CONTENT="afgöras"/><SP WIDTH="16" VPOS="1273" HPOS="735"/>
							<String ID="string_204" HPOS="751" VPOS="1273" WIDTH="7" HEIGHT="20" WC="0.96" CONTENT="i"/><SP WIDTH="16" VPOS="1273" HPOS="758"/>
							<String ID="string_205" HPOS="774" VPOS="1272" WIDTH="55" HEIGHT="21" WC="0.96" CONTENT="hvad"/><SP WIDTH="16" VPOS="1272" HPOS="829"/>
							<String ID="string_206" HPOS="845" VPOS="1272" WIDTH="48" HEIGHT="20" WC="0.93" CONTENT="mån"/><SP WIDTH="17" VPOS="1272" HPOS="893"/>
							<String ID="string_207" HPOS="910" VPOS="1272" WIDTH="93" HEIGHT="20" WC="0.92" CONTENT="införan-"/>
						</TextLine>
						<TextLine ID="line_25" HPOS="175" VPOS="1300" WIDTH="828" HEIGHT="28">
							<String ID="string_208" HPOS="175" VPOS="1300" WIDTH="36" HEIGHT="20" WC="0.96" CONTENT="det"/><SP WIDTH="23" VPOS="1300" HPOS="211"/>
							<String ID="string_209" HPOS="234" VPOS="1300" WIDTH="21" HEIGHT="20" WC="0.93" CONTENT="af"/><SP WIDTH="22" VPOS="1300" HPOS="255"/>
							<String ID="string_210" HPOS="277" VPOS="1301" WIDTH="124" HEIGHT="21" WC="0.92" CONTENT="zontariffen"/><SP WIDTH="22" VPOS="1301" HPOS="401"/>
							<String ID="string_211" HPOS="423" VPOS="1302" WIDTH="71" HEIGHT="20" WC="0.96" CONTENT="kunde"/><SP WIDTH="19" VPOS="1302" HPOS="494"/>
							<String ID="string_212" HPOS="513" VPOS="1301" WIDTH="88" HEIGHT="27" WC="0.96" CONTENT="erbjuda"/><SP WIDTH="23" VPOS="1301" HPOS="601"/>
							<String ID="string_213" HPOS="624" VPOS="1302" WIDTH="92" HEIGHT="20" WC="0.96" CONTENT="fördelar"/><SP WIDTH="21" VPOS="1302" HPOS="716"/>
							<String ID="string_214" HPOS="737" VPOS="1302" WIDTH="6" HEIGHT="20" WC="0.96" CONTENT="i"/><SP WIDTH="17" VPOS="1302" HPOS="743"/>
							<String ID="string_215" HPOS="760" VPOS="1301" WIDTH="55" HEIGHT="26" WC="0.96" CONTENT="syfte"/><SP WIDTH="16" VPOS="1301" HPOS="815"/>
							<String ID="string_216" HPOS="831" VPOS="1301" WIDTH="21" HEIGHT="20" WC="0.92" CONTENT="af"/><SP WIDTH="14" VPOS="1301" HPOS="852"/>
							<String ID="string_217" HPOS="866" VPOS="1300" WIDTH="137" HEIGHT="27" WC="0.92" CONTENT="järnvägsad-"/>
						</TextLine>
						<TextLine ID="line_26" HPOS="174" VPOS="1329" WIDTH="830" HEIGHT="28">
							<String ID="string_218" HPOS="174" VPOS="1329" WIDTH="183" HEIGHT="21" WC="0.92" CONTENT="ministrationens"/><SP WIDTH="23" VPOS="1329" HPOS="357"/>
							<String ID="string_219" HPOS="380" VPOS="1330" WIDTH="138" HEIGHT="27" WC="0.93" CONTENT="förenkling»."/><SP WIDTH="31" VPOS="1330" HPOS="518"/>
							<String ID="string_220" HPOS="549" VPOS="1330" WIDTH="33" HEIGHT="20" WC="0.93" CONTENT="Då"/><SP WIDTH="15" VPOS="1330" HPOS="582"/>
							<String ID="string_221" HPOS="597" VPOS="1330" WIDTH="202" HEIGHT="27" WC="0.92" CONTENT="järnvägsutskottet"/><SP WIDTH="16" VPOS="1330" HPOS="799"/>
							<String ID="string_222" HPOS="815" VPOS="1329" WIDTH="88" HEIGHT="27" WC="0.96" CONTENT="tidigare"/><SP WIDTH="15" VPOS="1329" HPOS="903"/>
							<String ID="string_223" HPOS="918" VPOS="1329" WIDTH="38" HEIGHT="20" WC="0.93" CONTENT="har"/><SP WIDTH="15" VPOS="1329" HPOS="956"/>
							<String ID="string_224" HPOS="971" VPOS="1335" WIDTH="33" HEIGHT="14" WC="0.93" CONTENT="er-"/>
						</TextLine>
						<TextLine ID="line_27" HPOS="174" VPOS="1356" WIDTH="830" HEIGHT="29">
							<String ID="string_225" HPOS="174" VPOS="1356" WIDTH="52" HEIGHT="22" WC="0.96" CONTENT="känt"/><SP WIDTH="24" VPOS="1356" HPOS="226"/>
							<String ID="string_226" HPOS="250" VPOS="1358" WIDTH="33" HEIGHT="26" WC="0.93" CONTENT="sig"/><SP WIDTH="25" VPOS="1358" HPOS="283"/>
							<String ID="string_227" HPOS="308" VPOS="1358" WIDTH="65" HEIGHT="20" WC="0.96" CONTENT="sakna"/><SP WIDTH="23" VPOS="1358" HPOS="373"/>
							<String ID="string_228" HPOS="396" VPOS="1358" WIDTH="70" HEIGHT="21" WC="0.93" CONTENT="denna"/><SP WIDTH="22" VPOS="1358" HPOS="466"/>
							<String ID="string_229" HPOS="488" VPOS="1358" WIDTH="192" HEIGHT="27" WC="0.80" CONTENT="detalikännedom,"/><SP WIDTH="24" VPOS="1358" HPOS="680"/>
							<String ID="string_230" HPOS="704" VPOS="1358" WIDTH="40" HEIGHT="21" WC="0.96" CONTENT="kan"/><SP WIDTH="24" VPOS="1358" HPOS="744"/>
							<String ID="string_231" HPOS="768" VPOS="1364" WIDTH="50" HEIGHT="14" WC="0.93" CONTENT="man"/><SP WIDTH="22" VPOS="1364" HPOS="818"/>
							<String ID="string_232" HPOS="840" VPOS="1358" WIDTH="47" HEIGHT="20" WC="0.95" CONTENT="icke"/><SP WIDTH="16" VPOS="1358" HPOS="887"/>
							<String ID="string_233" HPOS="903" VPOS="1357" WIDTH="101" HEIGHT="21" WC="0.96" CONTENT="anmärka"/>
						</TextLine>
						<TextLine ID="line_28" HPOS="175" VPOS="1385" WIDTH="829" HEIGHT="29">
							<String ID="string_234" HPOS="175" VPOS="1385" WIDTH="117" HEIGHT="28" WC="0.92" CONTENT="nägonting"/><SP WIDTH="16" VPOS="1385" HPOS="292"/>
							<String ID="string_235" HPOS="308" VPOS="1389" WIDTH="44" HEIGHT="18" WC="0.96" CONTENT="mot"/><SP WIDTH="16" VPOS="1389" HPOS="352"/>
							<String ID="string_236" HPOS="368" VPOS="1389" WIDTH="29" HEIGHT="18" WC="0.96" CONTENT="att"/><SP WIDTH="16" VPOS="1389" HPOS="397"/>
							<String ID="string_237" HPOS="413" VPOS="1387" WIDTH="35" HEIGHT="21" WC="0.93" CONTENT="det"/><SP WIDTH="14" VPOS="1387" HPOS="448"/>
							<String ID="string_238" HPOS="462" VPOS="1387" WIDTH="47" HEIGHT="21" WC="0.92" CONTENT="icke"/><SP WIDTH="17" VPOS="1387" HPOS="509"/>
							<String ID="string_239" HPOS="526" VPOS="1387" WIDTH="69" HEIGHT="21" WC="0.92" CONTENT="utlätit"/><SP WIDTH="16" VPOS="1387" HPOS="595"/>
							<String ID="string_240" HPOS="611" VPOS="1387" WIDTH="31" HEIGHT="27" WC="0.93" CONTENT="sig"/><SP WIDTH="10" VPOS="1387" HPOS="642"/>
							<String ID="string_241" HPOS="652" VPOS="1388" WIDTH="7" HEIGHT="19" WC="0.93" CONTENT="i"/><SP WIDTH="11" VPOS="1388" HPOS="659"/>
							<String ID="string_242" HPOS="670" VPOS="1387" WIDTH="69" HEIGHT="27" WC="0.93" CONTENT="nägon"/><SP WIDTH="13" VPOS="1387" HPOS="739"/>
							<String ID="string_243" HPOS="752" VPOS="1386" WIDTH="95" HEIGHT="21" WC="0.93" CONTENT="bestämd"/><SP WIDTH="11" VPOS="1386" HPOS="847"/>
							<String ID="string_244" HPOS="858" VPOS="1386" WIDTH="99" HEIGHT="26" WC="0.92" CONTENT="riktning."/><SP WIDTH="16" VPOS="1386" HPOS="957"/>
							<String ID="string_245" HPOS="973" VPOS="1385" WIDTH="31" HEIGHT="21" WC="0.93" CONTENT="Pä"/>
						</TextLine>
						<TextLine ID="line_29" HPOS="174" VPOS="1414" WIDTH="829" HEIGHT="28">
							<String ID="string_246" HPOS="174" VPOS="1420" WIDTH="82" HEIGHT="14" WC="0.96" CONTENT="samma"/><SP WIDTH="22" VPOS="1420" HPOS="256"/>
							<String ID="string_247" HPOS="278" VPOS="1416" WIDTH="42" HEIGHT="19" WC="0.93" CONTENT="sätt"/><SP WIDTH="21" VPOS="1416" HPOS="320"/>
							<String ID="string_248" HPOS="341" VPOS="1421" WIDTH="64" HEIGHT="20" WC="0.96" CONTENT="synes"/><SP WIDTH="20" VPOS="1421" HPOS="405"/>
							<String ID="string_249" HPOS="425" VPOS="1416" WIDTH="43" HEIGHT="26" WC="0.93" CONTENT="mig"/><SP WIDTH="16" VPOS="1416" HPOS="468"/>
							<String ID="string_250" HPOS="484" VPOS="1416" WIDTH="63" HEIGHT="20" WC="0.96" CONTENT="också"/><SP WIDTH="15" VPOS="1416" HPOS="547"/>
							<String ID="string_251" HPOS="562" VPOS="1416" WIDTH="36" HEIGHT="20" WC="0.96" CONTENT="det"/><SP WIDTH="15" VPOS="1416" HPOS="598"/>
							<String ID="string_252" HPOS="613" VPOS="1416" WIDTH="50" HEIGHT="20" WC="0.93" CONTENT="sista"/><SP WIDTH="16" VPOS="1416" HPOS="663"/>
							<String ID="string_253" HPOS="679" VPOS="1416" WIDTH="83" HEIGHT="26" WC="0.85" CONTENT="stveket"/><SP WIDTH="16" VPOS="1416" HPOS="762"/>
							<String ID="string_254" HPOS="778" VPOS="1414" WIDTH="107" HEIGHT="21" WC="0.96" CONTENT="innehålla"/><SP WIDTH="15" VPOS="1414" HPOS="885"/>
							<String ID="string_255" HPOS="900" VPOS="1420" WIDTH="26" HEIGHT="15" WC="0.93" CONTENT="en"/><SP WIDTH="16" VPOS="1420" HPOS="926"/>
							<String ID="string_256" HPOS="942" VPOS="1414" WIDTH="61" HEIGHT="20" WC="0.93" CONTENT="moti-"/>
						</TextLine>
						<TextLine ID="line_30" HPOS="174" VPOS="1442" WIDTH="829" HEIGHT="29">
							<String ID="string_257" HPOS="174" VPOS="1442" WIDTH="80" HEIGHT="27" WC="0.92" CONTENT="vering,"/><SP WIDTH="26" VPOS="1442" HPOS="254"/>
							<String ID="string_258" HPOS="280" VPOS="1449" WIDTH="45" HEIGHT="14" WC="0.96" CONTENT="som"/><SP WIDTH="16" VPOS="1449" HPOS="325"/>
							<String ID="string_259" HPOS="341" VPOS="1444" WIDTH="41" HEIGHT="20" WC="0.96" CONTENT="kan"/><SP WIDTH="17" VPOS="1444" HPOS="382"/>
							<String ID="string_260" HPOS="399" VPOS="1451" WIDTH="50" HEIGHT="13" WC="0.93" CONTENT="vara"/><SP WIDTH="15" VPOS="1451" HPOS="449"/>
							<String ID="string_261" HPOS="464" VPOS="1444" WIDTH="86" HEIGHT="27" WC="0.92" CONTENT="förtjänt"/><SP WIDTH="16" VPOS="1444" HPOS="550"/>
							<String ID="string_262" HPOS="566" VPOS="1444" WIDTH="20" HEIGHT="20" WC="0.96" CONTENT="af"/><SP WIDTH="16" VPOS="1444" HPOS="586"/>
							<String ID="string_263" HPOS="602" VPOS="1444" WIDTH="123" HEIGHT="26" WC="0.96" CONTENT="beaktande,"/><SP WIDTH="16" VPOS="1444" HPOS="725"/>
							<String ID="string_264" HPOS="741" VPOS="1444" WIDTH="108" HEIGHT="26" WC="0.96" CONTENT="nämligen"/><SP WIDTH="16" VPOS="1444" HPOS="849"/>
							<String ID="string_265" HPOS="865" VPOS="1445" WIDTH="30" HEIGHT="19" WC="0.93" CONTENT="att"/><SP WIDTH="15" VPOS="1445" HPOS="895"/>
							<String ID="string_266" HPOS="910" VPOS="1442" WIDTH="93" HEIGHT="27" WC="0.92" CONTENT="regerin-"/>
						</TextLine>
						<TextLine ID="line_31" HPOS="173" VPOS="1471" WIDTH="830" HEIGHT="28">
							<String ID="string_267" HPOS="173" VPOS="1476" WIDTH="42" HEIGHT="22" WC="0.96" CONTENT="gen"/><SP WIDTH="15" VPOS="1476" HPOS="215"/>
							<String ID="string_268" HPOS="230" VPOS="1471" WIDTH="66" HEIGHT="21" WC="0.93" CONTENT="redan"/><SP WIDTH="16" VPOS="1471" HPOS="296"/>
							<String ID="string_269" HPOS="312" VPOS="1472" WIDTH="84" HEIGHT="21" WC="0.96" CONTENT="nedsatt"/><SP WIDTH="15" VPOS="1472" HPOS="396"/>
							<String ID="string_270" HPOS="411" VPOS="1479" WIDTH="27" HEIGHT="14" WC="0.93" CONTENT="en"/><SP WIDTH="15" VPOS="1479" HPOS="438"/>
							<String ID="string_271" HPOS="453" VPOS="1472" WIDTH="79" HEIGHT="21" WC="0.37" CONTENT="komitö"/><SP WIDTH="14" VPOS="1472" HPOS="532"/>
							<String ID="string_272" HPOS="546" VPOS="1473" WIDTH="33" HEIGHT="20" WC="0.96" CONTENT="för"/><SP WIDTH="16" VPOS="1473" HPOS="579"/>
							<String ID="string_273" HPOS="595" VPOS="1472" WIDTH="156" HEIGHT="27" WC="0.96" CONTENT="behandlingen"/><SP WIDTH="17" VPOS="1472" HPOS="751"/>
							<String ID="string_274" HPOS="768" VPOS="1472" WIDTH="21" HEIGHT="20" WC="0.93" CONTENT="af"/><SP WIDTH="12" VPOS="1472" HPOS="789"/>
							<String ID="string_275" HPOS="801" VPOS="1472" WIDTH="80" HEIGHT="26" WC="0.96" CONTENT="frågan,"/><SP WIDTH="10" VPOS="1472" HPOS="881"/>
							<String ID="string_276" HPOS="891" VPOS="1471" WIDTH="39" HEIGHT="21" WC="0.93" CONTENT="och"/><SP WIDTH="14" VPOS="1471" HPOS="930"/>
							<String ID="string_277" HPOS="944" VPOS="1471" WIDTH="59" HEIGHT="20" WC="0.91" CONTENT="kom-"/>
						</TextLine>
						<TextLine ID="line_32" HPOS="173" VPOS="1499" WIDTH="830" HEIGHT="27">
							<String ID="string_278" HPOS="173" VPOS="1505" WIDTH="47" HEIGHT="15" WC="0.96" CONTENT="mer"/><SP WIDTH="18" VPOS="1505" HPOS="220"/>
							<String ID="string_279" HPOS="238" VPOS="1500" WIDTH="40" HEIGHT="20" WC="0.93" CONTENT="den"/><SP WIDTH="17" VPOS="1500" HPOS="278"/>
							<String ID="string_280" HPOS="295" VPOS="1500" WIDTH="90" HEIGHT="21" WC="0.91" CONTENT="sälunda"/><SP WIDTH="15" VPOS="1500" HPOS="385"/>
							<String ID="string_281" HPOS="400" VPOS="1501" WIDTH="7" HEIGHT="20" WC="0.93" CONTENT="i"/><SP WIDTH="15" VPOS="1501" HPOS="407"/>
							<String ID="string_282" HPOS="422" VPOS="1501" WIDTH="68" HEIGHT="21" WC="0.93" CONTENT="sinom"/><SP WIDTH="17" VPOS="1501" HPOS="490"/>
							<String ID="string_283" HPOS="507" VPOS="1501" WIDTH="29" HEIGHT="21" WC="0.96" CONTENT="tid"/><SP WIDTH="16" VPOS="1501" HPOS="536"/>
							<String ID="string_284" HPOS="552" VPOS="1503" WIDTH="30" HEIGHT="19" WC="0.93" CONTENT="att"/><SP WIDTH="15" VPOS="1503" HPOS="582"/>
							<String ID="string_285" HPOS="597" VPOS="1501" WIDTH="48" HEIGHT="21" WC="0.93" CONTENT="leda"/><SP WIDTH="16" VPOS="1501" HPOS="645"/>
							<String ID="string_286" HPOS="661" VPOS="1501" WIDTH="31" HEIGHT="21" WC="0.95" CONTENT="till"/><SP WIDTH="16" VPOS="1501" HPOS="692"/>
							<String ID="string_287" HPOS="708" VPOS="1501" WIDTH="35" HEIGHT="20" WC="0.97" CONTENT="det"/><SP WIDTH="16" VPOS="1501" HPOS="743"/>
							<String ID="string_288" HPOS="759" VPOS="1500" WIDTH="93" HEIGHT="26" WC="0.96" CONTENT="resultat,"/><SP WIDTH="16" VPOS="1500" HPOS="852"/>
							<String ID="string_289" HPOS="868" VPOS="1506" WIDTH="45" HEIGHT="14" WC="0.93" CONTENT="som"/><SP WIDTH="15" VPOS="1506" HPOS="913"/>
							<String ID="string_290" HPOS="928" VPOS="1499" WIDTH="75" HEIGHT="27" WC="0.93" CONTENT="frägan"/>
						</TextLine>
						<TextLine ID="line_33" HPOS="173" VPOS="1528" WIDTH="829" HEIGHT="27">
							<String ID="string_291" HPOS="173" VPOS="1534" WIDTH="63" HEIGHT="14" WC="0.91" CONTENT="anses"/><SP WIDTH="22" VPOS="1534" HPOS="236"/>
							<String ID="string_292" HPOS="258" VPOS="1528" WIDTH="97" HEIGHT="27" WC="0.95" CONTENT="förtjäna."/><SP WIDTH="31" VPOS="1528" HPOS="355"/>
							<String ID="string_293" HPOS="386" VPOS="1529" WIDTH="41" HEIGHT="21" WC="0.96" CONTENT="Det"/><SP WIDTH="15" VPOS="1529" HPOS="427"/>
							<String ID="string_294" HPOS="442" VPOS="1532" WIDTH="24" HEIGHT="18" WC="0.96" CONTENT="är"/><SP WIDTH="14" VPOS="1532" HPOS="466"/>
							<String ID="string_295" HPOS="480" VPOS="1530" WIDTH="54" HEIGHT="20" WC="0.96" CONTENT="dock"/><SP WIDTH="16" VPOS="1530" HPOS="534"/>
							<String ID="string_296" HPOS="550" VPOS="1532" WIDTH="30" HEIGHT="18" WC="0.93" CONTENT="att"/><SP WIDTH="15" VPOS="1532" HPOS="580"/>
							<String ID="string_297" HPOS="595" VPOS="1529" WIDTH="101" HEIGHT="21" WC="0.96" CONTENT="anmärka"/><SP WIDTH="16" VPOS="1529" HPOS="696"/>
							<String ID="string_298" HPOS="712" VPOS="1531" WIDTH="29" HEIGHT="19" WC="0.96" CONTENT="att"/><SP WIDTH="16" VPOS="1531" HPOS="741"/>
							<String ID="string_299" HPOS="757" VPOS="1529" WIDTH="70" HEIGHT="21" WC="0.93" CONTENT="denna"/><SP WIDTH="16" VPOS="1529" HPOS="827"/>
							<String ID="string_300" HPOS="843" VPOS="1528" WIDTH="79" HEIGHT="21" WC="0.82" CONTENT="komit6"/><SP WIDTH="14" VPOS="1528" HPOS="922"/>
							<String ID="string_301" HPOS="936" VPOS="1528" WIDTH="66" HEIGHT="20" WC="0.96" CONTENT="redan"/>
						</TextLine>
					</TextBlock>
				</ComposedBlock>
			</PrintSpace>
		</Page>
	</Layout>
</alto>
