1142 1773
210 116 55 20 1342
413 122 180 21 Borgareståndet
607 123 56 15 1894.
688 123 25 15 23
726 122 47 20 maj.

181 201 96 27 lämpligt
298 203 29 20 att
349 202 35 20 vid
407 208 81 15 samma
510 202 107 27 landtdag,
641 202 37 20 där
693 202 113 20 ständerna
822 202 63 20 hafva
900 202 109 26 emottagit

182 230 84 20 Antells
289 230 115 21 storartade
427 230 69 27 gäfva,
517 231 114 20 ständerna
647 234 74 23 genast
735 230 70 20 skulle
821 230 84 21 anhålla
921 232 30 19 att
965 234 45 22 sty-

181 259 69 20 relsen
274 258 48 21 ville
345 259 86 21 tillsätta
454 266 26 14 en
504 260 137 20 kommission
665 260 52 20 eller
736 259 127 26 delegation,
879 265 45 14 som
940 258 69 21 skulle

181 290 48 24 taga
253 287 50 21 vård
326 294 34 14 om
383 288 70 20 denna
476 288 68 27 gåfva,
560 291 50 17 utan
626 288 51 20 fann
694 288 101 20 utskottet
811 288 36 20 det
862 294 49 14 vara
926 287 81 27 lämpli-

180 318 46 25 gast
249 318 30 18 att
294 322 26 15 en
335 316 153 21 förberedande
505 316 119 27 delegation
640 316 68 21 skulle
728 319 64 23 utses,
809 316 85 21 hvilken
911 316 52 27 egde
979 317 30 19 att

181 347 48 24 taga
244 344 73 28 frågan
334 352 35 13 om
384 345 40 20 den
440 345 99 21 framtida
555 345 78 21 vården
651 352 33 14 om
701 345 25 21 de
742 345 113 21 Antellska
865 345 142 24 samlingarna

181 374 38 20 och
242 374 47 20 hela
312 376 133 18 tostamentet
467 374 69 20 under
559 374 142 27 bepröfvande
724 374 39 20 och
785 374 31 20 till
833 376 59 18 nästa
907 373 102 27 landtdag

180 402 85 20 komma
287 402 21 20 in
332 402 48 20 med
403 402 78 28 förslag
504 403 55 20 huru
580 402 60 21 dessa
662 402 96 27 åtgärder
781 402 66 21 borde
863 402 82 20 ordnas.
975 401 33 21 Då

181 430 147 26 delegationen
350 430 32 21 fär
404 437 26 14 en
454 431 64 21 sädan
544 431 113 21 vidsträckt
679 431 105 23 fullmakt,
809 431 41 20 kan
874 431 47 26 den,
942 430 66 26 enligt

181 459 55 20 hvad
253 459 5 20 i
276 459 102 21 utskottet
392 460 38 20 har
445 460 92 27 uttalats,
553 460 68 21 under
637 461 60 20 dessa
714 463 30 18 tre
760 460 23 20 år
799 460 54 20 både
869 459 91 27 förfräga
975 459 33 26 sig

180 488 38 21 hos
241 488 103 27 styrelsen
368 489 39 20 och
432 489 94 20 inhämta
549 489 41 20 alla
613 489 66 26 öfriga
699 489 160 27 upplysningar,
875 495 44 14 som
936 487 71 21 kunde

180 517 62 20 lända
266 517 31 20 till
319 524 54 20 gagn
390 517 34 20 vid
444 518 123 20 ständernas
587 518 84 26 slutliga
687 517 115 27 afgörande
819 518 20 19 af
854 517 79 26 frägan.
964 516 44 27 Mig

180 552 64 20 synes
267 546 81 20 säledes
371 548 30 18 att
423 553 26 14 en
465 546 65 21 sädan
546 547 87 26 lydelse,
650 553 44 14 som
711 547 40 19 den
767 546 66 21 första
848 546 105 20 klämmen
970 545 37 20 har

180 574 5 20 i
210 574 110 21 utskottets
345 574 137 22 betänkande,
504 575 139 27 bemyndigar
659 575 147 26 delegationen
823 576 30 19 att
869 574 139 21 framkomma

180 603 48 20 med
244 603 42 20 alla
301 603 115 27 förnuftiga
432 604 78 27 förslag
525 604 30 20 till
571 604 86 27 frågans
673 603 108 22 definitiva
797 603 90 27 lösning.

248 671 32 21 Hr
302 671 83 21 Lille:
411 672 73 21 Sävidt
505 673 36 26 jag
563 673 60 20 fattat
638 673 112 20 utskottets
766 672 141 26 betänkande,
923 672 37 20 har
975 673 32 18 ut-

181 700 77 21 skottet
273 701 46 20 icke
335 701 63 20 afsett
416 703 65 18 annat
496 703 25 18 än
540 704 29 18 att
584 702 103 26 begränsa
703 701 160 27 delegationens
879 701 82 26 uppgift
976 700 31 20 till

179 731 30 18 att
232 731 48 24 taga
303 729 50 20 värd
377 736 33 14 om
434 730 26 21 de
476 730 111 21 Antellska
603 730 147 26 samlingarna.
783 729 74 21 Under
872 729 78 20 sädana
965 729 42 20 för-

178 757 114 21 hällanden
316 765 63 19 synes
404 758 34 21 det
454 759 43 26 mig
512 765 49 14 vara
578 765 26 14 en
621 759 96 25 oafvislig
733 758 158 27 nödvändighet
907 760 29 19 att
951 759 57 19 stän-

178 786 65 21 derna
267 793 29 13 nu
311 787 32 20 för
358 787 31 20 sin
411 787 33 21 del
461 790 45 17 utse
522 794 26 14 en
565 787 118 26 delegation
700 787 38 20 och
754 787 47 20 icke
817 787 7 20 i
840 787 69 20 denna
925 787 83 26 delega-

178 815 44 20 tion
245 815 50 20 söka
316 815 100 21 inblanda
438 816 61 20 äfven
522 813 138 24 medlemmar
685 816 45 20 frän
750 815 117 27 styrelsens
882 815 51 21 sida.
963 815 45 20 Här

178 843 63 20 hafva
256 844 65 20 redan
338 844 80 20 anförts
434 845 124 26 tillräckliga
574 845 44 19 skäl
635 847 56 17 emot
707 847 29 17 att
751 844 191 26 bankfullmäktige
958 843 49 27 ingå

178 872 6 20 i
208 879 26 13 en
259 872 65 21 sädan
341 872 90 22 blandad
453 873 143 27 kommission,
613 873 38 21 och
667 873 25 21 hr
707 873 77 21 Heikel
800 873 38 20 har
853 873 48 27 själf
916 872 92 27 frängätt

178 900 35 21 sitt
228 901 78 27 förslag
323 901 31 20 till
370 902 40 20 den
426 902 68 26 delen,
511 902 84 20 hvarför
610 902 47 21 hela
674 902 56 20 detta
745 902 80 26 förslag
841 902 34 20 väl
891 902 66 20 måste
971 908 37 14 an-

178 936 33 14 ses
233 936 51 14 vara
306 930 97 20 förfallet.
433 930 41 28 Jag
490 931 68 20 skulle
580 931 33 20 för
629 931 42 20 min
692 930 33 21 del
742 930 73 20 kunna
831 930 60 27 nöjas
902 930 47 20 med
966 930 41 21 den

177 957 57 21 kläm
257 958 101 22 utskottet
374 959 37 20 här
433 960 37 19 har
484 960 129 26 formulerat,
630 966 49 14 men
695 959 26 20 dä
733 960 36 26 jag
784 958 70 21 finner
870 961 29 18 att
915 959 70 20 denna
1000 958 7 20 i

177 986 56 20 vissa
256 987 114 21 afseenden
393 989 23 19 är
438 988 138 26 ofullständig
591 988 40 20 och
647 990 29 18 att
692 988 40 20 den
749 988 21 20 af
786 988 25 20 hr
827 987 102 21 Schvindt
944 987 63 20 fram-

177 1015 67 20 stälda
267 1016 107 20 klämmen
396 1018 23 18 är
442 1023 45 14 mer
509 1017 136 25 omfattande,
669 1016 80 20 kanske
765 1017 63 19 äfven
845 1022 45 14 mer
905 1016 102 26 sakenlig,

177 1043 38 21 ber
230 1044 35 27 jag
281 1046 30 18 att
325 1044 33 20 för
372 1044 44 20 min
434 1045 33 20 del
483 1045 21 20 fä
519 1045 73 21 förena
607 1045 44 27 mig
667 1052 33 13 om
717 1045 75 21 denna.

245 1112 33 20 Hr
300 1113 177 27 Appelberg:
500 1114 42 26 Jag
564 1114 38 20 har
617 1114 110 27 ingenting
743 1114 100 20 särskildt
858 1115 57 19 emot
930 1114 29 20 att
974 1113 32 20 in-

178 1140 91 21 skränka
285 1141 158 26 delegationens
460 1142 126 26 befogenhet
601 1142 68 21 säsom
685 1143 26 19 hr
725 1142 77 21 Heikel
818 1142 113 26 föreslagit,
946 1143 59 19 näm-

176 1169 56 27 ligen
256 1172 30 18 att
308 1170 147 26 delegationen
479 1171 74 21 endast
573 1171 68 20 skulle
657 1174 48 24 taga
721 1171 118 26 befattning
855 1170 48 21 med
919 1170 26 20 de
960 1170 45 20 An-

178 1198 76 20 tellska
278 1198 148 28 samlingarna,
442 1199 57 20 säväl
515 1200 25 20 de
557 1200 123 20 nuvarande
696 1206 45 14 som
757 1200 26 20 de
800 1199 105 27 framtida,
921 1198 39 21 och
976 1200 30 19 att

176 1226 67 20 likaså
263 1226 73 28 frågan
360 1234 34 14 om
416 1228 197 20 ästadkommandet
635 1228 21 20 af
679 1234 26 15 en
721 1234 123 21 gemensam
861 1228 88 26 styrelse
966 1227 39 21 och

176 1254 130 28 förvaltning
328 1256 32 20 för
381 1256 35 20 det
439 1256 106 21 blifvande
568 1256 177 21 nationalmuseet
768 1256 47 21 icke
839 1257 21 19 af
881 1256 70 20 denna
970 1256 35 20 de-

177 1283 94 27 legation
294 1284 68 20 skulle
385 1286 107 26 upptagas.
524 1284 72 22 Såsom
619 1286 34 26 jag
669 1286 65 20 redan
749 1285 39 20 har
803 1285 75 26 anfört,
894 1291 62 14 anser
970 1284 36 27 jag

178 1312 18 26 ej
221 1312 67 21 häller
308 1319 25 14 en
358 1313 63 20 sådan
444 1314 177 26 gemensamhet
609 1308 12 36 i
637 1314 104 26 styrelsen
757 1314 40 20 och
812 1313 156 27 förvaltningen
985 1312 21 21 af

178 1340 26 21 de
221 1341 115 21 olikartade
352 1341 206 28 konstsamlingarna
573 1342 39 20 och
629 1342 157 27 vetenskapliga
803 1342 143 26 samlingarna
954 1348 51 14 vara

177 1369 21 20 af
221 1369 69 27 någon
316 1370 93 26 egentlig
432 1370 50 26 vikt,
502 1371 39 19 och
557 1377 62 14 anser
633 1371 36 27 jag
684 1373 29 18 att
729 1378 50 13 man
795 1370 112 27 ingenting
922 1370 38 20 har
975 1372 30 18 att

174 1397 78 21 förlora
269 1398 69 27 därpä,
355 1405 35 13 om
406 1405 49 14 man
471 1399 125 21 inskränker
611 1399 159 27 delegationens
787 1399 127 27 befogenhet
930 1398 75 21 endast

175 1425 32 21 till
223 1426 79 21 värden
318 1427 21 20 af
352 1427 25 20 de
393 1428 112 20 Antellska
520 1428 149 27 samlingarna.

243 1488 33 21 Hr
298 1489 119 27 Elving:
441 1490 33 21 Dä
496 1491 24 19 hr
534 1490 76 21 Heikel
628 1490 64 28 ansäg
707 1491 32 27 sig
754 1491 75 20 kunna
844 1490 118 21 fränkänna
977 1490 26 20 de

176 1517 20 21 af
219 1518 45 26 mig
279 1518 126 21 framhällna
420 1519 73 21 skälen
509 1519 27 20 all
553 1519 108 27 betydelse
678 1520 67 20 under
760 1519 115 28 pästäende
892 1521 29 19 att
936 1518 67 21 bank-
