1142 1773
343 130 178 21 Borgareståndet
534 132 57 16 1894.
616 132 26 16 29
655 132 47 20 maj.
867 126 54 20 1529

191 210 33 21 Hr
246 210 121 22 talmannen
392 212 134 26 uppmanade
550 212 91 20 härefter
656 211 95 21 ståndets
767 212 139 20 medlemmar
921 213 30 19 att

124 245 49 15 vara
196 239 91 21 beredde
311 242 29 18 att
355 240 35 20 vid
406 240 170 26 morgondagens
591 240 87 27 plenum
695 242 46 18 utse
757 240 139 20 medlemmar
911 240 38 20 och

124 268 135 27 suppleanter
281 268 6 20 i
311 268 40 20 den
374 268 126 27 delegation,
523 275 45 14 som
584 268 83 21 ståndet
683 275 76 20 genom
775 269 36 20 sitt
826 275 29 14 nu
871 268 79 21 fattade

124 296 69 21 beslut
220 296 86 20 beslutit
330 296 86 21 tillsätta
441 297 33 20 för
498 297 78 21 vården
596 298 21 20 af
632 297 26 21 de
673 297 113 21 Antellska
801 297 142 27 samlingarna

192 450 118 27 Föredrogs
337 451 107 22 allmänna
468 452 199 21 besvärsutskottets
693 452 34 20 vid
753 453 83 20 senaste
863 452 86 27 plenum

126 479 115 33 bordlagda
264 480 78 27 förslag
356 480 32 21 till
404 481 207 26 sammanjämkning
626 481 21 20 af
663 481 100 20 ståndens
779 481 119 32 skiljaktiga
914 481 35 20 be-

125 507 42 21 slut
182 508 6 20 i
205 508 58 27 fråga
285 515 33 14 om
335 509 112 20 utskottets
463 509 133 21 betänkande
612 516 34 14 n:o
663 510 26 20 20
705 509 110 27 angående
830 510 6 19 i
853 509 96 26 samtliga

125 536 60 21 stånd
212 537 73 20 väckta
310 537 170 28 motionsförslag
507 545 33 14 om
561 538 134 27 päbjudande
712 539 21 19 af
748 538 78 21 allmän
842 538 53 21 läro-
910 537 39 21 och

125 565 99 27 skolplikt
249 567 54 19 samt
325 566 109 27 angående
459 569 29 18 ett
503 567 6 20 i
525 567 154 20 bondeståndet
695 567 62 20 väckt
771 567 179 26 petitionsförslag

126 600 33 14 om
185 594 198 21 landskommuners
408 595 142 27 förpliktande
574 598 29 18 att
625 595 77 21 inrätta
718 602 26 14 en
760 595 64 27 högre
839 595 110 21 folkskola.

192 650 63 21 Detta
270 651 296 28 sammanjämkningsförslag
580 652 122 27 godkändes
718 654 51 19 utan
785 652 125 21 diskussion.

194 811 131 27 Föredrogos
342 812 37 20 och
396 812 123 26 godkändes
535 812 101 21 likaledes
651 815 51 18 utan
719 812 121 21 diskussion
855 812 44 27 lag-
911 812 38 21 och

124 839 213 22 ekonomiutskottets
352 841 35 20 vid
404 843 82 18 senaste
504 841 86 26 plenum
606 841 116 27 bordlagda
738 841 157 20 betänkanden:

194 903 33 14 n:o
252 898 25 20 10
300 898 7 19 i
323 898 115 26 anledning
453 898 21 20 af
489 900 78 18 tvänne
583 898 178 27 petitionsförslag
777 898 108 27 angående
902 898 47 20 ord-

125 925 79 21 nandet
226 926 21 20 af
269 926 113 20 förstäders
406 927 37 20 och
463 927 48 20 med
528 927 47 20 dem
592 927 102 20 likartade
710 927 127 21 samhällens
853 927 97 20 kommu-

125 954 48 20 nala
189 954 155 27 förhällanden;
358 955 39 20 och

194 1018 34 13 n:o
248 1012 26 20 13
294 1012 7 20 i
316 1012 116 26 anledning
448 1012 21 20 af
484 1014 30 18 ett
529 1012 56 20 inom
601 1012 156 21 bondeständet
773 1013 61 20 väckt
850 1012 99 21 motions-

124 1040 78 34 förslag
224 1040 90 20 rörande
336 1029 94 38 ändring
449 1040 21 21 af
492 1042 12 19 2
527 1042 39 20 och
581 1042 13 19 4
609 1041 26 27 $$
651 1042 7 19 i
672 1041 151 35 förordningen
841 1041 109 32 angäende

126 1070 73 25 vägars
217 1069 38 20 och
272 1068 72 21 broars
359 1069 113 27 byggande
488 1070 40 20 och
543 1070 138 20 underhåll
670 1064 11 37 &
697 1070 72 20 landet
784 1058 21 32 af
821 1070 40 20 den
879 1070 25 20 15
919 1070 30 26 ja-

124 1097 61 20 nuari
201 1098 60 20 1883.

193 1268 117 27 Föredrogs
335 1268 44 26 lag-
402 1269 39 20 och
464 1268 212 21 ekonomiutskottets
699 1269 34 20 vid
757 1272 83 18 senaste
863 1268 86 28 plenum

124 1296 116 27 bordlagda
263 1296 133 22 betänkande
419 1304 34 13 n:o
477 1298 26 20 14
522 1298 7 19 i
545 1298 115 26 anledning
675 1298 21 20 af
712 1298 47 26 fyra
774 1298 102 20 särskilda
891 1297 58 20 inom

124 1325 154 21 bondeständet
304 1326 74 20 väckta
402 1326 180 27 petitionsförslag
607 1326 108 26 angäende
738 1326 89 26 ändring
847 1326 5 20 i
869 1326 80 20 förord-

124 1354 79 26 ningen
220 1361 34 13 om
271 1356 73 25 vägars
361 1354 39 20 och
417 1354 71 20 broars
504 1354 113 28 byggande
633 1354 39 21 och
688 1354 111 21 underhåll
815 1356 11 19 å
841 1354 72 21 landet
929 1354 21 20 af

124 1382 40 21 den
182 1383 25 20 15
222 1383 83 26 januari
322 1383 60 20 1883.

192 1439 33 21 Hr
239 1440 178 20 Andersson
433 1440 72 20 anhöll
521 1447 34 13 om
571 1440 60 21 ordet
646 1440 39 20 och
701 1440 93 26 yttrade:
810 1440 72 20 Koska
897 1440 53 20 mie-

123 1468 74 20 tinnön
224 1468 204 27 otsakirjoituksessa
454 1475 26 14 on
506 1469 125 26 jokseenkin
654 1469 84 26 näkyvä
760 1469 129 27 painovirhe,
905 1468 44 20 niin

122 1496 106 27 pyytäisin
246 1497 46 20 siitä
308 1497 142 20 huomauttaa.
482 1497 55 21 Sana
554 1497 157 21 »Joulukuuta»
730 1504 27 13 on
773 1499 132 19 muutettava
917 1502 33 14 sa-

123 1525 60 20 naksi
201 1525 179 21 »Tammikuuta».
