1142 1773
228 122 40 20 780
422 130 180 21 Borgareståndet
615 131 59 17 1894.
699 132 23 16 21
736 130 57 22 april.

198 210 28 18 ett
252 208 20 20 af
296 209 50 21 våra
368 211 102 20 ränterier
495 210 111 28 påkallade
622 215 29 17 ett
667 210 179 28 petitionsförslag
861 210 6 20 i
884 210 57 21 detta
956 209 68 27 stånd,

197 236 81 28 gående
305 240 23 18 ut
353 238 27 27 på
404 245 26 14 en
456 240 181 26 genomgripande
662 240 77 20 reform
756 239 21 21 af
792 241 79 19 statens
886 238 138 28 räkenskaps-

197 266 98 20 väsende.
324 266 76 21 Denna
415 268 95 26 petition,
526 274 45 14 som
588 268 124 26 tillstyrktes
728 268 21 20 af
764 267 159 21 vederbörande
938 267 86 27 utskott,

197 294 96 21 motades
316 294 25 21 då
359 296 49 20 med
423 296 170 21 underrättelsen
610 303 35 13 om
661 299 29 18 att
706 296 124 27 regeringen
847 296 106 21 allaredan
969 296 55 20 hade

197 322 89 28 vidtagit
308 323 70 27 åtgärd
403 324 32 21 för
450 324 145 28 afhjälpandet
610 325 21 20 af
646 324 199 27 missförhållandet,
860 326 30 19 att
905 331 26 14 en
947 330 76 21 person

197 351 106 21 allaredan
320 352 53 21 hade
389 353 97 21 vidtalats
502 360 34 14 om
552 356 30 18 att
597 354 86 20 studera
698 354 33 26 sig
745 354 22 20 in
782 353 7 21 i
805 353 72 27 frågan
894 353 39 21 och
945 352 78 28 afgifva

197 380 77 26 förslag
300 387 34 13 om
360 381 47 21 dess
432 382 115 20 ordnande.
578 382 110 21 Såtillvida
710 382 137 20 realiserades
862 382 76 27 planen
960 381 63 21 också

198 410 29 18 att
254 408 69 21 denne
351 416 80 14 samma
453 416 83 21 person,
559 411 121 27 antagligen
697 411 40 21 den
753 412 54 19 mest
822 410 139 28 kompetenta,
977 416 46 14 som

196 436 72 21 kunde
292 437 30 21 till
345 438 117 27 uppdraget
487 441 63 24 utses,
573 439 124 21 utarbetade
719 442 28 18 ett
767 439 78 27 förslag
860 439 7 20 i
882 440 75 26 ämnet,
973 444 49 15 men

196 465 57 21 detta
276 466 78 28 förslag
374 467 38 21 har
427 474 29 14 nu
472 468 87 21 hamnat
573 469 8 19 i
597 475 25 14 en
639 469 21 20 af
675 468 26 21 de
717 468 84 27 vanliga
817 468 135 26 komitéerna,
968 474 55 14 sam-

196 497 92 18 mansatt
310 495 27 27 på
360 498 29 18 ett
411 496 23 21 så
457 496 142 27 byråkratiskt
614 499 41 18 sätt
670 500 29 17 att
714 503 50 14 man
779 497 46 20 icke
842 497 39 20 kan
899 497 78 26 hoppas
993 498 30 18 att

196 523 112 27 reformen,
331 523 126 22 åtminstone
480 525 54 20 hvad
550 525 163 27 grundligheten
729 525 104 26 beträffar,
848 525 53 20 skall
916 527 106 18 motsvara

195 551 56 21 hvad
273 552 92 27 önskligt
384 559 54 15 vore.
469 553 124 22 Emellertid
610 554 37 20 har
663 554 154 21 statsutskottet
833 560 28 14 nu
877 553 7 21 i
899 554 35 20 sitt
949 553 72 21 betän-

196 580 69 21 kande
282 581 125 21 åtminstone
424 582 104 21 såtillvida
544 583 62 26 yrkat
621 583 26 26 på
663 585 29 18 ett
707 582 153 27 påskyndande
875 583 22 20 af
916 582 105 21 reformen

196 611 29 18 att
249 609 168 28 räkenskaperna
443 611 35 20 vid
502 611 190 20 landtränterierna
717 611 69 20 skulle
812 611 55 20 föras
887 611 53 20 efter
955 611 68 20 andra

195 637 93 26 grunder
310 640 27 19 än
360 639 71 25 hittils,
454 639 39 21 och
514 641 34 26 jag
571 639 41 21 kan
636 640 46 20 icke
705 643 65 17 annat
785 641 27 19 än
827 639 7 20 i
850 639 57 21 detta
921 639 102 21 afseende

194 665 7 20 i
217 665 41 21 allo
276 667 112 20 instämma
404 668 5 19 i
426 668 164 21 statsutskottets
605 668 84 27 förslag.
719 668 69 27 Något
804 670 23 19 är
841 668 23 27 ju
880 668 57 21 alltid
954 668 67 20 bättre

195 696 25 18 än
242 695 58 20 intet.
331 695 48 21 Men
401 696 35 21 det
451 698 23 19 är
488 697 47 20 icke
551 697 52 21 blott
619 697 45 20 från
681 697 136 27 synpunkten
833 697 22 20 af
870 696 89 21 kontroll
975 703 45 14 som

195 729 25 14 en
240 723 91 28 ändring
349 724 6 20 i
371 724 46 21 vårt
432 725 223 27 räkenskapsväsende
670 732 50 14 vore
736 726 5 19 i
758 726 42 26 hög
815 725 50 27 grad
882 725 87 26 önsklig,
985 725 36 20 det

195 753 23 18 är
240 751 35 21 det
296 754 57 19 ännu
375 759 58 15 mera
449 753 45 21 från
512 754 136 27 synpunkten
664 755 21 20 af
700 761 27 14 en
743 754 82 26 värklig
840 754 123 21 ekonomisk
979 753 42 21 för-

194 779 96 28 valtning
312 781 21 20 af
354 782 142 21 statsmedlen.
527 782 82 21 Saknar
623 783 41 20 den
680 783 91 20 ledande
787 789 92 14 mannen
895 783 41 20 den
952 782 69 21 öfver-

194 808 55 21 blick
273 809 59 21 öfver
354 810 134 26 situationen,
510 817 45 14 som
577 811 74 21 endast
667 814 29 18 ett
712 811 32 20 väl
761 811 107 27 uppstäldt
883 811 138 26 räkenskaps-

194 837 92 21 väsende
309 838 41 20 kan
373 839 76 26 lämna,
465 839 23 20 så
503 839 41 21 kan
560 839 163 28 hushållningen
739 840 47 20 icke
802 846 38 14 ens
855 839 48 21 med
919 839 25 21 de
961 839 58 20 bästa

193 865 129 22 intentioner
337 867 65 21 blifva
417 867 89 21 effektiv.

262 894 122 22 Emellertid
408 896 39 21 har
468 897 159 25 statsutskottet,
643 897 86 21 oaktadt
745 897 41 20 alla
801 896 26 21 de
844 896 177 26 bristfälligheter,

193 929 45 14 som
261 923 85 21 vidläda
361 927 107 24 systemet,
483 925 82 27 lyckats
580 926 48 20 med
645 926 35 20 det
696 925 117 21 värdefulla
829 925 77 26 arbete,
921 932 45 14 som
982 925 39 20 här

193 951 115 27 föreligger
324 952 29 21 till
371 953 135 27 behandling,
521 960 76 21 genom
614 954 114 20 statistiska
743 954 221 26 sammanställningar
979 954 40 20 och

192 980 32 20 till
248 980 47 21 dem
320 981 75 27 fogade
418 982 153 27 upplysningar
593 982 6 20 i
622 982 69 28 nägon
712 982 49 21 män
778 984 50 25 göra
843 982 36 21 det
893 982 81 27 möjligt
989 984 31 18 att

193 1008 90 21 bedöma
297 1009 55 21 huru
368 1010 215 28 statshushällningen
600 1011 7 20 i
622 1011 47 20 värt
683 1011 50 21 land
750 1011 65 21 hittils
823 1010 114 21 bedrifvits.
958 1010 61 21 Dock

192 1036 54 21 hade
262 1037 35 21 det
317 1038 104 21 mähända
437 1040 53 20 varit
505 1040 92 26 önskligt
613 1042 29 18 att
658 1040 101 20 utskottet
774 1040 46 20 icke
837 1039 52 21 blott
904 1039 53 21 hade
973 1038 47 21 lätit

192 1065 98 21 siffrorna
312 1066 42 21 tala
377 1067 35 21 sitt
435 1068 122 26 visserligen
582 1068 98 27 vältaliga
699 1068 68 27 språk,
784 1071 50 17 utan
850 1068 48 20 med
915 1068 40 20 den
971 1069 48 19 när-

192 1100 57 14 mare:
277 1095 64 20 insikt
365 1095 6 21 i
397 1096 165 25 förhållandena,
580 1103 45 14 som
641 1097 154 20 statsutskottet
812 1096 81 21 kunnat
907 1096 112 26 förvärfva,

191 1122 67 27 ingätt
281 1124 7 19 i
310 1124 86 26 positivt
418 1124 114 25 uttalande,
548 1125 105 20 huruvida
669 1131 26 15 en
712 1125 41 27 god
769 1124 137 28 hashällning
921 1126 35 26 egt
970 1130 47 14 rum

192 1150 53 21 eller
272 1158 33 14 om
329 1152 7 20 i
359 1152 65 28 nägra
446 1153 114 21 afseenden
584 1154 164 26 anmärkningar
764 1153 53 21 hade
834 1154 53 20 varit
902 1152 116 28 päkallade.

192 1178 75 22 Sävidt
289 1180 35 27 jag
345 1180 37 21 har
405 1181 81 21 kunnat
508 1182 91 26 granska
621 1182 144 20 betänkandet
780 1182 69 20 under
864 1181 41 21 den
921 1182 35 24 tid,
972 1188 46 14 som

191 1208 53 20 varit
266 1208 54 28 öfrig
342 1209 31 21 till
396 1210 52 26 följd
469 1210 21 20 af
504 1210 66 20 andra
577 1210 255 27 landtdagsäligganden,
848 1210 37 20 har
899 1210 35 27 jag
948 1210 47 20 icke
1010 1210 8 20 i

191 1236 55 20 detta
271 1236 133 23 betänkande
427 1239 7 19 i
456 1238 56 21 detta
534 1233 99 27 afseönde
649 1239 72 21 funnit
736 1241 65 19 annat
816 1240 26 19 än
859 1238 53 21 hvad
929 1238 41 21 den
986 1238 32 20 till

192 1264 141 22 betänkandet
356 1266 76 27 fogade
460 1268 155 20 reservationen
643 1267 68 21 kallar
733 1267 146 27 antydningar.
910 1266 109 22 Utskottet

190 1293 38 20 har
250 1293 41 21 fäst
314 1294 32 21 sin
371 1296 209 26 »uppmärksamhet»
606 1296 34 20 vid
658 1296 69 27 nägon
743 1296 38 20 sak
797 1296 39 20 och
852 1302 49 14 man
916 1295 41 21 kan
973 1295 45 21 läsa

188 1321 78 21 mellan
289 1322 88 22 raderna
393 1326 30 19 att
438 1324 35 20 det
488 1324 46 20 icke
550 1326 23 18 är
587 1324 24 20 sä
626 1324 43 21 helt
685 1324 48 21 med
749 1324 48 26 den,
814 1330 48 15 men
878 1324 64 26 nägot
957 1324 61 20 värk-

188 1349 39 28 ligt
245 1351 108 21 uttalande
368 1352 6 20 i
392 1352 40 20 den
448 1358 40 15 ena
504 1352 52 21 eller
570 1353 66 20 andra
651 1353 121 27 riktningen
788 1352 69 21 finner
871 1352 146 27 man
922 1345 11 39 i
942 1352 75 27 regeln

188 1378 51 21 icke.
270 1379 42 27 Jag
334 1380 54 21 tillät
410 1381 44 27 mig
476 1381 34 20 vid
535 1384 83 18 senaste
640 1381 88 27 plenum
743 1381 28 27 pä
786 1381 27 21 tal
831 1387 34 15 om
887 1380 131 21 militiebud-

188 1408 62 25 geten
277 1408 101 21 anmärka
403 1410 30 20 att
458 1409 36 21 det
518 1409 104 21 mähända
638 1410 47 20 icke
701 1416 37 14 var
753 1410 54 20 blott
822 1411 133 24 numerären,
971 1415 46 14 som

187 1441 37 14 var
250 1436 170 28 öfverkomplett,
445 1441 51 17 utan
522 1438 63 20 ocksä
610 1438 149 27 utgiftsstaten.
789 1438 42 27 Jag
853 1438 58 26 afsäg
929 1436 87 22 därmed

187 1463 100 22 särskildt
302 1464 26 22 de
344 1465 32 20 för
393 1466 49 20 vära
457 1466 145 21 förhällanden
619 1466 174 28 utomordentligt
808 1466 55 27 höga
873 1466 102 27 beloppen
985 1466 34 20 för

187 1498 26 14 en
236 1498 29 20 ny
287 1493 157 28 ombeväpning
460 1494 20 21 af
495 1494 105 21 militären
616 1495 39 21 och
670 1495 33 20 för
718 1495 227 27 skjutförnödenheter.
975 1494 43 27 Jag

186 1522 35 19 vet
237 1522 88 26 mycket
340 1522 33 20 väl
390 1525 30 18 att
434 1523 36 21 det
485 1525 23 18 är
522 1524 125 26 regeringen
663 1530 73 14 ensam
753 1530 46 14 som
815 1523 27 27 pä
857 1523 57 21 detta
929 1522 87 22 omräde
