1142 1773
349 128 179 21 Borgareståndet
540 129 56 16 1894.
622 129 25 16 26
661 128 58 22 april.
877 123 42 20 855

120 208 49 28 foga
190 210 30 19 ett
242 208 79 27 tillägg,
344 214 45 14 som
414 208 107 20 utmärker
536 208 109 27 prokuran
661 209 45 26 (per
721 214 118 21 procuram,
854 214 27 21 pp
897 208 52 21 eller

119 243 72 15 annan
206 236 132 27 förkortning
353 236 22 21 af
390 236 61 21 dessa
467 236 51 27 ord),
529 237 39 21 och
580 236 79 28 jämväl
670 237 149 21 underskrifva
831 236 36 21 sitt
877 242 70 15 namn.

120 265 11 21 I
146 265 100 21 afseende
262 265 12 21 å
289 265 193 27 kollektivprokura
498 265 54 21 skall
564 265 104 27 iakttagas
679 265 54 21 hvad
747 265 110 27 angående
869 264 79 22 antalet

120 294 154 20 underskrifter
289 294 69 20 blifvit
373 294 34 20 vid
424 294 117 27 prokurans
557 294 140 20 meddelande
713 294 124 21 bestämdt».
905 294 2 2 |

189 350 27 26 $$
235 350 84 21 26—32
335 350 109 21 äfvensom
459 350 146 28 lagförslagets
621 350 73 21 rubrik
711 351 38 20 och
766 350 41 21 den
823 350 64 27 kläm,
901 356 46 14 som

118 378 96 29 föregick
230 378 123 22 densamma
368 379 123 27 godkändes
506 382 52 18 utan
574 379 127 21 diskussion.
969 391 2 2 :

188 501 32 20 Hr
243 500 121 21 talmannen
387 499 139 28 tillkännagaf
542 501 29 19 att
586 499 185 28 borgareständets
787 500 138 21 medlemmar
939 499 7 20 i

118 529 156 21 statsutskottet
288 529 79 20 anmält
378 531 34 24 att,
428 528 89 21 emedan
534 535 25 14 en
571 528 20 21 af
599 528 94 21 ständets
701 529 151 26 suppleanter
846 524 9 35 i
864 528 82 21 utskot-

117 560 31 19 tet
163 558 77 21 invalts
256 557 31 21 till
302 557 91 21 medlem
409 557 21 20 af
445 560 65 17 annat
525 557 86 26 utskott,
627 557 154 21 statsutskottet
796 563 50 15 vore
861 557 7 20 i
884 556 63 21 behof

118 587 22 20 af
162 593 27 14 en
209 586 121 27 ytterligare
346 585 112 28 suppleant
472 585 46 21 frän
535 585 183 27 borgareständet;
735 586 38 20 och
789 585 157 22 öfverlämnade

119 615 24 20 hr
165 615 121 20 talmannen
310 615 7 20 i
340 614 115 27 anledning
474 614 60 21 häraf
548 614 31 21 till
595 614 94 21 ständets
704 614 115 27 afgörande
842 614 104 21 huruvida

117 649 27 15 en
160 643 67 27 tredje
243 643 111 28 suppleant
369 643 65 20 borde
450 643 31 20 till
496 643 77 20 nämda
590 643 79 20 utskott
685 645 63 18 utses.

187 700 57 21 Utan
260 700 94 27 förspord
371 700 179 27 meningsolikhet
564 699 44 21 blef
624 699 154 22 ofvanberörda
790 700 155 27 framställning

117 729 23 20 af
163 729 85 20 ständet
272 729 104 27 godkänd,
402 729 85 20 hvarför
511 729 25 20 hr
561 728 123 21 talmannen
703 729 132 26 uppmanade
851 728 94 21 ständets

117 757 105 21 elektorer
237 759 30 19 att
282 759 49 19 utan
348 757 127 21 tidsutdräkt
490 757 113 20 värkställa
618 757 161 27 ifrägavarande
795 757 39 20 val.

186 889 117 27 Föredrogs
325 889 148 27 lagutskottets
496 889 35 20 vid
547 890 83 20 senaste
646 888 86 28 plenum
748 888 115 27 bordlagda
879 888 66 20 andra

115 917 80 27 förslag
214 918 33 20 till
262 918 208 26 sammanjämkning
485 918 21 20 af
521 917 101 21 ständens
637 917 121 27 skiljaktiga
773 917 70 21 beslut
857 916 35 20 vid
910 916 34 21 be-

116 946 129 27 handlingen
270 946 20 20 af
313 946 112 21 utskottets
446 946 134 21 betänkande
599 952 34 14 n:o
651 946 11 20 1
678 946 7 20 i
701 946 114 26 anledning
831 946 21 20 af
867 945 77 27 nädiga

115 975 158 27 propositionen
290 981 34 14 n:o
340 975 12 20 2
368 974 109 28 angäende
493 974 88 28 delning
595 974 21 21 af
631 974 174 27 jordlägenheter.

186 1037 65 21 Ordet
266 1037 102 28 begärdes
384 1038 21 20 af

184 1095 25 20 hr
231 1094 88 26 Lille,
341 1101 45 14 som
409 1094 95 27 yttrade:
543 1094 147 22 Förevarande
717 1094 226 28 sammanjämknings-

114 1123 85 27 förslag,
222 1130 45 14 som
290 1123 56 21 afser
369 1125 30 19 att
414 1123 88 27 inbjuda
518 1123 174 27 borgareständet
707 1126 30 18 att
751 1124 7 20 i
774 1124 80 27 princip
870 1124 73 20 förena

114 1152 34 26 sig
171 1158 34 14 om
220 1153 77 25 präste-
316 1152 38 20 och
371 1151 171 21 bondeständens
558 1152 69 21 beslut
643 1152 130 21 beträffande
788 1151 155 28 jorddelnings-

114 1180 70 27 lagen,
205 1180 40 20 och
260 1186 46 14 som
322 1180 36 27 gär
374 1182 23 18 ut
412 1180 27 27 pä
454 1182 30 19 att
498 1180 70 21 säsom
585 1180 68 21 vilkor
667 1180 34 21 för
714 1180 164 28 jorddelningen
893 1180 50 21 fast-

114 1208 62 21 ställa
199 1214 26 15 en
249 1208 139 21 kombinerad
410 1210 64 26 gräns
489 1209 21 21 af
526 1209 79 21 mantal
621 1209 39 21 och
677 1209 62 26 areal,
755 1216 64 20 synes
833 1209 45 27 mig
893 1215 50 15 vara

113 1237 80 27 egnadt
215 1239 30 19 att
265 1239 50 25 göra
331 1237 41 21 den
388 1237 50 21 sista
454 1237 65 21 villan
536 1240 59 18 värre
610 1240 27 18 än
653 1238 41 20 den
710 1238 71 20 första.
809 1238 42 26 Jag
866 1237 77 21 uttalar

114 1266 86 20 härmed
226 1266 53 20 intet
304 1266 88 20 klander
416 1268 45 18 mot
477 1266 102 21 utskottet
594 1266 39 21 och
649 1266 36 21 det
700 1268 46 24 sätt,
761 1266 27 27 pä
803 1266 80 21 hvilket
897 1266 46 20 det-

112 1300 82 14 samma
224 1294 99 27 uppgjort
352 1294 324 28 sammanjämkningsförslaget.
716 1294 49 22 Men
791 1295 26 20 dä
845 1294 98 27 hborgare-

112 1322 86 21 ständet
220 1329 26 14 en
262 1323 56 27 gäng
333 1322 49 22 stält
396 1323 32 27 sig
444 1322 26 28 pä
485 1323 109 27 principen
610 1330 35 14 om
660 1323 27 20 fri
702 1323 136 27 jorddelning
860 1323 39 21 och
916 1322 27 21 dä

113 1350 174 28 borgareständet
308 1351 47 21 icke
377 1358 38 14 ens
438 1354 69 18 ansett
530 1352 32 26 sig
577 1352 74 20 kunna
665 1352 114 26 godkänna
794 1358 27 14 en
836 1357 107 15 samman-

111 1380 118 26 jämkning,
252 1380 81 27 gäende
356 1381 24 19 ut
403 1379 27 28 pä
447 1382 30 18 att
492 1380 103 22 fastställa
611 1380 74 21 endast
701 1386 26 15 en
743 1380 42 21 viss
801 1380 56 21 areal
872 1380 70 20 säsom

112 1408 70 20 vilkor
208 1408 33 20 för
266 1408 93 27 delning,
384 1414 64 20 synes
470 1408 36 22 det
521 1409 44 27 mig
580 1410 30 19 att
625 1408 84 21 ständet
729 1408 53 28 icke,
804 1415 35 15 om
859 1408 36 21 det
915 1414 28 15 en

112 1436 56 27 gäng
191 1436 35 20 vill
243 1436 97 21 fasthälla
356 1436 35 21 vid
406 1436 34 21 sin
455 1436 133 28 principiella
603 1436 131 28 ständpunkt
749 1437 7 21 i
771 1437 72 27 saken,
858 1437 42 21 kan
915 1436 28 27 gä

112 1465 23 20 in
160 1464 27 28 pä
214 1466 30 20 ett
267 1465 302 27 sammanjämkningsförslag,
595 1465 76 21 sädant
685 1472 46 14 som
747 1466 35 20 det
796 1465 145 21 förevarande.

111 1493 43 27 Jag
178 1493 88 21 föreslär
291 1493 69 21 därför
386 1495 29 19 att
440 1493 57 21 detta
524 1494 298 27 sammanjämkningsförslag
840 1494 65 20 mätte
921 1493 21 21 af

111 1521 85 21 ständet
211 1522 87 27 afböjas.
