1142 1773
228 124 54 21 1006
440 132 181 20 Borgareständet
635 132 57 16 1894.
717 132 12 16 9
742 132 47 20 maj.

198 210 97 21 kommer
316 213 30 19 att
367 212 62 20 hafva
455 212 69 27 någon
540 212 109 27 möjlighet
665 214 30 18 att
709 212 72 20 vidare
797 211 66 21 uttala
879 211 31 27 sig
925 211 7 20 i
947 210 81 27 frågan,

198 238 24 22 så
243 238 69 22 finner
327 240 41 27 jag,
384 240 26 20 då
425 241 35 26 jag
472 243 60 25 tager
546 241 7 20 i
570 240 137 21 betraktande
725 240 105 27 utgången
846 240 21 20 af
882 240 41 20 den
939 240 88 20 omröst-

199 268 58 26 ning,
273 268 60 20 som
324 264 10 37 i
349 268 41 27 dag
406 269 37 20 här
458 272 34 24 egt
507 276 53 20 rum,
577 270 18 26 ej
612 269 45 21 skäl
673 272 30 18 att
718 268 76 22 föreslå
810 268 64 28 något
889 268 72 27 längre
972 274 54 20 upp-

198 296 48 20 skof
268 296 6 20 i
298 296 154 28 behandlingen
469 298 21 20 af
504 298 94 26 ärendet,
614 304 49 15 men
679 304 62 14 anser
756 297 44 27 mig
815 297 53 21 dock
884 297 51 21 böra
949 296 79 21 föreslå

198 327 30 19 att
241 325 83 21 ståndet
340 326 126 21 åtminstone
481 326 47 21 icke
544 326 49 21 ville
609 329 77 25 antaga
702 326 41 21 den
759 326 20 20 af
795 326 101 21 utskottet
907 325 120 27 föreslagna

199 353 114 24 klämmen,
339 356 50 19 utan
416 355 6 20 i
449 355 69 21 stället
540 355 88 21 omfatta
655 362 26 14 en
709 354 117 27 sålydande
841 354 68 21 kläm:
925 356 30 19 att
970 354 57 21 stån-

200 382 40 26 det,
263 382 50 21 med
329 382 49 22 fullt
392 383 136 21 erkännande
544 384 21 20 af
580 384 35 20 det
630 384 6 20 i
653 384 232 27 petitionsmemorialet
901 382 126 22 framhållna

199 410 100 21 behofvet
321 412 21 20 af
364 414 48 24 eget
434 412 40 20 hus
496 412 32 20 för
551 412 26 21 de
600 412 159 28 vetenskapliga
779 412 40 20 och
834 412 85 21 literära
933 412 94 20 förenin-

199 446 72 19 garna,
295 440 55 27 ville,
366 440 48 21 med
430 441 82 27 hänsyn
528 441 31 21 till
575 441 36 21 det
626 441 131 21 närvarande
773 440 119 22 finansiella
907 440 62 27 läget,
984 440 43 21 låta

198 468 74 27 frågan
289 469 72 20 därom
376 469 33 21 för
424 470 70 20 denna
509 470 55 27 gång
579 470 89 21 förfalla.

268 525 32 21 Hr
322 526 164 28 Holmberg:
517 527 41 26 Jag
581 527 37 21 ber
640 529 29 19 att
691 527 22 21 få
735 527 129 20 understöda
884 527 25 20 hr
925 525 100 22 Neovius'

198 554 79 27 förslag
300 555 30 20 till
353 555 62 20 kläm.
445 555 61 21 Inom
529 556 77 20 nämda
628 556 123 27 föreningar
773 555 80 21 utföres
869 557 29 19 ett
913 555 23 20 sä
952 555 76 26 viktigt

199 583 145 21 kulturarbete
360 584 6 20 i
382 584 45 21 värt
450 584 48 21 land
515 587 29 18 att
569 585 32 26 jag
617 585 62 20 äfven
696 585 32 20 för
742 585 43 20 min
803 584 34 21 del
851 584 47 21 icke
914 589 62 15 anser
991 583 36 20 det

199 618 50 14 vara
264 611 96 28 lämpligt
376 615 29 18 att
420 613 83 20 ständet
518 613 69 21 skulle
603 613 87 20 omfatta
705 620 27 14 en
747 613 56 20 kläm
820 613 21 20 af
857 613 40 20 den
906 613 61 23 form,
980 619 45 14 som

199 640 107 21 allmänna
322 641 187 21 besvärsutskottet
530 642 38 20 har
584 642 109 27 framstält,
715 644 51 19 utan
782 648 62 14 anser
858 642 35 26 jag
909 641 41 20 den
966 641 21 20 af
1001 641 26 20 hr

199 668 95 21 Neovius
309 669 119 28 föreslagna
443 670 87 27 lämplig
538 677 38 14 och
589 670 35 21 det
635 671 59 26 enda,
705 677 46 14 som
762 670 35 20 vid
808 670 139 21 förevarande
957 669 68 21 finan-

199 697 59 20 siella
274 697 47 28 läge
337 698 41 21 kan
394 699 53 20 ifrån
464 699 124 20 ständernas
611 699 44 20 sida
671 701 68 25 göras,
755 701 51 18 utan
821 701 30 18 att
867 698 86 21 alldeles
969 698 57 27 ring-

199 725 48 21 akta
264 726 34 21 det
314 727 60 27 syfte,
390 727 6 20 i
412 727 80 21 hvilket
507 727 114 27 petitionen
638 728 37 20 har
690 728 70 20 blifvit
774 727 115 21 framstäld.

267 783 33 21 Hr
319 783 153 22 Borenius:
502 785 10 20 I
528 785 123 26 anslutning
674 785 31 20 till
721 785 36 20 hrr
778 784 102 21 Neovius'
897 785 37 20 och
951 784 75 21 Holm-

199 811 61 27 bergs
277 813 123 20 uttalanden
422 813 38 21 ber
474 813 63 20 också
552 814 35 26 jag
602 816 30 18 att
642 813 21 21 få
675 813 129 21 understöda
815 814 25 19 hr
850 813 101 21 Neovius'
962 813 63 20 kläm.

198 839 41 22 Det
255 841 101 27 hängifna
371 841 77 26 arbete,
464 848 44 14 som
526 842 21 20 af
562 842 60 21 dessa
638 842 122 27 föreningar
775 842 69 21 under
861 841 114 22 decennier
992 843 34 19 ut-

198 869 58 27 förts,
263 869 43 25 har,
322 870 86 21 oaktadt
423 870 35 21 det
472 870 33 21 för
521 871 71 21 landet
608 871 53 21 varit
676 871 21 21 af
708 871 136 27 synnerligen
856 873 43 18 stor
909 870 117 27 betydelse,

197 898 111 27 försiggätt
330 901 51 18 utan
404 899 41 21 den
468 900 92 26 ringaste
579 900 34 20 lön
630 900 51 20 eller
697 900 121 26 ersättning.
849 899 42 21 Det
905 905 50 15 vore
971 899 54 20 dock

197 926 47 21 icke
260 927 33 20 för
308 928 85 26 mycket
408 934 35 14 om
459 928 59 20 dessa
535 928 122 26 föreningar
679 928 68 21 skulle
763 928 22 20 af
800 928 35 20 det
851 928 107 20 allmänna
973 929 52 19 röna

198 954 128 22 ätminstone
348 956 36 20 det
406 956 136 21 erkännande
566 958 29 19 att
617 956 102 28 förslaget
738 963 34 14 om
789 963 26 14 en
832 963 53 20 egen
902 962 123 21 gemensam

197 983 57 21 lokal
269 984 6 20 i
292 984 81 28 princip
388 984 130 22 förklarades
534 985 131 27 berättigadt.

254 1040 34 22 Dä
303 1041 63 27 ingen
390 1042 21 20 af
433 1042 93 20 ständets
549 1042 139 21 medlemmar
708 1042 71 21 vidare
796 1042 91 27 begärde
903 1042 65 26 ordet,
984 1042 41 20 för-

197 1069 98 21 klarades
311 1070 148 21 diskussionen
476 1070 97 27 afslutad,
595 1071 107 21 hvarefter
717 1071 24 20 hr
763 1070 124 21 talmannen
902 1070 123 20 framstälde

196 1098 95 27 följande
307 1099 281 27 omröstningsproposition:

266 1155 40 27 De,
322 1156 75 21 hvilka
410 1156 117 27 godkänna
542 1156 117 21 allmänna
675 1156 200 21 besvärsutskottets
890 1155 135 21 betänkande

196 1190 39 14 n:o
251 1184 29 20 17
295 1184 149 27 oförändradt,
460 1186 59 19 rösta
528 1185 40 27 ja;
584 1185 31 26 de,
631 1185 35 20 det
680 1184 45 22 icke
739 1187 60 25 göra,
815 1186 60 19 rösta
890 1184 47 27 nej;

267 1212 80 21 vinner
368 1213 42 27 nej,
432 1213 42 21 har
494 1213 176 27 borgareständet
691 1214 88 26 förenat
793 1213 34 27 sig
851 1220 35 14 om
901 1213 42 20 den
958 1212 66 26 kläm,

196 1247 47 14 som
258 1241 126 27 föreslagits
399 1242 29 26 af
439 1242 27 20 hr
480 1242 104 21 Neovius.

265 1298 43 20 Vid
324 1298 82 21 anstäld
431 1299 96 27 votering
547 1298 95 28 afgäfvos
662 1299 27 20 23
704 1299 21 27 ja
741 1298 39 21 och
797 1298 26 21 28
839 1298 42 27 nej,
896 1298 6 20 i
919 1298 106 20 anseende

195 1326 85 21 hvartill
296 1327 89 27 ståndet,
401 1327 47 21 med
464 1327 49 21 fullt
528 1327 135 21 erkännande
684 1328 21 20 af
720 1327 35 21 det
770 1327 7 20 i
793 1326 232 28 petitionsmemorialet

196 1355 126 21 framhällna
338 1355 100 21 behofvet
460 1356 20 20 af
496 1358 47 25 eget
559 1356 38 20 hus
620 1356 33 20 för
668 1356 26 20 de
709 1355 160 27 vetenskapliga
885 1355 39 21 och
939 1354 85 22 literära

195 1383 157 27 föreningarna,
367 1384 48 21 med
432 1385 82 26 hänsyn
530 1384 32 21 till
577 1384 36 21 det
627 1384 132 21 närvarande
774 1384 121 20 finansiella
910 1383 57 27 läget
978 1382 47 22 lätit

195 1411 75 27 frägan
286 1412 72 21 därom
374 1413 33 20 för
422 1413 70 21 denna
507 1412 56 28 gäng
577 1413 89 21 förfalla.

264 1469 152 21 Antecknades
426 1472 30 18 att
466 1470 63 20 bland
541 1470 26 20 de
577 1470 122 20 inlämnade
707 1470 143 21 röstsedlarna
858 1469 79 21 funnos
945 1470 78 20 tvänne

194 1497 111 27 ja-lappar,
325 1498 23 20 sä
368 1498 100 28 hopvikta
491 1498 39 21 och
545 1498 101 21 förenade
666 1500 30 19 att
711 1498 26 21 de
753 1498 96 27 tydligen
865 1498 70 20 blifvit
950 1497 73 21 afläm-

194 1526 55 20 nade
266 1526 69 21 säsom
351 1533 27 14 en
394 1527 55 21 enda
463 1527 103 21 röstsedel
581 1527 39 21 och
636 1526 69 22 säsom
721 1527 66 21 sädan
803 1527 63 20 äfven
881 1526 142 27 medräknats,
