1142 1773
365 128 179 20 Borgareståndet
558 129 57 16 1894.
639 129 13 16 2
665 129 48 21 maj.
884 123 41 21 903

124 215 50 15 vore
197 208 23 21 så
242 208 59 20 klokt
322 208 22 20 af
362 208 173 27 borgareståndet
550 210 30 19 att
595 211 77 25 antaga
687 209 36 21 det
738 209 85 27 förslag,
838 215 44 15 som
898 208 55 21 före-

124 237 96 21 kommer
224 232 14 37 i
257 236 64 21 första
336 236 164 25 reservationen,
516 243 49 15 men
577 237 27 20 då
615 237 65 27 några
691 237 139 21 medlemmar
841 237 22 21 af
873 237 80 21 bonde-

124 265 84 21 ståndet
228 265 83 21 förenat
332 265 32 27 sig
387 272 34 14 om
444 265 25 20 hr
490 265 99 21 Donners
604 266 136 26 reservation,
756 272 50 14 vore
823 266 35 21 det
873 265 80 22 kanske

124 294 66 20 utsikt
212 296 30 18 att
258 294 68 20 denna
342 293 44 21 lilla
401 293 175 28 löneförbättring
591 294 68 21 skulle
675 294 74 21 kunna
761 294 66 21 räkna
837 294 27 28 på
874 294 79 21 bonde-

124 322 94 21 ståndets
241 322 120 20 understöd.
392 322 10 20 I
423 322 70 21 denna
515 322 140 28 förhoppning
671 322 53 22 skall
739 323 36 27 jag
790 323 70 21 därför
876 322 77 21 under-

124 351 60 21 stöda
199 351 162 21 reservationen.

193 407 32 21 Hr
238 407 124 21 Castrén:
388 407 50 21 Kun
454 407 118 21 mielestäni
589 407 267 27 kansakouluopettajiston
868 408 83 20 tehtävä

124 436 108 21 varsinkin
256 436 82 21 meidän
362 436 134 21 oloissamme
519 442 26 15 on
569 436 45 20 niin
638 436 77 25 tärkeä,
737 436 49 21 ettei
801 436 76 21 heidän
894 436 58 27 palk-

124 465 66 20 kansa
205 465 172 20 määräämisessä
392 471 36 14 saa
444 465 41 20 olla
501 465 64 20 kovin
581 465 85 26 niukka,
683 465 44 20 niin
738 465 108 21 rohkenen
857 465 94 20 minäkin

124 493 118 28 puolestani
258 493 114 21 kannattaa
388 493 144 21 ensimmäistä
547 493 156 21 vastalausetta.

192 551 33 20 Hr
248 550 144 27 Hallberg:
423 551 41 26 Jag
487 550 66 21 mäste
575 552 58 19 ännu
653 552 43 19 mot
711 551 25 20 hr
751 550 122 27 Appelberg
888 550 64 21 fram-

124 579 56 20 hålla
194 581 30 19 att
240 579 35 21 det
289 579 46 21 icke
351 579 69 27 älegat
435 579 154 21 statsutskottet
604 579 39 20 och
659 579 46 20 icke
722 579 53 21 varit
791 579 47 20 dess
849 579 63 20 afsikt
923 580 30 19 att

123 607 109 21 inkomma
248 608 47 20 med
312 609 28 20 ett
356 607 297 28 sammanjämkningsförslag
668 607 49 21 med
733 607 116 27 anledning
864 607 21 21 af
895 607 56 21 stän-

124 636 52 21 dens
191 636 96 27 tidigare,
302 636 119 27 skiljaktiga
437 636 75 25 beslut,
528 638 51 19 utan
595 638 30 19 att
639 636 155 21 statsutskottet
808 637 44 20 haft
863 636 38 20 full
911 637 41 20 rätt

124 667 30 18 att
173 665 34 20 vid
229 665 155 27 behandlingen
401 665 21 20 af
437 665 213 26 folkskolebudgeten
666 667 92 25 upptaga
774 665 25 20 de
815 665 76 27 frägor,
907 671 45 14 som

123 693 49 20 falla
194 693 59 21 inom
276 693 128 21 densamma.
434 693 42 21 Det
491 695 23 18 är
529 693 27 28 pä
571 693 69 21 denna
655 693 76 27 grund,
747 700 44 13 som
807 693 71 21 denna
893 692 59 28 fräga

123 721 39 21 har
183 722 97 27 uppstätt.
311 722 50 21 Men
383 722 102 21 utskottet
507 722 38 20 har
566 722 47 21 icke
636 722 82 21 kunnat
740 722 77 20 förbise
835 721 55 21 hvad
907 727 45 15 som

124 750 88 27 tidigare
234 751 59 20 inom
315 751 129 26 landtdagen
466 751 105 26 förefallit,
595 753 51 18 utan
670 751 37 20 har
730 751 89 26 nödgats
839 751 51 20 söka
905 750 46 20 stöd

123 778 46 21 däri
184 779 32 20 för
232 779 35 20 det
282 779 92 27 resultat,
390 779 31 20 till
437 779 81 21 hvilket
533 779 35 21 det
583 779 89 20 kommit
687 779 6 20 i
709 779 36 20 sitt
760 779 139 21 betänkande.

192 835 33 21 Hr
246 836 147 21 Ahlström
417 836 142 21 understödde
579 836 42 21 den
636 836 65 21 första
717 836 30 21 till
764 835 142 22 betänkandet
921 835 31 20 fo-

123 864 54 27 gade
192 865 164 20 reservationen.

192 921 33 21 Hr
244 922 156 20 Pelkonen:
431 921 102 27 Minäkin,
556 922 49 26 joka
621 923 56 19 tässä
692 921 100 27 säädyssä
807 921 70 21 lienen
893 920 59 21 kaik-

123 950 49 21 kein
180 950 134 20 lähimmässä
322 950 257 21 sukulaisuus-suhteessa
588 950 249 27 kansakoulunopettaja-
843 950 21 26 ja
873 952 79 24 opetta-

122 978 166 28 jatar-kuntaan,
312 979 84 27 pyydän
412 978 116 21 sentähden
545 978 119 28 puolestani
679 978 114 21 kannattaa
809 978 144 21 ensimmäistä

124 1007 155 21 vastalausetta.

192 1063 70 22 Sedan
278 1064 147 21 diskussionen
441 1064 51 20 härä
507 1064 111 21 förklarats
634 1064 97 25 afslutad,
742 1064 122 21 framstälde
878 1064 24 20 hr
914 1064 38 20 tal-

124 1098 92 15 mannen
232 1092 93 28 följande
340 1093 283 27 omröstningsproposition:

192 1149 40 27 De,
252 1149 74 21 hvilka
340 1150 118 26 godkänna
473 1150 113 20 utskottets
601 1149 216 28 resolutionsförslag
840 1148 112 28 angående

124 1178 177 28 löneförhöjning
324 1178 23 20 åt
369 1178 166 27 folkskollärare
554 1178 39 21 och
609 1178 130 21 lärarinnor
750 1178 33 28 på
798 1178 79 26 landet,
893 1179 60 19 rösta

121 1206 38 27 ja;
175 1207 31 26 de,
222 1207 35 20 det
271 1207 45 21 icke
329 1209 60 25 göra,
406 1208 58 19 rösta
480 1207 49 27 nej;

192 1235 80 21 vinner
294 1235 42 27 nej,
359 1235 41 21 har
419 1235 176 27 borgareståndet
609 1235 142 21 härutinnan
765 1235 89 27 förenat
867 1234 34 28 sig
917 1241 35 14 om

122 1264 42 20 den
179 1263 71 27 första
266 1264 34 20 till
316 1264 144 20 betänkandet
474 1264 78 27 fogade
567 1264 169 21 reservationen.

191 1320 96 21 Emedan
303 1320 34 21 vid
354 1320 82 21 anstäld
452 1321 97 26 votering
565 1321 26 20 22
606 1321 21 27 ja
643 1320 96 26 afgåfvos
751 1323 44 19 mot
805 1322 28 20 35
844 1321 41 26 nej,
898 1320 54 21 hade

122 1348 84 22 ståndet
216 1349 101 21 förkastat
328 1349 112 21 utskottets
452 1349 139 21 omförmälda
603 1349 80 27 förslag
693 1350 40 20 och
746 1349 83 21 förenat
839 1349 32 27 sig
883 1355 34 14 om
928 1348 25 20 hr

122 1377 100 21 Donners
232 1384 27 14 m.
270 1377 32 21 fl:s
314 1377 142 21 betänkandet
466 1378 115 26 åtföljande
592 1378 139 25 reservation;
743 1378 34 20 vid
789 1378 80 20 hvilket
876 1376 77 21 förhål-

124 1406 63 20 lande
195 1406 78 27 jämväl
280 1406 107 20 allmänna
396 1406 199 21 besvärsutskottets
602 1406 31 20 uti
639 1406 48 21 dess
694 1406 122 21 förberörda
822 1405 131 21 betänkande

122 1434 123 21 framstälda
260 1434 78 27 förslag
353 1434 31 21 till
400 1434 87 27 petition
504 1434 69 21 blifvit
587 1435 22 20 af
624 1434 173 28 borgareståndet
812 1434 140 21 underkändt.

191 1490 119 22 Utskottets
332 1490 27 28 på
381 1491 60 21 sidan
464 1492 13 19 8
500 1493 108 25 upptagna
630 1491 56 21 kläm
707 1491 110 27 angående
833 1490 74 28 anslag
921 1490 33 21 för

122 1519 152 27 pensionering
296 1520 20 20 af
338 1519 160 21 folkskollärare
521 1520 39 20 och
575 1520 118 20 lärarinnor
707 1520 27 27 på
749 1520 72 20 landet
836 1520 39 20 och
891 1519 7 20 i
913 1520 41 20 stä-
