1053 1731
349 91 64 19 Uudet
425 91 217 18 rautatierakennukset.
870 92 35 17 565

78 168 83 21 banan.
193 163 137 23 Jordbruket
353 164 47 20 står
422 162 60 28 högt,
507 162 181 28 mejeriskötseln
712 162 79 28 likaså,
809 162 40 22 och
864 164 42 20 när

79 198 69 21 dessa
171 194 44 22 alla
238 193 121 29 produkter
383 192 62 22 skola
468 192 60 22 föras
549 192 68 28 längs
632 192 143 28 landsvägar,
793 193 26 21 så
834 192 72 22 blifva

80 227 68 22 dessa
170 224 103 22 närmast
296 222 113 27 städerna,
433 222 138 21 åtminstone
596 222 52 22 höst
672 222 40 22 och
727 223 47 26 vår,
791 224 56 20 nära
862 229 44 21 nog

79 256 112 26 ofarbara,
216 254 115 21 dessmera
352 252 29 22 då
405 252 116 21 trakterna
543 253 40 20 äro
604 252 8 21 i
632 251 113 22 afsaknad
766 251 24 22 af
805 252 101 28 lämpligt

79 288 105 26 väggrus.

152 313 67 23 Hvad
243 312 106 27 slutligen
364 311 89 21 banans
469 310 121 30 ändpunkt
606 310 115 28 beträffar,
739 312 26 20 så
781 312 72 21 måste
868 312 38 28 jag

79 345 79 27 tillstå,
181 344 35 21 att
237 343 38 28 jag
298 341 49 22 icke
370 341 46 21 kan
438 340 77 22 förena
539 340 46 28 mig
602 340 51 22 med
669 340 237 28 Järnvägsutskottets

81 374 80 23 beslut.
192 373 79 21 Banan
295 371 40 21 bör
358 370 151 28 ovillkorligen
533 371 115 28 utmynna
664 370 7 22 i
686 370 76 22 Kaskö
779 370 41 22 och
835 370 48 22 icke
899 371 7 21 i

82 402 157 28 Kristinestad,
264 402 25 28 ty
305 401 99 21 hamnen
420 402 25 20 är
460 400 137 29 ojämförligt
613 400 91 29 mycket
720 400 73 22 bättre
809 402 30 20 än
855 400 51 22 Kri-

81 432 125 24 stinestads
227 432 76 26 hamn,
325 430 42 22 och
383 430 207 27 bansträckningen
607 430 72 22 skulle
695 430 40 22 ock
751 430 72 22 blifva
838 431 68 27 något

82 464 90 22 kortare
187 462 34 22 till
236 460 78 23 Kaskö
331 462 29 20 än
376 459 158 23 Kristinestad.
555 459 45 28 Jag
616 461 71 26 vågar
698 460 73 21 därför
781 460 124 27 hemställa,

81 494 40 22 det
145 492 96 22 Ståndet
262 490 52 23 ville
331 490 96 22 omfatta
443 490 74 21 denna
533 490 68 26 bana,
619 490 41 22 och
676 490 35 21 att
725 490 8 21 i
748 490 114 21 klämmen
878 490 29 28 på

82 524 40 21 sid.
146 522 28 22 33
196 522 7 21 i
223 521 78 22 stället
319 520 33 22 för
368 519 151 22 Kristinestad
535 520 74 21 sattes
625 519 83 28 Kaskö,
725 519 92 23 hvadan
833 520 74 21 denna

83 554 62 21 kläm
160 552 88 22 komme
265 551 35 21 att
315 549 62 29 lyda:
393 550 42 22 Att
450 556 27 15 en
488 549 163 29 normalspårig
661 550 94 28 järnväg
764 549 51 22 från
827 549 79 22 Seinä-

81 583 46 29 joki
151 582 84 22 station
263 586 80 22 genom
367 579 129 22 Ustermark
519 578 34 22 till
577 579 78 21 Kaskö
679 578 58 22 skall
759 579 86 22 utföras
866 579 42 22 och

83 612 71 23 under
169 609 154 24 innevarande
339 608 151 29 finansperiod
505 608 110 28 beläggas
631 608 51 22 med
698 609 83 22 arbete.

155 641 66 22 Hvad
242 639 70 22 sedan
329 639 102 27 anslaget
448 638 108 22 beträffar
572 638 35 22 för
623 638 75 22 denna
712 639 67 27 bana,
797 638 57 22 skall
869 639 39 28 jag

83 674 103 20 närmare
202 670 74 23 uttala
291 669 52 28 mig,
361 669 27 21 då
404 669 23 22 vi
442 668 91 22 komma
549 668 34 22 till
600 668 177 28 anslagsfrågan.

156 730 116 23 Edusmies
289 728 86 24 Gädda:
392 727 40 22 Om
448 727 132 30 byggandet
597 727 24 22 af
636 727 73 28 ifråga
724 727 100 23 varande
839 727 67 26 bana,

84 761 20 22 d.
129 768 20 15 v.
173 768 16 15 s.
211 759 44 22 den
274 758 233 29 syd-österbottniska
529 757 85 28 banan,
631 759 26 20 så
672 757 61 22 torde
749 757 95 22 Ständet
859 757 49 22 icke

85 792 79 21 kunna
187 791 70 21 annat
281 791 30 19 än
334 788 90 21 besluta
447 788 33 27 sig
502 787 33 22 för
555 787 139 22 densamma.
725 787 122 28 Härvidlag
862 787 46 22 kan

84 821 41 22 det
147 820 49 22 icke
219 819 72 22 blifva
306 818 65 27 fräga
387 825 36 14 om
439 817 172 28 nödvändighet
627 817 23 22 af
666 817 81 28 banan,
766 819 24 27 ty
805 817 63 22 detta
885 819 24 20 är

85 851 70 22 redan
178 849 75 22 utredt
275 848 51 28 förr,
351 847 41 22 och
413 849 31 26 sä,
462 848 35 21 att
515 847 58 22 1900
590 849 37 20 ärs
642 847 107 28 landtdag
765 847 88 22 kunnat
869 847 39 22 be-

85 881 62 22 sluta
170 880 33 27 sig
225 879 34 22 för
282 878 49 21 den.
363 877 76 22 Skulle
463 877 64 22 detta
546 877 76 22 beslut
638 878 50 26 gätt
702 877 94 28 igenom,
813 877 58 22 hade
887 877 23 21 vi

86 910 70 23 redan
179 909 50 22 haft
253 909 76 21 banan
352 907 76 29 byggd
451 907 41 22 och
508 907 49 22 icke
575 914 30 15 nu
622 907 78 22 behöft
715 907 72 22 bråka
802 914 35 15 om
854 907 55 22 den-

85 947 93 16 samma.
209 939 50 22 Men
283 937 39 22 det
345 937 112 22 stannade
475 937 48 22 fast
542 936 35 23 dä.
609 936 114 22 Bobrikoff
739 937 72 28 afslog
826 937 82 27 banan,

86 971 43 22 och
144 969 42 22 den
203 969 72 21 mäste
292 967 29 22 dä
336 967 95 28 lämnas,
448 967 41 21 och
505 973 68 15 anser
588 967 38 28 jag
642 966 73 23 därför
731 974 37 20 nu,
785 968 35 21 att
830 967 80 27 frägan

86 1000 82 22 endast
188 998 68 29 gäller
271 998 36 21 att
322 997 87 28 pröfva,
426 1003 35 16 om
477 997 23 21 vi
516 997 55 28 vilja
587 996 78 22 förena
681 1003 36 15 oss
733 996 50 22 med
801 996 56 23 1900
874 997 36 21 ärs

87 1029 121 27 landtdags
232 1027 80 28 beslut,
337 1027 53 21 eller
413 1033 35 15 om
464 1027 22 21 vi
503 1026 55 29 vilja
573 1026 79 22 förena
668 1033 36 15 oss
720 1033 36 15 om
772 1026 43 22 den
831 1026 79 23 ständ-

87 1060 73 29 punkt
182 1057 115 23 Bobrikoff
320 1057 63 28 intog
406 1057 7 21 i
434 1056 86 28 frägan.
551 1056 44 28 Jag
614 1056 74 22 finner
704 1056 41 22 den
761 1063 79 15 senare
856 1063 55 16 vara

86 1089 103 28 ovärdigt
209 1088 39 22 och
269 1088 87 27 hoppas
373 1086 78 28 därför,
469 1087 36 21 att
522 1086 98 22 Ständet
635 1086 49 22 icke
700 1086 57 22 skall
773 1087 53 27 göra
842 1086 69 23 detta.

87 1119 177 22 Konsekvensen
282 1116 93 28 fordrar,
392 1117 35 21 att
442 1117 24 22 vi
481 1116 56 28 följa
555 1116 57 22 1900
629 1117 35 21 ärs
681 1116 173 28 ständerbeslut,
871 1116 41 22 och

86 1149 31 22 dä
133 1149 22 22 vi
171 1148 48 22 icke
236 1147 101 22 erkänna
353 1146 140 28 handlingar,
511 1153 48 14 som
575 1146 116 21 Bobrikoff
706 1147 62 28 gjort,
786 1147 25 20 sä
827 1145 85 23 fordrar

87 1179 173 22 konsekvensen
285 1177 74 27 ocksä,
384 1177 35 21 att
441 1177 24 21 vi
488 1176 50 21 icke
561 1175 71 23 heller
652 1175 121 29 godkänna
788 1175 68 23 detta.
887 1175 25 22 R.

86 1209 44 22 och
153 1209 25 21 A.
202 1207 41 22 och
265 1206 176 28 Borgarständet
465 1205 71 23 hafva
552 1205 94 23 beslutit
663 1206 74 21 denna
752 1206 73 22 banas
841 1206 71 29 bygg-

88 1238 80 29 gande,
184 1237 87 23 hvilket
285 1236 97 28 bevisar,
400 1237 35 21 att
451 1235 67 22 dessa
534 1235 68 22 ständ
619 1237 76 21 ansett
710 1235 39 22 det
771 1243 42 15 var
831 1235 82 23 konse-

88 1269 72 22 kvent
183 1269 34 21 att
239 1267 54 28 följa
309 1267 34 21 ett
360 1265 93 28 tidigare
469 1265 175 22 ständerbeslut.
674 1266 43 27 Jag
732 1265 85 30 hoppas
833 1265 79 28 därför,

89 1300 36 21 att
148 1298 63 22 detta
234 1296 72 23 Ständ
323 1295 58 23 skall
396 1298 56 19 utan
470 1295 77 22 vidare
563 1296 42 21 och
622 1299 56 18 utan
695 1295 144 28 motsägelser
853 1295 61 22 fatta

89 1329 43 22 sitt
146 1328 75 22 beslut
237 1334 35 15 om
282 1325 132 30 byggandet
425 1325 23 22 af
458 1325 83 23 banan.
562 1325 124 28 Angående
697 1325 88 22 banans
796 1325 118 22 räntabili-

89 1359 35 21 tet
146 1358 40 22 och
206 1357 143 22 densammas
366 1355 195 27 förutsättningar,
579 1355 72 22 hafva
667 1355 66 22 dessa
747 1355 70 22 redan
833 1355 23 22 af
872 1355 43 21 den

89 1387 134 29 föregående
240 1386 67 22 ärade
324 1385 89 23 talaren
428 1384 144 28 framhållits,
589 1384 92 23 hvarför
696 1386 37 28 jag
748 1385 49 22 icke
808 1385 38 22 vill
857 1392 57 22 upp-

91 1425 55 22 repa
162 1418 68 26 detta,
247 1416 41 22 och
304 1415 147 22 understöder
466 1415 74 22 därför
555 1415 129 22 Utskottets
700 1415 79 22 beslut.
