1048 1731
135 86 35 31 388
336 89 190 23 Talonpoikaissääty
538 88 24 18 24
573 88 44 24 p:nä
630 87 75 19 huhtik.
719 88 53 18 1906.

206 162 120 23 Edusmies
344 160 119 24 Snellman:
489 160 95 30 Pyydän
600 160 131 22 kannattaa
747 159 86 23 edusm.
850 160 118 22 Castrenin

136 193 127 28 ehdotusta,
280 193 51 21 että
349 191 50 22 asia
414 190 123 30 pantaisiin
553 189 109 30 pöydälle.

206 264 121 22 Edusmies
354 262 87 29 Inberg:
472 261 91 22 Edusm.
587 261 94 22 Castren
697 261 75 22 lausui
788 261 71 22 täällä
874 261 93 22 eriävän

136 294 134 29 käsityksen
287 292 96 29 Säädyn
399 291 133 22 oikeudesta
548 291 107 22 käsitellä
665 292 51 21 tätä
727 291 136 30 kysymystä
874 291 94 22 ehdote-

136 325 64 21 tussa
223 323 155 29 laajuudessa.
409 321 34 22 Ne
466 321 131 29 perustelut,
616 320 61 29 joilla
693 321 46 21 hän
755 322 51 21 tätä
821 321 145 29 käsitystään

136 353 56 28 tuki,
219 355 55 21 ovat
299 351 123 23 kuitenkin
446 351 48 21 niin
516 350 149 29 täydellisesti
689 350 101 23 kaikkea
813 351 154 22 asiallisuutta

136 383 74 28 vailla,
228 385 48 20 että
292 382 75 23 niihin
384 381 19 22 ei
419 381 104 21 kannata
539 380 91 22 koskea.
656 380 62 21 Minä
729 381 82 28 pyysin
822 380 145 29 puhevuoroa

137 414 134 21 ainoastaan
287 411 152 24 lausuakseni
450 410 185 29 paheksumiseni
646 410 59 27 siitä,
717 411 49 21 että
776 410 84 22 edusm.
873 410 93 22 Caströn

136 443 71 22 täällä
227 442 94 29 Säädyn
338 441 122 29 julkisessa
475 441 132 21 istunnossa
623 446 28 15 on
667 439 122 29 rohjennut
804 441 96 27 väittää,
918 441 50 21 että

136 480 35 15 me
187 473 131 22 muutamat
335 470 147 28 edusmiehet,
498 469 65 29 jotka
578 469 95 22 olemme
689 469 120 23 lausuneet
826 470 142 22 toisenlaisia

137 502 140 29 mielipiteitä
300 501 59 22 kuin
383 499 84 23 edusm.
492 499 99 28 Castrén,
608 499 95 22 olemme
719 499 93 22 tehneet
828 507 40 14 sen
884 501 82 21 vasten

136 539 121 22 parempaa
278 531 134 23 tietoamme
433 530 32 21 tai
482 529 91 22 ainakin
589 529 190 28 jonkummoisten
795 530 91 28 juonien
902 529 64 22 takia

137 563 32 22 tai
194 562 67 22 miksi
284 561 48 22 hän
357 560 57 21 niitä
437 559 85 22 mahtoi
538 559 91 22 kutsua.
659 559 72 22 Tämä
747 559 84 22 edusm.
848 559 117 22 Castrenin

136 591 123 30 menettely
275 598 29 15 on
322 591 47 22 sitä
384 589 79 22 laatua
478 590 23 28 ja
517 589 55 21 siksi
588 595 73 15 ennen
677 589 156 28 kuulumaton,
845 590 49 21 että
904 589 64 22 minä

137 629 27 15 en
179 622 37 21 voi
231 622 74 28 jättää
322 620 47 22 sitä
384 619 70 22 ilman
469 619 174 22 vastalausetta.
667 618 34 22 Ne
717 620 59 28 syyt,
793 619 74 28 joiden
882 619 84 29 nojalla

137 652 84 22 edusm.
237 651 94 22 Castren
342 651 88 28 pyytää
440 650 51 21 tätä
503 649 74 21 juttua
588 648 109 30 pöydälle,
710 650 55 20 ovat
776 649 77 22 minun
864 651 102 27 ymmär-

136 682 105 22 tääkseni
257 678 312 31 Valtiopäiväjärjestykselle
586 678 70 22 aivan
672 680 193 21 tuntemattomat.

207 752 118 22 Edusmies
342 750 121 25 Koistinen:
492 750 62 22 Minä
569 750 77 29 yhdyn
663 757 60 15 vaan
739 750 150 30 täydellisesti
904 750 60 22 kan-

136 784 134 22 nattamaan
287 782 87 22 edusm.
391 780 117 23 Castrenin
524 780 129 27 lausuntoa,
670 782 49 20 että
728 780 50 22 asia
788 788 106 22 pannaan
908 782 57 28 pöy-

137 813 58 22 dälle
212 813 45 21 ensi
275 812 124 22 istuntoon.

207 878 120 22 Edusmies
344 876 93 23 Eklund:
463 876 43 28 Jag
522 876 47 22 kan
584 875 50 22 icke
650 875 120 23 underläta
785 876 35 22 att
835 875 129 29 framhälla,

138 910 34 21 att
196 908 43 22 den
255 908 105 26 tolkning
376 906 24 22 af
416 906 13 22 2
446 906 13 29 8
475 906 8 21 i
498 906 22 22 L.
538 906 30 27 O.,
586 912 48 15 som
651 905 23 22 af
689 907 71 26 några
776 905 188 23 ständsmedlem-

138 946 48 14 mar
209 939 69 28 gjorts
302 936 113 30 gällande,
437 936 113 28 nämligen
571 935 50 27 den,
641 936 35 21 att
691 935 116 23 Utskottet
822 935 143 23 öfverskridit

138 969 34 21 sin
195 968 144 28 befogenhet,
365 968 25 20 är
413 965 76 23 alltför
511 966 73 27 träng.
615 965 80 22 Denna
710 965 146 29 uppfattning
871 966 96 22 innebär

136 1000 24 28 ju
186 998 117 28 ingenting
328 997 79 26 annat,
433 998 30 20 än
487 997 35 21 att
546 995 165 29 propositionen
735 995 65 22 säväl
822 995 142 23 beträffande

137 1028 159 28 sträckningen
323 1026 24 23 af
370 1026 153 28 järnvägarna
547 1032 47 15 som
618 1025 109 28 anslagen
750 1025 34 22 för
808 1025 56 28 dem,
889 1032 27 15 m.
939 1025 25 22 fl.

137 1058 198 28 omständigheter,
353 1056 64 22 skola
433 1057 98 26 antagas
547 1055 71 30 precis
634 1054 87 23 sädana
737 1056 27 21 de
780 1057 38 20 äro
834 1056 56 21 utan
905 1055 57 22 min-

138 1090 36 21 sta
190 1088 117 24 afvikelse,
325 1086 54 23 eller
396 1085 69 23 ocksä
481 1085 60 22 skall
556 1085 67 28 ingen
639 1085 94 29 järnväg
744 1085 86 30 byggas
842 1085 46 23 alls.
912 1085 52 22 Men

138 1119 43 22 den
205 1117 185 30 uppfattningen,
406 1118 25 20 är
455 1115 85 28 orimlig
563 1115 42 22 och
628 1115 79 22 strider
725 1117 47 20 mot
788 1115 74 23 andan
879 1116 7 21 i
901 1115 22 22 L.
940 1115 25 23 O.

138 1149 40 22 och
202 1148 75 27 äfven,
299 1147 47 22 kan
363 1153 53 15 man
433 1145 100 28 tillägga,
551 1146 47 21 mot
613 1145 77 28 vanlig
705 1145 111 22 frisinnad
832 1145 134 28 åskådning.

137 1179 75 22 afven
235 1179 64 21 utom
324 1176 25 23 af
368 1175 107 22 rubriken
491 1177 29 27 på
536 1175 164 29 propositionen
716 1175 46 22 kan
778 1183 53 15 man
846 1176 24 28 ju
885 1175 79 28 förstå,

138 1209 34 22 att
195 1208 43 22 den
262 1207 61 22 afser
343 1205 132 30 byggandet
492 1205 23 22 af
531 1212 46 22 nya
592 1205 121 29 järnvägar
728 1205 69 22 äfven
813 1205 70 22 under
898 1206 65 21 inne-

137 1238 100 23 varande
252 1236 161 29 finansperiod,
430 1236 95 22 hvarom
541 1235 129 22 Ständerna
685 1235 48 22 icke
750 1235 60 22 förut
826 1235 59 22 varit
899 1235 4 22 i
916 1235 47 22 till-

136 1269 54 22 fälle
212 1269 35 21 att
270 1267 62 22 fatta
355 1266 81 22 beslut.
467 1265 135 29 Byggandet
625 1265 24 22 af
668 1265 96 29 järnväg
784 1267 25 20 är
824 1265 139 28 hufvudsak,

137 1298 166 27 sträckningen,
329 1296 104 28 anslaget
457 1295 42 22 och
520 1295 81 28 frägan
623 1302 41 21 om,
681 1295 117 22 hvarifrän
813 1295 72 22 medel
900 1295 64 22 skola

136 1331 72 26 tagas,
226 1330 38 20 äro
281 1327 46 22 alla
342 1326 98 22 bisaker.
472 1325 46 22 Och
534 1332 49 15 som
599 1324 14 30 $
629 1325 14 22 2
659 1325 82 22 tillåter
757 1325 83 22 urtima
855 1324 110 29 landtdag

138 1359 34 22 att
192 1357 69 23 äfven
281 1356 114 23 behandla
415 1355 88 22 sädana
522 1355 82 28 frägor,
621 1362 48 15 som
685 1355 50 22 med
751 1355 159 22 hufvudsaken
926 1357 38 20 äro

136 1387 113 28 förenade,
273 1388 27 21 sä
323 1385 72 24 hafva
416 1386 24 28 ju
461 1385 128 22 Ständerna
604 1384 41 23 full
661 1386 46 21 rätt
723 1387 35 20 att
774 1385 112 22 behandla
901 1385 62 28 järn-

137 1418 137 28 vägsfrägan
298 1418 8 21 i
329 1416 53 22 hela
405 1415 52 22 dess
478 1415 60 22 vidd.
569 1414 52 23 Men
636 1415 47 28 just
699 1415 94 22 emedan
809 1415 70 22 saken
896 1422 70 22 synes

139 1449 45 28 mig
202 1455 57 15 vara
275 1448 26 21 sä
323 1446 56 28 klar,
397 1447 26 20 sä
439 1452 67 15 anser
520 1445 38 29 jag
573 1444 75 29 ocksä,
665 1446 36 21 att
715 1445 39 22 det
768 1452 42 16 var
824 1444 90 29 onödigt
930 1446 36 21 att

138 1479 85 28 begära
238 1476 163 29 bordläggning
418 1475 24 22 af
457 1475 139 22 densamma.
