1053 1731
343 82 62 18 Uudet
417 82 215 18 rautatierakennukset.
867 84 34 18 577

73 155 158 24 Kristinestad.
263 154 45 28 Jag
323 154 41 22 har
379 154 56 22 dock
451 154 50 22 hört
517 154 129 28 uppgifvas,
663 156 36 20 att
715 154 68 23 äfven
800 154 27 23 de
843 156 57 21 stör-

73 189 38 20 sta
131 185 128 28 lastfartyg,
281 190 48 15 som
346 183 150 23 öfverhufvud
511 183 88 22 besöka
615 185 53 21 värt
682 184 61 28 land,
759 184 82 28 intagit
856 185 45 21 last

72 218 7 20 i
95 214 158 24 Kristinestad.

145 244 161 27 Landtdagsm.
322 242 118 22 Koskelins
456 242 147 28 andragande
627 243 81 22 verkar
723 243 69 22 ocksä
808 245 29 27 pä
855 244 46 28 mig

73 275 89 29 ganska
186 273 155 29 egendomligt,
366 272 29 22 dä
410 273 45 21 han
476 280 72 20 anser,
565 274 38 20 att
617 273 140 28 Regeringen
774 273 58 22 skall
846 275 54 27 taga

73 312 57 16 vara
153 305 29 28 pä
205 302 139 23 Ständernas
367 303 46 21 rätt
432 302 41 22 och
489 302 70 22 häfda
577 302 65 22 deras
658 303 121 27 anseende;
795 310 44 21 nog
854 304 46 22 till-

73 336 101 22 kommer
194 333 37 22 det
247 332 37 22 väl
301 332 8 22 i
323 332 96 22 främsta
433 334 97 20 rummet
546 332 130 22 Ständerna
692 334 35 20 att
742 332 71 23 häfda
829 333 71 28 detta;

74 365 44 22 den
135 371 47 15 som
198 363 49 22 icke
263 362 40 22 vill
319 362 52 28 själf
386 362 145 27 tillvarataga
547 362 36 21 sin
599 363 52 27 rätt,
669 362 43 22 den
723 362 100 22 kommer
833 363 68 22 ocksä

75 396 34 20 att
133 393 72 22 blifva
229 392 43 22 den
293 392 97 27 förutan,
407 391 91 22 hvarför
513 391 90 23 säledes
619 392 63 22 detta
698 394 47 20 sätt
761 394 35 20 att
811 392 89 23 försöka

73 424 95 28 kringgä
184 423 43 21 den
243 421 204 28 omständigheten,
464 422 35 21 att
515 421 129 23 Ständerna
659 422 70 22 redan
745 422 70 22 fattat
826 422 75 22 beslut

74 455 7 21 i
97 454 87 27 frägan,
202 454 25 20 är
242 451 119 23 värdelöst.
392 452 41 21 Att
449 452 49 21 äter
513 451 57 22 söka
587 452 174 22 sammanbinda
776 452 80 28 frägan
864 459 36 15 om

74 484 75 22 denna
172 480 233 32 syd-österbottniska
422 481 73 22 banas
518 481 121 29 byggande
656 481 50 22 med
722 481 27 22 de
765 482 24 22 af
805 482 95 22 Ständet

73 514 95 27 tidigare
194 512 112 26 beslutna,
330 511 112 22 förefaller
465 511 46 27 mig
534 518 57 15 vara
614 511 85 22 mindre
722 512 103 22 lofvärdt.
856 512 44 28 Jag

73 544 87 28 hoppas
184 543 35 21 att
241 541 100 23 försöket
365 541 57 21 skall
445 540 90 22 komma
559 542 37 21 att
618 541 56 22 bära
697 542 87 28 vatten,
808 542 41 22 och
865 543 35 21 att

75 573 96 23 Ständet
194 571 128 23 lidelsefritt
345 570 58 22 skall
420 570 91 22 komma
527 572 36 20 att
578 570 115 23 behandla
708 571 81 28 frägan
805 578 36 16 om
856 572 43 22 den

75 601 228 32 syd-österbottniska
318 601 129 28 järnvägen.

146 632 41 27 Dä,
204 633 74 20 säsom
293 631 38 28 jag
347 630 103 27 nämnde,
468 630 27 22 de
511 629 61 22 olika
588 630 175 29 slutpunkterna
777 630 34 22 för
826 630 74 23 denna

75 663 61 22 bana
158 662 50 22 icke
231 660 62 23 torde
315 660 61 29 spela
397 661 74 26 nägon
491 660 129 22 nämnvärd
635 660 40 21 roll
690 660 35 22 för
740 660 43 22 den
799 661 101 22 landsdel

74 693 78 22 banan
176 691 57 22 skall
255 691 99 28 betjäna,
379 691 26 20 sä
428 689 39 22 vill
489 690 38 29 jag
550 689 51 23 icke
624 690 114 22 bestämdt
754 690 87 29 päyrka
856 690 43 22 den

75 730 44 15 ena
142 722 53 22 eller
219 721 42 22 den
285 719 76 23 andra.
393 719 42 28 Jag
456 719 39 22 ber
515 719 56 22 dock
589 721 35 20 att
639 720 25 21 fä
679 719 137 23 understöda
832 721 66 21 Järn-

75 751 182 29 vägsutskottets
272 749 146 23 betänkande
433 750 8 21 i
457 749 64 22 detta
537 749 115 22 afseende.

147 822 117 27 Edusmies
284 821 127 23 Pennanen:
441 821 90 22 Edusm.
547 821 109 22 Koskelin
672 828 28 15 on
715 822 21 28 jo
751 821 148 22 huomautta-

75 855 42 21 nut
141 853 51 22 siitä
216 852 121 26 asemasta,
361 852 69 21 missä
453 851 161 22 rautatieasiat
636 852 42 27 nyt
694 853 54 20 ovat
763 853 64 20 tässä
842 851 56 22 neli-

76 883 140 30 säätyisessä
242 881 179 22 eduskunnassa.
457 881 62 22 Minä
545 887 28 15 en
600 882 88 21 omasta
712 881 128 29 puolestani
866 881 33 22 ole

76 913 56 22 ollut
154 912 179 30 kysymyksessä
357 911 80 22 olevan
453 911 132 29 Suupohjan
601 911 71 22 radan
688 911 145 29 kannattajia
848 911 50 22 mil-

75 943 112 22 loinkaan.
213 941 74 22 Mutta
302 941 139 22 vallankaan
457 942 42 28 nyt
515 941 62 21 minä
593 947 28 15 en
638 941 99 22 missään
749 941 151 29 tapauksessa

75 973 36 22 voi
137 973 58 22 enkä
218 971 68 22 tahdo
311 972 90 21 asettaa
423 970 136 29 kysymystä
579 971 63 21 tästä
662 971 130 29 Suupohjan
808 971 92 22 radasta

75 1003 107 29 Karjalan
198 1001 71 23 radan
284 1000 66 23 tielle.
371 1000 60 22 Minä
448 1001 38 21 siis
502 1000 79 29 yhdyn
593 1000 84 22 edusm.
688 1001 131 22 Koskelinin
829 1001 69 22 ehdo-

75 1033 103 27 tukseen,
203 1031 52 22 ettei
279 1031 82 22 käsillä
384 1031 65 21 oleva
472 1030 160 22 Valiokunnan
657 1030 95 23 ehdotus
768 1031 130 29 Suupohjan

75 1063 94 22 radasta
192 1061 83 22 antaisi
297 1060 56 22 tällä
375 1060 80 22 kertaa
479 1061 79 21 tämän
582 1060 92 29 Säädyn
694 1061 103 28 puolesta
813 1061 87 21 aihetta

76 1092 132 23 mihinkään
224 1091 204 28 toimenpiteeseen.

148 1163 117 22 Edusmies
285 1161 121 25 Koistinen:
437 1161 56 22 Olen
509 1161 97 23 samalla
621 1161 108 23 kannalla
744 1161 55 22 kuin
816 1161 83 23 edusm.

75 1193 114 23 Koskelin.
219 1192 26 23 Ei
269 1192 33 23 ole
323 1192 126 21 mielestäni
469 1191 73 22 oikein
559 1191 52 22 eikä
626 1191 155 29 kohtuullista,
798 1192 48 22 että
861 1199 38 14 sa-

76 1224 69 22 malla
168 1223 79 22 kertaa
270 1222 146 22 uhrattaisiin
439 1221 156 29 Pohjanmaan
611 1221 165 30 liikeneuvojen
792 1223 107 28 paranta-

76 1253 91 23 miseksi
193 1254 119 21 enemmän
337 1252 54 21 kuin
420 1251 27 22 19
473 1251 121 29 miljoonaa
619 1251 116 22 markkaa.
773 1252 126 21 Vastustan

77 1284 38 22 siis
131 1283 55 22 tällä
201 1283 79 22 kertaa
296 1281 131 30 Suupohjan
442 1281 72 22 radan
529 1281 166 22 rakentamista
711 1281 107 30 Karjalan
829 1281 70 22 radan

76 1313 193 22 kustannuksella.

148 1378 117 22 Edusmies
289 1376 98 24 Castrén:
419 1376 94 22 Minulla
536 1376 21 22 ei
579 1376 56 22 ollut
658 1376 111 23 tarkoitus
793 1376 106 29 alkujaan

76 1410 88 28 pyytää
179 1408 145 29 puhevuoroa
339 1406 64 22 esillä
417 1406 105 22 olevassa
532 1406 285 30 rautatiekysymyksessä,
829 1406 72 22 koska

76 1440 21 28 jo
121 1437 230 31 yleiskeskustelussa
374 1436 45 22 olin
440 1436 111 22 lausunut
566 1436 142 29 mielipiteeni
725 1436 58 28 siitä,
800 1437 100 21 kannat-

77 1471 54 20 taen
146 1468 71 22 radan
231 1466 166 23 rakentamista
414 1466 135 29 Seinäjoelta
565 1466 146 22 Kristiinaan.
742 1466 75 22 Mutta
832 1468 68 20 erään

806 1508 23 18 37
