1042 1723
387 88 206 19 Pelikorttisuostunta.
853 89 32 17 161

59 163 137 23 huolimatta
210 162 89 22 tullista
314 161 33 21 tai
362 161 173 28 rajavartioista.
559 160 61 22 Tätä
635 160 107 29 kauppaa
759 160 20 22 ei
795 160 91 22 mikään

59 193 160 29 rajavartiosto
239 192 66 21 saata
322 192 70 26 estää,
409 191 75 21 mutta
500 197 28 14 en
543 190 62 22 luule
623 197 67 14 veron
706 190 122 22 vähitellen
845 190 42 22 ko-

59 223 133 22 rottamisen
216 221 150 21 aiheuttavan
389 220 134 28 laveampaa
543 220 182 28 salakuljetusta.
757 220 130 21 Sentähden

60 254 119 21 kannatan
203 252 29 21 20
255 250 84 29 pennin
362 250 122 24 korotusta,
509 249 105 22 niinkuin
635 249 84 22 edusm.
735 249 108 22 Peltonen
859 256 28 15 on

60 282 142 23 ehdottanut.

134 341 117 21 Edusmies
269 339 89 23 Eklund:
383 338 30 22 Af
429 338 158 22 diskussionen
603 338 106 28 framgär,
726 339 35 21 att
772 338 42 22 den
827 340 60 20 stora

61 371 154 23 allmänheten
231 370 71 21 förser
318 369 32 27 sig
367 368 50 22 med
433 368 88 22 sädana
535 368 57 27 kort,
605 375 48 15 som
663 368 76 22 blifvit
749 368 137 28 begagnade,

62 402 52 21 eller
138 400 67 29 köper
228 400 77 27 billiga
322 398 86 22 sädana
424 398 24 22 af
464 398 182 29 laukku-ryssar.
679 398 96 22 Skatten
792 398 96 21 drabbar

62 430 88 23 säledes
173 429 159 23 företrädesvis
356 428 27 22 de
406 428 122 28 förmögna,
553 435 53 14 men
629 428 34 21 för
684 428 51 21 dem
755 429 25 20 är
801 428 38 21 det
860 435 26 14 en

62 460 100 28 smäsak,
182 467 35 14 om
237 459 26 22 de
279 458 78 22 betala
373 459 70 26 nägra
459 458 67 28 penni
542 464 47 15 mer
606 458 53 21 eller
675 457 90 22 mindre.
796 457 91 29 Förhöj-

62 492 83 26 ningen
169 489 91 22 förfelar
276 488 96 22 sälunda
388 488 48 21 helt
451 488 41 22 och
508 488 69 21 hället
592 487 39 22 det
649 487 85 28 sedliga
752 487 135 27 ändamälet,

63 521 41 22 och
121 520 173 22 konsekvensen
309 518 68 22 borde
389 518 71 21 blifva
470 518 34 21 för
515 517 161 22 hufvudsaken
688 518 33 21 ett
732 517 156 22 bibehällande

63 551 53 21 eller
138 550 33 22 till
194 549 42 22 och
259 548 51 22 med
334 548 123 27 sänkande,
474 547 81 22 medan
572 554 54 15 man
643 547 104 27 märkligt
763 554 43 21 nog
821 547 68 29 yrkar

63 582 29 28 pä
108 580 56 22 raka
180 580 130 21 motsatsen.
335 578 44 27 Jag
394 578 41 21 har
450 577 62 22 velat
527 577 89 29 päpeka
632 577 69 22 detta.
725 577 163 29 Förhöjningen

63 610 73 22 skulle
152 610 64 27 göras
231 608 59 22 blott
305 608 34 21 för
354 608 62 28 nöjet
432 608 34 21 att
481 607 109 21 beskatta
607 606 26 22 de
649 607 55 27 rika,
721 606 69 23 äfven
802 614 35 14 om
851 607 38 21 det

63 642 25 20 är
104 640 95 27 onödigt.

136 699 52 22 Kun
204 697 191 31 yleiskeskustelu
411 696 29 22 oli
455 696 112 29 julistettu
584 696 166 30 päättyneeksi,
767 696 73 22 lausui

138 758 120 23 Puhemies:
290 756 78 22 Koska
391 756 120 22 useimmat
534 756 97 28 puhujat
655 757 53 21 ovat
723 756 166 22 kannattaneet

65 789 132 22 mietintöön
214 788 98 28 liitettyä
327 786 175 27 vastalausetta,
519 786 46 22 niin
583 793 27 15 on
627 786 87 22 kenties
728 786 86 22 aihetta
825 786 63 22 ensin

65 820 111 21 äänestää
192 818 58 27 siitä,
267 816 108 23 tahtooko
392 816 72 29 Sääty
478 816 83 29 ryhtyä
577 816 175 22 käsittelemään
766 816 122 22 mietinnön

65 849 81 30 ponsia
160 848 70 23 kohta
247 846 114 28 kohdalta,
378 846 38 23 vai
432 846 107 22 tahtooko
553 845 73 30 Sääty
637 846 118 29 palauttaa
767 846 121 22 mietinnön

65 877 240 24 kokonaisuudessaan
318 877 176 27 Valiokuntaan,
504 876 71 21 kuten
587 876 184 22 vastalauseessa
782 883 27 15 on
821 875 67 22 ehdo-

65 910 67 21 tettu.
163 908 79 22 Esitän
258 906 122 23 senvuoksi
396 913 127 15 seuraavan

138 967 217 30 äänestysesityksen:

138 1028 32 22 Ne
186 1027 64 29 jotka
265 1027 107 22 tahtovat
388 1025 83 30 ryhtyä
487 1025 175 22 käsittelemään
678 1025 122 22 mietinnön
811 1025 79 29 ponsia

66 1059 72 21 kohta
153 1057 115 27 kohdalta,
284 1057 125 21 vastaavat
427 1056 70 28 »jaa>;

138 1088 33 28 jos
190 1087 45 21 >ei»
253 1087 93 26 voittaa,
364 1092 28 15 on
409 1085 72 29 Sääty
496 1085 123 29 päättänyt
635 1084 118 30 palauttaa
767 1084 123 22 mietinnön

68 1118 170 22 Valiokuntaan
262 1117 44 21 sitä
329 1116 139 21 tarkoitusta
483 1116 87 26 varten,
592 1115 55 21 kuin
663 1114 184 22 vastalauseessa
862 1122 27 14 on

67 1148 111 22 mainittu.

141 1206 87 23 Päätös:

140 1264 255 30 Huutoäänestyksessä
418 1264 163 22 tunnustettiin
605 1264 117 22 ei-äänten
749 1264 70 22 olleen
842 1263 49 22 voi-

68 1297 62 27 tolla,
154 1297 60 29 joten
238 1296 72 28 Sääty
333 1295 28 21 oli
381 1295 123 29 päättänyt
520 1294 119 29 palauttaa
655 1294 123 22 mietinnön
793 1293 97 22 takaisin

69 1326 170 23 Valiokuntaan
263 1324 220 23 muodostettavaksi
507 1324 160 22 vastalauseen
687 1324 138 22 ehdotuksen
842 1331 49 14 mu-

68 1357 106 22 kaiseksi.
