1064 1742
406 86 172 33 Painovapauslaki.
860 90 47 18 1063

83 166 77 23 hända
176 164 111 30 politiska,
305 164 42 21 den
359 163 69 21 andra
439 162 146 30 utspridande
602 162 25 22 af
638 170 16 14 s.
666 162 20 22 k.
698 163 102 27 religiösa
811 162 95 22 skrifter.

83 195 117 23 Hvardera
216 193 173 23 verksamheten
405 193 41 21 har
461 200 53 14 man
530 192 97 22 kommit
644 194 35 20 att
693 192 114 22 benämna
817 192 89 28 kolpor-

82 224 198 24 törsverksamhet.
311 223 43 27 Jag
377 224 44 20 tror
444 222 48 22 icke
508 222 38 22 det
561 222 72 28 ligger
650 223 26 20 så
692 222 95 28 mycken
803 222 50 21 vikt
869 222 36 28 på,

83 254 112 24 huruvida
211 254 43 22 den
271 260 43 14 ena
331 252 51 22 eller
393 252 70 22 andra
474 252 105 28 politiska
592 252 175 28 uppfattningen
779 251 42 21 blir
832 251 75 29 spridd

83 292 79 22 genom
183 284 136 28 kolportörer
340 282 51 22 eller
406 282 129 27 tidskrifter,
553 288 48 15 som
619 282 27 21 de
663 282 90 21 komma
769 282 36 20 att
821 280 84 27 utdela,

83 316 38 22 det
145 314 69 28 ligger
237 314 70 20 större
330 312 49 22 vikt
398 313 34 27 på,
449 311 113 22 huruvida
578 318 56 14 man
650 310 117 29 uppfattar
783 310 124 22 innehållet

83 345 24 22 af
123 344 67 22 dessa
206 342 95 22 skrifter.
332 342 42 27 Jag
390 343 51 25 tror,
458 343 36 20 att
510 342 50 20 vårt
576 341 69 21 lands
661 341 122 29 inbyggare
800 341 6 21 i
824 342 83 20 nästan

83 376 27 21 de
126 374 68 22 flesta
210 372 122 22 afseenden
350 378 42 21 nog
408 371 71 22 hafva
494 372 26 20 så
536 378 54 21 pass
607 371 92 29 mycket
715 370 108 28 omdöme,
835 371 36 21 att
880 370 27 22 de

83 406 8 20 i
107 404 63 22 detta
194 401 107 23 afseende
325 401 71 22 hafva
414 402 137 21 situationen
567 400 51 22 klar
634 400 34 22 för
684 401 39 27 sig.
755 400 42 28 Jag
813 402 25 19 är
854 400 53 21 kos-

85 434 90 29 mopolit
194 433 7 21 i
217 432 38 22 det
271 431 123 27 afseendet,
412 431 41 21 och
468 432 38 28 jag
521 431 41 21 har
578 430 75 28 tänkt,
671 432 35 20 att
722 437 39 15 ens
778 431 51 26 eget
845 437 60 14 sam-

84 465 52 21 vete
158 466 25 19 är
207 462 42 22 den
275 462 81 26 högsta
378 460 97 28 religion.
508 460 41 22 Om
565 467 29 15 en
611 460 112 29 kolportör
738 463 15 19 t.
770 467 33 14 ex.
820 460 88 21 utdelar

85 493 96 27 skrifter,
208 499 47 15 som
279 490 114 22 måhända
413 491 49 21 icke
479 492 37 20 stå
530 491 7 21 i
554 490 235 22 öfverensstämmelse
805 490 52 21 med
871 490 37 21 lu-

84 523 93 23 therska
193 522 100 29 kyrkans
309 522 48 20 lära
373 520 50 22 med
440 520 105 22 afseende
562 521 14 20 &
592 520 91 28 dogmer
699 520 41 22 och
756 520 78 25 annat,
847 520 26 21 sä
883 521 25 19 är

85 554 38 22 det
146 552 48 22 icke
216 553 51 25 rätt,
286 551 34 21 att
336 550 74 22 därför
424 550 101 22 fördöma
541 557 27 15 en
586 550 73 21 sådan
675 550 118 28 kolportör,
811 556 35 15 om
862 550 45 21 han

85 583 84 29 sprider
185 581 89 23 skrifter
290 581 7 21 i
313 581 84 29 nyttigt
414 580 59 29 syfte
490 580 52 22 eller
553 580 105 28 predikar
670 580 97 27 sanning
777 579 41 22 och
833 579 74 21 moral.

84 614 143 27 Åtminstone
250 617 45 21 kan
321 617 37 28 jag
382 616 34 22 för
431 616 53 30 min
509 616 34 21 del
564 616 50 21 icke
637 616 71 27 finna,
726 617 35 20 att
776 615 64 25 detta
856 622 51 15 vore

85 648 96 23 särande
203 648 34 21 för
262 646 125 22 samhället.
419 646 45 22 Den
490 653 48 15 som
563 647 48 21 mot
635 646 34 21 sin
686 652 56 21 egen
758 645 150 29 öfvertygelse

84 679 113 22 förkastar
221 684 27 15 en
272 676 71 22 sädan
368 676 278 29 kolportörsverksamhet,
673 676 46 21 han
743 677 24 19 är
790 682 46 14 mer
857 675 52 21 eller

85 708 85 23 mindre
186 708 73 28 jesuit.

157 767 117 22 Edusmies
301 766 81 22 Karhu:
406 765 130 28 Tiedetään,
562 766 48 21 että
634 772 151 14 maassamme
806 772 28 14 on
850 765 59 28 paljo

86 798 94 28 seuroja,
204 797 62 29 jotka
289 796 106 22 toimivat
416 796 60 21 mikä
492 795 96 22 mitäkin
605 795 83 29 yleistä
703 794 137 22 tarkoitusta
855 802 53 14 var-

86 830 45 23 ten,
149 829 22 27 ja
187 834 27 15 on
231 827 73 28 tietty,
322 827 49 21 että
386 825 76 22 niiden
478 825 112 22 iltamissa
606 825 138 22 tavallisesti
761 825 52 21 aina
829 824 80 22 levite-

86 860 56 21 tään
158 858 45 21 sitä
218 856 167 29 kirjallisuutta,
402 856 52 28 jolla
470 855 69 22 alalla
555 862 68 14 seura
638 855 77 22 toimii.
747 854 74 22 Mutta
837 854 72 29 kysy-

87 889 118 28 myksessä
225 887 64 22 oleva
305 886 84 29 pykälä
404 885 152 22 tällaisenaan
572 885 83 22 ollessa
671 885 62 22 tulisi
749 884 160 22 ehkäisemään

86 920 51 21 tätä
156 917 108 30 myyntiä.
295 916 78 21 Minun
390 915 193 29 ymmärtääkseni
600 916 20 21 ei
637 915 62 22 tulisi
715 915 120 22 monikaan
852 922 57 14 vaa-

87 949 74 21 dittua
183 947 69 29 lupaa
276 945 167 23 kuvernööriltä
467 945 145 27 hakeneeksi,
630 945 50 22 sillä
696 945 77 22 mikäli
789 945 84 27 luulen,
890 945 20 21 ei

86 979 69 28 lupaa
171 977 93 22 seuralle
282 976 166 29 myönnettäisi,
465 983 61 14 vaan
542 975 63 21 tulisi
622 975 44 22 sitä
682 975 85 28 jonkun
782 974 127 29 yksityisen

86 1007 107 23 henkilön
216 1008 88 21 nimeen
328 1005 80 28 hakea,
430 1005 69 28 jonka
522 1005 107 22 henkilön
650 1005 52 22 sitte
719 1005 61 21 tulisi
797 1005 52 21 aina
865 1004 45 22 olla

88 1045 108 15 seuransa
219 1036 103 29 puolesta
344 1035 112 22 iltamissa
478 1035 70 22 läsnä.
580 1035 63 21 Minä
666 1035 100 29 yhtyisin
782 1035 127 21 kannatta-

87 1075 74 20 maan,
178 1067 55 22 mitä
249 1066 84 22 edusm.
350 1065 86 29 Torppa
451 1065 21 28 jo
488 1072 28 15 on
532 1065 116 27 lausunut,
663 1066 48 21 että
726 1064 92 23 ainakin
829 1064 78 29 yhdis-

87 1098 78 29 tykset
179 1098 24 28 ja
218 1097 75 21 seurat
308 1095 188 29 vapautettaisiin
509 1095 150 22 tuommoisen
669 1095 70 21 luvan
750 1094 159 22 hakemisesta.

158 1150 117 22 Edusmies
291 1149 80 22 Antila:
388 1149 90 22 Edusm.
496 1148 89 22 Eklund
601 1155 28 15 on
643 1149 70 21 täällä
725 1149 123 28 selittänyt,
860 1149 49 21 että

90 1181 27 22 14
133 1181 35 29 &n
185 1180 98 22 mukaan
299 1179 49 22 olisi
364 1179 144 21 semmoisilla
524 1179 110 24 seuroilla,
648 1179 67 28 joista
727 1179 85 21 edusm.
824 1178 87 29 Torppa

88 1211 105 27 mainitsi,
220 1211 59 21 esim.
306 1208 278 29 Kirjallisuudenseuralla,
612 1208 294 28 Kansanvalistusseuralla,

88 1240 193 23 raittiusseuroilla
304 1247 20 21 y.
345 1246 28 15 m.
397 1239 78 22 oikeus
499 1239 97 21 muitten
617 1239 82 21 kautta
716 1238 84 29 myydä
817 1238 93 29 kirjalli-

89 1272 84 26 suutta,
197 1271 38 21 siis
259 1272 71 19 antaa
350 1269 143 22 kanniskella
508 1269 23 28 ja
547 1268 105 22 kulettaa
669 1269 44 21 sitä
729 1269 94 28 ympäri,
841 1268 70 22 ilman

89 1302 48 21 että
160 1300 70 22 siihen
249 1300 115 21 tarvitaan
381 1299 149 21 kuvernöörin
546 1299 74 28 lupaa.
652 1298 75 22 Mutta
743 1299 77 21 näissä
837 1298 73 28 pykä-

89 1331 54 22 lissä
159 1331 19 21 ei
194 1331 44 20 sitä
253 1329 140 22 kuitenkaan
410 1329 87 27 sanota,
514 1329 22 28 ja
552 1328 123 22 senvuoksi
691 1329 99 21 minusta
806 1335 28 14 on
846 1329 65 20 tämä

89 1361 49 22 asia
161 1360 111 29 epäselvä.
304 1359 61 21 Minä
388 1359 82 27 luulen,
496 1359 47 21 että
565 1359 51 21 tätä
636 1359 62 21 lakia
714 1358 98 22 voidaan
828 1358 84 22 tulkita

89 1391 78 22 näissä
186 1389 83 23 kohdin
286 1389 50 21 sillä
352 1389 92 26 tavalla,
462 1390 49 20 että
526 1388 71 22 luvan
613 1389 163 21 hankkiminen
792 1388 119 22 kuitenkin

89 1421 37 22 voi
149 1420 57 22 tulla
229 1419 221 22 välttämättömäksi
473 1419 23 28 ja
516 1418 169 29 tarpeelliseksi,
709 1418 81 22 taikka
813 1417 98 22 voidaan

90 1449 230 30 myyskenteleminen
340 1449 33 21 tai
394 1448 203 29 kaupitteleminen
614 1448 86 22 kieltää
716 1450 78 19 tämän
810 1448 45 22 lain
872 1455 39 22 pe-

89 1480 136 22 rustuksella
248 1479 64 22 niiltä
332 1478 138 27 henkilöiltä,
487 1478 64 28 jotka
568 1480 96 27 myyvät
680 1478 72 22 äsken
769 1478 142 29 mainittujen
