1050 1723
345 94 104 23 Lähetystö
462 94 19 22 ja
493 94 135 18 ranskankieli,
880 94 23 18 67

69 170 73 30 yhtyä
171 168 79 26 niihin,
274 166 63 29 jotka
363 167 54 21 ovat
440 165 193 22 vastalauseensa
659 167 99 27 panneet
782 165 122 22 mainittua

71 198 141 28 menettelyä
228 198 105 25 vastaan,
350 195 117 22 varsinkin
483 195 54 21 kuin
555 195 75 21 edellä
647 195 165 29 puolenpäivän
830 195 73 21 istun-

71 236 69 15 nossa
156 228 49 21 olen
223 225 168 23 suomenkielen
408 225 74 21 asiata
498 224 160 23 kannattanut
673 226 24 27 ja
712 225 118 22 valvonut.

144 286 119 22 Edusmies
281 284 136 23 Pietiläinen:
433 284 61 22 Minä
507 284 131 28 puolestani
649 284 79 29 yhdyn
740 284 85 22 edusm.
836 284 68 22 Wär-

74 318 32 22 rin
125 316 200 22 moitelauseeseen
342 315 23 27 ja
380 314 49 21 olen
446 314 147 26 vakuutettu,
611 314 56 22 ettei
683 321 24 15 se
724 314 33 21 ole
774 314 64 29 tehty
850 314 54 21 mis-

76 349 56 21 sään
150 344 266 30 puoluetarkoituksessa
432 343 180 29 vastapuolueen
630 344 83 21 miestä
728 345 105 26 vastaan,
845 350 60 15 vaan

75 376 145 23 rehellisessä
241 374 180 22 tarkoituksessa
441 374 103 28 pelastaa
563 373 100 22 Suomen
680 374 150 21 suomalaisen
847 374 59 21 kan-

75 414 41 15 san
142 406 23 28 ja
189 403 247 29 Talonpoikaissäädyn
458 403 85 21 kunnia
565 404 60 20 siinä
645 403 126 28 suhteessa,
796 405 49 20 että
866 410 39 14 sen

76 436 120 27 edustajat
210 434 54 29 joka
279 433 162 22 tilaisuudessa
456 433 125 28 käyttävät
597 433 45 21 sitä
658 433 76 27 kieltä,
751 433 47 28 jota
809 433 97 21 Suomen

76 463 251 31 Talonpoikaissäädyn
344 463 132 22 enemmistö
492 462 84 29 puhuu.

148 523 119 23 Edusmies
292 522 101 23 Halinen:
417 522 132 21 Minuunkin
575 529 30 14 on
629 522 82 29 tehnyt
731 522 69 29 hyvin
821 522 84 22 ikävän

77 553 161 26 vaikutuksen,
271 553 49 21 että
351 551 92 30 Säädyn
477 552 130 28 lähetystön
638 552 86 28 johtaja
755 552 150 21 Kenraaliku-

77 584 115 23 vernöörin
216 583 68 22 luona
312 589 28 14 on
359 582 125 28 käyttänyt
509 581 101 22 vierasta
636 581 76 22 kieltä.
743 581 76 22 Koska
846 582 61 21 minä

77 615 97 22 edustan
206 612 149 23 suomalaista
384 611 172 22 tuomiokuntaa
586 612 23 28 ja
639 612 79 21 minua
747 611 103 30 myöskin
878 619 27 14 on

78 645 116 27 evästetty
210 643 63 21 niillä
289 641 175 27 toivomuksilla,
475 643 47 20 että
534 641 122 28 edustajan
667 641 60 22 tulee
739 641 166 22 voimakkaasti

78 674 83 22 valvoa
185 672 169 23 suomenkielen
378 672 69 28 etuja,
464 671 47 22 niin
528 671 49 22 olen
595 671 125 22 kiitollinen
738 671 83 22 edusm.
838 671 67 22 Wär-

78 704 53 27 rille,
149 705 48 20 että
213 703 46 21 hän
276 709 28 14 on
322 703 92 20 ottanut
430 701 53 21 näin
499 701 96 21 tärkeän
612 702 65 20 asian
689 701 217 28 keskusteltavaksi,

78 735 58 28 jotta
157 740 23 15 se
202 732 62 23 tulisi
280 731 127 29 säilymään
424 732 55 21 tänä
495 731 176 22 historiallisena
687 731 156 22 aikakautena
858 731 49 22 laa-

80 763 122 22 dittavissa
218 761 223 28 aikakauskirjoissa.
468 760 102 29 Myöskin
587 761 112 28 toivoisin,
717 762 48 21 että
776 761 132 22 keskustelu

80 796 42 27 nyt
148 792 168 29 lopetettaisiin,
347 791 70 22 kuten
441 790 84 22 edusm.
549 790 126 29 Huoponen
699 791 106 28 mainitsi,
827 792 23 27 ja
873 798 35 15 me

81 823 144 30 pääsisimme
242 821 149 29 joulurauhaa
407 821 147 21 viettämään.

155 882 118 22 Edusmies
289 881 52 22 Näs:
357 880 51 22 Med
424 881 88 28 hänsyn
525 880 32 22 till
569 880 43 22 den
623 880 227 30 kulturständpunkt,
862 888 47 14 som

84 914 27 21 de
129 920 16 14 s.
162 913 20 21 k.
199 910 173 29 världsspräken
389 912 104 27 uppnätt,
509 911 26 21 sä
551 917 68 15 anser
633 911 38 27 jag
682 910 38 22 det
731 918 55 14 vara
796 910 112 29 likgiltigt,

85 950 35 15 om
137 949 53 15 man
207 941 116 28 uttrycker
339 941 34 26 sig
388 942 30 27 pä
433 940 38 21 det
487 947 42 14 ena
540 939 53 22 eller
603 940 72 21 andra
686 940 96 29 spräket.
806 940 103 22 Civilisa-

84 973 77 21 tionen
185 972 99 21 kommer
307 970 60 21 ändå
391 971 34 20 att
446 971 29 26 gå
494 969 83 22 framåt
597 971 26 20 sä
638 977 53 21 pass
708 970 96 29 mycket,
822 972 35 20 att
872 970 38 22 det

84 1003 41 21 blir
149 1001 105 28 likgiltigt
276 1000 52 22 eller
352 1000 137 21 åtminstone
514 1007 27 14 en
565 1000 99 27 smäsak,
686 1001 30 27 pä
735 1000 87 22 hvilket
842 1000 68 29 språk

86 1040 51 14 man
161 1031 117 29 uttrycker
299 1030 41 27 sig,
364 1030 58 21 blott
442 1037 51 14 man
513 1029 46 22 kan
576 1030 92 28 språket
683 1030 42 21 och
741 1030 41 21 har
798 1030 38 22 det
851 1030 59 22 klart

84 1063 34 21 för
139 1062 39 27 sig,
201 1062 25 21 så
247 1061 35 21 att
298 1067 52 14 man
367 1059 116 30 uttrycker
498 1059 35 28 sig
548 1059 65 22 klart.
645 1059 44 28 Jag
704 1062 25 19 är
744 1059 76 22 därför
834 1060 76 22 landt-

86 1092 85 27 dagsm.
198 1091 91 22 Castrén
312 1089 104 22 tacksam
437 1089 34 22 för
490 1089 38 22 det
543 1089 46 22 han
605 1090 63 27 gjort.
699 1089 93 22 Kanske
808 1089 43 22 den
868 1089 43 29 dag

87 1122 99 21 kommer
213 1120 74 28 också,
312 1119 30 22 då
365 1120 7 20 i
395 1119 44 22 den
462 1119 77 22 finska
563 1120 205 27 representationen
793 1119 118 23 användas

88 1153 84 26 många
188 1150 73 30 språk,
279 1150 40 22 och
336 1149 57 22 hvar
409 1149 41 22 och
467 1156 27 15 en
509 1149 36 22 får
560 1151 47 20 rätt
623 1151 35 20 att
674 1149 106 30 uttrycka
791 1150 34 21 sin
836 1150 75 22 tanke.

86 1182 69 22 Detta
171 1183 25 20 är
211 1188 31 14 nu
258 1187 27 15 en
302 1179 176 28 framtidsfråga.

162 1240 117 22 Edusmies
294 1239 81 22 Antila:
391 1239 90 21 Edusm.
497 1238 132 22 Pietiläinen
646 1246 27 15 on
690 1239 21 28 jo
727 1239 115 26 lausunut,
856 1240 56 21 mitä

89 1271 95 23 minulla
207 1271 28 20 oli
258 1269 103 22 aikomus
385 1275 76 16 sanoa.
492 1268 118 29 Pyytäisin
631 1269 119 22 kuitenkin
767 1269 59 22 vielä
842 1269 71 22 saada

90 1302 82 21 lausua
187 1299 141 29 ihmettelyni
344 1299 59 27 siitä,
421 1300 48 20 että
480 1299 70 21 täällä
561 1305 27 15 on
599 1298 107 29 löytynyt
716 1299 115 28 jokukaan
841 1300 71 27 jäsen,

88 1331 54 29 joka
164 1338 28 15 on
213 1330 79 22 voinut
314 1329 121 28 puolustaa
453 1329 45 21 sitä
513 1328 144 29 menettelyä,
673 1330 59 26 josta
747 1329 167 22 moitelauseita

89 1362 47 21 niin
152 1367 81 15 monen
250 1359 91 28 Säädyn
358 1359 93 28 jäsenen
467 1358 101 29 puolelta
583 1365 28 15 on
627 1360 103 21 annettu.

162 1419 117 23 Edusmies
296 1418 93 23 Eklund:
410 1418 42 22 För
468 1419 45 20 min
530 1417 36 22 del
582 1417 45 23 kan
642 1419 38 28 jag
695 1418 49 22 icke
760 1425 44 21 nog
819 1419 95 22 förväna

91 1451 45 27 mig
158 1450 64 22 öfver
244 1449 42 21 den
311 1450 61 20 stora
395 1447 176 28 indignationen,
589 1455 48 14 som
652 1448 42 22 har
709 1448 96 22 uttalats
820 1448 94 22 rörande

90 1478 172 30 ifrägavarande
285 1478 114 22 händelse.
431 1477 152 22 Ordföranden
607 1478 115 28 uttryckte
742 1478 34 28 sig
790 1478 24 28 ju
830 1480 30 27 pä
874 1485 40 15 ren
