1042 1725
415 88 149 19 Paloviinavero.
767 106 8 8 N
867 90 36 17 263

78 164 66 27 selta,
162 163 47 21 että
233 161 72 29 Sääty
329 160 98 29 lykkäisi
449 160 125 22 mietinnön
600 160 108 29 johonkin
733 160 170 22 valiokuntaan.

80 193 65 23 Juuri
168 192 64 22 tässä
255 190 170 22 muodollisessa
444 190 120 22 suhteessa
580 190 63 22 minä
659 190 92 29 pyydän
768 190 69 22 tehdä
852 190 52 22 hiu-

79 224 47 21 kan
142 220 143 31 poikkeavan
303 220 146 28 ehdotuksen,
461 220 54 21 mitä
524 220 62 21 tulee
596 220 91 28 Säädyn
696 220 209 29 menettelytapaan

78 254 80 22 tämän
181 251 66 21 asian
270 250 166 29 päättämiseen
461 249 97 27 nähden,
584 250 24 28 ja
630 250 116 22 rohkenen
768 256 39 15 sen
824 250 81 22 vuoksi

79 281 159 24 kunnioittaen
263 279 113 28 ehdottaa,
401 280 48 21 että
469 279 72 29 Sääty
558 280 89 27 jättäisi
664 279 56 22 sekä
735 280 79 21 tämän
829 280 76 28 ponsi-

78 313 92 22 lauseen
188 311 48 21 että
252 310 45 21 sitä
313 313 122 18 seuraavat
445 308 157 30 ponsilauseet
612 309 105 29 pöydälle
728 308 56 23 siksi
793 309 48 22 kun
852 309 52 22 Val-

80 340 167 24 tiovaliokunta
263 346 28 15 on
308 340 87 21 asiasta
411 340 99 20 antanut
525 338 156 23 mietintönsä.

153 399 119 23 Edusmies
290 398 113 24 Karlsson:
426 398 33 22 Pä
475 405 87 15 samma
578 398 73 28 grund
668 405 48 15 som
731 398 174 28 landtdagsman

83 431 92 22 Castrén
199 429 42 22 har
261 429 38 28 jag
321 428 49 22 icke
393 428 70 22 heller
478 429 76 21 ansett
570 428 47 28 mig
632 428 55 22 böra
702 428 92 28 deltaga
809 428 7 22 i
832 428 75 22 denna

81 460 128 22 diskussion
225 465 36 15 om
276 458 153 28 fördelningen
440 458 23 22 af
471 458 222 28 brännvinsmedlen,
706 458 29 22 dä
745 458 38 28 jag
793 458 112 28 nämligen

82 497 72 20 anser,
171 490 35 20 att
222 488 75 22 denna
312 488 65 27 fräga
392 490 62 19 ännu
469 487 131 29 ytterligare
616 488 100 22 kommer
730 488 47 22 före
792 488 8 21 i
810 488 97 22 Ständet

81 520 39 22 vid
135 518 167 28 behandlingen
319 517 24 23 af
359 517 190 23 Statsutskottets
565 517 153 23 betänkande.
749 518 79 22 Därtill
840 525 67 22 synes

81 550 81 28 frägan
178 551 63 26 ännu
256 548 93 22 befinna
365 548 33 27 sig
414 548 7 21 i
437 547 38 22 det
491 546 69 29 skick,
579 549 36 21 att
631 547 75 23 beslut
726 547 24 23 af
767 547 96 23 Ständet
878 549 29 28 pä

82 579 75 29 grund
173 578 24 23 af
212 577 157 23 betänkandet
384 577 49 22 icke
449 577 46 22 kan
510 577 80 22 fattas.

156 609 69 22 Detta
242 610 25 19 är
282 607 113 28 nämligen
411 607 49 22 icke
476 607 52 22 fullt
543 607 89 28 riktigt:
648 615 53 14 man
717 607 41 22 har
774 607 50 22 med
835 607 73 22 siffror

83 639 63 22 velat
169 638 84 29 belysa,
278 637 92 22 hvartill
393 637 44 22 den
460 637 83 29 princip
559 637 67 28 leder,
644 645 48 14 som
708 644 53 15 man
777 637 63 22 ställt
855 645 52 21 upp,

82 677 52 14 men
150 670 73 21 säsom
240 668 38 21 det
293 667 111 29 päpekats
420 667 65 22 stöda
501 667 33 28 sig
544 666 70 23 dessa
624 667 74 22 siffror
707 667 49 22 icke
767 669 30 27 pä
807 667 100 22 nämnda

83 699 90 29 princip,
190 697 93 23 hvadan
298 697 52 22 hela
366 697 169 29 sifferkalkylen
551 697 44 22 blir
611 697 156 22 missvisande.
798 697 40 22 Ett
854 697 49 22 stöd

82 729 34 22 för
132 729 42 21 den
191 727 181 30 uppfattningen,
389 728 36 21 att
439 727 81 28 frågan
535 727 50 22 icke
602 734 31 15 nu
649 727 67 22 borde
728 727 95 28 afgöras,
834 727 71 22 hafva

83 759 24 22 vi
128 759 53 27 däri,
198 759 35 21 att
248 757 112 22 hvardera
376 757 24 21 af
415 757 27 22 de
458 757 89 28 jurister
566 757 3 21 i
586 757 124 27 Utskottet,
728 764 48 15 som
792 757 92 27 deltagit
900 757 7 22 i

83 788 165 27 behandlingen
265 787 24 22 af
305 787 74 22 denna
393 786 71 29 fråga,
480 788 127 21 reserverat
623 787 33 28 sig
667 787 47 28 just
725 787 7 21 i
743 787 75 22 denna
828 787 79 29 punkt,

84 819 41 22 och
141 818 114 22 dessutom
271 816 72 23 hafva
358 816 107 23 Ständets
481 817 41 22 tvä
538 816 76 23 äldsta
630 817 89 28 jurister
735 817 85 21 biträdt
835 823 71 16 reser-

84 849 113 26 vationen,
221 847 91 22 hvarför
335 846 38 22 det
391 846 62 22 torde
469 853 57 15 vara
541 846 41 22 allt
599 846 50 22 skäl
665 847 35 21 att
718 853 55 15 anse
790 846 43 22 den
849 854 56 21 upp-

84 878 129 27 fattningen
236 884 56 15 vara
315 876 73 28 riktig,
409 877 35 21 att
459 876 225 22 Ekonomiutskottet
699 877 50 27 gätt
764 876 90 22 utöfver
869 877 34 21 sin

86 908 141 28 befogenhet,
244 908 41 20 när
301 905 39 23 det
355 906 75 28 ingätt
445 906 7 21 i
468 908 102 20 närmare
586 906 138 28 behandling
741 905 23 23 af
780 906 79 28 frägan
873 913 36 15 om

86 938 161 26 fördelningen.
278 936 45 27 Jag
346 936 40 22 ber
410 935 74 23 därför
508 935 25 22 fä
548 936 139 22 understöda
703 936 38 22 det
755 936 90 28 förslag,
862 943 47 15 som

86 967 140 27 framställts,
251 966 35 22 att
310 965 39 23 det
365 965 48 23 icke
429 973 32 14 nu
476 965 67 22 borde
558 965 74 23 fattas
648 967 69 27 något
732 966 76 22 beslut
822 966 8 21 i
846 965 63 23 detta

86 997 113 27 afseende,
215 996 42 22 och
273 997 34 21 att
323 995 94 22 ärendet
432 995 34 22 för
481 996 143 21 närvarande
640 996 49 22 icke
704 995 68 22 borde
787 995 116 23 föranleda

87 1028 34 22 till
137 1028 72 27 nägon
227 1025 79 29 ätgärd
321 1025 50 22 frän
389 1025 108 22 Ständets
513 1024 54 23 sida.

159 1086 118 22 Edusmies
294 1085 123 28 Leppänen:
449 1084 62 23 Minä
526 1084 119 23 kannatan
662 1084 151 23 edusmiesten
824 1085 85 22 Thulen

88 1118 23 28 ja
134 1116 67 22 Nixin
224 1116 123 22 lausuntoa
367 1115 56 22 sekä
438 1114 180 30 kysymyksessä
633 1115 81 22 olevan
731 1115 64 22 asian
810 1115 99 23 lähettä-

88 1147 68 22 mistä
171 1144 247 25 Valtiovaliokuntaan.

163 1205 118 23 Edusmies
313 1204 96 30 Ojanen:
446 1205 62 22 Minä
538 1205 82 29 pyysin
652 1205 145 29 puhevuoroa
827 1205 84 22 edusm.

90 1237 116 22 Castrenin
230 1235 107 23 tekemän
361 1234 141 23 ehdotuksen
517 1235 111 28 johdosta,
646 1236 47 21 että
709 1235 73 30 Sääty
797 1235 113 22 lähettäisi

89 1266 179 30 kysymyksessä
284 1265 81 22 olevan
381 1265 91 22 kohdan
487 1264 251 29 Valtiovaliokuntaan,
755 1265 88 29 vieläpä
861 1265 51 22 sillä

91 1295 158 31 evästyksellä,
266 1295 61 22 mikä
343 1295 172 22 keskustelusta
530 1296 90 28 syntyy.
651 1295 61 22 Minä
728 1295 68 29 pidän
806 1295 105 22 luonnot-

90 1328 93 21 tomana
205 1326 103 22 lähettää
331 1325 70 28 asiaa,
426 1325 53 28 joka
504 1325 20 28 jo
540 1331 29 16 on
585 1325 115 29 Säädystä
715 1325 113 29 lähetetty
844 1327 67 20 eväs-

90 1357 119 28 tyksineen
239 1355 121 30 päivineen
387 1354 56 23 sekä
468 1354 94 22 Talous-
588 1356 49 21 että
663 1355 248 28 Valtiovaliokuntaan,

90 1387 60 22 vielä
173 1385 127 23 uudestaan
323 1384 102 29 jossakin
448 1391 80 16 osassa
542 1384 248 23 Valtiovaliokuntaan.
821 1385 90 22 Kaiketi

90 1417 104 22 riittänee
209 1415 52 30 yksi
275 1415 172 28 lähettäminen,
463 1415 23 28 ja
501 1415 89 28 tietysti
607 1414 210 23 Valtiovaliokunta
832 1415 20 28 jo
867 1415 44 29 yh-

90 1446 44 22 den
151 1445 156 23 lähettämisen
324 1444 166 29 perustuksella
505 1444 121 23 käsittelee
643 1445 63 22 asiaa
722 1445 50 22 sillä
781 1444 130 29 oikeudella,

90 1476 61 22 mikä
175 1476 50 22 sillä
249 1482 27 15 on
300 1475 72 22 tähän
396 1475 79 21 asiaan
492 1473 97 29 nähden,
606 1475 23 28 ja
645 1476 71 21 antaa
732 1474 113 23 aikanaan
861 1475 51 22 lau-
