1056 1736
146 97 35 18 696
351 95 182 23 Talonpoikaissääty
546 95 21 17 11
581 96 43 22 p:nä
636 95 76 18 toukok.
727 95 51 18 1906.

145 167 112 23 maksikin
272 167 97 22 veroksi.
385 167 99 21 Toiseksi
500 166 138 22 ehdotetaan
654 167 250 28 asetusehdotuksessa,
922 169 49 21 että

144 198 97 21 ilmoitus
262 196 188 29 kulkukaupasta
472 203 27 14 on
516 196 94 22 tehtävä
626 196 283 24 kuvernöörinvirastossa.
941 198 28 22 Se

144 234 28 15 on
195 227 62 29 kyllä
280 226 139 30 paikallaan,
444 227 74 20 mutta
542 227 61 20 tästä
627 226 242 22 asetusehdotuksesta
885 228 20 21 ei
921 228 47 29 käy

145 257 91 27 selville,
253 257 58 21 onko
327 256 111 22 tällainen
453 255 163 29 kulkukauppa
625 255 152 23 ilmoitettava
787 257 183 23 asianomaisella

144 286 86 22 tavalla
255 285 219 30 kaupparekisteriin
501 285 38 22 vai
565 285 25 21 ei.
626 285 112 22 Kaikessa
764 286 153 29 tapauksessa
941 294 28 15 on

144 316 118 22 kuitenkin
286 316 137 26 toivottava,
448 315 47 21 että
518 314 147 29 jonkinlaista
688 315 108 22 luetteloa
813 317 23 28 ja
852 316 118 23 rekisteriä

145 345 126 22 tällaisesta
294 345 189 28 kulkukaupasta
503 344 115 29 pidetään,
635 344 51 22 sillä
701 345 105 22 sitenhän
823 345 146 30 kulkukaup-

144 376 95 28 piaitten
258 375 126 22 valvontaa
399 374 38 22 voi
453 374 122 29 paremmin
591 374 113 22 toimittaa
719 375 51 28 joko
787 375 133 22 kuvernööri
936 377 33 21 tai

144 405 128 22 nimismies.

215 435 56 22 Mitä
296 435 55 21 sitte
375 433 232 29 terveystodistuksen
632 434 153 22 esittämiseen
809 435 66 27 tulee,
901 435 68 28 pidän

145 465 60 22 minä
228 471 40 15 sen
291 463 166 23 uudistamisen
480 463 126 22 useammin
630 463 54 22 kuin
704 471 60 14 vaan
780 467 121 20 anomusta
917 465 52 22 teh-

145 495 76 21 täessä
246 494 165 29 tarpeellisena.
451 493 34 21 En
508 492 141 22 kuitenkaan
672 493 52 28 pidä
747 494 158 29 tarpeellisena
929 502 40 15 sen

146 524 159 22 uudistamista
331 523 48 22 niin
406 523 63 21 usein
495 523 55 21 kuin
577 522 84 22 edusm.
688 523 62 22 Prusi
774 531 28 14 on
827 524 141 22 ehdottanut.

145 554 98 21 Minusta
267 554 84 26 riittää,
377 553 46 21 kun
447 552 189 28 terveystodistus
656 552 146 23 uudistetaan
819 554 60 21 esim.
898 555 72 27 puoli-

147 583 130 22 vuosittain.

216 642 118 22 Edusmies
355 641 49 23 Nix:
435 641 159 27 Affattningen
611 641 24 21 af
653 642 27 21 10
695 642 13 28 8
724 642 7 21 i
747 642 165 28 näringslagen,
930 644 38 20 sä-

146 672 44 22 dan
213 672 43 22 den
279 679 31 15 nu
327 674 26 20 är
368 671 126 28 föreslagen
510 671 7 21 i
533 670 51 23 nåd.
600 672 169 27 propositionen,
786 672 46 22 kan
848 672 49 22 icke
914 672 54 22 full-

145 702 92 28 komligt
253 701 164 23 tillfredsställa
434 702 49 26 mig.
515 700 45 22 Där
584 700 92 28 stadgas
696 701 69 22 bland
782 703 71 21 annat
869 703 35 21 att
922 702 48 22 »för

146 732 97 22 inkomst
267 732 24 22 af
313 731 74 23 sädan
403 731 79 27 näring
500 730 59 22 skall
574 730 206 28 gärdfarihandlare
797 732 90 28 erlägga
903 732 64 22 kom-

146 762 140 22 munalskatt
309 761 35 23 till
367 760 44 22 den
434 760 114 27 kommun,
572 760 93 22 hvarest
687 761 46 21 han
756 761 41 22 har
817 762 41 22 sitt
877 762 29 21 bo
928 762 41 22 och

146 792 105 27 hemvist,
273 791 59 28 eller,
355 790 75 22 därest
446 790 45 22 han
508 790 82 22 sädant
606 790 50 22 icke
672 797 56 21 eger,
746 792 32 20 till
795 791 43 22 den
855 791 114 28 kommun,

146 822 92 22 hvarest
261 821 46 22 han
330 820 106 29 uppehöll
460 820 39 28 sig,
521 820 29 22 dä
566 820 46 21 han
628 820 92 22 undfick
736 821 72 29 öppen
824 821 145 29 förpassning

146 852 33 21 till
194 850 147 23 bedrifvande
359 850 24 21 af
398 850 201 27 gärdfarihandel».
631 850 69 22 Detta
715 850 125 28 stadgande
857 851 113 22 förefaller

146 881 45 28 mig
214 881 50 22 hart
287 882 41 20 när
352 879 99 30 omöjligt
473 881 35 20 att
528 879 8 22 i
556 879 119 29 praktiken
691 879 106 30 tillämpa.
828 880 63 23 Efter
907 881 62 22 hvad

147 918 51 15 man
215 911 86 21 känner
317 917 37 15 om
370 909 67 22 dessa
453 916 115 22 personers
584 909 104 28 rörlighet
704 910 59 22 inom
779 910 84 28 landet,
881 912 26 20 sä
923 911 45 22 kan

146 942 36 27 jag
205 940 48 22 icke
276 940 67 27 fatta,
365 939 58 22 huru
444 946 52 15 man
512 939 68 22 tänkt
596 939 40 28 sig,
653 940 35 21 att
704 939 66 22 dessa
785 947 104 22 personer
905 940 64 22 skola

146 970 75 23 betala
244 970 35 22 sin
302 969 201 22 kommunalskatt.
534 969 76 28 Enligt
633 969 195 28 kommunallagen
847 970 83 28 äligger
945 971 23 28 ju

146 999 245 24 kommunalnämnden
415 999 52 22 eller
490 999 228 27 taxeringsnämnden
735 1001 35 20 att
786 1001 98 28 uppgöra
902 1002 66 20 taxe-

146 1031 72 27 rings-
237 1030 40 22 och
293 1029 144 28 röstlängder.
469 1029 51 22 Men
544 1030 35 21 att
600 1028 66 23 dessa
684 1036 103 22 personer
802 1030 72 21 skulle
891 1029 78 23 känna

146 1061 39 27 till,
210 1061 35 21 att
268 1060 33 21 uti
324 1059 138 22 kommunen
484 1058 71 22 under
579 1060 49 20 äret
648 1059 82 22 vistats
747 1059 93 28 sädana,
858 1067 47 14 som
921 1059 46 23 fätt

148 1090 100 22 tillstånd
272 1091 35 20 att
330 1089 55 22 idka
408 1088 188 28 gärdfarihandel,
621 1090 25 20 är
669 1089 126 22 otänkbart.
835 1089 41 22 Om
901 1089 64 22 detta

148 1119 123 28 stadgande
295 1119 59 22 skall
377 1119 24 21 fä
421 1120 74 26 nägon
512 1118 122 29 betydelse,
651 1120 72 21 mäste
738 1119 39 22 det
792 1119 105 30 inryckas
915 1119 54 28 däri,

148 1151 34 21 att
197 1149 214 28 gärdfarihandlare,
429 1155 47 15 som
493 1148 89 22 erhällit
597 1148 103 22 tillständ
715 1149 50 21 frän
781 1150 138 26 guvernören
935 1151 34 20 att

148 1179 79 23 utöiva
251 1179 40 22 sitt
313 1178 62 30 yrke,
401 1178 58 22 skall
482 1178 70 22 förete
568 1178 38 22 det
622 1178 40 22 hos
678 1178 226 23 kommunalnämnds
920 1179 50 21 ord-
995 1192 2 2 -

147 1209 114 27 föranden,
279 1210 26 21 sä
321 1210 35 20 att
372 1208 75 22 denna
463 1208 45 21 kan
525 1207 114 22 anteckna
655 1207 38 22 det
708 1208 41 21 och
765 1208 70 22 sedan
853 1208 37 22 vid
906 1209 64 22 kom-

148 1239 211 27 munaltaxeringen
375 1237 79 30 päföra
470 1237 82 22 honom
568 1237 38 22 det
622 1237 64 22 antal
696 1237 122 28 skattören,
831 1245 48 15 som
890 1238 81 22 honom

148 1269 39 22 bör
209 1269 132 24 tillkomma.
372 1268 9 21 I
406 1269 72 20 annat
500 1267 42 22 fall
562 1267 91 22 komma
672 1267 66 22 dessa
754 1275 104 22 personer
873 1269 36 21 att
924 1268 47 22 helt

148 1299 41 22 och
211 1299 71 21 hället
305 1298 77 27 undgä
406 1297 284 28 kommunalbeskattning.
721 1297 46 22 Och
790 1297 35 23 för
848 1299 35 21 att
904 1298 67 22 dessa

148 1335 103 23 personer
274 1328 70 22 sedan
368 1327 115 28 verkligen
505 1327 64 22 skola
584 1327 78 22 betala
678 1327 74 22 denna
768 1327 201 28 kommunalskatt,

149 1366 46 15 som
211 1358 50 22 dem
277 1358 92 29 päförts,
386 1359 25 20 är
422 1357 38 22 det
471 1357 7 22 i
489 1357 35 22 sin
534 1357 100 28 ordning,
647 1364 47 15 som
707 1357 107 22 landtdm.
825 1357 64 22 Prusi
900 1357 70 23 fram-

148 1389 51 27 höll,
217 1390 34 20 att
267 1388 30 22 dä
312 1388 27 22 de
356 1387 93 22 anhålla
465 1394 35 15 om
516 1387 126 29 förnyande
658 1387 24 22 af
698 1388 39 21 sitt
752 1387 103 22 tillstånd
871 1389 36 21 att
917 1387 54 23 idka

149 1418 187 29 gärdfarihandel,
361 1417 27 22 de
409 1417 8 22 i
436 1417 41 22 och
493 1417 51 22 med
561 1417 119 22 detsamna
696 1417 54 22 böra
765 1417 70 22 förete
849 1417 70 29 intyg,
936 1419 35 20 att

150 1448 26 22 de
191 1448 88 22 betalat
295 1446 135 29 föregäende
447 1448 35 20 ärs
498 1446 148 22 kommunala
662 1446 120 30 utskylder.

219 1477 82 23 Vidare
323 1476 92 28 stadgas
436 1476 41 22 här
496 1478 36 20 att
550 1476 37 22 »af
603 1476 57 28 dem,
676 1484 47 14 som
739 1477 49 22 icke
804 1478 91 28 åtnjuta
910 1476 61 23 finsk
