1064 1742
153 94 36 18 890
348 92 183 24 Talonpoikaissääty
543 91 24 19 29
578 92 43 22 p:nä
634 91 76 18 toukok.
724 92 52 18 1906.

155 166 69 22 också
247 165 76 27 tillser,
346 165 28 21 så
394 164 49 22 vidt
461 164 8 21 i
489 164 52 21 dess
564 163 102 27 förmåga
685 165 53 26 står,
755 165 36 21 att
807 164 43 22 den
868 165 115 23 blifvande

154 196 210 28 representationen
388 194 58 21 skall
470 193 71 22 blifva
562 194 26 20 så
604 192 131 29 kompetent
751 201 47 14 som
816 195 91 28 möjligt,
925 195 19 22 d.
962 203 20 14 v.

155 233 16 15 s.
196 227 35 21 att
254 225 56 22 söka
331 224 26 22 få
379 223 42 22 den
442 224 26 20 så
488 223 157 26 sammansatt,
669 224 35 20 att
726 223 43 21 den
794 224 114 28 verkligen
925 225 58 22 skall

155 256 115 21 motsvara
286 262 27 14 en
330 253 235 29 folkrepresentation,
583 254 35 20 att
635 252 44 22 den
695 253 57 21 skall
770 253 72 23 blifva
850 254 133 30 kompetent

155 287 34 20 att
205 285 65 21 stifta
285 284 65 28 lagar
366 283 41 21 och
423 283 78 27 afgöra
516 283 7 21 i
539 282 235 28 lagstiftningsfrågor.

227 314 80 22 Såsom
331 312 74 28 sagdt,
427 314 37 27 jag
479 312 104 22 framhöll
598 312 70 21 redan
684 312 7 21 i
707 314 46 26 går,
770 314 36 20 att
821 314 38 28 jag
875 314 108 22 omfattar

155 344 157 22 betänkandet
327 343 50 22 helt
393 342 41 22 och
449 342 76 27 hållet,
543 342 40 21 och
598 342 37 28 jag
652 343 47 20 står
714 343 30 27 på
755 342 76 22 denna
842 343 141 29 ståndpunkt

157 375 40 21 allt
220 372 147 24 fortfarande.
398 372 39 28 De,
462 379 47 14 som
532 371 62 22 velat
616 371 140 22 härutinnan
779 373 56 27 göra
856 373 127 28 väsentliga

155 404 126 27 ändringar,
306 403 57 21 höra
383 402 34 21 till
440 404 27 20 ett
483 402 58 28 parti
556 402 59 20 inom
632 401 64 22 detta
712 402 81 28 Stånd;
810 402 41 22 och
867 410 52 14 man
936 403 46 21 kan

155 442 31 13 nu
210 433 115 27 verkligen
346 432 63 28 börja
425 431 154 28 genomskåda
595 430 64 22 detta
674 432 71 28 partis
761 432 108 28 syftemål
885 432 97 22 därmed.

155 464 44 20 Det
219 465 24 20 är
263 462 104 22 hvarken
391 468 47 15 mer
459 461 52 21 eller
527 460 84 22 mindre
628 462 29 20 än
674 462 35 21 att
725 462 115 28 uppställa
856 464 33 20 ett
904 462 79 22 hinder

155 493 65 22 såväl
235 493 34 21 för
287 490 300 30 representationsreformen
604 497 47 15 som
667 490 33 22 för
716 492 41 20 vår
773 492 120 22 inhemska
908 492 73 28 Rege-

155 523 54 27 ring,
227 523 86 27 hvarpå
330 521 62 22 båda
408 521 72 21 skulle
496 520 55 22 köra
567 520 90 28 omkull,
674 520 33 22 för
723 522 35 20 att
775 521 63 22 detta
848 522 59 28 parti
918 524 63 20 ännu

156 552 129 29 ytterligare
307 559 27 14 en
357 552 60 26 gång
441 550 71 22 skulle
533 550 25 22 få
578 550 71 21 rädda
664 550 148 22 fosterlandet
827 552 51 21 med
894 552 45 22 alla
955 552 26 22 de

156 582 122 27 bedröfliga
293 581 81 29 följder
389 580 72 27 däraf,
478 587 48 15 som
543 581 22 21 vi
581 580 46 21 sett
644 587 27 14 en
687 582 59 26 gång
761 580 67 23 förut.

227 641 118 21 Edusmies
369 640 79 22 Waris:
480 640 55 21 Olen
559 639 57 29 yhtä
638 639 77 22 mieltä
730 640 85 22 edusm.
832 640 149 23 Kaasalaisen

156 672 85 21 kanssa
265 671 58 27 siitä,
349 671 49 20 että
418 669 312 29 valtiopäiväjärjestyksessä
749 676 28 15 on
793 670 66 22 oleva
875 672 106 27 määräys

156 701 139 29 vaalipiirien
319 700 161 29 pienimmästä
495 700 23 28 ja
534 700 160 20 suurimmasta
709 699 99 22 luvusta.
840 700 64 22 Jollei
921 702 60 20 täm-

157 732 81 20 möistä
253 730 133 28 määräystä
403 730 54 26 olisi,
475 729 56 21 voisi
546 729 54 27 joku
615 728 100 22 vallassa
731 729 66 22 oleva
813 730 87 28 puolue,
912 731 33 27 jos
957 738 24 14 se

157 760 118 22 havaitsisi
293 767 40 15 sen
351 760 104 27 etujensa
470 758 146 28 mukaiseksi,
634 758 109 22 kohottaa
758 759 140 29 vaalipiirien
910 760 71 22 luvun

157 791 54 21 siksi
228 790 119 26 korkealle,
362 791 49 21 että
421 788 58 22 koko
491 788 150 22 suhteellinen
653 788 115 29 vaalitapa
779 790 129 21 menettäisi
919 790 62 22 olen-

156 821 80 21 naisen
259 819 188 28 merkityksensä.
479 819 14 21 4
517 818 59 29 &:ssä
592 818 117 22 ehdotettu
725 818 140 29 vaalipiirien
881 820 55 21 luku
953 827 28 14 on

157 850 126 21 mielestäni
299 848 120 22 kuitenkin
436 848 53 21 liian
506 848 112 21 alhainen.
649 848 61 21 Minä
726 848 65 21 olisin
807 849 104 22 toivonut
922 851 59 20 otet-

157 882 70 19 tavan
251 879 141 29 käytäntöön
416 878 58 22 5—7
499 878 88 21 miehen
609 877 145 29 vaalipiirejä,
771 879 134 21 suurimmat
922 879 59 21 kau-

157 909 79 30 pungit
265 909 31 22 eri
320 908 99 29 piireiksi
443 908 142 21 erotettuina.
617 907 99 29 Olisinpa
739 907 90 22 kenties
852 909 79 20 voinut
951 909 30 21 IV

157 939 161 22 vastalauseen
336 938 134 21 mukaisesti
485 937 122 29 puolustaa
624 944 67 15 maan
706 937 123 28 jakamista
839 938 74 22 7—10
925 939 56 21 mie-

157 970 44 21 hen
218 967 172 30 vaalipiireihin,
408 969 73 20 mutta
498 967 47 22 kun
561 969 69 20 nämä
645 967 76 28 pienet
733 967 66 29 piirit,
811 968 32 28 jos
854 975 28 14 ne
893 968 87 29 hyväk-

157 998 160 30 syisimmekin,
345 997 104 22 tulisivat
476 997 104 22 elämään
605 997 134 22 ainoastaan
763 997 84 28 päivän
870 999 33 20 tai
926 998 54 29 pari,

157 1029 72 22 koska
252 1028 73 21 kolme
350 1029 82 27 säätyä
450 1027 21 28 jo
491 1034 28 15 on
539 1027 149 28 hyväksynyt
704 1027 277 22 Perustuslakivaliokun-

158 1066 45 15 nan
219 1057 141 23 ehdotuksen
377 1058 171 26 muuttamatta,
565 1057 48 21 niin
629 1057 51 21 alan
697 1057 90 28 arvella,
804 1057 70 22 tokko
890 1058 91 28 pienten

158 1089 76 29 piirien
258 1087 141 23 vaatiminen
423 1089 58 20 enää
505 1087 91 21 tuottaa
619 1086 141 22 tarkotettua
775 1087 92 22 tulosta.
897 1087 85 22 Varma

158 1126 34 20 on,
218 1119 48 21 että
289 1119 78 20 tämän
392 1124 46 15 arv.
455 1116 92 29 Säädyn
563 1123 28 14 on
607 1116 124 29 lopultakin
747 1117 130 29 yhdyttävä
892 1117 90 22 kolmen

158 1148 86 29 säädyn
267 1147 168 30 yksimieliseen
458 1146 147 29 päätökseen,
630 1146 49 21 sillä
700 1147 20 21 ei
739 1147 33 21 ole
793 1147 188 28 otaksuttavissa,

158 1180 48 20 että
229 1179 63 20 tämä
315 1177 73 29 Sääty
407 1177 57 22 voisi
481 1177 63 21 ottaa
561 1176 163 22 edesvastuuta
740 1176 180 30 kysymyksessä
935 1177 46 22 ole-

158 1215 45 15 van
226 1207 215 22 käänteentekevän
464 1206 103 22 reformin
592 1206 77 21 karille
693 1208 108 20 menosta.
833 1207 149 28 Taipuessani

158 1237 174 30 hyväksymään
352 1236 15 22 4
388 1236 43 29 8:n,
456 1236 50 22 olen
531 1236 144 27 vakuutettu,
693 1237 48 20 että
756 1236 80 22 tuleva
852 1237 130 22 eduskunta

158 1275 28 15 on
209 1267 108 29 korjaava
333 1273 28 15 ne
377 1265 315 30 valtiopäiväjärjestyksessä
713 1266 124 29 esiintyvät
852 1267 129 28 puutteelli-

158 1297 87 28 suudet,
269 1297 68 28 joihin
359 1303 36 15 me
415 1296 179 29 parhaallakaan
619 1295 101 22 tahdolla
743 1303 71 15 emme
838 1297 34 21 ole
892 1297 90 22 voineet

158 1328 117 22 muutosta
290 1326 83 23 aikaan
391 1325 77 23 saada.

229 1387 118 21 Edusmies
373 1385 108 23 Halonen:
517 1385 146 22 Viimeisessä
687 1385 176 22 lausunnossani
888 1386 94 22 ilmoitin

159 1417 158 22 Valiokunnan
329 1416 148 21 enemmistön
488 1415 149 29 päätöksestä
647 1415 92 22 eriävän
750 1415 143 30 mielipiteeni
904 1417 79 21 tämän

159 1447 99 29 pykälän
275 1446 96 22 suhteen
386 1446 23 28 ja
425 1445 114 22 kannatin
554 1445 31 22 IV
601 1445 184 22 vastalauseessa
796 1446 108 29 esitettyä
915 1453 67 14 muu-

159 1478 68 27 tosta,
251 1483 62 16 vaan
336 1475 48 22 kun
403 1477 42 27 nyt
465 1482 29 15 on
510 1475 86 22 tietoon
612 1475 73 28 tullut,
703 1476 48 21 että
766 1475 73 22 kolme
856 1477 82 28 säätyä
954 1483 29 14 on
