1050 1695
136 87 36 18 486
333 85 190 24 Talonpoikaissääty
536 85 23 19 28
571 86 43 23 p:nä
627 85 75 18 huhtik.
717 86 51 18 1906.

208 158 117 22 Edusmies
351 157 93 23 Eklund:
476 157 78 22 Såsom
577 157 141 22 hufvudskäl
739 157 34 22 för
794 158 132 29 byggandet
942 159 24 22 af

137 188 75 23 denna
231 188 62 22 bana
315 188 44 21 har
382 187 93 28 anförts,
500 188 34 21 att
558 195 52 14 man
634 187 129 28 härigenom
788 188 73 22 skulle
885 188 79 22 kunna

137 218 132 29 öfverflytta
289 217 43 22 den
354 217 104 22 rullande
476 217 130 22 materielen
622 217 51 22 från
690 225 27 14 en
734 218 122 22 stambana
872 218 34 22 till
922 218 43 22 den

137 248 75 22 andra.
244 247 52 22 Man
321 247 75 22 skulle
420 247 102 27 sålunda,
543 247 114 22 förmenar
672 255 60 19 man,
749 247 79 22 kunna
844 248 75 22 bättre
936 250 29 19 än

137 285 83 15 annars
237 278 100 29 utnyttja
354 276 44 22 den
414 277 101 22 rullande
531 277 135 22 materielen.
690 277 43 22 För
749 278 46 21 min
812 277 35 22 del
859 278 107 22 betviflar

136 308 44 28 jag,
204 309 35 20 att
261 314 53 15 man
331 307 133 27 härigenom
479 307 7 21 i
502 306 126 22 nämnvärd
644 307 55 27 grad
716 307 72 22 skulle
804 307 71 22 vinna
891 308 73 22 ända-

137 337 73 22 målet.
241 337 42 22 Att
306 344 55 15 man
382 336 50 22 icke
451 336 89 22 kunnat
555 336 52 22 fullt
622 337 103 28 utnyttja
741 336 50 29 den,
808 337 63 22 beror
887 337 77 29 därpå,

137 368 35 21 att
195 367 43 21 den
254 367 103 22 rullande
373 365 131 23 materielen
512 365 66 31 föres
594 365 50 22 från
661 366 127 23 hamnarna
804 375 44 21 upp
864 367 34 22 till
914 374 52 15 norr

137 397 41 22 och
200 397 36 22 får
255 397 28 28 gå
304 398 47 21 tom
373 395 101 22 tillbaka.
505 395 75 22 Äfven
600 396 64 21 beror
680 396 38 22 det
735 396 75 29 därpå,
828 398 35 21 att
878 397 8 21 i
902 397 64 22 vissa

137 426 148 23 trafikeentra
307 432 56 16 man
387 425 71 22 under
473 425 54 28 lång
542 425 33 22 tid
591 425 86 28 nödgas
693 426 72 22 hafva
781 426 88 22 samlad
885 434 27 14 en
929 427 36 22 hel

136 456 45 29 hop
205 456 61 29 dylik
290 455 104 23 materiel
417 455 35 22 för
475 456 35 21 att
530 454 71 23 hafva
623 455 43 22 den
684 456 91 27 tillreds,
792 458 42 20 när
850 463 27 15 en
894 458 70 20 större

137 486 78 29 publik
238 485 112 23 oväntadt
373 492 61 15 reser
456 487 26 20 ut
503 484 34 22 till
557 484 84 28 landet,
658 486 75 21 såsom
749 487 16 20 t.
781 492 33 16 ex.
831 486 6 22 i
854 486 109 22 närheten

138 516 23 22 af
184 516 141 28 Petersburg,
350 514 93 23 hvilken
467 514 78 30 publik
564 514 102 22 däremot
681 515 49 22 icke
747 515 53 29 eljes
816 523 65 15 reser.
912 516 52 22 Men

138 553 35 15 om
196 553 53 14 man
272 553 31 14 nu
324 547 47 20 tror
386 546 30 28 på
432 545 156 29 nyssnämnda
603 545 119 22 ändamåls
738 545 121 28 vinnande,
876 547 26 20 så
918 546 46 22 kan

138 576 36 22 det
189 575 69 23 också
273 575 40 22 ske
330 575 52 22 med
398 575 71 22 andra
485 575 127 27 tvärbanor,
630 582 47 15 som
692 575 49 22 icke
758 575 73 22 tillika
846 583 116 15 samman-

137 605 69 23 binda
222 613 28 14 en
265 605 35 22 hel
317 605 45 28 hop
378 604 142 29 vattendrag,
538 611 48 15 som
601 604 70 22 redan
686 605 61 22 förut
763 606 36 21 stå
810 606 6 21 i
827 605 136 23 förbindelse

137 635 51 22 med
210 636 100 28 järnväg.
345 634 52 22 Med
421 641 77 15 annan
522 634 131 28 sträckning
676 635 44 22 kan
745 636 30 27 på
795 642 87 15 samma
904 637 60 26 gång

137 666 81 21 vinnas
242 665 71 22 andra
336 664 91 29 viktiga
450 664 112 31 ändamål.
593 664 33 22 På
642 664 75 22 denna
733 665 71 27 grund
820 665 90 22 förenar
924 666 40 28 jag

138 696 44 27 mig
198 695 49 22 med
263 695 71 22 andra
344 695 174 21 reservationen.
545 693 74 24 Äfven
630 696 26 20 är
662 695 39 28 jag
709 701 52 15 ense
770 702 35 15 om
813 695 150 28 landtdagsm.

138 725 104 22 Castréns
265 725 91 27 förslag,
382 726 35 20 att
440 724 106 28 frågorna
569 731 35 15 om
623 724 102 22 banorna
744 724 67 23 borde
828 726 111 28 upptagas
956 726 7 21 i

138 762 75 15 annan
237 754 94 29 ordning
354 755 30 20 än
408 755 6 20 i
438 753 160 22 betänkandet.
630 754 43 27 Jag
693 754 39 22 vill
752 754 99 28 tillägga,
874 756 34 21 att
925 755 38 22 det

137 784 145 28 förhållande,
299 791 48 15 som
363 785 38 28 jag
416 783 88 30 antydt,
522 783 142 23 beträffande
680 784 44 21 den
739 784 102 23 rullande
858 785 104 22 materie-

138 815 42 28 len,
204 815 47 21 helt
274 815 78 22 säkert
375 813 100 22 kommer
498 815 35 21 att
556 813 101 28 fortfara,
683 813 96 23 oaktadt
802 821 27 15 en
850 814 114 23 tvärbana

138 845 90 29 bygges.

209 903 118 22 Edusmies
345 902 124 30 Hynninen:
502 902 78 22 Täällä
600 910 27 14 on
644 902 71 30 hyvin
731 903 73 29 paljon
822 903 141 29 puolustettu

138 933 179 31 kysymyksessä
339 932 81 23 olevaa
438 932 141 30 yhdysrataa
594 932 124 28 väitteellä,
736 934 48 21 että
800 933 58 22 siten
875 933 88 29 helpot-

138 964 53 22 tuisi
214 963 162 23 liikekaluston
400 962 62 22 siirto
486 962 90 23 radalta
592 962 94 28 toiselle;
709 970 59 22 onpa
784 962 83 23 edusm.
883 963 80 28 Inberg

138 994 80 29 tehnyt
238 993 139 29 laskujakin,
394 993 70 22 miten
480 992 75 30 paljon
572 999 23 16 se
611 992 130 29 helpottaisi
757 992 168 23 kustannuksia
940 994 24 28 ja

138 1025 122 28 väittänyt,
284 1025 47 20 että
354 1029 24 16 se
399 1023 169 22 kustannusten
589 1023 126 29 vähennys,
732 1023 61 22 mikä
809 1023 103 30 syntyisi,
929 1024 34 28 jos

138 1053 157 23 liikekalustoa
321 1053 136 28 helpommin
483 1053 113 22 voitaisiin
621 1053 78 22 siirtää
721 1053 89 22 radalta
826 1053 92 28 toiselle,
940 1054 22 28 jo

138 1083 126 30 täydelleen
284 1083 102 30 peittäisi
401 1083 71 22 radan
488 1083 191 22 rakentamisesta
694 1083 105 28 johtuvat
815 1083 146 22 kustannuk-

139 1115 39 22 set.
208 1113 74 22 Mutta
306 1112 87 23 vaikka
416 1114 42 27 nyt
477 1112 126 29 yhdysrata
623 1113 125 22 otettaisiin
766 1113 196 22 kokonaisuudes-

138 1151 56 15 saan
214 1143 150 22 keskustelun
385 1143 107 22 alaiseksi
511 1143 24 28 ja
555 1143 156 28 päätettäisiin
733 1150 40 14 sen
788 1143 173 22 rakentaminen

138 1175 67 21 vasta
228 1173 47 22 ensi
299 1173 171 28 valtiopäivillä,
492 1172 71 22 kuten
580 1173 61 21 minä
657 1172 97 28 ehdotin,
771 1173 47 22 niin
834 1173 20 22 ei
870 1173 92 22 koituisi

138 1204 86 22 mitään
247 1203 122 27 vahinkoa,
390 1203 74 28 joskin
481 1203 65 21 asian
562 1203 157 28 päättäminen
734 1202 161 30 lykkääntyisi,
912 1203 51 22 sillä

138 1233 134 23 vuodenhan
288 1235 83 27 päästä
388 1232 87 29 Säädyt
489 1232 83 29 jälleen
588 1234 54 20 ovat
657 1232 80 22 koolla.
766 1233 26 22 Ei
808 1233 78 22 minun
902 1233 60 22 luul-

138 1263 87 23 lakseni
241 1263 104 22 tuottaisi
361 1262 142 22 suurtakaan
520 1263 54 21 etua
590 1262 106 27 valtiolle,
713 1263 33 28 jos
762 1269 23 15 se
797 1264 80 20 vuotta
888 1269 74 15 ennen

138 1294 53 22 saisi
207 1294 78 21 tämän
301 1292 148 30 yhdysradan
464 1292 170 22 rakennetuksi.
655 1292 74 22 Mutta
745 1292 143 28 päinvastoin
905 1293 57 21 voisi

138 1324 44 22 olla
197 1323 99 23 valtiolle
311 1322 72 22 hyvin
400 1322 62 22 suuri
479 1323 45 27 etu,
541 1322 33 28 jos
586 1322 114 22 voitaisiin
711 1322 78 22 kaikki
800 1324 68 20 nämä
879 1322 83 30 yhdys-

137 1354 65 22 radat
225 1353 57 29 yhtä
306 1353 68 21 aikaa
398 1352 110 22 käsitellä.
540 1352 62 28 Sillä,
627 1352 102 22 niinkuin
751 1352 85 28 sanoin,
853 1352 73 22 silloin
942 1352 21 22 ei

138 1382 89 24 tultaisi
251 1382 176 30 puolustamaan
451 1382 302 28 Suolahden—Suonenjoen
775 1382 131 28 rautatietä,
928 1383 34 27 jos

137 1413 125 29 yhdysrata
278 1412 76 23 Savon
370 1412 24 29 ja
409 1412 108 28 Karjalan
533 1412 87 28 ratojen
637 1412 78 22 välillä
730 1411 158 23 käsiteltäisiin
908 1412 54 29 yht-

138 1443 74 23 aikaa.
