1067 1745
149 103 48 17 1294
359 101 181 23 Talonpoikaissääty
553 100 22 18 10
587 101 43 22 p:nä
643 100 62 23 syysk.
719 101 52 17 1906.

148 182 41 15 sen
212 173 189 27 ratkaistavaksi,
425 173 23 28 ja
471 172 139 22 kumminkin
635 172 82 22 heidän
741 174 158 27 pääpontensa
920 174 59 28 juuri

150 205 83 29 loppuu
249 205 79 21 näihin
347 203 110 22 samoihin
474 202 107 22 sanoihin.

222 235 71 21 Tämä
317 233 49 22 laki
389 232 126 22 mielestäni
539 239 28 14 on
591 231 62 29 kyllä
676 231 75 23 ikävä.
783 232 76 22 Mutta
875 233 102 22 niinkuin

149 265 61 21 asiat
226 267 42 26 nyt
283 265 62 25 ovat,
364 263 45 21 niin
426 262 88 27 katson,
532 263 48 20 että
596 269 23 14 se
636 269 28 14 on
681 262 68 21 aivan
767 261 160 30 välttämätön,
944 264 34 27 jos

150 294 129 22 tahdomme
304 292 74 23 saada
401 299 74 15 onnea
489 293 24 28 ja
528 292 85 21 rauhaa
629 292 23 27 ja
668 291 195 23 oikeudentuntoa
878 292 100 22 takaisin

150 325 150 21 maahamme.

222 383 121 22 Edusmies
370 381 91 23 Eklund:
501 381 34 21 Då
561 380 26 21 de
611 381 145 27 tjänstemän,
780 381 94 22 hvarom
898 389 31 14 nu
954 383 24 20 är

152 413 71 27 fråga,
252 413 97 21 tillsatts
373 412 7 20 i
405 418 76 14 annan
505 413 28 19 än
558 411 51 26 laga
632 410 99 28 ordning,
757 411 40 21 har
818 418 52 14 man
886 412 23 27 ju
925 412 53 26 inga

151 442 69 22 säkra
244 442 117 27 garantier
384 440 39 27 för,
449 442 35 19 att
505 440 65 21 dessa
585 440 138 27 tjänstemän
741 440 116 27 verkligan
874 447 42 20 ega
931 440 47 21 för-

153 473 68 27 måga
244 474 35 19 att
300 471 69 22 sköta
387 471 50 20 sina
453 471 99 27 tjänster.
584 469 50 21 Men
652 469 74 22 därtill
741 469 101 23 kommer
858 477 25 14 en
901 477 77 15 annan

152 503 52 26 sak;
221 502 66 21 dessa
305 502 138 27 tjänstemän
461 499 70 22 hafva
547 499 50 26 alla,
615 498 38 22 det
670 501 39 20 vet
725 506 27 15 en
763 500 63 27 hvar,
840 500 86 21 utvalts
937 500 41 22 och

152 532 94 21 tillsatts
271 531 82 22 enkom
377 529 34 22 för
430 531 35 20 att
480 530 63 27 tjäna
560 529 37 21 det
612 529 207 28 regeringssystem,
836 537 47 14 som
899 529 79 22 Bobri-

154 562 48 21 koff
228 561 51 22 sökt
303 560 74 22 införa
400 560 7 21 i
431 561 51 20 vårt
497 559 59 22 land.
587 559 44 21 Det
647 561 24 19 är
687 559 68 21 också
771 559 111 28 veterligt,
900 561 34 20 att
950 567 28 14 en

152 592 37 21 del
213 591 23 22 af
261 591 51 21 dem
330 591 7 20 i
354 589 43 28 hög
413 596 54 21 grag
484 589 96 27 bidragit
596 588 79 21 därtill.
707 589 61 21 Dock
785 591 66 26 säger
866 596 60 20 man,
943 591 35 20 att

152 621 29 22 de
198 621 105 28 mottagit
319 620 116 29 platserna
451 619 81 22 endast
547 619 34 21 för
597 619 35 21 att
647 618 70 22 rädda
733 619 153 22 fosterlandet.
909 619 69 22 Detta

152 654 26 19 är
201 651 67 28 ingen
292 649 87 27 ursäkt,
405 651 25 27 ty
453 649 38 21 det
515 651 24 18 är
563 648 130 27 detsamma,
714 655 47 14 som
781 651 36 19 att
833 649 70 22 hafva
919 649 60 22 burit

154 682 90 27 kappan
261 681 28 28 på
305 680 74 27 bägge
395 679 100 22 axlarna.
521 678 43 21 För
579 679 45 20 min
642 678 35 21 del
693 679 45 20 tror
753 679 37 28 jag
806 679 56 21 dock
879 679 48 21 icke
944 680 35 21 att

154 711 65 22 detta
240 711 51 21 från
315 710 79 27 början
419 709 59 21 varit
497 708 104 21 afsikten.
632 707 32 22 De
680 708 71 21 hafva
767 708 81 22 endast
864 709 114 27 begagnat

153 742 34 25 sig
211 740 23 23 af
259 739 194 29 konjunkturerna
476 738 34 22 för
533 740 36 19 att
591 737 24 22 få
635 745 27 14 en
678 737 60 30 plats
754 738 33 22 för
804 745 56 21 egen
877 739 101 28 räkning.

152 771 53 21 Men
229 770 70 21 sedan
324 768 71 23 hafva
418 768 27 22 de
468 768 65 21 hållit
554 767 47 22 fast
624 767 38 22 vid
683 767 43 22 den
742 768 32 21 till
790 768 62 22 hvad
869 769 44 28 pris
930 775 48 15 som

153 801 65 21 helst.
249 799 99 22 Hvilken
365 799 102 21 kontrast
483 800 25 19 är
523 798 48 21 icke
588 797 95 22 emellan
699 797 67 22 dessa
781 798 42 21 och
839 798 27 22 de
881 799 97 28 tjänste-

152 833 61 21 män,
240 837 47 14 som
312 828 76 23 blifvit
412 828 86 21 afsatta
521 827 40 22 och
585 827 97 22 därefter
704 827 46 22 fått
772 828 78 21 ikläda
869 829 33 27 sig
918 830 61 20 stora

154 860 150 28 uppofringar,
322 861 15 19 t.
355 865 18 15 o.
391 865 28 15 m.
435 857 123 22 fördrifvits
574 857 50 21 från
640 857 83 27 landet,
739 858 40 21 och
791 858 97 21 sålunda
898 865 80 20 genom

154 891 39 21 sitt
219 888 156 30 uppträdande
399 887 71 22 inledt
489 887 38 21 det
548 886 121 27 motstånd,
686 894 48 14 som
751 894 26 14 en
794 889 47 20 stor
857 888 34 21 del
908 888 71 28 öfriga

155 919 146 27 medborgare
317 918 72 22 sedan
405 918 57 28 gjort
478 919 47 20 mot
540 917 82 21 våldet.
653 916 39 22 Ett
708 918 121 27 motstånd,
846 919 56 20 utan
919 918 58 21 hvil-

155 950 40 21 ket
211 950 22 21 vi
250 949 47 21 helt
314 948 78 22 säkert
407 948 49 21 icke
473 947 63 21 stode
553 948 28 27 pä
597 946 43 22 den
657 946 139 30 ståndpunkt
813 948 23 21 vi
852 955 30 14 nu
892 948 85 27 intaga,

153 979 90 22 oafsedt
266 986 37 14 om
326 978 155 22 revolutionen
497 977 6 21 i
523 976 114 29 Ryssland
653 976 66 22 skett.
751 977 32 29 Ty
799 977 50 27 den,
867 984 47 15 som
930 978 48 21 icke

153 1010 115 22 försvarar
291 1009 41 27 sig,
350 1009 39 26 gär
413 1007 151 27 ovillkorligen
589 1006 75 22 under.
695 1006 100 22 Sälunda
819 1007 71 22 hafva
913 1007 66 22 dessa

156 1040 140 28 tjänstemän
323 1037 69 22 svikit
416 1037 42 22 och
473 1038 71 26 vägar
560 1044 52 14 man
631 1037 23 28 ju
671 1036 48 22 icke
735 1036 68 22 heller
819 1039 34 20 tro
869 1038 29 28 pä
914 1037 65 22 deras

157 1070 59 26 goda
239 1069 55 29 vilja
313 1068 35 22 för
363 1067 126 22 framtiden.
521 1067 32 21 De
571 1068 72 20 mäste
660 1066 97 22 afsättas
773 1066 140 30 följaktligen
930 1068 48 21 icke

155 1100 34 21 för
212 1100 34 20 att
271 1106 27 14 en
324 1098 34 21 del
382 1097 87 22 afsatta
488 1097 138 28 tjänstemän
647 1096 63 22 skola
729 1096 72 22 äterfä
818 1098 50 20 sina
884 1098 96 28 tjänster

153 1130 43 21 och
220 1129 48 21 icke
293 1128 34 22 als
351 1127 34 21 för
408 1128 35 20 att
467 1126 80 22 utöfva
570 1128 74 26 nägon
664 1126 59 28 slags
739 1126 119 28 förföljelse
875 1130 59 18 emot
951 1134 28 14 en

154 1159 55 22 eller
232 1166 77 14 annan
335 1164 85 22 person,
446 1158 54 20 utan
525 1156 34 22 för
574 1156 155 22 rättsvärdens
745 1156 40 22 och
800 1156 179 28 förvaltningens

156 1189 60 22 skull
235 1188 42 22 och
291 1188 36 22 för
342 1187 133 29 tryggheten
492 1187 7 21 i
515 1186 78 22 landet
608 1186 125 22 framdeles.
765 1186 53 22 Man
835 1187 40 21 har
890 1187 7 21 i
913 1187 66 21 Stän-

156 1219 39 22 det
219 1219 51 21 lätit
293 1218 78 26 förstä,
396 1219 35 19 att
450 1224 79 20 genom
546 1216 173 28 ifrägavarande
735 1216 79 28 ätgärd
831 1216 71 22 skulle
919 1218 61 21 stora

155 1249 139 27 rubbningar
313 1248 89 28 uppstå.
434 1247 44 27 Jag
493 1247 117 26 erkänner,
627 1247 35 20 att
678 1253 79 21 genom
773 1246 207 28 statshvälfningen

157 1278 87 23 sädana
269 1278 139 26 rubbningar
434 1276 115 28 verkligen
575 1275 146 29 uppkommit,
746 1278 34 20 att
803 1276 99 22 försökte
927 1284 51 14 man

156 1310 80 26 ätergä
252 1308 33 21 till
301 1308 40 21 det
356 1307 75 27 gamla
447 1306 53 22 eller
516 1307 6 20 i
539 1306 43 21 allo
599 1306 116 21 äterställa
731 1306 38 22 det
783 1309 68 24 rätta,
869 1308 25 20 sä
908 1306 71 22 skulle

156 1339 95 22 förvisso
267 1337 130 28 därigenom
414 1337 83 28 uppstä
513 1343 27 14 en
557 1343 31 21 ny
603 1336 130 22 revolution.
755 1336 73 22 Dessa
843 1336 137 28 rubbningar

156 1370 73 20 mäste
246 1367 80 28 därför,
344 1368 25 20 sä
388 1366 49 22 vidt
453 1373 53 14 man
522 1366 53 26 kan,
593 1365 111 22 undvikas
720 1366 51 21 eller
787 1368 115 26 utjämnas
918 1367 61 21 smä-

158 1399 99 27 ningom;
275 1405 50 14 men
342 1397 60 21 hvad
419 1397 23 20 vi
457 1403 31 14 nu
505 1395 92 22 framför
613 1395 40 22 allt
669 1397 71 20 mäste
757 1397 58 27 göra,
827 1396 38 22 det
876 1398 24 19 är
911 1396 69 22 häfda

157 1428 215 29 grundprinciperna
396 1426 34 22 för
454 1427 51 20 vårt
530 1425 178 27 samhällsskick,
733 1426 93 22 emedan
851 1426 27 21 de
901 1427 80 27 utgöra

158 1458 109 22 villkoren
288 1457 34 22 för
342 1457 51 21 vårt
409 1455 102 23 bestånd.
543 1455 31 22 Sä
590 1455 68 22 också
673 1456 7 21 i
696 1455 63 28 fråga
775 1463 35 15 om
827 1456 27 21 de
870 1457 110 27 olagligen

159 1488 99 23 tillsatta
281 1488 192 28 tjänstemännen,
497 1487 25 27 ty
543 1493 36 14 om
598 1485 27 22 de
641 1485 48 22 icke
706 1485 104 28 afsättas,
828 1487 26 21 så
870 1486 71 22 skulle
958 1487 23 21 vi
