1061 1739
282 97 47 19 Uusi
342 97 191 23 valtiopäiväjärjestys
545 97 20 22 ja
579 97 95 18 vaalilaki.
858 97 34 19 839

66 174 41 22 och
123 171 176 31 uppfattningen
315 176 35 15 om
365 169 61 22 hvad
442 176 48 15 som
507 171 24 19 är
546 170 50 21 rätt
610 170 7 21 i
629 170 67 21 dessa
707 169 128 28 afseénden,
847 170 46 22 kan

65 211 58 15 vara
147 204 25 20 så
195 201 64 22 olika.
291 199 29 21 Vi
343 199 53 22 böra
420 198 40 22 ock
484 198 69 28 draga
579 206 39 15 oss
642 199 34 22 till
699 200 93 27 minnes,
817 200 34 22 att
867 200 26 21 de

67 239 109 23 personer,
198 237 47 15 som
267 228 83 29 skapat
366 228 37 22 det
420 228 157 30 ursprungliga
593 228 116 29 förslaget,
726 229 59 22 varit
801 231 52 20 män
871 229 23 22 af

69 263 59 22 olika
151 261 82 29 partier
255 260 6 20 i
283 258 83 28 landet,
390 266 48 14 som
462 265 46 15 mer
524 258 53 22 eller
594 258 88 22 mindre
698 259 56 28 gjort
769 259 34 27 sig
818 259 76 21 kända

67 292 32 22 för
123 291 77 22 kärlek
223 289 33 22 till
279 288 147 22 fosterlandet
450 288 41 22 och
514 288 96 22 framför
634 288 41 22 allt
690 289 34 21 till
739 288 76 22 folket.
847 288 47 22 Och

68 321 126 23 tillochmed
209 320 41 21 har
265 318 106 28 förslaget
387 318 59 22 varit
462 319 73 21 utsatt
551 317 36 22 för
604 325 29 15 en
650 318 137 28 granskning
798 318 24 22 af
833 320 59 26 män,

68 359 47 15 som
133 350 49 23 med
197 348 132 27 fiendeögon
347 349 44 21 sett
406 349 30 27 på
450 348 79 28 hvarje
543 348 40 21 ord
596 361 29 2 —
637 348 39 22 det
687 348 38 22 vill
736 350 55 26 säga
802 355 91 21 genom-

69 383 50 27 gått
141 388 27 14 en
190 378 87 28 verklig
297 378 105 21 skärseld.
433 377 53 22 Man
504 378 46 21 kan
570 378 101 21 sålunda
688 385 56 15 vara
762 378 132 29 öfvertygad

69 418 36 15 om
121 410 56 22 först
192 409 41 22 och
248 408 88 27 främst,
354 408 34 21 att
403 407 107 27 förslaget
524 408 119 28 uppgjorts
659 408 51 24 med
727 407 76 26 afsikt,
813 409 34 21 att
858 408 37 22 det

69 440 58 22 skall
144 439 70 22 blifva
234 439 26 21 så
276 438 101 28 lämpligt
392 437 34 22 för
442 444 36 15 oss
495 444 46 14 som
558 437 95 29 möjligt,
670 437 20 22 d.
706 445 20 15 v.
743 445 16 14 s.
776 437 118 23 demokra-

69 470 66 27 tiskt,
158 469 40 22 och
221 468 51 22 hela
295 467 99 28 världen,
420 468 26 21 så
468 466 49 22 vidt
540 466 45 22 den
610 467 69 22 redan
696 468 57 27 tagit
769 467 125 23 kännedom

70 500 83 26 därom,
177 500 95 27 intygar,
295 498 36 21 att
353 498 66 27 ingen
444 504 76 14 annan
543 496 39 28 lag
599 497 118 28 angående
733 497 162 29 folkrepresen-

70 530 101 22 tationen
195 528 74 22 finnes
290 527 7 21 i
318 527 50 21 hela
391 526 100 28 världen,
508 534 47 14 som
573 526 75 23 skulle
665 534 55 14 vara
736 527 38 22 det
789 527 7 21 i
812 528 26 21 så
853 527 43 28 hög

70 559 60 29 grad,
156 566 46 14 som
223 558 46 28 just
285 556 63 22 detta
363 556 88 28 förslag.
468 570 29 3 —
513 557 41 21 Att
570 557 161 22 valkretsarna
746 556 75 23 blifvit
836 558 59 21 stora

69 590 41 22 och
127 588 67 23 valen
210 586 175 31 proportionella,
402 586 41 22 har
458 586 35 22 för
508 586 67 28 öfrigt
592 587 74 21 berott
683 586 80 23 endast
779 588 30 28 på
825 587 69 22 sträf-

71 626 46 15 van
142 619 35 21 att
199 616 81 24 bereda
304 617 142 21 minoriteten
470 616 87 22 tillfälle
577 617 37 21 att
631 616 67 22 äfven
711 616 42 22 den
771 618 38 20 må
826 616 70 22 hafva

71 650 70 26 något
156 647 132 30 inflytande.
320 647 41 21 Att
369 646 37 22 det
415 646 172 29 proportionella
599 646 111 22 valsättet
721 646 74 23 blifvit
803 646 93 23 inveck-

72 679 55 27 ladt,
153 678 41 22 har
218 679 48 20 åter
292 676 34 22 sin
351 676 70 28 grund
445 676 54 27 däri,
524 677 35 21 att
583 683 56 15 man
663 676 48 22 icke
728 676 85 22 känner
829 678 68 26 något

73 709 76 21 bättre
165 710 29 20 än
209 707 33 28 de,
260 713 48 15 som
319 706 60 22 förut
390 706 140 27 förefunnits,
543 706 42 22 och
596 708 36 20 att
643 714 52 14 man
707 706 108 29 därjämte
825 707 73 27 tillagt

73 738 62 22 hvad
152 744 52 16 man
221 738 75 21 ansett
312 743 55 15 vara
383 736 37 22 det
436 736 165 27 förnuftigaste.
634 736 9 22 I
658 736 143 29 förbigående
812 736 39 22 vill
861 737 37 28 jag

73 769 74 22 erinra
163 775 34 15 om
214 766 260 28 förändringsförslagen,
490 766 79 22 hvilka
584 766 140 23 förekomma
740 767 7 21 i
766 767 43 21 den
826 774 70 14 reser-

72 799 85 26 vation,
182 804 47 15 som
244 796 107 23 landtdm.
376 797 86 28 Torppa
478 797 61 28 gjort.
571 796 53 22 Han
641 797 39 21 vill
695 797 24 28 ju
734 797 69 21 bland
819 798 77 26 annat,

73 830 36 21 att
125 826 191 30 majoritetsvalen
333 827 7 20 i
356 833 28 15 en
400 826 52 22 eller
468 833 76 15 annan
560 825 58 22 form
635 826 63 22 skola
713 826 132 28 bibehållas,
857 827 40 22 och

73 857 164 23 hufvudskälet
259 856 74 22 därtill
356 858 31 25 är,
412 857 35 21 att
470 863 53 14 man
544 857 29 27 på
590 856 40 22 det
646 858 71 20 sättet
733 856 71 22 skulle
821 856 77 22 kunna

73 889 123 26 utestänga
211 887 49 22 från
276 886 207 29 representationen
500 893 28 14 en
539 886 34 21 del
585 886 97 27 bildade,
694 886 87 22 sådana
792 893 47 15 som
850 886 48 22 icke

74 920 37 20 äro
128 917 126 22 nationella.
271 915 67 23 Hvad
354 915 109 23 landtdm.
480 916 87 29 Torppa
583 923 80 15 menar
678 916 51 22 med
743 916 153 28 »nationella>,

73 948 38 21 det
127 949 39 20 vet
180 954 51 15 man
249 953 48 20 nog.
313 945 87 22 Endast
416 945 157 22 finsksinnade
589 947 40 21 äro
642 946 68 27 enligt
720 946 58 22 hans
789 946 41 22 och
841 946 57 21 hans

76 976 203 29 meningsfränders
295 975 61 22 åsikt
376 975 128 22 nationella.
535 975 45 22 Det
596 977 26 20 är
638 976 87 22 således
742 976 42 21 den
801 975 98 23 svenska

76 1007 89 22 bildade
185 1006 90 22 klassen
291 1006 7 21 i
314 1005 84 28 landet,
416 1012 47 15 som
480 1005 72 22 skulle
568 1007 137 26 utestängas
721 1005 50 22 från
788 1005 40 22 allt
843 1005 55 30 poli-

74 1037 57 22 tiskt
151 1036 132 29 inflytande,
301 1035 40 22 och
358 1035 96 22 sålunda
472 1035 71 22 skulle
559 1035 41 22 ock
617 1035 53 22 hela
686 1035 42 22 den
745 1035 98 23 svenska
859 1036 39 21 be-

76 1067 131 27 folkningen
230 1066 141 27 småningom
395 1067 29 26 gå
440 1065 77 28 under,
535 1065 19 22 d.
570 1073 21 14 v.
609 1073 17 14 s.
643 1065 128 22 förfinskas.
802 1065 43 28 Jag
860 1065 39 22 vill

75 1097 51 22 icke
151 1099 54 25 säga
227 1097 84 26 mänga
335 1095 37 22 ord
392 1102 36 15 om
444 1095 65 22 detta
525 1095 113 29 syftemäl,
656 1095 81 22 endast
753 1095 44 28 det,
814 1097 35 20 att
864 1102 36 15 om

77 1127 19 22 J.
113 1126 27 22 V.
157 1126 119 27 Snellman,
294 1132 48 15 som
357 1126 23 21 vi
396 1125 92 29 nyligen
504 1125 73 29 hyllat
592 1126 42 21 och
651 1133 47 14 som
715 1126 60 22 varit
791 1132 27 15 en
834 1125 24 22 af
873 1125 25 22 de

75 1157 125 22 förnämsta
223 1156 125 29 kämparna
368 1155 7 22 i
396 1155 93 22 världen
512 1155 34 22 för
569 1155 27 22 de
622 1157 50 20 smä
695 1155 203 28 nationaliteterna,

76 1189 62 20 ännu
159 1186 71 22 skulle
245 1185 62 23 lefva
323 1185 41 22 och
380 1185 62 22 hälla
457 1185 171 28 föreläsningar,
646 1187 26 20 sä
688 1185 72 22 skulle
776 1185 45 22 han
837 1187 61 26 säga,

79 1218 34 21 att
129 1217 34 21 ett
178 1215 71 30 dylikt
264 1215 76 22 försök
356 1214 95 23 berodde
468 1216 30 27 pä
514 1215 119 22 nationellt
643 1215 100 28 högmod,
755 1217 30 27 pä
795 1215 105 22 nationa-

75 1247 57 27 lism,
157 1246 85 22 hvilket
261 1247 25 20 är
308 1246 33 21 ett
361 1245 156 29 psykologiskt
538 1245 104 30 begrepp,
660 1253 47 14 som
723 1245 40 22 har
779 1246 34 21 sin
829 1245 71 28 grund

77 1277 81 22 endast
180 1276 33 22 uti
236 1275 138 28 maktbegär,
399 1275 76 22 enfald
499 1275 41 22 och
564 1275 146 28 okunnighet,
731 1275 41 22 och
787 1275 113 29 principen

76 1306 142 23 konsekvent
241 1305 127 28 genomförd
390 1318 26 3 —
438 1305 73 22 skulle
533 1305 47 22 han
603 1305 77 22 vidare
704 1307 55 26 säga
783 1318 28 3 —
833 1305 67 21 borde

76 1337 51 22 leda
143 1336 78 27 därtill,
246 1337 35 21 att
300 1335 27 22 de
343 1335 157 22 finsksinnade
517 1336 26 21 sä
558 1335 44 22 fort
618 1342 48 15 som
678 1335 84 29 möjligt
773 1335 71 22 skulle
853 1334 48 22 låta

76 1367 103 29 förryska
195 1366 38 28 sig.
261 1366 42 27 Jag
320 1367 25 20 är
360 1365 56 22 dock
432 1365 135 28 öfvertygad
583 1372 41 21 om,
642 1366 36 21 att
693 1365 106 22 landtdm.
815 1365 86 28 Torppa

77 1397 41 22 och
144 1397 57 21 hans
225 1395 192 29 meningsfränder
440 1397 39 20 äro
503 1395 27 22 de
549 1395 63 28 sista,
629 1402 48 15 som
693 1395 55 29 vilja
764 1395 69 27 detta,
850 1401 50 15 men

77 1427 45 22 han
140 1427 52 28 skyr
207 1426 49 22 icke
273 1426 34 22 att
323 1425 55 29 vilja
394 1425 115 29 förtrycka
525 1425 71 22 andra
611 1426 173 21 nationaliteter.
798 1438 25 3 —
836 1424 66 23 Hvad

78 1457 105 28 slutligen
207 1457 70 27 angär
300 1455 190 27 valmansäldern,
507 1455 42 21 har
564 1462 53 15 man
634 1455 79 22 hittills
729 1455 69 22 bland
813 1454 87 22 förnuf-

77 1487 44 27 tigt
136 1487 46 22 folk
198 1485 149 23 öfverhufvud
364 1486 82 27 ansett,
464 1486 36 21 att
516 1492 27 14 en
560 1485 127 28 människa,
704 1492 47 15 som
767 1485 49 22 icke
833 1486 24 20 är
873 1485 28 21 25
