1067 1745
145 94 46 17 1192
362 93 181 22 Talonpoikaissääty
556 93 21 17 31
591 93 43 22 p:nä
646 91 47 18 elok.
708 92 51 18 1906.

145 165 244 23 eduskuntalaitoksen
414 166 114 20 säätämät
551 164 40 22 lait
615 165 54 20 ovat
685 165 90 22 sitovaa
790 165 92 22 voimaa
898 165 74 22 vailla.

145 196 55 22 Olen
209 195 160 25 tarkoittanut,
379 195 70 21 kuten
457 194 100 29 jokaisen
567 194 46 21 olisi
623 194 90 29 pitänyt
721 194 109 28 käsittää,
840 195 45 21 sitä
895 195 77 28 pohja-

145 226 121 21 kerroksen
290 225 103 29 ryhmää,
415 224 52 29 joka
491 231 27 14 on
535 225 118 20 asettunut
668 224 305 29 yhteiskuntajärjestelmää

145 257 99 20 vastaan
268 255 94 26 tavalla,
382 254 53 28 joka
450 261 27 14 on
494 253 105 29 johtanut
615 253 210 30 oikeusjärjestystä
842 254 130 29 puoltavien

144 285 158 22 kansalaisten
324 283 188 23 murhaamiseen.
544 283 53 22 Olen
615 283 56 21 tällä
686 283 168 22 lauselmallani
870 284 103 28 myöskin

144 315 155 22 tarkoittanut
322 314 46 21 sitä
392 313 176 27 sanomalehteä,
588 312 53 29 joka
657 313 114 22 alinomaa
786 315 94 27 syöttää
896 321 76 14 enem-

145 347 53 20 män
215 345 33 21 tai
265 344 139 22 vähemmän
417 343 239 29 arvostelukykyiselle
666 343 210 28 lukijakunnalleen
888 344 84 28 oppeja,

144 375 56 28 joita
224 375 20 21 ei
267 374 102 21 missään
393 380 94 14 muussa
506 380 90 15 maassa
612 372 91 22 mikään
719 373 89 28 puolue,
825 373 54 28 joka
894 373 79 22 tahtoo

145 405 77 28 käydä
238 405 113 27 vapaasta
367 403 224 28 edistyspuolueesta,
608 402 69 22 tahdo
694 403 116 21 omaksua.

217 433 97 22 Vihdoin
339 433 116 28 pyytäisin
479 433 71 21 saada
573 432 124 27 sanotuksi,
723 433 61 21 etten
806 433 36 21 ole
860 434 112 27 pyytänyt

145 463 228 22 Lakivaliokunnalle
405 462 176 22 minkäänlaista
610 461 93 22 kiitosta
731 469 40 14 sen
800 463 173 21 suorittamasta

145 495 82 28 työstä.
258 492 213 23 Lakivaliokunnan
495 492 132 21 enemmistö
651 498 34 21 on,
710 491 70 22 kuten
797 492 95 21 minulla
906 493 21 28 jo
944 492 29 21 oli

145 524 88 21 kunnia
256 523 119 26 ilmoittaa,
400 522 120 21 koettanut
537 521 68 22 tehdä
621 521 82 22 kaiken
721 522 137 21 voitavansa
875 521 97 22 laatiak-

146 560 52 15 seen
222 553 104 22 sellaisen
349 552 47 21 lain
412 551 101 29 yleisistä
529 551 154 27 kokouksista,
699 551 54 28 joka
769 552 19 21 ei
805 552 49 21 olisi
871 551 101 22 kansalle

145 583 156 26 rasitukseksi,
326 581 108 22 häiriöksi
457 582 23 27 ja
499 581 112 27 taakaksi,
629 582 74 21 mutta
719 589 39 14 sen
775 581 135 29 vapaudelle
927 584 46 19 tur-

146 613 66 22 vaksi
228 613 22 28 ja
266 612 107 28 suojaksi.

220 671 122 22 Sittenkun
367 670 188 30 yleiskeskustelu
579 670 28 22 oli
630 670 113 29 julistettu
759 670 143 29 lopetetuksi,
919 671 53 28 ryh-

146 702 83 29 dyttiin
253 701 232 30 yksityiskohtaisesti
510 700 172 22 tarkastamaan
706 701 124 21 mietinnön
847 701 81 22 sivulla
944 701 29 21 37

146 732 100 21 alkavaa
262 732 160 26 lakiehdotusta,
439 730 68 29 jonka

513 783 56 22 1—2
586 783 27 30 88

147 839 169 22 keskustelutta
332 837 165 30 hyväksyttiin.

536 890 49 30 38.

220 945 135 25 Keskustelu:

218 999 118 23 Edusmies
357 998 92 23 Eklund:
480 998 9 21 I
506 998 75 21 denna
596 997 105 29 paragraf
716 998 146 28 bestämmes,
880 1000 34 20 att
930 1006 43 14 an-

147 1031 100 26 mälning
271 1030 52 21 eller
343 1028 219 28 tillkännagifvande
579 1027 46 22 kan
642 1028 39 21 ske
698 1028 68 22 ocksä
781 1035 82 20 genom
880 1035 92 15 annons.

147 1060 112 22 Anmälan
285 1059 108 22 behöfver
417 1058 38 21 ske
480 1057 81 22 endast
584 1065 36 14 om
636 1058 185 27 sammankomst,
840 1065 47 15 som
903 1058 71 22 hälles

147 1092 29 27 pä
198 1090 83 22 allmän
298 1089 60 29 plats
375 1089 6 21 i
397 1088 56 22 stad.
485 1087 51 22 Med
553 1095 26 14 en
596 1087 71 22 sädan
684 1088 164 27 inskränkning
865 1088 50 22 utaf
931 1095 42 15 an-

147 1119 271 29 mälningsskyldigheten
437 1125 68 21 synes
522 1118 43 27 mig
582 1117 38 22 det
635 1125 56 14 vara
707 1118 52 21 bäst
775 1119 36 20 att
828 1118 78 29 stryka
922 1118 52 21 hela

147 1150 162 27 författningen
327 1149 41 21 och
384 1148 47 21 låta
448 1148 38 21 det
501 1147 71 22 blifva
588 1147 38 22 vid
642 1147 42 22 den
696 1147 218 29 församlingsfrihet,
926 1155 47 15 som

148 1181 21 21 vi
194 1180 60 21 förut
277 1180 77 21 ansett
377 1185 36 14 oss
438 1185 47 20 ega,
507 1177 42 22 och
565 1184 47 15 som
629 1185 30 14 nu
675 1179 26 20 är
716 1185 79 20 genom
812 1178 110 28 grundlag
938 1185 36 14 oss

148 1209 158 23 tillförsäkrad.
338 1208 37 22 Uti
399 1208 52 21 stad
475 1207 74 22 finnes
567 1208 24 28 ju
607 1207 63 22 alltid
687 1215 27 14 en
730 1207 164 29 jämförelsevis
910 1208 64 22 stark

148 1239 177 28 ordningsmakt,
344 1238 87 21 antalet
447 1237 81 29 poliser
544 1239 24 20 är
585 1237 112 28 nämligen
714 1238 7 21 i
736 1237 141 22 förhällande
889 1238 33 21 till
933 1237 40 22 be-

147 1269 131 28 folkningen
301 1268 89 29 ganska
414 1269 62 26 stort,
501 1267 106 22 särskildt
631 1268 31 21 uti
687 1267 26 22 de
732 1269 62 20 stora
810 1267 108 22 städerna
934 1268 41 21 och

148 1301 7 20 i
178 1299 123 29 synnerhet
324 1299 7 21 i
355 1297 144 28 Helsingfors.
530 1297 72 21 Dessa
625 1297 133 27 ordningens
779 1298 96 21 väktare
897 1299 37 20 äro
951 1298 23 28 ju

148 1328 116 30 placerade
281 1330 29 27 pä
327 1328 45 21 alla
388 1328 63 27 gator
467 1327 40 21 och
524 1326 71 28 öfriga
611 1326 115 22 allmänna
742 1327 90 29 platser,
850 1328 41 21 och
903 1327 71 22 hälles

148 1359 39 22 det
210 1358 210 27 sammankomster,
445 1358 27 21 sä
487 1358 38 20 äro
542 1356 27 22 de
585 1356 69 22 ocksä
669 1359 80 25 genast
765 1356 109 23 tillhands
890 1357 34 22 för
940 1358 35 20 att

149 1388 155 30 upprätthälla
329 1387 121 27 ordningen
473 1387 41 21 och
529 1386 140 22 förekomma
684 1386 69 22 bland
769 1388 73 21 annat
858 1389 35 20 att
908 1386 66 22 trafi-

149 1419 44 21 ken
216 1418 97 22 hindras.
345 1417 49 21 Med
419 1416 72 28 öfriga
514 1416 80 22 nutida
618 1416 77 28 medel,
719 1418 74 20 säsom
810 1417 108 22 telefoner
934 1417 41 21 och

149 1448 146 22 automobiler
319 1455 18 14 o.
363 1454 16 15 s.
401 1454 26 20 v.
445 1448 24 20 är
485 1446 38 22 det
539 1446 49 28 lätt,
606 1448 35 20 att
657 1446 87 28 ganska
760 1448 64 21 snart
840 1460 29 2 —
885 1454 35 14 om
937 1446 39 22 det

150 1478 108 23 behöfves
277 1491 28 3 —
321 1477 76 22 skaffa
413 1476 67 29 hjälp,
498 1476 19 22 d.
534 1484 20 14 v.
571 1484 16 15 s.
604 1483 27 15 en
648 1477 68 21 större
733 1476 142 30 polisstyrka,
892 1476 41 23 och
946 1478 30 28 pä
