1067 1745
151 103 48 18 1308
363 101 181 24 Talonpoikaissääty
557 101 23 18 10
592 101 44 22 p:nä
649 100 62 23 syysk.
725 101 52 18 1906.

152 175 51 23 nåd.
227 175 169 29 propositionen
421 181 35 14 om
480 174 144 28 tjänstemän,
649 179 48 15 som
719 173 76 22 blifvit
810 173 51 22 från
878 174 50 21 sina
944 174 41 21 be-

152 205 127 28 fattningar
295 203 127 24 afskedade
439 203 52 22 eller
506 203 33 21 till
555 203 96 28 tjänster
667 203 124 22 utnämnde
808 203 52 22 med
874 203 110 22 afvikelse

152 236 51 21 från
227 235 155 28 grundlagens
404 233 147 28 stadganden,
568 233 41 21 har
624 233 65 26 gifvit
704 233 88 21 tillfälle
808 233 35 21 till
859 234 26 21 så
902 235 83 26 många

152 265 142 26 uttalanden,
320 265 38 20 att
374 270 51 15 man
442 263 46 21 kan
504 263 75 28 tycka,
596 264 36 19 att
647 262 64 22 detta
727 263 49 21 icke
792 270 53 15 vore
862 263 24 22 af
903 263 79 22 behof-

154 297 38 20 vet
216 294 125 29 påkalladt.
374 293 42 28 Jag
440 299 67 15 anser
529 292 62 27 dock,
617 293 35 20 att
675 293 38 27 jag
735 292 35 21 för
794 293 45 21 min
864 293 35 21 del
915 293 69 22 också

154 325 41 22 bör
211 324 95 28 angifva
323 323 48 22 min
387 322 142 29 ståndpunkt
544 323 7 20 i
566 321 79 28 frågan
662 322 52 21 med
730 323 71 26 några
817 322 45 22 ord.

226 354 47 22 Här
297 353 75 22 hafva
387 353 58 28 gjort
461 352 33 27 sig
509 353 84 20 tvenne
609 351 85 22 åsikter
710 352 111 27 gällande,
838 352 80 22 hvilka
933 354 29 25 gå
978 353 7 21 i

153 384 132 22 diametralt
308 384 98 21 motsatt
428 382 100 27 riktning
548 381 33 22 till
597 381 135 22 hvarandra.
764 382 52 21 Alla
832 381 67 22 saker
914 382 72 22 hafva

155 416 42 20 två
213 414 65 26 sidor,
295 413 54 22 från
365 412 78 22 hvilka
460 419 53 14 man
528 411 45 22 kan
585 411 106 22 betrakta
707 411 58 28 dem,
782 411 41 22 och
835 411 75 22 denna
920 411 66 29 fråga

154 444 42 21 har
218 443 109 22 särskildt
349 442 75 21 denna
440 441 119 28 egenskap.
590 440 43 22 För
649 442 35 20 att
699 441 79 28 riktigt
793 441 81 22 kunna
889 441 97 22 bedöma

154 474 64 21 detta
241 472 131 28 lagförslag,
397 472 51 21 eller
471 471 126 27 egentligen
617 470 76 22 denna
708 471 232 27 grundlagstolkning,
959 472 26 21 så

156 504 39 21 bör
211 510 53 14 man
281 502 50 22 icke
349 508 24 15 se
390 501 81 22 endast
487 502 29 28 på
532 500 264 26 utskottsbetänkandet,
814 503 57 20 utan
882 508 52 14 man
946 501 40 21 bör

155 534 63 21 sätta
242 534 34 26 sig
299 533 24 21 in
348 532 7 21 i
379 531 27 21 de
426 530 96 28 orsaker,
540 538 47 14 som
603 531 62 27 gjort,
683 531 36 21 att
735 532 33 20 ett
783 530 84 22 sådant
882 530 102 28 lagstad-

154 563 75 28 gande
256 562 78 22 blifvit
361 561 24 21 af
407 560 195 28 nödvändigheten
627 560 124 28 påkalladt.
786 560 75 22 Sedan
886 561 43 21 den
952 561 33 21 tid

155 592 117 23 Bobrikoff
294 591 49 23 blef
367 590 110 22 utnämnd
501 590 33 22 till
557 590 207 28 generalguvernör,
789 591 89 21 märkes
895 598 26 14 en
939 592 47 20 mot

156 624 52 21 vårt
230 622 55 22 land
308 620 182 28 fientligtsinnad
509 619 84 30 politik.
623 620 10 21 I
649 620 78 28 början
743 627 46 21 var,
807 620 47 22 kan
869 621 37 27 jag
922 622 62 26 säga,

155 653 53 21 hela
223 652 79 22 landet
318 658 55 15 ense
389 658 41 20 om,
448 651 35 21 att
499 650 74 22 denna
589 649 78 29 politik
683 650 50 21 icke
749 657 40 15 var
805 650 75 29 nyttig
890 650 34 22 för
934 652 52 20 vårt

156 682 46 22 folk
218 682 41 22 och
276 682 35 21 att
328 688 54 14 man
399 680 67 22 borde
483 681 110 21 motsätta
609 680 34 27 sig
658 679 139 23 densamma.
823 680 52 22 Men
892 687 47 14 som
955 680 30 22 ti-

155 712 45 22 den
224 712 67 21 skred
314 711 91 27 framåt,
431 710 78 22 delade
533 710 34 27 sig
590 709 69 22 också
683 710 115 21 åsikterna
820 710 6 21 i
846 710 76 21 denna
938 710 47 22 sak.

156 742 45 22 Det
224 742 75 22 tillhör
318 740 109 22 historien
444 741 35 20 att
495 739 66 22 döma
577 746 42 20 om,
636 739 92 22 hvilken
745 740 24 21 af
785 740 200 27 meningsriktnin-

157 779 71 21 garna
251 771 60 22 hade
335 771 55 26 rätt;
413 770 38 28 jag
466 769 39 23 vill
521 769 48 22 icke
586 770 63 20 sätta
664 770 45 27 mig
724 769 34 22 till
773 769 64 22 doms
850 770 64 21 öfver
929 770 56 22 dem.

158 802 58 28 Men,
241 808 48 15 som
313 800 47 22 alla
383 800 83 27 känna,
491 800 26 21 så
540 798 45 22 blef
605 798 38 22 det
659 800 68 21 större
744 799 64 22 delen
826 799 24 22 af
865 800 51 21 vårt
931 799 54 28 folk,

157 839 49 15 som
230 830 127 23 omfattade
379 830 49 27 den,
446 836 47 15 som
509 829 49 27 gick
575 830 26 20 ut
617 830 29 27 på
661 830 35 20 att
712 830 110 21 motsätta
838 830 34 26 sig
888 829 45 22 alla
949 830 36 21 åt-

157 861 79 28 gärder
250 861 52 21 från
319 860 66 21 detta
400 860 52 21 håll.
476 859 29 21 Ju
522 860 69 20 större
608 858 41 22 och
665 859 122 28 kraftigare
804 859 72 22 anfall
892 859 92 28 gjordes,

157 891 65 22 desto
246 891 109 28 skarpare
379 890 72 21 måste
475 889 68 22 också
567 888 140 22 motståndet
729 889 77 22 blifva.
838 889 70 22 Detta
927 890 59 21 mot-

158 921 74 27 stånd,
254 927 49 15 som
327 919 74 22 fördes
418 919 65 22 såväl
499 918 24 22 af
539 918 240 29 tjänstemannakåren
796 919 42 21 och
854 918 27 22 de
896 919 90 21 bildade

158 958 48 15 som
232 950 24 22 af
282 949 133 22 samhällets
442 949 69 28 djupa
533 948 67 28 lager,
625 948 58 22 hade
707 949 145 28 naturligtvis
875 949 35 21 till
932 949 54 28 följd

157 980 150 30 repressalier,
333 986 36 15 om
393 979 38 28 jag
455 980 26 20 så
505 979 37 21 må
562 980 63 25 säga,
641 978 50 22 från
708 978 27 22 de
751 978 164 28 maktegandes
931 979 55 22 sida.

157 1010 186 29 Repressalierna
366 1009 116 22 drabbade
503 1008 51 28 alla,
571 1015 53 14 men
639 1008 192 28 hufvudsakligen
847 1015 42 15 var
904 1008 38 22 det
958 1008 28 22 de

158 1041 118 28 lagtrogna
292 1040 193 29 tjänstemännen,
502 1045 48 14 som
563 1037 77 22 blefvo
651 1040 88 20 utsatta
750 1038 33 22 för
794 1038 68 22 dessa
872 1045 114 22 repressa-

158 1071 45 22 lier.
234 1071 33 21 De
291 1069 78 22 blefvo
393 1069 6 21 i
419 1069 55 21 strid
491 1070 46 20 mot
553 1067 151 28 grundlagens
721 1068 125 28 stadgande
862 1070 56 20 utan
934 1069 53 27 laga

158 1100 140 28 ransakning
322 1099 43 22 och
385 1099 50 21 dom
453 1098 73 22 skilda
541 1098 51 22 från
609 1098 51 22 sina
675 1099 100 28 tjänster.
806 1098 48 22 Den
872 1099 115 21 allmänna

159 1131 177 29 uppfattningen
353 1129 34 26 då,
405 1129 137 22 åtminstone
559 1128 70 22 bland
645 1128 26 22 de
687 1128 68 29 djupa
771 1129 76 27 lagren
864 1129 41 21 och
918 1128 68 22 äfven

159 1161 69 22 bland
252 1160 27 22 de
296 1159 95 26 bildade,
409 1166 47 20 var,
474 1160 35 20 att
525 1158 74 22 denna
615 1158 78 28 politik
709 1158 43 22 den
768 1158 77 22 kunde
860 1159 49 21 icke
925 1158 62 22 hålla

160 1194 26 19 ut
201 1192 8 20 i
224 1190 107 28 längden,
349 1190 55 20 utan
420 1189 83 29 ljusare
519 1188 157 22 förhållanden
693 1188 71 22 skulle
780 1188 90 22 randas.
896 1188 34 22 Då
946 1196 41 14 var

158 1221 71 22 också
252 1220 43 22 den
321 1220 90 27 mening
433 1218 107 28 rådande,
557 1220 36 20 att
609 1218 34 27 de,
661 1225 46 15 som
723 1218 72 30 hyllat
811 1218 75 22 denna
902 1218 84 29 politik,

159 1258 49 15 som
223 1250 67 28 gifvit
306 1250 35 27 sig
357 1249 32 21 till
405 1249 98 28 verktyg
518 1248 34 22 för
568 1248 143 22 densammas
728 1248 207 28 genomdrifvande,
950 1248 36 28 då,

160 1283 41 20 när
224 1288 27 14 en
277 1280 122 27 lyckligare
423 1279 44 27 dag
490 1278 90 28 randas,
606 1278 71 22 skulle
693 1278 54 28 afgå
762 1278 51 22 från
830 1279 50 21 sina
896 1279 90 28 platser,

159 1318 49 15 som
231 1310 27 21 de
293 1310 36 21 fått
352 1309 71 21 under
441 1309 76 21 denna
532 1308 39 27 tid,
589 1308 34 21 för
639 1309 34 20 att
689 1308 76 21 lämna
780 1315 49 14 rum
845 1308 35 22 för
895 1308 27 22 de
938 1308 48 27 lag-

160 1343 80 25 trogna
263 1340 192 29 tjänstemännen.
487 1338 30 22 Så
541 1338 52 21 kom
618 1338 144 28 storstrejken
782 1337 51 23 med
854 1338 133 22 november-

160 1370 139 27 manifestet,
323 1369 30 21 då
377 1369 83 27 lagliga
483 1367 157 22 förhållanden
656 1369 48 20 åter
720 1368 71 21 skulle
808 1368 90 22 inträda
914 1369 6 20 i
937 1369 51 21 vårt

160 1401 59 21 land.
251 1399 96 29 Glädjen
372 1406 40 14 var
434 1399 47 21 stor
497 1398 112 27 öfverallt,
626 1398 36 28 jag
678 1399 72 20 måste
767 1400 56 25 säga
839 1398 44 27 det,
900 1398 65 22 såväl
981 1398 7 21 i

160 1430 80 22 staden
259 1437 48 14 som
323 1430 30 27 pä
369 1428 77 22 landet
463 1428 40 22 och
520 1435 53 14 man
590 1428 66 28 hyste
672 1427 51 22 fullt
739 1428 39 21 och
795 1427 48 22 fast
858 1428 42 21 den
912 1427 75 23 öfver-

162 1460 109 29 tygelsen,
294 1461 36 20 att
345 1459 137 27 lagligheten
499 1457 72 22 skulle
587 1458 128 21 äterställas
732 1458 84 33 snabbt
831 1459 30 28 pä
876 1458 45 22 alla
936 1458 52 21 häll.

162 1491 132 21 Förväntan
311 1488 47 23 blef
372 1488 124 28 bedragen:
512 1487 91 22 landets
619 1487 80 28 högsta
715 1488 149 28 ämbetsmän,
882 1495 46 14 som
944 1495 44 15 un-
