1064 1739
399 95 69 18 Yleiset
480 95 110 18 kokoukset.
857 95 46 18 1193

73 171 29 21 de
126 170 70 22 flesta
220 168 81 22 ställen
322 168 74 21 finnes
412 167 68 21 också
496 167 95 27 tillgång
607 168 29 27 på
652 168 69 26 något
737 167 60 27 slags
813 167 89 27 militär,

75 200 54 22 eller
152 207 27 14 m.
197 206 19 15 a.
232 205 28 15 o.:
276 204 53 14 man
345 197 63 21 reder
424 198 33 26 sig
472 196 109 28 tämligen
599 196 38 22 väl
652 197 8 21 i
676 196 51 22 stad
743 198 29 27 pä
788 196 116 22 allmänna

75 230 84 29 platser
183 228 50 22 med
249 227 150 27 folksamling,
417 228 56 20 utan
490 227 35 21 att
540 226 40 22 det
597 226 147 22 förekommer
760 228 71 26 några
847 234 56 21 syn-

75 259 86 27 nerliga
184 258 116 26 störingar.
330 256 51 22 Men
402 258 28 27 på
447 256 156 28 landsbygden
620 258 24 19 är
660 256 151 22 förhållandet
827 256 76 22 tämli-

75 296 44 21 gen
143 286 147 24 annorlunda.
321 286 27 22 Vi
372 286 72 22 tänka
467 293 35 14 oss
526 286 60 21 blott
602 287 34 20 ett
652 285 75 23 enkelt
744 286 107 28 exempel,
869 287 36 21 att

75 319 35 22 till
126 317 179 23 sammankomst
320 316 89 21 infinna
425 316 33 27 sig
474 316 101 21 druckna
592 316 41 21 och
645 316 113 28 okynniga
770 316 52 21 eller
833 317 72 26 några

75 348 146 26 skrålhalsar,
239 353 47 15 som
303 345 157 22 åstadkomma
477 345 132 29 uppträden.
634 345 88 27 Frågan
738 345 42 21 blir
796 352 36 15 om
843 345 61 22 hvad

76 377 150 23 ordföranden
250 375 59 23 skall
332 376 57 27 göra.
420 375 44 22 Det
487 377 25 19 är
534 376 24 28 ju
582 375 54 27 han,
661 382 47 14 som
724 377 25 19 är
765 375 88 29 skyldig
869 376 36 21 att

77 406 155 31 upprätthålla
248 405 128 28 ordningen.
400 405 51 22 Han
468 405 65 21 söker
549 412 116 21 uppmana
682 404 48 22 dem
747 406 35 20 att
798 405 61 22 hålla
871 405 34 27 sig

77 438 34 22 till
135 437 99 27 ordning,
260 442 51 14 men
330 442 36 15 om
382 435 27 21 de
425 435 49 21 icke
490 434 59 29 lyda,
566 436 28 20 så
610 436 97 20 återstår
723 434 48 22 icke
787 436 72 20 annat
875 437 30 19 än

78 469 35 21 att
129 466 95 30 upplösa
240 466 70 21 mötet
326 465 41 21 och
384 464 37 22 det
436 464 34 22 för
486 472 28 14 en
531 464 99 25 småsak,
648 464 41 22 och
705 464 38 22 vill
760 464 45 22 han
821 464 44 28 det,
881 467 24 19 är

77 498 40 21 det
132 497 49 21 icke
198 495 72 28 sagdt,
288 496 35 20 att
339 494 38 22 det
392 494 84 29 lyckas.
502 494 42 22 Om
560 494 40 22 det
616 494 101 22 däremot
732 494 74 22 finnes
822 501 28 15 en
866 502 39 21 po-

77 528 28 21 lis
129 526 52 22 eller
205 532 45 22 par,
276 526 26 20 så
324 526 26 20 är
373 524 38 22 det
430 524 129 27 tillräckligt
576 526 36 20 att
628 524 87 29 afstyra
731 524 45 22 alla
791 524 113 22 förekom-

78 556 81 23 mande
177 556 110 26 störingar
304 554 102 28 sålunda,
424 555 34 21 att
476 554 26 21 de
518 554 107 27 aflägsna
641 554 86 22 sådana
737 561 105 21 personer
853 554 52 22 eller

78 586 95 28 vidtaga
188 584 79 28 åtgärd
284 584 33 22 för
333 586 35 20 att
384 584 104 22 befordra
504 584 50 21 dem
571 584 35 21 till
620 584 75 27 straff;
706 584 105 27 vanligen
823 584 82 22 inträf-

78 617 35 21 far
129 616 35 27 då,
182 617 36 20 att
233 614 207 22 sammankomsten
457 614 85 28 aflöper
557 613 99 29 lyckligt.
681 613 78 22 Redan
771 613 64 22 detta
846 614 60 21 enda

78 645 101 29 exempel
198 646 67 26 visar,
283 645 35 21 att
334 644 40 21 här
390 651 36 15 om
442 645 69 26 något
527 643 111 22 behöfves
654 650 28 15 en
699 644 60 28 polis.
799 643 106 29 Skyldig-

78 677 69 21 heten
172 676 35 21 att
230 674 91 22 anmäla
337 674 39 21 bör
391 673 87 22 således
495 673 131 22 utsträckas
643 673 33 22 till
693 674 44 21 alla
753 675 152 20 sammanträ-

79 707 50 26 den,
147 713 47 14 som
210 705 72 21 hållas
298 704 8 21 i
322 703 37 22 det
375 704 48 21 fria.
447 703 43 28 Jag
506 703 34 22 för
556 703 46 22 min
620 703 35 22 del
671 707 50 23 tror,
739 705 35 20 att
788 704 118 28 motviljan

79 737 48 21 mot
151 743 27 14 en
202 736 26 21 så
244 734 66 22 enkel
326 734 41 21 och
383 734 44 21 lätt
442 733 86 28 åtgärd,
546 740 49 15 som
612 733 42 22 den
671 733 111 29 åsyftade,
799 733 63 22 beror
878 735 29 27 på

79 766 118 28 motviljan
214 765 46 21 mot
276 763 149 29 polismakten
442 764 7 21 i
466 763 129 22 allmänhet.
620 763 44 22 Det
680 765 24 20 är
719 763 49 22 icke
784 763 70 22 heller
871 765 36 20 att

79 795 74 22 undra
168 796 29 28 på
213 794 50 22 med
280 793 42 22 den
339 793 128 22 erfarenhet
484 793 22 22 vi
522 793 78 22 hafva.
623 793 52 22 Men
686 793 116 22 Utskottet
812 793 41 22 har
864 800 41 15 na-

80 825 113 28 turligtvis
217 824 48 22 icke
289 823 68 22 tänkt
381 825 29 27 på
434 830 27 14 en
481 823 141 22 bobrikoffsk
639 823 60 28 polis,
718 830 27 15 en
762 823 79 28 sådan,
858 830 48 15 som

81 856 41 21 har
146 856 34 21 att
203 854 55 22 efter
274 853 98 28 hemliga
388 853 161 22 instruktioner
564 852 98 29 fullfölja
678 853 111 27 ändamål,
806 860 48 15 som
870 854 37 20 stå

81 887 7 20 i
104 885 56 22 strid
177 884 50 22 med
242 884 37 27 lag
296 883 53 22 eller
364 883 83 22 folkets
463 883 117 27 intressen,
598 882 49 22 icke
664 889 39 15 ens
720 889 26 15 en
764 883 71 21 sådan
851 883 56 28 polis

81 923 49 14 som
146 915 7 21 i
168 913 114 27 Amerika,
299 913 100 27 hvilken,
417 913 69 27 enligt
501 912 61 22 hvad
579 912 156 22 erfarenheten
752 913 44 27 vet,
815 915 24 19 är
854 913 52 22 kor-

80 943 124 30 rumperad.
234 943 53 22 Man
303 943 41 21 har
360 943 68 21 tänkt
443 943 29 28 på
489 949 28 14 en
534 942 80 28 sådan,
632 949 47 15 som
695 944 32 20 ett
743 942 52 28 folk,
813 944 41 20 när
870 942 37 22 det

81 975 41 22 har
146 975 34 21 sin
203 973 74 28 frihet,
302 972 52 29 själf
378 972 83 29 skapar
480 972 34 21 för
530 973 50 20 sina
597 979 57 21 egna
672 972 71 22 behof.
775 972 42 22 Om
833 972 74 22 denna

81 1005 56 29 polis
153 1006 25 19 är
193 1003 70 28 höflig
278 1003 42 22 och
336 1002 201 28 tillmötesgående,
555 1003 26 20 så
597 1004 25 19 är
638 1002 43 21 den
697 1002 68 22 också
781 1009 27 14 en
821 1002 86 27 verklig

81 1035 68 28 hjälp.
180 1034 44 21 Det
246 1035 26 19 är
296 1033 34 21 att
346 1032 92 29 hoppas,
456 1033 34 20 att
506 1032 23 21 vi
545 1031 65 22 skola
626 1032 72 28 skapa
713 1039 28 14 en
758 1032 71 21 sådan
845 1032 62 29 polis.

82 1065 43 21 Om
149 1064 37 22 det
209 1063 69 22 också
301 1062 114 27 verkligen
439 1062 48 21 icke
511 1061 80 22 hittills
615 1061 142 22 förekommit
776 1063 26 20 så
818 1062 90 28 mycket

83 1093 113 23 missbruk
212 1094 29 28 på
256 1092 83 27 landet,
356 1093 27 20 så
399 1092 39 21 ber
453 1092 37 28 jag
506 1091 24 22 få
547 1092 73 21 erinra
636 1099 42 20 om,
690 1093 35 20 att
736 1091 172 22 förhållandena

82 1123 101 23 härefter
205 1123 91 22 komma
320 1123 34 20 att
377 1121 99 28 gestalta
492 1122 34 27 sig
543 1121 141 22 annorlunda
700 1121 41 22 och
757 1123 34 20 att
807 1122 23 28 ju
847 1129 61 14 mera

83 1153 171 22 förhållandena
270 1152 108 22 utveckla
394 1152 39 27 sig,
451 1151 114 22 dessmera
580 1151 106 28 intränga
702 1151 111 22 missbruk
830 1153 30 27 på
875 1153 34 20 ett

84 1184 53 22 eller
160 1184 71 21 annat
254 1182 51 22 håll.
336 1182 36 21 Då
387 1182 23 21 vi
426 1181 150 22 tillförsäkras
591 1181 42 22 full
649 1181 216 28 församlingsfrihet,
883 1183 26 20 så

83 1216 26 19 är
125 1213 38 22 det
178 1213 34 22 för
228 1212 132 22 samhällets
377 1219 56 20 egen
450 1211 58 22 skull
526 1211 147 28 nödvändigt,
690 1213 35 20 att
737 1211 111 22 missbruk
859 1211 50 22 icke

83 1244 25 22 få
132 1243 46 23 ske.
209 1243 43 21 Det
271 1244 25 20 är
311 1243 29 27 på
356 1241 76 22 denna
448 1241 71 28 grund
535 1241 37 29 jag
588 1248 73 20 anser,
679 1242 34 21 att
729 1241 74 22 denna
820 1241 89 22 anmäl-

83 1273 124 29 ningsplikt
222 1273 40 21 bör
278 1272 129 22 utsträckas
423 1271 70 22 äfven
509 1271 33 22 till
556 1271 72 22 andra
640 1272 209 26 sammankomster,
861 1278 48 15 som

84 1304 73 22 hållas
172 1302 71 23 under
258 1302 40 22 bar
314 1302 98 26 himmel,
429 1301 41 22 och
481 1301 94 22 föreslår
586 1302 36 21 att
632 1301 135 29 paragrafen
779 1302 8 20 i
797 1301 64 22 detta
873 1301 35 22 af-

83 1333 84 23 seende
190 1332 71 22 skulle
280 1332 176 22 återremitteras
472 1331 34 22 för
523 1332 35 21 att
574 1332 26 20 så
616 1331 175 28 omformuleras,
809 1338 48 14 som
872 1332 38 28 jag

84 1371 30 14 nu
132 1362 128 23 framhållit.

157 1422 116 22 Edusmies
290 1420 113 24 Candelin:
426 1421 44 27 Jag
485 1420 39 22 ber
538 1421 36 21 att
584 1420 89 28 föreslå,
686 1422 35 20 att
732 1420 96 22 Ståndet
839 1422 71 20 måtte

85 1453 164 22 återremittera
265 1450 155 23 betänkandet
440 1450 34 22 till
490 1450 93 22 Utskott
599 1451 7 21 i
622 1450 42 22 och
679 1450 34 22 för
729 1450 181 28 omformulering

85 1482 8 22 i
109 1482 44 22 den
168 1482 105 27 riktning,
290 1488 48 15 som
354 1480 104 28 angifves
474 1481 7 21 i
497 1480 174 22 reservationen.
