1039 1728
134 101 38 18 256
332 98 189 23 Talonpoikaissääty
533 97 23 18 29
568 97 44 23 p:nä
624 97 84 18 maalisk.
722 97 52 18 1906.

209 171 121 22 Edusmies
352 169 118 23 Varvikko:
495 169 89 22 Samoin
602 169 54 21 kuin
673 169 85 21 edusm.
775 169 124 22 Pennanen
916 169 50 22 olen

137 203 62 20 minä
210 201 44 22 sitä
270 200 86 26 mieltä,
374 200 54 21 ettei
444 199 217 21 Talousvaliokunta
671 198 81 22 käsillä
763 199 105 22 olevassa
879 199 88 22 asiassa

137 233 35 20 ole
184 232 94 27 mennyt
287 230 218 27 toimintarajojensa
514 228 153 29 ulkopuolelle,
675 228 58 22 vielä
739 229 130 21 vähemmin
875 229 90 21 sivuut-

138 262 69 21 tanut
227 259 285 30 Valtiopäiväjärjestystä.
543 258 78 21 Minun
638 257 141 22 nähdäkseni
795 265 29 15 on
840 259 126 21 Talousva-

138 290 140 23 liokunnalla
303 289 57 22 ollut
376 289 60 28 täysi
453 288 77 22 oikeus
547 289 70 20 antaa
633 289 62 20 tästä
711 288 87 22 asiasta
814 289 151 21 mietintönsä.

137 321 40 21 Jos
202 320 71 28 Sääty
297 319 125 29 hyväksyy
444 325 46 20 sen,
514 318 45 21 niin
576 318 19 21 ei
612 318 58 21 siinä
686 317 102 29 tapahdu
804 319 86 20 mitään
907 318 58 22 lain-

141 350 147 22 rikkomusta.
320 348 92 22 Samoin
428 347 55 22 kuin
499 347 138 22 Valiokunta
660 354 29 14 on
708 347 81 29 tehnyt
805 348 162 21 muutosehdo-

141 380 82 21 tuksen
249 386 53 15 arm.
327 378 116 28 esityksen
464 378 10 20 1
499 376 71 30 &ään,
587 378 47 26 jota
657 376 116 22 koskevan
790 384 89 22 ponnen
895 377 72 29 Sääty

140 411 21 27 jo
179 417 27 14 on
223 409 158 29 hyväksynyt,
400 414 78 15 saman
495 409 117 26 perusteen
630 406 99 22 mukaan
746 408 77 20 minun
841 407 125 22 mielestäni

139 447 30 14 on
185 437 261 24 Talousvaliokunnalla
461 437 55 21 ollut
533 436 77 22 oikeus
627 436 69 21 tehdä
711 436 153 28 jonkinlainen
877 437 89 28 korjaus

140 470 64 28 myös
227 475 53 15 arm.
305 467 117 28 esityksen
446 467 14 20 2
484 465 71 30 &:ään.
586 465 94 22 Muuten
706 466 82 27 luulen,
813 468 48 20 että
877 467 88 28 yleinen

141 498 110 29 mielipide
275 505 28 14 on
328 497 89 22 selvillä
433 497 59 26 siitä,
510 497 48 20 että
574 495 112 29 oikeampi
702 497 23 27 ja
740 496 178 29 luonnollisempi
934 497 32 28 ja-

140 529 119 28 koperuste
283 526 209 28 viinaverorahojen
509 526 178 28 käyttämisessä
703 533 27 14 on
748 525 146 22 henkilöluku
911 526 54 21 kuin

140 558 126 26 manttaali,
284 557 51 22 sillä
352 557 19 20 ei
387 556 118 21 manttaali
522 557 58 20 enää
596 555 62 22 keitä
675 555 50 22 eikä
741 556 37 28 juo
795 557 84 24 viinaa,
891 558 74 19 mutta

141 595 34 14 me
192 588 90 21 ihmiset
298 587 94 22 olemme
409 586 59 21 vielä
484 585 45 22 niin
547 585 93 28 tyhmiä,
653 586 47 21 että
710 586 98 28 juomme
820 586 49 21 sitä.
893 586 73 21 Täten

142 619 83 28 täytyy
241 618 64 28 myös
322 615 162 23 henkilöluvun
502 615 98 22 mukaan
617 615 57 21 tulla
685 615 102 22 kansalle
799 616 52 21 siitä
863 616 102 21 korvaus.

139 647 154 23 Henkilöluku
310 653 27 15 on
356 646 66 21 ainoa
438 645 64 22 oikea
518 646 95 27 peruste.

215 677 60 21 Minä
299 675 123 30 hyväksyn
445 675 161 21 Valiokunnan
630 681 88 22 ponnen
742 675 23 28 ja
781 675 117 21 kannatan
915 676 50 23 sitä,

141 708 57 21 mitä
222 706 78 22 edusm
331 706 87 28 Torppa
440 705 23 29 ja
487 704 77 22 Antila
580 711 73 15 ennen
670 705 53 21 ovat
739 704 87 22 asiasta
841 704 125 22 lausuneet.

213 766 119 22 Edusmies
363 764 53 23 Näs:
448 764 35 22 Dä
508 764 265 28 husbehofsbränningen
804 771 41 15 var
870 764 95 23 tilläten,

143 796 150 22 verkställdes
316 795 141 27 bränningen
482 794 57 22 efter
562 794 64 21 skatt
649 801 38 21 per
704 794 86 21 mantal
806 794 41 22 och
863 794 102 27 sälunda,

143 828 34 20 att
201 827 32 21 ett
257 825 88 22 mantal
369 824 52 22 eller
440 824 35 22 del
492 823 64 22 däraf
572 823 58 21 hade
647 824 33 27 sig
696 823 83 22 tillåtet
795 824 57 22 visst
869 825 58 21 mått
943 824 24 22 af

141 856 40 22 det
204 856 55 27 kärl,
284 855 65 22 hvari
374 854 137 22 brännvinet
535 853 150 22 tillverkades.
724 854 74 21 Alltså
821 854 145 22 tillverkades

142 886 112 22 brännvin
278 885 70 22 också
369 884 56 22 efter
442 884 62 21 skatt
520 890 38 22 per
574 883 92 21 mantal.
697 883 44 28 Jag
757 883 45 22 kan
818 883 49 22 icke
884 891 23 14 se
924 886 41 20 nå-

143 924 42 20 gon
210 916 112 22 orättvisa
345 915 6 20 i
376 914 38 22 det
436 915 40 25 att,
503 913 29 21 då
556 920 26 14 en
605 913 34 21 del
656 913 123 29 penningar
796 913 170 22 återkommer
955 909 16 39 i

143 946 77 22 stället
235 946 34 21 för
285 945 75 21 denna
376 944 117 27 bränning,
511 943 69 22 också
596 943 66 21 dessa
679 943 64 21 skola
759 943 61 22 delas
837 944 57 21 efter
904 944 62 21 skatt

143 978 14 20 å
173 976 92 22 mantal.
297 974 53 22 Alla
366 973 70 22 andra
452 974 53 21 eller
521 975 83 19 nästan
622 973 45 21 alla
683 972 70 22 andra
769 973 90 28 afgifter
875 975 91 26 utgöras

144 1006 57 22 efter
224 1006 63 21 skatt
311 1006 15 20 &
347 1004 87 22 mantal
450 1005 14 20 t.
482 1010 32 14 ex.
531 1002 200 30 prästaflöningen.
762 1003 34 21 En
812 1003 34 22 del
863 1004 102 21 kommu-

143 1035 157 29 nalutskylder
323 1035 41 21 och
385 1033 68 22 äfven
470 1032 187 29 kronoutskylder
673 1033 33 21 till
722 1033 113 28 väsentlig
851 1033 35 22 del
902 1034 63 21 skola

145 1067 91 26 utgöras
259 1065 8 21 i
283 1063 235 24 öfverensstämmelse
535 1062 49 22 med
601 1064 69 20 större
687 1062 52 22 eller
755 1063 84 21 mindre
857 1063 109 22 mantals-

141 1095 44 22 del.
215 1095 35 22 Då
272 1094 38 22 det
327 1101 30 14 nu
374 1095 24 20 är
413 1093 65 28 fråga
494 1099 42 21 om,
553 1093 35 21 att
604 1099 28 15 en
648 1092 54 22 liten
718 1092 99 23 inkomst
833 1093 71 22 skulle
921 1093 44 22 till-

143 1125 60 29 flyta
226 1125 118 26 mantalet,
368 1123 29 22 då
413 1123 39 21 vill
468 1130 53 14 man
537 1122 49 22 icke
602 1122 85 22 fördela
703 1122 75 22 denna
794 1122 99 23 inkomst
908 1123 7 21 i
931 1123 34 22 öf-

145 1154 210 23 verensstämmelse
379 1153 51 22 med
446 1153 43 21 den
505 1152 132 28 fördelning,
655 1159 46 15 som
718 1153 56 28 gjort
790 1153 34 28 sig
840 1153 103 27 gällande
960 1154 6 20 i

142 1185 110 22 afseende
276 1186 14 20 å
316 1183 205 27 utbetalningarna.
552 1182 44 28 Jag
612 1189 36 15 ser
663 1182 75 22 därför
753 1183 48 21 icke
818 1184 73 27 någon
907 1185 60 20 orätt

145 1216 5 21 i
167 1215 44 28 det,
229 1216 34 21 att
279 1213 218 23 brännvinsskatten
513 1212 97 22 fördelas
627 1212 56 22 efter
698 1213 63 21 skatt
777 1213 14 21 å
806 1213 92 21 mantal.
922 1213 44 21 Vill

143 1252 54 15 man
222 1245 112 27 nämligen
358 1243 110 29 frånlyfta
492 1242 45 22 alla
560 1242 71 22 andra
654 1249 67 15 onera
743 1242 51 22 från
809 1243 158 28 jordmantalet

143 1277 45 20 och
211 1276 53 27 göra
288 1274 51 21 dem
362 1273 34 22 till
416 1272 131 30 personella,
564 1272 30 21 då
610 1272 40 21 har
665 1273 37 28 jag
718 1273 116 27 ingenting
849 1274 65 26 emot,
932 1275 35 19 att

143 1305 72 22 äfven
231 1305 75 21 denna
326 1303 189 22 brännvinsskatt
537 1302 97 22 fördelas
651 1303 116 27 personelt,
785 1309 50 15 men
852 1303 49 21 icke
917 1302 49 22 förr.

217 1335 46 21 Mot
283 1334 44 22 den
344 1333 156 27 anmärkning,
518 1339 48 15 som
582 1332 42 21 här
639 1332 75 22 blifvit
729 1332 67 29 gjord,
814 1334 35 20 att
865 1332 38 22 det
919 1333 47 21 icke

147 1367 24 19 är
186 1365 117 26 mantalet,
321 1371 47 14 som
384 1363 70 21 förtär
471 1363 40 21 och
528 1369 67 21 super
611 1362 117 26 brännvin,
747 1363 45 21 kan
808 1362 69 22 äfven
888 1369 78 15 svaras

147 1397 16 19 t.
187 1401 34 15 ex.
245 1396 34 20 att
303 1393 38 22 det
364 1392 49 22 icke
437 1392 69 22 heller
528 1394 26 19 är
577 1392 116 27 mantalet,
711 1399 47 14 som
773 1392 109 22 behöfver
898 1394 67 26 präst,

147 1424 103 22 klockare
275 1424 41 22 och
339 1422 129 30 kyrkovärd
490 1422 41 21 och
554 1422 56 27 öfrig
631 1422 193 28 kyrkobetjäning,
841 1422 41 21 och
898 1422 69 21 likväl

145 1454 66 22 skola
233 1454 67 22 dessa
317 1453 105 27 utgärder
439 1453 55 27 utgå
511 1452 56 22 efter
583 1452 93 27 mantal,
693 1452 136 21 åtminstone
846 1452 5 21 i
869 1452 26 21 de
912 1452 55 21 allra

143 1485 72 21 flesta
238 1484 46 22 fall.
315 1484 44 21 Det
374 1482 110 29 förtjänar
502 1482 68 22 också
586 1482 107 28 påpekas,
711 1483 35 21 att
762 1482 29 22 då
808 1489 29 15 nu
853 1483 56 21 våra
924 1482 42 22 im-
