1056 1734
282 94 226 18 Kansakoulumenoarvio
521 94 18 22 ja
551 94 147 23 kansanopistot.
868 95 37 17 673

73 170 66 29 pieni,
164 169 49 21 että
236 166 123 30 pikemmin
383 173 24 15 se
431 166 54 22 saisi
509 165 44 22 olla
578 166 92 22 hieman
694 165 130 29 korkeampi
848 166 56 22 kuin

72 201 52 20 tätä
147 197 88 29 alempi,
260 196 50 22 sillä
329 195 91 23 20:nkin
436 195 103 29 oppilaan
556 196 84 22 ollessa
656 195 114 29 alimpana
786 197 117 26 määränä,

74 229 99 29 jokaista
197 226 113 30 oppilasta
333 225 89 22 kohden
446 225 60 22 tulee
527 225 45 21 300
594 225 95 22 markan
705 225 116 29 valtioapu
838 225 67 27 6,000

74 258 123 22 markasta.
243 255 62 22 Minä
339 256 121 21 vastustan
497 254 86 22 edusm.
618 254 130 23 Karlssonin
783 254 122 23 ehdotusta

74 288 94 28 sanojen
186 280 11 40 —
206 286 169 28 poistamisesta
407 285 23 28 ja
463 284 124 29 hyväksyn
621 284 161 22 Valiokunnan
814 292 90 22 ponnen

74 318 157 22 sellaisenaan.

146 375 119 23 Edusmies
290 374 78 23 Kallio:
399 374 85 28 Pyysin
507 373 149 29 puhevuoroa
671 373 83 22 edusm.
770 373 134 23 Karlssonin

75 406 142 23 ehdotuksen
245 404 110 29 johdosta,
383 404 48 22 että
457 404 112 28 ponnesta
596 403 49 23 olisi
671 404 139 28 poistettava
836 405 69 20 sanat

77 436 81 29 »joissa
184 442 28 15 on
238 433 127 23 vähintään
391 433 28 22 20
445 433 135 29 oppilasta»,
607 433 135 22 tuodakseni
768 433 54 22 esiin
847 434 57 21 niitä

75 465 146 27 näkökohtia,
253 463 62 29 joilla
343 463 184 22 Valiokunnassa
558 463 142 29 perusteltiin
725 464 79 21 tämän
831 463 73 22 ehdon

76 495 149 23 asettamista.

148 525 52 22 Tosi
223 530 34 20 on,
283 523 49 21 että
355 530 27 14 on
406 522 108 29 nykyään
539 522 193 29 kansanopistoja,
748 522 70 29 joissa
834 523 20 21 ei
870 522 34 23 ole

77 555 97 22 20:kään
198 553 117 29 oppilasta,
337 553 74 21 mutta
426 552 118 22 huomioon
563 559 30 15 on
610 553 103 21 otettava
729 552 109 29 myöskin,
856 553 49 22 että

76 592 44 15 nuo
144 583 174 29 kansanopistot
341 583 54 21 ovat
415 582 72 22 tähän
503 582 44 22 asti
563 582 69 22 olleet
648 582 120 22 kokonaan
784 582 119 22 asianhar-

76 614 110 29 rastajain
209 612 194 31 ylläpidettävinä,
427 613 62 27 joten
511 611 154 29 yhdistykset,
690 612 88 22 kunnat
796 612 24 28 ja
838 613 67 21 muut

77 645 62 21 eivät
162 644 34 22 ole
221 643 90 23 voineet
326 642 71 22 tukea
413 641 141 29 stipendeillä
570 641 201 29 kansanopistojen
787 642 117 28 oppilaita;

76 682 61 14 vaan
161 674 43 28 nyt
227 673 46 21 kun
298 672 69 22 valtio
391 672 54 22 näin
469 672 141 21 tuntuvassa
628 673 116 21 määrässä
760 672 60 22 tulee
836 672 68 22 tuke-

77 712 68 14 maan
168 702 199 28 kansanopistojen
391 702 70 28 työtä,
486 702 47 21 niin
554 708 28 15 on
604 701 193 29 yhteiskunnassa
816 702 89 22 olevilla

76 733 152 29 harrastajilla
251 732 115 28 suurempi
390 732 103 21 tilaisuus
517 730 72 22 tukea
613 731 57 21 niitä
690 731 118 29 oppilailla.
840 731 65 22 Vielä

78 764 62 22 oltiin
157 764 45 21 sitä
218 762 83 27 mieltä,
319 762 48 21 että
383 761 199 28 kansanopistojen
600 761 110 29 opettajat
720 762 23 27 ja
753 761 152 29 johtokunnat

76 795 23 27 ja
123 795 66 21 muut
215 792 203 28 asianharrastajat
443 794 55 18 ovat
521 791 125 28 paremmin
670 790 105 23 valveilla
797 791 108 29 koulujen

78 824 103 26 suhteen,
205 822 47 22 kun
268 821 133 22 valtioavun
417 821 108 21 saantina
540 827 29 15 on
585 820 110 22 tällainen
711 820 57 22 ehto.
799 820 52 22 Kun
868 822 36 21 tä-

77 857 39 18 ten
140 852 200 29 kansanopistojen
363 850 152 23 taloushuolet
534 850 92 23 tulevat
641 850 155 28 vähemmiksi,
813 851 47 22 niin
876 858 29 15 en

77 884 63 27 usko,
158 884 48 21 että
221 889 29 14 on
266 881 159 22 suurestikaan
442 881 166 28 peljättävissä,
626 881 54 21 ettei
694 881 211 28 kansanopistoihin

78 913 94 22 saataisi
195 913 65 21 tuota
280 911 125 22 verrattain
421 911 107 22 vähäistä
543 910 73 22 lukua
632 910 111 29 oppilaita.
774 910 131 23 Sentähden

78 943 161 22 Valiokunnan
261 942 110 28 jäsenenä
394 941 122 22 vastustan
541 940 85 23 edusm.
650 940 130 22 Karlssonin
799 940 107 22 tekemää

79 973 122 22 ehdotusta
215 972 23 28 ja
253 971 84 27 toivon,
355 972 48 21 että
418 970 64 29 ponsi
498 969 152 23 sellaisenaan
666 971 143 28 pysytetään.

151 1031 116 23 Edusmies
292 1030 91 23 Eklund:
415 1029 41 23 Om
481 1029 139 23 elevantalet
639 1029 72 22 skulle
727 1029 73 28 nedgä
814 1030 8 21 i
838 1029 67 28 högre

79 1062 54 28 grad
154 1062 33 22 uti
209 1068 27 15 en
252 1059 164 28 folkhögskola,
433 1059 88 23 hvilket
536 1059 78 22 kunde
630 1059 52 22 bero
698 1061 30 27 pä
744 1059 42 22 den
802 1061 103 20 omstän-

79 1092 112 27 digheten,
216 1092 35 21 att
272 1089 173 28 folkhögskolan
468 1089 49 22 icke
541 1096 53 15 vore
614 1089 104 29 placerad
733 1091 30 27 pä
777 1090 47 21 rätt
839 1089 66 22 ställe

79 1122 53 22 eller
150 1123 39 26 ort,
207 1121 52 22 eller
275 1121 36 21 att
326 1121 70 26 nägot
411 1119 31 22 fel
458 1119 8 22 i
481 1119 183 28 organisationen
681 1119 52 22 eller
748 1120 69 27 nägot
833 1119 74 29 dylikt

79 1159 52 15 vore
150 1151 34 22 för
199 1150 96 28 handen,
314 1157 35 15 om
366 1149 63 22 detta
445 1156 32 15 nu
493 1149 72 22 skulle
581 1149 95 22 inträffa
691 1149 54 22 flere
762 1150 24 21 är
802 1149 61 28 ärad,
879 1149 27 22 sä

79 1184 25 19 är
120 1181 39 22 det
174 1180 113 28 naturligt,
305 1181 36 20 att
357 1179 162 28 statsbidraget
534 1179 39 22 bör
588 1179 114 28 indragas,
719 1181 25 26 ty
760 1179 8 22 i
783 1180 72 21 annat
865 1178 41 23 fall

80 1211 72 22 skulle
176 1209 203 28 skolinrättningen
403 1209 72 22 blifva
494 1209 35 22 för
544 1208 41 29 dyr
601 1209 8 21 i
625 1209 126 29 proportion
766 1209 34 22 till
815 1209 90 28 uppoff-

79 1242 111 27 ringarna.
220 1240 44 23 Det
275 1241 25 21 är
315 1239 153 28 ovillkorligen
484 1238 74 23 därför
574 1238 140 28 nödvändigt
729 1240 35 21 att
779 1239 128 22 bestämma

79 1273 76 21 såsom
171 1270 79 23 villkor
265 1271 33 21 för
313 1269 140 28 statsbidrag
468 1270 34 21 ett
517 1269 59 22 visst
591 1269 64 22 antal
671 1269 79 27 elever,
767 1275 50 16 men
834 1269 14 21 å
864 1275 43 15 an-

80 1301 40 22 dra
143 1301 64 22 sidan
232 1302 24 19 är
278 1300 38 29 jag
339 1299 34 22 för
396 1299 46 21 min
466 1298 36 23 del
523 1298 134 29 öfvertygad
678 1305 42 21 om,
736 1300 36 21 att
788 1299 29 21 20
833 1298 74 22 elever

80 1331 61 22 ändå
164 1333 26 20 är
211 1330 34 22 för
269 1329 90 30 mycket
384 1328 107 22 fordradt.
522 1328 44 22 Det
589 1328 42 23 har
646 1329 61 22 visat
722 1329 34 27 sig
771 1328 112 27 nämligen
900 1328 8 21 i

80 1361 55 22 flere
159 1360 73 23 skolor
255 1359 40 22 och
316 1358 107 23 särskildt
439 1365 34 21 en,
491 1358 51 22 med
557 1358 94 22 hvilken
666 1359 38 28 jag
719 1357 71 23 under
805 1358 53 28 lång
874 1357 33 23 tid

80 1391 51 23 haft
154 1392 35 21 att
212 1391 58 26 göra,
295 1389 36 22 att
354 1388 139 22 elevantalet
514 1388 7 21 i
542 1388 43 27 hög
601 1387 56 28 grad
673 1388 103 22 varierat.
806 1388 45 22 Det
866 1387 42 22 har

81 1421 88 22 kunnat
185 1420 53 22 bero
254 1419 76 28 därpå,
347 1419 36 22 att
398 1417 172 24 föreståndaren
586 1418 49 22 icke
652 1418 60 22 varit
726 1418 6 21 i
749 1417 94 22 smaken
855 1417 53 22 eller

80 1452 75 27 någon
180 1449 24 23 af
227 1449 26 22 de
276 1447 135 24 biträdande
430 1448 102 22 lärarene
548 1447 54 22 eller
616 1447 160 28 lärarinnorna,
794 1447 52 22 eller
860 1447 49 22 helt

82 1481 77 22 enkelt
179 1481 29 28 på
224 1479 87 28 vanligt
327 1477 106 28 skvaller,
450 1477 53 22 eller
519 1478 29 28 på
564 1478 35 21 att
616 1485 28 14 en
660 1484 76 15 annan
752 1477 64 22 skola
831 1477 7 22 i
854 1479 53 20 när-

811 1519 23 17 43
