1086 1834
173 140 55 21 1250
428 138 182 22 Talonpoikaissääty
623 138 49 17 1897.

143 211 39 20 den
206 210 68 21 finska
290 210 38 20 och
343 215 51 15 vara
408 209 97 21 fördelad
519 209 28 26 på
561 209 42 21 alla
617 208 125 21 kommuner
756 208 7 20 i
779 214 80 15 samma
874 214 88 20 propor-

141 240 45 20 tion
202 244 44 15 som
262 238 41 21 den
318 238 74 21 finska.
407 237 34 21 Då
456 237 68 21 skulle
538 236 208 27 kommunalspråket
761 236 7 21 i
782 236 43 21 alla
839 236 124 21 kommuner

142 268 39 20 och
199 266 133 28 följaktligen
354 266 60 21 äfven
433 265 218 27 expeditionsspråket
666 265 40 20 och
721 264 35 22 det
771 264 90 22 officiela
876 264 87 27 språket

142 297 6 20 i
164 296 70 20 landet
249 302 50 14 vara
314 294 89 26 finskan,
419 294 20 21 d.
450 301 19 14 v.
479 300 17 15 s.
506 294 67 21 ehuru
589 294 35 21 det
639 293 89 21 sålunda
743 293 68 21 skulle
826 293 70 21 finnas
906 293 56 21 blott

142 330 25 15 en
190 324 107 26 obetydlig
318 322 108 27 majoritet
440 322 69 22 finska
524 322 84 22 talande
623 322 7 21 i
645 322 78 26 landet,
738 322 24 21 så
777 321 68 22 skulle
860 322 40 20 den
916 322 46 20 icke

142 354 47 20 dess
204 352 82 21 mindre
302 352 7 20 i
324 351 59 27 fråga
399 357 33 15 om
448 358 25 14 en
488 352 50 25 rätt,
553 357 46 15 som
613 352 24 20 är
647 350 87 22 alldeles
745 350 92 26 naturlig
847 350 33 21 för
890 350 72 27 hvarje

142 381 116 25 menniska,
280 386 51 15 vara
353 380 39 20 den
411 380 125 21 herskande.
565 378 94 22 Hvarför
673 385 29 14 nu
717 385 26 15 en
758 378 107 27 majoritet
879 390 26 4 —
921 378 41 22 den

141 410 34 20 mä
196 416 52 14 vara
270 408 50 22 liten
343 408 52 21 eller
410 410 45 19 stor
469 420 28 2 —
512 408 54 21 skall
581 408 62 21 hafva
658 407 106 21 företräde
779 408 28 26 pä
822 409 31 19 ett
869 407 92 27 omräde,

141 438 38 20 der
194 438 36 20 det
245 437 67 20 finnes
327 443 46 14 rum
388 436 33 20 för
436 436 144 27 likställighet,
596 442 44 15 som
655 436 115 25 härvidlag,
786 436 69 21 sävidt
868 436 37 26 jag
919 436 43 21 kan

141 466 73 25 förstä,
237 467 77 25 ytterst
332 465 54 21 blott
401 466 23 19 är
440 471 25 15 en
481 464 175 27 begvämlighets-
671 463 52 22 eller
738 464 170 27 penningefräga,
925 464 38 21 det

141 495 39 20 har
201 501 49 14 man
272 494 32 21 till
319 493 69 21 denna
402 493 64 21 stund
480 495 56 19 ännu
550 493 47 21 icke
611 492 106 21 förklarat
731 493 44 20 lika
789 492 48 21 litet
852 498 45 15 som
911 499 50 14 var-

141 529 40 20 gen
203 522 112 26 förklarar,
331 521 84 21 hvarför
430 522 41 21 den
489 521 37 21 vill
541 521 104 27 uppsluka
660 521 91 21 lammet.
780 521 51 21 Man
845 527 51 15 vore
911 521 50 26 böjd

141 553 32 19 att
195 551 65 26 fräga,
283 551 54 20 huru
359 550 40 21 den
418 549 70 22 finska
502 549 149 27 befolkningen
666 550 7 20 i
688 549 72 21 landet
774 549 34 21 för
823 550 31 21 sin
870 550 34 21 del
919 550 42 21 kan

141 579 112 27 godkänna
275 579 68 21 denna
364 579 88 26 princip,
476 579 67 20 ehuru
565 578 61 21 äfven
645 578 69 21 denna
729 577 122 28 befolkning
866 579 96 20 kommer

141 609 31 20 att
194 608 44 21 lida
259 608 23 20 af
296 607 47 26 den,
359 607 105 26 nämligen
479 607 7 21 i
501 607 27 21 de
541 607 130 25 kommuner,
688 607 37 20 der
740 607 36 20 det
791 607 7 21 i
812 607 103 26 spräkligt
930 607 32 20 af-

141 637 76 21 seende
239 636 67 21 finnes
326 635 92 22 blandad
433 635 130 27 befolkning.
593 635 49 21 Men
658 635 222 27 förklaringsgrunden
895 636 67 26 ligger

141 667 51 19 nära
214 665 33 21 till
268 664 74 21 hands.
371 664 43 21 Det
436 666 23 19 är
481 664 78 21 bekant
582 665 31 19 att
634 669 49 16 man
702 663 62 22 söker
780 664 38 21 och
833 664 81 27 hoppas
929 665 33 20 att

141 694 71 21 kunna
228 693 103 21 förfinska
347 693 25 20 de
388 693 90 20 svenska
493 693 157 20 kommunerna.
677 691 27 22 Sä
719 694 58 19 snart
792 699 48 14 man
856 693 38 21 der
908 699 53 20 upp-

140 722 46 21 nått
209 722 55 21 helst
285 728 26 15 en
333 721 52 21 liten
407 721 112 26 majoritet,
542 721 41 21 blir
605 721 208 26 kommunalspräket
828 721 133 26 naturligtvis

140 751 69 21 finska
224 751 39 21 och
278 750 67 27 spelet
361 752 23 19 är
398 752 86 19 vunnet.
514 749 311 27 Kommunalspråksprincipen
840 752 24 19 är
878 750 83 22 således

141 781 32 20 ett
194 779 80 27 ganska
292 779 52 26 godt
359 778 125 27 hjelpmedel
496 778 45 27 just
555 778 33 21 för
603 780 32 19 att
649 778 101 21 förfinska
766 779 39 20 den
821 779 88 21 svenska
925 779 36 21 be-

139 808 124 27 folkningen
286 807 38 21 och
347 813 47 15 man
416 807 54 21 hade
493 807 81 26 knappt
588 807 83 21 kunnat
686 807 64 21 tänka
765 809 24 18 ut
804 807 65 27 något
884 808 75 21 bättre.

140 837 43 21 Det
198 838 24 19 är
237 836 46 21 från
300 837 39 20 den
355 836 41 26 dag
411 835 69 22 denna
494 836 81 26 princip
591 835 132 22 etablerades
745 841 45 16 som
805 843 48 14 man
869 836 92 27 begynte

139 866 86 21 försöka
248 867 31 19 att
301 864 102 21 förfinska
426 864 68 21 denna
516 864 127 27 befolkning,
665 870 48 15 men
736 864 36 21 det
793 867 24 18 är
835 865 63 21 också
913 865 47 21 från

140 901 80 14 samma
242 894 40 26 dag
304 899 45 16 som
371 893 144 26 språkstriden
538 893 69 21 blifvit
629 893 24 21 så
675 893 74 27 hetsig,
769 899 45 15 som
830 893 41 22 den
886 900 27 14 nu
929 896 32 19 är.

140 924 41 25 Jag
202 924 39 20 har
263 923 33 20 för
318 923 41 20 min
383 922 34 20 del
439 922 57 20 svårt
518 923 31 19 att
571 924 32 18 tro
619 923 32 19 att
666 922 37 20 det
718 922 67 21 finska
800 922 160 27 bondeståndet,

141 958 33 14 om
196 952 37 20 det
255 950 67 22 skulle
343 950 45 21 låta
410 950 37 20 sitt
462 950 68 21 sunda
543 950 96 21 förstånd
655 950 39 20 och
709 951 31 20 sin
756 951 130 21 rättskänsla
901 951 58 25 råda,

140 986 50 15 vore
211 980 48 20 med
282 986 34 14 om
338 986 25 14 en
386 978 23 22 så
432 979 88 20 orättvis
535 978 34 27 lag
584 985 45 15 som
645 979 40 21 den
700 978 167 27 ifrågavarande.
898 980 62 21 Såväl

140 1008 68 22 finnar
230 1014 45 15 som
297 1008 100 20 svenskar
417 1006 63 22 hafva
495 1007 64 21 lefvat
574 1008 38 20 här
627 1008 64 20 sedan
707 1007 107 21 hedenhös
829 1008 7 21 i
850 1008 52 26 godt
917 1008 43 21 för-

140 1037 60 21 stånd
224 1037 48 21 med
293 1034 121 23 hvarandra
437 1036 39 20 och
498 1036 36 21 det
555 1036 88 21 emedan
664 1036 26 21 de
706 1036 6 21 i
728 1036 74 26 sjelfva
816 1037 74 21 verket
905 1038 55 20 varit

139 1066 99 21 likstälda
260 1066 33 20 till
315 1065 39 21 och
375 1065 48 20 med
438 1065 7 20 i
460 1064 102 27 språkligt
577 1064 105 22 afseende.
712 1064 248 27 Tjenstemannaklassen

140 1094 70 21 kunde
226 1094 120 26 visserligen
361 1093 45 21 förr
420 1093 46 21 icke
482 1093 118 27 skriftligen
615 1093 106 21 behandla
735 1093 69 21 finska
818 1094 93 26 spräket,
924 1094 36 21 det

139 1126 25 18 är
178 1125 53 23 sant,
246 1128 47 15 men
308 1122 33 20 för
355 1122 72 25 folket,
442 1127 45 15 som
502 1122 46 21 icke
563 1121 48 27 sjelf
624 1122 71 21 kunde
710 1122 79 21 skrifva
800 1122 51 21 eller
862 1129 36 15 ens
908 1123 51 26 läsa,

139 1158 38 14 var
196 1151 36 21 det
246 1151 81 26 ganska
341 1150 105 26 likgiltigt,
463 1156 33 15 om
512 1156 48 15 man
575 1150 59 21 skref
648 1150 45 21 sina
709 1151 105 26 protokoll
829 1151 27 26 pä
870 1151 90 22 svenska

140 1180 50 20 eller
211 1179 69 21 finska
294 1179 51 21 eller
363 1178 113 21 kinesiska.
506 1178 75 21 Folket
595 1178 39 21 har
649 1178 59 22 alltid
724 1180 54 20 varit
792 1179 64 21 skildt
871 1179 46 21 frän
934 1180 26 20 de

140 1208 65 26 högre
219 1208 115 24 klasserna,
350 1213 50 15 vare
415 1207 31 26 sig
462 1207 35 20 det
512 1207 54 21 talat
580 1206 67 22 finska
661 1207 50 21 eller
726 1208 94 25 svenska,
832 1208 24 21 sä
866 1210 33 19 att
909 1210 52 24 säga

139 1242 75 20 genom
237 1242 26 14 en
281 1236 116 26 spräkmur,
413 1237 22 24 ty
451 1235 25 21 de
492 1235 83 21 bildade
591 1235 109 21 klasserna
715 1236 62 21 hafva
792 1236 54 21 talat
860 1237 100 25 antingen

139 1264 87 21 franska
248 1264 50 20 eller
317 1264 52 20 latin
385 1263 52 21 eller
452 1266 32 18 ett
498 1264 71 26 spräk,
584 1269 45 16 som
645 1264 54 20 hade
714 1264 81 26 ganska
809 1264 51 21 liten
875 1271 85 20 gemen-

139 1292 51 27 skap
211 1292 47 21 med
281 1292 78 21 folkets
374 1292 87 20 dialekt.
491 1292 109 20 Likstäldä
615 1292 41 21 kan
672 1298 48 15 man
736 1294 51 24 säga
802 1295 32 19 att
848 1292 57 22 finne
920 1294 39 20 och

139 1321 76 21 svensk
234 1320 23 22 af
273 1320 67 21 folket
355 1320 54 21 varit
424 1320 64 21 ocksä
502 1321 7 20 i
524 1320 60 26 fräga
599 1326 34 15 om
648 1320 109 27 möjlighet
771 1322 33 20 att
818 1322 48 20 med
881 1323 79 19 använ-

140 1350 67 20 dande
230 1349 22 21 af
273 1350 37 20 sitt
325 1351 48 24 eget
388 1349 64 26 spräk
467 1348 27 21 nä
509 1355 25 15 en
549 1349 66 26 högre
630 1349 120 26 utveckling
766 1351 51 19 utan
833 1350 126 25 spräkstrid.

139 1378 46 20 Den
208 1377 135 26 möjligheten
358 1383 37 14 var
409 1377 128 26 garanterad
551 1382 76 21 genom
642 1377 194 26 lagbestämningen
850 1378 110 26 angäende

139 1405 85 26 spräket
243 1405 35 20 vid
294 1405 142 20 domstolarne
452 1405 6 20 i
473 1405 13 20 3
502 1405 13 25 &
530 1405 28 20 24
572 1404 49 26 kap.
636 1404 26 21 R.
678 1404 23 21 B.
730 1405 42 26 Jag
787 1407 45 19 tror
848 1406 63 21 ocksä
925 1408 35 19 att

139 1433 67 22 finska
229 1433 39 21 och
291 1432 89 23 svenska
401 1432 87 27 bönder,
511 1432 44 22 ifall
577 1433 26 21 de
618 1432 67 22 skulle
701 1433 121 28 öfverlägga
836 1439 34 16 om
886 1434 73 27 spräk-

139 1462 84 27 frågans
238 1462 85 26 lösning
337 1463 52 20 utan
404 1463 23 19 at
442 1463 53 20 rönä
509 1461 68 27 någon
592 1461 105 28 inflytelse
711 1461 86 28 utifrån,
808 1462 68 23 skulle
886 1469 74 16 reson-

139 1497 50 16 nera
211 1491 23 21 sä
257 1491 49 21 här:
330 1490 99 22 eftersom
452 1491 36 20 det
511 1490 66 21 finnes
592 1492 77 20 tvenne
685 1491 158 22 nationaliteter
857 1493 7 20 i
880 1492 78 26 landet,

139 1520 104 21 hvardera
265 1519 48 22 med
335 1520 37 21 sitt
394 1519 69 27 spräk,
479 1519 24 22 sä
518 1519 59 22 skola
591 1520 175 27 tjenstemännen,
782 1526 45 16 som
842 1521 80 22 aflönas
938 1521 23 22 af
