1081 1803
358 133 129 19 Maanantaina
501 136 20 17 10
533 136 42 21 p:nä
586 134 120 19 toukokuuta,
859 136 55 21 1035

121 207 43 20 min
179 205 64 22 tanke
257 206 54 21 hade
327 206 81 22 kunnat
423 206 72 23 ställas
511 206 26 27 på
551 212 70 16 annan
636 208 75 25 grund.
741 207 41 27 Jag
797 209 24 20 är
836 207 105 27 nemligen

121 233 34 22 för
178 235 83 26 mycket
283 233 178 23 frihetsälskande
482 235 34 21 för
533 236 32 20 att
582 236 52 21 utan
649 236 81 26 protest
744 236 72 21 kunna
830 235 112 27 godkänna

122 263 110 27 tvångsval
246 263 33 22 till
293 263 85 22 hvilken
393 269 46 16 som
454 263 56 22 helst
524 263 85 22 svårare
624 263 65 27 tjenst
704 263 52 22 eller
770 263 126 28 befattning.

190 291 34 22 Då
244 292 21 21 vi
286 292 68 21 måste
376 294 84 25 antaga,
482 293 32 20 att
529 293 7 21 i
551 293 69 20 större
635 291 125 23 kommuner
774 292 49 22 med
837 298 59 15 mera
910 293 32 21 in-

120 320 101 22 vecklade
243 319 145 22 förhållanden
411 326 25 16 en
459 320 211 22 kommunalnämnds
692 321 127 22 ordförande
840 321 47 21 icke
908 321 35 20 får

121 348 90 27 mycken
228 349 32 20 tid
275 348 54 27 öfrig
344 349 34 21 för
391 351 65 19 annat
470 350 81 25 arbete,
565 355 35 15 om
615 349 41 21 han
671 349 54 21 skall
740 349 63 21 sköta
816 350 32 21 sin
864 349 78 21 befatt-

120 377 51 26 ning
192 376 54 22 efter
268 377 69 21 denna
358 376 125 28 förordning
504 377 121 27 ordentligt,
649 377 24 21 så
693 384 61 20 synes
770 378 36 21 det
820 378 43 26 mig
878 379 63 24 orätt,

120 407 33 20 att
175 406 153 21 kommunerna
350 405 61 22 skola
433 412 40 20 ega
492 406 103 26 rättighet
609 407 32 20 att
656 406 72 27 tvinga
742 406 34 22 till
792 406 68 22 denna
875 406 67 26 syssla

119 440 27 16 en
162 440 84 20 person,
266 440 45 16 som
330 434 71 22 dertill
419 434 18 27 ej
453 434 68 27 gifver
535 435 37 21 sitt
587 434 114 28 samtycke.
731 434 27 22 Vi
773 434 21 22 få
807 435 24 27 ju
846 435 47 21 icke
908 436 33 20 tro

120 464 34 20 att
172 462 50 27 alla,
237 468 44 16 som
299 466 37 18 äro
352 462 85 28 dugliga
451 464 33 21 att
498 465 94 25 mottaga
608 463 68 22 denna
691 463 73 27 syssla,
779 463 64 22 också
858 466 36 18 äro
910 464 32 20 in-

120 492 120 21 tresserade
260 492 51 21 eller
325 491 64 22 hafva
404 492 43 21 lust
461 492 81 25 dertill;
556 492 105 26 följderna
676 491 62 22 häraf
750 492 65 22 hafva
830 498 42 20 nog
887 492 55 21 varit

120 520 120 22 märkbara.

190 548 49 23 Men
254 549 20 21 vi
289 548 73 23 kunna
377 548 40 23 ock
431 555 23 16 se
469 549 66 22 saken
550 549 46 22 från
612 555 25 16 en
648 555 70 16 annan
728 549 113 27 synpunkt.
866 548 75 23 Låtom

119 583 35 16 oss
176 580 83 25 antaga,
275 580 33 19 att
325 584 27 15 en
366 577 101 22 kommun
483 579 58 21 utser
555 577 33 22 till
602 577 340 23 kommunalnämndsordförande

118 613 27 15 en
168 606 155 28 byggmästare,
342 607 110 21 mekanisk
474 607 97 22 arbetare
585 607 52 22 eller
651 613 70 16 annan
736 613 84 21 person,
835 613 45 15 som
895 607 47 21 icke

120 637 24 18 är
159 635 181 27 fastighetsegare,
356 641 54 20 men,
426 641 45 16 som
486 636 27 26 på
528 635 68 28 grund
611 635 24 22 af
649 635 66 22 denna
730 635 106 27 paragraf,
852 642 34 15 om
899 635 42 21 han

119 665 25 20 är
158 664 90 21 medlem
264 664 23 21 af
299 664 134 26 kommunen,
450 664 65 21 likväl
529 664 18 27 ej
562 664 42 21 kan
620 663 73 28 afsäga
707 664 31 27 sig
753 665 125 26 uppdraget.
902 663 39 22 Om

119 692 129 21 kommunen
266 692 46 22 icke
330 692 137 22 tillerkänner
486 693 77 22 honom
578 692 67 23 sådan
659 692 34 22 lön
708 699 46 15 som
769 695 117 20 motsvarar
902 693 39 20 den

120 720 94 22 inkomst
235 721 41 21 han
299 721 46 21 haft
366 721 36 21 vid
423 721 89 27 tidigare
531 722 66 26 tjenst
619 721 52 21 eller
688 721 58 26 yrke,
762 721 24 21 sä
800 721 66 21 mäste
882 721 60 21 detta

122 748 102 27 stämplas
238 755 46 16 som
299 749 41 21 den
356 750 80 21 största
452 750 109 21 orättvisa.
590 750 41 26 Jag
646 750 36 21 vill
696 751 41 25 tro,
752 751 32 19 att
798 749 38 22 vär
850 750 34 27 lag
895 750 46 21 icke

119 777 68 21 heller
201 777 78 22 tillåter
294 784 26 15 en
335 778 66 22 sådan
416 778 119 27 kränkning
550 778 39 22 och
605 778 36 22 det
655 778 24 22 sä
693 778 84 27 mycket
792 784 46 16 mer
848 783 46 17 som
910 780 32 19 ett

119 806 78 22 sädant
211 806 34 21 val
259 806 72 22 kunde
345 806 33 22 för
393 806 160 28 ifrägavarande
567 812 88 22 persons
669 806 86 22 framtid
770 806 66 22 blifva
850 806 91 22 fördärf-

120 834 124 28 bringande,
259 837 22 25 ty
297 835 37 22 det
349 837 24 20 är
387 835 46 22 icke
448 836 69 26 sagdt,
531 837 32 20 att
578 835 41 22 den
634 842 45 14 som
693 834 71 23 blifvit
773 835 111 27 bortryckt
894 834 47 22 frän

120 870 26 15 en
165 863 112 28 förmänlig
298 864 64 26 plats,
381 870 50 21 eger
452 864 69 21 äterfä
539 864 100 22 liknande
654 864 128 27 anställning
796 864 55 22 efter
866 864 26 21 de
908 865 33 21 tre

120 892 24 22 år
159 892 42 22 han
217 893 89 26 nödgats
321 898 51 16 vara
386 892 7 22 i
408 893 139 21 kommunens
563 893 70 27 tjenst.

188 921 49 21 Mitt
255 921 80 27 förslag
353 927 56 21 vore,
425 923 32 19 att
473 921 203 27 ordförandeposten
691 921 6 21 i
712 920 229 22 kommunalnämnden

119 949 69 21 blefve
203 956 26 14 en
243 949 161 27 arvodestjenst,
419 955 46 16 som
480 950 70 21 kunde
565 950 34 21 för
613 951 33 19 tre
661 950 24 20 är
699 950 8 20 i
721 949 78 22 sänder
813 950 91 21 ansökas
919 950 23 20 af

120 977 179 27 röstberättigade
320 978 7 21 i
349 978 134 27 kommunen,
505 978 39 21 och
566 978 69 22 skulle
657 978 128 21 kommunen
803 978 27 22 dä
844 984 39 21 ega
898 980 44 19 rätt

118 1007 34 20 att
174 1006 73 21 fordra
268 1007 81 26 borgen
371 1006 23 22 af
414 1007 110 21 sökanden
542 1007 33 21 för
594 1006 25 22 de
635 1006 68 22 medel
718 1012 28 16 m.
761 1012 35 21 m.,
812 1012 45 16 som
872 1007 68 21 denne

118 1034 85 22 komme
217 1036 32 20 att
263 1035 22 21 fä
300 1037 113 25 emottaga,
429 1039 22 23 ty
467 1035 36 21 det
518 1042 61 20 synes
594 1036 43 26 mig
651 1035 61 21 äfven
728 1036 57 20 orätt
800 1037 32 19 att
845 1034 96 22 kommu-

120 1063 148 27 nalnämnden,
283 1065 52 20 utan
350 1065 33 20 att
398 1064 39 21 den
454 1063 71 22 dertill
539 1064 68 27 gifver
622 1064 37 21 sitt
674 1063 114 27 samtycke,
804 1063 54 21 skall
868 1064 72 20 kunna

117 1092 85 27 tvingas
220 1093 33 20 att
272 1098 89 15 ansvara
380 1091 33 22 för
433 1092 26 21 de
474 1092 117 27 uppbörds-
606 1091 39 22 och
661 1092 65 21 andra
741 1091 75 27 medel,
832 1097 44 16 som
892 1092 48 21 ord-

118 1119 102 22 föranden
236 1121 66 21 mäste
318 1120 185 22 omhänderhafva.

187 1149 41 26 Jag
245 1151 36 19 vet
296 1151 33 20 att
346 1149 77 27 många
441 1149 52 27 hysa
510 1150 41 21 den
571 1149 109 26 farhägan,
696 1150 33 20 att
743 1149 62 27 ingen
821 1149 67 22 skulle
904 1155 37 15 an-

117 1177 55 22 söka
194 1177 99 26 tjensten.
323 1177 93 22 Härmed
438 1180 25 19 är
485 1178 54 21 dock
561 1179 63 25 ingen
647 1177 52 26 fara,
715 1177 27 21 dä
765 1178 35 21 det
815 1183 42 22 nog
872 1177 68 22 finnes

119 1205 160 27 tjenstsökande
301 1207 8 21 i
331 1207 37 21 vär
390 1207 37 25 tid,
447 1206 55 21 blott
520 1207 41 21 den
576 1206 94 21 sökande
685 1205 62 22 deraf
758 1205 43 22 kan
817 1206 27 21 hä
858 1206 33 21 sin
906 1208 34 19 ut-

118 1233 78 23 komst.
209 1229 10 38 .
225 1235 41 27 Jag
285 1237 24 20 är
326 1235 61 22 äfven
406 1235 123 27 öfvertygad
544 1241 34 16 om
594 1236 32 20 att
642 1235 69 21 denna
725 1234 140 23 ansvarsfulla
880 1235 39 21 och
934 1235 7 21 i

118 1263 43 21 alla
183 1263 114 22 afseenden
319 1263 144 23 otacksamma
485 1264 66 26 syssla
574 1263 54 22 skall
649 1264 73 21 skötas
736 1264 71 21 bättre
822 1266 26 19 än
863 1263 78 22 hittills

118 1292 58 21 varit
194 1291 66 27 fallet,
281 1293 40 21 och
335 1292 55 22 hvad
405 1294 24 20 är
444 1294 32 20 att
490 1293 69 21 undra
574 1292 58 22 öfver
647 1292 37 22 det
698 1292 161 26 ifrägavarande
874 1292 67 27 syssla

118 1320 19 27 ej
157 1320 70 22 skötts
245 1321 122 27 ordentligt,
387 1321 27 21 dä
435 1327 108 21 personer,
558 1327 45 16 som
620 1320 46 22 icke
681 1322 55 20 varit
751 1321 36 21 det
800 1321 94 26 ringaste
908 1321 32 21 in-

119 1349 118 22 tresserade
260 1350 78 26 härför,
362 1349 69 23 blifvit
452 1350 99 27 tvingade
574 1351 32 20 att
627 1349 34 21 för
682 1351 58 20 snart
755 1350 63 26 sagdt
832 1350 108 26 ingenting

118 1379 95 25 mottaga
229 1378 38 21 och
283 1379 12 21 i
304 1380 33 20 tre
352 1378 24 22 är
391 1378 80 22 förestä
486 1379 39 21 och
539 1378 62 22 sköta
616 1378 66 22 sädan
697 1379 70 26 tjenst.

186 1406 42 27 Jag
248 1407 40 21 har
310 1407 88 22 härmed
424 1407 58 22 velat
504 1408 69 21 uttala
595 1407 43 22 min
661 1407 111 21 bestämda
794 1408 81 26 protest
896 1408 44 20 mot

118 1434 111 27 tvängsval
249 1435 34 20 till
305 1436 70 20 denna
393 1436 73 26 syssla,
485 1442 48 14 men
547 1437 82 25 hoppas
644 1436 54 19 dock
712 1436 106 25 knappast
833 1436 27 25 pä
875 1436 65 24 nägot

119 1463 115 20 understöd
250 1463 79 21 dervid.
435 1463 4 3 N

255 1491 110 22 Edusmies
385 1490 54 24 Näs:
455 1491 33 22 Dä
501 1491 36 28 jag
552 1493 24 20 är
591 1491 23 22 af
627 1491 89 22 alldeles
730 1497 80 16 samma
825 1490 55 27 äsigt
895 1496 45 15 som

118 1519 42 22 den
182 1519 126 28 föregående
330 1520 88 28 talaren,
442 1520 36 22 vill
495 1521 36 27 jag
546 1520 47 22 icke
608 1520 113 27 uppehålla
736 1520 94 22 ständets
845 1520 31 21 tid
892 1519 48 22 med
